3950 6554
606 353 642 411 ίί
656 354 754 411 1⁷5⁷5

2091 351 2418 409 ORIGENIS

3714 356 3825 413 "36

610 473 756 544 quis.
809 488 933 526 cum
986 472 1069 529 vir
1114 474 1202 537 sit,
1248 474 1435 528 ﬁriles
1486 482 1661 529 tamen
1713 474 2175 545 concupiscentias

2289 477 2538 548 νεκρώσῃ
2568 475 2662 539 τὰς
2691 474 2945 546 ἀνδρικάς
2969 474 3283 547 ἐπιθυμίας,
3302 476 3568 545 πνεύματι
3590 474 3679 538 τὰς
3709 480 3822 547 πρα-

611 580 785 648 nsque
806 566 943 620 adeo
971 568 1271 630 cnccucrit,
1300 568 1542 623 actiones
1570 569 1817 639 corporis
1848 568 2038 638 spiritu
2073 581 2189 624 tru-

606 657 823 722 cidans,
852 665 905 712 ct
940 675 959 709 ι
995 673 1209 728 semper
1243 659 1713 715 mortiﬁcationem
1745 658 1872 715 Jesu
1903 660 2107 715 Christi
2132 659 2188 713 in

606 764 838 818 corpore
873 765 976 805 suo
1004 750 1396 808 circumferens
1427 752 1507 816 ⁸⁵,
1542 771 1561 803 ι
1595 764 1651 807 ut
1674 752 1887 822 pueruli
1922 768 2184 808 venerea-

607 858 729 897 rum
779 843 1019 913 expertis
1065 852 1120 898 et
1164 844 1345 898 viriles
1404 843 1631 900 affectus
1695 843 1938 898 nondum
1982 843 2190 913 experti

609 944 808 991 statum
844 945 1244 1005 consequatur;
1297 951 1597 991 conversus
1628 935 1718 990 ille
1739 944 1853 999 est,
1907 944 1962 991 et
1994 951 2189 1005 puero-

609 1042 731 1081 rum
779 1025 976 1082 similis
1023 1025 1249 1081 eﬂ'ectus
1282 1044 1295 1081 :
1324 1034 1377 1081 et
1400 1041 1529 1081 vero
1556 1033 1761 1095 quanto
1788 1026 1962 1096 magis
1995 1027 2050 1080 in
2082 1026 2189 1101 boc

606 1133 906 1189 puerorum
953 1119 1097 1173 circa
1141 1118 1410 1188 ejusmodi
1452 1117 1677 1173 affectus
1704 1126 1844 1173 statu
1876 1117 2185 1189 profecerit,

606 1221 759 1266 tanto
786 1211 853 1265 iis
874 1213 967 1281 qtti
997 1224 1056 1265 se
1080 1219 1359 1274 exercent,
1412 1218 1465 1265 et
1492 1209 1733 1264 nondum
1764 1217 1947 1265 tantos
1974 1209 2029 1263 in
2055 1224 2187 1263 con-

608 1304 837 1359 tinentia
888 1318 1209 1373 progressus
1256 1300 1540 1366 fecerunt,
1594 1302 1769 1372 major
1813 1310 1897 1357 est
1933 1302 1988 1356 in
2017 1318 2185 1373 regno

604 1395 893 1451 caelorum.
937 1393 1092 1460 Quod
1123 1402 1302 1449 autent
1339 1394 1407 1448 de
1432 1394 1594 1449 rebus
1620 1394 1865 1449 venereis
1897 1394 1952 1448 in
1985 1408 2185 1463 pueros

604 1488 812 1543 dictum
842 1496 962 1550 est,
1009 1486 1150 1541 idem
1184 1487 1250 1541 de
1281 1486 1506 1556 reliquis
1548 1485 1927 1542 alfectionibus
1957 1496 2011 1541 et
2034 1486 2185 1541 intir-

604 1580 887 1636 mitatibus
912 1594 978 1635 ac
1002 1579 1206 1635 morbis
1232 1580 1400 1634 animi
1437 1579 1543 1635 dici
1591 1588 1775 1650 queat,
1810 1579 1865 1632 in
1891 1595 2013 1650 qute
2036 1595 2066 1633 a
2095 1596 2186 1634 na-

604 1684 724 1728 tura
765 1681 1141 1742 comparatum
1192 1679 1276 1727 est
1321 1681 1515 1727 utnon
1562 1672 1804 1727 incidant
1835 1672 2011 1742 pueri,
2060 1673 2183 1741 qui-

600 1778 820 1834 cunque
862 1762 1162 1835 perfectum
1200 1762 1428 1819 rationis
1468 1778 1628 1817 usum
1663 1765 1904 1818 nondum
1946 1764 2180 1818 assecuti

602 1867 759 1921 sunt;
792 1856 941 1913 verbi
972 1871 1160 1922 causa,
1190 1864 1249 1910 ut
1273 1857 1398 1926 quis
1425 1864 1796 1919 convertatur,
1830 1864 1883 1910 et
1903 1855 2182 1925 quomodo

601 1962 661 2002 se
687 1945 849 2001 habet
879 1944 945 1999 ad
986 1944 1124 1999 iram
1159 1960 1327 2013 puer,
1360 1944 1482 1999 talis
1509 1944 1596 1998 ille
1616 1984 1631 2009 ,
1664 1946 1746 1999 vir
1775 1943 1919 2007 licet,
1951 1945 2178 2013 evadat;

600 2046 655 2091 et
679 2033 1148 2107 quemadmodum
1179 2048 1239 2090 se
1268 2034 1433 2090 habet
1463 2035 1527 2088 ad
1562 2049 1854 2090 maerorem
1893 2051 2048 2106 puer,
2085 2038 2181 2107 qui

603 2137 716 2181 tum
755 2127 913 2191 ridet,
946 2133 1000 2181 et
1034 2125 1173 2181 ludit
1206 2140 1625 2195 nonnunquam,
1657 2142 1780 2181 cum
1815 2136 2067 2185 mortuus
2090 2129 2179 2199 ja-

599 2229 686 2274 cet
714 2228 899 2289 pater,
939 2218 1024 2273 vel
1051 2226 1261 2281 mater,
1312 2218 1396 2271 vel
1424 2218 1622 2289 aliquis
1649 2233 1680 2274 e
1711 2218 2006 2285 fratribus,
2058 2222 2180 2278 talis

564 2331 575 2339 ·
603 2312 797 2365 evadat
821 2311 914 2379 qui
946 2325 1245 2366 conversus
1293 2309 1489 2373 fuerit,
1531 2311 1722 2381 quales
1753 2320 1879 2366 sunt
1906 2314 2090 2381 pueri,
2127 2323 2181 2368 et

600 2403 848 2457 habitum
902 2402 968 2456 ad
1012 2401 1420 2471 suscipiendum
1456 2417 1745 2457 mterorcm
1786 2403 2021 2459 minime
2054 2420 2179 2474 pro-

604 2498 796 2551 clivem
832 2512 862 2551 a
894 2496 1106 2551 ratione
1135 2506 1432 2565 comparet,
1481 2504 1541 2548 ut
1579 2495 1756 2564 qualis
1786 2504 1871 2552 est
1910 2496 1976 2551 ad
2007 2497 2178 2552 tristi«

605 2588 741 2645 tiam
770 2589 999 2658 exiguus
1029 2587 1309 2658 puerulus,
1339 2586 1461 2641 talis
1487 2587 1577 2641 ille
1608 2586 1697 2642 sit.
1750 2585 1939 2643 Simile
1960 2604 2179 2660 quoque

603 2684 673 2740 de
702 2698 769 2739 eo
800 2683 950 2739 dices
974 2681 1119 2752 quod
1150 2681 1401 2755 voluptas
1427 2689 1771 2751 nuncupatur
1791 2723 1805 2747 ,
1837 2699 1942 2753 qua
1978 2690 2179 2740 temere

601 2807 654 2853 et
684 2798 892 2868 absque
942 2797 1151 2851 ratione
1194 2793 1565 2851 accenduntur
1596 2803 1651 2849 et
1696 2795 2050 2851 stimulantur
2075 2797 2177 2851 ho-

599 2889 775 2945 mines
804 2901 1061 2957 nequam,
1097 2885 1295 2956 cuique
1341 2885 1565 2941 minime
1606 2885 1828 2940 obnoxii
1857 2885 2019 2959 592
2048 2898 2177 2943 sunt

597 2982 784 3051 {.aeri,
836 2988 890 3034 et
934 2980 1026 3049 qui
1055 2985 1447 3033 convertuntur
1486 2993 1550 3032 ac
1594 2978 1777 3047 pueris
1812 2978 2020 3034 similes
2063 2978 2174 3033 elli-

599 3073 843 3129 ciuntur.
894 3069 1362 3138 Quemadmodum
1395 3083 1527 3124 vero
1566 3080 1820 3125 accurate
1846 3071 1915 3125 ab
1937 3071 2059 3126 aliis
2082 3070 2178 3125 de-

2295 566 2405 634 ξεις
2428 565 2521 620 τοῦ
2543 565 2793 637 σώματος
2822 564 3090 630 θανατῶν,
3115 567 3207 619 καὶ
3232 584 3251 617 ι
3289 566 3519 619 πάντοτε
3538 564 3632 636 τὴν
3648 566 3819 638 νέκρωι

2293 676 2376 713 σιν
2431 656 2523 711 τοῦ
2586 655 2760 728 Ἰησοῦ
2805 658 2861 710 ὲν
2905 656 2984 726 τῷ
3027 654 3240 728 σώματι
3288 654 3616 727 περιφέρων,
3650 676 3668 706 ι
3709 655 3821 710 ὥστε

2290 752 2502 807 παιδίου
2526 749 2790 820 ἀγεύστου
2819 750 3167 821 ἀφροδισίων,
3202 749 3294 803 καὶ
3321 750 3638 819 ἀνεννοήτου
3678 748 3823 821 ἀνδρι·

2290 845 2401 899 κῶν
2428 845 2742 916 κινημάτων
2761 843 2904 914 ἔχειν
2921 843 3277 906 κατάστασιν,
3296 845 3324 897 6
3339 842 3579 905 τοιοῦτος
3596 842 3820 914 ἐστράφη,

2289 940 2383 993 καὶ
2415 938 2638 1007 γέγονεν
2665 937 2741 1000 ὡς
2774 937 2844 990 τὰ
2885 937 3091 991 παιδία·
3146 937 3239 991 κα)⁸
3284 939 3313 990 6
3352 936 3546 1008 Σωτήρ
3574 953 3635 1003 γε
3661 938 3820 1008 προσέ-

2289 1029 2423 1102 θηκε
2448 1030 2558 1100 (24)
2579 1032 2643 1101 τῇ
2666 1029 2772 1081 τῶν
2804 1028 3030 1082 παιδίων
3065 1030 3192 1099 περὶ
3220 1026 3329 1081 τῶν
3347 1027 3601 1080 τοιούτων
3631 1027 3820 1097 κινημά-

2287 1140 2394 1176 των
2428 1121 2757 1176 καταστάσει
2781 1119 3019 1191 τοσούτῳ
3049 1120 3248 1191 μᾶλλον
3273 1120 3380 1172 τῶν
3407 1118 3729 1181 ἀσκούντων,
3751 1122 3821 1171 καὶ

2288 1216 2380 1269 ἐπὶ
2412 1213 2666 1268 τοσοῦτον
2708 1212 3053 1283 ὲληλακότων
3108 1212 3488 1283 σωφροσύνης,
3540 1211 3620 1277 τὸ,
3662 1211 3819 1282 μείζων

2287 1305 2434 1358 ἐστὶν
2478 1306 2536 1358 ὲν
2567 1308 2634 1377 τῇ
2684 1305 2931 1376 βασιλεία
2972 1304 3080 1359 τῶν
3128 1304 3394 1377 οὐρανῶν.
3446 1305 3622 1376 Ὅπερ
3668 1304 3717 1357 δὲ
3753 1304 3820 1355 ἐπὶ

2284 1397 2392 1451 τῶν
2426 1398 2568 1452 κατὰ
2598 1399 2668 1453 τὰ
2698 1398 2987 1471 ἀφροδίσια
3022 1397 3266 1451 λέλεκται
3306 1398 3436 1470 περὶ
3471 1397 3579 1450 τῶν
3612 1396 3815 1457 παιδίων,

2282 1489 2430 1543 τοῦτ’
2464 1490 2530 1544 ἂν
2565 1490 2782 1561 λεχθείη
2827 1491 2921 1544 καὶ
2950 1492 3078 1561 περὶ
3104 1487 3212 1543 τῶν
3257 1488 3465 1550 λοιπῶν
3514 1486 3710 1548 παθῶν,
3746 1488 3815 1539 καὶ

2284 1583 2755 1653 ἀρρωστημάτων,
2792 1581 2886 1635 καὶ
2914 1580 3236 1652 νοσημάτων
3260 1578 3361 1649 τῆς
3386 1577 3588 1648 ψυχῆς,
3617 1578 3688 1640 εἰς
3716 1574 3745 1629 ἆ
3763 1574 3819 1646 μὴ

2284 1675 2497 1744 πέφυκε
2542 1674 2731 1728 παιδία
2780 1674 3095 1745 ἐμπίπτειν,
3144 1674 3243 1727 ὅσα
3286 1671 3379 1725 τὸν
3427 1670 3585 1739 λόγον
3637 1668 3820 1740 μηδέπω

2288 1767 2577 1838 συμπεπλή
2587 1783 2759 1839 ρωκεν
2778 1783 2791 1796 ο
2820 1760 2930 1821 οἷον
2950 1766 3037 1819 ἵνα
3057 1766 3151 1819 καὶ
3174 1767 3387 1837 στραφῇ
3423 1780 3530 1826 τις,
3559 1762 3649 1816 καὶ
3676 1760 3819 1814 ὁποῖόν

2284 1862 2400 1912 ἐστι
2445 1858 2506 1912 τὸ
2551 1857 2759 1912 παιδίον
2788 1858 2903 1929 (25)
2957 1858 3096 1931 πρὸς
3136 1857 3326 1929 ὀργὴν,
3366 1856 3610 1919 τοιοῦτος
3639 1856 3818 1924 γένηται

2283 1950 2359 2006 ὢν
2398 1952 2565 2024 ἀνήρ’
2603 1952 2696 2005 καὶ
2751 1951 2932 2005 ὁποῖόν
2967 1952 3083 2003 ἐστι
3128 1951 3189 2004 τὸ
3234 1950 3451 2003 παιδίον
3509 1949 3639 2019 πρὸς
3683 1947 3819 2016 λύπην

2281 2043 2391 2098 ἐσθ’
2426 2045 2512 2098 ὅτε
2553 2043 2704 2115 παρὰ
2739 2043 2830 2096 τὸν
2870 2042 3059 2115 καιρὸν
3084 2041 3179 2095 τοῦ
3212 2042 3538 2112 τεθνηκότος
3573 2038 3817 2112 πατρὸς,ῆ

2286 2136 2511 2207 μητρὸς,
2536 2136 2569 2207 ἦ
2590 2152 2733 2198 τινος
2776 2134 3029 2203 ἀδελφοῦ,
3058 2135 3134 2197 ὡς
3174 2133 3264 2203 γελ
3276 2135 3341 2204 ᾷν
3379 2134 3479 2186 καὶ
3505 2133 3703 2197 παίζειν
3725 2131 3817 2182 κατ’

2282 2230 2488 2283 ἐκεῖνον
2517 2228 2608 2281 τὸν
2656 2228 2867 2299 χρόνον,
2903 2226 3144 2290 τοιοῦτος
3188 2226 3255 2280 ἂν
3296 2226 3513 2294 γένοιτο
3543 2228 3570 2279 6
3605 2222 3816 2295 στραφεὶς

2279 2321 2354 2386 ὡς
2407 2322 2593 2376 παιδία
2657 2321 2789 2391 (26),
2835 2322 2928 2375 καὶ
2962 2321 3073 2386 ἕξιν
3116 2320 3405 2375 ἀναλαϐὼν
3456 2322 3521 2373 ἐκ
3558 2319 3702 2386 λόγου
3738 2314 3816 2384 τῆς

2280 2413 2456 2485 λύπης
2497 2414 2892 2485 άπαράδεκτον,
2946 2413 3084 2467 ὥστε
3124 2414 3305 2468 ὁποῖόν
3350 2415 3473 2467 ἐστι
3517 2414 3645 2483 πρὸς
3677 2411 3815 2480 λύπην

2279 2507 2342 2560 τὸ
2372 2506 2544 2578 βραχὺ
2577 2505 2806 2570 παιδίον,
2836 2505 2996 2559 αὑτὸν
3038 2505 3310 2575 γενέσθαι.
3356 2507 3435 2559 Τὸ
3466 2506 3510 2559 δ’
3551 2508 3716 2576 ὅμοιον
3738 2504 3817 2573 φή·

2283 2616 2395 2663 σεις
2425 2600 2551 2670 περὶ
2595 2599 2692 2669 τῆς
2740 2598 3080 2670 καλουμένης
3114 2598 3327 2670 ἡδονῆς,
3364 2599 3494 2654 καθ’
3544 2602 3607 2671 ἦν
3646 2598 3816 2665 ἀλόγως

2280 2690 2601 2762 ἐπαίρονται
2638 2691 2688 2742 οἱ
2723 2688 2937 2758 φαῦλοι,
2978 2691 3043 2761 ἣν
3074 2691 3134 2743 οὐ
3164 2690 3360 2761 πάσχει
3415 2692 3483 2745 τά
3516 2690 3707 2756 παιδία,
3733 2686 3814 2741 οὐδ’

2279 2784 2329 2837 οἱ
2363 2782 2692 2854 στραφέντες
2726 2784 2820 2837 καὶ
2860 2784 3142 2854 γενόμενοι
3174 2784 3250 2847 ὼς
3282 2784 3349 2837 τὰ
3391 2784 3594 2838 παιδία.
3634 2784 3710 2846 Ὧς
3740 2781 3813 2852 μὲν

2277 2874 2371 2931 οὖν
2419 2877 2555 2949 πρὸς
2597 2877 2660 2930 τὸ
2705 2876 2931 2949 ἀκριϐὲς
2976 2877 3348 2931 ἀποδέδεικται
3396 2880 3490 2932 καὶ
3534 2877 3713 2940 ἄλλοις,
3751 2877 3813 2927 ὅτι

2277 2970 2427 3024 οὐδὲν
2458 2971 2567 3025 τῶν
2598 2970 2783 3025 παθῶν
2823 2971 3011 3025 πίπτει
3055 2974 3135 3037 εἰς
3165 2972 3234 3026 τὰ
3271 2973 3503 3045 μηδέπω
3542 2970 3810 3043 συμπεπλη-

2282 3063 2493 3135 ρωκότα
2520 3062 2610 3116 τὸν
2646 3062 2803 3133 λόγον
2832 3063 3048 3117 παιδίαο
3081 3065 3130 3117 εί
3153 3064 3197 3117 δ’
3227 3064 3403 3129 οὐδὲν,
3437 3063 3666 3135 δηλονότι
3690 3060 3811 3114 καὶὸ

600 3172 965 3219 monstratum
1023 3172 1125 3228 est,
1161 3160 1213 3214 in
1259 3175 1477 3230 pueros,
1530 3161 1731 3230 quibus
1781 3162 2021 3216 nondum
2064 3162 2175 3231 ple-

2280 3153 2463 3224 φόϐοςο
2492 3153 2605 3207 ἀλλ’
2633 3155 2681 3206 εί
2701 3153 2809 3225 ἄρα
2836 3152 3095 3222 ἀνάλογόν
3124 3170 3175 3205 τι
3197 3156 3309 3217 τοῖς
3333 3154 3551 3219 πάθεσι,
3570 3149 3809 3206 καὶταῦτα

590 3257 721 3310 nior
750 3256 980 3312 rationis
1010 3269 1139 3308 usus
1160 3253 1633 3317 accessit,nullum
1663 3252 1856 3306 horum
1880 3252 2171 3308 aﬂ‘ectuum

595 3349 823 3413 cadere;
861 3347 1005 3416 quod
1038 3347 1085 3399 si
1131 3344 1372 3409 nullum,
1408 3355 1552 3398 certe
1579 3359 1757 3412 neque
1788 3344 2040 3398 timorem
2071 3362 2083 3397 :
2121 3352 2177 3398 at

594 3442 643 3496 si
674 3440 806 3509 quid
837 3438 1004 3492 animi
1046 3436 1439 3507 perturbationi
1482 3436 1661 3491 simile
1681 3436 1865 3505 pueris
1888 3435 2173 3505 contingit,

596 3533 856 3600 exiguum
907 3528 1038 3584 illud
1081 3540 1199 3596 est,
1234 3528 1500 3583 citissime
1538 3541 1866 3582 evanescens
1901 3535 1955 3581 et
1981 3540 2179 3582 consa-

596 3637 858 3687 nesceus;
916 3620 1050 3675 adeo
1101 3630 1158 3675 ut
1208 3621 1252 3675 si
1288 3627 1615 3675 consecutus
1661 3618 1793 3673 illud
1837 3616 2033 3681 fuerit.
2079 3619 2171 3689 qui

596 3727 891 3783 puerorum
940 3712 1139 3767 similis
1186 3710 1541 3766 conversione
1590 3707 1767 3766 factus
1792 3720 1904 3776 est,
1934 3722 1993 3765 ut
2014 3711 2167 3781 pueri

590 3804 769 3859 instar
798 3801 1024 3858 ali‘eetus
1056 3818 1185 3858 suos
1218 3801 1319 3855 sibi
1356 3800 1513 3871 quasi
1552 3800 1878 3871 subjecerit,
1911 3801 2168 3871 praeclare

2278 3245 2493 3318 ἀμυδρά
2520 3247 2615 3300 ttat).
2641 3247 2869 3316 τάχιστα
2892 3244 3400 3317 άνασκευαζόμενα,
3436 3246 3531 3299 καὶ
3555 3242 3807 3316 dspuas-46-

2280 3356 2416 3411 μενα
2438 3339 2645 3408 γίνεται
2668 3341 2724 3393 ὲν
2752 3342 2864 3403 τοῖς
2895 3340 3147 3403 παιδίοις,
3184 3339 3258 3405 ὡς
3284 3339 3568 3409 ἀγαπητὸν
3589 3334 3708 3391 εἶναι
3733 3336 3805 3387 ἐπὶ

2274 3429 2433 3483 τοῦτο
2467 3428 2669 3498 φθάσαι
2696 3430 2789 3483 τὸν
2815 3430 3128 3502 στραφέντα
3157 3432 3232 3494 ὡς
3264 3431 3336 3484 τά
3367 3430 3551 3483 παιδία
3582 3431 3689 3483 ὅσον
3716 3426 3801 3493 ἔχει

2277 3522 2378 3592 τῆς
2414 3524 2576 3577 οἱονεὶ
2610 3522 2878 3593 ὑποϐολῆς
2909 3523 3019 3576 τῶν
3051 3523 3239 3577 παθῶν
3284 3524 3364 3587 ὡς
3396 3525 3466 3578 τὰ
3499 3522 3686 3576 παιδία.
3721 3514 3803 3570 Καὶ

2281 3614 2408 3684 περὶ
2444 3614 2606 3683 φόϐου
2640 3615 2816 3667 τοίνυν
2850 3615 2918 3668 τὰ
2961 3616 3121 3685 ὃμοια
3153 3618 3264 3678 τοῖς
3296 3611 3803 3688 ἀποδεδομένοιςνοή-

2278 3723 2419 3759 σειεν
2444 3707 2576 3777 (27),
2608 3694 2689 3760 ότι
2724 3706 2794 3759 τὰ
2828 3706 3015 3762 παιδία
3047 3707 3137 3760 τὸν
3174 3707 3272 3776 μὲν
3305 3707 3472 3776 φόϐον
3503 3706 3603 3758 τῶν
3631 3701 3803 3774 φαύλων

2275 3801 2335 3853 οὐ
2365 3799 2584 3870 πάσχει,
2615 3800 2742 3854 ἄλλο
2766 3800 2823 3853 δέ
2843 3817 2896 3853 τι
2911 3802 2959 3853 οἱ
2989 3798 3399 3870 διακριϐοῦντες
3428 3798 3494 3852 τὰ
3515 3798 3615 3851 τῶν
3632 3793 3798 3856 παθῶν,

1798 3919 2030 3978 VETUS
2065 3920 2640 3978 INTERPRETA'I'IO.

584 4043 1353 4135 sitsuatsrsri_in.£9rrrs
1390 4058 1539 4135 ξιξ
1560 4053 1710 4135 1.9}.
1726 4060 1859 4135 νιεει·
1875 4042 2337 4135 5191199392552-
2350 4042 2896 4135 η9.“,ίὶιέ¹ἐὶέίῗῖ¹ξὲῗῖξξ
2926 4035 3799 4135 referetis???sategit?
3881 4088 3883 4135 λ

590 4115 1043 4193 talis__c0nversus
1070 4105 1248 4193 factus
1275 4122 1360 4169 est
1400 4105 1547 4193 sicut
1577 4105 1739 4183 puer:
1765 4113 1840 4193 _Et
1868 4105 2076 4193 quanto
2105 4113 2340 4193 amplius
2373 4105 2893 4193 appropinquaverit
2924 4112 3112 4193 pueris
3144 4111 3405 4193 recedens
3436 4112 3502 4165 ab
3532 4105 3791 4193 hujustttedi

587 4187 847 4250 motibus,
889 4196 1038 4240 tanto
1087 4183 1321 4253 amplius
1369 4177 1594 4239 caeteris
1635 4177 2061 4247 continentibus,
2094 4192 2150 4238 et
2186 4177 2252 4238 ad
2299 4177 2595 4251 perfectum
2639 4177 2988 4238 continentia:
3037 4182 3331 4237 ascendere
3379 4198 3485 4236 non
3520 4177 3793 4235 valentibus,

588 4256 766 4323 major
794 4255 1044 4311 habetur.
1079 4252 1232 4320 Ωιιοά
1264 4262 1444 4309 autem
1478 4262 1695 4323 propter
1735 4255 2029 4309 muliebres
2071 4254 2354 4323 passiones
2392 4255 2595 4309 dictum
2628 4253 2696 4308 de
2727 4253 2969 4324 parvulis
2993 4262 3098 4324 est,
3129 4253 3232 4324 hoc
3268 4253 3449 4323 ipsum
3495 4252 3659 4308 dicere
3689 4260 3792 4322 con:

585 4322 743 4397 venit,
793 4334 847 4379 et
887 4326 941 4379 in
982 4324 1194 4397 caeteris
1239 4324 1606 4397 passionibus,
1650 4334 1704 4379 et
1744 4322 2121 4397 languoribus,
2156 4335 2209 4397 et
2235 4324 2447 4380 caeteris
2496 4322 2902 4379 inﬁrmitatibus
2938 4323 3164 4387 animae,
3212 4322 3265 4377 ίῐι
3294 4322 3440 4393 ηυδε
3476 4338 3651 4397 09"!“
3673 4328 3790 4397 93'"!

587 4410 696 4450 non
733 4396 1018 4465 incurrunt
1044 4393 1192 4465 prius
1218 4409 1381 4461 quam
1429 4394 1691 4465 incipiant
1733 4392 2044 4449 absOlutum
2077 4394 2325 4465 proferre
2370 4409 2677 4449 sermonem
2710 4413 2723 4449 :
2753 4403 2965 4463 utputa,
3005 4404 3067 4449 ut
3092 4392 3395 4465 conversus
3429 4393 3548 4465 quis
3577 4394 3659 4446 tiat
3683 4392 3792 4442 sict"

582 4464 845 4536 parvulus
894 4480 1028 4536 puer
1074 4463 1142 4536 in,
1175 4462 1275 4525 ira,
1306 4479 1429 4536 cum
1460 4462 1692 4536 sit‘vir;
1723 4474 1776 4519 et
1817 4466 1957 4536 sicut
1995 4462 2093 4536 esti
2118 4466 2390 4536 parvulus
2422 4480 2555 4535 puer
2597 4465 2664 4519 ad
2722 4462 3028 4531 tristitiam,
3072 4465 3164 4533 qui
3190 4464 3479 4536 interdum
3520 4463 3568 4536 in
3599 4466 3791 4536 tempori!

585 4533 788 4605 mortui
841 4535 1157 4605 patris,_vel_
1181 4535 1390 4599 matris,
1428 4534 1506 4587 vel
1538 4534 1768 4605 alicujus
1803 4535 1963 4590 amici
2006 4533 2145 4589 ridet
2191 4544 2245 4589 et
2285 4533 2441 4600 ludit,
2490 4536 2613 4590 talis
2669 4536 2762 4591 liat
2802 4536 2906 4601 vir,
2958 4535 3330 4590 habitudinem
3386 4535 3634 4603 puerilem
3679 4533 3789 4605 qm

589 4603 841 4657 tristitias
890 4602 1226 4671 repellendas
1280 4605 1615 4671 perfectioris
1664 4602 1858 4660 animae
1892 4605 2103 4659 ratione
2150 4615 2513 4661 commutans.
2564 4606 2829 4661 Similiter
2877 4607 3028 4661 dices
3075 4606 3220 4660 circa
3264 4602 3598 4659 extoﬂeutias

3668 4595 3788 4650 uibus

587 4670 1027 4746 irrationabilitg'
1050 4670 1399 4746 extolluntur
1443 4674 1692 4729 homines
1717 4677 1810 4745 qui
1840 4690 1949 4729 non
1980 4683 2105 4729 sunt
2134 4676 2251 4739 Dei,
2286 4692 2423 4745 quas
2453 4677 2605 4745 pueri
2648 4691 2755 4731 non
2784 4676 3084 4746 patiuntur,
3119 4690 3219 4731 nec
3239 4676 3332 4745 qui
3363 4673 3601 4731 conversi
3631 4670 3786 4746 fuerit"

588 4742 942 4816 sicut__pueri.
979 4740 1044 4797 Et
1079 4742 1223 4816 nulla
1273 4758 1406 4816 pene
1453 4747 1634 4813 passio
1679 4735 1822 4816 ca'dit
1868 4747 1920 4799 in
1952 4761 2168 4815 ptteros,
2216 4735 2509 4816 aut-equam
2562 4735 2827 4816 incipiant
2856 4735 3104 4801 absolute
3147 4735 3320 4815 loqui.
3359 4746 3418 4799 Si
3453 4754 3620 4799 autem
3650 4735 3781 4816 mdia.

584 4811 936 4885 manifestum
965 4822 1047 4885 est
1074 4814 1333 4885 quia_nec
1363 4811 1547 4876 timor.
1574 4815 1679 4871 nisi
1703 4815 1841 4870 forte
1871 4811 2169 4871 secundum
2203 4811 2617 4871 aestimationem
2647 4811 2965 4872 caeterarum
2998 4811 3310 4885 passionum
3343 4816 3476 4870 levis
3504 4823 3555 4869 et
3583 4811 3785 4885 transito-

585 4884 723 4957 rius.
757 4882 915 4957 Pueri
944 4878 1324 4939 enim'malum
1364 4885 1615 4957 timorem
1658 4902 1765 4940 non
1794 4889 2095 4957 patiuntur,
2128 4896 2348 4955 utputa,
2384 4887 2429 4943 si
2467 4887 2590 4957 quis
2630 4902 2798 4956 puero
2839 4878 3206 4942 comminetur
3237 4904 3305 4941 ne
3332 4897 3612 4940 mammam
3652 4878 3783 4957 ρεταιν

584 4955 670 5009 vel
700 4969 769 5011 ne
804 4955 1005 5024 ploret,
1038 4963 1273 5009 terretur
1312 4955 1560 5024 quidem,
1605 4956 1713 5011 sed
1751 4948 1915 5011 timor
1958 4948 2092 5027 ejus
2134 4948 2345 5011 stabilis
2388 4948 2499 5011 non
2533 4948 2644 5012 est:
2672 4956 2730 5012 Si
2768 4958 2893 5028 quis
2937 4966 3117 5012 autem
3162 4964 3365 5013 terreat
3394 4968 3610 5027 puerum
3638 4948 3779 5004 talem:

655 5065 704 5099 “
742 5065 786 5121 ll
814 5064 943 5121 Cor.
976 5082 1048 5134 tv,
1089 5068 1177 5121 10.

654 5188 770 5260 (ει)
807 5188 919 5243 Καὶ
951 5192 984 5243 ό
1012 5188 1214 5259 Σωτήρ
1244 5208 1308 5260 γε
1342 5189 1700 5259 προσέθηκε,
1731 5200 1837 5245 etc.
1853 5188 2064 5260 iVocem
2094 5190 2158 5244 il-

584 5259 910 5331 μαι-Σωτήρ
936 5259 1281 5331 contraxerat
1305 5260 1562 5331 librarius
1588 5262 1792 5331 codicis
1826 5259 2156 5315 Holmiensis

585 5330 641 5382 in
687 5329 820 5400 Σῆρ,
853 5328 1323 5402 quemadmodum
1360 5341 1413 5385 ct
1458 5330 1546 5402 ille
1586 5328 1739 5402 Regii
1793 5331 2021 5402 codicis,
2061 5331 2154 5402 qui

587 5407 773 5473 tamen
788 5402 957 5455 codex
986 5415 1085 5469 pro
1104 5402 1146 5473 _6
1171 5401 1283 5473 Σῆρ
1314 5401 1545 5456 habebat
1574 5402 1639 5473 ad
1661 5401 1812 5473 oram
1843 5401 1987 5466 ὅσον,
2008 5401 2154 5470 quod

584 5468 931 5541 verissimum
961 5468 1064 5541 est.
1096 5471 1189 5525 Sic
1216 5468 1346 5541 ergo
1374 5471 1710 5541 totnmiillud
1736 5486 1947 5541 comma
1977 5468 2157 5541 emen-

585 5538 1103 5628 εειμςαὶ
1128 5542 1251 5595 ὅσον
1282 5538 1345 5611 Ῡε
1361 5540 1677 5628 ⁹προσέθηκε
1701 5543 1768 5628 τῇ
1790 5540 1897 5628 τῷν
1928 5538 2156 5628 παιδίων

586 5608 715 5683 ﬁeri:
745 5608 1134 5683 tibv_rotot51mv
1175 5608 1489 5683 κινημάτων
1535 5608 1890 5683 καταστάσει,
1917 5608 2156 5683 τοσοιξτῳ

588 5678 790 5749 μᾶλλον
814 5678 921 5733 τῶν
949 5678 1400 5745 ἀσκούντων,’καὶ
1432 5683 1524 5735 ἐπὶ
1548 5681 1799 5735 τοσοῦτον
1841 5681 1941 5733 οὐκ
1966 5678 2160 5761 ἐληλα-

588 5748 785 5821 κότωνῃ
801 5751 1151 5821 σωφροσύνης
1180 5753 1381 5821 μείζων
1423 5754 1568 5806 ἐστὶν
1596 5755 1654 5807 ἐν
1680 5755 1744 5821 τῇ
1779 5750 2023 5821 βασιλείᾳ
2051 5768 2159 5803 των

587 5755 786 5831 κότων-
801 5755 1151 5873 σωῗιροσύνης
1180 5755 1381 5834 μείζων
1423 5755 1568 5835 ἐστὶν
1596 5755 1654 5807 ἐν
1680 5755 1744 5824 τῇ
1779 5755 2023 5833 βασιλείᾳ
2051 5755 2159 5803 τῶν

586 5835 847 5891 ουρανων.
934 5837 980 5878 ts
999 5833 1271 5879 consettttt
1301 5834 1453 5879 vetus
1483 5833 1769 5895 tttterpres,
1809 5837 1902 5894 qu1
1929 5837 2009 5878 Stc
2060 5820 2159 5874 ita-

2260 5190 2350 5245 bet
2382 5209 2413 5265 :_
2437 5210 2456 5243 ι
2488 5189 2554 5246 Et
2586 5200 2792 5265 quanto
2824 5192 3059 5265 amplius
3083 5187 3774 5265 appropinquaveritpucflfi

2260 5263 2520 5337 recedens
2548 5260 2618 5337 ab
2646 5260 2960 5337 hujusmodi
2991 5260 3433 5337 motibus,:tanto
3467 5260 3673 5337 amplius
3697 5260 3771 5337 cf

2256 5332 2389 5388 teris
2447 5326 2879 5404 continentibus,
2928 5344 2981 5389 et
3036 5335 3103 5389 ad
3156 5334 3450 5404 perfectum
3484 5326 3772 5404 contineant

2260 5403 2557 5475 ascendere
2584 5393 3042 5475 _non_valentibus
3077 5393 3250 5475 major
3287 5405 3524 5475 habetur.
3550 5416 3567 5450 υ
3596 5393 3736 5448 llum.

2326 5473 2442 5548 (25)
2482 5473 2665 5548 podex
2705 5472 2928 5548 Regius,
2959 5476 3018 5528 1:6
3051 5472 3224 5548 βραχὺ
3250 5474 3477 5530 παιδίον.

2328 5544 2441 5612 (26)
2482 5542 2648 5609 Idem,
2679 5542 2886 5600 παιδία.

2335 5606 2443 5686 (εὖ)
2484 5606 2665 5668 Codeit
2702 5615 3053 5680 Tariuianus,
3077 5613 3535 5686 ἀποδεδειγμένοις
3550 5606 3761 5686 νοήσεις.

2265 5679 2468 5806 genus
2517 5687 2680 5739 etiam
2732 5689 2894 5742 habet
2938 5679 3199 5757 νοήσειεν.
3237 5679 3762 5751 δειῐΊυκυιιιΙυωνοηο

2300 5771 2324 5804 ε
2350 5771 2427 5806 εν.

2300 5771 2427 5807 ειεν.

3879 4158 3881 4227 4

3876 4246 3879 4319 4
