3950 6532
130 447 254 505 1157

1095 451 1449 511 COMMENT.
1493 450 1561 509 lN
1597 420 2008 510 murimuri
2049 451 2285 508 'l'OMUS
2315 449 2452 506 xm.

3233 450 3369 506 H38

128 567 339 625 καὶτῶν
361 566 643 640 ὀνομάτων
665 570 911 637 ἐκείνων,
941 573 1189 643 λέγουσιν
1209 571 1347 631 εῖναι
1366 578 1549 647 φόϐον·
1580 573 1684 633 οἷον

1798 593 1982 634 secum
2027 578 2111 648 agi
2162 576 2461 647 putandum
2488 572 2537 628 ei
2567 570 2656 628 sit.
2724 571 2801 627 Ac
2835 570 2901 625 de
2932 570 3125 625 timore
3149 571 3368 640 quidem

128 661 179 717 δὲ
202 661 369 716 καὶτὸ
393 661 503 715 τῶν
534 663 762 718 παιδίων
788 665 1165 739 ἀμνησίκακον
1189 670 1320 742 παρ’
1348 671 1547 736 αὐτοὺς
1567 673 1692 737 τοὺς

127 753 224 807 τῶν
261 752 508 825 δακρύων
553 757 798 827 καιροὺς,
844 758 902 811 ὲν
943 761 1140 832 ἀκαρεῖ
1183 762 1689 835 μεταϐαλλομένων,

127 846 211 901 καὶ
236 845 535 915 γελώντων,
572 848 667 901 καὶ
696 848 1113 920 συμπαιζόντων
1143 856 1256 916 τοῖς
1317 853 1689 925 νομιζομένοις

126 937 487 1010 λελυπηκέναι,
538 941 632 994 καὶ
677 941 1070 1014 πφοὸηκέναι,
1116 945 1233 999 ἀλλ’
1282 947 1343 999 ού
1400 947 1541 1001 κατά
1591 947 1692 1019 τὴν

126 1030 364 1101 ἀλήθειαν
391 1031 569 1085 ταῦτα
590 1034 965 1106 ὲνεργηκόσιν.
988 1036 1143 1091 Οὕτω
1163 1038 1220 1091 δὲ
1249 1039 1345 1092 καὶ
1362 1037 1691 1094 ταπεινώσει

127 1123 299 1177 ἑαυτόν
319 1140 423 1188 τις,
452 1123 533 1187 ὡς
564 1124 593 1178 ὃ
615 1126 1055 1196 προσεκαλέσατο
1085 1131 1113 1182 6
1135 1129 1341 1201 Ἰησοῦς
1367 1130 1594 1185 παιδίον’
1629 1132 1688 1184 οὐ

127 1214 223 1287 γὰρ
259 1214 438 1268 πίπτει
474 1215 915 1290 ύψηλοφροσύνη,
967 1220 1062 1272 καὶ
1106 1220 1282 1291 οἴησις
1322 1222 1615 1291 εὐγενείας,
1656 1223 1688 1293 ἢ

128 1305 359 1369 πλούτου,
383 1306 418 1377 ἧ
442 1324 590 1371 τινος
621 1308 729 1361 τῶν
759 1308 1127 1381 νομιζομένων
1157 1312 1275 1382 μὲν,
1306 1313 1407 1365 οὐκ
1438 1312 1604 1367 ὄντων
1634 1314 1690 1367 δὲ

127 1396 326 1465 ἀγαθῶν
368 1399 448 1461 είς
496 1399 731 1453 παιδίονο
774 1399 962 1472 διόπερ
1010 1402 1157 1455 ἐστὶν
1209 1402 1335 1457 ἰδεῖν
1375 1404 1442 1459 τά
1493 1406 1689 1478 κομιδῆ

128 1491 275 1560 νήπια
320 1489 481 1561 μέχρι
529 1489 697 1563 τριῶν
743 1491 838 1546 καὶ
876 1492 1152 1565 τεττάρων
1193 1494 1327 1548 ἐτῶν
1375 1497 1536 1566 ὅμοια
1573 1500 1688 1564 τοῖς

129 1581 347 1649 ἀγενέσι,
392 1580 495 1635 κᾶν
532 1582 731 1653 εὐγενῆ
760 1577 898 1637 εἶναι
919 1583 1073 1655 δοκῇ,
1097 1585 1191 1638 καὶ
1217 1585 1292 1658 μὴ
1326 1586 1525 1657 μᾶλλον
1550 1588 1686 1642 πάν-

128 1689 220 1735 τως
249 1672 415 1740 φιλεῖν
448 1673 711 1727 δοκοῦντα
745 1674 814 1728 τὰ
841 1674 1073 1729 πλούσια
1102 1676 1288 1730 παιδία
1314 1677 1465 1749 παρά
1492 1677 1561 1731 τὰ
1590 1696 1689 1732 πε-

129 1763 286 1834 νιχρά.
331 1763 458 1817 Ἐἀν
488 1761 583 1818 οὖν
607 1765 745 1836 ὅπερ
774 1765 924 1837 παρά
955 1765 1056 1838 τὴν
1090 1767 1307 1838 ἠλικίαν
1342 1769 1456 1839 (28)
1492 1769 1689 1841 πάσχει

127 1855 184 1909 τὰ
212 1856 386 1910 παιδία
418 1857 558 1929 πρὸς
588 1857 657 1911 τὰ
688 1860 814 1923 τοὺς
847 1861 1107 1931 ἀνοήτους
1137 1861 1433 1933 ἐπαίροντα
1464 1862 1689 1916 τοιαῦτα

1803 671 2003 727 similia
2035 671 2104 727 iis
2133 670 2506 739 intelligantur
2534 681 2655 737 quae
2681 681 2844 737 supra
2879 664 3373 730 tradidimus,pue-

1799 773 1891 817 ros
1921 759 2171 819 videlicet
2218 759 2486 813 malorum
2518 755 2713 811 timore
2756 766 3100 823 nequaquam
3126 750 3369 822 percelli,

1799 860 1857 906 at
1886 851 2071 922 aliquo
2097 850 2203 906 alio
2230 890 2245 915 ,
2282 850 2426 920 quod
2457 859 2638 903 tamen
2673 847 2921 902 timorem
2948 844 3251 915 appellant,
3278 843 3370 912 qui

1799 944 1866 999 de
1908 944 2077 998 animi
2128 941 2661 1013 perturbationibus,
2713 951 3013 1006 eorumque
3054 933 3372 989 nominibus

1799 1045 2054 1092 accurate
2104 1034 2498 1096 disseruerunt,
2543 1031 2849 1102 cuiusmodi
2898 1042 3190 1099 puerorum
3235 1041 3374 1096 quo-

1799 1144 1904 1198 que
1949 1138 2064 1195 est,
2120 1127 2262 1182 inter
2306 1126 2452 1196 ipsas
2509 1127 2673 1179 etiam
2727 1125 2995 1194 lacrymas
3045 1121 3373 1191 injuriarum

1799 1223 2025 1287 oblivio,
2054 1221 2149 1292 qui
2187 1220 2450 1289 temporis
2475 1226 2675 1289 puncto
2709 1215 3069 1269 immutantur
3097 1221 3152 1267 et
3174 1210 3371 1276 rident,

1798 1330 2033 1385 cumque
2085 1313 2152 1369 iis
2198 1312 2390 1366 ludunt
2432 1311 2524 1382 qui
2569 1310 2765 1364 timore
2812 1321 2907 1362 eos
2940 1305 3186 1360 affecisse
3217 1312 3271 1358 et
3303 1304 3372 1357 ti-

1798 1422 2003 1462 morem
2039 1406 2337 1462 incussisse
2366 1403 2691 1458 videbautur
2711 1440 2725 1467 ,
2759 1399 2852 1454 sed
2884 1392 3071 1452 revera
3098 1395 3233 1451 nihil
3269 1395 3374 1450 tale

1798 1497 2059 1554 fecerant.
2120 1497 2198 1551 Ad
2246 1497 2493 1553 eumdem
2528 1509 2656 1548 vero
2683 1492 2902 1547 modum
2938 1505 2997 1546 se
3027 1489 3292 1558 deprimet
3321 1496 3375 1541 et

1798 1590 2018 1660 abjiciet
2061 1589 2333 1659 quispiam
2357 1627 2371 1651 ,
2406 1588 2471 1640 ad
2506 1602 2668 1655 quem
2704 1601 2761 1640 se
2793 1583 2981 1650 abjicit
3029 1596 3165 1652 puer
3209 1595 3370 1650 quem

1796 1680 1957 1738 Jesus
1989 1682 2310 1747 accersivit;
2348 1682 2402 1735 in
2435 1694 2662 1751 puerum
2710 1677 2976 1747 siquidem
3026 1689 3200 1744 neque
3229 1671 3373 1724 cadit

1799 1771 2090 1842 superbia,
2146 1785 2321 1839 neque
2366 1770 2614 1839 generis,
2663 1766 3046 1823 divitiarumve
3111 1777 3374 1833 arrogans

1797 1866 2153 1930 existimatio,
2179 1874 2272 1925 aut
2302 1862 2533 1931 alicujus
2563 1878 2630 1917 ex
2659 1861 2725 1916 iis
2756 1859 2935 1925 bonis,
2963 1873 3085 1928 quae
3116 1854 3372 1925 opinione

130 1948 276 2019 πάθη,
310 1948 417 2002 ἀπὸ
445 1949 608 2018 λόγου
643 1952 670 2004 6
702 1950 794 2004 τοῦ
842 1951 1017 2022 Ἰησοῦ
1048 1951 1293 2025 μαθητὴς
1324 1954 1684 2011 ἐταπείνωσεν

1797 1956 2015 2027 quidem
2063 1954 2189 2009 talia
2220 1963 2379 2019 sunt,
2413 1966 2598 2005 revera
2630 1965 2739 2004 non
2772 1957 2898 2004 sunt
2932 1966 2945 2001 :
2984 1946 3125 2000 unde
3173 1958 3374 2015 pueru-

128 2036 317 2101 ἑαυτὸν,
363 2037 438 2103 ὡς
481 2039 512 2092 6
560 2039 756 2107 ἔδειξεν
788 2042 816 2094 6
873 2042 1080 2114 Ἰησοῦς
1124 2044 1355 2107 παιδίον,
1402 2045 1500 2099 ούκ
1532 2047 1689 2100 ἐπαι-

132 2130 329 2200 ρόμενος
360 2131 453 2186 ἐπὶ
492 2132 747 2205 δοξαρίῳ,
782 2135 903 2188 οὐδὲ
937 2137 1299 2209 φυσιούμενος
1330 2140 1422 2191 ἐπὶ
1456 2138 1686 2210 πλούτῳ,

128 2218 219 2270 οὐδ’
263 2219 349 2272 ἐπὶ
395 2222 681 2294 περιϐολῇ,
732 2224 853 2277 οὐδὲ
900 2225 1232 2297 ὁγκούμενος
1282 2228 1374 2281 ἐπὶ
1420 2230 1687 2302 εὐγενείᾳ,

133 2310 340 2379 μάλιστα
369 2312 425 2367 δὲ
457 2315 609 2380 τοὺς,
644 2314 719 2380 ὡς
747 2317 775 2367 6
804 2318 974 2386 Λόγος
1002 2318 1269 2387 ἀπέδειξε,
1321 2322 1685 2390 στραφέντας,

127 2402 190 2464 ὡς
235 2402 261 2456 ὃ
306 2404 674 2477 προσελάϐετο
722 2409 751 2460 6
816 2409 1025 2480 Ἰησοῦς
1071 2410 1303 2476 παιδίον,
1362 2412 1688 2466 ἀποδεκτέον

129 2496 207 2549 καὶ
245 2498 503 2568 μιμητέον
535 2501 630 2553 ἐπὶ
658 2501 736 2573 τῷ
790 2503 966 2575 Ἰησοῦ
996 2506 1241 2575 ὀνόματι,
1285 2507 1406 2559 ἐπεὶ
1453 2507 1687 2578 μάλιστα

130 2588 176 2637 ἐν
196 2586 388 2651 τούτοις
417 2591 572 2643 ἐστὶν
602 2591 631 2641 6
667 2593 920 2664 Χριστὸς,
957 2594 1050 2648 κοιλ⁵
1088 2594 1175 2649 διὰ
1206 2594 1366 2650 τοῦτο
1392 2596 1539 2665 λέγει
1582 2598 1641 2650 τό
1668 2615 1680 2627 ·

135 2695 149 2726 ι
180 2679 276 2732 Καὶ
303 2680 359 2745 ὃς
386 2681 452 2735 ἂν
493 2682 715 2753 δέξηται
752 2685 810 2737 ἓν
846 2687 1056 2741 παιδίον
1094 2687 1305 2742 τοιοῦτο
1344 2689 1437 2743 ἐπὶ
1465 2688 1544 2761 τῷ
1573 2689 1688 2743 ὀνό-

134 2770 243 2838 ματί
270 2789 390 2843 μου,
424 2774 525 2846 ἐμὲ
552 2775 787 2846 δέχεται,
826 2797 843 2827 ι

1798 2047 1881 2102 los
1914 2047 2112 2117 oppido
2160 2045 2393 2100 infantes
2432 2045 2611 2098 videre
2648 2044 2770 2097 licet
2822 2041 2886 2095 ad
2934 2039 3150 2094 tertium
3204 2051 3371 2105 quar-

1799 2147 1981 2192 tumve
2022 2136 2200 2191 aetatis
2244 2151 2447 2190 annum
2484 2133 2842 2205 ignobilibus,
2889 2139 2942 2185 et
2987 2130 3224 2183 obscuro
3251 2127 3369 2179 loco

1796 2229 1956 2284 editis
1981 2229 2164 2299 pueris
2193 2228 2400 2284 similes
2425 2267 2440 2291 ,
2478 2226 2689 2281 etiamsi
2721 2222 2967 2295 generosi
2995 2236 3115 2276 esse
3144 2218 3367 2273 videan-

1799 2331 1909 2386 tur,
1942 2336 2040 2376 nec
2069 2320 2241 2389 magis
2265 2327 2513 2374 amantes
2546 2332 2744 2387 pueros
2776 2316 2866 2384 qui
2895 2314 3145 2368 videntur
3173 2311 3369 2365 ﬂorere

1795 2415 1991 2485 opibus
2012 2457 2025 2479 ,
2061 2429 2225 2484 quam
2258 2427 2481 2482 egenos.
2540 2409 2595 2465 Si
2626 2426 2755 2481 ergo
2784 2407 2912 2463 Jesu
2943 2405 3243 2475 discipulus
3279 2418 3368 2455 ra-

1794 2506 1940 2559 tione
1983 2506 2249 2560 adductus
2283 2520 2341 2558 se
2386 2504 2535 2573 ipse,
2575 2502 2721 2555 velut
2763 2516 2894 2570 puer
2939 2514 3098 2569 quem
3134 2494 3371 2550 ostendit

1792 2597 1973 2663 Jesus,
2030 2598 2390 2668 depresserit;
2425 2596 2475 2650 id
2503 2595 2646 2665 quod
2676 2594 2859 2666 pueris
2904 2601 3124 2660 propter
3153 2596 3367 2642 aetatem

1793 2690 2057 2760 contingit
2084 2690 2227 2745 circa
2256 2706 2351 2743 eos
2377 2688 2602 2743 affectus
2624 2686 2823 2757 quibus
2856 2685 3154 2739 efferuntur
3182 2678 3366 2743 stulti;

1791 2783 2018 2852 gloriola
2073 2799 2178 2836 non
2224 2783 2507 2853 turgidus,
2546 2795 2722 2851 neque
2770 2785 2991 2848 propter
3034 2766 3250 2831 divitias
3275 2778 3370 2824 aut

131 2867 487 2925 vestimentum
538 2870 783 2940 inflatus,
832 2875 912 2927 vel
962 2877 1174 2945 generis
1216 2877 1496 2931 nobilitate
1545 2878 1950 2944 intumescens,
2010 2878 2045 2932 ii
2104 2878 2449 2946 potissimum
2499 2866 2577 2928 in‘
2606 2874 2823 2929 nomine
2854 2869 2982 2926 Jcsu
3034 2863 3367 2936 suscipiendi

131 2973 174 3015 et
198 2963 423 3021 imitandi
456 2978 624 3030 sunt,
670 2969 763 3038 qui
810 2968 968 3040 593
1020 2971 1218 3026 sicuta
1247 2970 1423 3026 Verbo
1455 2973 1885 3029 demonstratum
1934 2981 2057 3041 est,
2119 2972 2191 3027 ita
2240 2971 2487 3027 conversi
2538 2968 2772 3032 fuerint,
2830 2975 2886 3021 ut
2919 2980 3049 3035 puer
3087 2976 3247 3033 quem
3277 2958 3371 3014 Je-

132 3069 212 3109 Ius
264 3062 594 3131 assumpsit,
642 3065 904 3132 quoniam
951 3065 1093 3119 inter
1142 3082 1237 3121 eos
1294 3068 1565 3137 przecipne
1607 3068 1858 3125 Christus
1909 3079 2014 3131 est,
2056 3077 2110 3123 et
2137 3077 2419 3138 propterea
2452 3065 2581 3120 illud
2607 3065 2738 3120 dicit
2767 3064 2854 3116 “z
2893 3081 2909 3114 ι
2948 3060 3013 3117 Ει
3039 3061 3133 3128 qui
3182 3071 3369 3115 susce-

132 3153 249 3219 perit
286 3170 449 3209 unum
493 3158 783 3229 parvulum
836 3159 994 3213 talem
1046 3160 1101 3213 in
1129 3161 1349 3215 nomine
1394 3177 1550 3228 meo,
1606 3179 1690 3218 me
1722 3162 1972 3234 suscipit.
2012 3184 2030 3213 ι

188 3273 254 3326 Τὸ
287 3274 341 3327 δὲ
371 3274 495 3347 ἑξῆς
537 3277 776 3347 ἐργῶδες
825 3277 965 3332 κατά
1012 3277 1332 3333 ἀκολουθίαν
1376 3279 1482 3334 τῶν
1516 3299 1684 3353 προα-

1864 3259 1949 3314 l7.
1992 3257 2147 3325 Quod
2182 3267 2360 3312 autem
2398 3255 2665 3325 sequitur,
2694 3251 2909 3307 difficile
2954 3262 3035 3306 est
3075 3250 3146 3306 ita
3192 3265 3365 3321 expoo

133 3365 465 3436 ποδεδομένων
497 3368 864 3440 διηγήσασθαι
883 3386 897 3399 ·
943 3369 1087 3423 εἴποι
1130 3369 1240 3442 γάρ
1270 3370 1335 3425 ἄν
1362 3389 1466 3435 τις,
1513 3372 1629 3437 πῶς
1655 3375 1683 3426 6

134 3458 362 3528 στραφεὶς
406 3461 501 3513 καὶ
548 3460 841 3530 γενόμενος
873 3460 949 3524 ὡς
992 3461 1062 3515 τά
1105 3463 1294 3517 παιδία
1340 3465 1534 3537 μικρός
1564 3466 1680 3519 ἐστι

133 3547 221 3600 τῶν
250 3552 607 3605 πιστευόντων
640 3554 721 3616 είς
765 3552 856 3605 τὸν
921 3553 1148 3625 Ἰησοῦν,
1203 3556 1297 3608 καὶ
1344 3557 1681 3621 ὲπιδεκτικὸς

134 3635 208 3690 τοῦ
237 3640 715 3710 σωνδαλισθῆναι;
753 3643 1143 3715 πειρασώμεθα
1169 3644 1225 3697 δὲ
1258 3645 1530 3698 καὶτοῦτο
1551 3647 1682 3700 ἀκο-

136 3729 308 3798 λούθως
352 3736 669 3806 σαφηνίσαι.
721 3736 846 3801 Πῶς
885 3738 914 3789 6
956 3736 1036 3808 τῷ
1101 3737 1277 3808 Ἰησοῦ
1321 3738 1396 3803 ὡς
1423 3739 1535 3810 (29)
1566 3738 1679 3810 Υἱῷ

1792 3367 1941 3417 nere,
1978 3360 2034 3406 ut
2066 3365 2192 3406 cum
2224 3348 2599 3418 superioribus
2626 3344 2935 3400 cohaereat:
2976 3344 3175 3399 dixerit
3219 3342 3364 3400 enim

1788 3444 2005 3514 aliquis,
2043 3442 2319 3513 quomodo
2356 3440 2469 3496 fieri
2498 3448 2677 3510 potest
2713 3446 2772 3491 ut
2799 3436 2893 3506 qui
2924 3450 3219 3492 conversus
3247 3435 3364 3492 fue-

1788 3536 1881 3601 rit,
1913 3544 1967 3591 et
1997 3550 2289 3605 puerorum
2322 3532 2519 3587 similis
2565 3530 2767 3593 factus,
2806 3527 3037 3598 pusillus
3080 3527 3149 3581 sit
3185 3542 3253 3581 ex
3296 3526 3366 3582 iis

1785 3628 1880 3698 qui
1913 3627 2178 3683 inlesum
2203 3627 2451 3692 credunt,
2482 3635 2535 3699 et
2560 3622 2847 3710 oﬂ‘ensioni
2879 3621 3187 3677 obnoxius“!
3224 3618 3365 3672 nihi-
3448 3661 3467 3676 .

1786 3718 2026 3775 lominus
2072 3729 2251 3774 tamen
2284 3718 2332 3772 id
2370 3717 2752 3772 convenienter
2787 3714 3057 3767 illustrare
3078 3726 3359 3767 conemur.

1311 3875 1538 3932 VETUS
1570 3874 2155 3931 INTERPRETATIO.

135 3991 180 4036 et
211 3983 359 4049 dicat,
394 3985 499 4041 nisi
536 3989 642 4041 hoc
674 3984 869 4059 feceris
899 3986 1091 4042 occido
1122 3996 1197 4059 te,
1226 3986 1456 4059 incendo
1483 3996 1553 4051 te,
1585 3997 1679 4059 aut
1713 3986 1890 4059 simile
1921 3986 2145 4059 aliquid.
2184 3985 2446 4059 numquid
2479 3985 2633 4039 timet
2666 3979 3181 4059 hujusmodipuer?
3207 3976 3361 4059 Sicut

137 4067 246 4124 ergo
285 4067 484 4111 uetera?
515 4058 824 4131 passiones
869 4067 1138 4131 nonusunt
1172 4057 1343 4112 firmae
1383 4058 1434 4110 in
1476 4058 1681 4131 pueris,
1719 4057 1799 4112 sic
1837 4052 2027 4126 neque
2054 4058 2233 4131 timorf
2283 4052 2350 4109 Si
2394 4065 2572 4131 autem
2604 4052 2822 4131 quiset
2852 4052 3095 4131 humiliet
3128 4062 3187 4103 se
3218 4052 3360 4131 sicut

138 4118 400 4198 pu'erznec
439 4118 588 4181 enim
631 4142 886 4198 magnoin
934 4129 1139 4197 aliquid
1179 4142 1370 4197 sapere
1410 4118 1555 4181 cadit
1600 4118 1946 4196 in'puerum',
1990 4141 2166 4198 neque
2212 4126 2474 4194 iactantia
2525 4118 2758 4198 generis.
2791 4122 2875 4177 vel
2903 4121 3240 4198 divitiarum,
3273 4118 3359 4171 vel

139 4189 337 4266 aliarum
381 4212 563 4250 rerum
594 4189 1142 4266 quae'existimantur
1164 4189 1353 4263 bonae,
1385 4214 1494 4251 ιιοιι
1529 4189 1711 4251 autem
1750 4207 1897 4260 sunt,
1925 4189 2150 4250 cadit'in
2179 4189 2402 4264 puerum
2431 4211 2443 4247 :
2472 4189 2614 4249 unde
2643 4194 2892 4266 videmus
2924 4189 3158 4266 infantes
3187 4202 3359 4256 usque

137 4262 193 4337 ad
216 4264 411 4337 tertium
453 4266 539 4320 vel
590 4262 845 4336 quartum
889 4283 1125 4331 annum,
1164 4268 1288 4321 licet
1327 4262 1527 4321 fuerint
1571 4267 1839 4337 generosi,
1884 4267 2089 4337 similes
2110 4262 2193 4337 se
2217 4266 2458 4337 praebent
2487 4265 2669 4337 pueris
2695 4262 3074 4337 degeneribus,
3112 4273 3211 4312 nec
3239 4273 3357 4311 am-

136 4331 255 4411 plius
276 4335 501 4411 diligunt
525 4331 722 4391 divites
754 4352 969 4411 pueros.
997 4354 1161 4411 quam
1195 4353 1475 4407 pauperes.
1515 4331 1726 4411 Si'quis
1758 4350 1887 4404 ergo
1920 4338 2001 4388 vir
2036 4331 2410 4411 habitudinem
2439 4331 2615 4411 quam
2655 4331 2852 4387 lialient
2895 4331 3047 4401 pueri
3082 4336 3353 4411 estetate.

136 4399 180 4479 in
206 4417 255 4456 se
288 4399 489 4479 ratione
526 4399 845 4479 susceperit,
873 4399 1152 4476 expeilens
1185 4399 1247 4479 éa
1282 4399 1401 4477 qua:
1436 4399 1653 4479 movent
1690 4399 2019 4479 insensatos,
2049 4403 2361 4479 factusAest
2407 4399 2549 4479 sicut
2582 4419 2733 4479 puer,
2770 4399 2971 4479 ιιοιι-ζει)
3002 4399 3354 4479 extolleusin

136 4470 421 4550 honoribus,
453 4492 639 4550 neque
665 4467 894 4550 eﬂ‘erens
936 4467 994 4532 se
1022 4479 1077 4550 in
1117 4467 1342 4541 divitiis,
1372 4493 1545 4545 neque
1581 4476 1798 4550 elevans
1832 4490 1891 4530 se
1930 4476 1982 4550 in
2015 4475 2339 4550 claritudine
2372 4467 2782 4550 generis":_iste
2815 4473 2939 4550 talis
2974 4467 3358 4550 suscipiendus

136 4550 220 4603 est,
241 4552 288 4595 et
317 4540 665 4620 honorandus
694 4547 746 4620 in
779 4550 994 4602 nomine
1015 4546 1164 4612 Jesu,
1190 4540 1752 4620 quoniam-praecipue
1784 4545 1840 4598 in
1873 4545 2069 4620 talibus
2092 4554 2184 4620 est
2198 4540 2530 4620 Jesusfldeo
2557 4546 2730 4620 dicit;
2768 4562 2785 4594 ι
2818 4540 2873 4596 Si
2888 4542 3035 4620 _qui_s_
3058 4540 3361 4620 susceperit

138 4624 290 4686 unum
308 4616 461 4669 talem
500 4617 555 4670 in
586 4617 806 4671 nomine
839 4633 981 4682 meo,
1017 4635 1101 4672 me
1136 4613 1383 4686 suscipit.
1418 4613 1520 4684 Qui
1549 4613 1729 4670 autem
1765 4616 2214 4670 scandalizaverit
2249 4616 2515 4686 uuuurde
2540 4615 2753 4683 pusillis
2779 4613 3126 4686 credentibus
3165 4613 3218 4662 in
3251 4624 3360 4674 me,

137 4685 394 4756 expglitei
432 4696 490 4741 ut
521 4686 887 4755 suspendatur
918 4688 1058 4743 mola
1091 4684 1327 4742 asinaria
1361 4689 1412 4740 in
1442 4687 1582 4741 collo
1610 4686 1749 4755 ejus,
1781 4693 1834 4740 et
1859 4687 2204 4756 demergatur
2230 4686 2283 4739 in
2314 4684 2640 4756 profundum
2679 4685 2875 4756 maris.
2896 4702 2913 4733 ι

195 4751 270 4825 l7.
310 4753 416 4811 Hoc
443 4749 717 4825 exponere
746 4757 1078 4812 laboriosum
1111 4769 1192 4813 est
1221 4759 1517 4811 secundum
1552 4749 1995 4825 consequentiam
2031 4749 2432 4825 praedictorum.
2468 4755 2605 4809 Dicit
2630 4757 2772 4807 enim
2811 4752 3010 4823 aliquis
3038 4768 3051 4805 :
3080 4749 3360 4825 quomodo

136 4822 210 4896 qui
240 4818 531 4899 conversus
554 4835 658 4899 est,
688 4835 741 4880 et
771 4827 943 4899 factus
968 4836 1056 4899 est
1085 4829 1226 4883 sicut
1253 4843 1406 4896 puer,
1437 4840 1491 4881 et
1533 4818 1838 4899 humiliavit
1871 4818 2112 4899 seipsum
2138 4826 2598 4899 quemadmodum
2634 4841 2769 4899 puer
2798 4818 2960 4899 quem
2987 4818 3355 4899 statuitlesus

138 4889 181 4968 in
210 4895 369 4950 medio
398 4897 814 4965 discipulorum,
846 4897 1107 4968 minimus
1136 4908 1217 4952 est
1244 4889 1298 4951 et
1323 4889 1515 4968 potens
1547 4896 1925 4962 scaudalizari,
1954 4889 2083 4952 cum
2114 4889 2206 4968 sit
2256 4896 2520 4968 scriptum
2552 4914 2564 4949 :
2605 4889 2766 4948 (Pax
2799 4889 2967 4968 multa
3007 4889 3359 4968 diligentibus

138 4955 279 5035 lt‘gelp
309 4974 473 5031 tuam,
511 4955 563 5021 e't
597 4982 704 5019 non
739 4955 823 5021 est
858 4967 964 5021 illis
998 4955 1339 5022 scandalum:
1374 4987 1392 5018 ι
1424 4966 1558 5022 Vide
1587 4975 1771 5021 autem
1813 4968 1858 5020 si
1893 4955 2286 5021 rationabiliter
2333 4955 2437 5021 hoc
2485 4980 2780 5035 possumus
2815 4955 3134 5032 explanare:
3166 4959 3357 5011 Omnis

138 5030 357 5108 quilcsn
387 5039 543 5107 quasi
574 5035 711 5108 Filio
734 5038 831 5108 Dei
863 5039 1056 5104 credit,
1075 5046 1138 5108 et
1166 5049 1521 5094 conversatur
1556 5037 1857 5108 secundum
1889 5037 2231 5106 evangelicos
2258 5044 2414 5091 actus
2442 5030 2511 5108 ad
2535 5037 2836 5108 vivendum
2862 5030 3007 5087 recte
3034 5043 3355 5108 conversus.

141 5104 351 5159 ambulat
382 5102 841 5176 quemadmodum
873 5102 1161 5178 puerQQui
1191 5118 1371 5163 autem
1405 5125 1513 5163 non
1562 5107 1899 5162 convertitur
1937 5115 1990 5161 ut
2026 5102 2117 5161 fiat
2144 5106 2605 5175 quemadmodum
2633 5122 2789 5177 puer,
2823 5104 2969 5158 hunc
2998 5102 3218 5172 quidem
3254 5102 3356 5150 im-

196 5194 234 5226 “
268 5195 446 5255 Matth.
476 5217 629 5265 xvut,
653 5200 705 5257 5.

197 5308 295 5378 (28)
323 5310 475 5385 _’E&r
502 5309 617 5369 οὖν
643 5314 788 5385 ὅπερ
811 5314 969 5383 παρὰ
989 5313 1103 5383 τὴν
1125 5317 1391 5384 ἠλικίαν,
1419 5325 1524 5371 etc.
1567 5314 1675 5371 Ve-

139 5382 280 5459 terem
322 5381 816 5459 interpretationem
867 5381 971 5440 hoc
1017 5381 1520 5459 loco'quoad’ejus
1560 5387 1676 5442 ﬁeri

142 5456 306 5528 potuit,
335 5457 503 5528 secuti
522 5470 747 5528 sumus,
777 5472 878 5511 nec
922 5474 949 5511 a
983 5457 1171 5512 codice
1203 5466 1381 5511 tamen
1417 5474 1548 5511 mss.
1577 5459 1676 5528 de-

143 5523 416 5597 scivim‘us‘:
446 5523 570 5597 inde
594 5526 820 5597 factum,
856 5535 916 5581 ut
945 5543 1068 5581 cum
1110 5529 1490 5597 scripserimus
1520 5546 1531 5581 :
1562 5546 1580 5578 ι
1617 5527 1674 5585 Si

141 5596 250 5669 Ergo
275 5591 561 5669 discipulus
600 5595 729 5652 Jesu
763 5598 973 5669 ratione
1005 5591 1290 5660 adductus,
1323 5616 1342 5649 ι
1375 5599 1674 5669 ctc.,.su_b-

139 5665 447 5737 iunxerimus
483 5675 660 5720 tamen
695 5685 710 5721 :
747 5687 764 5719 ι
796 5666 834 5720 Ii
870 5668 1212 5737 potissimum
1257 5669 1309 5721 in
1341 5670 1556 5723 nomine
1586 5667 1676 5723 Je-

145 5737 219 5807 §ll._
243 5745 258 5777 ι
291 5740 390 5807 etc.
425 5732 554 5789 Nam
590 5737 634 5790 si
668 5732 927 5793 mendosa
976 5754 1082 5791 non
1134 5747 1212 5793 est
1257 5754 1319 5792 ea
1353 5755 1515 5807 quam
1548 5739 1677 5794 reti-

146 5804 545 5881 lttlll‘nusnlectio,
575 5807 862 5881 (limandum
895 5819 978 5863 est
1007 5807 1085 5869 τό,
1118 5827 1149 5881 γ(
1178 5804 1499 5881 discipulus,
1539 5829 1556 5859 ι
1588 5810 1676 5864 hic

146 5871 262 5918 κατὰ
296 5871 541 5947 σύλληψιν
575 5894 695 5933 usu:
709 5879 824 5948 pari
864 5893 980 5948 pro,
1032 5899 1047 5928 ι
1077 5871 1371 5949 discipuli:
1414 5900 1429 5931 ι
1482 5871 1555 5947 at,
1597 5880 1672 5944 δὲ,

1777 5325 1902 5387 post
1960 5314 2216 5386 μάλιστα,
2258 5316 2364 5387 vim
2416 5328 2538 5387 non
2571 5314 2768 5387 habere
2817 5310 3213 5387 adversativam
3248 5326 3262 5363 :
3299 5317 3357 5387 ut

1777 5379 2077 5457 ioquuntur
2126 5385 2386 5457 τεχνικοί,
2446 5384 2541 5439 sed
2586 5400 2683 5457 pr_o
2703 5383 2764 5453 δή
2813 5381 3049 5457 positum
3091 5394 3224 5457 esse
3268 5379 3355 5457 vel

1779 5448 2092 5529 παρέλκειν,
2127 5448 2603 5529 ut'nonnunquain
2634 5448 2834 5529 factum
2884 5452 2952 5506 ab
2993 5450 3234 5529 antiquis
3267 5448 3354 5502 iu-

1779 5522 1923 5584 dicat
1948 5527 2179 5582 Budaeus
2217 5528 2268 5581 in
2311 5522 2740 5580 Contiizentariis.
2774 5522 3198 5591 Observavimus
3224 5533 3358 5591 prae-

1783 5608 1926 5653 tcrea
1953 5614 1983 5652 a
2014 5597 2381 5667 grammaticis
2411 5596 2612 5666 regulis
2652 5595 2931 5650 discedere
2974 5590 3196 5664 Origeui
3230 5590 3357 5644 esse

1780 5669 2037 5739 proclive.
2071 5667 2330 5739 "uerius.

1848 5740 1961 5809 (29)
2003 5739 2135 5806 Πῶς
2159 5743 2191 5793 o’
2216 5738 2294 5802 τῷ
2328 5734 2521 5809 7an?!
2544 5736 2642 5809 ᾡς,
2672 5744 2793 5809 etc._
2818 5733 2894 5788 Ita
2927 5733 3083 5809 codd.
3111 5727 3353 5809 ⁸ιξῌίτ

1786 5800 1953 5864 Vetus
2000 5800 2273 5879 interpres
2306 5826 2316 5860 :
2357 5800 2605 5879 (omnis
2649 5808 2740 5877 qui
2768 5804 2897 5863 Jcsu
2929 5804 3088 5878 quasi
3111 5802 3243 5858 Filio
3259 5800 3353 5855 Dei

1783 5883 1973 5937 credit.
2009 5900 2024 5931 ι
2061 5876 2290 5950 Legebat
2322 5879 2446 5941 πᾶς.
2488 5876 2575 5948 lo.‘
