3950 6536
258 411 396 467 ΗΜ
1184 426 1541 484 ΟΟΜΜΕΝΤ.
1584 430 1653 485 ΙΝ
1704 431 1847 487 MAT

1951 434 2124 491 ᾸΞυΜ
2167 434 2403 492 ΤΟΜΕὸ
2444 437 2581 494 XIII.
3390 444 3529 499 illi!

249 533 393 632 δπρυ
419 533 678 607 ὁδράκων
703 537 763 591 ὃν
792 558 809 589 ι
842 538 1075 597 ἔπλασεν
1099 546 1126 598 6
1152 545 1285 612 Θεὸς
1308 550 1595 620 ἐμπαίζειν
1619 551 1790 623 αὐτῷ·
1824 573 1842 604 ι

1951 553 2097 625 quod
2129 556 2181 608 in
2204 557 2607 612 resurrectione
2639 567 2907 626 assumet,
2933 567 2992 613 ut
3016 559 3072 613 in
3102 560 3379 631 abyssum,
3407 578 3531 632 qua:

444 627 501 682 δὲ
519 630 584 720 *τὸ
613 634 987 700 σκανδαλίζειν
1021 638 1117 691 ἕνα
1138 639 1246 691 τῶν
1279 641 1491 712 μικρῶν
1522 642 1725 697 ἀνοίσει
1750 644 1842 698 ἐπὶ

1951 646 2119 702 maris
2168 647 2501 718 profundum
2549 650 2890 720 appellatur,
2944 650 3038 706 ubi
3090 625 3257 707 draco
3305 653 3394 709 ille
3425 625 3533 712 ἐει

248 710 357 811 τὰς
400 714 666 811 ἁοράτους
717 721 1025 794 ἀνθρώποις
1064 727 1353 799 δυνάμεις·
1383 710 1565 785 πολλὰ
1601 733 1710 805 γὰρ
1752 735 1844 788 καὶ

1951 754 2108 809 quem
2141 739 2453 795 «formavit»
2493 710 2636 797 Deus
2663 742 2758 797 «ad
2799 741 3133 799 illudendum
3166 743 3238 811 ei,
3270 763 3289 796 ι
3320 745 3534 801 demer-

250 804 369 858 ἀπδ
401 808 607 862 τούτων
647 814 925 870 σκάνδαλα
953 819 1033 882 είς
1056 821 1184 883 τοὺς
1207 821 1387 875 δεικνυ
1397 824 1590 894 μένους
1621 804 1726 878 ὑπὸ
1749 826 1844 880 τοῦ

263 897 450 969 Ἶησοῦ
499 906 730 975 μικροὺς
770 909 1002 975 γίνεται,
1040 910 1178 965 ἐπὰν
1208 913 1266 966 δὲ
1308 915 1700 970 σκανδαλίσωσι
1733 917 1844 989 (55)

250 991 369 1045 τῶν
401 995 769 1067 δεικνυμένων
805 1002 909 1055 ὑπὸ
957 1004 1051 1057 τοῦ
1098 1006 1274 1076 Ἰησοῦ
1321 1009 1532 1080 μικρῶν
1566 1010 1696 1072 ἕνα,
1758 1029 1847 1064 πι-

255 1088 561 1142 στευόντων
594 1093 673 1154 εἰς
702 1093 885 1161 αὐτὸν,
918 1096 1098 1150 ὀνικὸν
1135 1098 1299 1170 μύλον
1327 1101 1385 1154 τὸ
1415 1101 1651 1174 φθαρτὸν
1689 1103 1849 1174 σῶμα

253 1178 321 1230 τὸ
367 1179 598 1251 βαρῦνον
644 1184 821 1259 ψυχὴν
856 1188 1210 1262 ἀναλήψεται,
1246 1194 1595 1264 κρεμάμενον
1638 1196 1703 1248 ἐκ
1750 1195 1844 1248 τοῦ

255 1269 666 1344 καθελκομένου
689 1278 849 1333 αὐτὸν
874 1281 966 1334 ἐπὶ
979 1283 1047 1336 τὰ
1077 1283 1200 1354 τῇδε
1228 1284 1529 1356 πράγματα
1551 1287 1844 1359 τραχήλου,

256 1360 348 1413 ἵνα
384 1363 469 1418 διὰ
510 1368 714 1422 τούτων
760 1372 1058 1446 καθαιρεθῇ
1101 1377 1282 1428 αὐτῶν
1318 1378 1379 1430 τὸ
1422 1378 1613 1449 οἴημα,
1648 1381 1743 1432 καὶ
1769 1379 1847 1433 τί-

259 1471 457 1520 σαντες
482 1458 657 1531 δίκην.
684 1464 741 1517 ὲν
761 1462 837 1535 τῷ
861 1467 1138 1537 συμφέρον
1153 1486 1193 1521 τι
1224 1469 1407 1533 αὐτοῖς
1435 1470 1522 1525 διὰ
1544 1472 1639 1525 τοῦ
1665 1472 1846 1526 ὀνικοῦ

260 1546 436 1616 μύλου
462 1551 747 1619 γένωνται.

1947 841 2124 901 gatur.
2138 832 2292 888 Alius
2318 840 2499 888 autem
2522 833 2875 890 oﬂ‘ensionem
2901 836 2996 890 uni
3018 851 3048 891 e
3073 837 3316 907 parvulis
3345 839 3533 908 praebi-

1948 932 2058 976 tam
2107 923 2173 977 ad
2213 933 2508 993 potestates
2551 925 2784 993 referet,
2843 943 2965 998 qua:
3018 928 3306 984 hominum
3355 931 3535 987 oculis

1954 1014 2206 1084 usurpari
2236 1031 2343 1071 non
2385 1027 2645 1087 possunt;
2679 1019 2929 1089 plurimae
2975 1021 3242 1090 siquidem
3278 1020 3535 1077 offensio-

1955 1123 2053 1164 nes
2081 1111 2134 1162 in
2167 1108 2421 1178 parvulos
2451 1125 2479 1165 a
2504 1109 2633 1165 Jesu
2663 1120 2997 1169 monstratos
3031 1113 3099 1167 ab
3131 1112 3238 1169 illis
3280 1113 3537 1169 derivan-

1950 1211 2039 1257 tur
2064 1219 2079 1257 :
2112 1210 2397 1273 postquam
2427 1212 2606 1258 autem
2634 1221 2803 1261 unum
2834 1222 2866 1261 e
2898 1206 3141 1276 parvulis
3170 1222 3199 1261 a
3220 1205 3347 1263 Jesu
3375 1222 3536 1263 mon-

1949 1295 2158 1359 stratis,
2198 1295 2251 1348 in
2299 1310 2536 1366 eumque
2570 1296 2923 1354 credentibus
2965 1297 3310 1365 offenderint,
3355 1298 3538 1354 asina-

1950 1384 2087 1438 riam
2126 1384 2325 1440 molam
2362 1395 2629 1453 assumet,
2664 1402 2862 1458 corpus
2905 1388 3158 1445 videlicet
3195 1387 3537 1458 corruptioni

1949 1473 2272 1537 obnoxium,
2305 1477 2544 1530 animam
2573 1493 2829 1547 gravatis,
2881 1495 3211 1550 suspensum
3258 1481 3326 1536 de
3372 1480 3535 1546 collo,

1948 1581 2059 1637 quo
2083 1567 2136 1621 in
2162 1568 2285 1623 vitae
2322 1570 2484 1640 hujus
2522 1571 2737 1640 negotia
2767 1570 3022 1627 deorsum
3066 1572 3341 1639 trahetur;
3381 1582 3440 1627 ut
3470 1572 3539 1627 de

255 1656 402 1738 vana
452 1646 536 1699 sui
574 1649 979 1710 existimatione
1013 1655 1211 1711 horum
1238 1675 1339 1730 cpe
1370 1658 1724 1730 dejiciantur,
1763 1671 1816 1718 et
1855 1671 2145 1733 postquam
2176 1679 2369 1734 pinnas
2400 1665 2619 1734 luerint,
2641 1666 2716 1738 _id
2758 1668 2902 1736 quod
2931 1667 3038 1723 sibi
3067 1668 3196 1723 utile
3224 1668 3327 1724 erit
3378 1667 3538 1724 mola:

265 1736 528 1793 asinarim
560 1741 823 1799 beneficio
848 1760 1275 1818 consequantur.

336 1833 448 1887 Καὶ
486 1835 619 1908 ἄλλη
653 1838 709 1891 δὲ
735 1840 990 1913 διήγησις
1032 1844 1181 1917 παρὰ
1216 1846 1314 1917 τὴν
1352 1846 1719 1921 ἁπλούστερον
1765 1849 1847 1903 λε-

2028 1849 2115 1905 18.
2171 1848 2374 1904 Praeter
2423 1851 2703 1907 rudiorem
2753 1851 2892 1907 banc
2941 1852 3380 1924 explicationem,
3429 1852 3538 1908 alia

257 1927 503 1998 γομένην
546 1928 799 2002 λελέχθω,
853 1935 964 1988 εἴτε
1016 1938 1092 2002 ὡς
1131 1938 1327 2011 δόγμα,
1368 1940 1477 1995 εἴτε
1524 1942 1600 2007 ὡς
1643 1959 1852 2014 γυμνα-

260 2018 385 2071 σίου
430 2020 635 2088 ἕνεκεν,
684 2026 779 2079 καὶ
828 2027 1157 2102 ζητήσωμεν
1203 2036 1355 2087 ποῖον
1403 2036 1853 2109 προσκαλεσάμε-

258 2126 353 2174 νος
388 2113 600 2167 παιδίον
642 2118 671 2169 6
713 2118 938 2189 Ἰησοῦς,
975 2121 1202 2193 ἔστησεν
1241 2127 1300 2177 ὲν
1341 2127 1493 2198 μέσῳ
1522 2128 1630 2181 τῶν
1673 2129 1852 2200 μαθη-

257 2202 393 2257 τῶν.
440 2206 581 2279 Ὅρα
617 2207 675 2261 δὲ
714 2213 763 2263 εἰ
806 2211 1031 2268 δύνασαι
1070 2216 1180 2287 (56)
1217 2218 1278 2270 τὺ
1316 2220 1661 2274 ταπεινῶσαν
1692 2222 1854 2275 ἑαυτὸ

260 2295 493 2367 Πνεῦμα
545 2299 718 2369 ἅγιον,
770 2304 876 2358 ὑπὸ
928 2308 1020 2361 τοῦ
1078 2310 1328 2381 Σωτῆρος
1362 2314 1707 2384 προσκληθὲν
1760 2314 1855 2367 καὶ

258 2388 461 2441 σταθὲν
492 2392 552 2478 έν
587 2394 737 2465 μέσῳ
761 2396 840 2467 τῷ
868 2401 1179 2472 ἡγεμονικῷ
1207 2403 1316 2456 τῶν
1351 2404 1609 2475 μαθητῶν
1652 2406 1851 2478 Ἰησοῦ,

260 2480 441 2532 εἰπεῖν
468 2477 607 2537 εἶναι
640 2486 667 2538 ὃ
710 2490 1151 2557 προσεκαλέσατο
1196 2496 1225 2547 6
1272 2494 1480 2565 Ἰησοῦς
1523 2496 1753 2550 παιδίον·
1806 2495 1861 2549 εἴ

258 2588 324 2624 τε
377 2572 626 2641 βούλεται
675 2581 821 2650 ἡμᾶς
868 2582 1046 2638 πάντα
1095 2586 1162 2639 τὰ
1212 2586 1346 2640 ἄλλα
1399 2589 1855 2660 ἀποστραφέντας

263 2668 574 2737 πραρῆναι
630 2671 765 2743 πρὸς
811 2673 878 2727 τὰ
923 2677 1344 2750 παραδείγματα
1392 2682 1498 2735 ὑπὸ
1548 2680 1642 2734 τοῦ
1696 2682 1853 2749 ἁγίου

262 2757 679 2833 ὑποϐαλλόμενα
718 2766 1054 2838 Πνεύματος,
1089 2771 1228 2827 ὥστε
1252 2776 1400 2845 ἡμᾶς
1428 2774 1572 2829 οὕτω
1600 2777 1855 2846 γενέσθαι

259 2848 340 2913 ὡς
370 2851 438 2905 τὰ
476 2854 664 2909 παιδία
703 2858 768 2910 τὰ
810 2861 904 2913 καὶ
952 2863 1092 2917 αὐτὰ
1140 2868 1469 2938 στραφέντα,
1512 2870 1606 2923 καὶ
1656 2872 1855 2940 ὁμοιω-

262 2942 427 2995 θέντα
478 2944 557 3016 τῷ
604 2948 742 3020 ἁγίῳ
779 2953 1080 3025 Πνεύματισ
1127 2957 1285 3012 ἆτινα
1332 2960 1519 3015 παιδία
1570 2961 1771 3015 ἔδωκεν
1827 2966 1855 3017 6

260 3035 398 3101 Θεὸς
435 3038 512 3109 τῷ
562 3042 798 3115 Etet-ﬁgit,
847 3047 987 3100 κατὰ
1028 3049 1089 3102 τὸ
1139 3052 1197 3102 ὲν
1260 3045 1458 3123 Ἡσαΐᾳ
1506 3051 1849 3124 λελεγμένον·

265 3144 285 3173 ι
339 3126 468 3182 Ἰδοὺ
498 3129 607 3199 ἐγὼ
635 3134 728 3187 καὶ
746 3135 814 3188 τὰ
840 3138 1023 3192 παιδία
1058 3139 1092 3193 ἆ
1119 3158 1208 3211 μοι
1237 3139 1435 3196 ἔδωκεν
1457 3144 1485 3194 6
1511 3142 1663 3209 Θεὸς·
1706 3165 1724 3198 ι
1761 3146 1855 3201 καὶ

1954 1941 2200 2012 insuper,
2240 1941 2356 1997 sive
2390 1952 2448 1997 ut
2478 1942 2713 2013 dogma,
2764 1942 2880 1998 sive
2912 1942 3320 1998 exercitationis
3362 1942 3538 2014 gratia

1952 2033 2284 2104 proferatur,
2316 2043 2371 2088 et
2393 2049 2687 2104 quemnam
2720 2034 3006 2104 puerulum
3038 2049 3069 2089 a
3112 2049 3171 2090 se
3210 2034 3537 2089 accersitum

1954 2127 2007 2181 in
2035 2127 2217 2183 medio
2254 2127 2647 2198 discipulorum
2682 2127 2966 2182 constituit
3004 2126 3186 2191 .lesus,
3227 2135 3540 2196 perscrute-

1955 2236 2100 2278 mur.
2129 2220 2264 2277 Vide
2293 2237 2425 2276 num
2458 2236 2688 2291 puerum
2719 2236 2749 2275 a
2779 2219 2907 2277 Jesu
2929 2221 3256 2277 accersitum
3285 2228 3538 2275 sanctum

1953 2327 2079 2369 esse
2112 2311 2374 2383 Spiritum
2415 2312 2598 2367 dicere
2629 2311 2831 2381 possis,
2870 2312 2963 2381 qui
3008 2326 3067 2368 se
3106 2312 3285 2381 ipsum
3316 2309 3553 2380 abjecit,‘

1955 2422 1984 2461 a
2016 2405 2305 2461 Servatore
2337 2404 2499 2477 595
2544 2405 2754 2461 accitus
2781 2413 2886 2471 est,
2911 2413 2964 2459 et
3003 2404 3056 2458 in
3089 2403 3269 2459 media
3298 2403 3542 2474 discipu-

1955 2499 2133 2554 lorum
2162 2498 2290 2555 Jesu
2343 2509 2525 2554 mente
2555 2498 2918 2564 constitutus;
2971 2498 3055 2552 vel
3099 2513 3231 2553 num
3282 2512 3383 2552 nos
3433 2497 3542 2552 alia

1957 2590 2140 2644 omnia
2190 2589 2550 2654 fastidientes,
2599 2588 2664 2642 ad
2712 2588 2959 2658 exempla
3007 2603 3039 2643 a
3097 2587 3301 2659 Spiritu
3349 2597 3542 2645 sancto

1957 2692 2209 2753 suggesta
2246 2682 2489 2737 converti
2524 2682 2673 2747 velit,
2708 2683 2843 2737 adeo
2865 2692 2923 2737 ut
2952 2681 3252 2738 efficiamur
3280 2691 3540 2750 tanquam

1957 2772 2131 2841 pueri,
2163 2772 2257 2842 qui
2291 2782 2344 2828 et
2378 2773 2478 2843 ipsi
2512 2758 2795 2841 conversi,
2823 2782 2873 2828 et
2919 2772 3144 2844 Spiritui
3175 2781 3365 2827 sancto
3391 2772 3543 2827 simi-

1956 2864 2037 2919 les
2087 2863 2214 2918 facti
2269 2862 2501 2929 fuerint;
2553 2880 2692 2934 quos
2736 2864 2957 2935 quidem
3015 2880 3215 2935 pueros
3263 2863 3541 2920 Servatori

1957 2955 2106 3011 dedit
2142 2955 2317 3022 Deus,
2353 2955 2513 3026 juxta
2558 2955 2610 3009 id
2642 2956 2866 3026 quodin
2899 2954 3037 3011 Isaia
3082 2956 3286 3011 dictum
3322 2964 3406 3010 est
3449 2955 3538 3009 ‘9:

1965 3067 1983 3101 ‹
2013 3047 2154 3103 Ecce
2182 3063 2285 3115 ego
2316 3056 2369 3102 et
2416 3050 2570 3118 pueri
2614 3064 2754 3119 quos
2794 3048 2943 3103 dedit
2990 3048 3121 3102 mihi
3176 3046 3474 3113 Dominus;
3511 3066 3532 3100 ι

1959 3155 2058 3194 nec
2092 3154 2223 3195 vero
2252 3140 2306 3193 in
2342 3155 2573 3210 regnum
2628 3140 2891 3195 caelorum
2940 3139 3146 3194 intrare
3190 3138 3274 3194 fas
3316 3138 3393 3194 illi
3430 3146 3538 3206 est,

258 3219 363 3272 οὐκ
403 3221 518 3275 ἐστι
549 3241 612 3292 γε
639 3226 899 3283 εἰσελθεῖν
930 3234 1010 3294 εἰς
1041 3233 1140 3305 τὴν
1162 3233 1269 3287 τῶν
1294 3236 1541 3306 οὐρανῶν
1572 3237 1847 3307 βασιλείαν

1953 3233 2046 3303 qui
2079 3247 2188 3287 non
2219 3250 2249 3287 a
2281 3235 2575 3289 mundanis
2604 3232 2838 3304 negotiis
2868 3248 2987 3288 sese
3014 3234 3289 3299 averterit,
3320 3244 3374 3288 et
3403 3247 3538 3303 pue-

261 3311 341 3384 μὴ
381 3318 689 3387 στραφέντα
733 3321 842 3373 ἀπὸ
874 3322 982 3374 τῶν
1014 3325 1297 3395 κοσμικῶν
1346 3329 1705 3400 πραγμάτων,
1755 3333 1852 3385 καὶ

1950 3338 2139 3378 rorum
2170 3323 2430 3393 Spiritum
2455 3334 2707 3379 sanctum
2740 3323 3058 3377 habentium
3090 3323 3288 3378 sinrlis
3313 3322 3539 3378 eflectus

256 3406 663 3477 ὲξομοιωϐέντα
701 3417 814 3478 τοῖς
848 3415 909 3468 τὸ
952 3418 1177 3488 Πνεῦμα
1208 3419 1268 3473 τὸ
1315 3422 1469 3491 ἅγιον
1513 3424 1847 3496 πεφορηκόσι

1951 3412 2150 3481 fuerit;
2184 3429 2347 3484 quem
2380 3412 2601 3485 quidem
2632 3412 2898 3483 Spiritum
2933 3421 3206 3481 sanctum,
3249 3413 3344 3484 qui
3378 3430 3407 3467 a
3439 3429 3539 3469 sua

257 3499 531 3565 παιδίοις·
566 3504 705 3577 ὅπερ
761 3507 987 3579 Πνεῦμα
1047 3512 1201 3580 ἅγιον
1259 3516 1774 3588 προσκαλεσάμενος
1824 3519 1847 3571 6

1951 3505 2284 3576 perfectione
2332 3507 2399 3562 ad
2447 3506 2698 3561 homines
2745 3520 2803 3561 se
2824 3504 3065 3573 demisit,
3101 3515 3361 3576 tanquam
3405 3520 3539 3576 pue-

271 3591 485 3662 Ἰησοῦς
514 3595 623 3648 ἀπὸ
650 3598 748 3669 τῆς
777 3599 911 3664 ίδίας
938 3602 1275 3675 τελειότητος
1303 3608 1679 3679 καταὸεϐηκὸς
1717 3610 1847 3681 πρὸς

1951 3615 2072 3655 rum
2107 3601 2382 3656 advocans
2413 3598 2572 3655 Jesus
2593 3640 2607 3664 ,
2653 3599 2709 3654 in
2749 3598 2930 3653 medio
2976 3599 3367 3670 discipulorum
3400 3613 3539 3654 con-

257 3682 587 3753 ἀνθρώπους
624 3688 699 3752 ὠς
742 3691 973 3756 παιδίον,
1019 3694 1246 3766 ἔστησεν
1286 3700 1416 3753 αὐτὸ
1456 3703 1513 3754 ὲν
1558 3702 1707 3773 μέσῳ
1737 3702 1848 3756 τῶν

259 3776 544 3847 μαθητῶν.
580 3782 671 3833 Δεῖ
695 3778 788 3836 οὖν
826 3789 1133 3857 στραφέντα
1158 3792 1266 3844 ἀπὸ
1295 3792 1401 3845 τῶν
1428 3795 1709 3864 κοσμικῶν
1734 3797 1848 3849 ἑπι-

257 3868 474 3938 Θυμιῶν
498 3873 833 3927 ταπεινῶσαι
861 3877 1072 3942 ἑαυτὸν,
1095 3881 1192 3951 οὐχ
1214 3882 1398 3946 ἁπλῶς
1427 3884 1502 3947 ὡς
1528 3884 1586 3936 τὸ
1612 3885 1842 3950 παιδίον,

254 3959 398 4014 ἀλλὰ
443 3962 585 4015 κατὰ
629 3963 690 4017 τὸ
734 3970 1138 4040 γεγραμμένον,
1185 3973 1261 4037 ὡς
1298 3974 1356 4027 τὸ
1407 3975 1616 4029 παιδίον
1662 3976 1841 4030 τοῦτο.

1957 3693 2155 3748 stituit.
2192 3692 2445 3763 Seipsum
2486 3707 2617 3763 ergo
2662 3708 2693 3746 a
2736 3693 3030 3747 mundanis
3074 3691 3537 3761 concupiscentiis

1955 3800 2210 3841 aversum
2252 3784 2557 3854 deprimere
2582 3791 2815 3853 oportet,
2851 3799 2959 3838 non
3009 3782 3187 3838 solum
3228 3790 3289 3836 ut
3330 3796 3534 3851 pueru-

1951 3875 2087 3942 lum,
2120 3876 2212 3930 sed
2241 3875 2395 3944 juxta
2430 3873 2481 3928 id
2517 3873 2660 3942 quod
2689 3873 2950 3942 scriptum
2992 3879 3098 3938 est,
3140 3878 3199 3925 ut
3244 3868 3535 3939 puerulum

1955 3970 2119 4025 hunc.
2169 3967 2480 4038 Deprimcre
2526 3974 2708 4021 autem
2757 3967 2998 4037 seipsum
3055 3964 3198 4021 sicut
3244 3962 3532 4034 puerulum

1470 4091 1699 4148 verus
1736 4066 2321 4146 INTERPRETATIO.

258 4182 483 4255 dignam
527 4182 824 4255 vindictam
871 4183 924 4237 in
960 4184 1119 4248 mari,
1152 4185 1243 4240 ubi
1288 4193 1342 4240 et
1391 4187 1560 4243 draco
1604 4188 1853 4251 habetur,
1898 4199 2075 4255 quem
2114 4178 2429 4255 «formavit
2456 4176 2647 4255 {Deus
2680 4178 2799 4255 «ad
2843 4176 3179 4255 illqdendum
3205 4176 3328 4255 ei,»
3373 4185 3429 4233 et
3455 4176 3535 4234 sle

256 4246 675 4328 quoduexpedit
718 4269 949 4328 passus,
994 4246 1360 4328 qui'punitus
1402 4267 1515 4324 est,
1558 4268 1745 4328 postea
1785 4246 1889 4310 erit
1911 4246 2089 4328 _'extra
2133 4253 2354 4328 dolores
2388 4249 2490 4328 _qui
2536 4257 2675 4328 sunt.
2710 4248 2764 4303 in
2808 4246 3082 4328 profundo
3137 4247 3342 4328 maris,
3393 4263 3535 4328 quos

254 4317 485 4391 pertulit
515 4317 818 4379 t'ractus'ab
849 4317 1086 4379 asinai-ia
1124 4317 1286 4380 mola.
1324 4326 1461 4381 Sunt
1503 4317 1684 4383 autem
1718 4337 1770 4383 et
1818 4325 2090 4380 molarum
2133 4317 2489 4391 differentiae,
2527 4327 2589 4373 ut
2631 4319 2745 4375 sint
2786 4317 3034 4389 quaedam
3077 4332 3266 4391 earum
3323 4317 3425 4389 (ut’
3455 4319 3537 4374 sic

255 4386 551 4466 appellem)
598 4395 870 4466 humanae,
912 4396 1031 4449 alia:
1062 4405 1241 4449 autem
1276 4398 1546 4452 asinariae.
1578 4398 1643 4454 Et
1673 4400 1911 4453 humana
1938 4396 2156 4466 quidem
2197 4401 2283 4448 est
2330 4390 2421 4466 illa
2445 4390 2519 4466 _de
2551 4404 2661 4466 qua
2697 4386 2961 4458 scriptum
2999 4397 3121 4466 est:
3158 4408 3177 4439 ι
3210 4386 3343 4466 ρειαέ
3369 4398 3535 4444 erunt

254 4459 528 4535 metentes
556 4464 619 4518 ad
654 4480 818 4518 unam
851 4470 1072 4527 molam,
1115 4482 1219 4519 una
1253 4478 1584 4535 assumetur,
1618 4478 1671 4523 et
1707 4471 1876 4523 altera
1917 4459 2271 4534 relinquetur.
2304 4481 2323 4513 ι
2350 4459 2622 4535 _Asi.narja
2660 4470 2841 4535 autem
2884 4475 3008 4535 quae
3038 4459 3340 4535 imponitur
3369 4474 3537 4516 scan-

254 4533 523 4605 dalizanti
562 4551 732 4588 unum
775 4535 840 4589 de
870 4537 1085 4604 pusillis
1112 4537 1162 4589 in
1193 4536 1415 4592 Chrisfo
1440 4529 1807 4600 credentibus,
1844 4545 1906 4591 ut
1951 4529 2402 4605 demergaturin
2447 4531 2783 4605 profundum
2806 4532 3011 4605 maris.
3055 4529 3307 4605 Asinaria
3351 4539 3535 4605 autem

254 4603 405 4679 mola
451 4618 579 4679 _non_
630 4600 1081 4661 irrationabiliter
1126 4607 1230 4661 dici
1283 4617 1461 4679 potest
1510 4624 1709 4679 empus
1752 4600 2422 4679 gravissimum'hominis
2465 4601 2630 4679 mali,
2675 4601 2823 4671 quod
2851 4601 3104 4679 deorsum
3146 4600 3343 4679 trahit_,
3387 4601 3536 4679 quod

254 4672 525 4755 suscipiet
566 4675 620 4729 in
679 4679 1083 4734 resurrectione
1146 4669 1525 4749 unusquisque
1576 4669 1851 4751 peccator,
1904 4689 1963 4733 ut
1995 4678 2344 4746 demergatur
2386 4671 2441 4725 in
2494 4669 2755 4744 abyssum
2802 4686 2923 4742 quae
2964 4671 3163 4727 dicitur
3202 4669 3536 4741 profundum

254 4759 451 4799 maris.

333 4814 437 4888 18._
464 4815 872 4888 introducimus
919 4827 1100 4874 autem
1133 4828 1284 4874 extra
1316 4835 1435 4874 eam
1468 4834 1631 4888 quam
1666 4820 1929 4883 diximus,
1972 4819 2197 4873 alteram
2243 4812 2679 4888 exposiliﬂnem.
2712 4812 2826 4888 εἱγε
2859 4812 3131 4888 dogmatis
3165 4826 3368 4878 causa.
3416 4812 3535 4888 δῖῗο

253 4886 690 4959 exercitationis.
736 4886 1046 4953 Quaerimus
1079 4891 1223 4944 enim
1269 4905 1432 4959 quem
1476 4882 1704 4959 puerum
1751 4882 1952 4946 vocans
1997 4889 2158 4944 Jesus
2204 4882 2487 4959 constituit
2524 4883 2591 4959 in
2641 4883 2818 4959 medio
2847 4882 3282 4959 di_s_cipulgrum:
3318 4891 3372 4936 et
3410 4882 3535 4959 vide

253 4957 302 5009 si
353 4970 653 5030 possumus
702 4950 930 5030 puerum
970 4960 1116 5014 hunc
1144 4950 1444 5030 intelligere
1476 4950 1741 5030 Spiritum
1776 4970 2050 5023 sanctum,
2094 4960 2188 5029 qui
2235 4956 2475 5025 seipsum
2524 4953 2849 5007 humiliavit.
2894 4950 3049 5030 Hunc
3077 4950 3238 5030 Iesus
3288 4952 3530 5021 accepit,

253 5035 308 5087 et
343 5021 532 5095 posuit
563 5029 617 5080 in
663 5021 843 5103 medio
874 5044 1075 5086 sensus
1104 5021 1533 5103 discipulorum.
1579 5033 1702 5087 Vult
1730 5047 1861 5103 ergo
1889 5021 2275 5103 Jesusio'inues
2304 5021 2426 5103 nos,
2463 5032 2521 5077 ut
2563 5032 2880 5103 avertamur
2923 5022 2991 5076 ab
3020 5021 3532 5103 omn_i.bus_et_c.on:

253 5091 540 5152 vet-tamur
576 5099 877 5154 secundum
925 5091 1522 5172 exemplum'Spiritus
1567 5091 1889 5170 sanctifut
1937 5100 2236 5157 eflieiamur
2292 5096 2437 5152 sicut
2488 5093 2664 5163 pueri,
2701 5092 2756 5148 id
2801 5101 2905 5161 est,
2950 5091 3182 5161 apostoli
3211 5092 3304 5162 qui
3337 5099 3393 5146 et
3427 5091 3530 5161 ipsi

346 5191 394 5227 “
422 5191 528 5247 Isa.
563 5207 656 5247 vnn
676 5232 692 5257 ,
724 5193 808 5250 18.

323 5310 441 5378 (55)
497 5312 685 5365 Ἐ’πὰν
723 5311 793 5365 δὲ
832 5311 1313 5366 σκανδαλίσωσι.
1366 5311 1593 5367 Animas
1642 5326 1838 5381 nempe

253 5397 394 5450 quas
429 5391 557 5436 ante
579 5396 810 5451 corpora
826 5383 1073 5436 conditas
1104 5382 1395 5451 fingebant,
1423 5397 1523 5451 pro
1556 5392 1699 5438 recte
1722 5398 1837 5438 ma-

254 5450 373 5507 leve
421 5451 592 5534 gestis
642 5450 823 5534 varios
852 5452 1143 5534 dignitatis
1177 5450 1260 5507 vel
1292 5450 1605 5534 ignominiae
1634 5454 1836 5534 gradus

253 5523 520 5591 consequi
552 5523 811 5577 censebat
847 5522 1128 5592 Origenes,
1163 5522 1552 5592 corpOribusve
1582 5522 1837 5579 homanis

254 5592 340 5648 vel
371 5594 535 5647 etiam
584 5592 794 5659 ferinis,
824 5593 868 5648 si
898 5594 971 5647 ita
1008 5594 1240 5648 fuissent
1268 5594 1596 5663 promerita:,
1627 5594 1837 5663 suppli—

257 5663 328 5718 cii
359 5678 527 5734 causa
563 5663 757 5734 illigari
788 5682 801 5717 :
834 5674 892 5718 ut
921 5664 1056 5719 satis
1102 5664 1601 5734 demonstravimus
1629 5667 1682 5718 in
1715 5663 1839 5720 Ori-

259 5733 520 5802 geniunis,
548 5732 742 5805 lib.'n,
772 5750 893 5804 cap.
925 5737 979 5796 2,
1011 5743 1204 5803 quiest.
1238 5733 1271 5788 8
1300 5746 1354 5788 et
1375 5734 1433 5805 9.
1463 5732 1560 5787 Hic
1588 5750 1719 5805 ergo
1740 5736 1838 5789 do-

260 5812 345 5856 cet
377 5804 723 5859 advcrsarias
762 5805 881 5859 illus
916 5814 1227 5873 potestates,
1271 5805 1317 5859 si
1358 5804 1676 5860 offensionis
1706 5822 1839 5860 eau-

264 5889 377 5927 sant
417 5875 659 5943 parvulis
698 5877 749 5929 in
780 5875 999 5929 Christo
1032 5875 1386 5945 prtebucriut,
1428 5875 1479 5929 in
1517 5891 1715 5945 corpus
1747 5877 1841 5931 litt-

1947 5311 2514 5382 manumdepressum
2551 5311 2641 5376 iri,
2677 5324 2741 5366 ac
2772 5322 2964 5382 poenas
2993 5306 3098 5382 sibi
3126 5306 3347 5382 debitas
3370 5321 3531 5382 exso—

1944 5382 2143 5459 lutuin.
2180 5376 2335 5459 Hine
2368 5390 2724 5459 appare_t_pro
2754 5376 2841 5443 eo,
2880 5378 2953 5432 T6
2977 5376 3233 5459 ,φθαρτὸν
3279 5376 3441 5459 σῶμα
3472 5378 3533 5434 τὸ

1945 5452 2177 5525 βαρύνον
2206 5452 2384 5525 ψυχὴν
2403 5448 2769 5525 Ἐναλήψεται,
2790 5448 3163 5525 κρεμάμενον
3194 5450 3259 5501 ὲκ
3294 5448 3532 5525 τοῦ-κα-

1944 5518 2476 5595 θελκομὲνὸυᾝύτὸν
2521 5518 2614 5575 eiet
2650 5521 2720 5575 τὰ
2750 5518 2876 5592 τῇδε
2902 5518 3204 5642 πράγματα
3233 5521 3527 5609 τραχοήλου·

1946 5595 2255 5642 legendum-
2286 5593 2674 5642 ἀναλήὼονται.
2720 5600 2850 5642 etc..
2890 5590 3022 5642 καθε
3059 5589 3289 5642 κομένου
3320 5592 3527 5642 αυτάς·

1944 5589 2255 5666 legendum,
2286 5593 2674 5666 ἀναλήψονται,
2720 5589 2850 5666 etc},
2890 5589 3289 5666 καθελκομένου
3320 5589 3493 5666 ditia;
3512 5607 3528 5623 ο

1945 5661 2186 5735 ρι”ῃθυιο
2218 5675 2358 5734 post,
2392 5661 2459 5719 ἐν’
2481 5661 2579 5733 ⁷τῷ
2614 5661 2949 5735 συμφέροντιΔ
2974 5662 3369 5735 αὑταῖςηαιιυιί
3419 5664 3531 5717 sive

1945 5730 2042 5805 per
2069 5730 2338 5791 incuriam
2386 5730 2591 5805 librarii
2626 5730 2875 5803 contigit,
2909 5732 3024 5787 εἰναι
3057 5748 3150 5801 per
3176 5730 3327 5804 Orig.
3354 5733 3528 5803 ipsius

1947 5803 2375 5876 properantiam.
2410 5803 2674 5876 “UET_IUS.

2021 5871 2134 5947 (36)
2175 5876 2312 5943 Ὅρα
2348 5875 2416 5928 δὲ
2453 5877 2505 5929 εὶ
2546 5874 2822 5942 δύνασαι,
2854 5879 2958 5929 etc.
2999 5871 3384 5946 Hieronymus.
