3950 6546
150 427 278 487 1145

1089 419 1450 482 COMMENT.
1490 423 1559 481 IN
1599 417 2019 480 MATTII/EUM
2058 422 2295 482 TOilUS
2321 423 2460 482 XIII.

3275 428 3417 487 ωε

148 543 439 616 δυνάμενοι,
489 538 589 605 οὓς
631 537 867 597 ἐκδικῶν
916 540 1405 608 σκανδαλιτθέντας
1451 542 1482 595 6
1526 540 1719 609 Λόγος,

1827 534 2031 597 l'uerint
2058 544 2249 602 oﬁ‘ensi
2296 544 2374 601 ait
2403 545 2447 576 ⁷⁸
2481 558 2496 597 :
2534 563 2553 596 ι
2599 542 2829 616 Expedit
2856 545 2910 601 ei
2948 554 3006 601 ut
3049 546 3419 615 suspendatur

148 639 271 709 φησὶ
294 635 418 706 περὶ
442 632 555 689 τῶν
580 631 1052 691 σκανδαλισάντων
1080 634 1279 699 αὐτοὺς
1302 636 1365 689 τό
1381 651 1395 666 ο
1441 653 1461 687 σ
1510 632 1727 705 Συμφέ-

148 745 225 801 pst
253 724 399 796 αὐτῷ
428 725 520 780 ἵνα
552 723 841 797 κρεμασθῇ
882 723 1051 796 μύλος
1078 726 1260 791 ὀνικὸς
1296 728 1378 791 είς
1411 726 1503 780 τὸν
1527 727 1729 798 τράχη-

146 822 227 876 λον
262 817 446 883 αὐτοῦ,
476 818 574 871 καὶ
605 817 1014 891 καταποντισθῇ
1041 819 1101 872 ἐν
1136 817 1214 889 τῷ
1244 818 1470 888 πελάγει
1495 819 1595 891 τῆς
1630 817 1729 872 θα-

145 913 350 983 λάσσης.
408 930 428 963 ι
476 910 668 966 Ταῦτα
700 910 938 982 λελέχθω
981 911 1125 965 κατὰ
1175 912 1246 966 τὰ
1278 912 1578 984 ἐκκείμενα
1631 909 1726 965 τοῦ

144 1005 413 1063 Ματθαίου
445 1003 610 1076 ῥητά.

212 1096 431 1167 Ἰδωμεν
467 1095 528 1150 δὲ
567 1094 665 1151 καὶ
701 1095 771 1150 τὰ
799 1096 1165 1170 παραπλήσια
1211 1096 1321 1152 ἀπὸ
1362 1096 1472 1153 τῶν
1502 1098 1724 1153 λοιπῶν.

146 1192 354 1267 Μᾴρκος
389 1188 573 1244 τοίνυν
610 1189 797 1261 φησὶν,
841 1190 923 1244 ὅτι
966 1188 1323 1262 διελέχθησαν
1352 1192 1410 1246 ὲν
1444 1194 1511 1264 τῇ
1543 1190 1649 1264 ὁδῷ
1677 1192 1726 1245 οί

145 1282 350 1346 διὶιδεκα,
396 1281 481 1345 τίς
531 1280 715 1336 αὐτῶν
766 1280 972 1352 μείζων
1027 1282 1177 1337 ἐστί’
1223 1281 1304 1337 διὸ
1356 1283 1452 1338 καὶ
1497 1282 1727 1349 καθίσας

146 1377 406 1446 ἐφώνησεν
449 1373 674 1439 αὐτοὺς,
717 1376 813 1430 καὶ
839 1374 1084 1430 διδάσκει
1111 1375 1196 1439 τίς
1232 1377 1260 1429 6
1290 1373 1513 1447 μείζων,
1553 1375 1727 1447 λέγων

149 1467 409 1538 πρωτείων
436 1465 514 1530 ὡς
558 1465 787 1538 μείζονα
815 1466 1103 1532 τεύξεσθαι
1142 1466 1235 1524 τὸν
1266 1467 1558 1539 γενόμενον
1591 1469 1728 1524 πάν-

146 1576 241 1613 των
273 1557 358 1611 διὰ
388 1557 490 1629 τῆς
542 1558 899 1630 μετριότητος
938 1560 1036 1614 καὶ
1075 1559 1175 1631 τῆς
1226 1560 1529 1625 ἐπιεικείας
1560 1560 1726 1633 ἔσχα-

145 1668 244 1716 τον,
284 1650 422 1705 ὥστε
459 1651 556 1706 τὸν
598 1652 702 1725 μὲν
738 1652 833 1706 τοῦ
870 1652 1293 1725 διακονουμένου
1344 1654 1418 1725 μὴ
1467 1654 1727 1720 ἀναδέξα-

148 1743 256 1799 σθαι
289 1744 471 1808 τόπον,
503 1744 601 1799 τὸν
640 1744 698 1798 δὲ
736 1743 830 1800 τοῦ
858 1744 1258 1811 διακονοῦντος,
1306 1746 1399 1802 καὶ
1437 1746 1625 1803 τοῦτον
1661 1748 1723 1803 οὐ

147 1837 267 1909 πρός
289 1855 436 1900 τινας
461 1837 585 1909 μὲν,
604 1836 760 1901 τινας
775 1838 819 1892 δ’
844 1836 928 1904 οῦ,
956 1836 1094 1892 ἀλλὰ
1119 1838 1257 1910 πρὸς
1282 1839 1488 1903 πάντας
1508 1839 1722 1905 ἁπαξα-

148 1927 295 1992 πλῶςο
328 1927 566 2001 πρόσχες
595 1928 708 2000 γὰρ
739 1928 848 2000 τῷ·
890 1948 909 1981 ι
946 1929 1013 1983 Εἴ
1035 1945 1120 1992 τις
1145 1928 1287 1982 θέλει
1322 1930 1537 2001 πρῶτος
1570 1931 1721 1999 γενέ-

148 2020 275 2085 σθαι,
307 2020 456 2076 ἔσται
490 2021 605 2091 (40)
638 2021 859 2076 πάντων
886 2020 1138 2092 ἔσχατος,
1168 2022 1263 2077 καὶ
1289 2022 1507 2077 πάντων
1531 2023 1717 2077 διάκο-

149 2130 239 2176 νος.
277 2132 294 2164 ι
318 2114 426 2168 Καὶ
453 2113 585 2184 ἑξῆς
612 2112 831 2177 τούτοις
852 2114 1038 2186 φησὶν,
1067 2115 1171 2180 ὅτι,
1210 2133 1229 2164 ι
1262 2113 1457 2169 Λαϐὼν
1483 2115 1714 2181 παιδίον,

149 2205 381 2277 (δηλονότι
410 2208 441 2260 6
480 2205 740 2277 ’1ησοῦς,)
765 2226 785 2258 r
814 2206 1043 2279 ἔστησεν
1066 2207 1124 2260 ἐν
1151 2206 1302 2278 μέσῳ
1321 2206 1431 2261 τῶν
1460 2205 1716 2277 μαθητῶν

148 2296 314 2362 αὐτοῦ,
360 2297 455 2351 καὶ
506 2295 1017 2368 ἐναγκαλισάμενος
1078 2296 1234 2360 αὐτὸ,
1293 2292 1444 2349 εἶπεν
1495 2296 1711 2359 αὐτοῖς’

154 2392 236 2453 ’ος
262 2390 352 2443 ἐὰν
373 2389 429 2445 ἓν
452 2390 565 2446 τῶν
589 2390 820 2445 παιδίων
849 2389 1070 2462 δέξηται
1092 2390 1187 2443 ἐπὶ
1219 2389 1297 2460 τῲ
1323 2388 1443 2460 ἐμῷ
1468 2388 1714 2459 ὀνόματι,

148 2483 230 2554 ἐμὲ
256 2483 479 2555 δέχεται.
536 2503 563 2536 s
601 2485 762 2538 Ποῖον
809 2484 868 2537 δὲ
901 2482 1061 2537 ἔλαϐε
1111 2482 1323 2537 παιδίον
1357 2482 1453 2536 καὶ⁵
1483 2482 1717 2553 ἐνηγκα-

148 2574 311 2630 λίσατο
336 2579 366 2631 ό
407 2576 622 2649 Ἰησοῦς
653 2577 799 2632 κατὰ
840 2576 933 2630 τὸν
969 2575 1268 2648 βαθύτερον
1299 2577 1358 2629 ἐν
1384 2578 1500 2638 τοῖς
1530 2575 1716 2638 τόποις

146 2666 313 2738 λόγονς
340 2669 455 2742 me
482 2670 645 2740 ἅγιον
677 2670 939 2742 Πνεῦμα;
975 2670 1068 2724 καὶ
1097 2668 1273 2739 τούτῳ
1302 2685 1367 2738 γε
1408 2667 1486 2738 τῷ
1519 2667 1715 2738 παιδίῳ

150 2760 521 2834 ἐξομοιώθησάν
546 2780 715 2828 τινες,
753 2780 820 2817 πε
830 2764 883 2835 ρὶ
914 2756 989 2816 ὧν
1015 2758 1137 2816 εἷπε
1174 2761 1233 2815 τό
1254 2778 1267 2788 °
1312 2780 1330 2812 ι
1388 2762 1485 2824 Ὃς
1520 2760 1615 2814 ἐὰν
1657 2759 1715 2812 ἓν

145 2853 239 2907 τῶν
262 2853 508 2910 τοιούτων
542 2856 778 2910 παιδίων
810 2855 1031 2928 δέξηται
1064 2854 1160 2908 ἐπὶ
1189 2852 1268 2925 τῷ
1319 2851 1545 2924 ὀνόματί
1588 2869 1713 2923 μου,

150 2945 233 3016 ἐμὲ
260 2946 482 3018 δέχεται.
528 2967 549 3000 ι
589 2947 750 3002 Κατὰ
782 2948 965 3020 μέντοι
996 2949 1089 3002 τὸν
1134 2948 1372 3011 Λουκᾶν,
1413 2965 1432 2998 ι
1472 2946 1717 3015 Διαλογι-

152 3037 267 3109 σμὸς
304 3059 322 3090 ι
350 3041 430 3104 είς
454 3041 591 3104 τοὺς
614 3039 864 3112 μαθητὰς
887 3040 989 3095 οὐκ
1017 3039 1385 3111 ἀναϐέϐηκεν,
1403 3038 1517 3093 ἀλλ’
1555 3057 1575 3091 ι
1605 3040 1717 3094 είσ-

150 3129 258 3200 ἦλθε
296 3151 312 3184 ι
360 3134 488 3205 περὶ
528 3132 653 3197 τοῦ,
708 3152 728 3184 ‹
789 3133 888 3197 Τίς
933 3131 1113 3187 αὐτῶν
1164 3131 1251 3204 εἴη
1314 3130 1539 3204 μείζων.
1602 3130 1714 3186 Καὶ

1829 633 1974 689 mola
2013 637 2253 692 asinaria
2288 637 2341 691 in
2374 636 2518 691 collo
2547 636 2689 707 ejus,
2720 646 2777 707 et
2807 638 3157 709 demergatur
3192 637 3246 692 in
3290 653 3419 709 pro-

1828 725 2060 784 fundum
2092 730 2279 786 maris.
2317 748 2337 783 ι
2366 727 2495 787 Haec
2521 744 2689 802 super
2712 730 3013 803 propositis
3040 728 3280 787 llattbtei
3302 743 3419 786 vcr-

1827 820 1913 878 bis
1939 822 2085 883 dicta
2114 824 2246 881 sint.

1905 1096 1995 1154 l9.
2036 1095 2334 1158 Videamus
2371 1100 2482 1173 jam
2534 1103 2813 1174 quomodo
2864 1102 3008 1176 apud
3058 1102 3301 1174 reliquos
3357 1117 3419 1159 se

1827 1189 2066 1247 habeant
2093 1209 2215 1263 quae
2243 1195 2310 1250 ad
2340 1211 2404 1250 ea
2440 1195 2735 1266 pertinent.
2763 1196 2855 1253 Ait
2896 1212 3029 1270 ergo
3055 1194 3273 1252 Marcus
3300 1195 3416 1251 dis-

1827 1292 2051 1354 putasse
2097 1285 2149 1339 iu
2205 1287 2290 1342 via
2338 1289 2651 1357 duodecim,
2697 1290 2950 1360 quisnam
3002 1304 3193 1344 eorum
3241 1287 3419 1357 major

1827 1383 1972 1431 esset
1995 1377 2062 1444 7';
2106 1376 2311 1433 idcirco
2337 1394 2462 1437 cum
2508 1381 2888 1447 consedisset,
2919 1378 3268 1441 accersivisse
3288 1394 3414 1447 eos,

1826 1478 1899 1536 et,
1929 1470 2055 1540 quis
2087 1472 2264 1542 major
2292 1482 2471 1538 esset,
2502 1473 2811 1538 exlocuisse,
2857 1472 3066 1543 primas
3099 1471 3176 1526 illi
3212 1481 3414 1541 partes,

1828 1570 2085 1634 tanquam
2119 1563 2345 1635 majori,
2380 1565 2644 1621 tributum
2692 1567 2757 1620 iri
2799 1566 3069 1621 dicentem
3106 1564 3200 1635 qui
3231 1564 3418 1620 mode-

1826 1656 1931 1710 stia
1961 1672 2062 1713 sua
2088 1666 2143 1711 et
2168 1656 2391 1713 lenitate
2417 1658 2665 1713 omnium
2696 1657 2864 1713 fuerit
2901 1667 3237 1728 postremus,
3281 1657 3418 1712 adeo

1827 1755 1887 1804 ut
1917 1748 2100 1805 locum
2134 1749 2282 1806 illius
2312 1749 2401 1805 cui
2434 1750 2776 1806 ministratur
2800 1766 2908 1807 non
2939 1749 3296 1822 arrogaverit,
3321 1750 3416 1805 sed

1826 1841 2224 1908 ministrantis,
2276 1852 2441 1913 atque
2493 1843 2657 1914 hujus
2708 1842 2928 1914 quidem
2985 1860 3094 1898 non
3138 1842 3416 1913 aliquibus

1828 1933 2213 1999 ministrantis,
2245 1935 2370 1991 aliis
2411 1951 2538 1991 vero
2586 1935 2847 2000 minime,
2899 1936 2993 1991 sed
3036 1936 3196 2004 plane
3236 1936 3417 1990 omni-

1825 2023 1928 2079 bus
1966 2042 1979 2079 :
2021 2024 2087 2079 ad
2132 2024 2185 2080 id
2229 2026 2376 2079 enim
2429 2024 2648 2080 attende
2684 2026 2772 2080 ⁷³ε
2822 2044 2840 2076 ι
2891 2023 2949 2080 Si
2985 2026 3112 2095 quis
3148 2025 3263 2078 vult
3304 2027 3415 2094 pri-

1825 2131 1948 2172 mus
1988 2132 2150 2181 esse,
2196 2118 2301 2172 erit
2347 2120 2595 2173 omnium
2644 2118 3012 2185 novissimus,
3066 2128 3120 2173 et
3167 2118 3412 2173 omnium

1822 2207 2091 2265 minister.
2128 2228 2147 2261 ι
2197 2208 2334 2265 Tum
2374 2211 2552 2281 inquit
2602 2222 2788 2280 postea
2838 2212 2925 2267 ’δε
2975 2229 2993 2262 ι
3042 2211 3413 2281 Accipientem

1821 2314 1947 2354 eum
1994 2316 2225 2369 puerum
2277 2300 2494 2372 (Jesum
2538 2302 2779 2375 scilicet)
2827 2302 3087 2359 statuisse
3134 2304 3187 2358 in
3236 2302 3416 2356 medio

1822 2390 2215 2460 discipulorum
2262 2408 2526 2448 suorum:
2560 2410 2722 2464 quem
2748 2410 2874 2450 cum
2904 2395 3223 2463 complexus
3244 2403 3413 2458 esset,

1821 2482 2027 2538 dixisse
2051 2483 2476 2554 illis:Quisquis
2519 2501 2689 2541 unum
2729 2501 2796 2541 ex
2838 2490 3025 2557 pueris
3069 2486 3338 2556 receperit
3359 2485 3415 2540 in

1822 2575 2045 2628 nomine
2100 2589 2244 2640 meo,
2299 2591 2386 2629 me
2432 2577 2643 2646 recipit.
2694 2595 2713 2628 ι
2761 2576 2988 2643 Qualem
3044 2592 3174 2632 vero
3222 2575 3414 2646 accipit

1822 2681 2051 2737 puerum
2112 2678 2167 2723 et
2223 2668 2541 2738 complexus
2609 2678 2695 2725 est
2767 2669 2967 2737 Jesus,
3033 2670 3189 2741 juxta
3258 2671 3416 2724 altio-

1822 2775 1937 2815 rem
1989 2760 2256 2819 horumce
2298 2761 2544 2818 locorum
2597 2761 3147 2832 interpretationem?
3195 2777 3263 2817 an
3298 2760 3417 2831 Spi-

1822 2851 1986 2906 ritum
2018 2852 2312 2907 sanctum?
2359 2861 2414 2906 et
2442 2852 2571 2907 huic
2597 2851 2816 2923 quidem
2847 2867 3016 2922 puero
3044 2850 3254 2906 similes
3282 2848 3415 2905 laeti

1821 2949 1952 2996 sunt
1993 2940 2266 3008 nonnulli,
2301 2940 2369 2996 de
2415 2940 2617 3011 quibus
2664 2940 2715 2994 id
2764 2939 2902 2994 dixit
2930 2938 2975 2970 "
3020 2956 3033 2993 :
3084 2956 3102 2989 ι
3152 2935 3415 3007 Quisquis

1822 3052 1992 3097 unum
2024 3051 2094 3092 ex
2151 3035 2468 3105 hujusmodi
2523 3035 2711 3105 pueris
2760 3035 3037 3106 receperit
3081 3034 3134 3089 in
3193 3032 3416 3088 nomine

1821 3143 1967 3192 meo,
1996 3143 2082 3181 me
2104 3128 2313 3198 recipit.
2342 3148 2361 3181 ι
2380 3126 2541 3182 Juxta
2569 3126 2771 3182 Lucam
2797 3135 2976 3182 autem
3003 3144 3016 3179 :
3046 3143 3064 3176 ι
3096 3123 3367 3196 Cogitatio
3386 3140 3409 3174 ι

155 3221 260 3276 ίδὼν
280 3225 307 3277 6
343 3226 553 3297 Ἰησοῦς
585 3225 676 3279 τὸν
703 3224 1053 3297 διαλογισμὸν
1077 3224 1179 3296 τῆς
1199 3223 1428 3297 καρδίας
1454 3222 1655 3289 αὐτῶν,
1688 3241 1707 3275 ι

1827 3220 1878 3276 in
1908 3220 2215 3291 discipulos
2256 3235 2369 3274 non
2411 3220 2687 3284 ascendit,
2728 3218 2821 3273 sed
2868 3237 2887 3269 ι
2938 3217 3213 3272 intravit»
3250 3229 3414 3285 super

155 3314 235 3370 ἅτε
267 3315 397 3387 ἔχων
428 3316 745 3388 ὀφθαλμοὺς
777 3316 1165 3388 διαλογισμοὺς
1210 3314 1448 3387 καρδιῶν
1492 3314 1717 3387 βλέπον-

155 3422 264 3470 τας·
308 3428 325 3459 ι
377 3409 518 3463 Ἰδὼν
545 3410 641 3463 τὸν
672 3407 1026 3479 διαλογισμὸν
1056 3408 1158 3480 τῆς
1190 3407 1419 3479 καρδίας
1452 3407 1654 3470 αὐτῶν,
1697 3426 1717 3460 ι

156 3499 254 3553 οὐδὲ
272 3503 563 3575 ἐρωτηθεὶς
597 3501 740 3555 κατὰ
768 3501 859 3555 τὸν
888 3503 1125 3566 Λουκᾶν,
1158 3520 1176 3553 ι
1210 3499 1369 3554 ἔλασε
1401 3500 1462 3553 τὸ
1490 3500 1719 3566 παιδίον,

157 3594 235 3646 γαί
255 3593 486 3665 ἔστησεν,
532 3614 552 3645 ι
593 3594 655 3647 οὐ
686 3593 845 3665 μόνον
894 3594 953 3646 ὲν
990 3592 1140 3664 μέσῳ
1170 3592 1372 3657 αὐτῶν,
1399 3591 1475 3657 ὡς
1506 3595 1535 3645 6
1568 3593 1721 3646 Ματ-

159 3682 285 3749 θαῖος
313 3687 402 3741 καὶ
429 3687 457 3739 6
488 3685 721 3758 Μάρκος
753 3685 1064 3756 εἰρήκασιν,
1099 3683 1215 3739 ἀλλ’
1250 3685 1351 3757 ἠδη
1387 3684 1482 3740 καὶ
1527 3703 1545 3737 ι
1588 3684 1721 3756 παρ’

160 3775 325 3848 ἐαυτῷ,
352 3778 442 3832 καὶ
468 3772 596 3831 εἷπε
618 3796 643 3831 s
695 3777 810 3839 τοῖς
844 3773 1115 3846 μαθηταῖς
1140 3774 1201 3829 οὐ
1249 3775 1408 3846 μόνον
1445 3774 1526 3828 τό·
1562 3792 1581 3825 ι
1627 3777 1723 3837 Ὃς

160 3867 237 3921 ἐὰν
263 3869 469 3943 δέξηται
505 3870 568 3924 ἓν
612 3868 827 3923 παιδίον
870 3867 1105 3933 τοιοῦτο,
1152 3888 1170 3919 ι
1215 3868 1278 3940 ἦ·
1322 3887 1340 3919 ε
1409 3868 1505 3931 ⁸·ος
1535 3867 1632 3923 ἐὰν
1663 3867 1722 3920 ἓν

160 3960 385 4016 τοιούτων
417 3962 649 4016 παιδίων
682 3956 904 4031 δέξηται
938 3961 1032 4015 ἐπὶ
1064 3958 1142 4032 τῷ
1173 3958 1399 4031 ὀνόματί
1434 3977 1569 4030 μου,
1619 3961 1721 4032 ἐμὲ

159 4051 364 4125 δέχεται,
404 4073 426 4107 ι
460 4053 580 4109 ἀλλ’
614 4052 714 4126 ἥδη
745 4052 843 4108 καὶ
891 4051 1389 4124 ὲπαναὸεδηκότως
1421 4052 1481 4107 τό
1500 4069 1513 4083 ⁶
1553 4072 1573 4105 ι
1626 4056 1721 4118 Ὃς

161 4144 242 4199 ἐὰν
268 4144 475 4220 δέξηται
505 4146 670 4202 τοῦτο
714 4148 777 4201 τὸ
813 4145 1025 4202 παιδίον
1073 4146 1190 4218 (ll)
1241 4146 1336 4200 ἐπὶ
1367 4145 1446 4217 τῷ
1491 4146 1721 4217 ὀνόματί

167 4252 268 4306 μου,
292 4238 385 4309 ἐμὲ
408 4238 639 4311 δέχεται.
677 4258 697 4290 ι
736 4237 857 4311 Χρὴ
890 4234 984 4293 οὖν
1007 4238 1151 4293 κατὰ
1172 4238 1264 4292 τὸν
1294 4239 1510 4292 Λουκᾶν
1544 4241 1721 4295 ἐκεῖνο

164 4326 214 4379 τὸ
257 4330 468 4393 παιδίον,
502 4323 566 4385 οὗ
610 4330 911 4402 λαϐόμενος
958 4331 987 4383 6
1052 4328 1263 4401 Ἰησοῦς
1315 4328 1542 4401 ἔστησεν
1591 4331 1722 4385 αὐτὸ

165 4421 273 4491 παρ’
312 4422 501 4495 ἐαυτῷ,
550 4423 807 4488 δέξασθαι
851 4422 944 4476 ἐπὶ⁸
989 4420 1067 4494 τῷ
1107 4421 1333 4492 ὀνόματι
1378 4421 1473 4476 τοῦ
1520 4422 1717 4495 Ἰησοῦ.

165 4510 256 4566 Καὶ
295 4515 387 4571 οὐκ
415 4512 534 4573 οἶδα
580 4518 631 4569 εί
680 4515 904 4571 δύναταί
940 4532 1023 4580 τις
1067 4514 1144 4587 μὴ
1180 4515 1580 4587 τροπολογῆσαι
1626 4517 1716 4570 τό-

1824 3312 1993 3385 .597
2030 3328 2093 3371 ea
2123 3327 2202 3381 re,
2240 3331 2258 3363 ι
2289 3310 2417 3382 quis
2460 3326 2652 3366 eorum
2706 3310 2883 3380 major
2928 3317 3093 3365 esset.
3135 3307 3205 3361 At
3252 3307 3412 3362 .lesus

1827 3406 2020 3461 videns
2050 3404 2407 3477 cogitationes
2439 3403 2621 3459 cordis
2645 3403 2865 3457 illorum
2890 3403 2959 3467 ⁷⁸,
3002 3421 3022 3454 ι
3056 3409 3242 3472 utpote
3276 3414 3415 3454 ocu-

1830 3499 1915 3557 los
1936 3499 2146 3555 habens
2168 3497 2532 3570 cogitationes
2562 3497 2812 3553 cordium
2832 3498 3113 3552 intuentes
3139 3512 3154 3559 ;
3177 3513 3195 3546 ι
3222 3494 3416 3549 videns

1828 3590 2187 3662 cogitationes
2236 3588 2420 3646 cordis
2474 3590 2697 3644 illorum
2735 3588 2816 3656 ⁷⁷,
2855 3607 2874 3641 ι
2920 3604 2988 3644 ne
3045 3589 3416 3656 interrogatus

1828 3685 2050 3755 quidem
2077 3726 2092 3749 ,
2136 3686 2293 3755 juxta
2340 3683 2578 3750 Lucam,
2624 3700 2646 3734 ι
2676 3681 3037 3753 apprehendit
3068 3695 3323 3752 puerum,
3359 3688 3416 3735 et

1829 3776 2039 3842 statuit,
2071 3795 2090 3828 ι
2127 3792 2235 3831 non
2262 3775 2317 3831 in
2351 3775 2533 3831 medio
2554 3789 2744 3830 eorum
2784 3774 3187 3837 tantummodo,
3215 3788 3412 3843 quem-

1828 3867 2123 3923 admodum
2152 3883 2182 3922 a
2210 3866 2461 3924 Matthaeo
2506 3876 2561 3922 et
2597 3882 2627 3921 a
2663 3864 2846 3922 Marco
2872 3865 3131 3923 traditum
3172 3873 3278 3929 est,
3314 3864 3411 3920 sed

1827 3960 1991 4015 etiam
2030 3980 2048 4011 ε
2086 3975 2246 4016 secus
2287 3974 2378 4025 se,
2422 3967 2479 4014 et
2529 3959 2608 4014 ait
2649 3978 2668 4011 ι
2706 3958 2993 4028 discipulis
3016 3958 3084 4024 ⁷⁸,
3113 3972 3220 4011 non
3278 3957 3411 4012 illud

1830 4053 2010 4111 solum
2030 4054 2112 4107 ηε
2148 4071 2167 4102 σ
2188 4051 2297 4119 Qui
2330 4050 2638 4121 susceperit
2668 4064 2838 4107 unum
2857 4049 3143 4120 parvulum
3166 4048 3328 4104 talem
3356 4065 3406 4114 ;»

1827 4147 1913 4202 vel
1938 4146 1984 4179 ⁸⁸
2012 4163 2028 4200 :
2060 4163 2081 4197 ι
2111 4143 2376 4215 Quisquis
2398 4158 2572 4198 unum
2602 4159 2670 4199 ex
2701 4141 2974 4214 ejusmodi
3014 4139 3200 4213 pueris
3252 4155 3408 4196 rece-

1827 4237 1969 4309 perit
2010 4236 2065 4291 in
2117 4235 2340 4291 nomine
2391 4248 2552 4300 meo,
2600 4249 2688 4289 me
2732 4232 2977 4302 recipit;
3022 4252 3041 4285 ι
3103 4230 3198 4287 sed
3246 4232 3412 4286 altius

1828 4330 1993 4385 etiam
2043 4324 2442 4399 progredieudo
2479 4324 2526 4356 ⁸¹
2580 4342 2594 4379 :
2654 4342 2674 4376 ι
2721 4322 3051 4395 Quicunque
3109 4323 3412 4392 susceperit

1828 4435 2059 4492 puerum
2091 4419 2253 4475 istum
2285 4418 2340 4472 in
2382 4416 2608 4471 nomine
2652 4431 2797 4481 meo,
2833 4430 2922 4471 me
2962 4415 3176 4485 recipit.
3212 4433 3232 4467 ι
3269 4412 3408 4469 Eum

1830 4513 1995 4587 igitur
2039 4527 2293 4583 puerum,
2326 4525 2488 4581 quem
2541 4508 2945 4580 apprehensum
2980 4504 3140 4564 Jesus
3163 4506 3321 4578 juxta
3351 4519 3413 4563 se

1331 4631 1566 4690 VETUS
1606 4630 2189 4691 INTERPRETATIO.

168 4744 300 4813 ejus:
325 4749 401 4821 sic
429 4750 711 4805 Christum
752 4747 1046 4821 refutatct
1080 4748 1249 4821 pellit,
1287 4748 1380 4819 qui
1409 4764 1517 4803 non
1540 4750 1668 4821 vult
1698 4751 1979 4821 suscipere
2009 4760 2239 4821 puerum
2268 4744 2430 4821 talem
2452 4743 2515 4821 in
2552 4744 2775 4799 nomine
2800 4740 2954 4821 Iesu,
2982 4742 3109 4797 licet
3139 4737 3214 4796 sit
3244 4736 3412 4795 mini-

171 4831 290 4892 mus,
330 4819 397 4892 it_a
443 4831 503 4877 ut
547 4823 723 4890 possit
758 4814 1119 4892 scandalizaﬁ
1151 4814 1557 4892 propterquod
1584 4836 1694 4892 non
1727 4814 1941 4892 plenius
1970 4814 2334 4892 humilitatem
2372 4815 2626 4892 imitatus
2644 4822 2729 4892 est
2755 4814 3040 4892 puerilem.

229 4888 305 4965 lii.
352 4888 415 4946 Et
456 4884 807 4946 conferamus
861 4884 1323 4965 evangelistartim
1371 4884 1528 4965 dicta
1574 4884 1933 4965 de‘c'apitulo
1973 4889 2119 4956 isto,
2164 4888 2217 4965 gi
2260 4886 2403 4965 [orte
2450 4884 2929 4965 manifestior-“lim
2962 4896 3161 4965 sensus
3191 4887 3413 4965 propter

171 4952 401 5024 Spiritum
444 4971 699 5033 sanctum
736 4975 898 5032 quem
928 4951 1180 5033 difimus
1209 4975 1443 5033 puerum
1475 4961 1629 5017 illum
1662 4951 1887 5033 intelligi
1936 4951 2119 5031 posse.
2163 4956 2734 5033 §t_Marcus._quidem
2766 4954 2935 5009 dicit:
2971 4972 2988 5002 ι
3033 4951 3098 5004 Ει
3137 4951 3413 5033 accipiens

172 5018 406 5103 νὶιθτυιη,
432 5032 655 5103 ,slattlit
710 5018 769 5085 ἱῐί
823 5018 1477 5103 medio_diseipulorum,
1525 5038 1581 5087 et
1624 5018 1952 5103 complexus.
1985 5046 2114 5090 cum
2152 5028 2290 5085 dixit
2320 5026 2402 5082 eis
2437 5046 2452 5082 :
2587 5027 2716 5097 quis
2762 5039 2932 5079 unum
2974 5036 3201 5103 puerum
3246 5018 3408 5103 talem

172 5087 480 5175 ieceperitin
513 5104 735 5175 nomine
771 5117 913 5175 meo.
956 5121 975 5154 ι
1016 5087 1208 5175 Lucas.
1226 5108 1408 5157 autem
1563 5120 1576 5156 :
1608 5121 1627 5154 ι
1658 5102 1722 5158 Et
1754 5087 2256 5175 ἶιοοιψίιίιιιιοιζιιιιιΔ
2285 5097 2557 5175 et__posu_it
2592 5087 2719 5152 eum
2754 5114 2773 5147 ι
2802 5108 2912 5175 non
2951 5087 3125 5173 solum
3156 5089 3208 5175 in
3232 5087 3412 5175 medio

172 5179 355 5244 eorum,
385 5172 525 5228 sicut
560 5174 637 5227 ait
669 5171 957 5244 Matthaeus
996 5180 1051 5244 et
1090 5170 1332 5244 Marcus,
1375 5173 1522 5244 sed;
1555 5175 1701 5243 apud
1734 5190 1831 5230 se:
1859 5168 1914 5229 et
1951 5168 2095 5244 dixit
2120 5168 2410 5244 discipulis
2444 5169 2561 5244 suis
2596 5186 2614 5219 ι
2651 5180 2761 5221 non
2788 5168 2898 5244 ita,
2929 5168 2974 5216 si
3026 5168 3412 5244 quis‘accepef

174 5237 234 5292 rit
259 5229 411 5298 unum
448 5259 679 5314 puerum
713 5243 912 5309 talem,
944 5243 1051 5308 vel,
1091 5259 1263 5297 unum
1304 5229 1371 5297 de
1410 5229 1613 5300 talibus
1650 5229 1859 5315 pueris,
1904 5242 2001 5299 sed
2049 5242 2126 5297 ita
2166 5258 2180 5294 :
2227 5229 2345 5293 «'Si
2388 5239 2513 5309 quis
2555 5234 2827 5305 acceperit
2874 5246 3105 5302 puerum
3156 5229 3307 5283 hunc
3353 5229 3412 5282 in

247 5360 286 5393 "
310 5359 487 5421 Matth.
518 5378 650 5419 mu
671 5403 686 5427 ,
715 5362 767 5418 6.

864 5364 910 5395 ⁷⁸
941 5362 1107 5417 Marc.
1137 5379 1191 5417 Ix
1214 5404 1229 5427 ,
1255 5363 1360 5424 '53.
1386 5362 1478 5416 54.
1565 5363 1611 5395 ⁷³
1646 5364 1717 5417 ibi

1832 5361 1924 5418 54.
2018 5361 2067 5393 ’⁸
2103 5358 2259 5422 ihid.,
2289 5358 2359 5412 55
2382 5398 2398 5425 ,
2428 5356 2518 5412 56.
2612 5355 2661 5390 ⁷⁵
2691 5352 2826 5407 Luc.
2867 5366 2918 5406 ιι
2941 5391 2957 5418 ,
2981 5347 3071 5403 46.
3152 5346 3201 5379 ’⁸
3236 5345 3408 5411 ibid..

177 5423 250 5481 4⁷·
294 5510 307 5522 .
331 5432 371 5463 "
409 5435 536 5492 ibid.
614 5423 820 5492 "ibid.
895 5433 941 5465 ⁷⁵
974 5433 1165 5490 Matth.
1196 5423 1353 5497 xvm,
1383 5434 1437 5489 5.
1512 5434 1560 5466 ⁸ο
1594 5433 1720 5491 Mari

1827 5432 1985 5501 x,56.
2064 5430 2108 5463 ⁸⁸
2143 5428 2278 5485 Luc.
2307 5423 2400 5496 lx,
2434 5427 2525 5485 48.

376 5551 823 5624 Ἔσταιηεοάει
858 5551 1098 5624 Regius,
1135 5551 1298 5607 ἔστω.

1831 5549 2113 5619 Ethiups.
2164 5555 2220 5604 et
2249 5545 2527 5619 editiones
2548 5541 2682 5619 Novi
2713 5536 3046 5596 Testamenti
3085 5535 3360 5619 universae
3390 5549 3407 5588 :

257 5607 556 5694 uiam
572 5607 858 5694 honora!
901 5607 1434 5694 ἐξακάὸεξϐηκότῳς
1479 5623 1548 5679 τό
1565 5640 1581 5694 ζ
1630 5625 1720 5692 Ὃς

1827 5623 1958 5678 item
2004 5607 2340 5694 Anﬂirosius
2376 5632 2390 5669 :
2444 5633 2464 5667 ι
2492 5615 2820 5694 Quicunque
2873 5607 3412 5694 receperitpnernm

181 5677 715 5762 éd3f_de£ntarr05co
742 5695 809 5749 τὸ
843 5693 1104 5751 παιδίον.
1144 5677 1348 5749 Locum
1382 5677 1532 5749 h'une
1561 5677 1720 5750 Luca;

1829 5677 2018 5762 istum.
2047 5711 2066 5744 ι
2087 5688 2445 5762 Euthymius:
2472 5677 2619 5762 «Qui
2636 5677 2937 5762 susceperit
2944 5677 3186 5762 puerum
3206 5677 3372 5762 hunc.
3386 5694 3408 5730 ι

184 5756 759 5841 ξοιιίςὶιαιξτιιθοόοτυε
803 5764 973 5841 Βθῑπ,
1018 5765 1416 5841 legendumque
1448 5764 1670 5841 c_onjieit
1701 5780 1716 5817 ε

185 5832 360 5907 ῖθιοζθτο
385 5832 444 5887 τὸ
474 5836 706 5907 παιδίον,
739 5836 826 5907 cui
872 5832 1636 5907 astipularividenturiSyrus
1664 5843 1720 5891 et

186 5892 362 5965 A"illis;
406 5905 494 5960 sed
543 5892 761 5976 Origeni
828 5892 1090 5962 assonant
1134 5905 1395 5976 Vulgata,
1446 5892 1609 5961 Persa
1667 5918 1722 5962 et

1827 5744 2312 5834 ili—eophylaetu‘s:
2352 5758 2449 5834 'Qg
2631 5744 3035 5834 aggerit'soﬁco
3075 5748 3136 5834 τὸ
3176 5744 3412 5834 παιδίαν,

1827 5817 1897 5889 At
1928 5817 2123 5887 deinde
2156 5838 2334 5884 tamen
2370 5817 2451 5882 sie
2489 5827 2578 5882 ille
2610 5846 2623 5882 :
2669 5817 2767 5889 Ὃς
2817 5819 2944 5888 οὖν,
2993 5820 3167 5892 φησὶ,
3201 5817 3412 5885 δέξεται

1826 5904 2036 5959 τοιοῦτο
2073 5900 2301 5957 παιδίον.
2333 5896 2596 5953 Hunnus.
3334 5922 3345 5941 τ
