  <div class='ocr_page' id='page_1' title='image "/cluster/home/n/w/nwhite01/storage/ocr_20150623/13/hvd.32044019207646/601.png"; bbox 0 0 3950 6560; ppageno 0'>
   <div class='ocr_carea' id='block_1_1' title="bbox 588 400 2160 468">
    <p class='ocr_par' dir='ltr' id='par_1_1' title="bbox 588 400 2160 466">
     <span class='ocr_line' id='line_1_1' title="bbox 588 400 2160 466; baseline 0.006 -9"><span class='ocrx_word' id='word_1_1' title='bbox 588 400 725 457; x_wconf 63' lang='grc'>1147</span> <span class='ocrx_word' id='word_1_2' title='bbox 2054 410 2160 466; x_wconf 80' lang='lat' dir='ltr'><strong>0R!</strong></span> 
     </span>
    </p>
   </div>
   <div class='ocr_carea' id='block_1_2' title="bbox 2267 400 3797 468">
    <p class='ocr_par' dir='ltr' id='par_1_2' title="bbox 2267 409 3797 468">
     <span class='ocr_line' id='line_1_2' title="bbox 2267 409 3797 468; baseline 0.001 -3"><span class='ocrx_word' id='word_1_3' title='bbox 2267 409 2378 465; x_wconf 86' lang='lat' dir='ltr'><strong>NIS</strong></span> <span class='ocrx_word' id='word_1_4' title='bbox 2555 447 2561 454; x_wconf 88' lang='lat'><strong>-</strong></span> <span class='ocrx_word' id='word_1_5' title='bbox 3692 411 3797 468; x_wconf 79' lang='lat' dir='ltr'><strong>ius</strong></span> 
     </span>
    </p>
   </div>
   <div class='ocr_carea' id='block_1_3' title="bbox 586 527 2160 602">
    <p class='ocr_par' dir='ltr' id='par_1_3' title="bbox 586 528 2156 602">
     <span class='ocr_line' id='line_1_3' title="bbox 586 528 2156 602; baseline 0 -15"><span class='ocrx_word' id='word_1_6' title='bbox 586 530 795 597; x_wconf 77' lang='lat' dir='ltr'><strong>statuit,</strong></span> <span class='ocrx_word' id='word_1_7' title='bbox 823 530 877 586; x_wconf 91' lang='lat' dir='ltr'><strong>in</strong></span> <span class='ocrx_word' id='word_1_8' title='bbox 900 531 1123 587; x_wconf 84' lang='lat' dir='ltr'><strong>nomine</strong></span> <span class='ocrx_word' id='word_1_9' title='bbox 1140 528 1290 599; x_wconf 86' lang='lat' dir='ltr'><strong>Jesu,</strong></span> <span class='ocrx_word' id='word_1_10' title='bbox 1310 531 1605 588; x_wconf 88' lang='lat' dir='ltr'><strong>secundum</strong></span> <span class='ocrx_word' id='word_1_11' title='bbox 1632 532 1853 594; x_wconf 83' lang='lat' dir='ltr'><strong>Lucam,</strong></span> <span class='ocrx_word' id='word_1_12' title='bbox 1879 532 2156 602; x_wconf 83' lang='lat' dir='ltr'><strong>suscipere</strong></span> 
     </span>
    </p>
   </div>
   <div class='ocr_carea' id='block_1_4' title="bbox 2267 527 3799 602">
    <p class='ocr_par' dir='ltr' id='par_1_4' title="bbox 2267 527 3799 602">
     <span class='ocr_line' id='line_1_4' title="bbox 2267 527 3799 602; baseline 0 -19"><span class='ocrx_word' id='word_1_13' title='bbox 2267 550 2281 583; x_wconf 83' lang='grc' dir='ltr'><strong>ι</strong></span> <span class='ocrx_word' id='word_1_14' title='bbox 2325 533 2420 595; x_wconf 87' lang='grc' dir='ltr'><strong>Ὃς</strong></span> <span class='ocrx_word' id='word_1_15' title='bbox 2451 529 2545 583; x_wconf 73' lang='grc' dir='ltr'><strong>ἐὰν</strong></span> <span class='ocrx_word' id='word_1_16' title='bbox 2587 528 2807 600; x_wconf 71' lang='grc' dir='ltr'>δέξηται</span> <span class='ocrx_word' id='word_1_17' title='bbox 2841 528 2997 583; x_wconf 80' lang='grc' dir='ltr'>τοῦτο</span> <span class='ocrx_word' id='word_1_18' title='bbox 3026 529 3089 583; x_wconf 71' lang='grc' dir='ltr'>τὸ</span> <span class='ocrx_word' id='word_1_19' title='bbox 3137 528 3351 583; x_wconf 76' lang='grc' dir='ltr'><strong>παιδίον</strong></span> <span class='ocrx_word' id='word_1_20' title='bbox 3388 528 3486 582; x_wconf 69' lang='grc' dir='ltr'><strong>ἐπὶ</strong></span> <span class='ocrx_word' id='word_1_21' title='bbox 3516 527 3589 600; x_wconf 84' lang='grc' dir='ltr'><strong>τῷ</strong></span> <span class='ocrx_word' id='word_1_22' title='bbox 3618 529 3799 602; x_wconf 70' lang='grc' dir='ltr'>ὀνόματί</span> 
     </span>
    </p>
   </div>
   <div class='ocr_carea' id='block_1_5' title="bbox 586 622 2160 699">
    <p class='ocr_par' dir='ltr' id='par_1_5' title="bbox 586 624 2157 694">
     <span class='ocr_line' id='line_1_5' title="bbox 586 624 2157 694; baseline 0.001 -16"><span class='ocrx_word' id='word_1_23' title='bbox 586 631 823 693; x_wconf 89' lang='lat' dir='ltr'><strong>oportet.</strong></span> <span class='ocrx_word' id='word_1_24' title='bbox 851 624 1026 694; x_wconf 84' lang='lat' dir='ltr'><strong>Atque</strong></span> <span class='ocrx_word' id='word_1_25' title='bbox 1058 624 1200 679; x_wconf 85' lang='lat' dir='ltr'><strong>haud</strong></span> <span class='ocrx_word' id='word_1_26' title='bbox 1231 624 1346 678; x_wconf 92' lang='lat' dir='ltr'><strong>scio</strong></span> <span class='ocrx_word' id='word_1_27' title='bbox 1380 640 1448 678; x_wconf 94' lang='lat' dir='ltr'><strong>an</strong></span> <span class='ocrx_word' id='word_1_28' title='bbox 1491 624 1543 679; x_wconf 87' lang='lat' dir='ltr'><strong>id</strong></span> <span class='ocrx_word' id='word_1_29' title='bbox 1583 625 1781 693; x_wconf 84' lang='lat' dir='ltr'><strong>aliquis</strong></span> <span class='ocrx_word' id='word_1_30' title='bbox 1823 624 2029 694; x_wconf 90' lang='lat' dir='ltr'><strong>tropice</strong></span> <span class='ocrx_word' id='word_1_31' title='bbox 2060 641 2157 679; x_wconf 80' lang='lat' dir='ltr'><strong>ex-</strong></span> 
     </span>
    </p>
   </div>
   <div class='ocr_carea' id='block_1_6' title="bbox 2267 622 3799 699">
    <p class='ocr_par' dir='ltr' id='par_1_6' title="bbox 2268 622 3799 699">
     <span class='ocr_line' id='line_1_6' title="bbox 2268 622 3799 699; baseline 0 -19"><span class='ocrx_word' id='word_1_32' title='bbox 2268 644 2390 699; x_wconf 87' lang='grc' dir='ltr'>μου.</span> <span class='ocrx_word' id='word_1_33' title='bbox 2436 646 2454 677; x_wconf 75' lang='grc' dir='ltr'><strong>ι</strong></span> <span class='ocrx_word' id='word_1_34' title='bbox 2494 625 2613 697; x_wconf 82' lang='grc' dir='ltr'><strong>Χρὴ</strong></span> <span class='ocrx_word' id='word_1_35' title='bbox 2646 626 2756 696; x_wconf 78' lang='grc' dir='ltr'><strong>γὰρ</strong></span> <span class='ocrx_word' id='word_1_36' title='bbox 2790 625 2965 678; x_wconf 87' lang='grc' dir='ltr'>ὲκεῐνο</span> <span class='ocrx_word' id='word_1_37' title='bbox 2995 625 3056 677; x_wconf 80' lang='grc' dir='ltr'>τὸ</span> <span class='ocrx_word' id='word_1_38' title='bbox 3089 625 3318 690; x_wconf 80' lang='grc' dir='ltr'><strong>παιδίον,</strong></span> <span class='ocrx_word' id='word_1_39' title='bbox 3355 624 3386 677; x_wconf 85' lang='grc' dir='ltr'><strong>δ</strong></span> <span class='ocrx_word' id='word_1_40' title='bbox 3415 622 3537 677; x_wconf 82' lang='grc' dir='ltr'>τότε</span> <span class='ocrx_word' id='word_1_41' title='bbox 3566 623 3799 695; x_wconf 69' lang='grc' dir='ltr'>ἔστησενό</span> 
     </span>
    </p>
   </div>
   <div class='ocr_carea' id='block_1_7' title="bbox 586 716 2160 792">
    <p class='ocr_par' dir='ltr' id='par_1_7' title="bbox 586 718 2157 790">
     <span class='ocr_line' id='line_1_7' title="bbox 586 718 2157 790; baseline 0.003 -20"><span class='ocrx_word' id='word_1_42' title='bbox 586 718 793 788; x_wconf 75' lang='lat' dir='ltr'><strong>plicare</strong></span> <span class='ocrx_word' id='word_1_43' title='bbox 848 720 1073 787; x_wconf 85' lang='lat' dir='ltr'><strong>possit:</strong></span> <span class='ocrx_word' id='word_1_44' title='bbox 1125 738 1144 771; x_wconf 82' lang='grc' dir='ltr'><strong>ι</strong></span> <span class='ocrx_word' id='word_1_45' title='bbox 1180 719 1507 790; x_wconf 84' lang='lat' dir='ltr'><strong>Quicunque</strong></span> <span class='ocrx_word' id='word_1_46' title='bbox 1562 720 1864 790; x_wconf 88' lang='lat' dir='ltr'><strong>susceperit</strong></span> <span class='ocrx_word' id='word_1_47' title='bbox 1929 736 2157 790; x_wconf 91' lang='lat' dir='ltr'><strong>puerum</strong></span> 
     </span>
    </p>
   </div>
   <div class='ocr_carea' id='block_1_8' title="bbox 2267 716 3798 792">
    <p class='ocr_par' dir='ltr' id='par_1_8' title="bbox 2278 716 3798 792">
     <span class='ocr_line' id='line_1_8' title="bbox 2278 716 3798 792; baseline -0.003 -18"><span class='ocrx_word' id='word_1_48' title='bbox 2278 719 2482 792; x_wconf 80' lang='grc' dir='ltr'>Ἰησοῦς</span> <span class='ocrx_word' id='word_1_49' title='bbox 2517 721 2646 790; x_wconf 84' lang='grc' dir='ltr'>παρ’</span> <span class='ocrx_word' id='word_1_50' title='bbox 2684 719 2861 790; x_wconf 77' lang='grc' dir='ltr'>ἐαυτῷ</span> <span class='ocrx_word' id='word_1_51' title='bbox 2892 719 3187 789; x_wconf 76' lang='grc' dir='ltr'>λαϐόμενος</span> <span class='ocrx_word' id='word_1_52' title='bbox 3214 716 3403 783; x_wconf 80' lang='grc' dir='ltr'>αὐτοῦ,</span> <span class='ocrx_word' id='word_1_53' title='bbox 3438 716 3675 781; x_wconf 80' lang='grc' dir='ltr'>δέξασθαι</span> <span class='ocrx_word' id='word_1_54' title='bbox 3697 717 3798 770; x_wconf 69' lang='grc' dir='ltr'>ἔκαε</span> 
     </span>
    </p>
   </div>
   <div class='ocr_carea' id='block_1_9' title="bbox 588 808 2160 882">
    <p class='ocr_par' dir='ltr' id='par_1_9' title="bbox 588 812 2157 882">
     <span class='ocr_line' id='line_1_9' title="bbox 588 812 2157 882; baseline 0.002 -18"><span class='ocrx_word' id='word_1_55' title='bbox 588 812 753 865; x_wconf 91' lang='lat' dir='ltr'><strong>istum</strong></span> <span class='ocrx_word' id='word_1_56' title='bbox 777 812 830 865; x_wconf 92' lang='lat' dir='ltr'><strong>in</strong></span> <span class='ocrx_word' id='word_1_57' title='bbox 860 812 1082 867; x_wconf 90' lang='lat' dir='ltr'><strong>nomine</strong></span> <span class='ocrx_word' id='word_1_58' title='bbox 1125 827 1287 879; x_wconf 91' lang='lat' dir='ltr'><strong>meo;</strong></span> <span class='ocrx_word' id='word_1_59' title='bbox 1321 832 1340 864; x_wconf 78' lang='grc' dir='ltr'><strong>ι</strong></span> <span class='ocrx_word' id='word_1_60' title='bbox 1375 813 1670 882; x_wconf 86' lang='lat' dir='ltr'><strong>unicuique</strong></span> <span class='ocrx_word' id='word_1_61' title='bbox 1712 813 1858 867; x_wconf 91' lang='lat' dir='ltr'><strong>enim</strong></span> <span class='ocrx_word' id='word_1_62' title='bbox 1906 822 2157 868; x_wconf 88' lang='lat' dir='ltr'><strong>nostrum</strong></span> 
     </span>
    </p>
   </div>
   <div class='ocr_carea' id='block_1_10' title="bbox 2267 808 3799 882">
    <p class='ocr_par' dir='ltr' id='par_1_10' title="bbox 2268 808 3799 882">
     <span class='ocr_line' id='line_1_10' title="bbox 2268 808 3799 882; baseline -0.001 -17"><span class='ocrx_word' id='word_1_63' title='bbox 2268 829 2390 865; x_wconf 86' lang='grc' dir='ltr'>στον</span> <span class='ocrx_word' id='word_1_64' title='bbox 2424 811 2579 882; x_wconf 83' lang='grc' dir='ltr'>ἡμῶν</span> <span class='ocrx_word' id='word_1_65' title='bbox 2612 811 2705 864; x_wconf 71' lang='grc' dir='ltr'><strong>ἐπὶ</strong></span> <span class='ocrx_word' id='word_1_66' title='bbox 2745 811 2822 882; x_wconf 81' lang='grc' dir='ltr'>τῷ</span> <span class='ocrx_word' id='word_1_67' title='bbox 2863 811 3086 881; x_wconf 79' lang='grc' dir='ltr'>ὀνόματι</span> <span class='ocrx_word' id='word_1_68' title='bbox 3116 811 3208 864; x_wconf 83' lang='grc' dir='ltr'><strong>τοῦ</strong></span> <span class='ocrx_word' id='word_1_69' title='bbox 3256 809 3472 881; x_wconf 82' lang='grc' dir='ltr'><strong>Ἰησοῦ⁶</strong></span> <span class='ocrx_word' id='word_1_70' title='bbox 3512 808 3576 879; x_wconf 78' lang='grc' dir='ltr'><strong>ζῇ</strong></span> <span class='ocrx_word' id='word_1_71' title='bbox 3620 810 3715 882; x_wconf 76' lang='grc' dir='ltr'><strong>γὰρ</strong></span> <span class='ocrx_word' id='word_1_72' title='bbox 3744 810 3799 875; x_wconf 78' lang='grc' dir='ltr'>ὡς</span> 
     </span>
    </p>
   </div>
   <div class='ocr_carea' id='block_1_11' title="bbox 589 897 2160 977">
    <p class='ocr_par' dir='ltr' id='par_1_11' title="bbox 589 903 2160 977">
     <span class='ocr_line' id='line_1_11' title="bbox 589 903 2160 977; baseline 0.003 -20"><span class='ocrx_word' id='word_1_73' title='bbox 589 919 723 972; x_wconf 90' lang='lat' dir='ltr'><strong>puer</strong></span> <span class='ocrx_word' id='word_1_74' title='bbox 747 903 857 970; x_wconf 92' lang='lat' dir='ltr'><strong>ille,</strong></span> <span class='ocrx_word' id='word_1_75' title='bbox 892 920 1052 975; x_wconf 90' lang='lat' dir='ltr'><strong>quem</strong></span> <span class='ocrx_word' id='word_1_76' title='bbox 1085 904 1246 960; x_wconf 85' lang='lat' dir='ltr'><strong>Jesus</strong></span> <span class='ocrx_word' id='word_1_77' title='bbox 1278 914 1409 961; x_wconf 89' lang='lat' dir='ltr'><strong>tunc</strong></span> <span class='ocrx_word' id='word_1_78' title='bbox 1446 906 1846 977; x_wconf 85' lang='lat' dir='ltr'><strong>apprehensum</strong></span> <span class='ocrx_word' id='word_1_79' title='bbox 1892 906 2049 975; x_wconf 85' lang='lat' dir='ltr'><strong>juxta</strong></span> <span class='ocrx_word' id='word_1_80' title='bbox 2101 924 2160 962; x_wconf 82' lang='lat' dir='ltr'><strong>se</strong></span> 
     </span>
    </p>
   </div>
   <div class='ocr_carea' id='block_1_12' title="bbox 2267 897 3800 977">
    <p class='ocr_par' dir='ltr' id='par_1_12' title="bbox 2267 897 3800 974">
     <span class='ocr_line' id='line_1_12' title="bbox 2267 897 3800 974; baseline -0.004 -19"><span class='ocrx_word' id='word_1_81' title='bbox 2267 900 2553 965; x_wconf 85' lang='grc' dir='ltr'>ἀθάνατον,</span> <span class='ocrx_word' id='word_1_82' title='bbox 2589 902 2682 954; x_wconf 69' lang='grc' dir='ltr'><strong>καὶ</strong></span> <span class='ocrx_word' id='word_1_83' title='bbox 2721 902 2826 974; x_wconf 81' lang='grc' dir='ltr'><strong>χρὴ</strong></span> <span class='ocrx_word' id='word_1_84' title='bbox 2869 901 3002 955; x_wconf 77' lang='grc' dir='ltr'>αὐτὸ</span> <span class='ocrx_word' id='word_1_85' title='bbox 3034 901 3128 954; x_wconf 82' lang='grc' dir='ltr'><strong>ἀπ’</strong></span> <span class='ocrx_word' id='word_1_86' title='bbox 3162 899 3327 955; x_wconf 79' lang='grc' dir='ltr'>αὑτοῦ</span> <span class='ocrx_word' id='word_1_87' title='bbox 3358 900 3456 952; x_wconf 75' lang='grc' dir='ltr'>τοῦ</span> <span class='ocrx_word' id='word_1_88' title='bbox 3495 897 3656 970; x_wconf 81' lang='grc' dir='ltr'>Ἰησοῦ</span> <span class='ocrx_word' id='word_1_89' title='bbox 3683 898 3800 964; x_wconf 72' lang='grc' dir='ltr'>δέξι-</span> 
     </span>
    </p>
   </div>
   <div class='ocr_carea' id='block_1_13' title="bbox 587 987 2160 1068">
    <p class='ocr_par' dir='ltr' id='par_1_13' title="bbox 587 996 2160 1068">
     <span class='ocr_line' id='line_1_13' title="bbox 587 996 2160 1068; baseline 0.003 -18"><span class='ocrx_word' id='word_1_90' title='bbox 587 997 893 1064; x_wconf 86' lang='lat' dir='ltr'><strong>constituit,</strong></span> <span class='ocrx_word' id='word_1_91' title='bbox 928 997 979 1051; x_wconf 90' lang='lat' dir='ltr'><strong>in</strong></span> <span class='ocrx_word' id='word_1_92' title='bbox 1028 997 1250 1052; x_wconf 89' lang='lat' dir='ltr'><strong>nomine</strong></span> <span class='ocrx_word' id='word_1_93' title='bbox 1289 996 1420 1052; x_wconf 86' lang='lat' dir='ltr'><strong>Jcsu</strong></span> <span class='ocrx_word' id='word_1_94' title='bbox 1465 998 1844 1068; x_wconf 89' lang='lat' dir='ltr'><strong>suscipiendus</strong></span> <span class='ocrx_word' id='word_1_95' title='bbox 1875 1008 2000 1064; x_wconf 88' lang='lat' dir='ltr'><strong>est;</strong></span> <span class='ocrx_word' id='word_1_96' title='bbox 2030 1000 2160 1054; x_wconf 80' lang='lat' dir='ltr'><strong>vivit</strong></span> 
     </span>
    </p>
   </div>
   <div class='ocr_carea' id='block_1_14' title="bbox 2267 987 3800 1068">
    <p class='ocr_par' dir='ltr' id='par_1_14' title="bbox 2270 987 3800 1064">
     <span class='ocr_line' id='line_1_14' title="bbox 2270 987 3800 1064; baseline 0 -20"><span class='ocrx_word' id='word_1_97' title='bbox 2270 990 2392 1045; x_wconf 89' lang='grc' dir='ltr'>σθαι</span> <span class='ocrx_word' id='word_1_98' title='bbox 2426 992 2519 1045; x_wconf 74' lang='grc' dir='ltr'><strong>ἐπὶ</strong></span> <span class='ocrx_word' id='word_1_99' title='bbox 2553 992 2631 1062; x_wconf 84' lang='grc' dir='ltr'>τῷ</span> <span class='ocrx_word' id='word_1_100' title='bbox 2664 992 2884 1064; x_wconf 83' lang='grc' dir='ltr'>ὀνόματι</span> <span class='ocrx_word' id='word_1_101' title='bbox 2911 992 3005 1047; x_wconf 82' lang='grc' dir='ltr'><strong>τοῦ</strong></span> <span class='ocrx_word' id='word_1_102' title='bbox 3053 994 3247 1062; x_wconf 76' lang='grc' dir='ltr'>Ἰησοῦ,</span> <span class='ocrx_word' id='word_1_103' title='bbox 3279 987 3340 1046; x_wconf 74' lang='grc' dir='ltr'>οὗ</span> <span class='ocrx_word' id='word_1_104' title='bbox 3384 993 3460 1063; x_wconf 81' lang='grc' dir='ltr'><strong>μὴ</strong></span> <span class='ocrx_word' id='word_1_105' title='bbox 3489 991 3800 1063; x_wconf 74' lang='grc' dir='ltr'><strong>χωριζόμενος</strong></span> 
     </span>
    </p>
   </div>
   <div class='ocr_carea' id='block_1_15' title="bbox 587 1086 2160 1161">
    <p class='ocr_par' dir='ltr' id='par_1_15' title="bbox 587 1088 2160 1161">
     <span class='ocr_line' id='line_1_15' title="bbox 587 1088 2160 1161; baseline 0.003 -20"><span class='ocrx_word' id='word_1_106' title='bbox 587 1088 729 1142; x_wconf 91' lang='lat' dir='ltr'><strong>enim</strong></span> <span class='ocrx_word' id='word_1_107' title='bbox 768 1089 923 1158; x_wconf 88' lang='lat' dir='ltr'><strong>quasi</strong></span> <span class='ocrx_word' id='word_1_108' title='bbox 950 1089 1296 1157; x_wconf 87' lang='lat' dir='ltr'><strong>immortalis,</strong></span> <span class='ocrx_word' id='word_1_109' title='bbox 1324 1097 1378 1145; x_wconf 91' lang='lat' dir='ltr'><strong>et</strong></span> <span class='ocrx_word' id='word_1_110' title='bbox 1409 1104 1532 1145; x_wconf 91' lang='lat' dir='ltr'><strong>eum</strong></span> <span class='ocrx_word' id='word_1_111' title='bbox 1561 1091 1630 1145; x_wconf 89' lang='lat' dir='ltr'><strong>ab</strong></span> <span class='ocrx_word' id='word_1_112' title='bbox 1660 1092 1778 1161; x_wconf 91' lang='lat' dir='ltr'><strong>ipso</strong></span> <span class='ocrx_word' id='word_1_113' title='bbox 1806 1090 1935 1146; x_wconf 85' lang='lat' dir='ltr'><strong>Jesu</strong></span> <span class='ocrx_word' id='word_1_114' title='bbox 1968 1092 2021 1145; x_wconf 91' lang='lat' dir='ltr'><strong>in</strong></span> <span class='ocrx_word' id='word_1_115' title='bbox 2062 1108 2160 1147; x_wconf 94' lang='lat' dir='ltr'><strong>no-</strong></span> 
     </span>
    </p>
   </div>
   <div class='ocr_carea' id='block_1_16' title="bbox 2267 1086 3801 1161">
    <p class='ocr_par' dir='ltr' id='par_1_16' title="bbox 2267 1086 3801 1159">
     <span class='ocr_line' id='line_1_16' title="bbox 2267 1086 3801 1159; baseline 0 -22"><span class='ocrx_word' id='word_1_116' title='bbox 2267 1087 2296 1138; x_wconf 86' lang='grc' dir='ltr'>ὁ</span> <span class='ocrx_word' id='word_1_117' title='bbox 2328 1086 2533 1157; x_wconf 80' lang='grc' dir='ltr'>Ἰησοῦς</span> <span class='ocrx_word' id='word_1_118' title='bbox 2559 1087 2766 1154; x_wconf 83' lang='grc' dir='ltr'>γίνεται</span> <span class='ocrx_word' id='word_1_119' title='bbox 2800 1086 2949 1159; x_wconf 79' lang='grc' dir='ltr'>παρὰ</span> <span class='ocrx_word' id='word_1_120' title='bbox 2973 1086 3050 1157; x_wconf 78' lang='grc' dir='ltr'><strong>τῷ</strong></span> <span class='ocrx_word' id='word_1_121' title='bbox 3076 1086 3354 1157; x_wconf 82' lang='grc' dir='ltr'><strong>δεχομένῳ</strong></span> <span class='ocrx_word' id='word_1_122' title='bbox 3399 1087 3461 1139; x_wconf 80' lang='grc' dir='ltr'>τὸ</span> <span class='ocrx_word' id='word_1_123' title='bbox 3501 1086 3720 1146; x_wconf 78' lang='grc' dir='ltr'><strong>παιδίον,</strong></span> <span class='ocrx_word' id='word_1_124' title='bbox 3748 1086 3801 1149; x_wconf 76' lang='grc' dir='ltr'><strong>ὡς</strong></span> 
     </span>
    </p>
   </div>
   <div class='ocr_carea' id='block_1_17' title="bbox 588 1173 2160 1254">
    <p class='ocr_par' dir='ltr' id='par_1_17' title="bbox 588 1178 2160 1254">
     <span class='ocr_line' id='line_1_17' title="bbox 588 1178 2160 1254; baseline 0.003 -21"><span class='ocrx_word' id='word_1_125' title='bbox 588 1180 735 1234; x_wconf 92' lang='lat' dir='ltr'><strong>mine</strong></span> <span class='ocrx_word' id='word_1_126' title='bbox 763 1178 890 1235; x_wconf 82' lang='lat' dir='ltr'><strong>Jesu</strong></span> <span class='ocrx_word' id='word_1_127' title='bbox 924 1182 1204 1251; x_wconf 85' lang='lat' dir='ltr'><strong>suscipere</strong></span> <span class='ocrx_word' id='word_1_128' title='bbox 1236 1189 1453 1252; x_wconf 86' lang='lat' dir='ltr'><strong>oportet</strong></span> <span class='ocrx_word' id='word_1_129' title='bbox 1478 1201 1492 1250; x_wconf 94' lang='lat'><strong>;</strong></span> <span class='ocrx_word' id='word_1_130' title='bbox 1531 1200 1560 1238; x_wconf 90' lang='lat' dir='ltr'><strong>a</strong></span> <span class='ocrx_word' id='word_1_131' title='bbox 1590 1198 1701 1253; x_wconf 93' lang='lat' dir='ltr'><strong>quo</strong></span> <span class='ocrx_word' id='word_1_132' title='bbox 1729 1185 1955 1239; x_wconf 87' lang='lat' dir='ltr'><strong>minime</strong></span> <span class='ocrx_word' id='word_1_133' title='bbox 1984 1185 2160 1254; x_wconf 89' lang='lat' dir='ltr'><strong>sejun-</strong></span> 
     </span>
    </p>
   </div>
   <div class='ocr_carea' id='block_1_18' title="bbox 2267 1173 3799 1254">
    <p class='ocr_par' dir='ltr' id='par_1_18' title="bbox 2268 1173 3799 1248">
     <span class='ocr_line' id='line_1_18' title="bbox 2268 1173 3799 1248; baseline 0.002 -21"><span class='ocrx_word' id='word_1_134' title='bbox 2268 1173 2411 1227; x_wconf 83' lang='grc' dir='ltr'>κατὰ</span> <span class='ocrx_word' id='word_1_135' title='bbox 2434 1174 2593 1227; x_wconf 83' lang='grc' dir='ltr'>τοῦτο</span> <span class='ocrx_word' id='word_1_136' title='bbox 2618 1174 2864 1246; x_wconf 83' lang='grc' dir='ltr'><strong>λελέχθαι</strong></span> <span class='ocrx_word' id='word_1_137' title='bbox 2905 1176 2993 1229; x_wconf 82' lang='grc' dir='ltr'><strong>τό·</strong></span> <span class='ocrx_word' id='word_1_138' title='bbox 3036 1195 3054 1227; x_wconf 79' lang='grc' dir='ltr'><strong>ι</strong></span> <span class='ocrx_word' id='word_1_139' title='bbox 3096 1178 3190 1240; x_wconf 85' lang='grc' dir='ltr'><strong>Ὃς</strong></span> <span class='ocrx_word' id='word_1_140' title='bbox 3225 1176 3322 1230; x_wconf 73' lang='grc' dir='ltr'>ἐὰν</span> <span class='ocrx_word' id='word_1_141' title='bbox 3362 1176 3582 1248; x_wconf 84' lang='grc' dir='ltr'>δέξηται</span> <span class='ocrx_word' id='word_1_142' title='bbox 3606 1175 3799 1230; x_wconf 72' lang='grc' dir='ltr'>τοῦτοώ</span> 
     </span>
    </p>
   </div>
   <div class='ocr_carea' id='block_1_19' title="bbox 587 1265 2160 1346">
    <p class='ocr_par' dir='ltr' id='par_1_19' title="bbox 587 1270 2159 1346">
     <span class='ocr_line' id='line_1_19' title="bbox 587 1270 2159 1346; baseline 0.003 -20"><span class='ocrx_word' id='word_1_143' title='bbox 587 1282 707 1326; x_wconf 90' lang='lat' dir='ltr'><strong>ctus</strong></span> <span class='ocrx_word' id='word_1_144' title='bbox 734 1270 913 1339; x_wconf 85' lang='lat' dir='ltr'><strong>Jesus,</strong></span> <span class='ocrx_word' id='word_1_145' title='bbox 948 1272 1091 1342; x_wconf 91' lang='lat' dir='ltr'><strong>apud</strong></span> <span class='ocrx_word' id='word_1_146' title='bbox 1127 1289 1251 1327; x_wconf 92' lang='lat' dir='ltr'><strong>eum</strong></span> <span class='ocrx_word' id='word_1_147' title='bbox 1295 1283 1379 1329; x_wconf 92' lang='lat' dir='ltr'><strong>est</strong></span> <span class='ocrx_word' id='word_1_148' title='bbox 1422 1276 1516 1346; x_wconf 86' lang='lat' dir='ltr'><strong>qui</strong></span> <span class='ocrx_word' id='word_1_149' title='bbox 1560 1291 1791 1345; x_wconf 89' lang='lat' dir='ltr'><strong>puerum</strong></span> <span class='ocrx_word' id='word_1_150' title='bbox 1837 1277 2159 1346; x_wconf 89' lang='lat' dir='ltr'><strong>susceperit,</strong></span> 
     </span>
    </p>
   </div>
   <div class='ocr_carea' id='block_1_20' title="bbox 2267 1265 3799 1346">
    <p class='ocr_par' dir='ltr' id='par_1_20' title="bbox 2269 1265 3799 1340">
     <span class='ocr_line' id='line_1_20' title="bbox 2269 1265 3799 1340; baseline 0 -21"><span class='ocrx_word' id='word_1_151' title='bbox 2269 1268 2481 1325; x_wconf 83' lang='grc' dir='ltr'><strong>παιδίον</strong></span> <span class='ocrx_word' id='word_1_152' title='bbox 2505 1268 2599 1320; x_wconf 74' lang='grc' dir='ltr'>ἐπὶ</span> <span class='ocrx_word' id='word_1_153' title='bbox 2625 1267 2701 1339; x_wconf 81' lang='grc' dir='ltr'>τῷ</span> <span class='ocrx_word' id='word_1_154' title='bbox 2724 1269 2950 1340; x_wconf 84' lang='grc' dir='ltr'>ὀνόματί</span> <span class='ocrx_word' id='word_1_155' title='bbox 2984 1286 3108 1340; x_wconf 86' lang='grc' dir='ltr'>μου,</span> <span class='ocrx_word' id='word_1_156' title='bbox 3138 1270 3237 1339; x_wconf 77' lang='grc' dir='ltr'><strong>ἐμὲ</strong></span> <span class='ocrx_word' id='word_1_157' title='bbox 3263 1269 3504 1340; x_wconf 84' lang='grc' dir='ltr'>δέχεται.</span> <span class='ocrx_word' id='word_1_158' title='bbox 3542 1288 3561 1321; x_wconf 71' lang='grc' dir='ltr'><strong>ι</strong></span> <span class='ocrx_word' id='word_1_159' title='bbox 3592 1265 3689 1321; x_wconf 82' lang='grc' dir='ltr'><strong>Εἶτ’</strong></span> <span class='ocrx_word' id='word_1_160' title='bbox 3714 1269 3799 1320; x_wconf 75' lang='grc' dir='ltr'>ἐπεὶ</span> 
     </span>
    </p>
   </div>
   <div class='ocr_carea' id='block_1_21' title="bbox 590 1357 2160 1438">
    <p class='ocr_par' dir='ltr' id='par_1_21' title="bbox 590 1361 2160 1438">
     <span class='ocr_line' id='line_1_21' title="bbox 590 1361 2160 1438; baseline 0.006 -24"><span class='ocrx_word' id='word_1_161' title='bbox 590 1361 663 1415; x_wconf 85' lang='lat' dir='ltr'><strong>ita</strong></span> <span class='ocrx_word' id='word_1_162' title='bbox 695 1372 752 1417; x_wconf 92' lang='lat' dir='ltr'><strong>ut</strong></span> <span class='ocrx_word' id='word_1_163' title='bbox 783 1363 940 1432; x_wconf 81' lang='lat' dir='ltr'><strong>juxta</strong></span> <span class='ocrx_word' id='word_1_164' title='bbox 986 1364 1120 1419; x_wconf 90' lang='lat' dir='ltr'><strong>illud</strong></span> <span class='ocrx_word' id='word_1_165' title='bbox 1168 1364 1276 1420; x_wconf 93' lang='lat' dir='ltr'><strong>dici</strong></span> <span class='ocrx_word' id='word_1_166' title='bbox 1312 1366 1521 1436; x_wconf 87' lang='lat' dir='ltr'><strong>possit:</strong></span> <span class='ocrx_word' id='word_1_167' title='bbox 1562 1387 1580 1418; x_wconf 75' lang='grc' dir='ltr'><strong>ι</strong></span> <span class='ocrx_word' id='word_1_168' title='bbox 1613 1365 1936 1438; x_wconf 83' lang='lat' dir='ltr'><strong>Quicunque</strong></span> <span class='ocrx_word' id='word_1_169' title='bbox 1977 1384 2160 1423; x_wconf 90' lang='lat' dir='ltr'><strong>susce-</strong></span> 
     </span>
    </p>
   </div>
   <div class='ocr_carea' id='block_1_22' title="bbox 2267 1357 3801 1438">
    <p class='ocr_par' dir='ltr' id='par_1_22' title="bbox 2268 1357 3801 1433">
     <span class='ocr_line' id='line_1_22' title="bbox 2268 1357 3801 1433; baseline -0.001 -21"><span class='ocrx_word' id='word_1_170' title='bbox 2268 1357 2567 1431; x_wconf 79' lang='grc' dir='ltr'>ἁχώριστός</span> <span class='ocrx_word' id='word_1_171' title='bbox 2615 1362 2729 1413; x_wconf 80' lang='grc' dir='ltr'>ἐστι</span> <span class='ocrx_word' id='word_1_172' title='bbox 2791 1358 2887 1414; x_wconf 77' lang='grc' dir='ltr'>τοῦ</span> <span class='ocrx_word' id='word_1_173' title='bbox 2938 1360 3067 1413; x_wconf 83' lang='grc' dir='ltr'>Υίοῦ</span> <span class='ocrx_word' id='word_1_174' title='bbox 3112 1363 3140 1413; x_wconf 88' lang='grc' dir='ltr'>ὁ</span> <span class='ocrx_word' id='word_1_175' title='bbox 3187 1361 3403 1433; x_wconf 78' lang='grc' dir='ltr'>Πατὴρ,</span> <span class='ocrx_word' id='word_1_176' title='bbox 3453 1360 3654 1427; x_wconf 82' lang='grc' dir='ltr'>γίνεται</span> <span class='ocrx_word' id='word_1_177' title='bbox 3692 1357 3801 1429; x_wconf 67' lang='grc' dir='ltr'>παρὰ</span> 
     </span>
    </p>
   </div>
   <div class='ocr_carea' id='block_1_23' title="bbox 591 1450 2160 1528">
    <p class='ocr_par' dir='ltr' id='par_1_23' title="bbox 591 1455 2155 1528">
     <span class='ocr_line' id='line_1_23' title="bbox 591 1455 2155 1528; baseline 0.001 -21"><span class='ocrx_word' id='word_1_178' title='bbox 591 1455 728 1523; x_wconf 87' lang='lat' dir='ltr'><strong>perit</strong></span> <span class='ocrx_word' id='word_1_179' title='bbox 758 1471 987 1523; x_wconf 80' lang='lat' dir='ltr'><strong>puerum</strong></span> <span class='ocrx_word' id='word_1_180' title='bbox 1018 1457 1183 1512; x_wconf 89' lang='lat' dir='ltr'><strong>istum</strong></span> <span class='ocrx_word' id='word_1_181' title='bbox 1220 1456 1275 1510; x_wconf 91' lang='lat' dir='ltr'><strong>in</strong></span> <span class='ocrx_word' id='word_1_182' title='bbox 1307 1458 1531 1513; x_wconf 91' lang='lat' dir='ltr'><strong>nomine</strong></span> <span class='ocrx_word' id='word_1_183' title='bbox 1582 1474 1724 1526; x_wconf 91' lang='lat' dir='ltr'><strong>meo,</strong></span> <span class='ocrx_word' id='word_1_184' title='bbox 1762 1474 1848 1514; x_wconf 91' lang='lat' dir='ltr'><strong>me</strong></span> <span class='ocrx_word' id='word_1_185' title='bbox 1895 1458 2104 1528; x_wconf 86' lang='lat' dir='ltr'><strong>recipit.</strong></span> <span class='ocrx_word' id='word_1_186' title='bbox 2136 1477 2155 1509; x_wconf 78' lang='grc' dir='ltr'><strong>ι</strong></span> 
     </span>
    </p>
   </div>
   <div class='ocr_carea' id='block_1_24' title="bbox 2267 1450 3801 1528">
    <p class='ocr_par' dir='ltr' id='par_1_24' title="bbox 2268 1450 3801 1523">
     <span class='ocr_line' id='line_1_24' title="bbox 2268 1450 3801 1523; baseline -0.001 -19"><span class='ocrx_word' id='word_1_187' title='bbox 2268 1450 2345 1522; x_wconf 83' lang='grc' dir='ltr'>τῷ</span> <span class='ocrx_word' id='word_1_188' title='bbox 2390 1451 2667 1523; x_wconf 82' lang='grc' dir='ltr'>δεξαμένῳ</span> <span class='ocrx_word' id='word_1_189' title='bbox 2692 1452 2784 1505; x_wconf 80' lang='grc' dir='ltr'>τὸν</span> <span class='ocrx_word' id='word_1_190' title='bbox 2818 1452 2974 1504; x_wconf 78' lang='grc' dir='ltr'>Υῐόν·</span> <span class='ocrx_word' id='word_1_191' title='bbox 3015 1451 3095 1504; x_wconf 82' lang='grc' dir='ltr'><strong>διὸ</strong></span> <span class='ocrx_word' id='word_1_192' title='bbox 3127 1452 3413 1506; x_wconf 81' lang='grc' dir='ltr'>λέλεκται’</span> <span class='ocrx_word' id='word_1_193' title='bbox 3457 1471 3477 1503; x_wconf 79' lang='grc' dir='ltr'><strong>ι</strong></span> <span class='ocrx_word' id='word_1_194' title='bbox 3516 1451 3623 1504; x_wconf 71' lang='grc' dir='ltr'><strong>Καὶ</strong></span> <span class='ocrx_word' id='word_1_195' title='bbox 3654 1451 3702 1513; x_wconf 80' lang='grc' dir='ltr'><strong>ὃς</strong></span> <span class='ocrx_word' id='word_1_196' title='bbox 3733 1450 3801 1502; x_wconf 68' lang='grc' dir='ltr'>ἐὰν</span> 
     </span>
    </p>
   </div>
   <div class='ocr_carea' id='block_1_25' title="bbox 590 1540 2160 1621">
    <p class='ocr_par' dir='ltr' id='par_1_25' title="bbox 590 1546 2160 1621">
     <span class='ocr_line' id='line_1_25' title="bbox 590 1546 2160 1621; baseline 0.004 -22"><span class='ocrx_word' id='word_1_197' title='bbox 590 1546 793 1602; x_wconf 84' lang='lat' dir='ltr'><strong>Deinde</strong></span> <span class='ocrx_word' id='word_1_198' title='bbox 817 1563 944 1602; x_wconf 88' lang='lat' dir='ltr'><strong>vero</strong></span> <span class='ocrx_word' id='word_1_199' title='bbox 973 1564 1096 1603; x_wconf 91' lang='lat' dir='ltr'><strong>cum</strong></span> <span class='ocrx_word' id='word_1_200' title='bbox 1130 1565 1160 1604; x_wconf 89' lang='lat' dir='ltr'><strong>a</strong></span> <span class='ocrx_word' id='word_1_201' title='bbox 1193 1549 1331 1604; x_wconf 86' lang='lat' dir='ltr'><strong>Filio</strong></span> <span class='ocrx_word' id='word_1_202' title='bbox 1361 1548 1520 1604; x_wconf 89' lang='lat' dir='ltr'><strong>Pater</strong></span> <span class='ocrx_word' id='word_1_203' title='bbox 1554 1566 1661 1605; x_wconf 93' lang='lat' dir='ltr'><strong>non</strong></span> <span class='ocrx_word' id='word_1_204' title='bbox 1684 1559 1985 1621; x_wconf 87' lang='lat' dir='ltr'><strong>separetur,</strong></span> <span class='ocrx_word' id='word_1_205' title='bbox 2020 1552 2160 1621; x_wconf 89' lang='lat' dir='ltr'><strong>apud</strong></span> 
     </span>
    </p>
   </div>
   <div class='ocr_carea' id='block_1_26' title="bbox 2267 1540 3799 1621">
    <p class='ocr_par' dir='ltr' id='par_1_26' title="bbox 2271 1540 3799 1615">
     <span class='ocr_line' id='line_1_26' title="bbox 2271 1540 3799 1615; baseline -0.001 -19"><span class='ocrx_word' id='word_1_206' title='bbox 2271 1544 2369 1614; x_wconf 73' lang='grc' dir='ltr'><strong>ἐμὲ</strong></span> <span class='ocrx_word' id='word_1_207' title='bbox 2392 1543 2629 1615; x_wconf 81' lang='grc' dir='ltr'><strong>δέξηται,</strong></span> <span class='ocrx_word' id='word_1_208' title='bbox 2649 1544 2859 1614; x_wconf 87' lang='grc' dir='ltr'>δέχεται</span> <span class='ocrx_word' id='word_1_209' title='bbox 2885 1545 2977 1597; x_wconf 85' lang='grc' dir='ltr'>τὸν</span> <span class='ocrx_word' id='word_1_210' title='bbox 2998 1544 3401 1599; x_wconf 83' lang='grc' dir='ltr'>ἀποστείλαντά</span> <span class='ocrx_word' id='word_1_211' title='bbox 3427 1560 3516 1615; x_wconf 83' lang='grc' dir='ltr'><strong>με.</strong></span> <span class='ocrx_word' id='word_1_212' title='bbox 3548 1562 3566 1595; x_wconf 74' lang='grc' dir='ltr'><strong>ι</strong></span> <span class='ocrx_word' id='word_1_213' title='bbox 3604 1543 3656 1595; x_wconf 88' lang='grc' dir='ltr'>Ὀ</span> <span class='ocrx_word' id='word_1_214' title='bbox 3671 1542 3717 1596; x_wconf 81' lang='grc' dir='ltr'>δὲ</span> <span class='ocrx_word' id='word_1_215' title='bbox 3737 1540 3799 1594; x_wconf 75' lang='grc' dir='ltr'>δε-</span> 
     </span>
    </p>
   </div>
   <div class='ocr_carea' id='block_1_27' title="bbox 588 1633 2160 1712">
    <p class='ocr_par' dir='ltr' id='par_1_27' title="bbox 588 1640 2158 1712">
     <span class='ocr_line' id='line_1_27' title="bbox 588 1640 2158 1712; baseline 0.005 -21"><span class='ocrx_word' id='word_1_216' title='bbox 588 1654 712 1692; x_wconf 87' lang='lat' dir='ltr'><strong>cmn</strong></span> <span class='ocrx_word' id='word_1_217' title='bbox 747 1649 832 1694; x_wconf 89' lang='lat' dir='ltr'><strong>est</strong></span> <span class='ocrx_word' id='word_1_218' title='bbox 857 1641 950 1709; x_wconf 89' lang='lat' dir='ltr'><strong>qui</strong></span> <span class='ocrx_word' id='word_1_219' title='bbox 974 1640 1174 1696; x_wconf 88' lang='lat' dir='ltr'><strong>Filium</strong></span> <span class='ocrx_word' id='word_1_220' title='bbox 1202 1642 1504 1712; x_wconf 88' lang='lat' dir='ltr'><strong>susceperit</strong></span> <span class='ocrx_word' id='word_1_221' title='bbox 1530 1660 1545 1709; x_wconf 87' lang='lat'><strong>;</strong></span> <span class='ocrx_word' id='word_1_222' title='bbox 1575 1643 1717 1697; x_wconf 92' lang='lat' dir='ltr'><strong>unde</strong></span> <span class='ocrx_word' id='word_1_223' title='bbox 1737 1644 1945 1698; x_wconf 90' lang='lat' dir='ltr'><strong>dictum</strong></span> <span class='ocrx_word' id='word_1_224' title='bbox 1978 1645 2118 1699; x_wconf 72' lang='lat' dir='ltr'><strong>est“</strong></span> <span class='ocrx_word' id='word_1_225' title='bbox 2144 1663 2158 1699; x_wconf 90' lang='lat'><strong>:</strong></span> 
     </span>
    </p>
   </div>
   <div class='ocr_carea' id='block_1_28' title="bbox 2267 1633 3803 1712">
    <p class='ocr_par' dir='ltr' id='par_1_28' title="bbox 2270 1633 3803 1708">
     <span class='ocr_line' id='line_1_28' title="bbox 2270 1633 3803 1708; baseline -0.002 -20"><span class='ocrx_word' id='word_1_226' title='bbox 2270 1634 2502 1707; x_wconf 83' lang='grc' dir='ltr'><strong>ξάμενος</strong></span> <span class='ocrx_word' id='word_1_227' title='bbox 2532 1635 2594 1688; x_wconf 87' lang='grc' dir='ltr'>τὸ</span> <span class='ocrx_word' id='word_1_228' title='bbox 2630 1635 2874 1698; x_wconf 84' lang='grc' dir='ltr'>παιδίον,</span> <span class='ocrx_word' id='word_1_229' title='bbox 2910 1635 3005 1688; x_wconf 70' lang='grc' dir='ltr'><strong>καὶ</strong></span> <span class='ocrx_word' id='word_1_230' title='bbox 3045 1635 3135 1688; x_wconf 85' lang='grc' dir='ltr'>τὸν</span> <span class='ocrx_word' id='word_1_231' title='bbox 3174 1636 3434 1708; x_wconf 77' lang='grc' dir='ltr'><strong>Σωτῆρα,</strong></span> <span class='ocrx_word' id='word_1_232' title='bbox 3471 1636 3567 1688; x_wconf 76' lang='grc' dir='ltr'><strong>καὶ</strong></span> <span class='ocrx_word' id='word_1_233' title='bbox 3592 1635 3673 1686; x_wconf 78' lang='grc' dir='ltr'>τὸν</span> <span class='ocrx_word' id='word_1_234' title='bbox 3705 1633 3803 1685; x_wconf 79' lang='grc' dir='ltr'>ἀπο-</span> 
     </span>
    </p>
   </div>
   <div class='ocr_carea' id='block_1_29' title="bbox 594 1716 2160 1804">
    <p class='ocr_par' dir='ltr' id='par_1_29' title="bbox 594 1716 2160 1804">
     <span class='ocr_line' id='line_1_29' title="bbox 594 1716 2160 1804; baseline 0.006 -23"><span class='ocrx_word' id='word_1_235' title='bbox 594 1749 612 1781; x_wconf 76' lang='grc' dir='ltr'><strong>ι</strong></span> <span class='ocrx_word' id='word_1_236' title='bbox 648 1730 713 1785; x_wconf 85' lang='grc' dir='ltr'>Ει</span> <span class='ocrx_word' id='word_1_237' title='bbox 740 1732 1056 1801; x_wconf 86' lang='lat' dir='ltr'><strong>quicunque</strong></span> <span class='ocrx_word' id='word_1_238' title='bbox 1083 1748 1170 1789; x_wconf 89' lang='lat' dir='ltr'><strong>me</strong></span> <span class='ocrx_word' id='word_1_239' title='bbox 1217 1733 1504 1803; x_wconf 87' lang='lat' dir='ltr'><strong>receperit,</strong></span> <span class='ocrx_word' id='word_1_240' title='bbox 1540 1734 1732 1804; x_wconf 89' lang='lat' dir='ltr'><strong>recipit</strong></span> <span class='ocrx_word' id='word_1_241' title='bbox 1772 1716 2035 1804; x_wconf 85' lang='lat' dir='ltr'><strong>eumqui</strong></span> <span class='ocrx_word' id='word_1_242' title='bbox 2073 1750 2160 1790; x_wconf 90' lang='lat' dir='ltr'><strong>me</strong></span> 
     </span>
    </p>
   </div>
   <div class='ocr_carea' id='block_1_30' title="bbox 2267 1716 3805 1804">
    <p class='ocr_par' dir='ltr' id='par_1_30' title="bbox 2270 1724 3805 1801">
     <span class='ocr_line' id='line_1_30' title="bbox 2270 1724 3805 1801; baseline -0.003 -17"><span class='ocrx_word' id='word_1_243' title='bbox 2270 1730 2559 1785; x_wconf 80' lang='grc' dir='ltr'>στείλαντα</span> <span class='ocrx_word' id='word_1_244' title='bbox 2589 1728 2772 1793; x_wconf 81' lang='grc' dir='ltr'>αὐτὸν,</span> <span class='ocrx_word' id='word_1_245' title='bbox 2813 1730 3134 1801; x_wconf 83' lang='grc' dir='ltr'>μικρότερός</span> <span class='ocrx_word' id='word_1_246' title='bbox 3162 1732 3310 1783; x_wconf 76' lang='grc' dir='ltr'>ἐστιν</span> <span class='ocrx_word' id='word_1_247' title='bbox 3351 1730 3413 1782; x_wconf 90' lang='grc' dir='ltr'>ὲν</span> <span class='ocrx_word' id='word_1_248' title='bbox 3441 1730 3574 1782; x_wconf 84' lang='grc' dir='ltr'>πᾶσι</span> <span class='ocrx_word' id='word_1_249' title='bbox 3605 1729 3701 1790; x_wconf 73' lang='grc' dir='ltr'>τοῖς</span> <span class='ocrx_word' id='word_1_250' title='bbox 3732 1724 3805 1796; x_wconf 80' lang='grc' dir='ltr'><strong>Ἰη-</strong></span> 
     </span>
    </p>
   </div>
   <div class='ocr_carea' id='block_1_31' title="bbox 587 1820 2160 1896">
    <p class='ocr_par' dir='ltr' id='par_1_31' title="bbox 587 1823 2160 1894">
     <span class='ocr_line' id='line_1_31' title="bbox 587 1823 2160 1894; baseline 0.004 -20"><span class='ocrx_word' id='word_1_251' title='bbox 587 1823 758 1876; x_wconf 82' lang='lat' dir='ltr'><strong>misit.</strong></span> <span class='ocrx_word' id='word_1_252' title='bbox 794 1842 813 1875; x_wconf 75' lang='grc' dir='ltr'><strong>ι</strong></span> <span class='ocrx_word' id='word_1_253' title='bbox 847 1823 950 1889; x_wconf 87' lang='lat' dir='ltr'><strong>Qui</strong></span> <span class='ocrx_word' id='word_1_254' title='bbox 982 1834 1162 1879; x_wconf 89' lang='lat' dir='ltr'><strong>autem</strong></span> <span class='ocrx_word' id='word_1_255' title='bbox 1192 1826 1502 1894; x_wconf 88' lang='lat' dir='ltr'><strong>puerulum,</strong></span> <span class='ocrx_word' id='word_1_256' title='bbox 1533 1835 1588 1881; x_wconf 91' lang='lat' dir='ltr'><strong>et</strong></span> <span class='ocrx_word' id='word_1_257' title='bbox 1617 1825 1982 1893; x_wconf 89' lang='lat' dir='ltr'><strong>Servatorem,</strong></span> <span class='ocrx_word' id='word_1_258' title='bbox 2005 1842 2160 1882; x_wconf 89' lang='lat' dir='ltr'><strong>eum-</strong></span> 
     </span>
    </p>
   </div>
   <div class='ocr_carea' id='block_1_32' title="bbox 2267 1820 3806 1896">
    <p class='ocr_par' dir='ltr' id='par_1_32' title="bbox 2270 1820 3806 1896">
     <span class='ocr_line' id='line_1_32' title="bbox 2270 1820 3806 1896; baseline -0.005 -18"><span class='ocrx_word' id='word_1_259' title='bbox 2270 1824 2364 1878; x_wconf 84' lang='grc' dir='ltr'>σοῦ</span> <span class='ocrx_word' id='word_1_260' title='bbox 2391 1823 2656 1896; x_wconf 77' lang='grc' dir='ltr'><strong>μαθηταῖς</strong></span> <span class='ocrx_word' id='word_1_261' title='bbox 2687 1823 2876 1876; x_wconf 75' lang='grc' dir='ltr'>ἑαυτὸν</span> <span class='ocrx_word' id='word_1_262' title='bbox 2903 1823 3235 1895; x_wconf 81' lang='grc' dir='ltr'>σμικρύνων·</span> <span class='ocrx_word' id='word_1_263' title='bbox 3269 1824 3401 1877; x_wconf 85' lang='grc' dir='ltr'>ὅσον</span> <span class='ocrx_word' id='word_1_264' title='bbox 3425 1822 3485 1874; x_wconf 83' lang='grc' dir='ltr'>δὲ</span> <span class='ocrx_word' id='word_1_265' title='bbox 3514 1820 3688 1875; x_wconf 77' lang='grc' dir='ltr'>ἑαυτὸν</span> <span class='ocrx_word' id='word_1_266' title='bbox 3712 1835 3806 1889; x_wconf 72' lang='lat' dir='ltr'><strong>cpt-</strong></span> 
     </span>
    </p>
   </div>
   <div class='ocr_carea' id='block_1_33' title="bbox 586 1907 2160 1990">
    <p class='ocr_par' dir='ltr' id='par_1_33' title="bbox 586 1917 2158 1988">
     <span class='ocr_line' id='line_1_33' title="bbox 586 1917 2158 1988; baseline 0.004 -22"><span class='ocrx_word' id='word_1_267' title='bbox 586 1929 694 1982; x_wconf 85' lang='lat' dir='ltr'><strong>que</strong></span> <span class='ocrx_word' id='word_1_268' title='bbox 728 1931 757 1968; x_wconf 92' lang='lat' dir='ltr'><strong>a</strong></span> <span class='ocrx_word' id='word_1_269' title='bbox 788 1931 896 1984; x_wconf 88' lang='lat' dir='ltr'><strong>quo</strong></span> <span class='ocrx_word' id='word_1_270' title='bbox 931 1917 1132 1973; x_wconf 90' lang='lat' dir='ltr'><strong>missus</strong></span> <span class='ocrx_word' id='word_1_271' title='bbox 1164 1918 1253 1972; x_wconf 90' lang='lat' dir='ltr'><strong>ille</strong></span> <span class='ocrx_word' id='word_1_272' title='bbox 1283 1926 1388 1986; x_wconf 90' lang='lat' dir='ltr'><strong>est,</strong></span> <span class='ocrx_word' id='word_1_273' title='bbox 1414 1918 1735 1988; x_wconf 90' lang='lat' dir='ltr'><strong>susceperit,</strong></span> <span class='ocrx_word' id='word_1_274' title='bbox 1758 1917 2158 1973; x_wconf 74' lang='lat' dir='ltr'><strong>omnibuslesu</strong></span> 
     </span>
    </p>
   </div>
   <div class='ocr_carea' id='block_1_34' title="bbox 2267 1907 3805 1990">
    <p class='ocr_par' dir='ltr' id='par_1_34' title="bbox 2269 1911 3805 1990">
     <span class='ocr_line' id='line_1_34' title="bbox 2269 1911 3805 1990; baseline -0.002 -20"><span class='ocrx_word' id='word_1_275' title='bbox 2269 1917 2481 1990; x_wconf 84' lang='grc' dir='ltr'>κρύνει,</span> <span class='ocrx_word' id='word_1_276' title='bbox 2508 1916 2761 1970; x_wconf 82' lang='grc' dir='ltr'>τοσοῦτον</span> <span class='ocrx_word' id='word_1_277' title='bbox 2793 1918 3002 1987; x_wconf 87' lang='grc' dir='ltr'>γίνεται</span> <span class='ocrx_word' id='word_1_278' title='bbox 3028 1917 3219 1989; x_wconf 84' lang='grc' dir='ltr'><strong>μέγας,</strong></span> <span class='ocrx_word' id='word_1_279' title='bbox 3244 1915 3414 1970; x_wconf 75' lang='grc' dir='ltr'>αὑτοῦ</span> <span class='ocrx_word' id='word_1_280' title='bbox 3440 1915 3535 1968; x_wconf 78' lang='grc' dir='ltr'><strong>τοῦ</strong></span> <span class='ocrx_word' id='word_1_281' title='bbox 3560 1914 3646 1967; x_wconf 80' lang='grc' dir='ltr'><strong>ἐπὶ</strong></span> <span class='ocrx_word' id='word_1_282' title='bbox 3667 1911 3805 1967; x_wconf 78' lang='grc' dir='ltr'>πλεῖον</span> 
     </span>
    </p>
   </div>
   <div class='ocr_carea' id='block_1_35' title="bbox 586 2006 2158 2082">
    <p class='ocr_par' dir='ltr' id='par_1_35' title="bbox 586 2006 2158 2082">
     <span class='ocr_line' id='line_1_35' title="bbox 586 2006 2158 2082; baseline 0.004 -23"><span class='ocrx_word' id='word_1_283' title='bbox 586 2006 870 2076; x_wconf 78' lang='lat' dir='ltr'><strong>discipulis</strong></span> <span class='ocrx_word' id='word_1_284' title='bbox 905 2009 1085 2063; x_wconf 91' lang='lat' dir='ltr'><strong>minor</strong></span> <span class='ocrx_word' id='word_1_285' title='bbox 1110 2019 1212 2076; x_wconf 90' lang='lat' dir='ltr'><strong>est,</strong></span> <span class='ocrx_word' id='word_1_286' title='bbox 1246 2026 1371 2065; x_wconf 90' lang='lat' dir='ltr'><strong>cum</strong></span> <span class='ocrx_word' id='word_1_287' title='bbox 1409 2027 1633 2082; x_wconf 88' lang='lat' dir='ltr'><strong>parvum</strong></span> <span class='ocrx_word' id='word_1_288' title='bbox 1667 2027 1727 2066; x_wconf 91' lang='lat' dir='ltr'><strong>se</strong></span> <span class='ocrx_word' id='word_1_289' title='bbox 1752 2012 1867 2081; x_wconf 88' lang='lat' dir='ltr'><strong>ipse</strong></span> <span class='ocrx_word' id='word_1_290' title='bbox 1902 2011 2158 2079; x_wconf 81' lang='lat' dir='ltr'><strong>exhibet;</strong></span> 
     </span>
    </p>
   </div>
   <div class='ocr_carea' id='block_1_36' title="bbox 589 2101 2159 2174">
    <p class='ocr_par' dir='ltr' id='par_1_36' title="bbox 589 2101 2159 2174">
     <span class='ocr_line' id='line_1_36' title="bbox 589 2101 2159 2174; baseline 0.003 -23"><span class='ocrx_word' id='word_1_291' title='bbox 589 2105 645 2152; x_wconf 91' lang='lat' dir='ltr'><strong>at</strong></span> <span class='ocrx_word' id='word_1_292' title='bbox 672 2111 878 2167; x_wconf 85' lang='lat' dir='ltr'><strong>quanto</strong></span> <span class='ocrx_word' id='word_1_293' title='bbox 900 2101 1164 2156; x_wconf 88' lang='lat' dir='ltr'><strong>minorem</strong></span> <span class='ocrx_word' id='word_1_294' title='bbox 1203 2118 1261 2157; x_wconf 89' lang='lat' dir='ltr'><strong>sc</strong></span> <span class='ocrx_word' id='word_1_295' title='bbox 1292 2103 1409 2172; x_wconf 92' lang='lat' dir='ltr'><strong>ipse</strong></span> <span class='ocrx_word' id='word_1_296' title='bbox 1437 2103 1765 2167; x_wconf 74' lang='lat' dir='ltr'><strong>exhibuerit,</strong></span> <span class='ocrx_word' id='word_1_297' title='bbox 1788 2119 1853 2158; x_wconf 92' lang='lat' dir='ltr'><strong>eo</strong></span> <span class='ocrx_word' id='word_1_298' title='bbox 1881 2104 2055 2174; x_wconf 87' lang='lat' dir='ltr'><strong>major</strong></span> <span class='ocrx_word' id='word_1_299' title='bbox 2081 2103 2159 2169; x_wconf 88' lang='lat' dir='ltr'><strong>ﬁt,</strong></span> 
     </span>
    </p>
   </div>
   <div class='ocr_carea' id='block_1_37' title="bbox 590 2191 2163 2265">
    <p class='ocr_par' dir='ltr' id='par_1_37' title="bbox 590 2191 2163 2265">
     <span class='ocr_line' id='line_1_37' title="bbox 590 2191 2163 2265; baseline 0.004 -23"><span class='ocrx_word' id='word_1_300' title='bbox 590 2192 767 2256; x_wconf 86' lang='lat' dir='ltr'><strong>majus</strong></span> <span class='ocrx_word' id='word_1_301' title='bbox 800 2191 875 2244; x_wconf 90' lang='lat' dir='ltr'><strong>illi</strong></span> <span class='ocrx_word' id='word_1_302' title='bbox 915 2193 1312 2248; x_wconf 79' lang='lat' dir='ltr'><strong>incrementum</strong></span> <span class='ocrx_word' id='word_1_303' title='bbox 1348 2195 1511 2249; x_wconf 89' lang='lat' dir='ltr'><strong>dante</strong></span> <span class='ocrx_word' id='word_1_304' title='bbox 1534 2210 1600 2249; x_wconf 92' lang='lat' dir='ltr'><strong>eo</strong></span> <span class='ocrx_word' id='word_1_305' title='bbox 1625 2196 1717 2265; x_wconf 88' lang='lat' dir='ltr'><strong>qui</strong></span> <span class='ocrx_word' id='word_1_306' title='bbox 1750 2205 1809 2249; x_wconf 95' lang='lat' dir='ltr'><strong>ut</strong></span> <span class='ocrx_word' id='word_1_307' title='bbox 1835 2211 2061 2265; x_wconf 87' lang='lat' dir='ltr'><strong>parvum</strong></span> <span class='ocrx_word' id='word_1_308' title='bbox 2104 2211 2163 2249; x_wconf 86' lang='lat' dir='ltr'><strong>se</strong></span> 
     </span>
    </p>
   </div>
   <div class='ocr_carea' id='block_1_38' title="bbox 587 2282 2157 2351">
    <p class='ocr_par' dir='ltr' id='par_1_38' title="bbox 587 2282 2157 2351">
     <span class='ocr_line' id='line_1_38' title="bbox 587 2282 2157 2351; baseline 0.005 -17"><span class='ocrx_word' id='word_1_309' title='bbox 587 2282 705 2351; x_wconf 89' lang='lat' dir='ltr'><strong>ipse</strong></span> <span class='ocrx_word' id='word_1_310' title='bbox 729 2283 992 2350; x_wconf 63' lang='lat' dir='ltr'><strong>praaberet</strong></span> <span class='ocrx_word' id='word_1_311' title='bbox 1020 2283 1215 2340; x_wconf 78' lang='lat' dir='ltr'><strong>eﬂ‘ecit.</strong></span> <span class='ocrx_word' id='word_1_312' title='bbox 1242 2283 1501 2339; x_wconf 83' lang='lat' dir='ltr'><strong>Animum</strong></span> <span class='ocrx_word' id='word_1_313' title='bbox 1522 2286 1666 2340; x_wconf 91' lang='lat' dir='ltr'><strong>enim</strong></span> <span class='ocrx_word' id='word_1_314' title='bbox 1693 2287 1761 2341; x_wconf 90' lang='lat' dir='ltr'><strong>ad</strong></span> <span class='ocrx_word' id='word_1_315' title='bbox 1784 2285 1836 2340; x_wconf 91' lang='lat' dir='ltr'><strong>id</strong></span> <span class='ocrx_word' id='word_1_316' title='bbox 1860 2286 2157 2342; x_wconf 77' lang='lat' dir='ltr'><strong>adverte”:</strong></span> 
     </span>
    </p>
   </div>
   <div class='ocr_carea' id='block_1_39' title="bbox 593 2372 2163 2449">
    <p class='ocr_par' dir='ltr' id='par_1_39' title="bbox 593 2372 2163 2449">
     <span class='ocr_line' id='line_1_39' title="bbox 593 2372 2163 2449; baseline 0.006 -24"><span class='ocrx_word' id='word_1_317' title='bbox 593 2391 613 2424; x_wconf 74' lang='grc' dir='ltr'><strong>ι</strong></span> <span class='ocrx_word' id='word_1_318' title='bbox 641 2372 776 2428; x_wconf 89' lang='lat' dir='ltr'><strong>Nam</strong></span> <span class='ocrx_word' id='word_1_319' title='bbox 810 2375 902 2444; x_wconf 90' lang='lat' dir='ltr'><strong>qui</strong></span> <span class='ocrx_word' id='word_1_320' title='bbox 935 2376 1113 2429; x_wconf 89' lang='lat' dir='ltr'><strong>minor</strong></span> <span class='ocrx_word' id='word_1_321' title='bbox 1142 2386 1224 2430; x_wconf 90' lang='lat' dir='ltr'><strong>est</strong></span> <span class='ocrx_word' id='word_1_322' title='bbox 1274 2377 1415 2432; x_wconf 88' lang='lat' dir='ltr'><strong>inter</strong></span> <span class='ocrx_word' id='word_1_323' title='bbox 1460 2392 1557 2432; x_wconf 83' lang='lat' dir='ltr'><strong>vos</strong></span> <span class='ocrx_word' id='word_1_324' title='bbox 1609 2393 1823 2444; x_wconf 89' lang='lat' dir='ltr'><strong>omnes,</strong></span> <span class='ocrx_word' id='word_1_325' title='bbox 1859 2378 1947 2434; x_wconf 84' lang='lat' dir='ltr'><strong>hic</strong></span> <span class='ocrx_word' id='word_1_326' title='bbox 1987 2381 2163 2449; x_wconf 83' lang='lat' dir='ltr'><strong>major</strong></span> 
     </span>
    </p>
   </div>
   <div class='ocr_carea' id='block_1_40' title="bbox 585 2465 2162 2540">
    <p class='ocr_par' dir='ltr' id='par_1_40' title="bbox 585 2465 2162 2540">
     <span class='ocr_line' id='line_1_40' title="bbox 585 2465 2162 2540; baseline 0.005 -22"><span class='ocrx_word' id='word_1_327' title='bbox 585 2474 711 2530; x_wconf 91' lang='lat' dir='ltr'><strong>est;</strong></span> <span class='ocrx_word' id='word_1_328' title='bbox 744 2483 762 2517; x_wconf 76' lang='grc' dir='ltr'><strong>ι</strong></span> <span class='ocrx_word' id='word_1_329' title='bbox 802 2465 1032 2535; x_wconf 86' lang='lat' dir='ltr'><strong>legimus</strong></span> <span class='ocrx_word' id='word_1_330' title='bbox 1078 2481 1297 2537; x_wconf 86' lang='lat' dir='ltr'><strong>quoque</strong></span> <span class='ocrx_word' id='word_1_331' title='bbox 1336 2469 1390 2522; x_wconf 92' lang='lat' dir='ltr'><strong>in</strong></span> <span class='ocrx_word' id='word_1_332' title='bbox 1433 2469 1579 2535; x_wconf 90' lang='lat' dir='ltr'><strong>aliis,</strong></span> <span class='ocrx_word' id='word_1_333' title='bbox 1619 2488 1638 2521; x_wconf 74' lang='grc' dir='ltr'><strong>ι</strong></span> <span class='ocrx_word' id='word_1_334' title='bbox 1671 2471 1847 2540; x_wconf 87' lang='lat' dir='ltr'><strong>major</strong></span> <span class='ocrx_word' id='word_1_335' title='bbox 1879 2472 2017 2539; x_wconf 90' lang='lat' dir='ltr'><strong>erit;</strong></span> <span class='ocrx_word' id='word_1_336' title='bbox 2054 2490 2073 2524; x_wconf 76' lang='grc' dir='ltr'><strong>ι</strong></span> <span class='ocrx_word' id='word_1_337' title='bbox 2106 2480 2162 2526; x_wconf 89' lang='lat' dir='ltr'><strong>at</strong></span> 
     </span>
    </p>
   </div>
   <div class='ocr_carea' id='block_1_41' title="bbox 581 2554 2159 2633">
    <p class='ocr_par' dir='ltr' id='par_1_41' title="bbox 581 2554 2159 2633">
     <span class='ocr_line' id='line_1_41' title="bbox 581 2554 2159 2633; baseline 0.007 -25"><span class='ocrx_word' id='word_1_338' title='bbox 581 2556 741 2624; x_wconf 75' lang='lat' dir='ltr'><strong>juxta</strong></span> <span class='ocrx_word' id='word_1_339' title='bbox 774 2554 978 2611; x_wconf 86' lang='lat' dir='ltr'><strong>Lucam</strong></span> <span class='ocrx_word' id='word_1_340' title='bbox 1000 2557 1086 2611; x_wconf 73' lang='lat'><strong>8&quot;:</strong></span> <span class='ocrx_word' id='word_1_341' title='bbox 1124 2576 1142 2609; x_wconf 78' lang='grc' dir='ltr'><strong>ι</strong></span> <span class='ocrx_word' id='word_1_342' title='bbox 1177 2557 1234 2612; x_wconf 88' lang='lat' dir='ltr'><strong>Si</strong></span> <span class='ocrx_word' id='word_1_343' title='bbox 1274 2559 1398 2630; x_wconf 87' lang='lat' dir='ltr'><strong>quis</strong></span> <span class='ocrx_word' id='word_1_344' title='bbox 1444 2576 1550 2614; x_wconf 90' lang='lat' dir='ltr'><strong>non</strong></span> <span class='ocrx_word' id='word_1_345' title='bbox 1605 2562 1877 2631; x_wconf 89' lang='lat' dir='ltr'><strong>acceperit</strong></span> <span class='ocrx_word' id='word_1_346' title='bbox 1931 2578 2159 2633; x_wconf 78' lang='lat' dir='ltr'><strong>regnum</strong></span> 
     </span>
    </p>
   </div>
   <div class='ocr_carea' id='block_1_42' title="bbox 587 2642 2158 2727">
    <p class='ocr_par' dir='ltr' id='par_1_42' title="bbox 587 2642 2158 2727">
     <span class='ocr_line' id='line_1_42' title="bbox 587 2642 2158 2727; baseline 0.01 -31"><span class='ocrx_word' id='word_1_347' title='bbox 587 2642 684 2699; x_wconf 85' lang='lat' dir='ltr'><strong>Dei</strong></span> <span class='ocrx_word' id='word_1_348' title='bbox 716 2647 855 2702; x_wconf 87' lang='lat' dir='ltr'><strong>sicut</strong></span> <span class='ocrx_word' id='word_1_349' title='bbox 889 2665 1043 2719; x_wconf 78' lang='lat' dir='ltr'><strong>puer,</strong></span> <span class='ocrx_word' id='word_1_350' title='bbox 1079 2667 1187 2707; x_wconf 92' lang='lat' dir='ltr'><strong>non</strong></span> <span class='ocrx_word' id='word_1_351' title='bbox 1225 2652 1450 2709; x_wconf 87' lang='lat' dir='ltr'><strong>intrabit</strong></span> <span class='ocrx_word' id='word_1_352' title='bbox 1497 2654 1551 2708; x_wconf 87' lang='lat' dir='ltr'><strong>in</strong></span> <span class='ocrx_word' id='word_1_353' title='bbox 1600 2654 1731 2709; x_wconf 88' lang='lat' dir='ltr'><strong>illud</strong></span> <span class='ocrx_word' id='word_1_354' title='bbox 1761 2674 1774 2710; x_wconf 88' lang='lat'><strong>:</strong></span> <span class='ocrx_word' id='word_1_355' title='bbox 1809 2675 1827 2708; x_wconf 76' lang='grc' dir='ltr'><strong>ι</strong></span> <span class='ocrx_word' id='word_1_356' title='bbox 1868 2656 2158 2727; x_wconf 84' lang='lat' dir='ltr'><strong>ambiguus</strong></span> 
     </span>
    </p>
   </div>
   <div class='ocr_carea' id='block_1_43' title="bbox 589 2740 2159 2817">
    <p class='ocr_par' dir='ltr' id='par_1_43' title="bbox 589 2740 2159 2817">
     <span class='ocr_line' id='line_1_43' title="bbox 589 2740 2159 2817; baseline 0.008 -28"><span class='ocrx_word' id='word_1_357' title='bbox 589 2749 716 2790; x_wconf 72' lang='lat' dir='ltr'><strong>vero</strong></span> <span class='ocrx_word' id='word_1_358' title='bbox 744 2747 826 2792; x_wconf 89' lang='lat' dir='ltr'><strong>est</strong></span> <span class='ocrx_word' id='word_1_359' title='bbox 856 2740 946 2795; x_wconf 89' lang='lat' dir='ltr'><strong>ille</strong></span> <span class='ocrx_word' id='word_1_360' title='bbox 985 2756 1184 2807; x_wconf 87' lang='lat' dir='ltr'><strong>sermo,</strong></span> <span class='ocrx_word' id='word_1_361' title='bbox 1224 2743 1306 2797; x_wconf 85' lang='lat' dir='ltr'><strong>vel</strong></span> <span class='ocrx_word' id='word_1_362' title='bbox 1351 2743 1496 2798; x_wconf 88' lang='lat' dir='ltr'><strong>enim</strong></span> <span class='ocrx_word' id='word_1_363' title='bbox 1545 2754 1602 2799; x_wconf 90' lang='lat' dir='ltr'><strong>ut</strong></span> <span class='ocrx_word' id='word_1_364' title='bbox 1647 2746 1741 2816; x_wconf 91' lang='lat' dir='ltr'><strong>qui</strong></span> <span class='ocrx_word' id='word_1_365' title='bbox 1791 2762 2017 2817; x_wconf 83' lang='lat' dir='ltr'><strong>regnum</strong></span> <span class='ocrx_word' id='word_1_366' title='bbox 2064 2746 2159 2801; x_wconf 88' lang='lat' dir='ltr'><strong>Dei</strong></span> 
     </span>
    </p>
   </div>
   <div class='ocr_carea' id='block_1_44' title="bbox 586 2828 2159 2906">
    <p class='ocr_par' dir='ltr' id='par_1_44' title="bbox 586 2828 2159 2906">
     <span class='ocr_line' id='line_1_44' title="bbox 586 2828 2159 2906; baseline 0.008 -27"><span class='ocrx_word' id='word_1_367' title='bbox 586 2828 810 2896; x_wconf 90' lang='lat' dir='ltr'><strong>accipit,</strong></span> <span class='ocrx_word' id='word_1_368' title='bbox 846 2845 1013 2898; x_wconf 87' lang='lat' dir='ltr'><strong>puero</strong></span> <span class='ocrx_word' id='word_1_369' title='bbox 1040 2831 1233 2887; x_wconf 88' lang='lat' dir='ltr'><strong>similis</strong></span> <span class='ocrx_word' id='word_1_370' title='bbox 1258 2832 1540 2900; x_wconf 79' lang='lat' dir='ltr'><strong>eliiciatur,</strong></span> <span class='ocrx_word' id='word_1_371' title='bbox 1572 2835 1651 2889; x_wconf 89' lang='lat' dir='ltr'><strong>vel</strong></span> <span class='ocrx_word' id='word_1_372' title='bbox 1702 2844 1759 2889; x_wconf 93' lang='lat' dir='ltr'><strong>ut</strong></span> <span class='ocrx_word' id='word_1_373' title='bbox 1800 2852 2025 2906; x_wconf 80' lang='lat' dir='ltr'><strong>regnum</strong></span> <span class='ocrx_word' id='word_1_374' title='bbox 2062 2835 2159 2891; x_wconf 91' lang='lat' dir='ltr'><strong>Dei</strong></span> 
     </span>
    </p>
   </div>
   <div class='ocr_carea' id='block_1_45' title="bbox 585 2919 2156 2997">
    <p class='ocr_par' dir='ltr' id='par_1_45' title="bbox 585 2919 2156 2997">
     <span class='ocr_line' id='line_1_45' title="bbox 585 2919 2156 2997; baseline 0.007 -25"><span class='ocrx_word' id='word_1_375' title='bbox 585 2919 662 2972; x_wconf 91' lang='lat' dir='ltr'><strong>illi</strong></span> <span class='ocrx_word' id='word_1_376' title='bbox 698 2937 867 2990; x_wconf 89' lang='lat' dir='ltr'><strong>puero</strong></span> <span class='ocrx_word' id='word_1_377' title='bbox 902 2923 1078 2978; x_wconf 87' lang='lat' dir='ltr'><strong>simile</strong></span> <span class='ocrx_word' id='word_1_378' title='bbox 1103 2924 1351 2980; x_wconf 84' lang='lat' dir='ltr'><strong>eﬂ‘ectum</strong></span> <span class='ocrx_word' id='word_1_379' title='bbox 1386 2928 1630 2996; x_wconf 86' lang='lat' dir='ltr'><strong>recipiat.</strong></span> <span class='ocrx_word' id='word_1_380' title='bbox 1672 2926 1736 2982; x_wconf 88' lang='lat' dir='ltr'><strong>Et</strong></span> <span class='ocrx_word' id='word_1_381' title='bbox 1774 2928 1868 2997; x_wconf 90' lang='lat' dir='ltr'><strong>qui</strong></span> <span class='ocrx_word' id='word_1_382' title='bbox 1928 2944 2156 2997; x_wconf 79' lang='lat' dir='ltr'><strong>regnum</strong></span> 
     </span>
    </p>
   </div>
   <div class='ocr_carea' id='block_1_46' title="bbox 583 3014 2159 3091">
    <p class='ocr_par' dir='ltr' id='par_1_46' title="bbox 583 3014 2159 3091">
     <span class='ocr_line' id='line_1_46' title="bbox 583 3014 2159 3091; baseline 0.005 -24"><span class='ocrx_word' id='word_1_383' title='bbox 583 3014 678 3069; x_wconf 84' lang='lat' dir='ltr'><strong>Dei</strong></span> <span class='ocrx_word' id='word_1_384' title='bbox 716 3016 805 3071; x_wconf 92' lang='lat' dir='ltr'><strong>hic</strong></span> <span class='ocrx_word' id='word_1_385' title='bbox 836 3017 1126 3087; x_wconf 86' lang='lat' dir='ltr'><strong>recipiunt,</strong></span> <span class='ocrx_word' id='word_1_386' title='bbox 1161 3020 1295 3074; x_wconf 90' lang='lat' dir='ltr'><strong>illud</strong></span> <span class='ocrx_word' id='word_1_387' title='bbox 1332 3021 1562 3076; x_wconf 80' lang='lat' dir='ltr'><strong>fortasse</strong></span> <span class='ocrx_word' id='word_1_388' title='bbox 1586 3037 1756 3091; x_wconf 91' lang='lat' dir='ltr'><strong>puero</strong></span> <span class='ocrx_word' id='word_1_389' title='bbox 1788 3021 1970 3077; x_wconf 89' lang='lat' dir='ltr'><strong>simile</strong></span> <span class='ocrx_word' id='word_1_390' title='bbox 2019 3022 2159 3077; x_wconf 83' lang='lat' dir='ltr'><strong>rcci-</strong></span> 
     </span>
    </p>
   </div>
   <div class='ocr_carea' id='block_1_47' title="bbox 582 3108 2155 3187">
    <p class='ocr_par' dir='ltr' id='par_1_47' title="bbox 582 3108 2155 3187">
     <span class='ocr_line' id='line_1_47' title="bbox 582 3108 2155 3187; baseline 0.006 -26"><span class='ocrx_word' id='word_1_391' title='bbox 582 3108 761 3176; x_wconf 90' lang='lat' dir='ltr'><strong>piunt,</strong></span> <span class='ocrx_word' id='word_1_392' title='bbox 797 3111 850 3166; x_wconf 93' lang='lat' dir='ltr'><strong>in</strong></span> <span class='ocrx_word' id='word_1_393' title='bbox 886 3112 1070 3167; x_wconf 81' lang='lat' dir='ltr'><strong>futuro</strong></span> <span class='ocrx_word' id='word_1_394' title='bbox 1101 3124 1279 3170; x_wconf 89' lang='lat' dir='ltr'><strong>autem</strong></span> <span class='ocrx_word' id='word_1_395' title='bbox 1313 3115 1478 3186; x_wconf 77' lang='lat'><strong>598</strong></span> <span class='ocrx_word' id='word_1_396' title='bbox 1506 3116 1707 3171; x_wconf 64' lang='lat' dir='ltr'><strong>smculo</strong></span> <span class='ocrx_word' id='word_1_397' title='bbox 1738 3131 1847 3170; x_wconf 89' lang='lat' dir='ltr'><strong>non</strong></span> <span class='ocrx_word' id='word_1_398' title='bbox 1877 3116 1991 3187; x_wconf 91' lang='lat' dir='ltr'><strong>jam</strong></span> <span class='ocrx_word' id='word_1_399' title='bbox 2038 3131 2155 3170; x_wconf 85' lang='lat' dir='ltr'><strong>am-</strong></span> 
     </span>
    </p>
   </div>
   <div class='ocr_carea' id='block_1_48' title="bbox 583 3202 2156 3279">
    <p class='ocr_par' dir='ltr' id='par_1_48' title="bbox 583 3202 2156 3279">
     <span class='ocr_line' id='line_1_48' title="bbox 583 3202 2156 3279; baseline 0.006 -24"><span class='ocrx_word' id='word_1_400' title='bbox 583 3202 727 3270; x_wconf 90' lang='lat' dir='ltr'><strong>plius</strong></span> <span class='ocrx_word' id='word_1_401' title='bbox 755 3219 925 3272; x_wconf 90' lang='lat' dir='ltr'><strong>puero</strong></span> <span class='ocrx_word' id='word_1_402' title='bbox 963 3207 1143 3262; x_wconf 91' lang='lat' dir='ltr'><strong>simile</strong></span> <span class='ocrx_word' id='word_1_403' title='bbox 1175 3224 1189 3272; x_wconf 92' lang='lat'><strong>;</strong></span> <span class='ocrx_word' id='word_1_404' title='bbox 1222 3217 1275 3262; x_wconf 92' lang='lat' dir='ltr'><strong>et</strong></span> <span class='ocrx_word' id='word_1_405' title='bbox 1308 3208 1739 3279; x_wconf 86' lang='lat' dir='ltr'><strong>magnitudinem</strong></span> <span class='ocrx_word' id='word_1_406' title='bbox 1787 3218 2156 3279; x_wconf 86' lang='lat' dir='ltr'><strong>assequuntur</strong></span> 
     </span>
    </p>
   </div>
   <div class='ocr_carea' id='block_1_49' title="bbox 584 3293 2164 3373">
    <p class='ocr_par' dir='ltr' id='par_1_49' title="bbox 584 3293 2164 3373">
     <span class='ocr_line' id='line_1_49' title="bbox 584 3293 2164 3373; baseline 0.007 -25"><span class='ocrx_word' id='word_1_407' title='bbox 584 3293 960 3363; x_wconf 84' lang='lat' dir='ltr'><strong>perfectionis,</strong></span> <span class='ocrx_word' id='word_1_408' title='bbox 992 3298 1047 3352; x_wconf 89' lang='lat' dir='ltr'><strong>iu</strong></span> <span class='ocrx_word' id='word_1_409' title='bbox 1076 3308 1256 3366; x_wconf 75' lang='lat' dir='ltr'><strong>aetate,</strong></span> <span class='ocrx_word' id='word_1_410' title='bbox 1292 3308 1353 3355; x_wconf 92' lang='lat' dir='ltr'><strong>ut</strong></span> <span class='ocrx_word' id='word_1_411' title='bbox 1391 3302 1464 3356; x_wconf 91' lang='lat' dir='ltr'><strong>ita</strong></span> <span class='ocrx_word' id='word_1_412' title='bbox 1493 3303 1694 3370; x_wconf 90' lang='lat' dir='ltr'><strong>dicam,</strong></span> <span class='ocrx_word' id='word_1_413' title='bbox 1723 3303 1995 3373; x_wconf 90' lang='lat' dir='ltr'><strong>spirituali</strong></span> <span class='ocrx_word' id='word_1_414' title='bbox 2042 3318 2164 3359; x_wconf 90' lang='lat' dir='ltr'><strong>sese</strong></span> 
     </span>
    </p>
   </div>
   <div class='ocr_carea' id='block_1_50' title="bbox 2272 2006 3807 2081">
    <p class='ocr_par' dir='ltr' id='par_1_50' title="bbox 2272 2006 3807 2081">
     <span class='ocr_line' id='line_1_50' title="bbox 2272 2006 3807 2081; baseline -0.003 -18"><span class='ocrx_word' id='word_1_415' title='bbox 2272 2008 2592 2081; x_wconf 84' lang='grc' dir='ltr'>σμικρύνειν</span> <span class='ocrx_word' id='word_1_416' title='bbox 2639 2008 2824 2074; x_wconf 83' lang='grc' dir='ltr'>αὑτὸν,</span> <span class='ocrx_word' id='word_1_417' title='bbox 2861 2010 2953 2063; x_wconf 79' lang='grc' dir='ltr'><strong>καὶ</strong></span> <span class='ocrx_word' id='word_1_418' title='bbox 2984 2009 3261 2072; x_wconf 74' lang='grc' dir='ltr'>ποιοῦντος</span> <span class='ocrx_word' id='word_1_419' title='bbox 3308 2007 3607 2061; x_wconf 73' lang='grc' dir='ltr'>ἐπιδιδόναι</span> <span class='ocrx_word' id='word_1_420' title='bbox 3634 2008 3703 2069; x_wconf 78' lang='grc' dir='ltr'><strong>εἰς</strong></span> <span class='ocrx_word' id='word_1_421' title='bbox 3738 2006 3807 2075; x_wconf 75' lang='grc' dir='ltr'>μέ-</span> 
     </span>
    </p>
   </div>
   <div class='ocr_carea' id='block_1_51' title="bbox 2267 2101 3807 2175">
    <p class='ocr_par' dir='ltr' id='par_1_51' title="bbox 2267 2101 3807 2175">
     <span class='ocr_line' id='line_1_51' title="bbox 2267 2101 3807 2175; baseline -0.004 -20"><span class='ocrx_word' id='word_1_422' title='bbox 2267 2102 2427 2172; x_wconf 89' lang='grc' dir='ltr'>γεθος</span> <span class='ocrx_word' id='word_1_423' title='bbox 2447 2121 2460 2134; x_wconf 75' lang='grc' dir='ltr'><strong>ο</strong></span> <span class='ocrx_word' id='word_1_424' title='bbox 2496 2103 2733 2175; x_wconf 81' lang='grc' dir='ltr'>πρόσχες</span> <span class='ocrx_word' id='word_1_425' title='bbox 2764 2103 2874 2173; x_wconf 83' lang='grc' dir='ltr'><strong>γὰρ</strong></span> <span class='ocrx_word' id='word_1_426' title='bbox 2907 2102 2981 2174; x_wconf 81' lang='grc' dir='ltr'>τῷ</span> <span class='ocrx_word' id='word_1_427' title='bbox 3002 2120 3014 2133; x_wconf 88' lang='grc'><strong>·</strong></span> <span class='ocrx_word' id='word_1_428' title='bbox 3063 2121 3080 2153; x_wconf 85' lang='grc' dir='ltr'><strong>ι</strong></span> <span class='ocrx_word' id='word_1_429' title='bbox 3141 2102 3198 2155; x_wconf 85' lang='lat'><strong>&#39;0</strong></span> <span class='ocrx_word' id='word_1_430' title='bbox 3233 2102 3565 2173; x_wconf 81' lang='grc' dir='ltr'>μικρότερος</span> <span class='ocrx_word' id='word_1_431' title='bbox 3594 2101 3647 2152; x_wconf 84' lang='grc' dir='ltr'>ὲν</span> <span class='ocrx_word' id='word_1_432' title='bbox 3684 2101 3807 2153; x_wconf 79' lang='grc' dir='ltr'>πᾶσιν</span> 
     </span>
    </p>
   </div>
   <div class='ocr_carea' id='block_1_52' title="bbox 2269 2187 3807 2267">
    <p class='ocr_par' dir='ltr' id='par_1_52' title="bbox 2269 2187 3807 2267">
     <span class='ocr_line' id='line_1_52' title="bbox 2269 2187 3807 2267; baseline -0.005 -20"><span class='ocrx_word' id='word_1_433' title='bbox 2269 2195 2398 2265; x_wconf 82' lang='grc' dir='ltr'>ὑμῖν</span> <span class='ocrx_word' id='word_1_434' title='bbox 2432 2195 2716 2267; x_wconf 81' lang='grc' dir='ltr'><strong>ὑπάρχων,</strong></span> <span class='ocrx_word' id='word_1_435' title='bbox 2744 2189 2899 2257; x_wconf 75' lang='grc' dir='ltr'>οὗτός</span> <span class='ocrx_word' id='word_1_436' title='bbox 2933 2196 3049 2247; x_wconf 76' lang='grc' dir='ltr'>ἐστι</span> <span class='ocrx_word' id='word_1_437' title='bbox 3078 2193 3270 2265; x_wconf 81' lang='grc' dir='ltr'><strong>μέγας.</strong></span> <span class='ocrx_word' id='word_1_438' title='bbox 3305 2212 3324 2243; x_wconf 72' lang='grc' dir='ltr'><strong>ι</strong></span> <span class='ocrx_word' id='word_1_439' title='bbox 3379 2193 3700 2260; x_wconf 80' lang='grc' dir='ltr'>Ἀνέγνωμεν</span> <span class='ocrx_word' id='word_1_440' title='bbox 3725 2187 3807 2257; x_wconf 65' lang='grc' dir='ltr'><strong>(ΔΞ)</strong></span> 
     </span>
    </p>
   </div>
   <div class='ocr_carea' id='block_1_53' title="bbox 2267 2278 3809 2355">
    <p class='ocr_par' dir='ltr' id='par_1_53' title="bbox 2267 2278 3809 2355">
     <span class='ocr_line' id='line_1_53' title="bbox 2267 2278 3809 2355; baseline -0.006 -15"><span class='ocrx_word' id='word_1_441' title='bbox 2267 2287 2324 2340; x_wconf 82' lang='grc' dir='ltr'>δὲ</span> <span class='ocrx_word' id='word_1_442' title='bbox 2358 2287 2453 2340; x_wconf 73' lang='grc' dir='ltr'><strong>καὶ</strong></span> <span class='ocrx_word' id='word_1_443' title='bbox 2473 2289 2532 2341; x_wconf 82' lang='grc' dir='ltr'>ὲν</span> <span class='ocrx_word' id='word_1_444' title='bbox 2564 2286 2764 2349; x_wconf 84' lang='grc' dir='ltr'>ἄλλοις,</span> <span class='ocrx_word' id='word_1_445' title='bbox 2801 2285 2911 2339; x_wconf 88' lang='grc' dir='ltr'>καί·</span> <span class='ocrx_word' id='word_1_446' title='bbox 2953 2305 2972 2336; x_wconf 78' lang='grc' dir='ltr'><strong>ι</strong></span> <span class='ocrx_word' id='word_1_447' title='bbox 3004 2286 3197 2338; x_wconf 81' lang='grc' dir='ltr'>Ἔσται</span> <span class='ocrx_word' id='word_1_448' title='bbox 3223 2284 3430 2355; x_wconf 81' lang='grc' dir='ltr'><strong>μέγας·</strong></span> <span class='ocrx_word' id='word_1_449' title='bbox 3462 2303 3481 2333; x_wconf 85' lang='grc'><strong>›</strong></span> <span class='ocrx_word' id='word_1_450' title='bbox 3516 2280 3648 2335; x_wconf 78' lang='grc' dir='ltr'>κατὰ</span> <span class='ocrx_word' id='word_1_451' title='bbox 3674 2279 3721 2332; x_wconf 85' lang='grc' dir='ltr'>δὲ</span> <span class='ocrx_word' id='word_1_452' title='bbox 3743 2278 3809 2332; x_wconf 80' lang='grc' dir='ltr'>τὸν</span> 
     </span>
    </p>
   </div>
   <div class='ocr_carea' id='block_1_54' title="bbox 2266 2370 3809 2450">
    <p class='ocr_par' dir='ltr' id='par_1_54' title="bbox 2266 2370 3809 2450">
     <span class='ocr_line' id='line_1_54' title="bbox 2266 2370 3809 2450; baseline -0.006 -20"><span class='ocrx_word' id='word_1_453' title='bbox 2266 2379 2516 2432; x_wconf 74' lang='grc' dir='ltr'><strong>Λουκᾶνο</strong></span> <span class='ocrx_word' id='word_1_454' title='bbox 2561 2399 2579 2431; x_wconf 78' lang='grc' dir='ltr'><strong>ι</strong></span> <span class='ocrx_word' id='word_1_455' title='bbox 2629 2380 2755 2433; x_wconf 75' lang='grc' dir='ltr'><strong>Ἐὰν</strong></span> <span class='ocrx_word' id='word_1_456' title='bbox 2790 2380 2862 2450; x_wconf 86' lang='grc' dir='ltr'>μή</span> <span class='ocrx_word' id='word_1_457' title='bbox 2896 2395 2980 2442; x_wconf 82' lang='grc' dir='ltr'><strong>τις</strong></span> <span class='ocrx_word' id='word_1_458' title='bbox 3011 2377 3229 2448; x_wconf 82' lang='grc' dir='ltr'>δέξηται</span> <span class='ocrx_word' id='word_1_459' title='bbox 3262 2377 3365 2447; x_wconf 80' lang='grc' dir='ltr'>τὴν</span> <span class='ocrx_word' id='word_1_460' title='bbox 3399 2374 3495 2428; x_wconf 77' lang='grc' dir='ltr'>τοῦ</span> <span class='ocrx_word' id='word_1_461' title='bbox 3531 2371 3654 2427; x_wconf 77' lang='grc' dir='ltr'>Θεοῦ</span> <span class='ocrx_word' id='word_1_462' title='bbox 3689 2370 3809 2441; x_wconf 75' lang='grc' dir='ltr'>βασι-</span> 
     </span>
    </p>
   </div>
   <div class='ocr_carea' id='block_1_55' title="bbox 2267 2458 3810 2539">
    <p class='ocr_par' dir='ltr' id='par_1_55' title="bbox 2267 2458 3810 2539">
     <span class='ocr_line' id='line_1_55' title="bbox 2267 2458 3810 2539; baseline -0.006 -19"><span class='ocrx_word' id='word_1_463' title='bbox 2267 2467 2417 2521; x_wconf 86' lang='grc' dir='ltr'>λείαν</span> <span class='ocrx_word' id='word_1_464' title='bbox 2449 2468 2525 2532; x_wconf 83' lang='grc' dir='ltr'><strong>ὡς</strong></span> <span class='ocrx_word' id='word_1_465' title='bbox 2551 2468 2612 2522; x_wconf 84' lang='grc' dir='ltr'>τὸ</span> <span class='ocrx_word' id='word_1_466' title='bbox 2638 2469 2872 2531; x_wconf 85' lang='grc' dir='ltr'>παιδίον,</span> <span class='ocrx_word' id='word_1_467' title='bbox 2903 2469 2963 2521; x_wconf 81' lang='grc' dir='ltr'>οὑ</span> <span class='ocrx_word' id='word_1_468' title='bbox 3000 2468 3073 2539; x_wconf 82' lang='grc' dir='ltr'>μὴ</span> <span class='ocrx_word' id='word_1_469' title='bbox 3104 2464 3319 2539; x_wconf 82' lang='grc' dir='ltr'><strong>εἰσέλθῃ</strong></span> <span class='ocrx_word' id='word_1_470' title='bbox 3348 2467 3433 2529; x_wconf 86' lang='grc' dir='ltr'>είς</span> <span class='ocrx_word' id='word_1_471' title='bbox 3463 2463 3656 2533; x_wconf 78' lang='grc' dir='ltr'>αὑτήν·</span> <span class='ocrx_word' id='word_1_472' title='bbox 3691 2479 3707 2511; x_wconf 73' lang='grc' dir='ltr'><strong>ι</strong></span> <span class='ocrx_word' id='word_1_473' title='bbox 3741 2458 3810 2511; x_wconf 69' lang='grc' dir='ltr'><strong>καὶ</strong></span> 
     </span>
    </p>
   </div>
   <div class='ocr_carea' id='block_1_56' title="bbox 2266 2552 3808 2632">
    <p class='ocr_par' dir='ltr' id='par_1_56' title="bbox 2266 2552 3808 2632">
     <span class='ocr_line' id='line_1_56' title="bbox 2266 2552 3808 2632; baseline 0.005 -21"><span class='ocrx_word' id='word_1_474' title='bbox 2266 2557 2412 2612; x_wconf 79' lang='grc' dir='ltr'>ἐστιν</span> <span class='ocrx_word' id='word_1_475' title='bbox 2436 2560 2736 2630; x_wconf 79' lang='grc' dir='ltr'>ἀμφίϐολος</span> <span class='ocrx_word' id='word_1_476' title='bbox 2763 2562 2796 2631; x_wconf 79' lang='grc' dir='ltr'><strong>η</strong></span> <span class='ocrx_word' id='word_1_477' title='bbox 2837 2559 3001 2625; x_wconf 76' lang='grc' dir='ltr'>λέξις,</span> <span class='ocrx_word' id='word_1_478' title='bbox 3044 2560 3077 2631; x_wconf 84' lang='grc' dir='ltr'>ἦ</span> <span class='ocrx_word' id='word_1_479' title='bbox 3109 2559 3217 2632; x_wconf 79' lang='grc' dir='ltr'>γὰρ</span> <span class='ocrx_word' id='word_1_480' title='bbox 3242 2559 3329 2612; x_wconf 82' lang='grc' dir='ltr'><strong>ἴνα</strong></span> <span class='ocrx_word' id='word_1_481' title='bbox 3374 2560 3405 2611; x_wconf 87' lang='grc' dir='ltr'><strong>δ</strong></span> <span class='ocrx_word' id='word_1_482' title='bbox 3441 2556 3709 2628; x_wconf 82' lang='grc' dir='ltr'>δεχόμενος</span> <span class='ocrx_word' id='word_1_483' title='bbox 3734 2552 3808 2620; x_wconf 62' lang='grc' dir='ltr'><strong>τὴν</strong></span> 
     </span>
    </p>
   </div>
   <div class='ocr_carea' id='block_1_57' title="bbox 2265 2640 3810 2723">
    <p class='ocr_par' dir='ltr' id='par_1_57' title="bbox 2265 2640 3810 2723">
     <span class='ocr_line' id='line_1_57' title="bbox 2265 2640 3810 2723; baseline -0.003 -19"><span class='ocrx_word' id='word_1_484' title='bbox 2265 2649 2360 2704; x_wconf 81' lang='grc' dir='ltr'>τοῦ</span> <span class='ocrx_word' id='word_1_485' title='bbox 2390 2651 2525 2705; x_wconf 82' lang='grc' dir='ltr'><strong>Θεοῦ</strong></span> <span class='ocrx_word' id='word_1_486' title='bbox 2551 2652 2828 2722; x_wconf 83' lang='grc' dir='ltr'>βασιλείαν</span> <span class='ocrx_word' id='word_1_487' title='bbox 2852 2652 3078 2723; x_wconf 82' lang='grc' dir='ltr'>γένηται</span> <span class='ocrx_word' id='word_1_488' title='bbox 3101 2652 3176 2716; x_wconf 82' lang='grc' dir='ltr'>ὡς</span> <span class='ocrx_word' id='word_1_489' title='bbox 3199 2651 3437 2716; x_wconf 86' lang='grc' dir='ltr'>παιδίον,</span> <span class='ocrx_word' id='word_1_490' title='bbox 3459 2650 3493 2720; x_wconf 82' lang='grc' dir='ltr'><strong>ἢ</strong></span> <span class='ocrx_word' id='word_1_491' title='bbox 3530 2649 3611 2702; x_wconf 78' lang='grc' dir='ltr'>ἵνα</span> <span class='ocrx_word' id='word_1_492' title='bbox 3636 2646 3720 2715; x_wconf 75' lang='grc' dir='ltr'>τὴν</span> <span class='ocrx_word' id='word_1_493' title='bbox 3738 2640 3810 2695; x_wconf 73' lang='grc' dir='ltr'>τοῦ</span> 
     </span>
    </p>
   </div>
   <div class='ocr_carea' id='block_1_58' title="bbox 2265 2734 3809 2816">
    <p class='ocr_par' dir='ltr' id='par_1_58' title="bbox 2265 2734 3809 2816">
     <span class='ocr_line' id='line_1_58' title="bbox 2265 2734 3809 2816; baseline 0.001 -20"><span class='ocrx_word' id='word_1_494' title='bbox 2265 2743 2399 2796; x_wconf 83' lang='grc' dir='ltr'><strong>Θεοῦ</strong></span> <span class='ocrx_word' id='word_1_495' title='bbox 2462 2744 2740 2814; x_wconf 85' lang='grc' dir='ltr'>βασιλείαν</span> <span class='ocrx_word' id='word_1_496' title='bbox 2804 2744 3172 2816; x_wconf 77' lang='grc' dir='ltr'>παραδέξηται</span> <span class='ocrx_word' id='word_1_497' title='bbox 3233 2742 3537 2813; x_wconf 70' lang='grc' dir='ltr'>γενομένην</span> <span class='ocrx_word' id='word_1_498' title='bbox 3587 2736 3717 2806; x_wconf 78' lang='grc' dir='ltr'><strong>αὑτῷ</strong></span> <span class='ocrx_word' id='word_1_499' title='bbox 3752 2734 3809 2797; x_wconf 70' lang='grc' dir='ltr'>ὡς</span> 
     </span>
    </p>
   </div>
   <div class='ocr_carea' id='block_1_59' title="bbox 2266 2823 3809 2908">
    <p class='ocr_par' dir='ltr' id='par_1_59' title="bbox 2266 2823 3809 2908">
     <span class='ocr_line' id='line_1_59' title="bbox 2266 2823 3809 2908; baseline -0.007 -18"><span class='ocrx_word' id='word_1_500' title='bbox 2266 2835 2498 2890; x_wconf 83' lang='grc' dir='ltr'>παιδίον.</span> <span class='ocrx_word' id='word_1_501' title='bbox 2534 2838 2644 2891; x_wconf 71' lang='grc' dir='ltr'><strong>Καὶ</strong></span> <span class='ocrx_word' id='word_1_502' title='bbox 2668 2836 2808 2908; x_wconf 85' lang='grc' dir='ltr'>τάχα</span> <span class='ocrx_word' id='word_1_503' title='bbox 2837 2835 3072 2890; x_wconf 75' lang='grc' dir='ltr'>ἐνταῦθα</span> <span class='ocrx_word' id='word_1_504' title='bbox 3117 2836 3215 2906; x_wconf 82' lang='grc' dir='ltr'>μὲν</span> <span class='ocrx_word' id='word_1_505' title='bbox 3245 2833 3604 2903; x_wconf 30' lang='grc' dir='ltr'>οίξδεχὸμενοι</span> <span class='ocrx_word' id='word_1_506' title='bbox 3630 2830 3715 2898; x_wconf 80' lang='grc' dir='ltr'>τὴν</span> <span class='ocrx_word' id='word_1_507' title='bbox 3738 2823 3809 2877; x_wconf 75' lang='grc' dir='ltr'><strong>τοῦ</strong></span> 
     </span>
    </p>
   </div>
   <div class='ocr_carea' id='block_1_60' title="bbox 2265 2918 3806 2999">
    <p class='ocr_par' dir='ltr' id='par_1_60' title="bbox 2265 2918 3806 2999">
     <span class='ocr_line' id='line_1_60' title="bbox 2265 2918 3806 2999; baseline -0.008 -18"><span class='ocrx_word' id='word_1_508' title='bbox 2265 2927 2400 2982; x_wconf 88' lang='grc' dir='ltr'><strong>Θεοῦ</strong></span> <span class='ocrx_word' id='word_1_509' title='bbox 2457 2927 2729 2998; x_wconf 86' lang='grc' dir='ltr'>βασιλείαν</span> <span class='ocrx_word' id='word_1_510' title='bbox 2774 2928 3019 2999; x_wconf 83' lang='grc' dir='ltr'>δέχονται</span> <span class='ocrx_word' id='word_1_511' title='bbox 3069 2927 3238 2998; x_wconf 79' lang='grc' dir='ltr'>αὐτὴν</span> <span class='ocrx_word' id='word_1_512' title='bbox 3284 2921 3457 2979; x_wconf 78' lang='grc' dir='ltr'>οὖσαν</span> <span class='ocrx_word' id='word_1_513' title='bbox 3500 2922 3573 2984; x_wconf 80' lang='grc' dir='ltr'><strong>ὼς</strong></span> <span class='ocrx_word' id='word_1_514' title='bbox 3616 2918 3806 2976; x_wconf 73' lang='grc' dir='ltr'>παιδίον,</span> 
     </span>
    </p>
   </div>
   <div class='ocr_carea' id='block_1_61' title="bbox 2266 3006 3810 3091">
    <p class='ocr_par' dir='ltr' id='par_1_61' title="bbox 2266 3006 3810 3091">
     <span class='ocr_line' id='line_1_61' title="bbox 2266 3006 3810 3091; baseline -0.008 -19"><span class='ocrx_word' id='word_1_515' title='bbox 2266 3020 2323 3074; x_wconf 81' lang='grc' dir='ltr'>ὲν</span> <span class='ocrx_word' id='word_1_516' title='bbox 2355 3020 2412 3073; x_wconf 86' lang='grc' dir='ltr'>δὲ</span> <span class='ocrx_word' id='word_1_517' title='bbox 2438 3019 2517 3091; x_wconf 81' lang='grc' dir='ltr'>τῷ</span> <span class='ocrx_word' id='word_1_518' title='bbox 2562 3020 2807 3091; x_wconf 86' lang='grc' dir='ltr'>μέλλοντι</span> <span class='ocrx_word' id='word_1_519' title='bbox 2854 3020 3012 3073; x_wconf 85' lang='grc' dir='ltr'>αἰῶνι</span> <span class='ocrx_word' id='word_1_520' title='bbox 3057 3020 3243 3072; x_wconf 79' lang='grc' dir='ltr'>οὐκέτι</span> <span class='ocrx_word' id='word_1_521' title='bbox 3285 3018 3364 3082; x_wconf 81' lang='grc' dir='ltr'><strong>ὡς</strong></span> <span class='ocrx_word' id='word_1_522' title='bbox 3409 3015 3636 3077; x_wconf 85' lang='grc' dir='ltr'>παιδίον,</span> <span class='ocrx_word' id='word_1_523' title='bbox 3662 3006 3810 3063; x_wconf 71' lang='grc' dir='ltr'>καὶτὸ</span> 
     </span>
    </p>
   </div>
   <div class='ocr_carea' id='block_1_62' title="bbox 2269 3101 3803 3184">
    <p class='ocr_par' dir='ltr' id='par_1_62' title="bbox 2269 3101 3803 3184">
     <span class='ocr_line' id='line_1_62' title="bbox 2269 3101 3803 3184; baseline -0.003 -20"><span class='ocrx_word' id='word_1_524' title='bbox 2269 3111 2493 3182; x_wconf 80' lang='grc' dir='ltr'>μέγεθος</span> <span class='ocrx_word' id='word_1_525' title='bbox 2537 3113 2635 3184; x_wconf 78' lang='grc' dir='ltr'><strong>τῆς</strong></span> <span class='ocrx_word' id='word_1_526' title='bbox 2673 3111 3007 3184; x_wconf 85' lang='grc' dir='ltr'>τελειότητος</span> <span class='ocrx_word' id='word_1_527' title='bbox 3044 3114 3102 3164; x_wconf 79' lang='grc' dir='ltr'>ὲν</span> <span class='ocrx_word' id='word_1_528' title='bbox 3137 3115 3226 3183; x_wconf 84' lang='grc' dir='ltr'><strong>τῇ,</strong></span> <span class='ocrx_word' id='word_1_529' title='bbox 3264 3111 3333 3164; x_wconf 79' lang='grc' dir='ltr'><strong>ἵν’</strong></span> <span class='ocrx_word' id='word_1_530' title='bbox 3371 3109 3545 3171; x_wconf 74' lang='grc' dir='ltr'><strong>οὕτως</strong></span> <span class='ocrx_word' id='word_1_531' title='bbox 3574 3101 3803 3173; x_wconf 74' lang='grc' dir='ltr'>ὀνομάσω.</span> 
     </span>
    </p>
   </div>
   <div class='ocr_carea' id='block_1_63' title="bbox 2266 3193 3808 3275">
    <p class='ocr_par' dir='ltr' id='par_1_63' title="bbox 2266 3193 3808 3275">
     <span class='ocr_line' id='line_1_63' title="bbox 2266 3193 3808 3275; baseline -0.003 -19"><span class='ocrx_word' id='word_1_532' title='bbox 2266 3206 2609 3275; x_wconf 83' lang='grc' dir='ltr'>πνευματικῇ</span> <span class='ocrx_word' id='word_1_533' title='bbox 2662 3203 2851 3274; x_wconf 84' lang='grc' dir='ltr'>ἡλικίᾳ</span> <span class='ocrx_word' id='word_1_534' title='bbox 2902 3202 3371 3273; x_wconf 80' lang='grc' dir='ltr'>ἐπιδεικνυμένοις</span> <span class='ocrx_word' id='word_1_535' title='bbox 3416 3201 3527 3271; x_wconf 62' lang='lat' dir='ltr'><strong>(i5)</strong></span> <span class='ocrx_word' id='word_1_536' title='bbox 3570 3198 3690 3251; x_wconf 75' lang='grc' dir='ltr'>πᾶσι</span> <span class='ocrx_word' id='word_1_537' title='bbox 3724 3193 3808 3251; x_wconf 80' lang='grc' dir='ltr'>τοῖς</span> 
     </span>
    </p>
   </div>
   <div class='ocr_carea' id='block_1_64' title="bbox 2269 3283 3806 3365">
    <p class='ocr_par' dir='ltr' id='par_1_64' title="bbox 2269 3283 3806 3365">
     <span class='ocr_line' id='line_1_64' title="bbox 2269 3283 3806 3365; baseline -0.007 -19"><span class='ocrx_word' id='word_1_538' title='bbox 2269 3294 2363 3346; x_wconf 68' lang='grc' dir='ltr'><strong>ἐπὶ</strong></span> <span class='ocrx_word' id='word_1_539' title='bbox 2394 3292 2486 3347; x_wconf 81' lang='grc' dir='ltr'><strong>τοῦ</strong></span> <span class='ocrx_word' id='word_1_540' title='bbox 2536 3294 2803 3365; x_wconf 83' lang='grc' dir='ltr'>παρόντος</span> <span class='ocrx_word' id='word_1_541' title='bbox 2846 3294 3314 3365; x_wconf 81' lang='grc' dir='ltr'>παραδεξαμένοις</span> <span class='ocrx_word' id='word_1_542' title='bbox 3354 3292 3528 3362; x_wconf 80' lang='grc' dir='ltr'>αὐτὴν</span> <span class='ocrx_word' id='word_1_543' title='bbox 3573 3283 3717 3343; x_wconf 81' lang='grc' dir='ltr'>οὖσαν</span> <span class='ocrx_word' id='word_1_544' title='bbox 3741 3285 3806 3335; x_wconf 79' lang='grc' dir='ltr'><strong>ἐν·</strong></span> 
     </span>
    </p>
   </div>
   <div class='ocr_carea' id='block_1_65' title="bbox 583 3383 2160 3465">
    <p class='ocr_par' dir='ltr' id='par_1_65' title="bbox 583 3392 2160 3465">
     <span class='ocr_line' id='line_1_65' title="bbox 583 3392 2160 3465; baseline 0.006 -24"><span class='ocrx_word' id='word_1_545' title='bbox 583 3392 887 3446; x_wconf 81' lang='lat' dir='ltr'><strong>exserentis</strong></span> <span class='ocrx_word' id='word_1_546' title='bbox 918 3399 973 3445; x_wconf 91' lang='lat' dir='ltr'><strong>et</strong></span> <span class='ocrx_word' id='word_1_547' title='bbox 1004 3393 1332 3448; x_wconf 84' lang='lat' dir='ltr'><strong>ostentantis</strong></span> <span class='ocrx_word' id='word_1_548' title='bbox 1379 3392 1435 3447; x_wconf 92' lang='lat' dir='ltr'><strong>in</strong></span> <span class='ocrx_word' id='word_1_549' title='bbox 1471 3394 1539 3450; x_wconf 91' lang='lat' dir='ltr'><strong>iis</strong></span> <span class='ocrx_word' id='word_1_550' title='bbox 1565 3395 1821 3450; x_wconf 86' lang='lat' dir='ltr'><strong>omnibus</strong></span> <span class='ocrx_word' id='word_1_551' title='bbox 1845 3396 1939 3465; x_wconf 90' lang='lat' dir='ltr'><strong>qui</strong></span> <span class='ocrx_word' id='word_1_552' title='bbox 1976 3396 2030 3450; x_wconf 93' lang='lat' dir='ltr'><strong>in</strong></span> <span class='ocrx_word' id='word_1_553' title='bbox 2062 3395 2160 3451; x_wconf 87' lang='lat' dir='ltr'><strong>hoc</strong></span> 
     </span>
    </p>
   </div>
   <div class='ocr_carea' id='block_1_66' title="bbox 2267 3383 2808 3465">
    <p class='ocr_par' dir='ltr' id='par_1_66' title="bbox 2269 3383 2808 3448">
     <span class='ocr_line' id='line_1_66' title="bbox 2269 3383 2808 3448; baseline 0 -10"><span class='ocrx_word' id='word_1_554' title='bbox 2269 3383 2444 3438; x_wconf 79' lang='grc' dir='ltr'>ταῦθα</span> <span class='ocrx_word' id='word_1_555' title='bbox 2472 3385 2547 3448; x_wconf 82' lang='grc' dir='ltr'><strong>ὡς</strong></span> <span class='ocrx_word' id='word_1_556' title='bbox 2578 3384 2808 3439; x_wconf 88' lang='grc' dir='ltr'>παιδίον.</span> 
     </span>
    </p>
   </div>
   <div class='ocr_carea' id='block_1_67' title="bbox 588 3481 2169 3557">
    <p class='ocr_par' dir='ltr' id='par_1_67' title="bbox 588 3481 2169 3557">
     <span class='ocr_line' id='line_1_67' title="bbox 588 3481 2169 3557; baseline 0.004 -23"><span class='ocrx_word' id='word_1_557' title='bbox 588 3481 793 3536; x_wconf 63' lang='lat' dir='ltr'><strong>smculo</strong></span> <span class='ocrx_word' id='word_1_558' title='bbox 842 3491 1170 3553; x_wconf 88' lang='lat' dir='ltr'><strong>receperunt</strong></span> <span class='ocrx_word' id='word_1_559' title='bbox 1211 3499 1439 3555; x_wconf 77' lang='lat' dir='ltr'><strong>regnum</strong></span> <span class='ocrx_word' id='word_1_560' title='bbox 1494 3484 1610 3554; x_wconf 88' lang='lat' dir='ltr'><strong>Dei,</strong></span> <span class='ocrx_word' id='word_1_561' title='bbox 1651 3485 1796 3555; x_wconf 88' lang='lat' dir='ltr'><strong>quod</strong></span> <span class='ocrx_word' id='word_1_562' title='bbox 1849 3486 1939 3541; x_wconf 92' lang='lat' dir='ltr'><strong>hic</strong></span> <span class='ocrx_word' id='word_1_563' title='bbox 1998 3500 2169 3557; x_wconf 88' lang='lat' dir='ltr'><strong>puero</strong></span> 
     </span>
    </p>
   </div>
   <div class='ocr_carea' id='block_1_68' title="bbox 587 3574 895 3629">
    <p class='ocr_par' dir='ltr' id='par_1_68' title="bbox 587 3574 895 3629">
     <span class='ocr_line' id='line_1_68' title="bbox 587 3574 895 3629; baseline 0.003 -1"><span class='ocrx_word' id='word_1_564' title='bbox 587 3574 766 3628; x_wconf 89' lang='lat' dir='ltr'><strong>simile</strong></span> <span class='ocrx_word' id='word_1_565' title='bbox 794 3586 895 3629; x_wconf 89' lang='lat' dir='ltr'><strong>est.</strong></span> 
     </span>
    </p>
   </div>
   <div class='ocr_carea' id='block_1_69' title="bbox 654 3668 2161 3730">
    <p class='ocr_par' dir='ltr' id='par_1_69' title="bbox 654 3668 2161 3730">
     <span class='ocr_line' id='line_1_69' title="bbox 654 3668 2161 3730; baseline 0.002 -6"><span class='ocrx_word' id='word_1_566' title='bbox 654 3669 745 3724; x_wconf 75' lang='lat'><strong>20.</strong></span> <span class='ocrx_word' id='word_1_567' title='bbox 791 3688 809 3721; x_wconf 79' lang='grc' dir='ltr'><strong>ι</strong></span> <span class='ocrx_word' id='word_1_568' title='bbox 845 3668 936 3725; x_wconf 64' lang='lat' dir='ltr'><strong>Vae</strong></span> <span class='ocrx_word' id='word_1_569' title='bbox 986 3672 1191 3728; x_wconf 90' lang='lat' dir='ltr'><strong>mundo</strong></span> <span class='ocrx_word' id='word_1_570' title='bbox 1235 3688 1267 3728; x_wconf 90' lang='lat' dir='ltr'><strong>a</strong></span> <span class='ocrx_word' id='word_1_571' title='bbox 1316 3673 1593 3730; x_wconf 91' lang='lat' dir='ltr'><strong>scandalis</strong></span> <span class='ocrx_word' id='word_1_572' title='bbox 1613 3674 1681 3727; x_wconf 78' lang='grc'><strong>⁸⁸.</strong></span> <span class='ocrx_word' id='word_1_573' title='bbox 1720 3692 1739 3725; x_wconf 75' lang='grc' dir='ltr'><strong>ι</strong></span> <span class='ocrx_word' id='word_1_574' title='bbox 1792 3671 2056 3728; x_wconf 87' lang='lat' dir='ltr'><strong>Privatim</strong></span> <span class='ocrx_word' id='word_1_575' title='bbox 2103 3679 2161 3728; x_wconf 90' lang='lat' dir='ltr'><strong>et</strong></span> 
     </span>
    </p>
   </div>
   <div class='ocr_carea' id='block_1_70' title="bbox 584 3764 2159 3836">
    <p class='ocr_par' dir='ltr' id='par_1_70' title="bbox 584 3764 2159 3836">
     <span class='ocr_line' id='line_1_70' title="bbox 584 3764 2159 3836; baseline 0.003 -21"><span class='ocrx_word' id='word_1_576' title='bbox 584 3770 833 3832; x_wconf 87' lang='lat' dir='ltr'><strong>separate</strong></span> <span class='ocrx_word' id='word_1_577' title='bbox 867 3764 1191 3819; x_wconf 90' lang='lat' dir='ltr'><strong>vocabulum</strong></span> <span class='ocrx_word' id='word_1_578' title='bbox 1224 3765 1393 3821; x_wconf 86' lang='lat' dir='ltr'><strong>hocce</strong></span> <span class='ocrx_word' id='word_1_579' title='bbox 1446 3785 1465 3818; x_wconf 77' lang='grc' dir='ltr'><strong>ι</strong></span> <span class='ocrx_word' id='word_1_580' title='bbox 1498 3766 1734 3822; x_wconf 91' lang='lat' dir='ltr'><strong>mundus</strong></span> <span class='ocrx_word' id='word_1_581' title='bbox 1765 3785 1783 3817; x_wconf 78' lang='grc' dir='ltr'><strong>ι</strong></span> <span class='ocrx_word' id='word_1_582' title='bbox 1835 3774 2159 3836; x_wconf 83' lang='lat' dir='ltr'><strong>usurpatum</strong></span> 
     </span>
    </p>
   </div>
   <div class='ocr_carea' id='block_1_71' title="bbox 582 3852 2160 3927">
    <p class='ocr_par' dir='ltr' id='par_1_71' title="bbox 582 3852 2160 3927">
     <span class='ocr_line' id='line_1_71' title="bbox 582 3852 2160 3927; baseline 0.003 -20"><span class='ocrx_word' id='word_1_583' title='bbox 582 3862 707 3908; x_wconf 89' lang='lat' dir='ltr'><strong>est:</strong></span> <span class='ocrx_word' id='word_1_584' title='bbox 745 3872 764 3904; x_wconf 80' lang='grc' dir='ltr'><strong>ι</strong></span> <span class='ocrx_word' id='word_1_585' title='bbox 796 3852 853 3907; x_wconf 85' lang='lat' dir='ltr'><strong>In</strong></span> <span class='ocrx_word' id='word_1_586' title='bbox 884 3856 1089 3910; x_wconf 89' lang='lat' dir='ltr'><strong>mundo</strong></span> <span class='ocrx_word' id='word_1_587' title='bbox 1118 3864 1253 3922; x_wconf 91' lang='lat' dir='ltr'><strong>erat,</strong></span> <span class='ocrx_word' id='word_1_588' title='bbox 1284 3864 1338 3912; x_wconf 90' lang='lat' dir='ltr'><strong>et</strong></span> <span class='ocrx_word' id='word_1_589' title='bbox 1370 3858 1607 3912; x_wconf 91' lang='lat' dir='ltr'><strong>mundus</strong></span> <span class='ocrx_word' id='word_1_590' title='bbox 1634 3873 1757 3912; x_wconf 88' lang='lat' dir='ltr'><strong>eum</strong></span> <span class='ocrx_word' id='word_1_591' title='bbox 1802 3873 1911 3911; x_wconf 92' lang='lat' dir='ltr'><strong>non</strong></span> <span class='ocrx_word' id='word_1_592' title='bbox 1956 3872 2160 3927; x_wconf 80' lang='lat' dir='ltr'><strong>cogno-</strong></span> 
     </span>
    </p>
   </div>
   <div class='ocr_carea' id='block_1_72' title="bbox 583 3945 2164 4018">
    <p class='ocr_par' dir='ltr' id='par_1_72' title="bbox 583 3945 2164 4018">
     <span class='ocr_line' id='line_1_72' title="bbox 583 3945 2164 4018; baseline 0.003 -20"><span class='ocrx_word' id='word_1_593' title='bbox 583 3945 764 4013; x_wconf 78' lang='lat' dir='ltr'><strong>vit&quot;;</strong></span> <span class='ocrx_word' id='word_1_594' title='bbox 799 3966 817 3998; x_wconf 78' lang='grc' dir='ltr'><strong>ι</strong></span> <span class='ocrx_word' id='word_1_595' title='bbox 852 3948 1084 4016; x_wconf 81' lang='lat' dir='ltr'><strong>atjuxta</strong></span> <span class='ocrx_word' id='word_1_596' title='bbox 1118 3949 1557 4004; x_wconf 87' lang='lat' dir='ltr'><strong>convenientiam</strong></span> <span class='ocrx_word' id='word_1_597' title='bbox 1592 3964 1717 4004; x_wconf 90' lang='lat' dir='ltr'><strong>cum</strong></span> <span class='ocrx_word' id='word_1_598' title='bbox 1755 3949 1936 4018; x_wconf 89' lang='lat' dir='ltr'><strong>aliqua</strong></span> <span class='ocrx_word' id='word_1_599' title='bbox 1981 3963 2073 4013; x_wconf 90' lang='lat' dir='ltr'><strong>re,</strong></span> <span class='ocrx_word' id='word_1_600' title='bbox 2108 3960 2164 4003; x_wconf 91' lang='lat' dir='ltr'><strong>et</strong></span> 
     </span>
    </p>
   </div>
   <div class='ocr_carea' id='block_1_73' title="bbox 583 4040 2161 4112">
    <p class='ocr_par' dir='ltr' id='par_1_73' title="bbox 583 4040 2161 4112">
     <span class='ocr_line' id='line_1_73' title="bbox 583 4040 2161 4112; baseline 0.001 -19"><span class='ocrx_word' id='word_1_601' title='bbox 583 4040 980 4095; x_wconf 80' lang='lat' dir='ltr'><strong>connexionem</strong></span> <span class='ocrx_word' id='word_1_602' title='bbox 1012 4056 1135 4097; x_wconf 93' lang='lat' dir='ltr'><strong>cum</strong></span> <span class='ocrx_word' id='word_1_603' title='bbox 1167 4057 1232 4098; x_wconf 91' lang='lat' dir='ltr'><strong>eo</strong></span> <span class='ocrx_word' id='word_1_604' title='bbox 1267 4043 1332 4097; x_wconf 91' lang='lat' dir='ltr'><strong>ad</strong></span> <span class='ocrx_word' id='word_1_605' title='bbox 1362 4042 1505 4112; x_wconf 93' lang='lat' dir='ltr'><strong>quod</strong></span> <span class='ocrx_word' id='word_1_606' title='bbox 1529 4042 1789 4111; x_wconf 89' lang='lat' dir='ltr'><strong>pertinet,</strong></span> <span class='ocrx_word' id='word_1_607' title='bbox 1816 4042 2161 4097; x_wconf 89' lang='lat' dir='ltr'><strong>enuntiatum</strong></span> 
     </span>
    </p>
   </div>
   <div class='ocr_carea' id='block_1_74' title="bbox 2346 3658 3804 3742">
    <p class='ocr_par' dir='ltr' id='par_1_74' title="bbox 2346 3658 3804 3742">
     <span class='ocr_line' id='line_1_74' title="bbox 2346 3658 3804 3742; baseline -0.005 -20"><span class='ocrx_word' id='word_1_608' title='bbox 2346 3690 2365 3722; x_wconf 72' lang='grc' dir='ltr'><strong>ι</strong></span> <span class='ocrx_word' id='word_1_609' title='bbox 2406 3671 2542 3725; x_wconf 76' lang='grc' dir='ltr'>Οὐαὶ</span> <span class='ocrx_word' id='word_1_610' title='bbox 2568 3670 2645 3742; x_wconf 81' lang='grc' dir='ltr'>τῷ</span> <span class='ocrx_word' id='word_1_611' title='bbox 2684 3671 2873 3742; x_wconf 76' lang='grc' dir='ltr'>κόσμῳ</span> <span class='ocrx_word' id='word_1_612' title='bbox 2902 3671 3010 3726; x_wconf 83' lang='grc' dir='ltr'><strong>ἀπὸ</strong></span> <span class='ocrx_word' id='word_1_613' title='bbox 3036 3670 3145 3725; x_wconf 84' lang='grc' dir='ltr'><strong>τῶν</strong></span> <span class='ocrx_word' id='word_1_614' title='bbox 3177 3670 3512 3725; x_wconf 81' lang='grc' dir='ltr'>σκανδάλων.</span> <span class='ocrx_word' id='word_1_615' title='bbox 3546 3686 3564 3718; x_wconf 74' lang='grc' dir='ltr'><strong>ι</strong></span> <span class='ocrx_word' id='word_1_616' title='bbox 3588 3663 3708 3719; x_wconf 81' lang='grc' dir='ltr'>Κατ’</span> <span class='ocrx_word' id='word_1_617' title='bbox 3731 3658 3804 3715; x_wconf 74' lang='grc' dir='ltr'><strong>αὖ·</strong></span> 
     </span>
    </p>
   </div>
   <div class='ocr_carea' id='block_1_75' title="bbox 2266 3759 3799 3833">
    <p class='ocr_par' dir='ltr' id='par_1_75' title="bbox 2266 3759 3799 3833">
     <span class='ocr_line' id='line_1_75' title="bbox 2266 3759 3799 3833; baseline -0.01 -16"><span class='ocrx_word' id='word_1_618' title='bbox 2266 3761 2367 3833; x_wconf 83' lang='grc' dir='ltr'>τὴν</span> <span class='ocrx_word' id='word_1_619' title='bbox 2411 3762 2510 3833; x_wconf 77' lang='grc' dir='ltr'>μὲν</span> <span class='ocrx_word' id='word_1_620' title='bbox 2558 3764 2651 3816; x_wconf 79' lang='grc' dir='ltr'><strong>καὶ</strong></span> <span class='ocrx_word' id='word_1_621' title='bbox 2697 3761 3117 3833; x_wconf 81' lang='grc' dir='ltr'>ἁπολελυμένως</span> <span class='ocrx_word' id='word_1_622' title='bbox 3160 3762 3377 3833; x_wconf 83' lang='grc' dir='ltr'>εἴρηται</span> <span class='ocrx_word' id='word_1_623' title='bbox 3420 3763 3454 3831; x_wconf 78' lang='grc' dir='ltr'>ἡ</span> <span class='ocrx_word' id='word_1_624' title='bbox 3508 3779 3526 3810; x_wconf 83' lang='grc' dir='ltr'><strong>ι</strong></span> <span class='ocrx_word' id='word_1_625' title='bbox 3576 3759 3749 3824; x_wconf 77' lang='grc' dir='ltr'>κόσμος</span> <span class='ocrx_word' id='word_1_626' title='bbox 3785 3768 3799 3800; x_wconf 73' lang='grc' dir='ltr'><strong>ι</strong></span> 
     </span>
    </p>
   </div>
   <div class='ocr_carea' id='block_1_76' title="bbox 2270 3844 3804 3926">
    <p class='ocr_par' dir='ltr' id='par_1_76' title="bbox 2270 3844 3804 3926">
     <span class='ocr_line' id='line_1_76' title="bbox 2270 3844 3804 3926; baseline -0.008 -16"><span class='ocrx_word' id='word_1_627' title='bbox 2270 3856 2452 3926; x_wconf 84' lang='grc' dir='ltr'><strong>φωνή·</strong></span> <span class='ocrx_word' id='word_1_628' title='bbox 2493 3873 2512 3907; x_wconf 81' lang='grc' dir='ltr'><strong>ι</strong></span> <span class='ocrx_word' id='word_1_629' title='bbox 2567 3856 2656 3909; x_wconf 89' lang='grc' dir='ltr'>Ἐν</span> <span class='ocrx_word' id='word_1_630' title='bbox 2695 3854 2772 3926; x_wconf 82' lang='grc' dir='ltr'>τῷ</span> <span class='ocrx_word' id='word_1_631' title='bbox 2800 3855 2989 3925; x_wconf 82' lang='grc' dir='ltr'>κόσμῳ</span> <span class='ocrx_word' id='word_1_632' title='bbox 3023 3855 3133 3925; x_wconf 67' lang='grc'><strong>(44)</strong></span> <span class='ocrx_word' id='word_1_633' title='bbox 3161 3850 3250 3926; x_wconf 85' lang='grc' dir='ltr'>ἦν,</span> <span class='ocrx_word' id='word_1_634' title='bbox 3286 3856 3384 3908; x_wconf 75' lang='grc' dir='ltr'><strong>καὶ</strong></span> <span class='ocrx_word' id='word_1_635' title='bbox 3406 3856 3436 3907; x_wconf 85' lang='grc' dir='ltr'>ὁ</span> <span class='ocrx_word' id='word_1_636' title='bbox 3468 3852 3657 3922; x_wconf 76' lang='grc' dir='ltr'>κόσμος</span> <span class='ocrx_word' id='word_1_637' title='bbox 3678 3844 3804 3899; x_wconf 80' lang='grc' dir='ltr'>αὐτὸν</span> 
     </span>
    </p>
   </div>
   <div class='ocr_carea' id='block_1_77' title="bbox 2268 3936 3806 4020">
    <p class='ocr_par' dir='ltr' id='par_1_77' title="bbox 2268 3936 3806 4020">
     <span class='ocr_line' id='line_1_77' title="bbox 2268 3936 3806 4020; baseline -0.003 -19"><span class='ocrx_word' id='word_1_638' title='bbox 2268 3948 2369 4001; x_wconf 78' lang='grc' dir='ltr'>οὐκ</span> <span class='ocrx_word' id='word_1_639' title='bbox 2410 3947 2578 4016; x_wconf 74' lang='grc' dir='ltr'><strong>ἔγνω·</strong></span> <span class='ocrx_word' id='word_1_640' title='bbox 2627 3968 2644 3999; x_wconf 75' lang='grc' dir='ltr'><strong>ι</strong></span> <span class='ocrx_word' id='word_1_641' title='bbox 2685 3948 2828 4001; x_wconf 79' lang='grc' dir='ltr'>κατὰ</span> <span class='ocrx_word' id='word_1_642' title='bbox 2854 3948 2912 4001; x_wconf 82' lang='grc' dir='ltr'>δὲ</span> <span class='ocrx_word' id='word_1_643' title='bbox 2954 3948 3053 4020; x_wconf 81' lang='grc' dir='ltr'>τὴν</span> <span class='ocrx_word' id='word_1_644' title='bbox 3085 3947 3222 4020; x_wconf 84' lang='grc' dir='ltr'><strong>πρός</strong></span> <span class='ocrx_word' id='word_1_645' title='bbox 3254 3965 3306 3999; x_wconf 88' lang='grc' dir='ltr'><strong>τι</strong></span> <span class='ocrx_word' id='word_1_646' title='bbox 3343 3946 3531 4018; x_wconf 84' lang='grc' dir='ltr'>σχέσιν</span> <span class='ocrx_word' id='word_1_647' title='bbox 3574 3940 3695 4014; x_wconf 81' lang='grc' dir='ltr'>μετᾶ</span> <span class='ocrx_word' id='word_1_648' title='bbox 3730 3936 3806 4003; x_wconf 74' lang='grc' dir='ltr'><strong>τῆς</strong></span> 
     </span>
    </p>
   </div>
   <div class='ocr_carea' id='block_1_78' title="bbox 2271 4028 3803 4113">
    <p class='ocr_par' dir='ltr' id='par_1_78' title="bbox 2271 4028 3803 4113">
     <span class='ocr_line' id='line_1_78' title="bbox 2271 4028 3803 4113; baseline -0.01 -17"><span class='ocrx_word' id='word_1_649' title='bbox 2271 4041 2408 4113; x_wconf 83' lang='grc' dir='ltr'>πρὸς</span> <span class='ocrx_word' id='word_1_650' title='bbox 2440 4042 2619 4094; x_wconf 83' lang='grc' dir='ltr'>ἐκεῖνο</span> <span class='ocrx_word' id='word_1_651' title='bbox 2650 4040 2950 4113; x_wconf 74' lang='grc' dir='ltr'>ἐπιπλοκῆς</span> <span class='ocrx_word' id='word_1_652' title='bbox 2975 4034 3037 4092; x_wconf 77' lang='grc' dir='ltr'>οὗ</span> <span class='ocrx_word' id='word_1_653' title='bbox 3071 4040 3274 4111; x_wconf 87' lang='grc' dir='ltr'>κόσμος</span> <span class='ocrx_word' id='word_1_654' title='bbox 3301 4040 3421 4092; x_wconf 73' lang='grc' dir='ltr'>ἐστὶ</span> <span class='ocrx_word' id='word_1_655' title='bbox 3452 4036 3736 4105; x_wconf 81' lang='grc' dir='ltr'>ὠνόμασται</span> <span class='ocrx_word' id='word_1_656' title='bbox 3758 4028 3803 4079; x_wconf 78' lang='grc' dir='ltr'>ὲν</span> 
     </span>
    </p>
   </div>
   <div class='ocr_carea' id='block_1_79' title="bbox 487 5074 1107 5134">
    <p class='ocr_par' dir='ltr' id='par_1_79' title="bbox 487 5074 1107 5134">
     <span class='ocr_line' id='line_1_79' title="bbox 487 5074 1107 5134; baseline 0.01 -6"><span class='ocrx_word' id='word_1_657' title='bbox 487 5094 495 5109; x_wconf 88' lang='grc'><strong>·</strong></span> <span class='ocrx_word' id='word_1_658' title='bbox 583 5074 733 5129; x_wconf 82' lang='lat' dir='ltr'><strong>dedit</strong></span> <span class='ocrx_word' id='word_1_659' title='bbox 768 5079 1107 5134; x_wconf 87' lang='lat' dir='ltr'><strong>mandatum.</strong></span> 
     </span>
    </p>
   </div>
   <div class='ocr_carea' id='block_1_80' title="bbox 583 4120 2160 4205">
    <p class='ocr_par' dir='ltr' id='par_1_80' title="bbox 583 4131 2160 4201">
     <span class='ocr_line' id='line_1_80' title="bbox 583 4131 2160 4201; baseline 0.001 -15"><span class='ocrx_word' id='word_1_660' title='bbox 583 4140 668 4186; x_wconf 82' lang='lat' dir='ltr'><strong>est</strong></span> <span class='ocrx_word' id='word_1_661' title='bbox 693 4131 796 4187; x_wconf 92' lang='lat' dir='ltr'><strong>hoc</strong></span> <span class='ocrx_word' id='word_1_662' title='bbox 824 4132 946 4188; x_wconf 85' lang='lat' dir='ltr'><strong>loco</strong></span> <span class='ocrx_word' id='word_1_663' title='bbox 972 4132 1015 4165; x_wconf 77' lang='grc'><strong>⁸⁷</strong></span> <span class='ocrx_word' id='word_1_664' title='bbox 1046 4152 1059 4189; x_wconf 92' lang='lat'><strong>:</strong></span> <span class='ocrx_word' id='word_1_665' title='bbox 1088 4153 1106 4185; x_wconf 80' lang='grc' dir='ltr'><strong>ι</strong></span> <span class='ocrx_word' id='word_1_666' title='bbox 1135 4132 1214 4191; x_wconf 84' lang='lat' dir='ltr'><strong>Ne</strong></span> <span class='ocrx_word' id='word_1_667' title='bbox 1236 4133 1374 4190; x_wconf 79' lang='lat' dir='ltr'><strong>forte</strong></span> <span class='ocrx_word' id='word_1_668' title='bbox 1395 4134 1621 4191; x_wconf 87' lang='lat' dir='ltr'><strong>elevatis</strong></span> <span class='ocrx_word' id='word_1_669' title='bbox 1647 4136 1823 4190; x_wconf 89' lang='lat' dir='ltr'><strong>oculis</strong></span> <span class='ocrx_word' id='word_1_670' title='bbox 1849 4135 1917 4189; x_wconf 91' lang='lat' dir='ltr'><strong>ad</strong></span> <span class='ocrx_word' id='word_1_671' title='bbox 1938 4134 2160 4201; x_wconf 69' lang='lat' dir='ltr'><strong>caelum,</strong></span> 
     </span>
    </p>
   </div>
   <div class='ocr_carea' id='block_1_81' title="bbox 2267 4120 3803 4205">
    <p class='ocr_par' dir='ltr' id='par_1_81' title="bbox 2273 4120 3803 4205">
     <span class='ocr_line' id='line_1_81' title="bbox 2273 4120 3803 4205; baseline -0.008 -18"><span class='ocrx_word' id='word_1_672' title='bbox 2273 4132 2350 4205; x_wconf 83' lang='grc' dir='ltr'>τῷ</span> <span class='ocrx_word' id='word_1_673' title='bbox 2370 4150 2383 4164; x_wconf 87' lang='grc'><strong>·</strong></span> <span class='ocrx_word' id='word_1_674' title='bbox 2434 4153 2453 4185; x_wconf 84' lang='grc' dir='ltr'><strong>ι</strong></span> <span class='ocrx_word' id='word_1_675' title='bbox 2500 4133 2591 4204; x_wconf 85' lang='grc' dir='ltr'><strong>Μὴ</strong></span> <span class='ocrx_word' id='word_1_676' title='bbox 2618 4132 2928 4204; x_wconf 78' lang='grc' dir='ltr'>ἀναϐλέψας</span> <span class='ocrx_word' id='word_1_677' title='bbox 2967 4134 3046 4197; x_wconf 81' lang='grc' dir='ltr'><strong>εἰς</strong></span> <span class='ocrx_word' id='word_1_678' title='bbox 3074 4132 3163 4187; x_wconf 85' lang='grc' dir='ltr'>τὸν</span> <span class='ocrx_word' id='word_1_679' title='bbox 3202 4132 3455 4205; x_wconf 81' lang='grc' dir='ltr'>οὐρανὸν,</span> <span class='ocrx_word' id='word_1_680' title='bbox 3491 4130 3581 4183; x_wconf 80' lang='grc' dir='ltr'><strong>καὶ</strong></span> <span class='ocrx_word' id='word_1_681' title='bbox 3610 4124 3711 4180; x_wconf 85' lang='grc' dir='ltr'>ἰδὼν</span> <span class='ocrx_word' id='word_1_682' title='bbox 3733 4120 3803 4175; x_wconf 70' lang='grc' dir='ltr'><strong>τὸν</strong></span> 
     </span>
    </p>
   </div>
   <div class='ocr_carea' id='block_1_82' title="bbox 1784 4272 2652 4331">
    <p class='ocr_par' dir='ltr' id='par_1_82' title="bbox 1784 4272 2652 4331">
     <span class='ocr_line' id='line_1_82' title="bbox 1784 4272 2652 4331; baseline 0.002 -3"><span class='ocrx_word' id='word_1_683' title='bbox 1784 4273 2017 4331; x_wconf 84' lang='lat' dir='ltr'><strong>VETUS</strong></span> <span class='ocrx_word' id='word_1_684' title='bbox 2067 4272 2652 4330; x_wconf 82' lang='lat' dir='ltr'><strong>INTERPRETATIO.</strong></span> 
     </span>
    </p>
   </div>
   <div class='ocr_carea' id='block_1_83' title="bbox 582 4361 3801 4442">
    <p class='ocr_par' dir='ltr' id='par_1_83' title="bbox 582 4361 3801 4442">
     <span class='ocr_line' id='line_1_83' title="bbox 582 4361 3801 4442; baseline -0.004 -18"><span class='ocrx_word' id='word_1_685' title='bbox 582 4370 805 4426; x_wconf 88' lang='lat' dir='ltr'><strong>nomine</strong></span> <span class='ocrx_word' id='word_1_686' title='bbox 835 4385 976 4427; x_wconf 91' lang='lat' dir='ltr'><strong>meo.</strong></span> <span class='ocrx_word' id='word_1_687' title='bbox 1017 4391 1036 4425; x_wconf 74' lang='grc' dir='ltr'><strong>ι</strong></span> <span class='ocrx_word' id='word_1_688' title='bbox 1085 4371 1403 4429; x_wconf 90' lang='lat' dir='ltr'><strong>Secundum</strong></span> <span class='ocrx_word' id='word_1_689' title='bbox 1442 4372 1758 4429; x_wconf 66' lang='lat' dir='ltr'><strong>Matthaaum</strong></span> <span class='ocrx_word' id='word_1_690' title='bbox 1798 4387 1928 4442; x_wconf 83' lang='lat' dir='ltr'><strong>ergo</strong></span> <span class='ocrx_word' id='word_1_691' title='bbox 1961 4379 2017 4426; x_wconf 89' lang='lat' dir='ltr'><strong>et</strong></span> <span class='ocrx_word' id='word_1_692' title='bbox 2053 4370 2336 4434; x_wconf 89' lang='lat' dir='ltr'><strong>Marcum,</strong></span> <span class='ocrx_word' id='word_1_693' title='bbox 2379 4380 2560 4441; x_wconf 89' lang='lat' dir='ltr'><strong>potest</strong></span> <span class='ocrx_word' id='word_1_694' title='bbox 2609 4371 2734 4442; x_wconf 92' lang='lat' dir='ltr'><strong>quis</strong></span> <span class='ocrx_word' id='word_1_695' title='bbox 2777 4370 3031 4427; x_wconf 88' lang='lat' dir='ltr'><strong>dubitare</strong></span> <span class='ocrx_word' id='word_1_696' title='bbox 3081 4379 3286 4442; x_wconf 86' lang='lat' dir='ltr'><strong>utrum_</strong></span> <span class='ocrx_word' id='word_1_697' title='bbox 3302 4383 3534 4439; x_wconf 90' lang='lat' dir='ltr'><strong>puerum</strong></span> <span class='ocrx_word' id='word_1_698' title='bbox 3571 4361 3801 4437; x_wconf 66' lang='lat' dir='ltr'><strong>Spiritum</strong></span> 
     </span>
    </p>
   </div>
   <div class='ocr_carea' id='block_1_84' title="bbox 592 4438 3799 4512">
    <p class='ocr_par' dir='ltr' id='par_1_84' title="bbox 592 4438 3799 4512">
     <span class='ocr_line' id='line_1_84' title="bbox 592 4438 3799 4512; baseline -0.002 -17"><span class='ocrx_word' id='word_1_699' title='bbox 592 4453 846 4512; x_wconf 86' lang='lat' dir='ltr'><strong>sanctum</strong></span> <span class='ocrx_word' id='word_1_700' title='bbox 885 4443 1033 4497; x_wconf 91' lang='lat' dir='ltr'><strong>dicat</strong></span> <span class='ocrx_word' id='word_1_701' title='bbox 1073 4460 1084 4496; x_wconf 86' lang='lat'><strong>:</strong></span> <span class='ocrx_word' id='word_1_702' title='bbox 1133 4444 1263 4512; x_wconf 91' lang='lat' dir='ltr'><strong>quia</strong></span> <span class='ocrx_word' id='word_1_703' title='bbox 1294 4444 1372 4500; x_wconf 91' lang='lat' dir='ltr'><strong>sic</strong></span> <span class='ocrx_word' id='word_1_704' title='bbox 1404 4444 1703 4498; x_wconf 82' lang='lat' dir='ltr'><strong>dixerunt:</strong></span> <span class='ocrx_word' id='word_1_705' title='bbox 1742 4462 1760 4494; x_wconf 80' lang='grc' dir='ltr'><strong>ι</strong></span> <span class='ocrx_word' id='word_1_706' title='bbox 1797 4438 2008 4511; x_wconf 62' lang='lat' dir='ltr'><strong>Siquis</strong></span> <span class='ocrx_word' id='word_1_707' title='bbox 2040 4442 2312 4511; x_wconf 88' lang='lat' dir='ltr'><strong>acceperit</strong></span> <span class='ocrx_word' id='word_1_708' title='bbox 2350 4438 2580 4511; x_wconf 75' lang='lat' dir='ltr'><strong>puerum</strong></span> <span class='ocrx_word' id='word_1_709' title='bbox 2622 4438 2806 4497; x_wconf 72' lang='lat' dir='ltr'><strong>talem.</strong></span> <span class='ocrx_word' id='word_1_710' title='bbox 2845 4461 2863 4494; x_wconf 75' lang='grc' dir='ltr'><strong>ι</strong></span> <span class='ocrx_word' id='word_1_711' title='bbox 2911 4442 3221 4497; x_wconf 87' lang='lat' dir='ltr'><strong>Secundum</strong></span> <span class='ocrx_word' id='word_1_712' title='bbox 3266 4438 3469 4495; x_wconf 87' lang='lat' dir='ltr'><strong>Lucam</strong></span> <span class='ocrx_word' id='word_1_713' title='bbox 3507 4446 3668 4512; x_wconf 79' lang='lat' dir='ltr'><strong>autem</strong></span> <span class='ocrx_word' id='word_1_714' title='bbox 3705 4442 3799 4508; x_wconf 37' lang='lat' dir='ltr'><strong>qu‘ls</strong></span> 
     </span>
    </p>
   </div>
   <div class='ocr_carea' id='block_1_85' title="bbox 585 4506 3800 4584">
    <p class='ocr_par' dir='ltr' id='par_1_85' title="bbox 585 4506 3800 4584">
     <span class='ocr_line' id='line_1_85' title="bbox 585 4506 3800 4584; baseline -0.004 -21"><span class='ocrx_word' id='word_1_715' title='bbox 585 4511 814 4584; x_wconf 81' lang='lat' dir='ltr'><strong>ambigit</strong></span> <span class='ocrx_word' id='word_1_716' title='bbox 841 4527 1001 4581; x_wconf 83' lang='lat' dir='ltr'><strong>posse</strong></span> <span class='ocrx_word' id='word_1_717' title='bbox 1031 4506 1255 4584; x_wconf 80' lang='lat' dir='ltr'><strong>intelligi</strong></span> <span class='ocrx_word' id='word_1_718' title='bbox 1292 4531 1519 4584; x_wconf 84' lang='lat' dir='ltr'><strong>puerum</strong></span> <span class='ocrx_word' id='word_1_719' title='bbox 1554 4515 1706 4568; x_wconf 91' lang='lat' dir='ltr'><strong>illum</strong></span> <span class='ocrx_word' id='word_1_720' title='bbox 1741 4506 2004 4584; x_wconf 75' lang='lat' dir='ltr'><strong>Spiritum</strong></span> <span class='ocrx_word' id='word_1_721' title='bbox 2040 4506 2290 4567; x_wconf 77' lang='lat' dir='ltr'><strong>sanctum</strong></span> <span class='ocrx_word' id='word_1_722' title='bbox 2335 4506 2458 4566; x_wconf 76' lang='lat' dir='ltr'><strong>cum</strong></span> <span class='ocrx_word' id='word_1_723' title='bbox 2496 4513 2682 4570; x_wconf 88' lang='lat' dir='ltr'><strong>dicat:</strong></span> <span class='ocrx_word' id='word_1_724' title='bbox 2719 4532 2738 4564; x_wconf 76' lang='grc' dir='ltr'><strong>ι</strong></span> <span class='ocrx_word' id='word_1_725' title='bbox 2774 4513 2830 4568; x_wconf 90' lang='lat' dir='ltr'><strong>Si</strong></span> <span class='ocrx_word' id='word_1_726' title='bbox 2872 4514 2998 4584; x_wconf 85' lang='lat' dir='ltr'><strong>quis</strong></span> <span class='ocrx_word' id='word_1_727' title='bbox 3045 4512 3312 4580; x_wconf 86' lang='lat' dir='ltr'><strong>acceperit</strong></span> <span class='ocrx_word' id='word_1_728' title='bbox 3353 4523 3577 4580; x_wconf 90' lang='lat' dir='ltr'><strong>puerum</strong></span> <span class='ocrx_word' id='word_1_729' title='bbox 3614 4506 3735 4558; x_wconf 90' lang='lat' dir='ltr'><strong>hunc</strong></span> <span class='ocrx_word' id='word_1_730' title='bbox 3759 4506 3800 4584; x_wconf 75' lang='lat' dir='ltr'><strong>in</strong></span> 
     </span>
    </p>
   </div>
   <div class='ocr_carea' id='block_1_86' title="bbox 584 4582 3801 4654">
    <p class='ocr_par' dir='ltr' id='par_1_86' title="bbox 584 4582 3801 4654">
     <span class='ocr_line' id='line_1_86' title="bbox 584 4582 3801 4654; baseline -0.002 -20"><span class='ocrx_word' id='word_1_731' title='bbox 584 4582 808 4654; x_wconf 73' lang='lat' dir='ltr'><strong>nomine</strong></span> <span class='ocrx_word' id='word_1_732' title='bbox 843 4584 1000 4636; x_wconf 88' lang='lat' dir='ltr'><strong>meo?</strong></span> <span class='ocrx_word' id='word_1_733' title='bbox 1036 4604 1055 4636; x_wconf 74' lang='grc' dir='ltr'><strong>ι</strong></span> <span class='ocrx_word' id='word_1_734' title='bbox 1091 4582 1403 4640; x_wconf 84' lang='lat' dir='ltr'><strong>Secundum</strong></span> <span class='ocrx_word' id='word_1_735' title='bbox 1432 4583 1637 4639; x_wconf 89' lang='lat' dir='ltr'><strong>Lucam</strong></span> <span class='ocrx_word' id='word_1_736' title='bbox 1661 4582 1799 4654; x_wconf 77' lang='lat' dir='ltr'><strong>ergo</strong></span> <span class='ocrx_word' id='word_1_737' title='bbox 1820 4584 2082 4639; x_wconf 87' lang='lat' dir='ltr'><strong>debemus</strong></span> <span class='ocrx_word' id='word_1_738' title='bbox 2120 4598 2352 4654; x_wconf 73' lang='lat' dir='ltr'><strong>puerum</strong></span> <span class='ocrx_word' id='word_1_739' title='bbox 2396 4584 2579 4646; x_wconf 87' lang='lat' dir='ltr'><strong>illum,</strong></span> <span class='ocrx_word' id='word_1_740' title='bbox 2613 4584 2664 4638; x_wconf 89' lang='lat' dir='ltr'><strong>id</strong></span> <span class='ocrx_word' id='word_1_741' title='bbox 2703 4593 2816 4649; x_wconf 89' lang='lat' dir='ltr'><strong>est,</strong></span> <span class='ocrx_word' id='word_1_742' title='bbox 2861 4583 3125 4652; x_wconf 86' lang='lat' dir='ltr'><strong>Spiritum</strong></span> <span class='ocrx_word' id='word_1_743' title='bbox 3161 4590 3638 4654; x_wconf 81' lang='lat' dir='ltr'><strong>sanctum,_qucm</strong></span> <span class='ocrx_word' id='word_1_744' title='bbox 3689 4583 3801 4654; x_wconf 44' lang='lat' dir='ltr'><strong>alit!-</strong></span> 
     </span>
    </p>
   </div>
   <div class='ocr_carea' id='block_1_87' title="bbox 586 4641 3800 4725">
    <p class='ocr_par' dir='ltr' id='par_1_87' title="bbox 586 4641 3800 4725">
     <span class='ocr_line' id='line_1_87' title="bbox 586 4641 3800 4725; baseline -0.002 -23"><span class='ocrx_word' id='word_1_745' title='bbox 586 4650 741 4718; x_wconf 85' lang='lat' dir='ltr'><strong>piens</strong></span> <span class='ocrx_word' id='word_1_746' title='bbox 765 4649 1141 4725; x_wconf 13' lang='lat' dir='ltr'><strong>Jesusiposuit</strong></span> <span class='ocrx_word' id='word_1_747' title='bbox 1164 4657 1314 4725; x_wconf 83' lang='lat' dir='ltr'><strong>apud</strong></span> <span class='ocrx_word' id='word_1_748' title='bbox 1353 4672 1432 4720; x_wconf 90' lang='lat' dir='ltr'><strong>se,</strong></span> <span class='ocrx_word' id='word_1_749' title='bbox 1464 4641 1752 4725; x_wconf 61' lang='lat' dir='ltr'><strong>suscipere</strong></span> <span class='ocrx_word' id='word_1_750' title='bbox 1776 4656 1829 4709; x_wconf 91' lang='lat' dir='ltr'><strong>in</strong></span> <span class='ocrx_word' id='word_1_751' title='bbox 1860 4654 2083 4725; x_wconf 78' lang='lat' dir='ltr'><strong>nomine</strong></span> <span class='ocrx_word' id='word_1_752' title='bbox 2111 4641 2260 4708; x_wconf 71' lang='lat' dir='ltr'><strong>jesu.</strong></span> <span class='ocrx_word' id='word_1_753' title='bbox 2303 4652 2447 4707; x_wconf 87' lang='lat' dir='ltr'><strong>Vivit</strong></span> <span class='ocrx_word' id='word_1_754' title='bbox 2490 4641 2633 4708; x_wconf 82' lang='lat' dir='ltr'><strong>enim</strong></span> <span class='ocrx_word' id='word_1_755' title='bbox 2665 4641 2814 4725; x_wconf 34' lang='lat' dir='ltr'><strong>puer,</strong></span> <span class='ocrx_word' id='word_1_756' title='bbox 2850 4641 2940 4708; x_wconf 75' lang='lat' dir='ltr'><strong>ille</strong></span> <span class='ocrx_word' id='word_1_757' title='bbox 2988 4654 3149 4725; x_wconf 86' lang='lat' dir='ltr'><strong>quasi</strong></span> <span class='ocrx_word' id='word_1_758' title='bbox 3204 4641 3571 4725; x_wconf 68' lang='lat' dir='ltr'><strong>immortalis:</strong></span> <span class='ocrx_word' id='word_1_759' title='bbox 3597 4654 3646 4699; x_wconf 92' lang='lat' dir='ltr'><strong>et</strong></span> <span class='ocrx_word' id='word_1_760' title='bbox 3672 4641 3800 4725; x_wconf 39' lang='lat' dir='ltr'><strong>deli?</strong></span> 
     </span>
    </p>
   </div>
   <div class='ocr_carea' id='block_1_88' title="bbox 586 4717 3798 4795">
    <p class='ocr_par' dir='ltr' id='par_1_88' title="bbox 586 4717 3798 4795">
     <span class='ocr_line' id='line_1_88' title="bbox 586 4717 3798 4795; baseline -0.001 -23"><span class='ocrx_word' id='word_1_761' title='bbox 586 4717 711 4775; x_wconf 78' lang='lat' dir='ltr'><strong>inus</strong></span> <span class='ocrx_word' id='word_1_762' title='bbox 741 4736 867 4777; x_wconf 90' lang='lat' dir='ltr'><strong>eum</strong></span> <span class='ocrx_word' id='word_1_763' title='bbox 902 4717 975 4795; x_wconf 80' lang='lat' dir='ltr'><strong>ab</strong></span> <span class='ocrx_word' id='word_1_764' title='bbox 1000 4725 1117 4794; x_wconf 89' lang='lat' dir='ltr'><strong>ipso</strong></span> <span class='ocrx_word' id='word_1_765' title='bbox 1148 4717 1279 4780; x_wconf 76' lang='lat' dir='ltr'><strong>Jesu</strong></span> <span class='ocrx_word' id='word_1_766' title='bbox 1311 4717 1669 4782; x_wconf 82' lang='lat' dir='ltr'><strong>constitutum</strong></span> <span class='ocrx_word' id='word_1_767' title='bbox 1699 4726 1841 4795; x_wconf 88' lang='lat' dir='ltr'><strong>apud</strong></span> <span class='ocrx_word' id='word_1_768' title='bbox 1874 4723 2061 4779; x_wconf 76' lang='lat' dir='ltr'><strong>.lcsum</strong></span> <span class='ocrx_word' id='word_1_769' title='bbox 2097 4726 2374 4794; x_wconf 86' lang='lat' dir='ltr'><strong>suscipere</strong></span> <span class='ocrx_word' id='word_1_770' title='bbox 2409 4726 2463 4778; x_wconf 92' lang='lat' dir='ltr'><strong>in</strong></span> <span class='ocrx_word' id='word_1_771' title='bbox 2498 4717 2722 4780; x_wconf 76' lang='lat' dir='ltr'><strong>nomine</strong></span> <span class='ocrx_word' id='word_1_772' title='bbox 2761 4724 2889 4779; x_wconf 83' lang='lat' dir='ltr'><strong>Jesu</strong></span> <span class='ocrx_word' id='word_1_773' title='bbox 2919 4743 2931 4778; x_wconf 93' lang='lat'><strong>:</strong></span> <span class='ocrx_word' id='word_1_774' title='bbox 2966 4717 3229 4795; x_wconf 78' lang='lat' dir='ltr'><strong>quoniam</strong></span> <span class='ocrx_word' id='word_1_775' title='bbox 3264 4738 3391 4776; x_wconf 86' lang='lat' dir='ltr'><strong>cum</strong></span> <span class='ocrx_word' id='word_1_776' title='bbox 3422 4722 3494 4795; x_wconf 80' lang='lat' dir='ltr'><strong>sit</strong></span> <span class='ocrx_word' id='word_1_777' title='bbox 3514 4717 3660 4772; x_wconf 79' lang='lat' dir='ltr'><strong>Jesus</strong></span> <span class='ocrx_word' id='word_1_778' title='bbox 3672 4724 3798 4795; x_wconf 44' lang='lat' dir='ltr'><strong>luti}:</strong></span> 
     </span>
    </p>
   </div>
   <div class='ocr_carea' id='block_1_89' title="bbox 585 4781 3797 4865">
    <p class='ocr_par' dir='ltr' id='par_1_89' title="bbox 585 4781 3797 4865">
     <span class='ocr_line' id='line_1_89' title="bbox 585 4781 3797 4865; baseline -0.001 -21"><span class='ocrx_word' id='word_1_779' title='bbox 585 4806 761 4865; x_wconf 73' lang='lat' dir='ltr'><strong>quam</strong></span> <span class='ocrx_word' id='word_1_780' title='bbox 784 4781 1042 4865; x_wconf 73' lang='lat' dir='ltr'><strong>recedens</strong></span> <span class='ocrx_word' id='word_1_781' title='bbox 1072 4812 1101 4850; x_wconf 92' lang='lat' dir='ltr'><strong>a</strong></span> <span class='ocrx_word' id='word_1_782' title='bbox 1137 4812 1302 4864; x_wconf 89' lang='lat' dir='ltr'><strong>puero</strong></span> <span class='ocrx_word' id='word_1_783' title='bbox 1332 4798 1442 4864; x_wconf 85' lang='lat' dir='ltr'><strong>illo,</strong></span> <span class='ocrx_word' id='word_1_784' title='bbox 1479 4798 1539 4851; x_wconf 83' lang='lat' dir='ltr'><strong>iit</strong></span> <span class='ocrx_word' id='word_1_785' title='bbox 1569 4797 1712 4865; x_wconf 90' lang='lat' dir='ltr'><strong>apud</strong></span> <span class='ocrx_word' id='word_1_786' title='bbox 1735 4781 1869 4850; x_wconf 57' lang='lat' dir='ltr'><strong>&#39;eum</strong></span> <span class='ocrx_word' id='word_1_787' title='bbox 1900 4796 1991 4864; x_wconf 85' lang='lat' dir='ltr'><strong>qui</strong></span> <span class='ocrx_word' id='word_1_788' title='bbox 2028 4781 2293 4863; x_wconf 71' lang='lat' dir='ltr'><strong>receperit</strong></span> <span class='ocrx_word' id='word_1_789' title='bbox 2324 4811 2554 4864; x_wconf 90' lang='lat' dir='ltr'><strong>puerum</strong></span> <span class='ocrx_word' id='word_1_790' title='bbox 2602 4797 2659 4850; x_wconf 92' lang='lat' dir='ltr'><strong>in</strong></span> <span class='ocrx_word' id='word_1_791' title='bbox 2707 4797 2929 4850; x_wconf 80' lang='lat' dir='ltr'><strong>nomine</strong></span> <span class='ocrx_word' id='word_1_792' title='bbox 2962 4781 3116 4865; x_wconf 62' lang='lat' dir='ltr'><strong>ejus.</strong></span> <span class='ocrx_word' id='word_1_793' title='bbox 3168 4792 3234 4847; x_wconf 81' lang='lat' dir='ltr'><strong>Et</strong></span> <span class='ocrx_word' id='word_1_794' title='bbox 3261 4793 3523 4865; x_wconf 81' lang='lat' dir='ltr'><strong>quoniam</strong></span> <span class='ocrx_word' id='word_1_795' title='bbox 3557 4800 3647 4841; x_wconf 85' lang='lat' dir='ltr'><strong>nec</strong></span> <span class='ocrx_word' id='word_1_796' title='bbox 3672 4781 3797 4865; x_wconf 49' lang='lat' dir='ltr'><strong>Paw:</strong></span> 
     </span>
    </p>
   </div>
   <div class='ocr_carea' id='block_1_90' title="bbox 585 4859 3795 4940">
    <p class='ocr_par' dir='ltr' id='par_1_90' title="bbox 585 4859 3795 4940">
     <span class='ocr_line' id='line_1_90' title="bbox 585 4859 3795 4940; baseline 0 -25"><span class='ocrx_word' id='word_1_797' title='bbox 585 4861 793 4940; x_wconf 67' lang='lat' dir='ltr'><strong>recedit</strong></span> <span class='ocrx_word' id='word_1_798' title='bbox 826 4879 855 4940; x_wconf 81' lang='lat' dir='ltr'><strong>a</strong></span> <span class='ocrx_word' id='word_1_799' title='bbox 888 4863 1061 4940; x_wconf 68' lang='lat' dir='ltr'><strong>Filio;</strong></span> <span class='ocrx_word' id='word_1_800' title='bbox 1096 4859 1148 4922; x_wconf 82' lang='lat' dir='ltr'><strong>si</strong></span> <span class='ocrx_word' id='word_1_801' title='bbox 1169 4869 1294 4937; x_wconf 87' lang='lat' dir='ltr'><strong>quis</strong></span> <span class='ocrx_word' id='word_1_802' title='bbox 1322 4859 1588 4940; x_wconf 78' lang='lat' dir='ltr'><strong>receperit</strong></span> <span class='ocrx_word' id='word_1_803' title='bbox 1608 4859 1837 4940; x_wconf 77' lang='lat' dir='ltr'><strong>Filium,</strong></span> <span class='ocrx_word' id='word_1_804' title='bbox 1872 4859 2069 4940; x_wconf 61' lang='lat' dir='ltr'><strong>recipit</strong></span> <span class='ocrx_word' id='word_1_805' title='bbox 2100 4859 2243 4940; x_wconf 80' lang='lat' dir='ltr'><strong>apud</strong></span> <span class='ocrx_word' id='word_1_806' title='bbox 2284 4859 2343 4919; x_wconf 83' lang='lat' dir='ltr'><strong>se</strong></span> <span class='ocrx_word' id='word_1_807' title='bbox 2385 4867 2548 4940; x_wconf 83' lang='lat' dir='ltr'><strong>simul</strong></span> <span class='ocrx_word' id='word_1_808' title='bbox 2581 4876 2636 4921; x_wconf 83' lang='lat' dir='ltr'><strong>et</strong></span> <span class='ocrx_word' id='word_1_809' title='bbox 2664 4865 2904 4940; x_wconf 77' lang='lat' dir='ltr'><strong>Patrem.</strong></span> <span class='ocrx_word' id='word_1_810' title='bbox 2945 4859 3052 4931; x_wconf 84' lang='lat' dir='ltr'><strong>Qui</strong></span> <span class='ocrx_word' id='word_1_811' title='bbox 3091 4859 3509 4940; x_wconf 54' lang='lat' dir='ltr'><strong>autem&#39;recepit</strong></span> <span class='ocrx_word' id='word_1_812' title='bbox 3532 4867 3591 4940; x_wconf 64' lang='lat' dir='ltr'><strong>et</strong></span> <span class='ocrx_word' id='word_1_813' title='bbox 3614 4859 3795 4940; x_wconf 53' lang='grc' dir='ltr'><strong>ρρςςξξξξξ</strong></span> 
     </span>
    </p>
   </div>
   <div class='ocr_carea' id='block_1_91' title="bbox 585 4922 3798 5012">
    <p class='ocr_par' dir='ltr' id='par_1_91' title="bbox 585 4922 3798 5012">
     <span class='ocr_line' id='line_1_91' title="bbox 585 4922 3798 5012; baseline -0.001 -28"><span class='ocrx_word' id='word_1_814' title='bbox 585 4932 659 5012; x_wconf 43' lang='lat' dir='ltr'><strong>in.</strong></span> <span class='ocrx_word' id='word_1_815' title='bbox 700 4936 930 5012; x_wconf 83' lang='lat' dir='ltr'><strong>nomine</strong></span> <span class='ocrx_word' id='word_1_816' title='bbox 978 4922 1106 4993; x_wconf 80' lang='lat' dir='ltr'><strong>Jesu</strong></span> <span class='ocrx_word' id='word_1_817' title='bbox 1134 4981 1150 5004; x_wconf 94' lang='lat'><strong>,</strong></span> <span class='ocrx_word' id='word_1_818' title='bbox 1186 4922 1264 4993; x_wconf 42' lang='lat' dir='ltr'><strong>let</strong></span> <span class='ocrx_word' id='word_1_819' title='bbox 1313 4922 1501 4995; x_wconf 72' lang='lat' dir='ltr'><strong>Jesuin</strong></span> <span class='ocrx_word' id='word_1_820' title='bbox 1549 4940 1602 4993; x_wconf 90' lang='lat' dir='ltr'><strong>in</strong></span> <span class='ocrx_word' id='word_1_821' title='bbox 1656 4922 1879 5012; x_wconf 80' lang='lat' dir='ltr'><strong>nomine</strong></span> <span class='ocrx_word' id='word_1_822' title='bbox 1927 4922 2149 5012; x_wconf 58' lang='lat' dir='ltr'><strong>Patris;</strong></span> <span class='ocrx_word' id='word_1_823' title='bbox 2199 4937 2259 5012; x_wconf 82' lang='lat' dir='ltr'><strong>in</strong></span> <span class='ocrx_word' id='word_1_824' title='bbox 2303 4938 2563 4992; x_wconf 88' lang='lat' dir='ltr'><strong>omnibus</strong></span> <span class='ocrx_word' id='word_1_825' title='bbox 2595 4938 2886 5012; x_wconf 73' lang='lat' dir='ltr'><strong>_mino_ret_u</strong></span> <span class='ocrx_word' id='word_1_826' title='bbox 2945 4922 3005 4991; x_wconf 49' lang='lat' dir='ltr'><strong>s~e</strong></span> <span class='ocrx_word' id='word_1_827' title='bbox 3034 4934 3264 5012; x_wconf 63' lang='lat' dir='ltr'><strong>praebet</strong></span> <span class='ocrx_word' id='word_1_828' title='bbox 3309 4922 3798 5012; x_wconf 39' lang='lat' dir='ltr'><strong>discipulis—(&#39;«‘|:Ifile__l</strong></span> 
     </span>
    </p>
   </div>
   <div class='ocr_carea' id='block_1_92' title="bbox 584 5002 3797 5081">
    <p class='ocr_par' dir='ltr' id='par_1_92' title="bbox 584 5002 3797 5081">
     <span class='ocr_line' id='line_1_92' title="bbox 584 5002 3797 5081; baseline -0.005 -24"><span class='ocrx_word' id='word_1_829' title='bbox 584 5002 824 5081; x_wconf 74' lang='lat' dir='ltr'><strong>seipsum</strong></span> <span class='ocrx_word' id='word_1_830' title='bbox 862 5002 1145 5081; x_wconf 80' lang='lat' dir='ltr'><strong>minorans</strong></span> <span class='ocrx_word' id='word_1_831' title='bbox 1175 5029 1188 5064; x_wconf 93' lang='lat'><strong>:</strong></span> <span class='ocrx_word' id='word_1_832' title='bbox 1218 5019 1273 5064; x_wconf 89' lang='lat' dir='ltr'><strong>et</strong></span> <span class='ocrx_word' id='word_1_833' title='bbox 1304 5020 1512 5081; x_wconf 87' lang='lat' dir='ltr'><strong>quanto</strong></span> <span class='ocrx_word' id='word_1_834' title='bbox 1554 5010 1730 5081; x_wconf 83' lang='lat' dir='ltr'><strong>magis</strong></span> <span class='ocrx_word' id='word_1_835' title='bbox 1777 5024 1837 5064; x_wconf 90' lang='lat' dir='ltr'><strong>se</strong></span> <span class='ocrx_word' id='word_1_836' title='bbox 1884 5007 2272 5073; x_wconf 84' lang='lat' dir='ltr'><strong>minoraverit,</strong></span> <span class='ocrx_word' id='word_1_837' title='bbox 2306 5015 2457 5063; x_wconf 89' lang='lat' dir='ltr'><strong>tanto</strong></span> <span class='ocrx_word' id='word_1_838' title='bbox 2498 5008 2678 5079; x_wconf 88' lang='lat' dir='ltr'><strong>major</strong></span> <span class='ocrx_word' id='word_1_839' title='bbox 2726 5008 2957 5065; x_wconf 84' lang='lat' dir='ltr'><strong>ellicitur</strong></span> <span class='ocrx_word' id='word_1_840' title='bbox 2998 5002 3078 5061; x_wconf 64' lang='lat' dir='ltr'><strong>ali</strong></span> <span class='ocrx_word' id='word_1_841' title='bbox 3115 5021 3183 5060; x_wconf 87' lang='lat' dir='ltr'><strong>eo</strong></span> <span class='ocrx_word' id='word_1_842' title='bbox 3230 5006 3325 5074; x_wconf 88' lang='lat' dir='ltr'><strong>qui</strong></span> <span class='ocrx_word' id='word_1_843' title='bbox 3361 5005 3416 5060; x_wconf 88' lang='lat' dir='ltr'><strong>ei</strong></span> <span class='ocrx_word' id='word_1_844' title='bbox 3467 5002 3797 5057; x_wconf 74' lang='lat' dir='ltr'><strong>minorattomo‘</strong></span> 
     </span>
    </p>
   </div>
   <div class='ocr_carea' id='block_1_93' title="bbox 652 5134 3796 5223">
    <p class='ocr_par' dir='ltr' id='par_1_93' title="bbox 652 5134 3796 5223">
     <span class='ocr_line' id='line_1_93' title="bbox 652 5134 3796 5223; baseline -0 -24"><span class='ocrx_word' id='word_1_845' title='bbox 652 5146 744 5200; x_wconf 74' lang='lat'><strong>9.0.</strong></span> <span class='ocrx_word' id='word_1_846' title='bbox 783 5166 801 5199; x_wconf 79' lang='grc' dir='ltr'><strong>ι</strong></span> <span class='ocrx_word' id='word_1_847' title='bbox 837 5147 939 5223; x_wconf 81' lang='lat' dir='ltr'><strong>Vae</strong></span> <span class='ocrx_word' id='word_1_848' title='bbox 954 5151 1080 5206; x_wconf 88' lang='lat' dir='ltr'><strong>huic</strong></span> <span class='ocrx_word' id='word_1_849' title='bbox 1108 5151 1311 5205; x_wconf 91' lang='lat' dir='ltr'><strong>mundo</strong></span> <span class='ocrx_word' id='word_1_850' title='bbox 1344 5150 1698 5223; x_wconf 18' lang='lat' dir='ltr'><strong>aiscandalis.</strong></span> <span class='ocrx_word' id='word_1_851' title='bbox 1735 5148 1969 5205; x_wconf 86' lang='lat' dir='ltr'><strong>Necesse</strong></span> <span class='ocrx_word' id='word_1_852' title='bbox 2007 5157 2105 5223; x_wconf 79' lang='lat' dir='ltr'><strong>est</strong></span> <span class='ocrx_word' id='word_1_853' title='bbox 2120 5148 2267 5223; x_wconf 85' lang='lat' dir='ltr'><strong>enim</strong></span> <span class='ocrx_word' id='word_1_854' title='bbox 2304 5149 2489 5223; x_wconf 77' lang='lat' dir='ltr'><strong>venire</strong></span> <span class='ocrx_word' id='word_1_855' title='bbox 2534 5149 2813 5223; x_wconf 86' lang='lat' dir='ltr'><strong>scandala.</strong></span> <span class='ocrx_word' id='word_1_856' title='bbox 2868 5148 3255 5223; x_wconf 80' lang='lat' dir='ltr'><strong>Verumtamen</strong></span> <span class='ocrx_word' id='word_1_857' title='bbox 3288 5161 3372 5223; x_wconf 73' lang='lat' dir='ltr'><strong>va:</strong></span> <span class='ocrx_word' id='word_1_858' title='bbox 3405 5134 3796 5223; x_wconf 36' lang='lat' dir='ltr'><strong>homini-illiw</strong></span> 
     </span>
    </p>
   </div>
   <div class='ocr_carea' id='block_1_94' title="bbox 583 5214 3792 5290">
    <p class='ocr_par' dir='ltr' id='par_1_94' title="bbox 583 5214 3792 5290">
     <span class='ocr_line' id='line_1_94' title="bbox 583 5214 3792 5290; baseline -0.004 -18"><span class='ocrx_word' id='word_1_859' title='bbox 583 5230 744 5290; x_wconf 77' lang='lat' dir='ltr'><strong>quem</strong></span> <span class='ocrx_word' id='word_1_860' title='bbox 776 5221 1095 5276; x_wconf 88' lang='lat' dir='ltr'><strong>scandalum</strong></span> <span class='ocrx_word' id='word_1_861' title='bbox 1126 5224 1291 5276; x_wconf 86' lang='lat' dir='ltr'><strong>venit.</strong></span> <span class='ocrx_word' id='word_1_862' title='bbox 1326 5241 1344 5274; x_wconf 76' lang='grc' dir='ltr'><strong>ι</strong></span> <span class='ocrx_word' id='word_1_863' title='bbox 1384 5222 1552 5290; x_wconf 75' lang='lat' dir='ltr'><strong>Digna</strong></span> <span class='ocrx_word' id='word_1_864' title='bbox 1579 5231 1662 5276; x_wconf 89' lang='lat' dir='ltr'><strong>est</strong></span> <span class='ocrx_word' id='word_1_865' title='bbox 1696 5236 1782 5275; x_wconf 82' lang='lat' dir='ltr'><strong>res</strong></span> <span class='ocrx_word' id='word_1_866' title='bbox 1812 5235 2058 5290; x_wconf 84' lang='lat' dir='ltr'><strong>quaerere</strong></span> <span class='ocrx_word' id='word_1_867' title='bbox 2095 5220 2147 5272; x_wconf 92' lang='lat' dir='ltr'><strong>in</strong></span> <span class='ocrx_word' id='word_1_868' title='bbox 2182 5220 2286 5273; x_wconf 89' lang='lat' dir='ltr'><strong>hoc</strong></span> <span class='ocrx_word' id='word_1_869' title='bbox 2314 5220 2457 5283; x_wconf 90' lang='lat' dir='ltr'><strong>loco,</strong></span> <span class='ocrx_word' id='word_1_870' title='bbox 2489 5221 2621 5290; x_wconf 88' lang='lat' dir='ltr'><strong>quid</strong></span> <span class='ocrx_word' id='word_1_871' title='bbox 2650 5222 2784 5276; x_wconf 83' lang='lat' dir='ltr'><strong>dicit</strong></span> <span class='ocrx_word' id='word_1_872' title='bbox 2806 5236 2930 5276; x_wconf 88' lang='lat' dir='ltr'><strong>esse</strong></span> <span class='ocrx_word' id='word_1_873' title='bbox 2966 5221 3229 5276; x_wconf 87' lang='lat' dir='ltr'><strong>mundum</strong></span> <span class='ocrx_word' id='word_1_874' title='bbox 3257 5219 3343 5274; x_wconf 90' lang='lat' dir='ltr'><strong>cui</strong></span> <span class='ocrx_word' id='word_1_875' title='bbox 3384 5214 3692 5290; x_wconf 64' lang='lat' dir='ltr'><strong>promittitur</strong></span> <span class='ocrx_word' id='word_1_876' title='bbox 3718 5214 3792 5290; x_wconf 48' lang='lat' dir='ltr'><strong>ut:</strong></span> 
     </span>
    </p>
   </div>
   <div class='ocr_carea' id='block_1_95' title="bbox 583 5281 3793 5362">
    <p class='ocr_par' dir='ltr' id='par_1_95' title="bbox 583 5281 3793 5362">
     <span class='ocr_line' id='line_1_95' title="bbox 583 5281 3793 5362; baseline -0.002 -20"><span class='ocrx_word' id='word_1_877' title='bbox 583 5281 674 5342; x_wconf 67' lang='lat' dir='ltr'><strong>eui</strong></span> <span class='ocrx_word' id='word_1_878' title='bbox 702 5292 885 5345; x_wconf 89' lang='lat' dir='ltr'><strong>omnia</strong></span> <span class='ocrx_word' id='word_1_879' title='bbox 927 5293 1185 5347; x_wconf 88' lang='lat' dir='ltr'><strong>scandala</strong></span> <span class='ocrx_word' id='word_1_880' title='bbox 1233 5281 1478 5347; x_wconf 61' lang='lat' dir='ltr'><strong>aﬂ‘erunt</strong></span> <span class='ocrx_word' id='word_1_881' title='bbox 1523 5307 1622 5347; x_wconf 65' lang='grc' dir='ltr'>ναξ.</span> <span class='ocrx_word' id='word_1_882' title='bbox 1677 5281 1981 5360; x_wconf 79' lang='lat' dir='ltr'><strong>Intelligere</strong></span> <span class='ocrx_word' id='word_1_883' title='bbox 2032 5299 2212 5344; x_wconf 87' lang='lat' dir='ltr'><strong>autem</strong></span> <span class='ocrx_word' id='word_1_884' title='bbox 2260 5281 2468 5361; x_wconf 85' lang='lat' dir='ltr'><strong>aliquid</strong></span> <span class='ocrx_word' id='word_1_885' title='bbox 2508 5281 2852 5361; x_wconf 70' lang='lat' dir='ltr'><strong>poterimus,</strong></span> <span class='ocrx_word' id='word_1_886' title='bbox 2904 5294 2948 5346; x_wconf 90' lang='lat' dir='ltr'><strong>si</strong></span> <span class='ocrx_word' id='word_1_887' title='bbox 2995 5281 3396 5362; x_wconf 76' lang='lat' dir='ltr'><strong>congregemus</strong></span> <span class='ocrx_word' id='word_1_888' title='bbox 3443 5281 3793 5352; x_wconf 63' lang='lat' dir='ltr'><strong>Scriptura“!ul</strong></span> 
     </span>
    </p>
   </div>
   <div class='ocr_carea' id='block_1_96' title="bbox 654 5420 2160 5499">
    <p class='ocr_par' dir='ltr' id='par_1_96' title="bbox 654 5426 2157 5499">
     <span class='ocr_line' id='line_1_96' title="bbox 654 5426 2157 5499; baseline -0.003 -13"><span class='ocrx_word' id='word_1_889' title='bbox 654 5431 700 5465; x_wconf 76' lang='grc'><strong>⁸³</strong></span> <span class='ocrx_word' id='word_1_890' title='bbox 732 5430 864 5487; x_wconf 88' lang='lat' dir='ltr'><strong>Luc.</strong></span> <span class='ocrx_word' id='word_1_891' title='bbox 897 5448 973 5499; x_wconf 82' lang='lat' dir='ltr'><strong>lx,</strong></span> <span class='ocrx_word' id='word_1_892' title='bbox 1002 5430 1091 5486; x_wconf 67' lang='grc'><strong>48.</strong></span> <span class='ocrx_word' id='word_1_893' title='bbox 1169 5431 1214 5463; x_wconf 84' lang='grc'><strong>⁸³</strong></span> <span class='ocrx_word' id='word_1_894' title='bbox 1242 5431 1374 5487; x_wconf 84' lang='lat' dir='ltr'><strong>ibid.</strong></span> <span class='ocrx_word' id='word_1_895' title='bbox 1451 5430 1497 5463; x_wconf 61' lang='grc'><strong>⁸⁸</strong></span> <span class='ocrx_word' id='word_1_896' title='bbox 1522 5429 1677 5494; x_wconf 87' lang='lat' dir='ltr'><strong>ibid.,</strong></span> <span class='ocrx_word' id='word_1_897' title='bbox 1709 5430 1795 5495; x_wconf 85' lang='grc'>18,</span> <span class='ocrx_word' id='word_1_898' title='bbox 1835 5428 1921 5483; x_wconf 82' lang='grc'>17.</span> <span class='ocrx_word' id='word_1_899' title='bbox 1999 5429 2045 5460; x_wconf 79' lang='grc'><strong>⁸⁵</strong></span> <span class='ocrx_word' id='word_1_900' title='bbox 2074 5426 2157 5481; x_wconf 82' lang='lat' dir='ltr'><strong>Ma</strong></span> 
     </span>
    </p>
   </div>
   <div class='ocr_carea' id='block_1_97' title="bbox 2267 5420 3580 5499">
    <p class='ocr_par' dir='ltr' id='par_1_97' title="bbox 2300 5420 3580 5494">
     <span class='ocr_line' id='line_1_97' title="bbox 2300 5420 3580 5494; baseline -0.006 -12"><span class='ocrx_word' id='word_1_901' title='bbox 2300 5443 2453 5494; x_wconf 78' lang='lat' dir='ltr'><strong>xvtn,</strong></span> <span class='ocrx_word' id='word_1_902' title='bbox 2492 5428 2543 5482; x_wconf 88' lang='grc'><strong>7.</strong></span> <span class='ocrx_word' id='word_1_903' title='bbox 2618 5428 2663 5460; x_wconf 76' lang='grc'><strong>⁸⁸</strong></span> <span class='ocrx_word' id='word_1_904' title='bbox 2690 5426 2849 5483; x_wconf 84' lang='lat' dir='ltr'><strong>Joau.</strong></span> <span class='ocrx_word' id='word_1_905' title='bbox 2887 5445 2925 5493; x_wconf 87' lang='grc' dir='ltr'><strong>ι,</strong></span> <span class='ocrx_word' id='word_1_906' title='bbox 2958 5427 3045 5482; x_wconf 79' lang='grc' dir='ltr'><strong>ιο.</strong></span> <span class='ocrx_word' id='word_1_907' title='bbox 3121 5427 3165 5460; x_wconf 80' lang='grc'><strong>⁸⁷</strong></span> <span class='ocrx_word' id='word_1_908' title='bbox 3199 5425 3356 5482; x_wconf 87' lang='lat' dir='ltr'><strong>Deut.</strong></span> <span class='ocrx_word' id='word_1_909' title='bbox 3398 5440 3469 5488; x_wconf 84' lang='lat' dir='ltr'><strong>tv,</strong></span> <span class='ocrx_word' id='word_1_910' title='bbox 3500 5420 3580 5476; x_wconf 82' lang='lat' dir='ltr'><strong>l9.</strong></span> 
     </span>
    </p>
   </div>
   <div class='ocr_carea' id='block_1_98' title="bbox 654 5567 2161 5645">
    <p class='ocr_par' dir='ltr' id='par_1_98' title="bbox 654 5567 2161 5645">
     <span class='ocr_line' id='line_1_98' title="bbox 654 5567 2161 5645; baseline 0.001 -20"><span class='ocrx_word' id='word_1_911' title='bbox 654 5570 768 5645; x_wconf 65' lang='lat'><strong>(42)</strong></span> <span class='ocrx_word' id='word_1_912' title='bbox 794 5567 1002 5645; x_wconf 68' lang='grc' dir='ltr'><strong>⁸Οὗτός</strong></span> <span class='ocrx_word' id='word_1_913' title='bbox 1023 5572 1155 5627; x_wconf 82' lang='grc' dir='ltr'>ἐστι</span> <span class='ocrx_word' id='word_1_914' title='bbox 1180 5575 1388 5645; x_wconf 70' lang='grc' dir='ltr'>μένας.</span> <span class='ocrx_word' id='word_1_915' title='bbox 1427 5573 1804 5645; x_wconf 74' lang='grc' dir='ltr'><strong>Ἀγέγνωμεν,</strong></span> <span class='ocrx_word' id='word_1_916' title='bbox 1838 5584 1942 5645; x_wconf 64' lang='grc' dir='ltr'>θιο.</span> <span class='ocrx_word' id='word_1_917' title='bbox 1974 5573 2161 5642; x_wconf 79' lang='lat' dir='ltr'><strong>Orige-</strong></span> 
     </span>
    </p>
   </div>
   <div class='ocr_carea' id='block_1_99' title="bbox 586 5640 2164 5717">
    <p class='ocr_par' dir='ltr' id='par_1_99' title="bbox 586 5640 2164 5717">
     <span class='ocr_line' id='line_1_99' title="bbox 586 5640 2164 5717; baseline 0.001 -17"><span class='ocrx_word' id='word_1_918' title='bbox 586 5640 684 5700; x_wconf 84' lang='lat' dir='ltr'><strong>nes</strong></span> <span class='ocrx_word' id='word_1_919' title='bbox 728 5640 902 5717; x_wconf 64' lang='lat' dir='ltr'><strong>inira,</strong></span> <span class='ocrx_word' id='word_1_920' title='bbox 947 5640 1101 5707; x_wconf 72' lang='grc' dir='ltr'>οὗτός</span> <span class='ocrx_word' id='word_1_921' title='bbox 1130 5716 1135 5717; x_wconf 14' lang='grc' dir='ltr'><em>γ</em></span> <span class='ocrx_word' id='word_1_922' title='bbox 1164 5640 1281 5699; x_wconf 74' lang='grc' dir='ltr'>ἔστι</span> <span class='ocrx_word' id='word_1_923' title='bbox 1329 5640 1523 5717; x_wconf 79' lang='grc' dir='ltr'>μέγας.</span> <span class='ocrx_word' id='word_1_924' title='bbox 1560 5640 1625 5699; x_wconf 66' lang='grc'><strong>’18</strong></span> <span class='ocrx_word' id='word_1_925' title='bbox 1657 5640 1735 5717; x_wconf 63' lang='lat' dir='ltr'><strong>se</strong></span> <span class='ocrx_word' id='word_1_926' title='bbox 1785 5646 1836 5699; x_wconf 93' lang='lat' dir='ltr'><strong>in</strong></span> <span class='ocrx_word' id='word_1_927' title='bbox 1877 5640 2164 5717; x_wconf 74' lang='lat' dir='ltr'><strong>aliquibus</strong></span> 
     </span>
    </p>
   </div>
   <div class='ocr_carea' id='block_1_100' title="bbox 584 5714 2165 5786">
    <p class='ocr_par' dir='ltr' id='par_1_100' title="bbox 584 5714 2165 5786">
     <span class='ocr_line' id='line_1_100' title="bbox 584 5714 2165 5786; baseline 0.003 -20"><span class='ocrx_word' id='word_1_928' title='bbox 584 5714 987 5786; x_wconf 75' lang='lat' dir='ltr'><strong>exemplaribus</strong></span> <span class='ocrx_word' id='word_1_929' title='bbox 1039 5716 1234 5784; x_wconf 80' lang='lat' dir='ltr'><strong>legisse</strong></span> <span class='ocrx_word' id='word_1_930' title='bbox 1278 5714 1593 5786; x_wconf 84' lang='lat' dir='ltr'><strong>prolitetur,</strong></span> <span class='ocrx_word' id='word_1_931' title='bbox 1641 5714 1813 5770; x_wconf 78' lang='grc' dir='ltr'>ἔσται.</span> <span class='ocrx_word' id='word_1_932' title='bbox 1860 5715 1928 5769; x_wconf 85' lang='lat' dir='ltr'><strong>At</strong></span> <span class='ocrx_word' id='word_1_933' title='bbox 1975 5730 2165 5771; x_wconf 88' lang='lat' dir='ltr'><strong>onmes</strong></span> 
     </span>
    </p>
   </div>
   <div class='ocr_carea' id='block_1_101' title="bbox 532 5784 2165 5857">
    <p class='ocr_par' dir='ltr' id='par_1_101' title="bbox 532 5784 2165 5857">
     <span class='ocr_line' id='line_1_101' title="bbox 532 5784 2165 5857; baseline -0.001 -17"><span class='ocrx_word' id='word_1_934' title='bbox 532 5824 537 5829; x_wconf 59' lang='grc' dir='ltr'><em>ρ</em></span> <span class='ocrx_word' id='word_1_935' title='bbox 586 5785 750 5840; x_wconf 87' lang='lat' dir='ltr'><strong>hodie</strong></span> <span class='ocrx_word' id='word_1_936' title='bbox 796 5784 1291 5857; x_wconf 15' lang='lat' dir='ltr'><strong>omninqieodices&#39;</strong></span> <span class='ocrx_word' id='word_1_937' title='bbox 1335 5798 1390 5843; x_wconf 89' lang='lat' dir='ltr'><strong>et</strong></span> <span class='ocrx_word' id='word_1_938' title='bbox 1438 5789 1911 5857; x_wconf 84' lang='lat' dir='ltr'><strong>interpretationes</strong></span> <span class='ocrx_word' id='word_1_939' title='bbox 1951 5787 2033 5840; x_wconf 90' lang='lat' dir='ltr'><strong>sic</strong></span> <span class='ocrx_word' id='word_1_940' title='bbox 2071 5787 2165 5839; x_wconf 79' lang='lat' dir='ltr'><strong>ha-</strong></span> 
     </span>
    </p>
   </div>
   <div class='ocr_carea' id='block_1_102' title="bbox 586 5856 2163 5929">
    <p class='ocr_par' dir='ltr' id='par_1_102' title="bbox 586 5856 2163 5929">
     <span class='ocr_line' id='line_1_102' title="bbox 586 5856 2163 5929; baseline 0.002 -19"><span class='ocrx_word' id='word_1_941' title='bbox 586 5858 746 5923; x_wconf 84' lang='lat' dir='ltr'><strong>be..t,</strong></span> <span class='ocrx_word' id='word_1_942' title='bbox 788 5864 979 5924; x_wconf 57' lang='lat' dir='ltr'><strong>praeter</strong></span> <span class='ocrx_word' id='word_1_943' title='bbox 1010 5856 1295 5928; x_wconf 82' lang='lat' dir='ltr'><strong>Vulgatam</strong></span> <span class='ocrx_word' id='word_1_944' title='bbox 1330 5870 1383 5916; x_wconf 92' lang='lat' dir='ltr'><strong>ct</strong></span> <span class='ocrx_word' id='word_1_945' title='bbox 1411 5856 1699 5916; x_wconf 80' lang='lat' dir='ltr'><strong>Arabicam</strong></span> <span class='ocrx_word' id='word_1_946' title='bbox 1728 5900 1742 5925; x_wconf 95' lang='lat'><strong>,</strong></span> <span class='ocrx_word' id='word_1_947' title='bbox 1775 5874 1895 5929; x_wconf 75' lang='lat' dir='ltr'><strong>quae</strong></span> <span class='ocrx_word' id='word_1_948' title='bbox 1924 5872 2163 5928; x_wconf 71' lang='lat' dir='ltr'><strong>praesens</strong></span> 
     </span>
    </p>
   </div>
   <div class='ocr_carea' id='block_1_103' title="bbox 2272 5573 3132 5644">
    <p class='ocr_par' dir='ltr' id='par_1_103' title="bbox 2272 5573 3132 5644">
     <span class='ocr_line' id='line_1_103' title="bbox 2272 5573 3132 5644; baseline -0.003 -16"><span class='ocrx_word' id='word_1_949' title='bbox 2272 5582 2486 5644; x_wconf 84' lang='lat' dir='ltr'><strong>tempus</strong></span> <span class='ocrx_word' id='word_1_950' title='bbox 2513 5583 2839 5639; x_wconf 66' lang='lat' dir='ltr'><strong>agnoscunt.</strong></span> <span class='ocrx_word' id='word_1_951' title='bbox 2868 5573 3132 5629; x_wconf 70' lang='lat' dir='ltr'><strong>Hunnus.</strong></span> 
     </span>
    </p>
   </div>
   <div class='ocr_carea' id='block_1_104' title="bbox 2368 5635 3787 5726">
    <p class='ocr_par' dir='ltr' id='par_1_104' title="bbox 2368 5635 3787 5726">
     <span class='ocr_line' id='line_1_104' title="bbox 2368 5635 3787 5726; baseline -0.001 -29"><span class='ocrx_word' id='word_1_952' title='bbox 2510 5635 3072 5726; x_wconf 49' lang='grc' dir='ltr'><strong>ςιξπιὸεέκγίιςμιὲν·()ιςἱ</strong></span> <span class='ocrx_word' id='word_1_953' title='bbox 3100 5635 3787 5726; x_wconf 49' lang='grc' dir='ltr'><strong>ῐλρςορπιδειξιγνι-ξξνξίξοῶ.</strong></span> 
     </span>
    </p>
   </div>
   <div class='ocr_carea' id='block_1_105' title="bbox 2285 5712 3763 5860">
    <p class='ocr_par' dir='ltr' id='par_1_105' title="bbox 2285 5712 3763 5860">
     <span class='ocr_line' id='line_1_105' title="bbox 2348 5712 3763 5788; baseline -0.004 -18"><span class='ocrx_word' id='word_1_954' title='bbox 2348 5712 2456 5786; x_wconf 74' lang='grc'><strong>(44)</strong></span> <span class='ocrx_word' id='word_1_955' title='bbox 2510 5717 2607 5768; x_wconf 80' lang='grc' dir='ltr'><em>Ἐν</em></span> <span class='ocrx_word' id='word_1_956' title='bbox 2655 5717 2747 5787; x_wconf 26' lang='grc' dir='ltr'><strong>τῷ.</strong></span> <span class='ocrx_word' id='word_1_957' title='bbox 2775 5712 2999 5788; x_wconf 68' lang='grc' dir='ltr'>κόσμῳ.</span> <span class='ocrx_word' id='word_1_958' title='bbox 3054 5712 3363 5785; x_wconf 69' lang='lat' dir='ltr'><strong>Lugendum</strong></span> <span class='ocrx_word' id='word_1_959' title='bbox 3408 5715 3600 5766; x_wconf 68' lang='lat' dir='ltr'><strong>videtur</strong></span> <span class='ocrx_word' id='word_1_960' title='bbox 3628 5712 3677 5753; x_wconf 75' lang='grc' dir='ltr'>ὲν</span> <span class='ocrx_word' id='word_1_961' title='bbox 3704 5712 3763 5765; x_wconf 77' lang='grc' dir='ltr'>τΨ</span> 
     </span>
     <span class='ocr_line' id='line_1_106' title="bbox 2285 5786 2722 5860; baseline 0 -19"><span class='ocrx_word' id='word_1_962' title='bbox 2285 5788 2372 5841; x_wconf 82' lang='grc' dir='ltr'>Ἐν</span> <span class='ocrx_word' id='word_1_963' title='bbox 2405 5786 2480 5859; x_wconf 80' lang='grc' dir='ltr'>τῷ</span> <span class='ocrx_word' id='word_1_964' title='bbox 2512 5787 2722 5860; x_wconf 77' lang='grc' dir='ltr'>κόσμῳ.</span> 
     </span>
    </p>
   </div>
  </div>
