3950 6564
278 434 405 490 1H9

1211 439 1569 496 COMMENT.
1611 441 1678 497 IN
1715 442 2135 502 MATTH/EUM
2177 448 2417 506 TOMUS
2457 449 2596 506 XIII.

3393 457 3534 516 H50

270 555 433 627 ἥλιον,
468 555 564 608 καὶ
604 555 702 627 τὴν
738 555 996 630 σελήνην,
1031 558 1127 613 καὶ
1160 560 1338 614 πάντα
1369 561 1463 614 τὸν
1507 562 1713 634 κόσμον
1750 563 1846 616 τοῦ

1956 565 2137 624 videas
2170 570 2340 623 solem
2364 580 2415 624 et
2446 570 2730 636 lnnam,et
2752 587 2970 628 omnem
3000 584 3252 630 ornatum
3283 575 3535 649 (κόσμον)

269 645 513 718 οὐρανοῦ,
545 648 841 718 πλανηθεὶς
868 652 1256 726 προσκυνήσῃς
1277 653 1481 717 αὐτοῖς,
1507 655 1604 707 καὶ
1628 655 1853 728 λατρεύ-

274 754 368 813 σῃς
393 739 596 803 αὐτοῖς.
639 759 656 792 ι
692 740 766 795 T6
794 741 836 795 δ’
869 743 1050 814 ὅμοιον
1085 745 1280 815 φήσεις
1323 746 1389 799 ἐν’
1422 749 1489 818 τῇ
1535 747 1737 819 Ἐσθὴρ
1767 748 1854 802 λε-

269 831 447 903 λέχθαι
492 833 622 906 περὶ
668 834 858 909 αὐτῆς,
909 837 996 890 ὅτε
1036 837 1349 908 γέγραπται
1400 857 1419 890 ι
1482 840 1851 913 Περιελομένη

268 927 439 980 πάντα
467 925 560 979 τὸν
590 927 794 999 κόσμον
817 929 987 999 αὐτῆς
1019 928 1161 1001 (45)·
1202 949 1221 981 ι
1255 931 1316 984 οὐ
1342 930 1452 1003 γὰρ
1476 932 1671 986 ταυτόν
1705 936 1853 988 ἐστιν

265 1016 448 1082 ἁπλῶς
480 1020 508 1071 6
538 1019 764 1089 κόσμος,
796 1022 892 1074 καὶ
920 1022 950 1073 6
979 1022 1184 1093 κόσμος
1223 1023 1316 1077 τοῦ
1356 1024 1610 1097 οὐρανοῦ,
1634 1026 1669 1097 ἢ
1699 1029 1728 1080 6
1757 1028 1852 1080 κό-

269 1126 398 1179 σμος
427 1112 528 1180 τῆς
574 1110 807 1183 Ἐσθήρ·
844 1114 905 1166 τὸ
937 1113 993 1167 δὲ
1027 1113 1122 1169 νῦν
1160 1116 1294 1187 ἡμῖν
1333 1116 1664 1189 ζητούμενον
1704 1118 1849 1173 ἄλλο.

222 1238 225 1239 ν
267 1200 485 1271 Νομίζω
515 1198 630 1268 οὖν,
664 1205 746 1257 ὅτι
786 1206 846 1258 οὐ
875 1206 936 1259 τὸ
982 1206 1040 1267 ἐξ
1073 1207 1306 1279 οὐρανοῦ
1341 1211 1437 1264 καὶ
1465 1211 1569 1282 γῆς
1603 1210 1855 1284 σύστημά

266 1294 379 1347 ἐστι
411 1294 552 1348 κατὰ
580 1295 647 1349 τά
677 1297 794 1351 θεῖα
824 1300 1131 1371 γράμματα
1163 1303 1191 1353 6
1224 1301 1448 1373 κόσμος,
1485 1304 1600 1357 ἀλλ’
1632 1305 1661 1357 6
1694 1305 1853 1377 περί-

269 1403 409 1455 γειος
440 1389 603 1459 μόνος
636 1391 821 1455 τόπος,
852 1394 946 1446 καὶ
975 1386 1130 1470 οὗτος
1158 1395 1218 1448 οὐ
1250 1395 1371 1449 καθ’
1402 1396 1530 1468 ὅλην
1568 1398 1854 1470 νοούμενος

266 1477 360 1549 τὴν
390 1478 516 1549 γῆν,
554 1482 671 1534 ἀλλ’
700 1486 728 1537 6
774 1484 913 1539 κατά
951 1487 1051 1557 τὴν
1096 1467 1375 1563 ήμετὲραν
1406 1467 1733 1563 οἰκουμένην
1753 1509 1765 1522 ·
1797 1493 1855 1544 ὲν

266 1570 338 1640 τῷ
368 1572 558 1644 κόσμῳ
607 1573 716 1646 γὰρ
766 1571 836 1648 ἦν
878 1577 939 1629 τὸ
975 1576 1228 1650 ἀληθινὸν
1276 1580 1414 1651 φῶς,
1470 1581 1548 1653 τῷ
1594 1582 1856 1655 περιγείῳ

265 1664 408 1733 τόπῳ
442 1663 522 1735 τῷ
561 1667 708 1721 κατὰ
738 1669 1014 1740 ἡμετέραν
1044 1671 1318 1743 νοουμένῳ
1341 1689 1355 1703 ο
1394 1694 1412 1725 ι
1453 1674 1563 1728 Καὶ
1591 1676 1621 1728 6
1652 1676 1856 1747 κόσμος

268 1757 423 1811 αὐτὸν
447 1759 550 1811 οὐκ
582 1758 743 1829 ἔγνω,
780 1782 798 1813 ι
826 1764 875 1815 οἱ
908 1766 965 1817 ὲν
994 1763 1072 1834 τῷ
1095 1766 1359 1839 περιγείῳ
1378 1767 1530 1839 τόπῳ
1557 1767 1854 1840 ἄνθρωποι,

266 1848 399 1919 τάχα
434 1850 491 1903 δὲ
540 1853 636 1905 καὶ¹
682 1854 735 1907 αἱ
768 1857 960 1909 οἰκεῖαι
1004 1855 1082 1927 τῷ
1127 1858 1311 1930 χωρίῳ
1342 1860 1519 1931 τούτῳ
1559 1860 1850 1932 δυνάμεις

1953 660 2097 723 cteli,
2132 668 2188 714 et
2228 675 2415 717 errore
2453 663 2711 733 deceptus
2757 666 2950 722 adores
2984 680 3071 733 ea,
3106 679 3162 723 et
3201 669 3355 725 colas
3388 684 3473 726 ea.
3509 690 3529 725 ι

1954 751 2143 808 Simile
2173 754 2227 808 in
2259 755 2400 809 libro
2427 755 2627 811 Esther
2655 758 2863 813 dictum
2896 775 3020 815 esse
3057 760 3124 815 de
3158 761 3249 815 illo
3292 762 3532 832 inquies,

1953 861 2080 901 cum
2135 848 2397 918 scriptum
2446 860 2530 905 est
2548 851 2633 906 ⁸⁸ε
2680 871 2697 904 ι
2745 852 2882 908 Cum
2931 853 3271 926 deposuisset
3318 871 3532 912 omnem

1953 946 2208 991 ornatum
2266 938 2553 1009 (κόσμον)
2606 958 2791 997 suum.
2824 963 2842 995 ι
2892 942 3011 1005 Non
3059 946 3201 1001 enim
3259 946 3398 1001 idem
3453 957 3538 1003 est

1952 1027 2157 1099 κόσμος
2185 1031 2422 1085 mundus
2451 1032 2791 1100 simpliciter,
2818 1044 2873 1090 et
2898 1036 3106 1107 κόσμος
3137 1048 3367 1093 ornatus
3386 1040 3534 1106 caeli,

1952 1118 2038 1172 vel
2088 1119 2292 1191 κόσμος
2338 1130 2567 1176 ornatus
2610 1121 2854 1191 Esther;
2901 1126 3046 1195 quod
3091 1135 3273 1183 autem
3301 1146 3449 1185 nunc
3482 1131 3534 1185 in

1953 1212 2257 1281 quastione
2281 1222 2550 1279 versatur,
2576 1213 2723 1269 aliud
2749 1224 2853 1271 est.
2885 1216 3159 1273 Existimo
3187 1218 3356 1291 igitur
3381 1236 3541 1275 mun-

1955 1303 2110 1370 dum,
2137 1306 2295 1375 juxta
2346 1306 2585 1361 divinam
2639 1307 3002 1379 Scripturam,
3059 1327 3169 1368 non
3217 1328 3536 1385 compagem

1954 1396 2103 1450 illam
2138 1412 2279 1461 esse,
2302 1414 2425 1468 quae
2457 1399 2599 1455 coelo
2632 1408 2687 1454 et
2741 1413 2883 1457 terra
2927 1412 3179 1471 constat,
3221 1405 3317 1460 sed
3356 1405 3537 1460 locum

1957 1487 2102 1543 hunc
2155 1491 2535 1546 tantummodo
2580 1492 2674 1561 qui
2716 1504 2917 1547 terram
2960 1495 3160 1562 ambit,
3211 1504 3374 1567 atque
3411 1511 3537 1551 eum

1955 1580 2173 1653 quidem
2204 1597 2313 1637 non
2347 1584 2442 1653 qui
2474 1584 2785 1641 universam
2822 1596 3022 1643 terram
3081 1590 3291 1646 ambire
3337 1591 3537 1646 intelli-

1956 1675 2125 1746 gitur,
2158 1677 2251 1731 sed
2288 1692 2410 1731 eam
2450 1678 2630 1732 solum
2682 1694 2805 1749 qua
2850 1696 2881 1734 a
2934 1681 3093 1737 nobis
3145 1682 3446 1737 incolitur:
3482 1683 3535 1737 in

1957 1767 2163 1824 mundo
2192 1768 2338 1823 enim
2370 1779 2487 1825 erat
2519 1770 2609 1825 lux
2646 1788 2795 1834 vera,
2833 1772 2886 1827 in
2915 1788 2981 1828 eo
3004 1773 3254 1829 videlicet
3282 1775 3405 1829 loco
3441 1775 3535 1845 qui

1960 1868 2159 1915 terram
2199 1873 2445 1916 nostram
2495 1848 2707 1918 ambire
2746 1863 3112 1936 intelligitur;
3154 1884 3172 1917 ι
3204 1874 3258 1920 et
3298 1867 3537 1923 mundus

267 1941 460 1996 ἄτοπον
495 1945 606 2017 γὰρ
639 1946 820 2015 λέγειν
860 1947 920 1999 τὸ
960 1948 1018 2015 ἐξ
1060 1950 1291 2021 οὐρανοῦ
1335 1950 1445 2020 (46)
1477 1953 1570 2005 καὶ
1597 1952 1722 2023 γῆς,
1762 1955 1849 2007 καὶ

1962 1968 2086 2006 eum
2118 1969 2229 2007 non
2258 1954 2534 2023 cognovit,
2567 1974 2584 2005 ι
2620 1956 2869 2011 homines
2897 1973 3090 2027 nempe
3117 1959 3209 2028 qui
3242 1959 3386 2014 circa
3424 1967 3535 2012 ter-

266 2034 367 2087 τῶν
400 2038 458 2089 ὲν
490 2038 680 2102 αὐτοῖς
726 2038 979 2111 σύστημα
1004 2058 1017 2070 ·
1050 2041 1178 2095 ὥστ’
1220 2044 1391 2096 εἰπεῖν
1426 2042 1513 2107 ἂν,
1554 2044 1635 2098 ὅτι
1679 2045 1851 2115 ἥλιος,

266 2125 353 2177 καὶ
408 2126 628 2199 σελήνη,
672 2129 765 2181 καὶ
810 2131 838 2182 6
884 2130 1043 2200 χορὸς
1095 2130 1204 2184 τῶν
1258 2131 1531 2206 ἀστέρων,
1571 2135 1666 2187 καὶ
1706 2137 1754 2188 οἱ
1794 2137 1852 2190 ὲν

262 2216 363 2288 ὅλῳ
402 2218 479 2290 τῷ
506 2222 701 2293 κόσμῳ
738 2222 915 2293 τούτῳ
954 2222 1176 2292 ἄγγελοι
1226 2226 1327 2279 οὐκ
1364 2226 1606 2296 ἔγνωσαν
1633 2228 1695 2281 τὸ
1720 2228 1852 2299 ἀλη-

264 2308 402 2363 θινὸν
436 2311 580 2380 φῶς,
612 2315 710 2367 καὶ
736 2313 1057 2383 ἀγνοοῦντες
1093 2317 1224 2370 αὐτὸ
1254 2320 1525 2391 ἐτήρησαν
1555 2320 1653 2391 τὴν
1678 2322 1855 2374 ὲπιτε-

263 2405 538 2477 ταγμένην
594 2407 778 2472 αὐτοῖς
822 2408 930 2462 ἀπὸ
970 2410 1106 2464 Θεοῦ
1153 2412 1326 2477 τάξιν.
1386 2414 1546 2469 Ἀλλά
1587 2416 1682 2469 καὶ
1723 2416 1852 2469 ὅταν

264 2498 482 2571 λέγηται
525 2500 636 2554 ὑπὸ
680 2501 773 2555 τοῦ
816 2502 1069 2574 Σωτῆρος
1116 2506 1174 2559 ὲν
1208 2508 1273 2577 τῇ
1316 2508 1452 2579 πρὸς
1499 2509 1589 2561 τὸν
1635 2509 1854 2581 Πατέρα

265 2593 424 2664 εὐχῇ’
506 2612 524 2644 ι
602 2595 713 2648 Kal.
781 2595 876 2648 νῦν
946 2596 1166 2664 δόξασόν
1243 2617 1344 2671 με,
1408 2601 1622 2673 Πάτερ,
1705 2603 1856 2675 παρά

266 2684 472 2755 σεαυτῷ
512 2688 584 2757 τῇ
609 2686 736 2760 δόξῃ
774 2688 841 2757 ἦν
876 2682 1023 2760 εῐχον
1064 2692 1172 2761 πρὸ
1211 2691 1307 2745 τοῦ
1342 2692 1432 2746 τὸν
1472 2695 1674 2766 κόσμον
1718 2691 1857 2749 εἶναι

265 2778 408 2849 παρά
447 2780 553 2843 σοὶ,
599 2799 617 2831 ι
648 2780 753 2851 χρὴ
791 2781 1012 2835 ἀκούειν
1053 2784 1258 2854 κόσμον
1298 2784 1553 2854 λέγεσθαι
1594 2787 1693 2859 τὴν
1730 2787 1854 2841 καθ’

265 2871 404 2941 ἡμᾶς
440 2872 534 2926 ἐπὶ
570 2875 672 2944 γῆς
715 2875 1071 2945 οἰκουμένηνο
1107 2876 1216 2930 ἀπὸ
1247 2877 1356 2949 γὰρ
1393 2878 1580 2932 τούτου
1619 2879 1713 2934 τοῦ
1758 2880 1853 2933 κό-

1961 2060 2077 2099 ram
2105 2055 2416 2112 versantur,
2452 2049 2534 2103 vel
2566 2050 2732 2103 etiam
2770 2049 3001 2106 fortasse
3030 2052 3265 2121 propriae
3288 2062 3341 2107 et
3374 2050 3539 2107 fami-

1958 2137 2122 2195 liares
2169 2140 2287 2196 loco
2337 2142 2465 2198 huic
2507 2151 2855 2212 potestates;
2900 2144 3201 2198 absurdum
3253 2145 3399 2200 enim
3453 2155 3538 2201 est

1957 2230 2140 2285 dicere
2173 2246 2491 2302 compagem
2525 2232 2671 2287 illam
2711 2249 2833 2304 quae
2870 2250 2971 2303 ex,
2988 2236 3148 2295 caelo.
3194 2245 3249 2290 et
3285 2246 3450 2301 terra,
3484 2247 3539 2293 et

1956 2337 2079 2391 qua:
2108 2322 2161 2377 in
2189 2323 2270 2378 eis
2300 2331 2430 2379 sunt
2473 2334 2727 2380 concreta
2767 2337 2885 2393 est,
2930 2328 3266 2398 signiﬁcari;
3304 2330 3438 2383 adeo
3480 2339 3539 2384 ut

1956 2417 2149 2482 solem,
2178 2426 2233 2473 et
2267 2417 2473 2482 lunam,
2503 2427 2557 2472 et
2584 2418 2826 2474 siderum
2862 2418 3117 2483 chorum,
3138 2427 3193 2473 et
3221 2435 3413 2474 omnes
3437 2422 3532 2490 qui

1956 2508 2011 2563 in
2039 2509 2298 2563 universo
2325 2507 2531 2561 mundo
2566 2517 2695 2562 sunt
2718 2509 2961 2578 angelos,
3000 2524 3184 2563 veram
3224 2509 3395 2564 lucrm
3426 2525 3534 2565 non

1958 2598 2266 2670 agnovisse,
2303 2608 2354 2653 et
2380 2599 2525 2653 illam
2553 2608 2731 2653 tamen
2755 2614 2862 2653 non
2888 2610 3264 2671 agnoscentes,
3288 2601 3534 2657 ordinem

1959 2692 2065 2747 sibi
2097 2707 2127 2745 a
2154 2690 2264 2745 Deo
2290 2691 2652 2761 praestitutum
2682 2706 2930 2747 servasse
2953 2694 3367 2748 contendamus.
3394 2692 3536 2759 Quin

1957 2784 2119 2838 etiam
2151 2799 2276 2838 cum
2312 2783 2367 2837 in
2405 2784 2656 2839 oratione
2682 2785 2749 2839 ad
2784 2785 3000 2839 Patrem
3042 2784 3298 2839 Servator
3318 2784 3535 2840 dicit":

1962 2894 1981 2926 ι
2016 2874 2080 2930 Ει
2134 2890 2279 2929 nunc
2327 2874 2568 2929 clariﬁca
2604 2891 2713 2939 me,
2755 2874 2935 2938 Pater,
2967 2876 3109 2946 apud
3161 2876 3535 2947 temetipsum,

267 2977 396 3032 σμου
426 2963 599 3018 ἔδωκε
633 2964 711 3035 τῷ
746 2965 860 3037 Υἱῷ
893 2969 921 3019 6
953 2967 1142 3039 Πατὴρ
1181 2968 1522 3042 ἀνθρώπους,
1565 2971 1694 3043 περὶ
1724 2963 1798 3024 ὧν
1823 2973 1851 3025 ὁ

267 3054 449 3129 ἃυτὴρ
474 3059 661 3131 ἐρωτᾷ
700 3058 792 3113 τὸν
825 3058 1047 3130 Πατέρα
1090 3058 1198 3131 (47)
1251 3062 1428 3133 μόνων
1476 3062 1610 3134 (48),
1664 3064 1755 3116 κα)⁵
1787 3064 1848 3117 οὐ

1956 3061 2119 3133 599
2144 3060 2284 3130 apud
2317 3068 2390 3126 te,
2431 3079 2451 3112 ι
2486 3058 2637 3115 locus
2676 3059 2766 3116 hic
2814 3076 2978 3130 supra
3030 3069 3230 3115 terram
3286 3076 3316 3116 a
3358 3061 3529 3117 ‘nobis

1464 3175 1695 3231 VETUS
1743 3171 2337 3231 lNTERPltETATIO.

266 3271 530 3340 evempla,
550 3272 614 3343 in
633 3271 832 3339 quibus
850 3272 1165 3326 nominatur
1187 3271 1447 3327 mundus.
1481 3273 1733 3343 Arbitror
1761 3288 1891 3343 ergo
1923 3273 2187 3343 quianon
2219 3270 2432 3343 cmliet
2452 3278 2607 3343 terra:
2632 3270 2866 3343 spatium
2893 3271 3189 3343 secundum
3218 3269 3533 3343 Scripturas

269 3342 473 3397 divinas
504 3342 707 3396 dicitur
736 3344 995 3405 mundus.
1054 3343 1146 3396 sed
1197 3350 1445 3398 terrenus
1496 3342 1597 3397 iste
1650 3340 2026 3398 tantummodo
2066 3341 2240 3404 locus,
2283 3340 2363 3394 vel
2423 3340 2668 3394 homines
2730 3342 2821 3408 qui
2872 3352 2998 3394 sunt
3046 3340 3379 3394 habitatores
3428 3341 3533 3394 loci

272 3411 445 3466 istius.
477 3412 575 3467 Sic
604 3412 749 3465 enim
782 3412 1099 3479 intelligitur
1133 3412 1263 3466 illud
1291 3414 1437 3481 quod
1468 3414 1543 3467 ait
1571 3433 1583 3467 ι
1617 3433 1635 3465 ι
1671 3412 1727 3467 In
1766 3414 1971 3467 mundo
1997 3411 2143 3480 enim
2174 3419 2293 3465 erat
2332 3430 2351 3460 ι
2387 3424 2573 3464 verum
2622 3411 2750 3465 illud
2786 3412 2986 3465 lumen
3010 3450 3023 3474 ,
3080 3411 3128 3463 id
3170 3422 3271 3475 est,
3311 3412 3363 3463 in
3412 3412 3533 3464 loco

269 3492 422 3535 terrae
445 3491 650 3537 nostra:
675 3497 837 3551 quam
872 3482 1183 3553 habitamus
1216 3499 1230 3536 :
1270 3499 1289 3533 ι
1321 3491 1376 3537 et
1422 3485 1660 3539 mundus
1706 3501 1801 3553 per
1847 3485 2025 3552 ipsum
2074 3482 2253 3553 factus
2298 3489 2402 3541 est,
2434 3499 2454 3532 ι
2494 3481 2544 3534 id
2593 3492 2697 3553 est,
2726 3482 2876 3536 orbis
2920 3491 3114 3536 tet-rte:
3150 3502 3167 3553 ι
3209 3490 3263 3535 et
3297 3482 3534 3535 mundus

267 3568 385 3605 eum
416 3568 527 3607 non
561 3550 834 3620 cognovit,
871 3571 889 3603 ι
926 3554 976 3607 id
1003 3563 1105 3617 est,
1139 3552 1386 3606 homines
1413 3550 1747 3609 habitatores
1779 3550 1933 3609 terrae
1960 3553 2138 3607 istius.
2167 3550 2529 3620 lncongruum
2561 3551 2706 3605 enim
2732 3562 2840 3611 est,
2876 3570 2894 3603 ι
2924 3561 2976 3607 et
3006 3551 3244 3606 mundus
3267 3568 3389 3610 eum
3423 3567 3531 3606 non

269 3624 540 3690 cognovit,
575 3640 594 3674 ι
636 3622 838 3678 referre
864 3625 929 3676 ad
964 3624 1230 3678 elementa
1263 3625 1387 3677 C(BIi
1420 3634 1476 3678 et
1500 3634 1659 3679 terra}
1687 3642 1699 3679 :
1731 3633 1789 3678 ut
1818 3624 1961 3678 dicat
1990 3622 2217 3693 aliquis,
2238 3621 2497 3690 quoniam
2546 3622 2649 3685 sol,
2676 3631 2730 3676 et
2761 3624 2909 3685 luna,
2941 3631 2995 3675 et
3028 3624 3218 3687 stellae,
3249 3625 3327 3677 vel
3370 3639 3533 3693 aqua,

270 3694 348 3745 vel
383 3701 549 3759 terra,
586 3693 668 3746 vel
696 3692 871 3763 angeli
905 3695 997 3763 qui
1039 3693 1244 3747 suntin
1279 3694 1536 3748 universo
1566 3694 1668 3749 hoc
1696 3694 1919 3759 nmndo,
1952 3695 2133 3747 lumen
2169 3692 2299 3745 illud
2331 3706 2520 3764 verum
2546 3707 2654 3764 non
2683 3702 3073 3764 cognoverunt,
3101 3703 3154 3749 et
3179 3710 3284 3748 non
3328 3692 3535 3764 cognov

270 3772 478 3818 scentes
522 3777 650 3817 eum
703 3760 1169 3818 conservaverunt
1213 3764 1281 3817 ab
1330 3779 1397 3818 eo
1447 3763 1549 3819 sibi
1602 3765 1850 3818 ordinem
1906 3764 2285 3819 constitutum.
2343 3760 2654 3816 Secundum
2704 3760 2848 3815 hunc
2897 3763 3043 3818 enim
3095 3780 3340 3827 sensum,
3377 3760 3537 3819 intel-

272 3831 450 3903 ligitur
477 3835 645 3888 etiam
677 3833 843 3889 illud:
875 3853 893 3884 ι
925 3833 991 3888 Ει
1020 3850 1169 3890 nunc
1194 3834 1496 3888 honoriﬁca
1522 3851 1631 3897 me,
1660 3844 1715 3889 tn
1739 3834 1919 3899 Pater,
1942 3850 2008 3887 eo
2034 3835 2240 3887 honore
2265 3848 2426 3903 quem
2454 3831 2617 3903 habui
2645 3843 2945 3900 antequam
2963 3833 3199 3889 mundus
3219 3843 3363 3889 esset
3388 3833 3530 3903 apud

271 3900 336 3957 te.
365 3902 711 3960 Manifestavi
743 3920 940 3959 nomen
978 3913 1131 3958 tuum
1169 3904 1506 3971 hominibus,
1541 3920 1681 3974 quos
1705 3904 1905 3960 dedisti
1941 3904 2075 3957 mihi
2109 3903 2176 3956 de
2204 3902 2428 3956 mundo.
2462 3920 2480 3952 ι
2527 3900 2593 3955 Ει
2637 3910 2756 3970 post
2792 3917 2964 3973 pauca
3004 3923 3017 3958 :
3064 3923 3082 3956 ι
3123 3904 3236 3974 Ego
3282 3900 3532 3974 (inquit)

332 4024 377 4055 ⁸⁸
397 4023 560 4081 Esth.
589 4018 788 4091 xuv,’2.
862 4023 908 4057 ⁸⁹
935 4023 1095 4080 Joan.
1126 4040 1261 4089 xvu,
1283 4024 1336 4079 5.

335 4143 446 4213 (45)
516 4142 912 4212 Περιελομένη
965 4143 1163 4198 πάντα
1206 4145 1315 4198 τὸν
1357 4145 1592 4213 κόσμον
1639 4140 1848 4209 αὐτῆς.

1957 4152 2125 4199 Stram
2154 4142 2443 4197 confirmat
2458 4143 2655 4199 homil.
2681 4144 2715 4198 9
2744 4144 2798 4197 in
2831 4143 2996 4198 Leuit.
3023 4161 3040 4196 :
3079 4163 3098 4196 ‹
3131 4143 3352 4199 Stamus
3381 4146 3526 4200 enim

271 4211 390 4269 Hace
421 4211 536 4268 non
570 4214 790 4285 aliunde
839 4211 1157 4285 deprompta
1205 4225 1337 4284 puto
1382 4211 1546 4285 quam
1588 4230 1654 4270 ex
1694 4213 1847 4285 Esth.
1957 4229 2081 4276 nos,
2111 4214 2309 4283 inquit,
2338 4229 2436 4282 pro
2468 4214 2698 4285 foribus,
2725 4215 3069 4285 Opperientes
3093 4217 3401 4285 pontiﬁcem
3434 4233 3534 4271 no-

275 4299 358 4357 §_tv
377 4327 392 4350 ,
422 4285 458 4357 2
482 4326 500 4347 ,
538 4285 630 4338 καὶ
669 4284 976 4356 ἀφελομένη
1005 4284 1079 4338 τὰ
1106 4285 1297 4357 ἱμάτια
1329 4286 1428 4357 τῆς
1459 4284 1619 4357 δόξης
1656 4284 1845 4354 αὐτῆς.

1956 4293 2126 4339 strum
2177 4296 2605 4357 commorantem
2656 4284 2796 4339 intra
2849 4284 3048 4340 Sancta
3098 4298 3443 4357 sanctorum,
3480 4287 3531 4340 id

275 4353 535 4409 “cuius.
722 4352 730 4354 θ
838 4352 854 4425 ί
964 4352 975 4356 “
1105 4352 1142 4393 θ’
1386 4352 1398 4357 ⁷
1572 4352 1582 4357 ⁷
1714 4405 1719 4411 .
1785 4352 1794 4354 “
1952 4362 2036 4408 est
2063 4354 2204 4423 apud
2232 4352 2469 4419 Patrem,
2518 4365 2569 4409 et
2600 4364 2915 4409 exorantem
2946 4371 3045 4425 pro
3075 4356 3311 4425 peccatis
3338 4371 3528 4411 eorum

1955 2970 2202 3025 claritate
2256 2984 2421 3039 quam
2475 2968 2642 3023 habui
2704 2969 3025 3039 priusquam
3095 2969 3333 3023 mundus
3390 2978 3536 3024 esset
3630 3042 3634 3046 _

341 4426 449 4494 (46)
502 4426 752 4478 Ἄτοπον
785 4423 896 4495 γὰρ
940 4425 1145 4495 λέγειν
1178 4426 1244 4481 τὸ
1272 4426 1342 4493 ἐξ
1381 4425 1642 4496 οὐρανοῦ
1667 4467 1681 4487 ,
1740 4435 1845 4480 etc.

276 4495 555 4550 Sideribus
591 4510 696 4548 non
726 4495 965 4549 animam
994 4498 1339 4553 solummodo
1375 4508 1428 4554 et
1454 4495 1689 4551 sensum
1710 4537 1725 4552 .
1755 4498 1846 4549 scd

273 4575 321 4619 et
352 4564 446 4619 Dei
479 4566 846 4638 cognitionem
880 4567 982 4638 hoc
1015 4566 1135 4622 loco
1159 4568 1350 4638 tribuit
1377 4567 1656 4638 Origenes.
1695 4565 1849 4632 Quod

274 4645 652 4707 argumentum
676 4635 1038 4707 exhausimus
1064 4638 1116 4691 in
1147 4635 1500 4707 Origeniauis'.
1534 4636 1609 4707 In.

341 4700 447 4775 (47)
492 4705 632 4777 Περὶ
664 4700 772 4777 (Br;
794 4709 826 4759 ό
867 4707 1073 4775 Σωτὴρ
1098 4700 1286 4777 ἐρωτᾷ
1322 4708 1428 4761 τὸν
1461 4706 1710 4775 Πατέρα,
1738 4705 1845 4762 etc.

274 4773 597 4844 Euthymius
649 4777 702 4828 in
740 4773 907 4847 Joan.
951 4773 1062 4831 xvi!
1083 4819 1098 4844 ,
1124 4773 1186 4833 '9
1229 4773 1263 4831 :7
1295 4798 1312 4828 ι
1345 4777 1462 4831 Νυιι
1496 4773 1621 4847 ιιι-0⁷
1649 4779 1851 4832 mundo

279 4848 529 4901 universo
561 4861 771 4914 precor,
818 4846 912 4901 sed
945 4862 1044 4917 pro
1089 4847 1174 4903 his
1201 4848 1293 4917 qui
1346 4846 1575 4904 credunt
1625 4849 1681 4901 in
1737 4864 1847 4912 me,

276 4932 395 4971 nam
446 4917 632 4987 quiin
690 4932 792 4987 me;
835 4931 945 4971 non
994 4918 1243 4983 credunt,
1276 4920 1468 4972 nolunt
1523 4925 1582 4972 ut
1616 4934 1713 4987 pro
1768 4920 1849 4974 eis

274 5002 442 5057 orem.
472 4984 503 5057 ι
521 4984 638 5057 Non
667 4985 886 5057 easdem
920 5003 1016 5057 pro
1047 4989 1306 5044 universo
1335 4988 1537 5043 mundo
1568 4984 1754 5057 preces
1782 4989 1850 5042 ad

274 5054 435 5129 Deum
485 5054 944 5129 fundilACln’istus
977 5056 1239 5129 Do_minus
1268 5075 1406 5128 quas
1440 5074 1536 5129 pro
1568 5054 1849 5128 prmdesti-

275 5128 414 5182 natis
442 5144 456 5178 :
499 5143 607 5197 pro
631 5127 715 5182 his
748 5127 893 5180 enim
930 5127 1005 5182 ita
1046 5127 1262 5184 Patrem
1290 5127 1452 5194 orat,
1478 5137 1537 5182 ut
1566 5127 1704 5183 votis
1734 5129 1851 5184 suis

276 5198 434 5269 potiri
465 5196 691 5269 omnino
720 5197 880 5269 velit;
924 5212 1082 5253 secus
1109 5209 1289 5254 autem
1323 5216 1422 5269 pro
1453 5200 1583 5269 illo;
1618 5199 1848 5253 salutem

275 5268 471 5340 quippe
511 5267 657 5320 illius
672 5283 720 5340 Διι
757 5265 917 5340 Patre
948 5265 1427 5340 postulat,_modo
1456 5282 1509 5325 et
1535 5268 1757 5340 dignum
1792 5285 1852 5324 se

276 5335 630 5409 illa—pmstet.
662 5335 815 5409 Quod
850 5337 917 5391 de
945 5335 1195 5393 oratione
1222 5338 1449 5403 Christi,
1486 5341 1537 5393 id
1570 5335 1750 5409 ipsum
1783 5339 1850 5393 de

276 5406 479 5463 lumine
509 5408 629 5477 ejus
658 5407 905 5462 omnium
954 5410 1225 5464 mentibus
1251 5409 1425 5465 aliuso
1452 5406 1653 5465 diserte
1685 5410 1849 5464 habet

276 5477 529 5547 Origenes
564 5477 752 5531 homil.
781 5477 805 5530 1
843 5478 898 5531 in
925 5477 1109 5533 Cenes.
1141 5497 1159 5531 :

276 5561 414 5609 mur,
444 5548 490 5601 si
524 5562 630 5601 non
663 5548 836 5603 simus
864 5550 1141 5604 mentibus
1164 5552 1312 5606 casei.
1343 5549 1480 5605 Nam
1510 5551 1652 5605 sicut
1682 5550 1761 5603 sol
1786 5560 1840 5605 et

275 5614 400 5691 luna
440 5618 814 5691 corporalibus
852 5619 1026 5674 oculis
1055 5635 1230 5675 cmcos
1258 5624 1510 5691 quamvis
1544 5621 1837 5687 illustrem,

277 5685 351 5740 illi
379 5685 556 5760 tamen
586 5688 827 5757 recipere
859 5691 1039 5743 lumen
1077 5706 1183 5744 non
1210 5685 1467 5760 possunt;
1507 5693 1577 5746 ita
1603 5701 1657 5745 et
1678 5685 1841 5746 Curi;

278 5765 392 5829 stus
420 5758 592 5812 lucem
623 5773 776 5812 suam
808 5769 1028 5829 praestat
1072 5758 1342 5816 mentibus
1372 5762 1611 5817 nostris:
1642 5762 1733 5817 sed
1764 5760 1837 5816 ita

279 5825 511 5902 demum
558 5825 1070 5902 nos__illuin_inabit,
1121 5830 1164 5885 si
1214 5848 1556 5902 nequaquam
1621 5832 1837 5887 caecitas

282 5898 471 5954 mentis
500 5899 777 5969 impediat.
798 5922 816 5952 ι
853 5899 1115 5956 Praeclare
1150 5917 1277 5957 vero
1299 5898 1707 5959 distinctionem
1738 5917 1835 5957 uo-

1947 5770 2073 5815 runt
2108 5757 2435 5829 participes,
2488 5757 2556 5812 ad

1943 5827 2239 5886 verisimile
2263 5827 2365 5883 est.
2393 5827 2467 5881 Io.

1952 4425 2045 4493 qni
2071 4439 2130 4479 se
2145 4434 2503 4494 iexspectantr
2517 4441 2622 4479 non
2650 4440 2750 4494 pro
2766 4426 3010 4479 omnium
3037 4427 3270 4494 peccatis
3292 4441 3529 4479 exorau-

1953 4504 2081 4548 tem.
2114 4493 2227 4565 Non
2254 4494 2397 4565 enim
2427 4504 2615 4550 exorat
2644 4493 2742 4563 pro
2772 4495 2855 4550 his
2878 4496 2970 4565 qui
2996 4493 3049 4549 in
3080 4506 3282 4550 sortem
3307 4497 3534 4551 veniunt

1952 4565 2071 4633 ejns
2134 4564 2310 4629 hirci,
2351 4566 2443 4634 qui
2492 4565 2762 4620 emittitur
2817 4565 2870 4619 in
2900 4564 3213 4620 desertum.
3264 4565 3371 4621 Pro
3425 4567 3534 4622 illis

1951 4645 2140 4706 exorat
2168 4644 2375 4688 tantum
2405 4637 2496 4704 qui
2545 4646 2673 4690 sunt
2704 4651 2824 4690 sors
2856 4635 3105 4700 Domini,
3144 4638 3235 4706 qui
3265 4653 3388 4691 enm
3430 4653 3530 4706 pro

1952 4705 2162 4760 foribus
2191 4714 2526 4774 exspectant.
2561 4727 2578 4757 ι
2617 4706 2761 4760 Dixit
2793 4721 2891 4774 pro
2925 4709 3130 4769 sanctis
3159 4705 3371 4762 exorari
3418 4705 3524 4759 Pa-

1952 4789 2113 4847 trem,
2145 4775 2236 4831 sed
2269 4791 2367 4845 pro
2393 4777 2597 4832 sanctis
2623 4787 2676 4830 et
2707 4777 2890 4845 impiis
2922 4778 3065 4831 orari
3097 4779 3352 4847 intelligc.
3376 4776 3530 4847 ldex

1954 4846 2011 4900 S.
2049 4845 2273 4901 Thema:
2301 4848 2565 4900 sententia
2600 4850 2998 4901 continuatur:
3042 4866 3060 4897 ι
3097 4845 3414 4909 Dicendum,
3442 4846 3529 4899 iu-

1952 4917 2089 4986 quit,
2110 4916 2253 4985 quod
2277 4916 2528 4970 Christus
2555 4927 2818 4986 quantum
2847 4928 2931 4972 est
2958 4918 3023 4971 de
3050 4932 3127 4977 sc,
3154 4932 3251 4985 pro
3272 4917 3529 4971 omnibus

1952 4988 2164 5045 oravit;
2194 4988 2318 5056 quia
2346 4988 2523 5040 oratio
2551 5004 2648 5041 sua
2670 5026 2684 5050 ,
2714 4999 2975 5057 quantum
3004 4998 3087 5040 est
3115 4988 3182 5040 de
3214 5002 3272 5040 se
3296 5028 3310 5052 ,
3339 4986 3526 5057 ellicax

1951 5067 2054 5121 est,
2078 5066 2136 5110 ut
2158 5057 2331 5111 valeat
2354 5058 2450 5111 toti
2478 5058 2713 5112 mundo:
2736 5059 2831 5111 sed
2860 5068 3037 5112 tamen
3062 5070 3166 5111 non
3194 5057 3244 5109 in
3271 5056 3528 5111 omnibus

1953 5129 2180 5182 sortitur
2207 5127 2489 5192 eﬂ‘ectum,
2529 5129 2631 5181 nisi
2663 5128 2714 5181 in
2747 5128 2950 5182 sanctis
2993 5136 3047 5180 et
3091 5126 3280 5180 electis
3314 5126 3441 5189 Dei;
3475 5131 3530 5178 et

1952 5197 2057 5253 hoc
2102 5206 2321 5267 propter
2356 5197 2803 5266 impelimentum
2852 5197 3274 5267 mundanorum.
3310 5214 3328 5245 ι
3367 5193 3525 5267 Quod

1952 5283 2020 5322 ne
2047 5264 2280 5321 inaniter
2309 5278 2362 5322 et
2387 5264 2555 5337 gratis
2584 5268 2689 5321 dici
2720 5278 2910 5336 putent
2949 5266 3041 5336 qui
3068 5281 3164 5334 pro
3188 5264 3525 5334 quisquiliis,

1952 5338 2144 5393 sutelis
2169 5351 2232 5392 ac
2254 5338 2408 5392 tricis
2433 5338 2635 5391 habent
2657 5337 2921 5407 quidquid
2959 5337 3161 5404 profert
3189 5337 3398 5399 schola,
3424 5349 3526 5407 au-

1953 5408 2106 5463 diant
2137 5408 2415 5463 Christum
2450 5423 2546 5476 pro
2570 5403 2825 5477 reprobis
2849 5403 3011 5462 etiam
3061 5417 3308 5461 orantem
3337 5425 3349 5459 :
3383 5424 3402 5457 ‹
3428 5403 3530 5458 Pa-

1200 5499 1219 5531 ι
1244 5479 1320 5556 Ita
1343 5480 1841 5556 tamenillumina-
1873 5497 1916 5553 υ
1946 5490 2026 5556 ter
2046 5521 2060 5545 ,
2090 5478 2449 5556 dimittejllis
2470 5518 2485 5540 ,
2528 5494 2633 5531 non
2659 5478 3025 5556 fitilll§cilllll
3063 5477 3193 5546 quid
3220 5476 3518 5556 iaciuntur

1946 5550 2081 5604 Nam
2113 5549 2363 5617 quamvis
2392 5549 2510 5602 Aet.
2549 5562 2621 5610 II,
2657 5548 2762 5610 25,
2794 5548 2885 5611 56,
2921 5546 3008 5609 37,
3060 5549 3325 5617 quosdam
3357 5562 3421 5602 ex
3457 5546 3528 5617 iis

1989 5621 2039 5673 ni
2089 5615 2367 5673 Christum
2419 5616 2805 5672 crucifixerant
2855 5618 2921 5671 ad
2977 5615 3133 5671 ﬁdem
3197 5615 3529 5673 converterit

1991 5690 2169 5754 etrus,
2216 5704 2323 5743 non
2354 5696 2706 5758 quotcunque
2744 5696 2924 5743 tamen
2961 5689 3185 5744 sceleris
3212 5688 3376 5757 hujus
3405 5686 3527 5740 fue-

2655 5757 2811 5814 hristi
2858 5760 3165 5815 doctrinam
3219 5758 3530 5813 traduxisse

2017 5900 2130 5972 (48)
2170 5902 2403 5954 Μένων.
2437 5899 2621 5954 Codex
2660 5898 2885 5973 Regius,
2923 5901 3104 5970 μόνον.
