3950 6532
497 396 626 456 “ﬁl
1976 404 2300 464 ORIGENIS
3601 399 3722 457 “5'3

482 514 765 571 habitatus
806 515 1191 591 intelligendus
1229 528 1347 590 est;
1392 520 1461 579 de
1500 522 1596 578 illo
1622 522 1824 580 etenim
1853 524 2058 581 mundo

2166 523 2395 598 περὶτοῦ
2416 524 2619 595 κόσμου
2641 523 2765 589 ὅλου
2788 523 2896 577 τῶν
2912 519 3235 597 ἀνθρώπων.
3278 516 3443 575 Ἀλλὰ
3471 515 3563 571 καὶ
3583 516 3611 569 ὸ
3632 516 3724 569 Σω-

482 601 739 662 homines
778 605 920 664 Filio
960 609 1109 671 dedit
1149 610 1331 679 Pater,
1367 628 1467 684 pro
1491 601 1690 683 quibus
1714 614 2058 672 solummodo

2166 616 2263 690 τὴρ
2280 618 2473 688 λέγων’
2513 638 2531 669 ι
2553 614 2728 686 Κάγὼ
2756 616 2893 689 πρὸς
2924 615 2985 669 σὲ
3017 614 3266 686 ἔρχομαι,
3297 612 3396 667 καὶ
3428 610 3606 666 οὐκέτι
3625 611 3724 681 εἰμὶ

485 693 703 753 Patrem
734 710 889 771 rogat
937 701 1214 771 Servator,
1268 720 1378 759 non
1431 714 1611 761 autem
1660 720 1759 775 pro
1807 707 2058 765 universo

2166 710 2220 763 ὲν
2246 708 2324 780 τῷ
2359 708 2572 780 κόσμῳ,
2618 726 2637 761 ι
2671 707 2764 761 τὸν
2794 707 3038 777 ἐπίγειον
3069 704 3217 773 λέγει
3261 704 3500 774 κόσμον·
3533 703 3593 755 οὺ
3631 700 3723 774 γὰρ

489 785 776 851 hominum
828 790 1056 846 mundo.
1104 791 1233 846 Item
1277 808 1399 847 cum
1437 794 1513 847 ait
1548 792 1805 850 Servator
1830 796 1910 849 ’°:
1943 815 1962 848 ι
1997 795 2058 859 Et

2166 800 2447 871 νομιστέον
2486 799 2559 854 τὰ
2592 799 2951 871 ἀντικείμενα
2996 797 3160 853 αὐτὸν
3204 796 3385 866 λέγειν
3434 794 3722 864 φάσκοντα·

489 893 592 949 ego
648 880 714 935 ad
764 888 817 937 te
864 883 1061 950 venio,
1108 893 1161 937 et
1201 882 1314 953 jam
1372 899 1482 939 non
1523 900 1644 941 sum
1681 885 1735 940 in
1781 884 2006 951 mundo,
2037 904 2058 939 ι

2170 911 2188 944 ι
2235 892 2406 961 Κάγὼ
2464 892 2599 966 πρὸς
2631 892 2692 945 σὲ
2738 891 2987 964 ἔρχομαι,
3022 891 3117 945 καὶ
3164 889 3347 944 οὐκέτι
3397 888 3517 958 εἰμὶ
3565 886 3621 941 ἐν
3661 885 3727 955 τῷ

456 971 785 1027 Διιιιηιιιιιιιιι
826 973 957 1033 dicit
1011 983 1321 1044 terrenum;
1393 990 1496 1031 nec
1531 976 1676 1031 enim
1741 977 1843 1032 sibi
1903 992 2063 1047 repu-

489 1062 714 1131 gnantia
772 1065 1016 1134 proferre
1064 1067 1217 1122 illum
1267 1067 1570 1137 putandum
1622 1076 1707 1123 est
1748 1068 2060 1123 dicentem:

494 1168 517 1205 ι
553 1150 622 1206 Et
647 1167 748 1225 ego
781 1155 846 1211 ad
868 1165 927 1212 te
952 1158 1132 1223 venio,
1164 1167 1217 1215 et
1238 1158 1351 1229 jam
1389 1174 1499 1217 non
1533 1174 1653 1215 sum
1687 1160 1740 1213 in
1778 1159 2004 1223 mundo,
2036 1178 2057 1215 ι

488 1249 566 1306 et,
594 1257 718 1299 sum
758 1244 814 1299 in
868 1248 1093 1304 mundo.
1139 1247 1243 1304 Sed
1296 1258 1351 1305 et
1397 1250 1500 1305 hoc
1531 1251 1654 1306 loco
1676 1251 1717 1282 ἰ
1753 1270 1766 1305 :
1804 1270 1822 1302 ι
1854 1250 1919 1306 Et
1952 1250 2068 1307 haec

486 1329 683 1403 loquor
713 1334 765 1389 in
802 1337 1026 1406 mundo,
1056 1356 1074 1389 ι
1107 1349 1354 1395 terrenus
1388 1339 1477 1395 hic
1504 1340 1657 1396 locus
1685 1340 2066 1410 intelligendus

484 1432 596 1479 est.
645 1424 975 1484 Luculenter
1021 1444 1151 1484 vero
1202 1430 1288 1487 bis
1333 1430 1426 1486 ille
1458 1431 1797 1502 signiﬁcatur
1816 1433 1908 1486 "z
1947 1449 1966 1481 ι
2002 1430 2067 1483 Et

489 1517 729 1574 mundus
754 1534 849 1576 eos
876 1520 1003 1601 odio
1032 1522 1243 1588 habuit,
1268 1524 1398 1594 quia
1425 1539 1532 1579 nou
1558 1536 1686 1578 sunt
1711 1524 1779 1580 de
1803 1524 2059 1579 mundo.»

484 1603 602 1662 Nos
627 1609 772 1664 enim
803 1610 930 1667 odio
968 1614 1177 1678 habuit,
1221 1629 1287 1669 ex
1331 1631 1440 1684 quo
1474 1631 1583 1672 non
1611 1616 1846 1685 amplius
1873 1634 1892 1667 ι
1928 1630 2066 1671 con-

486 1700 815 1769 templamur
842 1719 964 1772 qua).
987 1705 1260 1773 videntur,
1290 1708 1387 1763 sed
1422 1723 1542 1778 qua:
1569 1723 1677 1763 non
1703 1709 1954 1764 videntur
1969 1709 2015 1741 "
2038 1726 2059 1762 ›

487 1800 709 1861 propter
741 1791 870 1849 Jesu
908 1795 1278 1866 disciplinam,
1311 1814 1419 1854 non
1452 1800 1690 1855 mundus
1728 1815 1793 1855 ex
1817 1800 1976 1864 cmlo,
2011 1807 2066 1855 et

2158 981 2378 1054 κόσμῳ,
2424 1001 2442 1033 ο
2483 981 2602 1035 καί·
2637 983 2726 1035 Ἐν
2766 980 2844 1052 τῷ
2876 981 3064 1052 κόσμῳ
3093 978 3227 1050 είμί⁸
3260 976 3399 1034 ἀλλὰ
3434 975 3530 1031 καὶ
3552 975 3608 1029 ὲν
3629 973 3723 1045 τῷ·

2172 1096 2191 1128 ι
2230 1076 2339 1130 Καὶ
2362 1073 2531 1129 ταῦτα
2553 1073 2699 1128 λαλῶ
2735 1074 2792 1127 ὲν
2820 1071 2901 1151 τῷ
2926 1073 3139 1144 κόσμῳ,
3178 1090 3197 1122 ι
3225 1070 3316 1125 τὸν
3354 1068 3632 1140 περίγειον
3650 1065 3727 1119 τό-

2169 1183 2267 1220 πον
2308 1165 2610 1237 νομιστέον.
2656 1161 2851 1232 Σαφῶς
2882 1162 2943 1216 δὲ
2982 1155 3137 1226 οὗτος
3181 1158 3510 1231 σημαίνεται
3549 1156 3637 1211 καὶ
3676 1156 3730 1210 ὲκ

2166 1256 2260 1310 τοῦ
2280 1273 2294 1288 ο
2338 1276 2356 1308 ι
2388 1255 2496 1311 Καὶ
2522 1258 2550 1309 ὁ
2591 1254 2796 1325 κόσμος
2830 1253 3091 1325 ἐμίσησεν
3120 1253 3336 1316 αὐτοὺς,
3367 1251 3455 1304 ὅτι
3485 1249 3585 1303 οῦκ
3613 1252 3730 1304 εἰσιν

2169 1346 2232 1399 ὲκ
2268 1344 2363 1399 τοῦ
2404 1345 2631 1416 κόσμου.
2669 1364 2689 1396 ι
2731 1344 2990 1415 Ἐμίσησε
3020 1341 3129 1413 γὰρ
3162 1343 3309 1413 ἡμᾶς
3360 1340 3425 1407 ἐξ
3458 1334 3520 1395 οὗ
3558 1339 3731 1411 μηκέτι

2170 1435 2480 1506 σκοποῦμεν
2515 1434 2585 1489 τὰ
2621 1434 2963 1506 βλεπόμενα,
3011 1433 3145 1487 ἀλλὰ
3190 1433 3258 1487 τὰ
3295 1432 3374 1505 μὴ
3425 1431 3731 1503 βλεπόμενα,

2168 1527 2256 1582 διὰ
2292 1529 2390 1597 τὴν
2437 1526 2611 1598 Ἰησοῦ
2645 1524 3018 1589 διδασκαλίαν,
3050 1524 3111 1578 οὐ
3142 1524 3349 1595 κόσμος
3390 1523 3453 1588 ἐξ
3497 1522 3729 1595 οὐρανοῦ,

2168 1620 2262 1675 καὶ
2295 1618 2417 1690 γῆς,
2453 1617 2548 1672 καὶ
2576 1616 2685 1671 τῶν
2726 1619 2783 1670 ὲν
2819 1616 3000 1679 αὐτοῖς
3027 1613 3378 1686 συνεστηκὼς
3404 1615 3536 1678 πᾶς,
3565 1612 3669 1665 ἀλλ’
3690 1615 3732 1665 ot

2169 1710 2261 1763 ἐπὶ
2286 1712 2389 1781 γῆς
2414 1708 2532 1780 μεθ’
2555 1708 2711 1780 ἡμῶν
2751 1707 3049 1778 ἄνθρωποι.
3074 1706 3167 1760 Τό·
3199 1724 3217 1757 ι
3250 1705 3368 1760 Οὐκ
3399 1706 3540 1759 είσὶν
3568 1707 3629 1758 ὲκ
3653 1703 3731 1758 τοῦ

2168 1802 2396 1872 κόσμου,
2428 1817 2447 1852 ι
2494 1800 2609 1852 ἴσον
2646 1800 2761 1852 ἐστι
2793 1798 2891 1869 τῷ,
2920 1796 3034 1851 Οὔκ
3073 1799 3210 1851 εἰσιν
3244 1797 3309 1850 ἐκ
3341 1794 3442 1850 τοῦ
3477 1797 3733 1867 περιγείου

486 1891 658 1948 terra,
687 1893 741 1937 et
773 1901 896 1954 quae
942 1887 996 1941 in
1041 1888 1108 1943 iis
1141 1899 1269 1944 sunt
1312 1898 1460 1945 totus
1504 1898 1935 1961 coagmentatus,
1966 1890 2058 1945 sed

2166 1896 2362 1949 τόπουο
2405 1892 2546 1946 οὕτω
2585 1891 2642 1945 δὲ
2682 1890 2777 1945 καὶ
2805 1893 2854 1944 οἱ
2896 1888 2992 1943 τοῦ
3041 1889 3215 1961 Ἰησοῦ
3263 1888 3514 1961 μαθηταὶ
3547 1891 3609 1942 ὲκ
3654 1887 3732 1943 τοῦ

483 1974 579 2043 qui
606 1990 769 2045 supra
798 1988 996 2033 terram
1029 1980 1315 2036 nobiscum
1350 1981 1598 2037 homines
1629 1994 2058 2040 convcrsantur:

486 2063 541 2119 id
570 2075 751 2120 autem
789 2086 803 2122 :
842 2088 860 2119 ι
903 2066 1022 2123 Non
1073 2080 1201 2125 sunt
1253 2072 1321 2126 de
1357 2073 1582 2138 mundo,
1618 2090 1638 2124 ι
1678 2072 1816 2128 idem
1855 2084 1935 2130 est
1976 2089 2060 2139 ac,

484 2173 594 2215 non
623 2170 751 2214 sunt
779 2161 845 2214 de
878 2170 1094 2218 terreno
1126 2165 1227 2219 hoc
1259 2164 1412 2230 loco;
1461 2165 1532 2219 ita
1563 2174 1617 2220 et
1645 2164 1774 2221 Jesu
1804 2166 2060 2236 discipuli

490 2266 511 2301 ι
549 2250 615 2304 de
646 2252 850 2308 mundo
899 2252 1033 2308 non"
1062 2263 1212 2322 sunt,
1258 2256 1400 2311 sicut
1437 2267 1489 2311 ct
1535 2258 1650 2327 ipse
1705 2274 1811 2313 non
1850 2266 1966 2314 erat
1994 2258 2060 2313 de

485 2343 693 2398 mundo
715 2344 782 2398 “.
832 2364 851 2398 ι
890 2347 1020 2401 ltem
1048 2355 1101 2401 et
1134 2348 1265 2403 illud
1294 2350 1339 2380 ⁸⁸
1378 2367 1391 2402 :
1427 2366 1444 2401 ι
1488 2347 1557 2403 Ut
1595 2350 1777 2405 credat
1824 2350 2060 2405 mundus

486 2434 616 2503 quia
643 2446 699 2490 tu
735 2453 821 2491 me
856 2439 1080 2503 misisti,
1122 2460 1140 2491 ι
1169 2441 1313 2509 quod
1350 2441 1433 2497 bis
1464 2442 1517 2495 in
1546 2440 1836 2513 Evangelia
1866 2458 2063 2498 secun-

487 2523 619 2579 dum
664 2525 929 2583 Joannem
983 2531 1265 2599 repetitur,
1308 2533 1374 2587 ad
1406 2534 1888 2602 prmstantissimos
1918 2533 2061 2604 opti-

485 2629 716 2686 mosque
744 2618 988 2675 homines
1018 2636 1127 2676 non
1162 2621 1414 2689 refertur,
1470 2625 1564 2681 sed
1614 2626 1681 2681 ad
1724 2642 1819 2681 eos
1862 2626 2063 2696 quibus

2165 1989 2369 2056 κόσμου
2406 1985 2506 2039 οθκ
2544 1986 2699 2037 εἰσιν.
2727 1983 2802 2047 ὡς
2832 1983 2941 2036 οὐδ’
2982 1985 3144 2048 αὐτὸς
3175 1985 3238 2036 ὲκ
3279 1982 3378 2036 τοῦ
3429 1984 3629 2053 κόσμου
3655 1980 3731 2054 ἦν.

2167 2083 2286 2135 Ἔτι
2324 2080 2380 2134 δὲ
2418 2080 2511 2133 καὶ
2558 2079 2648 2132 τό·
2708 2098 2725 2129 ι
2775 2079 2889 2131 ’Ἱνα
2920 2081 2949 2131 ὁ
2983 2078 3185 2149 κόσμος
3221 2076 3517 2150 πιστεύσῃ,
3556 2077 3634 2129 ὅτι
3679 2077 3731 2131 σύ

2146 2222 2152 2229 .
2164 2190 2232 2244 με
2259 2171 2601 2235 ἀπέστειλας,
2640 2190 2657 2220 ι
2683 2170 2764 2234 δὶς
2795 2168 3082 2241 εἰρημένον
3116 2170 3173 2221 ὲν
3207 2165 3282 2237 τῷ
3311 2168 3438 2221 κατ’
3484 2166 3733 2234 Ἰωάννην,

2161 2267 2261 2320 οὐκ
2286 2264 2611 2337 ἀναφέρεται
2642 2264 2732 2316 ἐπὶ
2751 2262 2819 2315 τὰ
2844 2262 3126 2334 κρείττονα
3156 2260 3263 2314 τῶν
3284 2259 3611 2333 ἀνθρώπων,
3636 2257 3731 2311 ἀλλ’

2166 2357 2259 2411 ἐπὶ
2281 2358 2404 2419 τοὺς
2437 2353 2738 2427 χρῄζοντας
2759 2353 3035 2407 πιστεύειν
3055 2352 3401 2425 ἀνθρώπους,
3424 2354 3548 2406 ὅτιὸ
3566 2350 3734 2423 Πατὴρ

2167 2450 2257 2503 τὸν
2301 2449 2428 2503 Υίὸν
2468 2449 2548 2512 εἰς
2576 2448 2667 2500 τὸν
2708 2447 2836 2518 τῇδε
2869 2447 3070 2517 κόσμον
3104 2445 3397 2505 ἀπέστειλε
3417 2462 3431 2475 ·
3476 2445 3570 2498 καὶ
3603 2442 3733 2513 παρὰ

2167 2541 2244 2613 τῷ
2302 2539 2608 2610 ’Δποστόλῳ
2640 2538 2696 2592 δὲ
2734 2541 2768 2609 η
2806 2538 2987 2603 πίστις
3040 2537 3191 2610 ὑμῶν
3226 2535 3654 2607 καταγγέλλεται
3682 2535 3731 2586 ὲν

2168 2627 2274 2698 ὅλῳ
2296 2625 2371 2697 τῷ
2397 2626 2604 2697 κόσμῳ.

483 2723 626 2781 Opus
672 2722 791 2781 est,
843 2723 902 2768 ut
948 2714 1144 2770 Filium
1196 2732 1227 2771 a
1274 2715 1439 2771 Patre
1491 2718 1546 2774 in
1602 2720 1865 2776 mundum
1926 2723 2134 2777 huncce
2182 2722 2409 2778 missum
2467 2720 2632 2777 fuisse
2680 2721 2937 2787 credant;
2997 2729 3053 2775 et
3103 2721 3245 2791 apud
3300 2719 3725 2790 Apostolum":

492 2823 515 2859 ι
548 2803 709 2861 Fides
736 2816 913 2863 vestra
941 2810 1298 2865 annuntiatur
1328 2811 1381 2864 in
1418 2812 1672 2868 universo
1705 2815 1928 2870 mundo.
1967 2836 1986 2868 ι

554 2898 648 2953 21.
688 2898 843 2965 Quod
876 2901 921 2956 si
955 2920 975 2953 ί
1008 2918 1086 2958 γε
1118 2920 1148 2958 a
1175 2905 1447 2963 scandalis
1484 2925 1502 2958 ι
1544 2908 1928 2976 pronuntiatur
1960 2911 2061 2964 ho-

484 2989 730 3046 minibus
749 3006 846 3061 per
878 2994 1187 3051 universam
1215 3008 1412 3053 terram
1451 2999 1753 3068 dissipatis,
1784 3001 1876 3070 qui
1902 3016 2064 3056 scan-

482 3081 622 3136 dalis
648 3082 991 3153 adiciuntur;
1023 3087 1092 3143 de
1118 3089 1323 3145 mundo
1369 3099 1550 3145 autem
1598 3106 1707 3145 non
1740 3100 1871 3147 sunt
1894 3091 2062 3148 disci-

481 3172 598 3243 puli
624 3189 747 3244 qute
786 3176 1036 3232 videntur
1069 3180 1292 3237 minime
1320 3183 1772 3252 contemplantes,
1797 3186 2060 3255 quemad-

484 3266 706 3320 modum
768 3284 866 3323 ncc
915 3285 1106 3324 eorum
1159 3273 1416 3342 magister
1462 3274 1529 3329 de
1586 3276 1793 3331 mundo
1834 3287 1937 3343 est,
1992 3278 2059 3333 ad

484 3356 695 3411 nullum
724 3373 756 3413 e
785 3359 1067 3430 discipulis
1091 3363 1256 3434 600
1275 3363 1402 3420 Jesu
1426 3367 1659 3436 pertinet
1685 3387 1705 3421 ι
1735 3384 1812 3424 vae
1839 3385 1872 3425 a
1902 3386 2062 3426 scan.

485 3446 647 3512 dalis,
697 3469 715 3502 ι
756 3454 1197 3524 quandoquidem
1257 3474 1276 3507 ι
1328 3472 1432 3526 pax
1484 3460 1655 3514 multa
1708 3460 2059 3532 diligentibus

485 3540 656 3615 legem
688 3541 802 3609 Dei,
845 3554 899 3599 et
929 3562 1034 3602 non
1071 3558 1154 3603 est
1186 3550 1290 3605 illis
1330 3552 1645 3607 scandalum
1670 3555 1737 3607 ’⁷.
1775 3573 1794 3606 ι
1844 3553 1899 3609 Si
1934 3556 2059 3625 quis

484 3649 616 3689 vero
644 3635 945 3706 discipulus
972 3655 1094 3696 esse
1127 3642 1359 3709 videtur,
1387 3644 1567 3699 adhuc
1593 3653 1773 3701 tamen
1802 3646 1868 3700 de
1892 3662 2056 3701 mun-

482 3726 556 3781 do
583 3738 686 3792 est,
713 3731 857 3799 quod
897 3734 1181 3798 mundum,
1211 3745 1266 3791 et
1297 3752 1419 3807 quae
1455 3738 1509 3792 in
1542 3754 1608 3793 eo
1643 3750 1791 3807 sunt,
1824 3741 2055 3811 diligat;

482 3819 650 3877 vitam
694 3817 934 3893 intelligo
977 3842 1139 3897 quam
1191 3829 1243 3883 in
1290 3831 1522 3886 terrenis
1553 3832 1703 3887 hisce
1741 3834 1875 3888 locis
1905 3834 2059 3888 duci-

485 3929 633 3979 mus,
657 3916 742 3969 vel
775 3918 1061 3986 pecuniam
1094 3937 1214 3989 quae
1238 3921 1289 3975 in
1322 3923 1387 3977 iis
1412 3933 1515 3986 est,
1544 3924 1626 3978 vel
1656 3926 2058 3993 possessiones,

481 4008 566 4062 vel
599 4011 869 4079 quaslibet
896 4010 1221 4080 facultates;
1254 4015 1326 4069 ita
1365 4026 1426 4070 ut
1463 4017 1513 4070 id
1546 4018 1599 4070 in
1626 4033 1751 4071 eum
1785 4032 1890 4071 non
1918 4034 2059 4087 qua-

481 4098 641 4153 dret:
681 4118 699 4151 ι
736 4100 813 4155 De
857 4103 1063 4157 mundo
1100 4118 1207 4157 non
1261 4115 1409 4171 sunt,
1454 4125 1472 4157 ι
1509 4107 1601 4161 sed
1645 4108 1817 4160 illud:
1851 4126 1870 4158 ι
1906 4106 1999 4162 Vua
2029 4123 2061 4162 a

481 4190 773 4256 scandalis,
813 4211 832 4244 ι
862 4194 1008 4263 quod
1036 4196 1243 4251 mundo
1270 4197 1553 4268 contingit,
1587 4197 1660 4250 illi
1700 4198 1902 4267 pariter
1927 4213 2062 4252 con~

481 4278 671 4351 tinget,
700 4292 885 4354 utpote
919 4285 1012 4355 qui
1049 4286 1116 4342 de
1151 4287 1359 4345 mundo
1398 4304 1619 4360 quoque
1642 4290 1732 4344 sit.
1759 4289 1829 4343 At
1860 4288 1954 4359 qui
1984 4305 2061 4345 WB

2236 2905 2299 2959 Εί
2340 2904 2399 2957 δὲ
2434 2922 2452 2954 ι
2492 2903 2615 2957 οὐαὶ
2670 2922 2688 2954 ι
2724 2905 2837 2966 τοῖς
2864 2901 3140 2972 πανταχοῦ
3167 2902 3268 2972 τῆς
3300 2902 3408 2972 γῆς
3443 2901 3726 2974 ἀνθρώποις

2169 3015 2188 3049 ι
2232 2996 2341 3050 ἀπὸ
2380 2995 2489 3048 τῶν
2518 2994 2851 3060 σκανδάλων,
2894 3014 2913 3047 ι
2946 2987 3022 3048 ὧν
3056 2995 3148 3048 καὶ
3176 2995 3244 3048 τὰ
3274 2993 3551 3048 σκάνδαλα
3581 2994 3728 3046 ἄπτε-

2161 3105 2273 3156 ται,
2303 3089 2401 3142 οὐκ
2439 3087 2546 3141 εῑσὶ
2583 3087 2640 3140 δὲ
2677 3088 2727 3141 οἱ
2773 3086 3011 3158 μαθηταὶ
3042 3089 3104 3140 ὲκ
3136 3086 3226 3140 τοῦ
3257 3088 3466 3158 κόσμου
3501 3085 3575 3157 μὴ
3615 3100 3724 3138 σκο-

2163 3179 2389 3243 ποῦντες
2420 3179 2491 3233 τὰ
2529 3178 2833 3249 βλεπόμενα
2852 3221 2866 3244 ,
2900 3177 3081 3242 καθὼς
3111 3177 3232 3231 οὐδὲ
3264 3179 3294 3231 ό
3332 3176 3644 3239 διδάσκαλος
3671 3175 3726 3226 ὲκ

2163 3271 2258 3327 τοῦ
2304 3272 2508 3343 κόσμου
2548 3270 2715 3333 ἐστὶν,
2758 3270 2933 3323 οὐδενὶ
2970 3269 3079 3324 τῶν
3125 3269 3383 3341 μαθητῶν
3421 3267 3517 3322 τοῦ
3568 3262 3724 3339 Ἰησθῦ

2165 3367 2311 3419 ἐστιν
2354 3384 2373 3416 ι
2411 3365 2518 3418 ἀπὸ
2556 3362 2664 3417 τῶν
2704 3362 3009 3418 σκανδάλων
3040 3363 3185 3428 οὐαὶ,
3217 3381 3236 3414 ›
3276 3362 3510 3434 ἐπείπερ
3543 3380 3563 3412 ι
3595 3359 3725 3414 ἐστὶν

2164 3459 2353 3532 εἰρήνη
2410 3456 2579 3528 πολλὴ
2635 3459 2748 3520 τοῖς
2800 3454 3053 3525 ἀγαπῶσι
3108 3456 3268 3526 νόμον
3307 3455 3405 3509 τοῦ
3445 3454 3577 3510 Θεοῦ
3607 3453 3721 3524 (49).

2165 3551 2258 3606 καὶ
2287 3549 2385 3603 οῦκ
2409 3551 2556 3603 ἐστιν
2581 3551 2765 3613 αὐτοῖς
2797 3548 3110 3602 σκάνδαλον.
3146 3568 3164 3599 ι
3193 3549 3256 3600 Εἰ
3275 3547 3336 3601 δέ
3362 3565 3449 3612 τις
3474 3547 3616 3601 δοκεῖ
3639 3544 3725 3615 μὲν

2165 3639 2521 3714 χρηματίζειν
2564 3640 2830 3711 μαθητὴς,
2876 3639 2955 3692 ἔτι
2988 3638 3043 3692 δέ
3090 3640 3237 3692 ἐστιν
3283 3640 3349 3693 ὲκ
3379 3638 3474 3692 τοῦ
3516 3637 3722 3708 κόσμου,

2163 3733 2251 3788 διὰ
2279 3734 2339 3787 τὸ
2370 3734 2588 3803 ἀγαπᾷν
2624 3732 2712 3785 τὸν
2747 3732 2971 3802 κόσμον,
3007 3731 3101 3785 καὶ
3132 3729 3201 3784 τὰ
3232 3734 3288 3785 ὲν
3317 3730 3493 3801 αὐτῷ,
3522 3727 3725 3797 λέγωδὲ

2163 3827 2262 3899 τὴν
2288 3830 2347 3881 ὲν
2386 3827 2466 3897 τῷ
2517 3826 2782 3898 περιγείῳ
2827 3825 2978 3896 τόπῳ
3022 3822 3187 3895 ζωὴν,
3232 3825 3334 3881 καὶ
3387 3824 3461 3878 τὰ
3498 3825 3555 3877 ἐν
3593 3818 3724 3889 αὑτῷ

2160 3920 2441 3990 χρήματα,
2478 3920 2510 3990 ἢ
2549 3921 2833 3990 κτήματα,
2867 3920 2900 3990 ἢ
2936 3918 3127 3972 ὁποίαν
3170 3917 3369 3971 ποτοῦν
3407 3913 3721 3987 περιουσίαν,

2160 4008 2236 4071 ὡς
2270 4007 2344 4080 μὴ
2368 4008 2629 4079 ἁρμόζειν
2660 4008 2810 4078 αὐτῷ
2837 4009 2896 4062 τό
2915 4024 2929 4037 ο
2971 4028 2989 4058 ι
3037 4008 3133 4060 Ἐκ
3160 4006 3253 4063 τοῦ
3287 4007 3500 4078 κόσμου
3531 4004 3626 4058 οὒκ
3652 4002 3721 4055 εί-

2162 4118 2266 4164 σιν,
2329 4120 2348 4153 ι
2405 4100 2519 4154 ἀλλ’
2566 4101 2643 4165 ὡς
2681 4102 2745 4155 ὲκ
2788 4100 2883 4155 τοῦ
2935 4100 3144 4172 κόσμου
3197 4100 3309 4153 ὄντι
3340 4099 3519 4170 τούτῳ
3559 4098 3616 4152 τὸ
3653 4093 3720 4165 τῷ

2161 4192 2350 4267 κόσμῳ
2404 4193 2717 4265 συμϐαῖνον,
2767 4212 2785 4244 ι
2839 4193 2978 4248 Οὐαὶ
3028 4191 3137 4245 ἀπὸ
3175 4191 3285 4245 τῶν
3338 4190 3664 4252 σκανδάλων,
3699 4203 3716 4236 ι

2162 4285 2502 4357 συμϐήσεται
2551 4285 2719 4358 αὐτῷ.
2781 4286 2838 4342 ’0
2884 4285 2945 4339 δὲ
2997 4284 3166 4340 θέλων
3218 4283 3465 4338 ἐκκλῖναι
3514 4282 3573 4337 τὸ
3614 4274 3720 4333 οὐαὶ

1681 4403 1915 4461 VETUS
1958 4400 2551 4459 INTERPRETATIO.

482 4506 583 4560 pro
600 4492 695 4571 eis
727 4508 880 4564 rogo,
912 4512 1021 4571 non
1055 4514 1154 4567 pro
1176 4500 1383 4571 mundo
1410 4517 1561 4571 rogo,
1594 4502 1687 4557 sed
1722 4518 1818 4571 pro
1844 4504 1925 4557 eis
1957 4517 2097 4570 quos
2121 4499 2315 4554 dedisti
2346 4499 2502 4571 mihi.
2539 4518 2557 4550 ι
2585 4500 2727 4571 item
2755 4506 2876 4567 post
2900 4513 3073 4571 pauca
3107 4514 3121 4551 :
3168 4515 3186 4548 ι
3219 4495 3288 4551 Ει
3337 4496 3395 4550 hi
3434 4496 3491 4549 in
3531 4490 3719 4571 mundo

486 4568 638 4645 sunt,
672 4571 725 4616 et
749 4562 847 4644 ego
873 4566 938 4620 ad
954 4576 1022 4645 _te
1051 4562 1227 4645 {'enio.
1258 4569 1460 4645 Et_jam
1474 4562 1598 4645 “non
1633 4562 1761 4645 sunt
1799 4573 1849 4645 in
1886 4562 2114 4632 mundo,
2140 4580 2196 4645 et
2229 4571 2314 4623 isti
2343 4570 2395 4622 in
2429 4570 2634 4645 mundo
2666 4562 2811 4622 sunt.
2849 4589 2883 4645 ι.
2904 4562 3031 4623 item
3063 4577 3182 4639 post
3213 4583 3385 4638 pauca
3402 4585 3427 4645 _:
3481 4585 3500 4617 ι

486 4630 636 4713 ιιιῌρ
664 4630 844 4698 venio,
871 4646 923 4690 et
953 4639 1067 4693 haec
1092 4640 1283 4713 loquor
1317 4630 1368 4693 in
1405 4642 1629 4713 mundo,
1659 4652 1718 4696 ut
1753 4643 1991 4713 habeant
2020 4630 2275 4713 gaudium
2308 4655 2486 4713 nicum
2525 4640 2819 4713 plenum.)
2866 4640 2924 4713 ln
2969 4654 3041 4713 se_
3064 4630 3230 4713 ἔτεος
3248 4638 3487 4692 mundus
3516 4633 3713 4713 dicitur.

484 4700 570 4754 vel
605 4700 1053 4781 locustergenus,
1081 4700 1175 4763 vel'
1188 4710 1441 4781 homines
1470 4711 1562 4781 qui
1598 4700 1725 4766 sunt
1755 4713 1807 4766 in
1833 4729 1918 4767 eo.
1953 4700 2049 4765 Ex"
2068 4711 2270 4765 mundo
2314 4710 2459 4781 enim
2509 4700 2666 4781 dedit
2714 4709 2850 4763 Filio
2896 4700 3163 4781 homines
3196 4707 3376 4781 Pater,
3410 4723 3508 4777 pro
3538 4703 3717 4774 quibus

485 4780 644 4840 rogat
670 4769 840 4851 Filius
873 4772 1088 4831 Patrem
1122 4779 1273 4851 solis,
1303 4789 1357 4833 et
1384 4769 1501 4835 non.
1520 4796 1617 4851 pro
1649 4781 1892 4837 omnium
1927 4782 2231 4851 hominunl
2253 4780 2476 4851 mutulo.
2508 4778 2642 4833 Nam
2676 4780 2766 4833 ubi
2803 4779 2972 4848 magis
3019 4769 3390 4851 necessarium
3413 4769 3589 4851 estut
3610 4785 3715 4850 ser-

485 4842 926 4930 vemur‘a.Patre
952 4862 1114 4930 quam
1141 4848 1194 4903 in
1217 4851 1447 4930 mundo,
1484 4842 1643 4930 quem
1677 4853 1807 4906 dicit
1834 4852 2073 4930 Joannes
2098 4869 2111 4905 :
2148 4849 2259 4930 «Et
2291 4849 2538 4930 mundus
2567 4859 2723 4930 totus,
2744 4842 2948 4930 positus
2973 4860 3056 4904 est
3082 4849 3136 4930 in
3164 4847 3447 4930 maligno?
3475 4842 3712 4930 »μετῇ-ξι]

484 4913 837 4991 δεψιεξηιίδυε
859 4934 889 4991 _:_
916 4935 933 4968 σ
965 4915 1035 4972 Ut
1066 4918 1302 4975 mundus
1323 4913 1515 4991 credat'
1530 4923 1656 4991 quia
1685 4933 1740 4976 tu
1771 4939 1857 4978 me
1880 4923 2000 4976 misi
2040 4922 2098 4975 ti.
2131 4941 2148 4972 ι
2178 4920 2321 4991 Ergo
2353 4921 2505 4974 locus
2527 4920 2647 4982 iste,
2678 4928 2731 4974 et
2745 4913 3005 4991 homines
3023 4919 3115 4991 qui
3150 4913 3350 4973 suntin
3373 4932 3441 4973 eo
3478 4916 3714 4971 dicuntur

484 4982 743 5061 mundus,
779 4986 979 5061 quibus
1012 5005 1088 5043 we
1112 5005 1140 5043 a
1175 4990 1465 5047 scandulis.
1503 4982 1770 5047 Omnibus
1799 4997 1942 5047 enim
1979 4982 2315 5053 hominibus,
2343 5006 2482 5061 quos
2514 5000 2693 5045 tamen
2743 4990 2997 5045 scandala
3043 4982 3265 5043 'vincere
3308 4994 3557 5058 possunt,
3591 4996 3661 5036 va!
3683 4994 3709 5033 ³

482 5051 777 5140 ωξιάομβ.
797 5051 957 5123 Quod
988 5076 1094 5113 non
1128 5061 1368 5140 procedit
1398 5071 1457 5117 ut
1484 5063 1550 5117 de
1573 5063 1857 5140 clementis
1888 5062 2076 5117 mundi
2104 5051 2494 5140 intelligat-nus.
2544 5130 2579 5140 __
2613 5128 2635 5140 τ
2789 5129 2804 5140 _
2870 5128 2884 5140 _
3149 5127 3164 5140 _
3282 5051 3327 5140 θ’
3374 5135 3386 5140 Α
3586 5120 3677 5140 id!

554 5121 644 5177 21.
681 5124 736 5179 Si
768 5121 949 5210 autem
983 5145 1061 5183 va:
1093 5121 1176 5210 est
1200 5131 1407 5187 mundo
1436 5133 1929 5210 a_scat_i_dalis.‘non
1964 5144 2143 5210 autem
2174 5121 2307 5210 sunt
2332 5130 2582 5201 disc‘puli
2606 5128 2732 5185 Jesu
2772 5128 2975 5210 de_hoc
3000 5127 3393 5210 mundoasicut
3422 5141 3521 5182 nec
3552 5121 3705 5210 magi:

482 5199 595 5279 alter
627 5209 815 5279 eorum
865 5197 932 5253 de
962 5201 1165 5279 mundo
1204 5210 1311 5279 est,
1345 5202 1551 5257 nemini
1583 5203 1987 5279 discipulorum
2011 5202 2213 5279 Christi
2246 5211 2426 5279 potest
2455 5195 2914 5279 esseascaudalis
2935 5210 3049 5249 ve:
3080 5200 3339 5279 q_u_oniam
3373 5215 3392 5249 ι
3428 5213 3527 5279 pax
3548 5195 3702 5279 multa

481 5262 828 5344 (ﬁngentibus
878 5285 1074 5324 nomen
1125 5269 1241 5335 Dei,
1271 5262 1339 5344 et
1381 5287 1507 5344 non
1536 5281 1620 5328 est
1668 5262 1776 5328 illis
1822 5272 2162 5329 scandalum.
2201 5262 2325 5344 {Si
2365 5281 2544 5344 autem
2574 5271 2770 5341 aliquis
2798 5262 3266 5344 videturqu'ident
3285 5283 3407 5324 esse
3430 5262 3705 5344 discipulus

481 5328 707 5425 Qhrisﬁ,
735 5336 911 5425 adhuc
938 5349 1116 5394 autem
1150 5328 1316 5396 estde
1338 5342 1569 5423 mundo,
1601 5354 1884 5425 propterea
1911 5345 2055 5425 quod
2086 5342 2262 5425 diligit
2291 5328 2973 5425 mntidum,.ct'quae_surtt
3012 5328 3066 5394 in
3098 5354 3184 5404 co,
3216 5339 3268 5425 id
3300 5347 3405 5425 est,
3433 5328 3703 5425 aut

484 5407 644 5491 istam
670 5407 965 5491 carnalem,
999 5414 1490 5491 attt_pos_ses_s_ion_es
1525 5407 1681 5467 terrae
1702 5407 1889 5491 istius,
1918 5407 2012 5468 aut
2035 5407 2436 5491 pecudiashaut
2460 5412 2693 5491 speciem
2714 5407 3175 5491 qualemcunque.
3213 5419 3278 5491 υἱ
3306 5407 3701 5491 ΡΨ]

481 5473 533 5524 ei
557 5472 697 5559 quod
731 5471 1058 5558 dictum'est
1086 5471 1370 5551 discipulis
1408 5481 1560 5559 Jesu,
1610 5471 1946 5559 quoniam}
1980 5471 2090 5538 non
2128 5471 2384 5559 Asuntﬁide
2425 5471 2630 5559 mundo
2661 5501 2673 5536 :
2716 5471 3700 5559 {sine-dubiopessidebit,quasidf

482 5543 689 5597 mundo
719 5548 1067 5615 constitutus,
1100 5571 1117 5601 ι
1146 5543 1246 5620 vae,
1290 5570 1309 5603 ι
1348 5552 1493 5622 quod
1535 5543 1741 5608 mundo
1769 5552 2015 5607 accidere
2060 5554 2218 5611 solet.
2270 5550 2326 5606 Si
2354 5568 2485 5621 ergo
2520 5553 2769 5608 volumus
2799 5552 3074 5607 declinare
3100 5543 3206 5604 hoc
3230 5565 3334 5618 vas,
3364 5543 3700 5617 suscipiamus

3374 5687 3420 5721 ⁸⁸
3453 5683 3576 5739 ibid.
3613 5676 3691 5732 25-

545 5686 771 5763 {UO-1n.
812 5706 948 5763 Irim,
984 5692 1070 5763 11,
1179 5695 1223 5727 ⁹¹
1258 5695 1423 5763 ibid.,
1458 5696 1544 5750 15.
1648 5695 1695 5726 ’²
1720 5694 1848 5753 ibid.
1888 5695 1974 5750 U.

2166 5694 2194 5748 [1
2233 5695 2361 5751 Cor.
2401 5711 2474 5760 tv,
2518 5694 2606 5749 18.
2708 5691 2939 5747 "Joan.
2991 5707 3100 5745 xvn
3175 5689 3263 5745 13.

482 5757 530 5790 ’⁸
558 5757 716 5813 Rom.
761 5776 799 5827 ι,
828 5760 881 5817 8.
933 5757 1004 5795 ⁷⁵⁷
1045 5762 1187 5819 Psal.
1219 5757 1420 5831 cxvnt,
1464 5766 1589 5821 165.

555 5870 665 5939 (19)
711 5872 825 5929 Τὸν
870 5874 1057 5945 νόμον
1100 5874 1207 5931 τοῦ
1245 5875 1412 5932 Θεοῦ.
1452 5874 1635 5932 Codex
1671 5873 1897 5948 Regius,
1951 5876 2041 5931 τὸν
2071 5877 2225 5933 θεόν.

1648 5695 1695 5726 ’⁸
1720 5694 1848 5753 ibid.
1888 5695 1974 5750 U.
2077 5696 2122 5727 "
2153 5693 2194 5749 ll
2233 5695 2361 5751 Cor.
2401 5711 2474 5760 tv,
2518 5694 2606 5749 18.
