  <div class='ocr_page' id='page_1' title='image "/cluster/home/n/w/nwhite01/storage/ocr_20150623/13/hvd.32044019207646/615.png"; bbox 0 0 3950 6532; ppageno 0'>
   <div class='ocr_carea' id='block_1_1' title="bbox 545 337 2122 400">
    <p class='ocr_par' dir='ltr' id='par_1_1' title="bbox 545 338 2120 400">
     <span class='ocr_line' id='line_1_1' title="bbox 545 338 2120 400; baseline -0.003 -2"><span class='ocrx_word' id='word_1_1' title='bbox 545 346 679 400; x_wconf 79' lang='lat' dir='ltr'><strong>H75</strong></span> <span class='ocrx_word' id='word_1_2' title='bbox 2027 338 2120 393; x_wconf 85' lang='lat' dir='ltr'><strong>0R</strong></span> 
     </span>
    </p>
   </div>
   <div class='ocr_carea' id='block_1_2' title="bbox 2232 337 3731 400">
    <p class='ocr_par' dir='ltr' id='par_1_2' title="bbox 2232 337 3731 396">
     <span class='ocr_line' id='line_1_2' title="bbox 2232 337 3731 396; baseline 0.001 -4"><span class='ocrx_word' id='word_1_3' title='bbox 2232 337 2351 396; x_wconf 73' lang='lat' dir='ltr'><strong>lNlS</strong></span> <span class='ocrx_word' id='word_1_4' title='bbox 3620 338 3731 394; x_wconf 70' lang='lat' dir='ltr'><strong>ll&#39;iB</strong></span> 
     </span>
    </p>
   </div>
   <div class='ocr_carea' id='block_1_3' title="bbox 543 445 2122 531">
    <p class='ocr_par' dir='ltr' id='par_1_3' title="bbox 543 454 2115 531">
     <span class='ocr_line' id='line_1_3' title="bbox 543 454 2115 531; baseline -0.008 -13"><span class='ocrx_word' id='word_1_5' title='bbox 543 465 638 529; x_wconf 86' lang='lat' dir='ltr'><strong>eti,</strong></span> <span class='ocrx_word' id='word_1_6' title='bbox 686 459 839 516; x_wconf 79' lang='lat' dir='ltr'><strong>verbi</strong></span> <span class='ocrx_word' id='word_1_7' title='bbox 864 459 1062 531; x_wconf 79' lang='lat' dir='ltr'><strong>gratia,</strong></span> <span class='ocrx_word' id='word_1_8' title='bbox 1095 472 1206 527; x_wconf 89' lang='lat' dir='ltr'><strong>quo</strong></span> <span class='ocrx_word' id='word_1_9' title='bbox 1233 454 1510 519; x_wconf 86' lang='lat' dir='ltr'><strong>maledici,</strong></span> <span class='ocrx_word' id='word_1_10' title='bbox 1544 454 1628 511; x_wconf 86' lang='lat' dir='ltr'><strong>vel</strong></span> <span class='ocrx_word' id='word_1_11' title='bbox 1659 454 1752 526; x_wconf 99' lang='lat' dir='ltr'><strong>qui</strong></span> <span class='ocrx_word' id='word_1_12' title='bbox 1783 455 1862 510; x_wconf 89' lang='lat' dir='ltr'><strong>ira</strong></span> <span class='ocrx_word' id='word_1_13' title='bbox 1884 468 2115 529; x_wconf 74' lang='lat' dir='ltr'><strong>_excan~</strong></span> 
     </span>
    </p>
   </div>
   <div class='ocr_carea' id='block_1_4' title="bbox 2232 445 3733 531">
    <p class='ocr_par' dir='ltr' id='par_1_4' title="bbox 2232 445 3733 525">
     <span class='ocr_line' id='line_1_4' title="bbox 2232 445 3733 525; baseline 0.001 -21"><span class='ocrx_word' id='word_1_14' title='bbox 2232 450 2396 522; x_wconf 74' lang='grc' dir='ltr'>Ξιργῷ,</span> <span class='ocrx_word' id='word_1_15' title='bbox 2430 452 2464 521; x_wconf 71' lang='grc' dir='ltr'>ἢ</span> <span class='ocrx_word' id='word_1_16' title='bbox 2493 467 2599 504; x_wconf 88' lang='grc' dir='ltr'>τινι</span> <span class='ocrx_word' id='word_1_17' title='bbox 2623 448 2731 503; x_wconf 89' lang='grc' dir='ltr'><strong>τῶν</strong></span> <span class='ocrx_word' id='word_1_18' title='bbox 2765 450 2821 503; x_wconf 78' lang='grc' dir='ltr'>ὲν</span> <span class='ocrx_word' id='word_1_19' title='bbox 2846 451 2960 513; x_wconf 82' lang='grc' dir='ltr'>τοῖς</span> <span class='ocrx_word' id='word_1_20' title='bbox 3004 449 3236 514; x_wconf 74' lang='grc' dir='ltr'>πολλοῖς.</span> <span class='ocrx_word' id='word_1_21' title='bbox 3263 449 3517 520; x_wconf 80' lang='grc' dir='ltr'>Ζητήσεις</span> <span class='ocrx_word' id='word_1_22' title='bbox 3541 445 3620 505; x_wconf 72' lang='grc' dir='ltr'><strong>οὖν</strong></span> <span class='ocrx_word' id='word_1_23' title='bbox 3653 455 3733 525; x_wconf 67' lang='grc' dir='ltr'><strong>μή·</strong></span> 
     </span>
    </p>
   </div>
   <div class='ocr_carea' id='block_1_5' title="bbox 545 540 2122 621">
    <p class='ocr_par' dir='ltr' id='par_1_5' title="bbox 545 543 2118 621">
     <span class='ocr_line' id='line_1_5' title="bbox 545 543 2118 621; baseline -0.007 -14"><span class='ocrx_word' id='word_1_24' title='bbox 545 554 807 615; x_wconf 87' lang='lat' dir='ltr'><strong>descuut,</strong></span> <span class='ocrx_word' id='word_1_25' title='bbox 854 549 1287 621; x_wconf 88' lang='lat' dir='ltr'><strong>propinquorum</strong></span> <span class='ocrx_word' id='word_1_26' title='bbox 1320 546 1876 611; x_wconf 69' lang='lat' dir='ltr'><strong>nomini’detrahunt;</strong></span> <span class='ocrx_word' id='word_1_27' title='bbox 1923 543 2004 598; x_wconf 90' lang='lat' dir='ltr'><strong>vel</strong></span> <span class='ocrx_word' id='word_1_28' title='bbox 2036 544 2118 596; x_wconf 86' lang='lat' dir='ltr'><strong>vi-</strong></span> 
     </span>
    </p>
   </div>
   <div class='ocr_carea' id='block_1_6' title="bbox 2232 540 3737 621">
    <p class='ocr_par' dir='ltr' id='par_1_6' title="bbox 2232 540 3737 613">
     <span class='ocr_line' id='line_1_6' title="bbox 2232 540 3737 613; baseline 0.003 -19"><span class='ocrx_word' id='word_1_29' title='bbox 2232 558 2348 595; x_wconf 81' lang='grc' dir='ltr'>ποτε</span> <span class='ocrx_word' id='word_1_30' title='bbox 2382 541 2630 595; x_wconf 76' lang='grc' dir='ltr'><strong>λανθάνει</strong></span> <span class='ocrx_word' id='word_1_31' title='bbox 2671 558 2756 605; x_wconf 81' lang='grc' dir='ltr'><strong>τις</strong></span> <span class='ocrx_word' id='word_1_32' title='bbox 2798 541 2938 596; x_wconf 86' lang='grc' dir='ltr'><strong>κατά</strong></span> <span class='ocrx_word' id='word_1_33' title='bbox 2981 543 3074 595; x_wconf 83' lang='grc' dir='ltr'>τὸν</span> <span class='ocrx_word' id='word_1_34' title='bbox 3102 540 3261 594; x_wconf 83' lang='grc' dir='ltr'>τόπον</span> <span class='ocrx_word' id='word_1_35' title='bbox 3288 542 3512 613; x_wconf 80' lang='grc' dir='ltr'><strong>τήρησις</strong></span> <span class='ocrx_word' id='word_1_36' title='bbox 3539 544 3737 611; x_wconf 73' lang='grc' dir='ltr'>καὶτοὺς</span> 
     </span>
    </p>
   </div>
   <div class='ocr_carea' id='block_1_7' title="bbox 539 633 2122 709">
    <p class='ocr_par' dir='ltr' id='par_1_7' title="bbox 539 636 2116 709">
     <span class='ocr_line' id='line_1_7' title="bbox 539 636 2116 709; baseline -0.006 -9"><span class='ocrx_word' id='word_1_37' title='bbox 539 646 831 709; x_wconf 62' lang='lat' dir='ltr'><strong>potentiae;</strong></span> <span class='ocrx_word' id='word_1_38' title='bbox 864 641 947 696; x_wconf 87' lang='lat' dir='ltr'><strong>vel</strong></span> <span class='ocrx_word' id='word_1_39' title='bbox 974 640 1242 696; x_wconf 90' lang='lat' dir='ltr'><strong>orationis</strong></span> <span class='ocrx_word' id='word_1_40' title='bbox 1286 639 1567 695; x_wconf 83' lang='lat' dir='ltr'><strong>mendacis</strong></span> <span class='ocrx_word' id='word_1_41' title='bbox 1594 647 1647 693; x_wconf 89' lang='lat' dir='ltr'><strong>et</strong></span> <span class='ocrx_word' id='word_1_42' title='bbox 1671 637 1894 702; x_wconf 61' lang='lat' dir='ltr'><strong>otiosae,</strong></span> <span class='ocrx_word' id='word_1_43' title='bbox 1920 636 2004 692; x_wconf 91' lang='lat' dir='ltr'><strong>vel</strong></span> <span class='ocrx_word' id='word_1_44' title='bbox 2035 636 2116 691; x_wconf 88' lang='lat' dir='ltr'><strong>al-</strong></span> 
     </span>
    </p>
   </div>
   <div class='ocr_carea' id='block_1_8' title="bbox 2232 633 3738 709">
    <p class='ocr_par' dir='ltr' id='par_1_8' title="bbox 2232 633 3738 709">
     <span class='ocr_line' id='line_1_8' title="bbox 2232 633 3738 709; baseline -0.001 -20"><span class='ocrx_word' id='word_1_45' title='bbox 2232 635 2493 709; x_wconf 61' lang='grc' dir='ltr'>φαντασίᾳ</span> <span class='ocrx_word' id='word_1_46' title='bbox 2518 635 2616 706; x_wconf 81' lang='grc' dir='ltr'>τῆς</span> <span class='ocrx_word' id='word_1_47' title='bbox 2643 634 2738 688; x_wconf 82' lang='grc' dir='ltr'><strong>τοῦ</strong></span> <span class='ocrx_word' id='word_1_48' title='bbox 2768 634 2940 704; x_wconf 83' lang='grc' dir='ltr'>Λόγου</span> <span class='ocrx_word' id='word_1_49' title='bbox 2979 634 3343 705; x_wconf 79' lang='grc' dir='ltr'><strong>χρηστότητος</strong></span> <span class='ocrx_word' id='word_1_50' title='bbox 3370 633 3462 686; x_wconf 73' lang='grc' dir='ltr'>καὶ</span> <span class='ocrx_word' id='word_1_51' title='bbox 3492 634 3612 705; x_wconf 80' lang='grc' dir='ltr'>πρὸς</span> <span class='ocrx_word' id='word_1_52' title='bbox 3643 637 3738 700; x_wconf 78' lang='grc' dir='ltr'>τοὺς</span> 
     </span>
    </p>
   </div>
   <div class='ocr_carea' id='block_1_9' title="bbox 545 724 2122 805">
    <p class='ocr_par' dir='ltr' id='par_1_9' title="bbox 545 730 2118 805">
     <span class='ocr_line' id='line_1_9' title="bbox 545 730 2118 805; baseline -0.006 -11"><span class='ocrx_word' id='word_1_53' title='bbox 545 738 719 794; x_wconf 90' lang='lat' dir='ltr'><strong>terius</strong></span> <span class='ocrx_word' id='word_1_54' title='bbox 743 733 1049 805; x_wconf 77' lang='lat' dir='ltr'><strong>cuiuspiam</strong></span> <span class='ocrx_word' id='word_1_55' title='bbox 1084 733 1256 804; x_wconf 78' lang='lat' dir='ltr'><strong>culpa:</strong></span> <span class='ocrx_word' id='word_1_56' title='bbox 1288 748 1353 788; x_wconf 84' lang='lat' dir='ltr'><strong>ex</strong></span> <span class='ocrx_word' id='word_1_57' title='bbox 1394 732 1462 788; x_wconf 90' lang='lat' dir='ltr'><strong>iis</strong></span> <span class='ocrx_word' id='word_1_58' title='bbox 1487 747 1607 803; x_wconf 71' lang='lat' dir='ltr'><strong>qua:</strong></span> <span class='ocrx_word' id='word_1_59' title='bbox 1631 732 1819 786; x_wconf 91' lang='lat' dir='ltr'><strong>multis</strong></span> <span class='ocrx_word' id='word_1_60' title='bbox 1849 730 2118 784; x_wconf 62' lang='lat' dir='ltr'><strong>inhaerere</strong></span> 
     </span>
    </p>
   </div>
   <div class='ocr_carea' id='block_1_10' title="bbox 2232 724 3741 805">
    <p class='ocr_par' dir='ltr' id='par_1_10' title="bbox 2232 724 3741 798">
     <span class='ocr_line' id='line_1_10' title="bbox 2232 724 3741 798; baseline -0.001 -18"><span class='ocrx_word' id='word_1_61' title='bbox 2232 726 2293 780; x_wconf 77' lang='grc' dir='ltr'><strong>τὰ</strong></span> <span class='ocrx_word' id='word_1_62' title='bbox 2329 727 2558 798; x_wconf 81' lang='grc' dir='ltr'>μέγιστα</span> <span class='ocrx_word' id='word_1_63' title='bbox 2611 727 3000 798; x_wconf 72' lang='grc' dir='ltr'><strong>ἡμαρτηκότας</strong></span> <span class='ocrx_word' id='word_1_64' title='bbox 3046 724 3106 778; x_wconf 78' lang='grc' dir='ltr'><strong>τὸ</strong></span> <span class='ocrx_word' id='word_1_65' title='bbox 3145 726 3573 796; x_wconf 79' lang='grc' dir='ltr'>συγγνωμονικὸν</span> <span class='ocrx_word' id='word_1_66' title='bbox 3609 725 3741 779; x_wconf 80' lang='grc' dir='ltr'>διδόν-</span> 
     </span>
    </p>
   </div>
   <div class='ocr_carea' id='block_1_11' title="bbox 547 815 2122 893">
    <p class='ocr_par' dir='ltr' id='par_1_11' title="bbox 547 820 2116 893">
     <span class='ocr_line' id='line_1_11' title="bbox 547 820 2116 893; baseline -0.004 -13"><span class='ocrx_word' id='word_1_67' title='bbox 547 825 743 881; x_wconf 90' lang='lat' dir='ltr'><strong>solent.</strong></span> <span class='ocrx_word' id='word_1_68' title='bbox 803 824 1023 890; x_wconf 65' lang='lat' dir='ltr'><strong>Quaeres</strong></span> <span class='ocrx_word' id='word_1_69' title='bbox 1071 823 1236 893; x_wconf 79' lang='lat' dir='ltr'><strong>igitur</strong></span> <span class='ocrx_word' id='word_1_70' title='bbox 1266 837 1445 877; x_wconf 86' lang='lat' dir='ltr'><strong>annon</strong></span> <span class='ocrx_word' id='word_1_71' title='bbox 1477 822 1657 892; x_wconf 86' lang='lat' dir='ltr'><strong>aliqua</strong></span> <span class='ocrx_word' id='word_1_72' title='bbox 1686 820 1830 877; x_wconf 85' lang='lat' dir='ltr'><strong>circa</strong></span> <span class='ocrx_word' id='word_1_73' title='bbox 1857 821 2005 879; x_wconf 84' lang='lat' dir='ltr'><strong>hunc</strong></span> <span class='ocrx_word' id='word_1_74' title='bbox 2033 821 2116 874; x_wconf 91' lang='lat' dir='ltr'><strong>Io-</strong></span> 
     </span>
    </p>
   </div>
   <div class='ocr_carea' id='block_1_12' title="bbox 2232 815 3742 893">
    <p class='ocr_par' dir='ltr' id='par_1_12' title="bbox 2232 815 3742 886">
     <span class='ocr_line' id='line_1_12' title="bbox 2232 815 3742 886; baseline -0.006 -13"><span class='ocrx_word' id='word_1_75' title='bbox 2232 836 2338 883; x_wconf 75' lang='grc' dir='ltr'>τας,</span> <span class='ocrx_word' id='word_1_76' title='bbox 2384 818 2478 871; x_wconf 75' lang='grc' dir='ltr'><strong>καὶ</strong></span> <span class='ocrx_word' id='word_1_77' title='bbox 2511 818 2639 882; x_wconf 73' lang='grc' dir='ltr'>τοὺς</span> <span class='ocrx_word' id='word_1_78' title='bbox 2678 818 2771 871; x_wconf 70' lang='grc' dir='ltr'><strong>ἐπὶ</strong></span> <span class='ocrx_word' id='word_1_79' title='bbox 2798 820 2911 881; x_wconf 86' lang='grc' dir='ltr'>τοῖς</span> <span class='ocrx_word' id='word_1_80' title='bbox 2945 816 3246 886; x_wconf 76' lang='grc' dir='ltr'><strong>ἐλαχίστοις</strong></span> <span class='ocrx_word' id='word_1_81' title='bbox 3277 815 3612 878; x_wconf 78' lang='grc' dir='ltr'><strong>διδάσκοντας</strong></span> <span class='ocrx_word' id='word_1_82' title='bbox 3631 815 3742 885; x_wconf 69' lang='grc' dir='ltr'>λογί-</span> 
     </span>
    </p>
   </div>
   <div class='ocr_carea' id='block_1_13' title="bbox 544 906 2122 985">
    <p class='ocr_par' dir='ltr' id='par_1_13' title="bbox 544 910 2117 985">
     <span class='ocr_line' id='line_1_13' title="bbox 544 910 2117 985; baseline -0.004 -14"><span class='ocrx_word' id='word_1_83' title='bbox 544 931 670 971; x_wconf 89' lang='lat' dir='ltr'><strong>cum</strong></span> <span class='ocrx_word' id='word_1_84' title='bbox 715 930 810 973; x_wconf 88' lang='lat' dir='ltr'><strong>eos</strong></span> <span class='ocrx_word' id='word_1_85' title='bbox 849 922 1131 985; x_wconf 71' lang='lat' dir='ltr'><strong>praetereat</strong></span> <span class='ocrx_word' id='word_1_86' title='bbox 1174 914 1514 978; x_wconf 76' lang='lat' dir='ltr'><strong>observatio,</strong></span> <span class='ocrx_word' id='word_1_87' title='bbox 1550 913 1643 985; x_wconf 92' lang='lat' dir='ltr'><strong>qui</strong></span> <span class='ocrx_word' id='word_1_88' title='bbox 1675 914 1740 969; x_wconf 90' lang='lat' dir='ltr'><strong>ad</strong></span> <span class='ocrx_word' id='word_1_89' title='bbox 1771 912 1927 967; x_wconf 78' lang='lat' dir='ltr'><strong>Verbi</strong></span> <span class='ocrx_word' id='word_1_90' title='bbox 1961 910 2117 966; x_wconf 90' lang='lat' dir='ltr'><strong>beni-</strong></span> 
     </span>
    </p>
   </div>
   <div class='ocr_carea' id='block_1_14' title="bbox 2232 906 3742 985">
    <p class='ocr_par' dir='ltr' id='par_1_14' title="bbox 2232 906 3742 980">
     <span class='ocr_line' id='line_1_14' title="bbox 2232 906 3742 980; baseline 0 -16"><span class='ocrx_word' id='word_1_91' title='bbox 2232 909 2408 976; x_wconf 69' lang='grc' dir='ltr'>ζεσθαι</span> <span class='ocrx_word' id='word_1_92' title='bbox 2454 909 2531 973; x_wconf 83' lang='grc' dir='ltr'>ὡς</span> <span class='ocrx_word' id='word_1_93' title='bbox 2558 910 2768 963; x_wconf 77' lang='grc' dir='ltr'>ὲθνικὸν</span> <span class='ocrx_word' id='word_1_94' title='bbox 2803 910 2896 963; x_wconf 79' lang='grc' dir='ltr'>καὶ</span> <span class='ocrx_word' id='word_1_95' title='bbox 2940 906 3201 979; x_wconf 82' lang='grc' dir='ltr'><strong>τελώνην,</strong></span> <span class='ocrx_word' id='word_1_96' title='bbox 3249 907 3339 961; x_wconf 80' lang='grc' dir='ltr'>τὸν</span> <span class='ocrx_word' id='word_1_97' title='bbox 3390 907 3528 979; x_wconf 85' lang='grc' dir='ltr'><strong>μετά</strong></span> <span class='ocrx_word' id='word_1_98' title='bbox 3561 910 3664 980; x_wconf 73' lang='grc' dir='ltr'>τρὶς</span> <span class='ocrx_word' id='word_1_99' title='bbox 3692 911 3742 964; x_wconf 70' lang='grc' dir='ltr'>τὰ</span> 
     </span>
    </p>
   </div>
   <div class='ocr_carea' id='block_1_15' title="bbox 546 999 2122 1079">
    <p class='ocr_par' dir='ltr' id='par_1_15' title="bbox 546 1002 2119 1079">
     <span class='ocr_line' id='line_1_15' title="bbox 546 1002 2119 1079; baseline -0.002 -18"><span class='ocrx_word' id='word_1_100' title='bbox 546 1007 807 1079; x_wconf 81' lang='lat' dir='ltr'><strong>gnitatem</strong></span> <span class='ocrx_word' id='word_1_101' title='bbox 855 1007 1193 1062; x_wconf 80' lang='lat' dir='ltr'><strong>attendentes</strong></span> <span class='ocrx_word' id='word_1_102' title='bbox 1225 1006 1280 1060; x_wconf 94' lang='lat' dir='ltr'><strong>in</strong></span> <span class='ocrx_word' id='word_1_103' title='bbox 1312 1005 1687 1061; x_wconf 82' lang='lat' dir='ltr'><strong>eondonandis</strong></span> <span class='ocrx_word' id='word_1_104' title='bbox 1731 1004 1985 1059; x_wconf 78' lang='lat' dir='ltr'><strong>maximis</strong></span> <span class='ocrx_word' id='word_1_105' title='bbox 2025 1002 2119 1058; x_wconf 86' lang='lat' dir='ltr'><strong>lla-</strong></span> 
     </span>
    </p>
   </div>
   <div class='ocr_carea' id='block_1_16' title="bbox 2232 999 3744 1079">
    <p class='ocr_par' dir='ltr' id='par_1_16' title="bbox 2232 999 3744 1074">
     <span class='ocr_line' id='line_1_16' title="bbox 2232 999 3744 1074; baseline 0 -19"><span class='ocrx_word' id='word_1_106' title='bbox 2232 1001 2527 1074; x_wconf 67' lang='grc' dir='ltr'>Βραχύτερα</span> <span class='ocrx_word' id='word_1_107' title='bbox 2552 1000 2908 1074; x_wconf 75' lang='grc' dir='ltr'><strong>ἡμαρτηκότα</strong></span> <span class='ocrx_word' id='word_1_108' title='bbox 2933 999 3214 1071; x_wconf 85' lang='grc' dir='ltr'>ἀλλότριον</span> <span class='ocrx_word' id='word_1_109' title='bbox 3245 999 3527 1064; x_wconf 73' lang='grc' dir='ltr'>ποιοῦντας</span> <span class='ocrx_word' id='word_1_110' title='bbox 3545 1000 3631 1071; x_wconf 80' lang='grc' dir='ltr'>τῆς</span> <span class='ocrx_word' id='word_1_111' title='bbox 3655 1001 3744 1055; x_wconf 80' lang='grc' dir='ltr'>Ἐκ-</span> 
     </span>
    </p>
   </div>
   <div class='ocr_carea' id='block_1_17' title="bbox 545 1092 2122 1172">
    <p class='ocr_par' dir='ltr' id='par_1_17' title="bbox 545 1094 2118 1172">
     <span class='ocr_line' id='line_1_17' title="bbox 545 1094 2118 1172; baseline -0.004 -17"><span class='ocrx_word' id='word_1_112' title='bbox 545 1101 873 1172; x_wconf 80' lang='lat' dir='ltr'><strong>gitiosorum</strong></span> <span class='ocrx_word' id='word_1_113' title='bbox 919 1099 1241 1156; x_wconf 87' lang='lat' dir='ltr'><strong>criminibus</strong></span> <span class='ocrx_word' id='word_1_114' title='bbox 1274 1098 1460 1154; x_wconf 81' lang='lat' dir='ltr'><strong>faciles</strong></span> <span class='ocrx_word' id='word_1_115' title='bbox 1493 1114 1552 1154; x_wconf 92' lang='lat' dir='ltr'><strong>se</strong></span> <span class='ocrx_word' id='word_1_116' title='bbox 1586 1094 1735 1163; x_wconf 90' lang='lat' dir='ltr'><strong>dant,</strong></span> <span class='ocrx_word' id='word_1_117' title='bbox 1785 1107 1839 1152; x_wconf 90' lang='lat' dir='ltr'><strong>ct</strong></span> <span class='ocrx_word' id='word_1_118' title='bbox 1868 1111 1963 1151; x_wconf 88' lang='lat' dir='ltr'><strong>eos</strong></span> <span class='ocrx_word' id='word_1_119' title='bbox 1991 1095 2118 1150; x_wconf 84' lang='lat' dir='ltr'><strong>item</strong></span> 
     </span>
    </p>
   </div>
   <div class='ocr_carea' id='block_1_18' title="bbox 2232 1092 3745 1172">
    <p class='ocr_par' dir='ltr' id='par_1_18' title="bbox 2232 1092 3745 1167">
     <span class='ocr_line' id='line_1_18' title="bbox 2232 1092 3745 1167; baseline -0.001 -18"><span class='ocrx_word' id='word_1_120' title='bbox 2232 1096 2449 1167; x_wconf 75' lang='grc' dir='ltr'>κλησίας</span> <span class='ocrx_word' id='word_1_121' title='bbox 2473 1114 2485 1127; x_wconf 92' lang='grc'><strong>·</strong></span> <span class='ocrx_word' id='word_1_122' title='bbox 2522 1096 2584 1151; x_wconf 77' lang='grc' dir='ltr'><strong>τὸ</strong></span> <span class='ocrx_word' id='word_1_123' title='bbox 2607 1096 2663 1149; x_wconf 86' lang='grc' dir='ltr'>δὲ</span> <span class='ocrx_word' id='word_1_124' title='bbox 2686 1095 2945 1150; x_wconf 79' lang='grc' dir='ltr'>λανθάνον</span> <span class='ocrx_word' id='word_1_125' title='bbox 2978 1094 3270 1164; x_wconf 80' lang='grc' dir='ltr'>ἑκατέρους</span> <span class='ocrx_word' id='word_1_126' title='bbox 3296 1092 3532 1148; x_wconf 78' lang='grc' dir='ltr'>τοιοῦτόν</span> <span class='ocrx_word' id='word_1_127' title='bbox 3555 1112 3633 1165; x_wconf 88' lang='grc' dir='ltr'><strong>μοι</strong></span> <span class='ocrx_word' id='word_1_128' title='bbox 3651 1096 3745 1164; x_wconf 75' lang='grc' dir='ltr'>φαί-</span> 
     </span>
    </p>
   </div>
   <div class='ocr_carea' id='block_1_19' title="bbox 544 1185 2122 1264">
    <p class='ocr_par' dir='ltr' id='par_1_19' title="bbox 544 1187 2117 1264">
     <span class='ocr_line' id='line_1_19' title="bbox 544 1187 2117 1264; baseline -0.006 -15"><span class='ocrx_word' id='word_1_129' title='bbox 544 1194 642 1264; x_wconf 89' lang='lat' dir='ltr'><strong>qui</strong></span> <span class='ocrx_word' id='word_1_130' title='bbox 669 1194 723 1248; x_wconf 94' lang='lat' dir='ltr'><strong>in</strong></span> <span class='ocrx_word' id='word_1_131' title='bbox 751 1192 993 1248; x_wconf 88' lang='lat' dir='ltr'><strong>minimis</strong></span> <span class='ocrx_word' id='word_1_132' title='bbox 1023 1207 1119 1263; x_wconf 89' lang='lat' dir='ltr'><strong>pro</strong></span> <span class='ocrx_word' id='word_1_133' title='bbox 1147 1190 1365 1247; x_wconf 90' lang='lat' dir='ltr'><strong>ethuieo</strong></span> <span class='ocrx_word' id='word_1_134' title='bbox 1397 1200 1451 1246; x_wconf 89' lang='lat' dir='ltr'><strong>et</strong></span> <span class='ocrx_word' id='word_1_135' title='bbox 1488 1190 1778 1261; x_wconf 84' lang='lat' dir='ltr'><strong>publicano</strong></span> <span class='ocrx_word' id='word_1_136' title='bbox 1809 1187 2117 1244; x_wconf 87' lang='lat' dir='ltr'><strong>habendum</strong></span> 
     </span>
    </p>
   </div>
   <div class='ocr_carea' id='block_1_20' title="bbox 2232 1185 3746 1264">
    <p class='ocr_par' dir='ltr' id='par_1_20' title="bbox 2232 1185 3746 1260">
     <span class='ocr_line' id='line_1_20' title="bbox 2232 1185 3746 1260; baseline -0.003 -18"><span class='ocrx_word' id='word_1_137' title='bbox 2232 1205 2370 1242; x_wconf 78' lang='grc' dir='ltr'>νεται</span> <span class='ocrx_word' id='word_1_138' title='bbox 2392 1206 2404 1218; x_wconf 91' lang='grc'><strong>·</strong></span> <span class='ocrx_word' id='word_1_139' title='bbox 2433 1188 2493 1241; x_wconf 93' lang='grc' dir='ltr'><strong>τό</strong></span> <span class='ocrx_word' id='word_1_140' title='bbox 2513 1204 2525 1218; x_wconf 77' lang='grc' dir='ltr'><strong>ο</strong></span> <span class='ocrx_word' id='word_1_141' title='bbox 2561 1208 2579 1239; x_wconf 80' lang='grc' dir='ltr'><strong>ι</strong></span> <span class='ocrx_word' id='word_1_142' title='bbox 2632 1187 2955 1260; x_wconf 77' lang='grc' dir='ltr'>Ἐκὲρδησας</span> <span class='ocrx_word' id='word_1_143' title='bbox 2999 1186 3091 1240; x_wconf 74' lang='grc' dir='ltr'>τὸν</span> <span class='ocrx_word' id='word_1_144' title='bbox 3124 1185 3353 1256; x_wconf 80' lang='grc' dir='ltr'>ἀδελφόν</span> <span class='ocrx_word' id='word_1_145' title='bbox 3380 1203 3494 1251; x_wconf 92' lang='grc' dir='ltr'>σου,</span> <span class='ocrx_word' id='word_1_146' title='bbox 3527 1206 3545 1239; x_wconf 76' lang='grc' dir='ltr'><strong>ι</strong></span> <span class='ocrx_word' id='word_1_147' title='bbox 3578 1185 3655 1239; x_wconf 71' lang='grc' dir='ltr'><strong>ἐπὶ</strong></span> <span class='ocrx_word' id='word_1_148' title='bbox 3678 1185 3746 1239; x_wconf 73' lang='grc' dir='ltr'>τοῦ</span> 
     </span>
    </p>
   </div>
   <div class='ocr_carea' id='block_1_21' title="bbox 545 1278 2122 1355">
    <p class='ocr_par' dir='ltr' id='par_1_21' title="bbox 545 1280 2117 1355">
     <span class='ocr_line' id='line_1_21' title="bbox 545 1280 2117 1355; baseline -0.004 -13"><span class='ocrx_word' id='word_1_149' title='bbox 545 1300 668 1343; x_wconf 89' lang='lat' dir='ltr'><strong>esse</strong></span> <span class='ocrx_word' id='word_1_150' title='bbox 691 1286 910 1353; x_wconf 90' lang='lat' dir='ltr'><strong>docent,</strong></span> <span class='ocrx_word' id='word_1_151' title='bbox 961 1295 1015 1342; x_wconf 91' lang='lat' dir='ltr'><strong>et</strong></span> <span class='ocrx_word' id='word_1_152' title='bbox 1046 1287 1113 1341; x_wconf 88' lang='lat' dir='ltr'><strong>ab</strong></span> <span class='ocrx_word' id='word_1_153' title='bbox 1141 1285 1383 1342; x_wconf 77' lang='lat' dir='ltr'><strong>Ecclesia</strong></span> <span class='ocrx_word' id='word_1_154' title='bbox 1427 1292 1711 1355; x_wconf 79' lang='lat' dir='ltr'><strong>segregant</strong></span> <span class='ocrx_word' id='word_1_155' title='bbox 1737 1282 1900 1337; x_wconf 91' lang='lat' dir='ltr'><strong>trium</strong></span> <span class='ocrx_word' id='word_1_156' title='bbox 1933 1280 2014 1335; x_wconf 85' lang='lat' dir='ltr'><strong>vel</strong></span> <span class='ocrx_word' id='word_1_157' title='bbox 2040 1280 2117 1335; x_wconf 91' lang='lat' dir='ltr'><strong>le-</strong></span> 
     </span>
    </p>
   </div>
   <div class='ocr_carea' id='block_1_22' title="bbox 2232 1278 3747 1355">
    <p class='ocr_par' dir='ltr' id='par_1_22' title="bbox 2232 1278 3747 1351">
     <span class='ocr_line' id='line_1_22' title="bbox 2232 1278 3747 1351; baseline -0.003 -16"><span class='ocrx_word' id='word_1_158' title='bbox 2232 1282 2385 1351; x_wconf 84' lang='grc' dir='ltr'>μόνου</span> <span class='ocrx_word' id='word_1_159' title='bbox 2414 1279 2744 1343; x_wconf 78' lang='grc' dir='ltr'>ἀκούσαντος</span> <span class='ocrx_word' id='word_1_160' title='bbox 2776 1279 2943 1345; x_wconf 78' lang='grc' dir='ltr'>τάξας</span> <span class='ocrx_word' id='word_1_161' title='bbox 2970 1283 2999 1335; x_wconf 87' lang='grc' dir='ltr'><strong>ό</strong></span> <span class='ocrx_word' id='word_1_162' title='bbox 3030 1280 3223 1350; x_wconf 83' lang='grc' dir='ltr'>Λόγος,</span> <span class='ocrx_word' id='word_1_163' title='bbox 3255 1279 3438 1333; x_wconf 80' lang='grc' dir='ltr'>οὐκέτι</span> <span class='ocrx_word' id='word_1_164' title='bbox 3458 1278 3581 1332; x_wconf 78' lang='grc' dir='ltr'>αὐτὸ</span> <span class='ocrx_word' id='word_1_165' title='bbox 3602 1278 3747 1348; x_wconf 56' lang='lat' dir='ltr'><strong>rem</strong></span> 
     </span>
    </p>
   </div>
   <div class='ocr_carea' id='block_1_23' title="bbox 546 1368 2118 1445">
    <p class='ocr_par' dir='ltr' id='par_1_23' title="bbox 546 1368 2118 1445">
     <span class='ocr_line' id='line_1_23' title="bbox 546 1368 2118 1445; baseline -0.004 -16"><span class='ocrx_word' id='word_1_166' title='bbox 546 1375 695 1430; x_wconf 91' lang='lat' dir='ltr'><strong>vium</strong></span> <span class='ocrx_word' id='word_1_167' title='bbox 731 1392 998 1432; x_wconf 78' lang='lat' dir='ltr'><strong>noxarum</strong></span> <span class='ocrx_word' id='word_1_168' title='bbox 1032 1391 1182 1431; x_wconf 89' lang='lat' dir='ltr'><strong>reum</strong></span> <span class='ocrx_word' id='word_1_169' title='bbox 1219 1394 1232 1429; x_wconf 90' lang='lat'><strong>:</strong></span> <span class='ocrx_word' id='word_1_170' title='bbox 1268 1374 1413 1445; x_wconf 90' lang='lat' dir='ltr'><strong>quod</strong></span> <span class='ocrx_word' id='word_1_171' title='bbox 1448 1383 1625 1428; x_wconf 89' lang='lat' dir='ltr'><strong>autem</strong></span> <span class='ocrx_word' id='word_1_172' title='bbox 1670 1381 1935 1442; x_wconf 89' lang='lat' dir='ltr'><strong>utrosque</strong></span> <span class='ocrx_word' id='word_1_173' title='bbox 1963 1368 2118 1440; x_wconf 82' lang='lat' dir='ltr'><strong>fugit,</strong></span> 
     </span>
    </p>
   </div>
   <div class='ocr_carea' id='block_1_24' title="bbox 547 1463 2117 1539">
    <p class='ocr_par' dir='ltr' id='par_1_24' title="bbox 547 1463 2117 1539">
     <span class='ocr_line' id='line_1_24' title="bbox 547 1463 2117 1539; baseline -0.004 -16"><span class='ocrx_word' id='word_1_174' title='bbox 547 1470 653 1525; x_wconf 82' lang='lat' dir='ltr'><strong>tale</strong></span> <span class='ocrx_word' id='word_1_175' title='bbox 703 1471 835 1525; x_wconf 92' lang='lat' dir='ltr'><strong>mihi</strong></span> <span class='ocrx_word' id='word_1_176' title='bbox 883 1469 1096 1524; x_wconf 88' lang='lat' dir='ltr'><strong>videtur</strong></span> <span class='ocrx_word' id='word_1_177' title='bbox 1141 1484 1289 1535; x_wconf 90' lang='lat' dir='ltr'><strong>esse;</strong></span> <span class='ocrx_word' id='word_1_178' title='bbox 1340 1477 1627 1539; x_wconf 83' lang='lat' dir='ltr'><strong>postquam</strong></span> <span class='ocrx_word' id='word_1_179' title='bbox 1673 1465 1835 1519; x_wconf 84' lang='lat' dir='ltr'><strong>verba</strong></span> <span class='ocrx_word' id='word_1_180' title='bbox 1882 1465 1994 1518; x_wconf 69' lang='lat' dir='ltr'><strong>haec</strong></span> <span class='ocrx_word' id='word_1_181' title='bbox 2021 1463 2066 1495; x_wconf 81' lang='lat'><strong>&#39;°</strong></span> <span class='ocrx_word' id='word_1_182' title='bbox 2103 1479 2117 1516; x_wconf 90' lang='lat'><strong>:</strong></span> 
     </span>
    </p>
   </div>
   <div class='ocr_carea' id='block_1_25' title="bbox 551 1550 2120 1625">
    <p class='ocr_par' dir='ltr' id='par_1_25' title="bbox 551 1550 2120 1625">
     <span class='ocr_line' id='line_1_25' title="bbox 551 1550 2120 1625; baseline -0.004 -11"><span class='ocrx_word' id='word_1_183' title='bbox 551 1580 573 1614; x_wconf 71' lang='grc' dir='ltr'><strong>ι</strong></span> <span class='ocrx_word' id='word_1_184' title='bbox 605 1560 872 1618; x_wconf 73' lang='lat' dir='ltr'><strong>Lucr-atus</strong></span> <span class='ocrx_word' id='word_1_185' title='bbox 898 1561 1006 1617; x_wconf 85' lang='lat' dir='ltr'><strong>eris</strong></span> <span class='ocrx_word' id='word_1_186' title='bbox 1030 1561 1248 1616; x_wconf 79' lang='lat' dir='ltr'><strong>fratrem</strong></span> <span class='ocrx_word' id='word_1_187' title='bbox 1275 1570 1451 1625; x_wconf 90' lang='lat' dir='ltr'><strong>tuum,</strong></span> <span class='ocrx_word' id='word_1_188' title='bbox 1479 1579 1498 1611; x_wconf 73' lang='grc' dir='ltr'><strong>ι</strong></span> <span class='ocrx_word' id='word_1_189' title='bbox 1524 1558 1591 1613; x_wconf 89' lang='lat' dir='ltr'><strong>ad</strong></span> <span class='ocrx_word' id='word_1_190' title='bbox 1618 1573 1740 1613; x_wconf 92' lang='lat' dir='ltr'><strong>eum</strong></span> <span class='ocrx_word' id='word_1_191' title='bbox 1772 1550 2120 1611; x_wconf 89' lang='lat' dir='ltr'><strong>solummodo</strong></span> 
     </span>
    </p>
   </div>
   <div class='ocr_carea' id='block_1_26' title="bbox 545 1642 2122 1726">
    <p class='ocr_par' dir='ltr' id='par_1_26' title="bbox 545 1647 2118 1726">
     <span class='ocr_line' id='line_1_26' title="bbox 545 1647 2118 1726; baseline -0.007 -16"><span class='ocrx_word' id='word_1_192' title='bbox 545 1654 643 1725; x_wconf 88' lang='lat' dir='ltr'><strong>qui</strong></span> <span class='ocrx_word' id='word_1_193' title='bbox 673 1654 1069 1726; x_wconf 84' lang='lat' dir='ltr'><strong>obtemperavit</strong></span> <span class='ocrx_word' id='word_1_194' title='bbox 1098 1653 1365 1724; x_wconf 86' lang='lat' dir='ltr'><strong>pertinere</strong></span> <span class='ocrx_word' id='word_1_195' title='bbox 1398 1650 1693 1707; x_wconf 87' lang='lat' dir='ltr'><strong>declaravit</strong></span> <span class='ocrx_word' id='word_1_196' title='bbox 1724 1647 1983 1714; x_wconf 83' lang='lat' dir='ltr'><strong>Verbum,</strong></span> <span class='ocrx_word' id='word_1_197' title='bbox 2012 1661 2118 1700; x_wconf 92' lang='lat' dir='ltr'><strong>non</strong></span> 
     </span>
    </p>
   </div>
   <div class='ocr_carea' id='block_1_27' title="bbox 2232 1642 3751 1726">
    <p class='ocr_par' dir='ltr' id='par_1_27' title="bbox 2232 1642 3751 1720">
     <span class='ocr_line' id='line_1_27' title="bbox 2232 1642 3751 1720; baseline -0.002 -19"><span class='ocrx_word' id='word_1_198' title='bbox 2232 1646 2316 1701; x_wconf 75' lang='grc' dir='ltr'>τοῦ</span> <span class='ocrx_word' id='word_1_199' title='bbox 2354 1647 2603 1720; x_wconf 85' lang='grc' dir='ltr'>δεύτερον</span> <span class='ocrx_word' id='word_1_200' title='bbox 2638 1647 2670 1719; x_wconf 84' lang='grc' dir='ltr'>ἢ</span> <span class='ocrx_word' id='word_1_201' title='bbox 2712 1648 2893 1719; x_wconf 92' lang='grc' dir='ltr'>τρίτον</span> <span class='ocrx_word' id='word_1_202' title='bbox 2927 1648 3291 1719; x_wconf 77' lang='grc' dir='ltr'>ἐλεγχθέντος.</span> <span class='ocrx_word' id='word_1_203' title='bbox 3345 1649 3419 1700; x_wconf 82' lang='grc' dir='ltr'>Ού</span> <span class='ocrx_word' id='word_1_204' title='bbox 3450 1649 3646 1710; x_wconf 72' lang='grc' dir='ltr'>πάντως</span> <span class='ocrx_word' id='word_1_205' title='bbox 3684 1642 3751 1699; x_wconf 78' lang='grc' dir='ltr'>οὖν</span> 
     </span>
    </p>
   </div>
   <div class='ocr_carea' id='block_1_28' title="bbox 546 1739 2122 1819">
    <p class='ocr_par' dir='ltr' id='par_1_28' title="bbox 546 1743 2121 1819">
     <span class='ocr_line' id='line_1_28' title="bbox 546 1743 2121 1819; baseline -0.009 -11"><span class='ocrx_word' id='word_1_206' title='bbox 546 1749 693 1809; x_wconf 86' lang='lat' dir='ltr'><strong>idem</strong></span> <span class='ocrx_word' id='word_1_207' title='bbox 728 1764 827 1819; x_wconf 86' lang='lat' dir='ltr'><strong>pro</strong></span> <span class='ocrx_word' id='word_1_208' title='bbox 860 1763 925 1804; x_wconf 83' lang='lat' dir='ltr'><strong>eo</strong></span> <span class='ocrx_word' id='word_1_209' title='bbox 956 1747 1191 1817; x_wconf 91' lang='lat' dir='ltr'><strong>amplius</strong></span> <span class='ocrx_word' id='word_1_210' title='bbox 1233 1745 1448 1816; x_wconf 85' lang='lat' dir='ltr'><strong>repetiit</strong></span> <span class='ocrx_word' id='word_1_211' title='bbox 1499 1744 1592 1816; x_wconf 93' lang='lat' dir='ltr'><strong>qui</strong></span> <span class='ocrx_word' id='word_1_212' title='bbox 1643 1743 1725 1798; x_wconf 88' lang='lat' dir='ltr'><strong>bis</strong></span> <span class='ocrx_word' id='word_1_213' title='bbox 1756 1751 1902 1798; x_wconf 86' lang='lat' dir='ltr'><strong>terve</strong></span> <span class='ocrx_word' id='word_1_214' title='bbox 1931 1755 2121 1812; x_wconf 85' lang='lat' dir='ltr'><strong>pecca-</strong></span> 
     </span>
    </p>
   </div>
   <div class='ocr_carea' id='block_1_29' title="bbox 2232 1739 3754 1819">
    <p class='ocr_par' dir='ltr' id='par_1_29' title="bbox 2232 1739 3754 1814">
     <span class='ocr_line' id='line_1_29' title="bbox 2232 1739 3754 1814; baseline -0.003 -19"><span class='ocrx_word' id='word_1_215' title='bbox 2232 1742 2562 1814; x_wconf 72' lang='grc' dir='ltr'>κερδαίνεται</span> <span class='ocrx_word' id='word_1_216' title='bbox 2592 1740 2711 1794; x_wconf 74' lang='grc' dir='ltr'>οὐδὲ</span> <span class='ocrx_word' id='word_1_217' title='bbox 2747 1740 2963 1805; x_wconf 82' lang='grc' dir='ltr'>πάντως</span> <span class='ocrx_word' id='word_1_218' title='bbox 2988 1740 3289 1805; x_wconf 85' lang='grc' dir='ltr'>ἀπολεῖται,</span> <span class='ocrx_word' id='word_1_219' title='bbox 3323 1741 3358 1812; x_wconf 78' lang='grc' dir='ltr'>ἦ</span> <span class='ocrx_word' id='word_1_220' title='bbox 3407 1740 3609 1812; x_wconf 81' lang='grc' dir='ltr'>πληγὰς</span> <span class='ocrx_word' id='word_1_221' title='bbox 3629 1739 3754 1809; x_wconf 66' lang='grc' dir='ltr'>λήψε-</span> 
     </span>
    </p>
   </div>
   <div class='ocr_carea' id='block_1_30' title="bbox 546 1816 2122 1912">
    <p class='ocr_par' dir='ltr' id='par_1_30' title="bbox 546 1816 2122 1912">
     <span class='ocr_line' id='line_1_30' title="bbox 546 1816 2122 1912; baseline -0.005 -17"><span class='ocrx_word' id='word_1_222' title='bbox 546 1843 707 1904; x_wconf 88' lang='lat' dir='ltr'><strong>verit.</strong></span> <span class='ocrx_word' id='word_1_223' title='bbox 730 1816 795 1895; x_wconf 26' lang='lat' dir='ltr'><strong>iet</strong></span> <span class='ocrx_word' id='word_1_224' title='bbox 829 1840 922 1912; x_wconf 88' lang='lat' dir='ltr'><strong>qui</strong></span> <span class='ocrx_word' id='word_1_225' title='bbox 950 1816 1269 1911; x_wconf 76' lang='lat' dir='ltr'><strong>obiurgatus</strong></span> <span class='ocrx_word' id='word_1_226' title='bbox 1298 1836 1477 1903; x_wconf 86' lang='lat' dir='ltr'><strong>fuerit,</strong></span> <span class='ocrx_word' id='word_1_227' title='bbox 1529 1836 1622 1891; x_wconf 90' lang='lat' dir='ltr'><strong>sed</strong></span> <span class='ocrx_word' id='word_1_228' title='bbox 1651 1835 1795 1906; x_wconf 89' lang='lat' dir='ltr'><strong>quod</strong></span> <span class='ocrx_word' id='word_1_229' title='bbox 1824 1834 1909 1888; x_wconf 92' lang='lat' dir='ltr'><strong>his</strong></span> <span class='ocrx_word' id='word_1_230' title='bbox 1944 1832 2122 1887; x_wconf 88' lang='lat' dir='ltr'><strong>verbis</strong></span> 
     </span>
    </p>
   </div>
   <div class='ocr_carea' id='block_1_31' title="bbox 2232 1816 3751 1912">
    <p class='ocr_par' dir='ltr' id='par_1_31' title="bbox 2232 1833 3751 1908">
     <span class='ocr_line' id='line_1_31' title="bbox 2232 1833 3751 1908; baseline -0.001 -20"><span class='ocrx_word' id='word_1_231' title='bbox 2232 1852 2334 1889; x_wconf 84' lang='grc' dir='ltr'>ται.</span> <span class='ocrx_word' id='word_1_232' title='bbox 2380 1836 2486 1889; x_wconf 71' lang='grc' dir='ltr'><strong>Καὶ</strong></span> <span class='ocrx_word' id='word_1_233' title='bbox 2524 1836 2759 1907; x_wconf 82' lang='grc' dir='ltr'>πρόσχες</span> <span class='ocrx_word' id='word_1_234' title='bbox 2787 1835 3061 1907; x_wconf 78' lang='grc' dir='ltr'><strong>ἐπιμελῶς</strong></span> <span class='ocrx_word' id='word_1_235' title='bbox 3091 1836 3169 1908; x_wconf 79' lang='grc' dir='ltr'><strong>τῷ</strong></span> <span class='ocrx_word' id='word_1_236' title='bbox 3202 1834 3406 1907; x_wconf 81' lang='grc' dir='ltr'>πρώτῳ</span> <span class='ocrx_word' id='word_1_237' title='bbox 3438 1836 3531 1906; x_wconf 82' lang='grc' dir='ltr'>μὲν</span> <span class='ocrx_word' id='word_1_238' title='bbox 3554 1833 3751 1902; x_wconf 76' lang='grc' dir='ltr'>λέγοντιο</span> 
     </span>
    </p>
   </div>
   <div class='ocr_carea' id='block_1_32' title="bbox 546 1924 2122 2002">
    <p class='ocr_par' dir='ltr' id='par_1_32' title="bbox 546 1924 2122 2002">
     <span class='ocr_line' id='line_1_32' title="bbox 546 1924 2122 2002; baseline -0.005 -15"><span class='ocrx_word' id='word_1_239' title='bbox 546 1931 839 2002; x_wconf 82' lang='lat' dir='ltr'><strong>respondet</strong></span> <span class='ocrx_word' id='word_1_240' title='bbox 872 1950 885 1986; x_wconf 90' lang='lat'><strong>:</strong></span> <span class='ocrx_word' id='word_1_241' title='bbox 925 1951 941 1980; x_wconf 78' lang='grc' dir='ltr'><strong>ι</strong></span> <span class='ocrx_word' id='word_1_242' title='bbox 978 1929 1246 1986; x_wconf 86' lang='lat' dir='ltr'><strong>Lucratus</strong></span> <span class='ocrx_word' id='word_1_243' title='bbox 1288 1929 1399 1985; x_wconf 88' lang='lat' dir='ltr'><strong>eris</strong></span> <span class='ocrx_word' id='word_1_244' title='bbox 1428 1928 1651 1983; x_wconf 80' lang='lat' dir='ltr'><strong>fratrem</strong></span> <span class='ocrx_word' id='word_1_245' title='bbox 1692 1936 1879 1993; x_wconf 88' lang='lat' dir='ltr'><strong>tuum,</strong></span> <span class='ocrx_word' id='word_1_246' title='bbox 1912 1944 1930 1976; x_wconf 73' lang='grc' dir='ltr'><strong>ι</strong></span> <span class='ocrx_word' id='word_1_247' title='bbox 1968 1924 2122 1997; x_wconf 85' lang='lat' dir='ltr'><strong>quasi</strong></span> 
     </span>
    </p>
   </div>
   <div class='ocr_carea' id='block_1_33' title="bbox 2232 1924 3753 2002">
    <p class='ocr_par' dir='ltr' id='par_1_33' title="bbox 2233 1927 3753 2000">
     <span class='ocr_line' id='line_1_33' title="bbox 2233 1927 3753 2000; baseline -0.002 -22"><span class='ocrx_word' id='word_1_248' title='bbox 2233 1946 2250 1978; x_wconf 75' lang='grc' dir='ltr'><strong>ι</strong></span> <span class='ocrx_word' id='word_1_249' title='bbox 2292 1929 2417 1982; x_wconf 81' lang='grc' dir='ltr'><strong>Ἐάν</strong></span> <span class='ocrx_word' id='word_1_250' title='bbox 2466 1946 2558 1982; x_wconf 90' lang='grc' dir='ltr'><strong>σου</strong></span> <span class='ocrx_word' id='word_1_251' title='bbox 2597 1928 2826 1999; x_wconf 89' lang='grc' dir='ltr'>ἀκούσῃ,</span> <span class='ocrx_word' id='word_1_252' title='bbox 2864 1929 3163 2000; x_wconf 80' lang='grc' dir='ltr'>ἐκέρδησας</span> <span class='ocrx_word' id='word_1_253' title='bbox 3204 1928 3296 1983; x_wconf 79' lang='grc' dir='ltr'>τὸν</span> <span class='ocrx_word' id='word_1_254' title='bbox 3342 1927 3561 1997; x_wconf 76' lang='grc' dir='ltr'>ἀδελφόν</span> <span class='ocrx_word' id='word_1_255' title='bbox 3599 1942 3704 1979; x_wconf 76' lang='grc' dir='ltr'>σουο</span> <span class='ocrx_word' id='word_1_256' title='bbox 3739 1944 3753 1975; x_wconf 68' lang='grc' dir='ltr'><strong>ι</strong></span> 
     </span>
    </p>
   </div>
   <div class='ocr_carea' id='block_1_34' title="bbox 547 2016 2122 2096">
    <p class='ocr_par' dir='ltr' id='par_1_34' title="bbox 547 2018 2122 2096">
     <span class='ocr_line' id='line_1_34' title="bbox 547 2018 2122 2096; baseline -0.006 -16"><span class='ocrx_word' id='word_1_257' title='bbox 547 2040 874 2096; x_wconf 84' lang='lat' dir='ltr'><strong>suspensum</strong></span> <span class='ocrx_word' id='word_1_258' title='bbox 914 2024 1150 2095; x_wconf 81' lang='lat' dir='ltr'><strong>reliquit,</strong></span> <span class='ocrx_word' id='word_1_259' title='bbox 1206 2021 1463 2093; x_wconf 88' lang='lat' dir='ltr'><strong>quodque</strong></span> <span class='ocrx_word' id='word_1_260' title='bbox 1505 2020 1572 2076; x_wconf 93' lang='lat' dir='ltr'><strong>de</strong></span> <span class='ocrx_word' id='word_1_261' title='bbox 1611 2036 1676 2076; x_wconf 92' lang='lat' dir='ltr'><strong>eo</strong></span> <span class='ocrx_word' id='word_1_262' title='bbox 1719 2018 1812 2089; x_wconf 89' lang='lat' dir='ltr'><strong>qui</strong></span> <span class='ocrx_word' id='word_1_263' title='bbox 1864 2018 1949 2073; x_wconf 90' lang='lat' dir='ltr'><strong>bis</strong></span> <span class='ocrx_word' id='word_1_264' title='bbox 1980 2027 2122 2072; x_wconf 85' lang='lat' dir='ltr'><strong>terve</strong></span> 
     </span>
    </p>
   </div>
   <div class='ocr_carea' id='block_1_35' title="bbox 2232 2016 3756 2096">
    <p class='ocr_par' dir='ltr' id='par_1_35' title="bbox 2232 2016 3756 2092">
     <span class='ocr_line' id='line_1_35' title="bbox 2232 2016 3756 2092; baseline -0.003 -18"><span class='ocrx_word' id='word_1_265' title='bbox 2232 2020 2304 2092; x_wconf 79' lang='grc' dir='ltr'>τῷ</span> <span class='ocrx_word' id='word_1_266' title='bbox 2331 2020 2386 2073; x_wconf 81' lang='grc' dir='ltr'>δὲ</span> <span class='ocrx_word' id='word_1_267' title='bbox 2412 2020 2649 2092; x_wconf 84' lang='grc' dir='ltr'>δευτέρῳ</span> <span class='ocrx_word' id='word_1_268' title='bbox 2671 2020 2812 2075; x_wconf 85' lang='grc' dir='ltr'><strong>κατά</strong></span> <span class='ocrx_word' id='word_1_269' title='bbox 2834 2020 2932 2091; x_wconf 80' lang='grc' dir='ltr'>τὴν</span> <span class='ocrx_word' id='word_1_270' title='bbox 2956 2020 3098 2086; x_wconf 78' lang='grc' dir='ltr'>λέξιν</span> <span class='ocrx_word' id='word_1_271' title='bbox 3126 2021 3276 2092; x_wconf 85' lang='grc' dir='ltr'>τόπῳ</span> <span class='ocrx_word' id='word_1_272' title='bbox 3312 2022 3600 2091; x_wconf 73' lang='grc' dir='ltr'>φάσκοντι·</span> <span class='ocrx_word' id='word_1_273' title='bbox 3631 2016 3756 2071; x_wconf 74' lang='grc' dir='ltr'><strong>(Ἐὰν</strong></span> 
     </span>
    </p>
   </div>
   <div class='ocr_carea' id='block_1_36' title="bbox 546 2110 2122 2186">
    <p class='ocr_par' dir='ltr' id='par_1_36' title="bbox 546 2110 2122 2186">
     <span class='ocr_line' id='line_1_36' title="bbox 546 2110 2122 2186; baseline -0.006 -14"><span class='ocrx_word' id='word_1_274' title='bbox 546 2116 716 2172; x_wconf 87' lang='lat' dir='ltr'><strong>fuerit</strong></span> <span class='ocrx_word' id='word_1_275' title='bbox 747 2116 1086 2186; x_wconf 75' lang='lat' dir='ltr'><strong>obiurgatus,</strong></span> <span class='ocrx_word' id='word_1_276' title='bbox 1112 2114 1401 2169; x_wconf 86' lang='lat' dir='ltr'><strong>dicendum</strong></span> <span class='ocrx_word' id='word_1_277' title='bbox 1430 2122 1565 2168; x_wconf 88' lang='lat' dir='ltr'><strong>erat.</strong></span> <span class='ocrx_word' id='word_1_278' title='bbox 1602 2110 1721 2167; x_wconf 88' lang='lat' dir='ltr'><strong>Non</strong></span> <span class='ocrx_word' id='word_1_279' title='bbox 1748 2111 1971 2165; x_wconf 90' lang='lat' dir='ltr'><strong>omnino</strong></span> <span class='ocrx_word' id='word_1_280' title='bbox 1996 2123 2122 2180; x_wconf 85' lang='lat' dir='ltr'><strong>ergo</strong></span> 
     </span>
    </p>
   </div>
   <div class='ocr_carea' id='block_1_37' title="bbox 2232 2110 3759 2186">
    <p class='ocr_par' dir='ltr' id='par_1_37' title="bbox 2232 2110 3759 2186">
     <span class='ocr_line' id='line_1_37' title="bbox 2232 2110 3759 2186; baseline -0.004 -18"><span class='ocrx_word' id='word_1_281' title='bbox 2232 2115 2281 2169; x_wconf 81' lang='grc' dir='ltr'>δὲ</span> <span class='ocrx_word' id='word_1_282' title='bbox 2321 2112 2394 2185; x_wconf 83' lang='grc' dir='ltr'>μὴ</span> <span class='ocrx_word' id='word_1_283' title='bbox 2423 2112 2653 2186; x_wconf 89' lang='grc' dir='ltr'>ἀκούσῃ,</span> <span class='ocrx_word' id='word_1_284' title='bbox 2682 2112 2967 2181; x_wconf 73' lang='grc' dir='ltr'>παράλαϐε</span> <span class='ocrx_word' id='word_1_285' title='bbox 2994 2112 3133 2185; x_wconf 87' lang='grc' dir='ltr'><strong>μετά</strong></span> <span class='ocrx_word' id='word_1_286' title='bbox 3165 2112 3394 2167; x_wconf 81' lang='grc' dir='ltr'>σεαυτοῦ</span> <span class='ocrx_word' id='word_1_287' title='bbox 3420 2113 3514 2165; x_wconf 70' lang='grc' dir='ltr'><strong>¹ἐντι.</strong></span> <span class='ocrx_word' id='word_1_288' title='bbox 3535 2112 3566 2183; x_wconf 75' lang='grc' dir='ltr'>ἢ</span> <span class='ocrx_word' id='word_1_289' title='bbox 3585 2110 3680 2172; x_wconf 85' lang='grc' dir='ltr'>δύο,</span> <span class='ocrx_word' id='word_1_290' title='bbox 3695 2110 3759 2163; x_wconf 73' lang='grc' dir='ltr'><strong>ἴνα</strong></span> 
     </span>
    </p>
   </div>
   <div class='ocr_carea' id='block_1_38' title="bbox 547 2201 2122 2279">
    <p class='ocr_par' dir='ltr' id='par_1_38' title="bbox 547 2201 2117 2275">
     <span class='ocr_line' id='line_1_38' title="bbox 547 2201 2117 2275; baseline -0.003 -15"><span class='ocrx_word' id='word_1_291' title='bbox 547 2206 784 2273; x_wconf 84' lang='lat' dir='ltr'><strong>lucrifit,</strong></span> <span class='ocrx_word' id='word_1_292' title='bbox 835 2221 1009 2275; x_wconf 86' lang='lat' dir='ltr'><strong>neque</strong></span> <span class='ocrx_word' id='word_1_293' title='bbox 1044 2205 1267 2260; x_wconf 92' lang='lat' dir='ltr'><strong>omnino</strong></span> <span class='ocrx_word' id='word_1_294' title='bbox 1312 2202 1528 2275; x_wconf 88' lang='lat' dir='ltr'><strong>peribit,</strong></span> <span class='ocrx_word' id='word_1_295' title='bbox 1572 2202 1811 2275; x_wconf 78' lang='lat' dir='ltr'><strong>plagisve</strong></span> <span class='ocrx_word' id='word_1_296' title='bbox 1840 2201 2117 2272; x_wconf 91' lang='lat' dir='ltr'><strong>plectetur.</strong></span> 
     </span>
    </p>
   </div>
   <div class='ocr_carea' id='block_1_39' title="bbox 2232 2201 3758 2279">
    <p class='ocr_par' dir='ltr' id='par_1_39' title="bbox 2232 2204 3758 2279">
     <span class='ocr_line' id='line_1_39' title="bbox 2232 2204 3758 2279; baseline -0.004 -17"><span class='ocrx_word' id='word_1_297' title='bbox 2232 2207 2322 2263; x_wconf 74' lang='grc' dir='ltr'><strong>ἐπὶ</strong></span> <span class='ocrx_word' id='word_1_298' title='bbox 2351 2206 2616 2277; x_wconf 81' lang='grc' dir='ltr'>στόματος</span> <span class='ocrx_word' id='word_1_299' title='bbox 2646 2204 2739 2257; x_wconf 88' lang='grc' dir='ltr'><strong>δύο</strong></span> <span class='ocrx_word' id='word_1_300' title='bbox 2768 2205 2800 2277; x_wconf 82' lang='grc' dir='ltr'>ἢ</span> <span class='ocrx_word' id='word_1_301' title='bbox 2833 2205 2999 2277; x_wconf 82' lang='grc' dir='ltr'>τριῶν</span> <span class='ocrx_word' id='word_1_302' title='bbox 3029 2205 3323 2279; x_wconf 86' lang='grc' dir='ltr'>μαρτύρων</span> <span class='ocrx_word' id='word_1_303' title='bbox 3356 2205 3660 2277; x_wconf 81' lang='grc' dir='ltr'>σταθήσεται</span> <span class='ocrx_word' id='word_1_304' title='bbox 3678 2204 3758 2256; x_wconf 72' lang='grc' dir='ltr'><strong>πᾶν</strong></span> 
     </span>
    </p>
   </div>
   <div class='ocr_carea' id='block_1_40' title="bbox 549 2293 2122 2371">
    <p class='ocr_par' dir='ltr' id='par_1_40' title="bbox 549 2296 2122 2371">
     <span class='ocr_line' id='line_1_40' title="bbox 549 2296 2122 2371; baseline -0.003 -16"><span class='ocrx_word' id='word_1_305' title='bbox 549 2298 859 2367; x_wconf 86' lang='lat' dir='ltr'><strong>Quinetiam</strong></span> <span class='ocrx_word' id='word_1_306' title='bbox 886 2299 1124 2369; x_wconf 87' lang='lat' dir='ltr'><strong>priorem</strong></span> <span class='ocrx_word' id='word_1_307' title='bbox 1151 2296 1330 2353; x_wconf 91' lang='lat' dir='ltr'><strong>locum</strong></span> <span class='ocrx_word' id='word_1_308' title='bbox 1359 2296 1646 2371; x_wconf 78' lang='lat' dir='ltr'><strong>diligenter</strong></span> <span class='ocrx_word' id='word_1_309' title='bbox 1676 2296 2003 2360; x_wconf 85' lang='lat' dir='ltr'><strong>considera,’</strong></span> <span class='ocrx_word' id='word_1_310' title='bbox 2030 2296 2122 2366; x_wconf 87' lang='lat' dir='ltr'><strong>qui</strong></span> 
     </span>
    </p>
   </div>
   <div class='ocr_carea' id='block_1_41' title="bbox 2232 2293 3759 2371">
    <p class='ocr_par' dir='ltr' id='par_1_41' title="bbox 2232 2293 3759 2371">
     <span class='ocr_line' id='line_1_41' title="bbox 2232 2293 3759 2371; baseline -0.005 -16"><span class='ocrx_word' id='word_1_311' title='bbox 2232 2299 2382 2371; x_wconf 76' lang='grc' dir='ltr'>ῥῆμα</span> <span class='ocrx_word' id='word_1_312' title='bbox 2412 2297 2542 2369; x_wconf 65' lang='grc'><strong>(84).</strong></span> <span class='ocrx_word' id='word_1_313' title='bbox 2590 2317 2609 2351; x_wconf 70' lang='grc' dir='ltr'><strong>ι</strong></span> <span class='ocrx_word' id='word_1_314' title='bbox 2648 2298 2713 2351; x_wconf 91' lang='grc' dir='ltr'>Τί</span> <span class='ocrx_word' id='word_1_315' title='bbox 2736 2293 2829 2352; x_wconf 69' lang='grc' dir='ltr'>οὖν</span> <span class='ocrx_word' id='word_1_316' title='bbox 2858 2297 2997 2369; x_wconf 85' lang='grc' dir='ltr'>μετὰ</span> <span class='ocrx_word' id='word_1_317' title='bbox 3029 2300 3091 2351; x_wconf 83' lang='grc' dir='ltr'>τὸ</span> <span class='ocrx_word' id='word_1_318' title='bbox 3118 2298 3383 2368; x_wconf 80' lang='grc' dir='ltr'>σταθῆναι</span> <span class='ocrx_word' id='word_1_319' title='bbox 3417 2299 3519 2351; x_wconf 73' lang='grc' dir='ltr'>πᾶν</span> <span class='ocrx_word' id='word_1_320' title='bbox 3548 2297 3676 2369; x_wconf 77' lang='grc' dir='ltr'>ῥῆμα</span> <span class='ocrx_word' id='word_1_321' title='bbox 3693 2296 3759 2348; x_wconf 72' lang='grc' dir='ltr'><strong>ἐπὶ</strong></span> 
     </span>
    </p>
   </div>
   <div class='ocr_carea' id='block_1_42' title="bbox 548 2386 2122 2461">
    <p class='ocr_par' dir='ltr' id='par_1_42' title="bbox 548 2386 2122 2453">
     <span class='ocr_line' id='line_1_42' title="bbox 548 2386 2122 2453; baseline -0.004 -4"><span class='ocrx_word' id='word_1_322' title='bbox 548 2392 678 2449; x_wconf 73' lang='lat' dir='ltr'><strong>talis</strong></span> <span class='ocrx_word' id='word_1_323' title='bbox 716 2400 800 2447; x_wconf 89' lang='lat' dir='ltr'><strong>est</strong></span> <span class='ocrx_word' id='word_1_324' title='bbox 848 2409 861 2445; x_wconf 93' lang='lat'>:</span> <span class='ocrx_word' id='word_1_325' title='bbox 911 2409 929 2440; x_wconf 76' lang='grc' dir='ltr'><strong>ι</strong></span> <span class='ocrx_word' id='word_1_326' title='bbox 978 2389 1034 2443; x_wconf 93' lang='lat' dir='ltr'><strong>Si</strong></span> <span class='ocrx_word' id='word_1_327' title='bbox 1084 2398 1137 2444; x_wconf 91' lang='lat' dir='ltr'><strong>te</strong></span> <span class='ocrx_word' id='word_1_328' title='bbox 1184 2388 1452 2453; x_wconf 89' lang='lat' dir='ltr'><strong>audierit,</strong></span> <span class='ocrx_word' id='word_1_329' title='bbox 1501 2388 1747 2443; x_wconf 89' lang='lat' dir='ltr'><strong>lucratus</strong></span> <span class='ocrx_word' id='word_1_330' title='bbox 1798 2403 1857 2442; x_wconf 92' lang='lat' dir='ltr'><strong>es</strong></span> <span class='ocrx_word' id='word_1_331' title='bbox 1902 2386 2122 2443; x_wconf 83' lang='lat' dir='ltr'><strong>fratrem</strong></span> 
     </span>
    </p>
   </div>
   <div class='ocr_carea' id='block_1_43' title="bbox 2232 2386 3760 2461">
    <p class='ocr_par' dir='ltr' id='par_1_43' title="bbox 2232 2386 3760 2461">
     <span class='ocr_line' id='line_1_43' title="bbox 2232 2386 3760 2461; baseline -0.003 -19"><span class='ocrx_word' id='word_1_332' title='bbox 2232 2389 2319 2443; x_wconf 84' lang='grc' dir='ltr'><strong>δύο</strong></span> <span class='ocrx_word' id='word_1_333' title='bbox 2349 2390 2382 2460; x_wconf 84' lang='grc' dir='ltr'>ἢ</span> <span class='ocrx_word' id='word_1_334' title='bbox 2425 2388 2591 2460; x_wconf 82' lang='grc' dir='ltr'>τριῶν</span> <span class='ocrx_word' id='word_1_335' title='bbox 2639 2389 2933 2461; x_wconf 84' lang='grc' dir='ltr'>μαρτύρων</span> <span class='ocrx_word' id='word_1_336' title='bbox 2963 2388 3113 2443; x_wconf 81' lang='grc' dir='ltr'>ἔσται</span> <span class='ocrx_word' id='word_1_337' title='bbox 3147 2387 3223 2460; x_wconf 82' lang='grc' dir='ltr'>τῷ</span> <span class='ocrx_word' id='word_1_338' title='bbox 3259 2388 3510 2461; x_wconf 80' lang='grc' dir='ltr'>δεύτερον</span> <span class='ocrx_word' id='word_1_339' title='bbox 3554 2386 3760 2455; x_wconf 74' lang='grc' dir='ltr'>νουθετη-</span> 
     </span>
    </p>
   </div>
   <div class='ocr_carea' id='block_1_44' title="bbox 550 2478 2122 2552">
    <p class='ocr_par' dir='ltr' id='par_1_44' title="bbox 550 2480 2122 2550">
     <span class='ocr_line' id='line_1_44' title="bbox 550 2480 2122 2550; baseline -0.001 -14"><span class='ocrx_word' id='word_1_340' title='bbox 550 2490 741 2549; x_wconf 88' lang='lat' dir='ltr'><strong>tuum;</strong></span> <span class='ocrx_word' id='word_1_341' title='bbox 776 2500 794 2534; x_wconf 76' lang='grc' dir='ltr'><strong>ι</strong></span> <span class='ocrx_word' id='word_1_342' title='bbox 845 2488 898 2535; x_wconf 87' lang='lat' dir='ltr'><strong>et</strong></span> <span class='ocrx_word' id='word_1_343' title='bbox 947 2483 1175 2535; x_wconf 91' lang='lat' dir='ltr'><strong>alterum</strong></span> <span class='ocrx_word' id='word_1_344' title='bbox 1214 2480 1505 2549; x_wconf 70' lang='lat' dir='ltr'><strong>Scriptura:</strong></span> <span class='ocrx_word' id='word_1_345' title='bbox 1539 2480 1716 2535; x_wconf 80' lang='lat' dir='ltr'><strong>locum</strong></span> <span class='ocrx_word' id='word_1_346' title='bbox 1752 2481 1844 2550; x_wconf 92' lang='lat' dir='ltr'><strong>qui</strong></span> <span class='ocrx_word' id='word_1_347' title='bbox 1896 2482 1975 2536; x_wconf 91' lang='lat' dir='ltr'><strong>sic</strong></span> <span class='ocrx_word' id='word_1_348' title='bbox 2026 2481 2122 2535; x_wconf 91' lang='lat' dir='ltr'><strong>ha-</strong></span> 
     </span>
    </p>
   </div>
   <div class='ocr_carea' id='block_1_45' title="bbox 2232 2478 3762 2552">
    <p class='ocr_par' dir='ltr' id='par_1_45' title="bbox 2232 2478 3762 2552">
     <span class='ocr_line' id='line_1_45' title="bbox 2232 2478 3762 2552; baseline -0.003 -17"><span class='ocrx_word' id='word_1_349' title='bbox 2232 2481 2393 2546; x_wconf 84' lang='grc' dir='ltr'>θέντι,</span> <span class='ocrx_word' id='word_1_350' title='bbox 2436 2484 2568 2552; x_wconf 74' lang='grc' dir='ltr'>ἡμῖν</span> <span class='ocrx_word' id='word_1_351' title='bbox 2601 2483 2802 2536; x_wconf 79' lang='grc' dir='ltr'>ἐννοεῖν</span> <span class='ocrx_word' id='word_1_352' title='bbox 2836 2481 3192 2536; x_wconf 84' lang='grc' dir='ltr'>καταλέλοιπε</span> <span class='ocrx_word' id='word_1_353' title='bbox 3215 2499 3229 2513; x_wconf 88' lang='grc'><strong>·</strong></span> <span class='ocrx_word' id='word_1_354' title='bbox 3266 2482 3364 2535; x_wconf 82' lang='grc' dir='ltr'>καὶ</span> <span class='ocrx_word' id='word_1_355' title='bbox 3396 2482 3580 2535; x_wconf 72' lang='grc' dir='ltr'>πάλινο</span> <span class='ocrx_word' id='word_1_356' title='bbox 3615 2499 3631 2531; x_wconf 82' lang='grc' dir='ltr'><strong>ι</strong></span> <span class='ocrx_word' id='word_1_357' title='bbox 3669 2478 3762 2532; x_wconf 78' lang='grc' dir='ltr'>Ἐὰν</span> 
     </span>
    </p>
   </div>
   <div class='ocr_carea' id='block_1_46' title="bbox 548 2568 2122 2645">
    <p class='ocr_par' dir='ltr' id='par_1_46' title="bbox 548 2568 2122 2637">
     <span class='ocr_line' id='line_1_46' title="bbox 548 2568 2122 2637; baseline -0.004 -8"><span class='ocrx_word' id='word_1_358' title='bbox 548 2572 643 2629; x_wconf 82' lang='lat' dir='ltr'><strong>bet</strong></span> <span class='ocrx_word' id='word_1_359' title='bbox 674 2573 715 2605; x_wconf 82' lang='lat'><strong>&quot;</strong></span> <span class='ocrx_word' id='word_1_360' title='bbox 758 2591 770 2625; x_wconf 91' lang='lat'><strong>:</strong></span> <span class='ocrx_word' id='word_1_361' title='bbox 825 2590 843 2622; x_wconf 77' lang='grc' dir='ltr'><strong>ι</strong></span> <span class='ocrx_word' id='word_1_362' title='bbox 890 2568 947 2625; x_wconf 91' lang='lat' dir='ltr'><strong>Si</strong></span> <span class='ocrx_word' id='word_1_363' title='bbox 978 2579 1156 2624; x_wconf 90' lang='lat' dir='ltr'><strong>autem</strong></span> <span class='ocrx_word' id='word_1_364' title='bbox 1191 2576 1243 2623; x_wconf 91' lang='lat' dir='ltr'><strong>te</strong></span> <span class='ocrx_word' id='word_1_365' title='bbox 1274 2585 1381 2623; x_wconf 90' lang='lat' dir='ltr'><strong>non</strong></span> <span class='ocrx_word' id='word_1_366' title='bbox 1417 2569 1672 2637; x_wconf 90' lang='lat' dir='ltr'><strong>audierit,</strong></span> <span class='ocrx_word' id='word_1_367' title='bbox 1716 2569 1912 2624; x_wconf 86' lang='lat' dir='ltr'><strong>adhibe</strong></span> <span class='ocrx_word' id='word_1_368' title='bbox 1946 2578 2122 2625; x_wconf 88' lang='lat' dir='ltr'><strong>tecum</strong></span> 
     </span>
    </p>
   </div>
   <div class='ocr_carea' id='block_1_47' title="bbox 2232 2568 3761 2645">
    <p class='ocr_par' dir='ltr' id='par_1_47' title="bbox 2232 2570 3761 2645">
     <span class='ocr_line' id='line_1_47' title="bbox 2232 2570 3761 2645; baseline -0.003 -18"><span class='ocrx_word' id='word_1_369' title='bbox 2232 2571 2553 2645; x_wconf 83' lang='grc' dir='ltr'>παρακούσῃ</span> <span class='ocrx_word' id='word_1_370' title='bbox 2589 2571 2789 2636; x_wconf 79' lang='grc' dir='ltr'>αὐτῶν,</span> <span class='ocrx_word' id='word_1_371' title='bbox 2832 2592 2849 2624; x_wconf 73' lang='grc' dir='ltr'><strong>ι</strong></span> <span class='ocrx_word' id='word_1_372' title='bbox 2888 2572 3047 2643; x_wconf 77' lang='grc' dir='ltr'>δῆλον</span> <span class='ocrx_word' id='word_1_373' title='bbox 3079 2573 3126 2626; x_wconf 78' lang='grc' dir='ltr'>δ’</span> <span class='ocrx_word' id='word_1_374' title='bbox 3166 2574 3247 2627; x_wconf 85' lang='grc' dir='ltr'>ὅτι</span> <span class='ocrx_word' id='word_1_375' title='bbox 3285 2574 3399 2627; x_wconf 87' lang='grc' dir='ltr'><strong>τῶν</strong></span> <span class='ocrx_word' id='word_1_376' title='bbox 3435 2570 3761 2645; x_wconf 69' lang='grc' dir='ltr'>παραληφθέν-</span> 
     </span>
    </p>
   </div>
   <div class='ocr_carea' id='block_1_48' title="bbox 549 2661 2122 2739">
    <p class='ocr_par' dir='ltr' id='par_1_48' title="bbox 549 2661 2122 2727">
     <span class='ocr_line' id='line_1_48' title="bbox 549 2661 2122 2727; baseline -0.003 -8"><span class='ocrx_word' id='word_1_377' title='bbox 549 2664 733 2720; x_wconf 85' lang='lat' dir='ltr'><strong>adhuc</strong></span> <span class='ocrx_word' id='word_1_378' title='bbox 763 2679 931 2717; x_wconf 89' lang='lat' dir='ltr'><strong>unum</strong></span> <span class='ocrx_word' id='word_1_379' title='bbox 974 2663 1057 2717; x_wconf 90' lang='lat' dir='ltr'><strong>vel</strong></span> <span class='ocrx_word' id='word_1_380' title='bbox 1085 2662 1194 2717; x_wconf 90' lang='lat' dir='ltr'><strong>duo</strong></span> <span class='ocrx_word' id='word_1_381' title='bbox 1216 2700 1233 2727; x_wconf 91' lang='lat'><strong>,</strong></span> <span class='ocrx_word' id='word_1_382' title='bbox 1267 2670 1326 2715; x_wconf 90' lang='lat' dir='ltr'><strong>ut</strong></span> <span class='ocrx_word' id='word_1_383' title='bbox 1368 2661 1421 2715; x_wconf 93' lang='lat' dir='ltr'><strong>in</strong></span> <span class='ocrx_word' id='word_1_384' title='bbox 1454 2677 1548 2715; x_wconf 89' lang='lat' dir='ltr'><strong>ore</strong></span> <span class='ocrx_word' id='word_1_385' title='bbox 1578 2661 1810 2715; x_wconf 87' lang='lat' dir='ltr'><strong>duorum</strong></span> <span class='ocrx_word' id='word_1_386' title='bbox 1848 2661 1927 2715; x_wconf 90' lang='lat' dir='ltr'><strong>vel</strong></span> <span class='ocrx_word' id='word_1_387' title='bbox 1960 2662 2122 2717; x_wconf 90' lang='lat' dir='ltr'><strong>trium</strong></span> 
     </span>
    </p>
   </div>
   <div class='ocr_carea' id='block_1_49' title="bbox 2232 2661 3765 2739">
    <p class='ocr_par' dir='ltr' id='par_1_49' title="bbox 2232 2661 3765 2739">
     <span class='ocr_line' id='line_1_49' title="bbox 2232 2661 3765 2739; baseline -0.005 -19"><span class='ocrx_word' id='word_1_388' title='bbox 2232 2684 2333 2721; x_wconf 86' lang='grc' dir='ltr'><strong>των</strong></span> <span class='ocrx_word' id='word_1_389' title='bbox 2377 2665 2699 2739; x_wconf 83' lang='grc' dir='ltr'>μαρτύρων,</span> <span class='ocrx_word' id='word_1_390' title='bbox 2742 2685 2760 2717; x_wconf 81' lang='grc' dir='ltr'><strong>ι</strong></span> <span class='ocrx_word' id='word_1_391' title='bbox 2802 2661 2973 2730; x_wconf 75' lang='grc' dir='ltr'>εἶπον,</span> <span class='ocrx_word' id='word_1_392' title='bbox 3006 2667 3159 2738; x_wconf 73' lang='grc' dir='ltr'>φησὶ,</span> <span class='ocrx_word' id='word_1_393' title='bbox 3201 2670 3266 2739; x_wconf 77' lang='grc' dir='ltr'>τῇ</span> <span class='ocrx_word' id='word_1_394' title='bbox 3303 2666 3619 2737; x_wconf 68' lang='grc' dir='ltr'>Ἐκκλησία·</span> <span class='ocrx_word' id='word_1_395' title='bbox 3652 2683 3667 2714; x_wconf 74' lang='grc' dir='ltr'><strong>ι</strong></span> <span class='ocrx_word' id='word_1_396' title='bbox 3694 2663 3765 2715; x_wconf 72' lang='grc' dir='ltr'>καὶ</span> 
     </span>
    </p>
   </div>
   <div class='ocr_carea' id='block_1_50' title="bbox 548 2753 2122 2832">
    <p class='ocr_par' dir='ltr' id='par_1_50' title="bbox 548 2753 2122 2824">
     <span class='ocr_line' id='line_1_50' title="bbox 548 2753 2122 2824; baseline 0 -15"><span class='ocrx_word' id='word_1_397' title='bbox 548 2755 771 2811; x_wconf 88' lang='lat' dir='ltr'><strong>testium</strong></span> <span class='ocrx_word' id='word_1_398' title='bbox 812 2763 917 2811; x_wconf 84' lang='lat' dir='ltr'><strong>stet</strong></span> <span class='ocrx_word' id='word_1_399' title='bbox 960 2770 1121 2810; x_wconf 85' lang='lat' dir='ltr'><strong>omne</strong></span> <span class='ocrx_word' id='word_1_400' title='bbox 1147 2754 1406 2818; x_wconf 84' lang='lat' dir='ltr'><strong>verbum;</strong></span> <span class='ocrx_word' id='word_1_401' title='bbox 1443 2773 1463 2805; x_wconf 76' lang='grc' dir='ltr'><strong>ι</strong></span> <span class='ocrx_word' id='word_1_402' title='bbox 1502 2754 1630 2823; x_wconf 91' lang='lat' dir='ltr'><strong>quid</strong></span> <span class='ocrx_word' id='word_1_403' title='bbox 1661 2768 1788 2824; x_wconf 70' lang='lat' dir='ltr'><strong>ergo</strong></span> <span class='ocrx_word' id='word_1_404' title='bbox 1816 2753 1900 2809; x_wconf 86' lang='lat' dir='ltr'><strong>bis</strong></span> <span class='ocrx_word' id='word_1_405' title='bbox 1938 2755 2122 2824; x_wconf 87' lang='lat' dir='ltr'><strong>objur-</strong></span> 
     </span>
    </p>
   </div>
   <div class='ocr_carea' id='block_1_51' title="bbox 2232 2753 3763 2832">
    <p class='ocr_par' dir='ltr' id='par_1_51' title="bbox 2232 2754 3763 2832">
     <span class='ocr_line' id='line_1_51' title="bbox 2232 2754 3763 2832; baseline -0.004 -20"><span class='ocrx_word' id='word_1_406' title='bbox 2232 2758 2327 2812; x_wconf 80' lang='grc' dir='ltr'><strong>οὐκ</strong></span> <span class='ocrx_word' id='word_1_407' title='bbox 2370 2754 2492 2811; x_wconf 79' lang='grc' dir='ltr'>εἷπε</span> <span class='ocrx_word' id='word_1_408' title='bbox 2544 2758 2596 2811; x_wconf 86' lang='grc' dir='ltr'><strong>τί</strong></span> <span class='ocrx_word' id='word_1_409' title='bbox 2660 2758 2925 2821; x_wconf 87' lang='grc' dir='ltr'>πείσεται,</span> <span class='ocrx_word' id='word_1_410' title='bbox 2984 2757 3081 2811; x_wconf 82' lang='grc' dir='ltr'><strong>ὲάν</strong></span> <span class='ocrx_word' id='word_1_411' title='bbox 3140 2758 3217 2829; x_wconf 77' lang='grc' dir='ltr'>μὴ</span> <span class='ocrx_word' id='word_1_412' title='bbox 3278 2759 3489 2832; x_wconf 83' lang='grc' dir='ltr'>ἀκούσῃ</span> <span class='ocrx_word' id='word_1_413' title='bbox 3537 2756 3626 2828; x_wconf 84' lang='grc' dir='ltr'>τῆς</span> <span class='ocrx_word' id='word_1_414' title='bbox 3670 2755 3763 2807; x_wconf 86' lang='grc' dir='ltr'><strong>Ἑκ-</strong></span> 
     </span>
    </p>
   </div>
   <div class='ocr_carea' id='block_1_52' title="bbox 548 2845 2122 2923">
    <p class='ocr_par' dir='ltr' id='par_1_52' title="bbox 548 2845 2122 2918">
     <span class='ocr_line' id='line_1_52' title="bbox 548 2845 2122 2918; baseline -0.001 -15"><span class='ocrx_word' id='word_1_415' title='bbox 548 2857 676 2918; x_wconf 75' lang='lat' dir='ltr'><strong>gato</strong></span> <span class='ocrx_word' id='word_1_416' title='bbox 721 2848 1001 2912; x_wconf 69' lang='lat' dir='ltr'><strong>continget</strong></span> <span class='ocrx_word' id='word_1_417' title='bbox 1044 2856 1332 2918; x_wconf 87' lang='lat' dir='ltr'><strong>postquam</strong></span> <span class='ocrx_word' id='word_1_418' title='bbox 1376 2848 1429 2901; x_wconf 89' lang='lat' dir='ltr'><strong>in</strong></span> <span class='ocrx_word' id='word_1_419' title='bbox 1469 2861 1563 2901; x_wconf 89' lang='lat' dir='ltr'><strong>ore</strong></span> <span class='ocrx_word' id='word_1_420' title='bbox 1592 2845 1824 2900; x_wconf 87' lang='lat' dir='ltr'><strong>duorum</strong></span> <span class='ocrx_word' id='word_1_421' title='bbox 1852 2847 1934 2901; x_wconf 90' lang='lat' dir='ltr'><strong>vel</strong></span> <span class='ocrx_word' id='word_1_422' title='bbox 1960 2849 2122 2901; x_wconf 91' lang='lat' dir='ltr'><strong>trium</strong></span> 
     </span>
    </p>
   </div>
   <div class='ocr_carea' id='block_1_53' title="bbox 2232 2845 3764 2923">
    <p class='ocr_par' dir='ltr' id='par_1_53' title="bbox 2232 2846 3764 2923">
     <span class='ocr_line' id='line_1_53' title="bbox 2232 2846 3764 2923; baseline -0.005 -19"><span class='ocrx_word' id='word_1_423' title='bbox 2232 2851 2485 2922; x_wconf 80' lang='grc' dir='ltr'>κλησίας,</span> <span class='ocrx_word' id='word_1_424' title='bbox 2547 2849 2659 2904; x_wconf 87' lang='grc' dir='ltr'>ἀλλ’</span> <span class='ocrx_word' id='word_1_425' title='bbox 2699 2850 2965 2915; x_wconf 78' lang='grc' dir='ltr'>ἐδίδαξεν,</span> <span class='ocrx_word' id='word_1_426' title='bbox 3031 2852 3113 2905; x_wconf 81' lang='grc' dir='ltr'>ὅτι</span> <span class='ocrx_word' id='word_1_427' title='bbox 3177 2851 3273 2904; x_wconf 74' lang='grc' dir='ltr'>ἐὰν</span> <span class='ocrx_word' id='word_1_428' title='bbox 3329 2852 3431 2923; x_wconf 80' lang='grc' dir='ltr'>τῆς</span> <span class='ocrx_word' id='word_1_429' title='bbox 3489 2846 3764 2918; x_wconf 81' lang='grc' dir='ltr'>Ἐκκλησίας</span> 
     </span>
    </p>
   </div>
   <div class='ocr_carea' id='block_1_54' title="bbox 550 2938 2122 3015">
    <p class='ocr_par' dir='ltr' id='par_1_54' title="bbox 550 2938 2122 3015">
     <span class='ocr_line' id='line_1_54' title="bbox 550 2938 2122 3015; baseline 0.001 -23"><span class='ocrx_word' id='word_1_430' title='bbox 550 2938 771 3015; x_wconf 84' lang='lat' dir='ltr'><strong>testium</strong></span> <span class='ocrx_word' id='word_1_431' title='bbox 814 2940 1023 2995; x_wconf 88' lang='lat' dir='ltr'><strong>steterit</strong></span> <span class='ocrx_word' id='word_1_432' title='bbox 1070 2955 1233 2995; x_wconf 92' lang='lat' dir='ltr'><strong>omne</strong></span> <span class='ocrx_word' id='word_1_433' title='bbox 1272 2939 1533 3006; x_wconf 85' lang='lat' dir='ltr'><strong>verbum,</strong></span> <span class='ocrx_word' id='word_1_434' title='bbox 1584 2939 1744 2995; x_wconf 90' lang='lat' dir='ltr'><strong>nobis</strong></span> <span class='ocrx_word' id='word_1_435' title='bbox 1773 2938 2122 3010; x_wconf 77' lang='lat' dir='ltr'><strong>cogitandum</strong></span> 
     </span>
    </p>
   </div>
   <div class='ocr_carea' id='block_1_55' title="bbox 2232 2938 3761 3015">
    <p class='ocr_par' dir='ltr' id='par_1_55' title="bbox 2232 2941 3761 3015">
     <span class='ocr_line' id='line_1_55' title="bbox 2232 2941 3761 3015; baseline -0.003 -19"><span class='ocrx_word' id='word_1_436' title='bbox 2232 2944 2574 3015; x_wconf 82' lang='grc' dir='ltr'>παρακούσῃ,</span> <span class='ocrx_word' id='word_1_437' title='bbox 2618 2942 2699 2995; x_wconf 85' lang='grc' dir='ltr'>δεῖ</span> <span class='ocrx_word' id='word_1_438' title='bbox 2732 2944 2897 2996; x_wconf 73' lang='grc' dir='ltr'>αὑτὸν</span> <span class='ocrx_word' id='word_1_439' title='bbox 2940 2941 3079 2997; x_wconf 77' lang='grc' dir='ltr'>εἶναι</span> <span class='ocrx_word' id='word_1_440' title='bbox 3121 2943 3200 3014; x_wconf 82' lang='grc' dir='ltr'><strong>τῷ</strong></span> <span class='ocrx_word' id='word_1_441' title='bbox 3245 2944 3370 3015; x_wconf 73' lang='grc' dir='ltr'>τρὶς</span> <span class='ocrx_word' id='word_1_442' title='bbox 3410 2942 3761 3011; x_wconf 79' lang='grc' dir='ltr'>νουθετήσαντι,</span> 
     </span>
    </p>
   </div>
   <div class='ocr_carea' id='block_1_56' title="bbox 548 3029 2122 3108">
    <p class='ocr_par' dir='ltr' id='par_1_56' title="bbox 548 3031 2122 3102">
     <span class='ocr_line' id='line_1_56' title="bbox 548 3031 2122 3102; baseline 0.001 -16"><span class='ocrx_word' id='word_1_443' title='bbox 548 3031 842 3102; x_wconf 81' lang='lat' dir='ltr'><strong>relinquit;</strong></span> <span class='ocrx_word' id='word_1_444' title='bbox 908 3041 963 3088; x_wconf 91' lang='lat' dir='ltr'><strong>et</strong></span> <span class='ocrx_word' id='word_1_445' title='bbox 1007 3049 1229 3089; x_wconf 86' lang='lat' dir='ltr'><strong>rursum</strong></span> <span class='ocrx_word' id='word_1_446' title='bbox 1257 3033 1303 3063; x_wconf 82' lang='grc'><strong>⁸²</strong></span> <span class='ocrx_word' id='word_1_447' title='bbox 1338 3050 1352 3087; x_wconf 88' lang='lat'><strong>:</strong></span> <span class='ocrx_word' id='word_1_448' title='bbox 1395 3053 1412 3083; x_wconf 75' lang='grc' dir='ltr'><strong>ι</strong></span> <span class='ocrx_word' id='word_1_449' title='bbox 1446 3032 1602 3099; x_wconf 87' lang='lat' dir='ltr'><strong>Quod</strong></span> <span class='ocrx_word' id='word_1_450' title='bbox 1652 3033 1697 3088; x_wconf 90' lang='lat' dir='ltr'><strong>si</strong></span> <span class='ocrx_word' id='word_1_451' title='bbox 1748 3047 1856 3085; x_wconf 92' lang='lat' dir='ltr'><strong>non</strong></span> <span class='ocrx_word' id='word_1_452' title='bbox 1892 3034 2122 3088; x_wconf 89' lang='lat' dir='ltr'><strong>audierit</strong></span> 
     </span>
    </p>
   </div>
   <div class='ocr_carea' id='block_1_57' title="bbox 2232 3029 3764 3108">
    <p class='ocr_par' dir='ltr' id='par_1_57' title="bbox 2232 3029 3764 3108">
     <span class='ocr_line' id='line_1_57' title="bbox 2232 3029 3764 3108; baseline -0.006 -19"><span class='ocrx_word' id='word_1_453' title='bbox 2232 3036 2323 3089; x_wconf 76' lang='grc' dir='ltr'>καὶ</span> <span class='ocrx_word' id='word_1_454' title='bbox 2360 3037 2434 3107; x_wconf 84' lang='grc' dir='ltr'>μὴ</span> <span class='ocrx_word' id='word_1_455' title='bbox 2461 3035 2779 3093; x_wconf 83' lang='grc' dir='ltr'>ἀκουσθέντι</span> <span class='ocrx_word' id='word_1_456' title='bbox 2803 3037 2941 3108; x_wconf 72' lang='grc' dir='ltr'>πρὸς</span> <span class='ocrx_word' id='word_1_457' title='bbox 2967 3038 3026 3090; x_wconf 85' lang='grc' dir='ltr'><strong>τὺ</strong></span> <span class='ocrx_word' id='word_1_458' title='bbox 3050 3036 3234 3091; x_wconf 77' lang='grc' dir='ltr'>λοιπὸν</span> <span class='ocrx_word' id='word_1_459' title='bbox 3257 3036 3335 3101; x_wconf 83' lang='grc' dir='ltr'>ὡς</span> <span class='ocrx_word' id='word_1_460' title='bbox 3365 3038 3455 3089; x_wconf 65' lang='grc' dir='ltr'>τὸν</span> <span class='ocrx_word' id='word_1_461' title='bbox 3482 3034 3669 3090; x_wconf 80' lang='grc' dir='ltr'>ἐθνικὸν</span> <span class='ocrx_word' id='word_1_462' title='bbox 3693 3029 3764 3082; x_wconf 79' lang='grc' dir='ltr'>καὶ</span> 
     </span>
    </p>
   </div>
   <div class='ocr_carea' id='block_1_58' title="bbox 547 3123 2122 3200">
    <p class='ocr_par' dir='ltr' id='par_1_58' title="bbox 547 3126 2120 3199">
     <span class='ocr_line' id='line_1_58' title="bbox 547 3126 2120 3199; baseline -0.001 -18"><span class='ocrx_word' id='word_1_463' title='bbox 547 3133 715 3199; x_wconf 62' lang='lat' dir='ltr'><strong>testes</strong></span> <span class='ocrx_word' id='word_1_464' title='bbox 739 3141 856 3189; x_wconf 81' lang='lat' dir='ltr'><strong>eos,</strong></span> <span class='ocrx_word' id='word_1_465' title='bbox 897 3145 915 3177; x_wconf 73' lang='grc' dir='ltr'><strong>ι</strong></span> <span class='ocrx_word' id='word_1_466' title='bbox 950 3126 1194 3183; x_wconf 86' lang='lat' dir='ltr'><strong>videlicet</strong></span> <span class='ocrx_word' id='word_1_467' title='bbox 1231 3136 1356 3181; x_wconf 87' lang='lat' dir='ltr'><strong>ante</strong></span> <span class='ocrx_word' id='word_1_468' title='bbox 1390 3126 1701 3193; x_wconf 86' lang='lat' dir='ltr'><strong>adhibitos,</strong></span> <span class='ocrx_word' id='word_1_469' title='bbox 1740 3144 1758 3177; x_wconf 75' lang='grc' dir='ltr'><strong>ι</strong></span> <span class='ocrx_word' id='word_1_470' title='bbox 1790 3127 1895 3193; x_wconf 93' lang='lat' dir='ltr'><strong>dic,</strong></span> <span class='ocrx_word' id='word_1_471' title='bbox 1924 3126 2120 3197; x_wconf 89' lang='lat' dir='ltr'><strong>inquit,</strong></span> 
     </span>
    </p>
   </div>
   <div class='ocr_carea' id='block_1_59' title="bbox 2232 3123 3763 3200">
    <p class='ocr_par' dir='ltr' id='par_1_59' title="bbox 2232 3123 3763 3200">
     <span class='ocr_line' id='line_1_59' title="bbox 2232 3123 3763 3200; baseline 0.002 -21"><span class='ocrx_word' id='word_1_472' title='bbox 2232 3125 2501 3198; x_wconf 70' lang='grc' dir='ltr'>τελώνηψ</span> <span class='ocrx_word' id='word_1_473' title='bbox 2537 3126 2597 3179; x_wconf 82' lang='grc' dir='ltr'>οὐ</span> <span class='ocrx_word' id='word_1_474' title='bbox 2643 3126 2861 3190; x_wconf 80' lang='grc' dir='ltr'>πάντως</span> <span class='ocrx_word' id='word_1_475' title='bbox 2902 3123 2993 3181; x_wconf 80' lang='grc' dir='ltr'>οὖν</span> <span class='ocrx_word' id='word_1_476' title='bbox 3038 3128 3402 3200; x_wconf 80' lang='grc' dir='ltr'>κερδαίνεται,</span> <span class='ocrx_word' id='word_1_477' title='bbox 3444 3127 3557 3181; x_wconf 82' lang='grc' dir='ltr'>οὐδὲ</span> <span class='ocrx_word' id='word_1_478' title='bbox 3593 3124 3763 3182; x_wconf 75' lang='grc' dir='ltr'>πάντως</span> 
     </span>
    </p>
   </div>
   <div class='ocr_carea' id='block_1_60' title="bbox 548 3214 2122 3291">
    <p class='ocr_par' dir='ltr' id='par_1_60' title="bbox 548 3214 2122 3291">
     <span class='ocr_line' id='line_1_60' title="bbox 548 3214 2122 3291; baseline 0.004 -23"><span class='ocrx_word' id='word_1_479' title='bbox 548 3214 847 3274; x_wconf 60' lang='lat' dir='ltr'><strong>Ecclesia:</strong></span> <span class='ocrx_word' id='word_1_480' title='bbox 883 3238 902 3271; x_wconf 81' lang='grc'><strong>›</strong></span> <span class='ocrx_word' id='word_1_481' title='bbox 942 3234 1042 3274; x_wconf 91' lang='lat' dir='ltr'><strong>nec</strong></span> <span class='ocrx_word' id='word_1_482' title='bbox 1071 3219 1269 3291; x_wconf 84' lang='lat' dir='ltr'><strong>adjecit</strong></span> <span class='ocrx_word' id='word_1_483' title='bbox 1296 3220 1427 3290; x_wconf 91' lang='lat' dir='ltr'><strong>quid</strong></span> <span class='ocrx_word' id='word_1_484' title='bbox 1460 3221 1535 3275; x_wconf 92' lang='lat' dir='ltr'><strong>illi</strong></span> <span class='ocrx_word' id='word_1_485' title='bbox 1582 3220 1707 3287; x_wconf 85' lang='lat' dir='ltr'><strong>fiet,</strong></span> <span class='ocrx_word' id='word_1_486' title='bbox 1748 3220 1792 3274; x_wconf 89' lang='lat' dir='ltr'><strong>si</strong></span> <span class='ocrx_word' id='word_1_487' title='bbox 1828 3221 2122 3275; x_wconf 88' lang='lat' dir='ltr'><strong>Ecclesiam</strong></span> 
     </span>
    </p>
   </div>
   <div class='ocr_carea' id='block_1_61' title="bbox 2232 3214 3762 3291">
    <p class='ocr_par' dir='ltr' id='par_1_61' title="bbox 2233 3217 3762 3289">
     <span class='ocr_line' id='line_1_61' title="bbox 2233 3217 3762 3289; baseline -0.004 -16"><span class='ocrx_word' id='word_1_488' title='bbox 2233 3218 2545 3273; x_wconf 85' lang='grc' dir='ltr'>ἀπολεῖται·</span> <span class='ocrx_word' id='word_1_489' title='bbox 2599 3218 2711 3272; x_wconf 83' lang='grc' dir='ltr'>ἀλλ’</span> <span class='ocrx_word' id='word_1_490' title='bbox 2754 3220 2782 3272; x_wconf 84' lang='grc' dir='ltr'><strong>ὃ</strong></span> <span class='ocrx_word' id='word_1_491' title='bbox 2823 3237 2873 3273; x_wconf 89' lang='grc' dir='ltr'><strong>τι</strong></span> <span class='ocrx_word' id='word_1_492' title='bbox 2919 3221 3048 3274; x_wconf 81' lang='grc' dir='ltr'>ποτὲ</span> <span class='ocrx_word' id='word_1_493' title='bbox 3100 3221 3349 3274; x_wconf 86' lang='grc' dir='ltr'>πείσεται</span> <span class='ocrx_word' id='word_1_494' title='bbox 3392 3221 3420 3274; x_wconf 90' lang='grc' dir='ltr'><strong>ό</strong></span> <span class='ocrx_word' id='word_1_495' title='bbox 3454 3219 3511 3273; x_wconf 82' lang='grc' dir='ltr'>τὸ</span> <span class='ocrx_word' id='word_1_496' title='bbox 3552 3217 3762 3289; x_wconf 79' lang='grc' dir='ltr'>πρότερον</span> 
     </span>
    </p>
   </div>
   <div class='ocr_carea' id='block_1_62' title="bbox 547 3305 2122 3384">
    <p class='ocr_par' dir='ltr' id='par_1_62' title="bbox 547 3309 2122 3383">
     <span class='ocr_line' id='line_1_62' title="bbox 547 3309 2122 3383; baseline 0.003 -21"><span class='ocrx_word' id='word_1_497' title='bbox 547 3322 660 3363; x_wconf 79' lang='lat' dir='ltr'><strong>non</strong></span> <span class='ocrx_word' id='word_1_498' title='bbox 711 3309 965 3373; x_wconf 87' lang='lat' dir='ltr'><strong>audierit,</strong></span> <span class='ocrx_word' id='word_1_499' title='bbox 1001 3312 1093 3366; x_wconf 89' lang='lat' dir='ltr'><strong>sed</strong></span> <span class='ocrx_word' id='word_1_500' title='bbox 1147 3312 1332 3368; x_wconf 89' lang='lat' dir='ltr'><strong>docuit</strong></span> <span class='ocrx_word' id='word_1_501' title='bbox 1381 3329 1481 3383; x_wconf 92' lang='lat' dir='ltr'><strong>pro</strong></span> <span class='ocrx_word' id='word_1_502' title='bbox 1510 3313 1730 3369; x_wconf 87' lang='lat' dir='ltr'><strong>etlmico</strong></span> <span class='ocrx_word' id='word_1_503' title='bbox 1772 3313 1919 3367; x_wconf 92' lang='lat' dir='ltr'><strong>hunc</strong></span> <span class='ocrx_word' id='word_1_504' title='bbox 1968 3313 2122 3369; x_wconf 89' lang='lat' dir='ltr'><strong>dein-</strong></span> 
     </span>
    </p>
   </div>
   <div class='ocr_carea' id='block_1_63' title="bbox 2232 3305 3762 3384">
    <p class='ocr_par' dir='ltr' id='par_1_63' title="bbox 2237 3305 3762 3384">
     <span class='ocr_line' id='line_1_63' title="bbox 2237 3305 3762 3384; baseline -0.007 -19"><span class='ocrx_word' id='word_1_505' title='bbox 2237 3311 2336 3383; x_wconf 83' lang='grc' dir='ltr'>μὲν</span> <span class='ocrx_word' id='word_1_506' title='bbox 2364 3312 2438 3383; x_wconf 85' lang='grc' dir='ltr'>μὴ</span> <span class='ocrx_word' id='word_1_507' title='bbox 2472 3311 2733 3375; x_wconf 82' lang='grc' dir='ltr'>ἀκούσας,</span> <span class='ocrx_word' id='word_1_508' title='bbox 2771 3311 3063 3384; x_wconf 86' lang='grc' dir='ltr'>μαρτύρων</span> <span class='ocrx_word' id='word_1_509' title='bbox 3090 3312 3146 3365; x_wconf 81' lang='grc' dir='ltr'>δὲ</span> <span class='ocrx_word' id='word_1_510' title='bbox 3172 3311 3409 3382; x_wconf 75' lang='grc' dir='ltr'>δεηθεὶς,</span> <span class='ocrx_word' id='word_1_511' title='bbox 3437 3310 3470 3382; x_wconf 80' lang='grc' dir='ltr'>ἢ</span> <span class='ocrx_word' id='word_1_512' title='bbox 3501 3310 3584 3363; x_wconf 80' lang='grc' dir='ltr'>καὶ</span> <span class='ocrx_word' id='word_1_513' title='bbox 3602 3305 3762 3361; x_wconf 82' lang='grc' dir='ltr'>τούτων</span> 
     </span>
    </p>
   </div>
   <div class='ocr_carea' id='block_1_64' title="bbox 548 3397 2122 3477">
    <p class='ocr_par' dir='ltr' id='par_1_64' title="bbox 548 3403 2122 3476">
     <span class='ocr_line' id='line_1_64' title="bbox 548 3403 2122 3476; baseline 0.001 -18"><span class='ocrx_word' id='word_1_514' title='bbox 548 3416 682 3473; x_wconf 85' lang='lat' dir='ltr'><strong>ceps</strong></span> <span class='ocrx_word' id='word_1_515' title='bbox 704 3410 756 3457; x_wconf 87' lang='lat' dir='ltr'><strong>et</strong></span> <span class='ocrx_word' id='word_1_516' title='bbox 782 3403 1072 3473; x_wconf 89' lang='lat' dir='ltr'><strong>publicano</strong></span> <span class='ocrx_word' id='word_1_517' title='bbox 1094 3405 1162 3459; x_wconf 91' lang='lat' dir='ltr'><strong>ab</strong></span> <span class='ocrx_word' id='word_1_518' title='bbox 1183 3420 1248 3459; x_wconf 89' lang='lat' dir='ltr'><strong>eo</strong></span> <span class='ocrx_word' id='word_1_519' title='bbox 1274 3405 1580 3461; x_wconf 91' lang='lat' dir='ltr'><strong>habendum</strong></span> <span class='ocrx_word' id='word_1_520' title='bbox 1611 3421 1733 3461; x_wconf 90' lang='lat' dir='ltr'><strong>esse</strong></span> <span class='ocrx_word' id='word_1_521' title='bbox 1753 3406 1845 3476; x_wconf 90' lang='lat' dir='ltr'><strong>qui</strong></span> <span class='ocrx_word' id='word_1_522' title='bbox 1875 3415 1955 3460; x_wconf 90' lang='lat' dir='ltr'><strong>ter</strong></span> <span class='ocrx_word' id='word_1_523' title='bbox 1973 3405 2122 3460; x_wconf 91' lang='lat' dir='ltr'><strong>illum</strong></span> 
     </span>
    </p>
   </div>
   <div class='ocr_carea' id='block_1_65' title="bbox 2232 3397 3754 3477">
    <p class='ocr_par' dir='ltr' id='par_1_65' title="bbox 2236 3397 3754 3477">
     <span class='ocr_line' id='line_1_65' title="bbox 2236 3397 3754 3477; baseline -0.005 -18"><span class='ocrx_word' id='word_1_524' title='bbox 2236 3404 2609 3477; x_wconf 86' lang='grc' dir='ltr'>παρακούσας,</span> <span class='ocrx_word' id='word_1_525' title='bbox 2648 3405 2740 3457; x_wconf 72' lang='grc' dir='ltr'><strong>ἐπὶ</strong></span> <span class='ocrx_word' id='word_1_526' title='bbox 2766 3405 2862 3477; x_wconf 81' lang='grc' dir='ltr'>τὴν</span> <span class='ocrx_word' id='word_1_527' title='bbox 2906 3405 3231 3475; x_wconf 77' lang='grc' dir='ltr'>Ἐκκλησίαν</span> <span class='ocrx_word' id='word_1_528' title='bbox 3262 3405 3321 3458; x_wconf 83' lang='grc' dir='ltr'>δὲ</span> <span class='ocrx_word' id='word_1_529' title='bbox 3367 3404 3566 3476; x_wconf 71' lang='grc' dir='ltr'>ἀχθεὶς,</span> <span class='ocrx_word' id='word_1_530' title='bbox 3595 3404 3620 3455; x_wconf 82' lang='grc' dir='ltr'><strong>ὁ</strong></span> <span class='ocrx_word' id='word_1_531' title='bbox 3653 3397 3754 3461; x_wconf 79' lang='grc' dir='ltr'>Θεὸς</span> 
     </span>
    </p>
   </div>
   <div class='ocr_carea' id='block_1_66' title="bbox 550 3491 2122 3570">
    <p class='ocr_par' dir='ltr' id='par_1_66' title="bbox 550 3495 2121 3569">
     <span class='ocr_line' id='line_1_66' title="bbox 550 3495 2121 3569; baseline 0.001 -19"><span class='ocrx_word' id='word_1_532' title='bbox 550 3495 814 3563; x_wconf 74' lang='lat' dir='ltr'><strong>arguerit,</strong></span> <span class='ocrx_word' id='word_1_533' title='bbox 843 3512 943 3551; x_wconf 90' lang='lat' dir='ltr'><strong>nec</strong></span> <span class='ocrx_word' id='word_1_534' title='bbox 966 3496 1129 3552; x_wconf 90' lang='lat' dir='ltr'><strong>fuerit</strong></span> <span class='ocrx_word' id='word_1_535' title='bbox 1143 3497 1384 3564; x_wconf 88' lang='lat' dir='ltr'><strong>auditus,</strong></span> <span class='ocrx_word' id='word_1_536' title='bbox 1404 3498 1447 3551; x_wconf 93' lang='lat' dir='ltr'><strong>si</strong></span> <span class='ocrx_word' id='word_1_537' title='bbox 1461 3498 1625 3569; x_wconf 74' lang='lat'><strong>612</strong></span> <span class='ocrx_word' id='word_1_538' title='bbox 1639 3496 1897 3553; x_wconf 74' lang='lat' dir='ltr'><strong>Ecclesia:</strong></span> <span class='ocrx_word' id='word_1_539' title='bbox 1916 3514 2121 3554; x_wconf 89' lang='lat' dir='ltr'><strong>morem</strong></span> 
     </span>
    </p>
   </div>
   <div class='ocr_carea' id='block_1_67' title="bbox 2232 3491 3761 3570">
    <p class='ocr_par' dir='ltr' id='par_1_67' title="bbox 2236 3491 3761 3570">
     <span class='ocr_line' id='line_1_67' title="bbox 2236 3491 3761 3570; baseline -0.004 -19"><span class='ocrx_word' id='word_1_540' title='bbox 2236 3498 2301 3551; x_wconf 87' lang='grc' dir='ltr'>ἂν</span> <span class='ocrx_word' id='word_1_541' title='bbox 2331 3498 2496 3567; x_wconf 84' lang='grc' dir='ltr'>εἰδείη</span> <span class='ocrx_word' id='word_1_542' title='bbox 2525 3516 2537 3528; x_wconf 91' lang='grc'><strong>·</strong></span> <span class='ocrx_word' id='word_1_543' title='bbox 2578 3500 2743 3570; x_wconf 79' lang='grc' dir='ltr'>ἡμεῖς</span> <span class='ocrx_word' id='word_1_544' title='bbox 2788 3499 2897 3569; x_wconf 75' lang='grc' dir='ltr'><strong>γὰρ</strong></span> <span class='ocrx_word' id='word_1_545' title='bbox 2939 3500 3042 3553; x_wconf 74' lang='grc' dir='ltr'>οὐκ</span> <span class='ocrx_word' id='word_1_546' title='bbox 3089 3497 3503 3569; x_wconf 71' lang='grc' dir='ltr'>ἀποφαινόμεθα</span> <span class='ocrx_word' id='word_1_547' title='bbox 3544 3491 3761 3549; x_wconf 76' lang='grc' dir='ltr'>κατὰτό·</span> 
     </span>
    </p>
   </div>
   <div class='ocr_carea' id='block_1_68' title="bbox 553 3579 2122 3662">
    <p class='ocr_par' dir='ltr' id='par_1_68' title="bbox 553 3579 2122 3661">
     <span class='ocr_line' id='line_1_68' title="bbox 553 3579 2122 3661; baseline 0.001 -20"><span class='ocrx_word' id='word_1_548' title='bbox 553 3601 663 3641; x_wconf 88' lang='lat' dir='ltr'><strong>non</strong></span> <span class='ocrx_word' id='word_1_549' title='bbox 693 3588 921 3657; x_wconf 80' lang='lat' dir='ltr'><strong>gesserit</strong></span> <span class='ocrx_word' id='word_1_550' title='bbox 950 3606 963 3642; x_wconf 91' lang='lat'><strong>:</strong></span> <span class='ocrx_word' id='word_1_551' title='bbox 1005 3603 1115 3643; x_wconf 90' lang='lat' dir='ltr'><strong>non</strong></span> <span class='ocrx_word' id='word_1_552' title='bbox 1157 3579 1386 3645; x_wconf 78' lang='lat' dir='ltr'><strong>omnino&#39;</strong></span> <span class='ocrx_word' id='word_1_553' title='bbox 1404 3604 1533 3661; x_wconf 84' lang='lat' dir='ltr'><strong>ergo</strong></span> <span class='ocrx_word' id='word_1_554' title='bbox 1560 3589 1779 3657; x_wconf 78' lang='lat' dir='ltr'><strong>lucriﬁt,</strong></span> <span class='ocrx_word' id='word_1_555' title='bbox 1800 3606 1977 3660; x_wconf 85' lang='lat' dir='ltr'><strong>neque</strong></span> <span class='ocrx_word' id='word_1_556' title='bbox 2006 3589 2122 3644; x_wconf 83' lang='lat' dir='ltr'><strong>fun-</strong></span> 
     </span>
    </p>
   </div>
   <div class='ocr_carea' id='block_1_69' title="bbox 2232 3579 3764 3662">
    <p class='ocr_par' dir='ltr' id='par_1_69' title="bbox 2240 3582 3764 3662">
     <span class='ocr_line' id='line_1_69' title="bbox 2240 3582 3764 3662; baseline -0.002 -22"><span class='ocrx_word' id='word_1_557' title='bbox 2240 3610 2257 3640; x_wconf 72' lang='grc' dir='ltr'><strong>ι</strong></span> <span class='ocrx_word' id='word_1_558' title='bbox 2307 3589 2396 3661; x_wconf 79' lang='grc' dir='ltr'><strong>Μὴ</strong></span> <span class='ocrx_word' id='word_1_559' title='bbox 2440 3591 2674 3661; x_wconf 84' lang='grc' dir='ltr'>κρίνετε,</span> <span class='ocrx_word' id='word_1_560' title='bbox 2704 3591 2789 3644; x_wconf 83' lang='grc' dir='ltr'>ἵνα</span> <span class='ocrx_word' id='word_1_561' title='bbox 2833 3591 2908 3661; x_wconf 86' lang='grc' dir='ltr'>μὴ</span> <span class='ocrx_word' id='word_1_562' title='bbox 2955 3590 3199 3662; x_wconf 84' lang='grc' dir='ltr'>κριθῆτε,</span> <span class='ocrx_word' id='word_1_563' title='bbox 3233 3591 3341 3656; x_wconf 76' lang='grc' dir='ltr'><strong>ἕως</strong></span> <span class='ocrx_word' id='word_1_564' title='bbox 3378 3590 3442 3644; x_wconf 85' lang='grc' dir='ltr'>ἂν</span> <span class='ocrx_word' id='word_1_565' title='bbox 3482 3587 3599 3660; x_wconf 77' lang='grc' dir='ltr'>ἔλθῃ</span> <span class='ocrx_word' id='word_1_566' title='bbox 3621 3582 3764 3655; x_wconf 80' lang='grc'><strong>(85)6</strong></span> 
     </span>
    </p>
   </div>
   <div class='ocr_carea' id='block_1_70' title="bbox 551 3670 2122 3753">
    <p class='ocr_par' dir='ltr' id='par_1_70' title="bbox 551 3677 2122 3753">
     <span class='ocr_line' id='line_1_70' title="bbox 551 3677 2122 3753; baseline 0.001 -20"><span class='ocrx_word' id='word_1_567' title='bbox 551 3677 703 3735; x_wconf 73' lang='lat' dir='ltr'><strong>ditas</strong></span> <span class='ocrx_word' id='word_1_568' title='bbox 725 3680 942 3750; x_wconf 85' lang='lat' dir='ltr'><strong>peribit.</strong></span> <span class='ocrx_word' id='word_1_569' title='bbox 981 3680 1049 3735; x_wconf 84' lang='lat' dir='ltr'><strong>At</strong></span> <span class='ocrx_word' id='word_1_570' title='bbox 1080 3681 1213 3752; x_wconf 90' lang='lat' dir='ltr'><strong>quid</strong></span> <span class='ocrx_word' id='word_1_571' title='bbox 1246 3682 1464 3737; x_wconf 87' lang='lat' dir='ltr'><strong>tandem</strong></span> <span class='ocrx_word' id='word_1_572' title='bbox 1497 3697 1765 3753; x_wconf 88' lang='lat' dir='ltr'><strong>passurus</strong></span> <span class='ocrx_word' id='word_1_573' title='bbox 1789 3683 1859 3737; x_wconf 91' lang='lat' dir='ltr'><strong>sit</strong></span> <span class='ocrx_word' id='word_1_574' title='bbox 1889 3683 1981 3752; x_wconf 91' lang='lat' dir='ltr'><strong>qui</strong></span> <span class='ocrx_word' id='word_1_575' title='bbox 2019 3682 2122 3753; x_wconf 91' lang='lat' dir='ltr'><strong>pri-</strong></span> 
     </span>
    </p>
   </div>
   <div class='ocr_carea' id='block_1_71' title="bbox 2232 3670 3764 3753">
    <p class='ocr_par' dir='ltr' id='par_1_71' title="bbox 2235 3670 3764 3753">
     <span class='ocr_line' id='line_1_71' title="bbox 2235 3670 3764 3753; baseline -0.006 -18"><span class='ocrx_word' id='word_1_576' title='bbox 2235 3681 2461 3753; x_wconf 80' lang='grc' dir='ltr'>Κύριος,</span> <span class='ocrx_word' id='word_1_577' title='bbox 2487 3682 2546 3744; x_wconf 84' lang='grc' dir='ltr'>ὃς</span> <span class='ocrx_word' id='word_1_578' title='bbox 2587 3683 2681 3735; x_wconf 71' lang='grc' dir='ltr'>καὶ</span> <span class='ocrx_word' id='word_1_579' title='bbox 2714 3682 2939 3751; x_wconf 71' lang='grc' dir='ltr'>φωτίσει</span> <span class='ocrx_word' id='word_1_580' title='bbox 2980 3681 3047 3735; x_wconf 78' lang='grc' dir='ltr'>τὰ</span> <span class='ocrx_word' id='word_1_581' title='bbox 3079 3679 3298 3752; x_wconf 83' lang='grc' dir='ltr'>κρυπτά</span> <span class='ocrx_word' id='word_1_582' title='bbox 3326 3678 3421 3734; x_wconf 78' lang='grc' dir='ltr'><strong>τοῦ</strong></span> <span class='ocrx_word' id='word_1_583' title='bbox 3452 3677 3668 3738; x_wconf 81' lang='grc' dir='ltr'>σκότους,</span> <span class='ocrx_word' id='word_1_584' title='bbox 3694 3670 3764 3726; x_wconf 64' lang='grc' dir='ltr'>καὶ</span> 
     </span>
    </p>
   </div>
   <div class='ocr_carea' id='block_1_72' title="bbox 554 3763 2122 3845">
    <p class='ocr_par' dir='ltr' id='par_1_72' title="bbox 554 3771 2122 3842">
     <span class='ocr_line' id='line_1_72' title="bbox 554 3771 2122 3842; baseline 0.004 -20"><span class='ocrx_word' id='word_1_585' title='bbox 554 3782 704 3823; x_wconf 76' lang='lat' dir='ltr'><strong>mum</strong></span> <span class='ocrx_word' id='word_1_586' title='bbox 755 3771 1062 3826; x_wconf 88' lang='lat' dir='ltr'><strong>audientem</strong></span> <span class='ocrx_word' id='word_1_587' title='bbox 1114 3786 1173 3826; x_wconf 86' lang='lat' dir='ltr'><strong>se</strong></span> <span class='ocrx_word' id='word_1_588' title='bbox 1218 3786 1327 3826; x_wconf 88' lang='lat' dir='ltr'><strong>non</strong></span> <span class='ocrx_word' id='word_1_589' title='bbox 1377 3772 1630 3841; x_wconf 62' lang='lat' dir='ltr'><strong>praebuit,</strong></span> <span class='ocrx_word' id='word_1_590' title='bbox 1660 3772 1859 3842; x_wconf 89' lang='lat' dir='ltr'><strong>cuique</strong></span> <span class='ocrx_word' id='word_1_591' title='bbox 1900 3773 2122 3831; x_wconf 85' lang='lat' dir='ltr'><strong>testibus</strong></span> 
     </span>
    </p>
   </div>
   <div class='ocr_carea' id='block_1_73' title="bbox 2232 3763 3764 3845">
    <p class='ocr_par' dir='ltr' id='par_1_73' title="bbox 2233 3763 3764 3845">
     <span class='ocr_line' id='line_1_73' title="bbox 2233 3763 3764 3845; baseline -0.007 -19"><span class='ocrx_word' id='word_1_592' title='bbox 2233 3773 2535 3844; x_wconf 78' lang='grc' dir='ltr'>φανερώσει</span> <span class='ocrx_word' id='word_1_593' title='bbox 2577 3772 2673 3838; x_wconf 73' lang='grc' dir='ltr'>τὰς</span> <span class='ocrx_word' id='word_1_594' title='bbox 2720 3772 2916 3844; x_wconf 73' lang='grc' dir='ltr'>βουλὰς</span> <span class='ocrx_word' id='word_1_595' title='bbox 2953 3773 3062 3827; x_wconf 84' lang='grc' dir='ltr'><strong>τῶν</strong></span> <span class='ocrx_word' id='word_1_596' title='bbox 3093 3773 3352 3845; x_wconf 85' lang='grc' dir='ltr'>καρδιῶν.</span> <span class='ocrx_word' id='word_1_597' title='bbox 3408 3792 3425 3823; x_wconf 76' lang='grc' dir='ltr'><strong>ι</strong></span> <span class='ocrx_word' id='word_1_598' title='bbox 3468 3771 3601 3844; x_wconf 73' lang='grc' dir='ltr'>Πρὸς</span> <span class='ocrx_word' id='word_1_599' title='bbox 3638 3767 3685 3821; x_wconf 76' lang='grc' dir='ltr'>δὲ</span> <span class='ocrx_word' id='word_1_600' title='bbox 3719 3763 3764 3816; x_wconf 84' lang='grc' dir='ltr'>τὸ</span> 
     </span>
    </p>
   </div>
   <div class='ocr_carea' id='block_1_74' title="bbox 2232 3859 3764 3939">
    <p class='ocr_par' dir='ltr' id='par_1_74' title="bbox 2232 3859 3764 3939">
     <span class='ocr_line' id='line_1_74' title="bbox 2232 3859 3764 3939; baseline -0.001 -21"><span class='ocrx_word' id='word_1_601' title='bbox 2232 3865 2421 3920; x_wconf 77' lang='grc' dir='ltr'>δοκοῦν</span> <span class='ocrx_word' id='word_1_602' title='bbox 2456 3867 2689 3939; x_wconf 76' lang='grc' dir='ltr'>σκληρὸν</span> <span class='ocrx_word' id='word_1_603' title='bbox 2721 3866 2856 3938; x_wconf 82' lang='grc' dir='ltr'>πρὸς</span> <span class='ocrx_word' id='word_1_604' title='bbox 2883 3869 3010 3930; x_wconf 84' lang='grc' dir='ltr'>τοὺς</span> <span class='ocrx_word' id='word_1_605' title='bbox 3036 3867 3105 3920; x_wconf 85' lang='grc' dir='ltr'><strong>τά</strong></span> <span class='ocrx_word' id='word_1_606' title='bbox 3149 3866 3409 3921; x_wconf 86' lang='grc' dir='ltr'>ὲλάττονα</span> <span class='ocrx_word' id='word_1_607' title='bbox 3435 3859 3764 3937; x_wconf 74' lang='grc' dir='ltr'>ἡμαρτηκότας</span> 
     </span>
    </p>
   </div>
   <div class='ocr_carea' id='block_1_75' title="bbox 2238 3954 3761 4029">
    <p class='ocr_par' dir='ltr' id='par_1_75' title="bbox 2238 3954 3761 4029">
     <span class='ocr_line' id='line_1_75' title="bbox 2238 3954 3761 4029; baseline 0 -18"><span class='ocrx_word' id='word_1_608' title='bbox 2238 3959 2380 4012; x_wconf 83' lang='grc' dir='ltr'>εἴποι</span> <span class='ocrx_word' id='word_1_609' title='bbox 2414 3976 2496 4021; x_wconf 89' lang='grc' dir='ltr'><strong>τις</strong></span> <span class='ocrx_word' id='word_1_610' title='bbox 2526 3960 2611 4024; x_wconf 85' lang='grc' dir='ltr'>ἂν,</span> <span class='ocrx_word' id='word_1_611' title='bbox 2637 3960 2717 4011; x_wconf 83' lang='grc' dir='ltr'>ὃτι</span> <span class='ocrx_word' id='word_1_612' title='bbox 2746 3960 2845 4012; x_wconf 77' lang='grc' dir='ltr'>οὐκ</span> <span class='ocrx_word' id='word_1_613' title='bbox 2867 3958 3063 4025; x_wconf 75' lang='grc' dir='ltr'>ἔξεστι,</span> <span class='ocrx_word' id='word_1_614' title='bbox 3098 3959 3179 4023; x_wconf 65' lang='grc' dir='ltr'><strong>δὶς</strong></span> <span class='ocrx_word' id='word_1_615' title='bbox 3216 3958 3347 4029; x_wconf 76' lang='grc' dir='ltr'><strong>ἑξῆς</strong></span> <span class='ocrx_word' id='word_1_616' title='bbox 3385 3957 3458 4029; x_wconf 81' lang='grc' dir='ltr'>μὴ</span> <span class='ocrx_word' id='word_1_617' title='bbox 3488 3954 3761 4011; x_wconf 63' lang='grc' dir='ltr'>ἀκούσαντα,</span> 
     </span>
    </p>
   </div>
   <div class='ocr_carea' id='block_1_76' title="bbox 1763 4093 2616 4153">
    <p class='ocr_par' dir='ltr' id='par_1_76' title="bbox 1763 4093 2616 4153">
     <span class='ocr_line' id='line_1_76' title="bbox 1763 4093 2616 4153; baseline 0.004 -4"><span class='ocrx_word' id='word_1_618' title='bbox 1763 4094 1991 4151; x_wconf 86' lang='lat' dir='ltr'><strong>VETUS</strong></span> <span class='ocrx_word' id='word_1_619' title='bbox 2032 4093 2616 4153; x_wconf 68' lang='lat' dir='ltr'><strong>INTERPRETATIO.</strong></span> 
     </span>
    </p>
   </div>
   <div class='ocr_carea' id='block_1_77' title="bbox 547 4209 3760 4283">
    <p class='ocr_par' dir='ltr' id='par_1_77' title="bbox 547 4209 3760 4283">
     <span class='ocr_line' id='line_1_77' title="bbox 547 4209 3760 4283; baseline -0.002 -13"><span class='ocrx_word' id='word_1_620' title='bbox 547 4213 702 4270; x_wconf 77' lang='lat' dir='ltr'><strong>solus</strong></span> <span class='ocrx_word' id='word_1_621' title='bbox 745 4212 810 4266; x_wconf 90' lang='lat' dir='ltr'><strong>ad</strong></span> <span class='ocrx_word' id='word_1_622' title='bbox 838 4212 1010 4268; x_wconf 89' lang='lat' dir='ltr'><strong>solum</strong></span> <span class='ocrx_word' id='word_1_623' title='bbox 1042 4229 1055 4265; x_wconf 87' lang='lat'>:</span> <span class='ocrx_word' id='word_1_624' title='bbox 1090 4222 1143 4267; x_wconf 90' lang='lat' dir='ltr'><strong>et</strong></span> <span class='ocrx_word' id='word_1_625' title='bbox 1184 4213 1450 4281; x_wconf 88' lang='lat' dir='ltr'><strong>siquidem</strong></span> <span class='ocrx_word' id='word_1_626' title='bbox 1497 4211 1732 4283; x_wconf 76' lang='lat' dir='ltr'><strong>audierit</strong></span> <span class='ocrx_word' id='word_1_627' title='bbox 1771 4212 2023 4283; x_wconf 84' lang='lat' dir='ltr'><strong>quilalia</strong></span> <span class='ocrx_word' id='word_1_628' title='bbox 2056 4213 2145 4268; x_wconf 90' lang='lat' dir='ltr'><strong>illa</strong></span> <span class='ocrx_word' id='word_1_629' title='bbox 2176 4214 2445 4283; x_wconf 84' lang='lat' dir='ltr'><strong>peccavit,</strong></span> <span class='ocrx_word' id='word_1_630' title='bbox 2475 4215 2659 4269; x_wconf 86' lang='lat' dir='ltr'><strong>statim</strong></span> <span class='ocrx_word' id='word_1_631' title='bbox 2713 4230 2839 4269; x_wconf 91' lang='lat' dir='ltr'><strong>eum</strong></span> <span class='ocrx_word' id='word_1_632' title='bbox 2886 4215 3067 4270; x_wconf 89' lang='lat' dir='ltr'><strong>dicere</strong></span> <span class='ocrx_word' id='word_1_633' title='bbox 3112 4213 3458 4270; x_wconf 88' lang='lat' dir='ltr'><strong>Iucrifactum</strong></span> <span class='ocrx_word' id='word_1_634' title='bbox 3487 4231 3501 4267; x_wconf 89' lang='lat'><strong>:</strong></span> <span class='ocrx_word' id='word_1_635' title='bbox 3531 4220 3580 4283; x_wconf 77' lang='lat' dir='ltr'><strong>e_t</strong></span> <span class='ocrx_word' id='word_1_636' title='bbox 3617 4209 3655 4283; x_wconf 88' lang='lat' dir='ltr'><strong>si</strong></span> <span class='ocrx_word' id='word_1_637' title='bbox 3679 4221 3760 4283; x_wconf 83' lang='lat' dir='ltr'><strong>non</strong></span> 
     </span>
    </p>
   </div>
   <div class='ocr_carea' id='block_1_78' title="bbox 549 4279 3758 4366">
    <p class='ocr_par' dir='ltr' id='par_1_78' title="bbox 549 4279 3758 4366">
     <span class='ocr_line' id='line_1_78' title="bbox 549 4279 3758 4366; baseline -0 -28"><span class='ocrx_word' id='word_1_638' title='bbox 549 4282 821 4366; x_wconf 22' lang='lat' dir='ltr'><strong>audierit”</strong></span> <span class='ocrx_word' id='word_1_639' title='bbox 834 4298 947 4366; x_wconf 80' lang='lat' dir='ltr'><strong>non</strong></span> <span class='ocrx_word' id='word_1_640' title='bbox 986 4287 1137 4366; x_wconf 88' lang='lat' dir='ltr'><strong>prius</strong></span> <span class='ocrx_word' id='word_1_641' title='bbox 1174 4279 1298 4365; x_wconf 74' lang='lat' dir='ltr'><strong>eum</strong></span> <span class='ocrx_word' id='word_1_642' title='bbox 1323 4284 1539 4366; x_wconf 44' lang='lat' dir='ltr'><strong>“expelli</strong></span> <span class='ocrx_word' id='word_1_643' title='bbox 1582 4284 1648 4366; x_wconf 75' lang='lat' dir='ltr'><strong>de</strong></span> <span class='ocrx_word' id='word_1_644' title='bbox 1679 4279 1940 4363; x_wconf 77' lang='lat' dir='ltr'><strong>Ecclesia,</strong></span> <span class='ocrx_word' id='word_1_645' title='bbox 1976 4283 2079 4339; x_wconf 89' lang='lat' dir='ltr'><strong>nisi</strong></span> <span class='ocrx_word' id='word_1_646' title='bbox 2124 4279 2443 4366; x_wconf 73' lang='lat' dir='ltr'><strong>priusquam</strong></span> <span class='ocrx_word' id='word_1_647' title='bbox 2487 4296 2541 4339; x_wconf 90' lang='lat' dir='ltr'><strong>et</strong></span> <span class='ocrx_word' id='word_1_648' title='bbox 2581 4285 3036 4366; x_wconf 39' lang='lat' dir='ltr'><strong>coram-testibus</strong></span> <span class='ocrx_word' id='word_1_649' title='bbox 3069 4295 3408 4366; x_wconf 43' lang='lat' dir='ltr'><strong>argutus...et</strong></span> <span class='ocrx_word' id='word_1_650' title='bbox 3450 4279 3758 4366; x_wconf 45' lang='lat' dir='ltr'><strong>ab‘Ecclesia.</strong></span> 
     </span>
    </p>
   </div>
   <div class='ocr_carea' id='block_1_79' title="bbox 552 4352 3760 4426">
    <p class='ocr_par' dir='ltr' id='par_1_79' title="bbox 552 4352 3760 4426">
     <span class='ocr_line' id='line_1_79' title="bbox 552 4352 3760 4426; baseline 0 -19"><span class='ocrx_word' id='word_1_651' title='bbox 552 4354 851 4426; x_wconf 82' lang='lat' dir='ltr'><strong>perstiterit</strong></span> <span class='ocrx_word' id='word_1_652' title='bbox 883 4354 947 4426; x_wconf 82' lang='lat' dir='ltr'><strong>in</strong></span> <span class='ocrx_word' id='word_1_653' title='bbox 980 4352 1103 4426; x_wconf 82' lang='lat' dir='ltr'><strong>actu</strong></span> <span class='ocrx_word' id='word_1_654' title='bbox 1137 4354 1299 4426; x_wconf 81' lang='lat' dir='ltr'><strong>priori</strong></span> <span class='ocrx_word' id='word_1_655' title='bbox 1323 4353 1369 4426; x_wconf 76' lang='lat'><strong>?_</strong></span> <span class='ocrx_word' id='word_1_656' title='bbox 1390 4352 1506 4426; x_wconf 82' lang='lat' dir='ltr'><strong>Non</strong></span> <span class='ocrx_word' id='word_1_657' title='bbox 1543 4361 1723 4407; x_wconf 90' lang='lat' dir='ltr'><strong>autem</strong></span> <span class='ocrx_word' id='word_1_658' title='bbox 1771 4352 2405 4426; x_wconf 62' lang='lat' dir='ltr'><strong>ignoramus,&#39;quuniam</strong></span> <span class='ocrx_word' id='word_1_659' title='bbox 2442 4370 2677 4419; x_wconf 84' lang='lat' dir='ltr'><strong>sequens</strong></span> <span class='ocrx_word' id='word_1_660' title='bbox 2704 4355 2859 4426; x_wconf 75' lang='lat' dir='ltr'><strong>alius</strong></span> <span class='ocrx_word' id='word_1_661' title='bbox 2882 4361 3068 4417; x_wconf 82' lang='lat' dir='ltr'><strong>verba,</strong></span> <span class='ocrx_word' id='word_1_662' title='bbox 3095 4352 3149 4409; x_wconf 82' lang='lat' dir='ltr'><strong>et</strong></span> <span class='ocrx_word' id='word_1_663' title='bbox 3179 4355 3451 4426; x_wconf 85' lang='lat' dir='ltr'><strong>aspiciens</strong></span> <span class='ocrx_word' id='word_1_664' title='bbox 3482 4354 3543 4408; x_wconf 89' lang='lat' dir='ltr'><strong>ad</strong></span> <span class='ocrx_word' id='word_1_665' title='bbox 3574 4354 3760 4426; x_wconf 55' lang='lat' dir='ltr'><strong>irpmrli</strong></span> 
     </span>
    </p>
   </div>
   <div class='ocr_carea' id='block_1_80' title="bbox 550 4419 3760 4495">
    <p class='ocr_par' dir='ltr' id='par_1_80' title="bbox 550 4419 3760 4495">
     <span class='ocr_line' id='line_1_80' title="bbox 550 4419 3760 4495; baseline -0.003 -18"><span class='ocrx_word' id='word_1_666' title='bbox 550 4419 670 4477; x_wconf 72' lang='lat' dir='ltr'><strong>sam</strong></span> <span class='ocrx_word' id='word_1_667' title='bbox 715 4419 1149 4495; x_wconf 74' lang='lat' dir='ltr'><strong>misericordiam</strong></span> <span class='ocrx_word' id='word_1_668' title='bbox 1174 4423 1373 4495; x_wconf 77' lang='lat' dir='ltr'><strong>Christi</strong></span> <span class='ocrx_word' id='word_1_669' title='bbox 1416 4424 1598 4495; x_wconf 85' lang='lat' dir='ltr'><strong>dicere</strong></span> <span class='ocrx_word' id='word_1_670' title='bbox 1640 4419 1833 4488; x_wconf 69' lang='lat' dir='ltr'><strong>potest,</strong></span> <span class='ocrx_word' id='word_1_671' title='bbox 1868 4426 2129 4495; x_wconf 88' lang='lat' dir='ltr'><strong>quoniam</strong></span> <span class='ocrx_word' id='word_1_672' title='bbox 2167 4419 2294 4480; x_wconf 76' lang='lat' dir='ltr'><strong>cum</strong></span> <span class='ocrx_word' id='word_1_673' title='bbox 2336 4426 2499 4479; x_wconf 88' lang='lat' dir='ltr'><strong>verba</strong></span> <span class='ocrx_word' id='word_1_674' title='bbox 2542 4426 2658 4495; x_wconf 87' lang='lat' dir='ltr'><strong>ipsa</strong></span> <span class='ocrx_word' id='word_1_675' title='bbox 2690 4424 2892 4480; x_wconf 87' lang='lat' dir='ltr'><strong>Christi</strong></span> <span class='ocrx_word' id='word_1_676' title='bbox 2945 4426 3145 4479; x_wconf 90' lang='lat' dir='ltr'><strong>nullam</strong></span> <span class='ocrx_word' id='word_1_677' title='bbox 3202 4419 3556 4480; x_wconf 75' lang='lat' dir='ltr'><strong>differentiam</strong></span> <span class='ocrx_word' id='word_1_678' title='bbox 3601 4419 3760 4495; x_wconf 73' lang='lat' dir='ltr'><strong>faciant</strong></span> 
     </span>
    </p>
   </div>
   <div class='ocr_carea' id='block_1_81' title="bbox 549 4491 3759 4571">
    <p class='ocr_par' dir='ltr' id='par_1_81' title="bbox 549 4491 3759 4571">
     <span class='ocr_line' id='line_1_81' title="bbox 549 4491 3759 4571; baseline -0.002 -26"><span class='ocrx_word' id='word_1_679' title='bbox 549 4502 920 4571; x_wconf 73' lang='lat' dir='ltr'><strong>peccatorum,</strong></span> <span class='ocrx_word' id='word_1_680' title='bbox 949 4493 1281 4571; x_wconf 78' lang='lat' dir='ltr'><strong>spperfluum</strong></span> <span class='ocrx_word' id='word_1_681' title='bbox 1323 4491 1553 4571; x_wconf 73' lang='lat' dir='ltr'><strong>faciunt,</strong></span> <span class='ocrx_word' id='word_1_682' title='bbox 1592 4500 1647 4547; x_wconf 88' lang='lat' dir='ltr'><strong>et</strong></span> <span class='ocrx_word' id='word_1_683' title='bbox 1686 4503 1874 4571; x_wconf 77' lang='lat' dir='ltr'><strong>contra</strong></span> <span class='ocrx_word' id='word_1_684' title='bbox 1891 4491 2101 4571; x_wconf 72' lang='lat' dir='ltr'><strong>Christi</strong></span> <span class='ocrx_word' id='word_1_685' title='bbox 2150 4491 2606 4571; x_wconf 75' lang='lat' dir='ltr'><strong>misericordiam,</strong></span> <span class='ocrx_word' id='word_1_686' title='bbox 2644 4496 2738 4566; x_wconf 91' lang='lat' dir='ltr'><strong>qui</strong></span> <span class='ocrx_word' id='word_1_687' title='bbox 2774 4496 2888 4550; x_wconf 70' lang='lat' dir='ltr'><strong>haec</strong></span> <span class='ocrx_word' id='word_1_688' title='bbox 2928 4496 2996 4549; x_wconf 91' lang='lat' dir='ltr'><strong>ad</strong></span> <span class='ocrx_word' id='word_1_689' title='bbox 3025 4496 3249 4571; x_wconf 85' lang='lat' dir='ltr'><strong>minima</strong></span> <span class='ocrx_word' id='word_1_690' title='bbox 3295 4504 3517 4571; x_wconf 60' lang='lat' dir='ltr'><strong>tantum</strong></span> <span class='ocrx_word' id='word_1_691' title='bbox 3537 4491 3759 4563; x_wconf 80' lang='lat' dir='ltr'><strong>pertinere</strong></span> 
     </span>
    </p>
   </div>
   <div class='ocr_carea' id='block_1_82' title="bbox 552 4561 3757 4642">
    <p class='ocr_par' dir='ltr' id='par_1_82' title="bbox 552 4561 3757 4642">
     <span class='ocr_line' id='line_1_82' title="bbox 552 4561 3757 4642; baseline -0.002 -28"><span class='ocrx_word' id='word_1_692' title='bbox 552 4561 919 4642; x_wconf 71' lang='lat' dir='ltr'><strong>distinguunt.</strong></span> <span class='ocrx_word' id='word_1_693' title='bbox 962 4561 1066 4617; x_wconf 73' lang='lat' dir='ltr'><strong>seu</strong></span> <span class='ocrx_word' id='word_1_694' title='bbox 1097 4579 1222 4618; x_wconf 90' lang='lat' dir='ltr'><strong>eum</strong></span> <span class='ocrx_word' id='word_1_695' title='bbox 1250 4564 1341 4642; x_wconf 79' lang='lat' dir='ltr'><strong>qui</strong></span> <span class='ocrx_word' id='word_1_696' title='bbox 1376 4564 1553 4618; x_wconf 89' lang='lat' dir='ltr'><strong>taliter</strong></span> <span class='ocrx_word' id='word_1_697' title='bbox 1584 4564 1767 4642; x_wconf 72' lang='lat' dir='ltr'><strong>sentit,</strong></span> <span class='ocrx_word' id='word_1_698' title='bbox 1805 4579 1912 4617; x_wconf 93' lang='lat' dir='ltr'><strong>non</strong></span> <span class='ocrx_word' id='word_1_699' title='bbox 1938 4565 2179 4642; x_wconf 72' lang='lat' dir='ltr'><strong>arbitror</strong></span> <span class='ocrx_word' id='word_1_700' title='bbox 2208 4561 2989 4642; x_wconf 74' lang='lat' dir='ltr'><strong>adutilitatemcommunem</strong></span> <span class='ocrx_word' id='word_1_701' title='bbox 3038 4566 3137 4620; x_wconf 90' lang='lat' dir='ltr'><strong>ista</strong></span> <span class='ocrx_word' id='word_1_702' title='bbox 3168 4567 3388 4642; x_wconf 79' lang='lat' dir='ltr'><strong>sentire.</strong></span> <span class='ocrx_word' id='word_1_703' title='bbox 3439 4561 3580 4642; x_wconf 77' lang='lat' dir='ltr'><strong>Alius</strong></span> <span class='ocrx_word' id='word_1_704' title='bbox 3618 4568 3757 4642; x_wconf 66' lang='lat' dir='ltr'><strong>anicin</strong></span> 
     </span>
    </p>
   </div>
   <div class='ocr_carea' id='block_1_83' title="bbox 553 4628 3758 4711">
    <p class='ocr_par' dir='ltr' id='par_1_83' title="bbox 553 4628 3758 4711">
     <span class='ocr_line' id='line_1_83' title="bbox 553 4628 3758 4711; baseline -0 -27"><span class='ocrx_word' id='word_1_705' title='bbox 553 4630 674 4711; x_wconf 63' lang='lat' dir='ltr'><strong>ipsa</strong></span> <span class='ocrx_word' id='word_1_706' title='bbox 711 4628 875 4711; x_wconf 53' lang='lat' dir='ltr'><strong>verba</strong></span> <span class='ocrx_word' id='word_1_707' title='bbox 919 4642 1078 4711; x_wconf 79' lang='lat' dir='ltr'><strong>caute</strong></span> <span class='ocrx_word' id='word_1_708' title='bbox 1120 4628 1515 4711; x_wconf 77' lang='lat' dir='ltr'><strong>considerans,</strong></span> <span class='ocrx_word' id='word_1_709' title='bbox 1544 4642 1604 4711; x_wconf 66' lang='lat' dir='ltr'><strong>et</strong></span> <span class='ocrx_word' id='word_1_710' title='bbox 1638 4634 1770 4687; x_wconf 90' lang='lat' dir='ltr'><strong>nihil</strong></span> <span class='ocrx_word' id='word_1_711' title='bbox 1810 4634 2154 4691; x_wconf 82' lang='lat' dir='ltr'><strong>extrinsecus</strong></span> <span class='ocrx_word' id='word_1_712' title='bbox 2203 4636 2521 4711; x_wconf 72' lang='lat' dir='ltr'><strong>subaudire</strong></span> <span class='ocrx_word' id='word_1_713' title='bbox 2548 4637 2756 4711; x_wconf 75' lang='lat' dir='ltr'><strong>volens,</strong></span> <span class='ocrx_word' id='word_1_714' title='bbox 2808 4652 2914 4690; x_wconf 91' lang='lat' dir='ltr'><strong>non</strong></span> <span class='ocrx_word' id='word_1_715' title='bbox 2958 4636 3025 4690; x_wconf 90' lang='lat' dir='ltr'><strong>de</strong></span> <span class='ocrx_word' id='word_1_716' title='bbox 3067 4636 3213 4711; x_wconf 60' lang='grc' dir='ltr'><strong>ο]ηηί</strong></span> <span class='ocrx_word' id='word_1_717' title='bbox 3250 4645 3469 4711; x_wconf 71' lang='lat' dir='ltr'><strong>peccato</strong></span> <span class='ocrx_word' id='word_1_718' title='bbox 3512 4636 3614 4711; x_wconf 71' lang='lat' dir='ltr'><strong>lu&#39;ec</strong></span> <span class='ocrx_word' id='word_1_719' title='bbox 3647 4628 3758 4707; x_wconf 71' lang='lat' dir='ltr'><strong>dicta</strong></span> 
     </span>
    </p>
   </div>
   <div class='ocr_carea' id='block_1_84' title="bbox 589 4698 3756 4783">
    <p class='ocr_par' dir='ltr' id='par_1_84' title="bbox 589 4698 3756 4783">
     <span class='ocr_line' id='line_1_84' title="bbox 589 4698 3756 4783; baseline -0.002 -28"><span class='ocrx_word' id='word_1_720' title='bbox 589 4698 813 4783; x_wconf 71' lang='lat' dir='ltr'><strong>efepdit,</strong></span> <span class='ocrx_word' id='word_1_721' title='bbox 858 4702 1120 4783; x_wconf 71' lang='lat' dir='ltr'><strong>quoniam</strong></span> <span class='ocrx_word' id='word_1_722' title='bbox 1156 4704 1255 4783; x_wconf 89' lang='lat' dir='ltr'><strong>qui</strong></span> <span class='ocrx_word' id='word_1_723' title='bbox 1287 4703 1507 4783; x_wconf 82' lang='lat' dir='ltr'><strong>grandia</strong></span> <span class='ocrx_word' id='word_1_724' title='bbox 1544 4705 1631 4783; x_wconf 79' lang='lat' dir='ltr'><strong>illa</strong></span> <span class='ocrx_word' id='word_1_725' title='bbox 1685 4714 1869 4783; x_wconf 41' lang='lat' dir='ltr'><strong>peccant</strong></span> <span class='ocrx_word' id='word_1_726' title='bbox 1894 4746 1908 4766; x_wconf 88' lang='lat'><strong>,</strong></span> <span class='ocrx_word' id='word_1_727' title='bbox 1956 4720 2058 4760; x_wconf 89' lang='lat' dir='ltr'><strong>nec</strong></span> <span class='ocrx_word' id='word_1_728' title='bbox 2074 4714 2164 4783; x_wconf 57' lang='lat' dir='ltr'><strong>est</strong></span> <span class='ocrx_word' id='word_1_729' title='bbox 2199 4706 2383 4783; x_wconf 84' lang='lat' dir='ltr'><strong>frater,</strong></span> <span class='ocrx_word' id='word_1_730' title='bbox 2418 4707 2522 4783; x_wconf 78' lang='lat' dir='ltr'><strong>nisi</strong></span> <span class='ocrx_word' id='word_1_731' title='bbox 2551 4705 2690 4760; x_wconf 81' lang='lat' dir='ltr'><strong>forte</strong></span> <span class='ocrx_word' id='word_1_732' title='bbox 2728 4708 3042 4761; x_wconf 90' lang='lat' dir='ltr'><strong>nominetur</strong></span> <span class='ocrx_word' id='word_1_733' title='bbox 3086 4698 3282 4783; x_wconf 37' lang='lat' dir='ltr'><strong>frater.-</strong></span> <span class='ocrx_word' id='word_1_734' title='bbox 3323 4704 3615 4783; x_wconf 57' lang='lat' dir='ltr'><strong>Dilieresrtia</strong></span> <span class='ocrx_word' id='word_1_735' title='bbox 3645 4698 3756 4783; x_wconf 54' lang='lat' dir='ltr'><strong>enipi</strong></span> 
     </span>
    </p>
   </div>
   <div class='ocr_carea' id='block_1_85' title="bbox 549 4763 3757 4853">
    <p class='ocr_par' dir='ltr' id='par_1_85' title="bbox 549 4763 3757 4853">
     <span class='ocr_line' id='line_1_85' title="bbox 549 4763 3757 4853; baseline -0.001 -28"><span class='ocrx_word' id='word_1_736' title='bbox 549 4779 642 4853; x_wconf 73' lang='lat' dir='ltr'><strong>est</strong></span> <span class='ocrx_word' id='word_1_737' title='bbox 677 4763 817 4853; x_wconf 66' lang='lat' dir='ltr'><strong>inter</strong></span> <span class='ocrx_word' id='word_1_738' title='bbox 854 4763 1077 4853; x_wconf 77' lang='lat' dir='ltr'><strong>fratrem</strong></span> <span class='ocrx_word' id='word_1_739' title='bbox 1117 4763 1323 4853; x_wconf 70' lang='lat' dir='ltr'><strong>etcum</strong></span> <span class='ocrx_word' id='word_1_740' title='bbox 1351 4774 1444 4853; x_wconf 82' lang='lat' dir='ltr'><strong>qui</strong></span> <span class='ocrx_word' id='word_1_741' title='bbox 1475 4763 1791 4853; x_wconf 77' lang='lat' dir='ltr'><strong>nominatur</strong></span> <span class='ocrx_word' id='word_1_742' title='bbox 1832 4763 2020 4853; x_wconf 67' lang='lat' dir='ltr'><strong>frater.</strong></span> <span class='ocrx_word' id='word_1_743' title='bbox 2071 4774 2137 4853; x_wconf 83' lang='lat' dir='ltr'><strong>Et</strong></span> <span class='ocrx_word' id='word_1_744' title='bbox 2162 4763 2417 4845; x_wconf 86' lang='lat' dir='ltr'><strong>quoniam</strong></span> <span class='ocrx_word' id='word_1_745' title='bbox 2450 4778 2655 4832; x_wconf 86' lang='lat' dir='ltr'><strong>distant</strong></span> <span class='ocrx_word' id='word_1_746' title='bbox 2686 4791 2713 4830; x_wconf 78' lang='grc' dir='ltr'><strong>ο</strong></span> <span class='ocrx_word' id='word_1_747' title='bbox 2744 4786 3142 4853; x_wconf 36' lang='grc' dir='ltr'><strong>⁸διξεριοριενεξι</strong></span> <span class='ocrx_word' id='word_1_748' title='bbox 3173 4776 3309 4830; x_wconf 87' lang='lat' dir='ltr'><strong>dicit</strong></span> <span class='ocrx_word' id='word_1_749' title='bbox 3342 4774 3651 4845; x_wconf 80' lang='lat' dir='ltr'><strong>Apostolus:</strong></span> <span class='ocrx_word' id='word_1_750' title='bbox 3679 4763 3757 4853; x_wconf 49' lang='grc' dir='ltr'><strong>αξ</strong></span> 
     </span>
    </p>
   </div>
   <div class='ocr_carea' id='block_1_86' title="bbox 550 4840 3754 4924">
    <p class='ocr_par' dir='ltr' id='par_1_86' title="bbox 550 4840 3754 4924">
     <span class='ocr_line' id='line_1_86' title="bbox 550 4840 3754 4924; baseline 0.002 -29"><span class='ocrx_word' id='word_1_751' title='bbox 550 4841 675 4924; x_wconf 73' lang='lat' dir='ltr'><strong>quis</strong></span> <span class='ocrx_word' id='word_1_752' title='bbox 702 4840 870 4896; x_wconf 87' lang='lat' dir='ltr'><strong>frater</strong></span> <span class='ocrx_word' id='word_1_753' title='bbox 898 4843 1207 4924; x_wconf 71' lang='lat' dir='ltr'><strong>nominetur</strong></span> <span class='ocrx_word' id='word_1_754' title='bbox 1241 4844 1294 4897; x_wconf 91' lang='lat' dir='ltr'><strong>in</strong></span> <span class='ocrx_word' id='word_1_755' title='bbox 1325 4840 1497 4905; x_wconf 85' lang='lat' dir='ltr'><strong>vobis,</strong></span> <span class='ocrx_word' id='word_1_756' title='bbox 1531 4845 1600 4924; x_wconf 72' lang='lat' dir='ltr'><strong>sit</strong></span> <span class='ocrx_word' id='word_1_757' title='bbox 1630 4840 2193 4924; x_wconf 73' lang='lat' dir='ltr'><strong>autem_forni_carius,</strong></span> <span class='ocrx_word' id='word_1_758' title='bbox 2233 4857 2327 4900; x_wconf 86' lang='lat' dir='ltr'><strong>aut</strong></span> <span class='ocrx_word' id='word_1_759' title='bbox 2363 4861 2584 4911; x_wconf 88' lang='lat' dir='ltr'><strong>avarus,</strong></span> <span class='ocrx_word' id='word_1_760' title='bbox 2621 4855 2714 4924; x_wconf 75' lang='lat' dir='ltr'><strong>aut</strong></span> <span class='ocrx_word' id='word_1_761' title='bbox 2744 4840 3009 4924; x_wconf 80' lang='lat' dir='ltr'><strong>idolorum</strong></span> <span class='ocrx_word' id='word_1_762' title='bbox 3043 4847 3272 4909; x_wconf 75' lang='lat' dir='ltr'><strong>cultom</strong></span> <span class='ocrx_word' id='word_1_763' title='bbox 3298 4856 3351 4900; x_wconf 91' lang='lat' dir='ltr'><strong>et</strong></span> <span class='ocrx_word' id='word_1_764' title='bbox 3388 4840 3594 4924; x_wconf 58' lang='lat' dir='ltr'><strong>extera:</strong></span> <span class='ocrx_word' id='word_1_765' title='bbox 3621 4858 3636 4889; x_wconf 75' lang='grc' dir='ltr'>ί</span> <span class='ocrx_word' id='word_1_766' title='bbox 3661 4848 3754 4924; x_wconf 58' lang='lat' dir='ltr'><strong>C03]</strong></span> 
     </span>
    </p>
   </div>
   <div class='ocr_carea' id='block_1_87' title="bbox 548 4902 3756 4992">
    <p class='ocr_par' dir='ltr' id='par_1_87' title="bbox 548 4902 3756 4992">
     <span class='ocr_line' id='line_1_87' title="bbox 548 4902 3756 4992; baseline -0.001 -26"><span class='ocrx_word' id='word_1_767' title='bbox 548 4902 767 4992; x_wconf 38' lang='lat' dir='ltr'><strong>talibus.</strong></span> <span class='ocrx_word' id='word_1_768' title='bbox 799 4926 899 4967; x_wconf 89' lang='lat' dir='ltr'><strong>nec</strong></span> <span class='ocrx_word' id='word_1_769' title='bbox 942 4913 1124 4992; x_wconf 81' lang='lat' dir='ltr'><strong>cibum</strong></span> <span class='ocrx_word' id='word_1_770' title='bbox 1153 4928 1413 4992; x_wconf 50' lang='lat' dir='ltr'><strong>sumere.</strong></span> <span class='ocrx_word' id='word_1_771' title='bbox 1448 4902 1510 4992; x_wconf 36' lang='grc' dir='ltr'><strong>ι’.</strong></span> <span class='ocrx_word' id='word_1_772' title='bbox 1530 4912 1702 4968; x_wconf 89' lang='lat' dir='ltr'><strong>Nemo</strong></span> <span class='ocrx_word' id='word_1_773' title='bbox 1743 4914 1888 4992; x_wconf 86' lang='lat' dir='ltr'><strong>enim</strong></span> <span class='ocrx_word' id='word_1_774' title='bbox 1942 4902 2208 4992; x_wconf 81' lang='lat' dir='ltr'><strong>idolorum</strong></span> <span class='ocrx_word' id='word_1_775' title='bbox 2260 4921 2459 4979; x_wconf 70' lang='lat' dir='ltr'><strong>cultor,</strong></span> <span class='ocrx_word' id='word_1_776' title='bbox 2516 4902 2611 4970; x_wconf 82' lang='lat' dir='ltr'><strong>aut</strong></span> <span class='ocrx_word' id='word_1_777' title='bbox 2663 4916 2981 4980; x_wconf 89' lang='lat' dir='ltr'><strong>fornicator,</strong></span> <span class='ocrx_word' id='word_1_778' title='bbox 3018 4902 3348 4992; x_wconf 79' lang='lat' dir='ltr'><strong>aut_avarus</strong></span> <span class='ocrx_word' id='word_1_779' title='bbox 3398 4916 3555 4992; x_wconf 67' lang='lat' dir='ltr'><strong>frater</strong></span> <span class='ocrx_word' id='word_1_780' title='bbox 3578 4919 3667 4965; x_wconf 87' lang='lat' dir='ltr'><strong>est.</strong></span> <span class='ocrx_word' id='word_1_781' title='bbox 3708 4902 3756 4992; x_wconf 63' lang='grc' dir='ltr'><strong>Εξ</strong></span> 
     </span>
    </p>
   </div>
   <div class='ocr_carea' id='block_1_88' title="bbox 548 4982 3755 5056">
    <p class='ocr_par' dir='ltr' id='par_1_88' title="bbox 548 4982 3755 5056">
     <span class='ocr_line' id='line_1_88' title="bbox 548 4982 3755 5056; baseline -0.002 -19"><span class='ocrx_word' id='word_1_782' title='bbox 548 4982 801 5056; x_wconf 85' lang='lat' dir='ltr'><strong>quamvis</strong></span> <span class='ocrx_word' id='word_1_783' title='bbox 836 4998 1041 5056; x_wconf 85' lang='lat' dir='ltr'><strong>nomen</strong></span> <span class='ocrx_word' id='word_1_784' title='bbox 1080 4982 1281 5056; x_wconf 85' lang='lat' dir='ltr'><strong>bajulet</strong></span> <span class='ocrx_word' id='word_1_785' title='bbox 1309 4982 1534 5056; x_wconf 73' lang='lat' dir='ltr'><strong>Christi,</strong></span> <span class='ocrx_word' id='word_1_786' title='bbox 1565 4994 1763 5056; x_wconf 69' lang='lat' dir='ltr'><strong>tamen</strong></span> <span class='ocrx_word' id='word_1_787' title='bbox 1791 4983 1978 5056; x_wconf 81' lang='lat' dir='ltr'><strong>frater</strong></span> <span class='ocrx_word' id='word_1_788' title='bbox 2014 4988 2348 5050; x_wconf 91' lang='lat' dir='ltr'><strong>nominetur,</strong></span> <span class='ocrx_word' id='word_1_789' title='bbox 2391 5002 2498 5039; x_wconf 89' lang='lat' dir='ltr'><strong>non</strong></span> <span class='ocrx_word' id='word_1_790' title='bbox 2546 4996 2727 5040; x_wconf 90' lang='lat' dir='ltr'><strong>autem</strong></span> <span class='ocrx_word' id='word_1_791' title='bbox 2768 4996 2821 5040; x_wconf 89' lang='lat' dir='ltr'><strong>et</strong></span> <span class='ocrx_word' id='word_1_792' title='bbox 2864 4987 3082 5056; x_wconf 88' lang='lat' dir='ltr'><strong>proprie</strong></span> <span class='ocrx_word' id='word_1_793' title='bbox 3129 4985 3297 5041; x_wconf 84' lang='lat' dir='ltr'><strong>frater</strong></span> <span class='ocrx_word' id='word_1_794' title='bbox 3344 4995 3445 5041; x_wconf 92' lang='lat' dir='ltr'><strong>est.</strong></span> <span class='ocrx_word' id='word_1_795' title='bbox 3498 4982 3635 5037; x_wconf 91' lang='lat' dir='ltr'><strong>Sicut</strong></span> <span class='ocrx_word' id='word_1_796' title='bbox 3656 4986 3755 5043; x_wconf 80' lang='lat' dir='ltr'><strong>ergo</strong></span> 
     </span>
    </p>
   </div>
   <div class='ocr_carea' id='block_1_89' title="bbox 546 5053 3754 5128">
    <p class='ocr_par' dir='ltr' id='par_1_89' title="bbox 546 5053 3754 5128">
     <span class='ocr_line' id='line_1_89' title="bbox 546 5053 3754 5128; baseline 0 -19"><span class='ocrx_word' id='word_1_797' title='bbox 546 5053 1230 5128; x_wconf 68' lang='lat' dir='ltr'><strong>aestimationeeminentis</strong></span> <span class='ocrx_word' id='word_1_798' title='bbox 1262 5054 1649 5128; x_wconf 76' lang='lat' dir='ltr'><strong>misericordia:</strong></span> <span class='ocrx_word' id='word_1_799' title='bbox 1672 5054 1874 5128; x_wconf 88' lang='lat' dir='ltr'><strong>Christi</strong></span> <span class='ocrx_word' id='word_1_800' title='bbox 1906 5056 2301 5128; x_wconf 82' lang='lat' dir='ltr'><strong>negligentibus</strong></span> <span class='ocrx_word' id='word_1_801' title='bbox 2326 5057 2586 5128; x_wconf 86' lang='lat' dir='ltr'><strong>peccandi</strong></span> <span class='ocrx_word' id='word_1_802' title='bbox 2614 5053 2955 5128; x_wconf 77' lang='lat' dir='ltr'><strong>occasionem</strong></span> <span class='ocrx_word' id='word_1_803' title='bbox 2969 5053 3108 5128; x_wconf 42' lang='lat' dir='ltr'><strong>’dat,</strong></span> <span class='ocrx_word' id='word_1_804' title='bbox 3127 5058 3221 5126; x_wconf 91' lang='lat' dir='ltr'><strong>qui</strong></span> <span class='ocrx_word' id='word_1_805' title='bbox 3248 5056 3315 5110; x_wconf 87' lang='lat' dir='ltr'><strong>ad</strong></span> <span class='ocrx_word' id='word_1_806' title='bbox 3344 5070 3502 5128; x_wconf 87' lang='lat' dir='ltr'><strong>omne</strong></span> <span class='ocrx_word' id='word_1_807' title='bbox 3522 5056 3754 5128; x_wconf 60' lang='lat' dir='ltr'><strong>peccatum</strong></span> 
     </span>
    </p>
   </div>
   <div class='ocr_carea' id='block_1_90' title="bbox 547 5124 3751 5208">
    <p class='ocr_par' dir='ltr' id='par_1_90' title="bbox 547 5124 3751 5208">
     <span class='ocr_line' id='line_1_90' title="bbox 547 5124 3751 5208; baseline -0.003 -31"><span class='ocrx_word' id='word_1_808' title='bbox 547 5124 877 5208; x_wconf 74' lang='lat' dir='ltr'><strong>generaliter</strong></span> <span class='ocrx_word' id='word_1_809' title='bbox 917 5126 1035 5179; x_wconf 68' lang='lat' dir='ltr'><strong>haec</strong></span> <span class='ocrx_word' id='word_1_810' title='bbox 1076 5126 1349 5208; x_wconf 74' lang='lat' dir='ltr'><strong>pertinere</strong></span> <span class='ocrx_word' id='word_1_811' title='bbox 1385 5124 1607 5208; x_wconf 46' lang='lat' dir='ltr'><strong>eiip&#39;onit</strong></span> <span class='ocrx_word' id='word_1_812' title='bbox 1642 5124 2176 5208; x_wconf 43' lang='lat' dir='ltr'><strong>asicﬂecontra&#39;qui</strong></span> <span class='ocrx_word' id='word_1_813' title='bbox 2213 5124 2370 5208; x_wconf 78' lang='lat' dir='ltr'><strong>docet</strong></span> <span class='ocrx_word' id='word_1_814' title='bbox 2419 5127 2479 5208; x_wconf 73' lang='lat' dir='ltr'><strong>in</strong></span> <span class='ocrx_word' id='word_1_815' title='bbox 2502 5127 2760 5208; x_wconf 42' lang='lat' dir='ltr'><strong>‘minimis</strong></span> <span class='ocrx_word' id='word_1_816' title='bbox 2794 5136 2849 5180; x_wconf 91' lang='lat' dir='ltr'><strong>et</strong></span> <span class='ocrx_word' id='word_1_817' title='bbox 2891 5124 3160 5208; x_wconf 72' lang='lat' dir='ltr'><strong>humanis</strong></span> <span class='ocrx_word' id='word_1_818' title='bbox 3188 5126 3424 5208; x_wconf 87' lang='lat' dir='ltr'><strong>peccatis</strong></span> <span class='ocrx_word' id='word_1_819' title='bbox 3470 5126 3751 5208; x_wconf 51' lang='lat' dir='ltr'><strong>peccantem:</strong></span> 
     </span>
    </p>
   </div>
   <div class='ocr_carea' id='block_1_91' title="bbox 550 5193 3752 5267">
    <p class='ocr_par' dir='ltr' id='par_1_91' title="bbox 550 5193 3752 5267">
     <span class='ocr_line' id='line_1_91' title="bbox 550 5193 3752 5267; baseline -0.001 -22"><span class='ocrx_word' id='word_1_820' title='bbox 550 5202 670 5261; x_wconf 85' lang='lat' dir='ltr'><strong>post</strong></span> <span class='ocrx_word' id='word_1_821' title='bbox 712 5195 1043 5267; x_wconf 79' lang='lat' dir='ltr'><strong>agnitionem</strong></span> <span class='ocrx_word' id='word_1_822' title='bbox 1089 5196 1332 5257; x_wconf 89' lang='lat' dir='ltr'><strong>testium,</strong></span> <span class='ocrx_word' id='word_1_823' title='bbox 1358 5193 1747 5267; x_wconf 70' lang='lat' dir='ltr'><strong>velEcclesim,</strong></span> <span class='ocrx_word' id='word_1_824' title='bbox 1776 5195 1889 5267; x_wconf 78' lang='lat' dir='ltr'><strong>fleri</strong></span> <span class='ocrx_word' id='word_1_825' title='bbox 1923 5193 2176 5267; x_wconf 80' lang='lat' dir='ltr'><strong>oportere</strong></span> <span class='ocrx_word' id='word_1_826' title='bbox 2210 5198 2351 5252; x_wconf 89' lang='lat' dir='ltr'><strong>sicut</strong></span> <span class='ocrx_word' id='word_1_827' title='bbox 2389 5196 2740 5267; x_wconf 87' lang='lat' dir='ltr'><strong>publicanum</strong></span> <span class='ocrx_word' id='word_1_828' title='bbox 2764 5198 3157 5267; x_wconf 81' lang='lat' dir='ltr'><strong>etethnicum</strong></span> <span class='ocrx_word' id='word_1_829' title='bbox 3188 5193 3249 5250; x_wconf 84' lang='lat' dir='ltr'><strong>in</strong></span> <span class='ocrx_word' id='word_1_830' title='bbox 3286 5193 3515 5267; x_wconf 81' lang='lat' dir='ltr'><strong>peccatis</strong></span> <span class='ocrx_word' id='word_1_831' title='bbox 3539 5195 3752 5267; x_wconf 41' lang='lat' dir='ltr'><strong>quae?!)</strong></span> 
     </span>
    </p>
   </div>
   <div class='ocr_carea' id='block_1_92' title="bbox 551 5256 3754 5338">
    <p class='ocr_par' dir='ltr' id='par_1_92' title="bbox 551 5256 3754 5338">
     <span class='ocr_line' id='line_1_92' title="bbox 551 5256 3754 5338; baseline -0.001 -22"><span class='ocrx_word' id='word_1_832' title='bbox 551 5256 682 5317; x_wconf 62' lang='lat' dir='ltr'><strong>Sunt</strong></span> <span class='ocrx_word' id='word_1_833' title='bbox 727 5256 773 5315; x_wconf 57' lang='grc' dir='ltr'>Γ</span> <span class='ocrx_word' id='word_1_834' title='bbox 789 5266 855 5320; x_wconf 91' lang='lat' dir='ltr'><strong>ad</strong></span> <span class='ocrx_word' id='word_1_835' title='bbox 885 5274 1146 5331; x_wconf 90' lang='lat' dir='ltr'><strong>mortem,</strong></span> <span class='ocrx_word' id='word_1_836' title='bbox 1197 5285 1216 5319; x_wconf 74' lang='grc' dir='ltr'><strong>ι</strong></span> <span class='ocrx_word' id='word_1_837' title='bbox 1264 5256 1358 5320; x_wconf 86' lang='lat' dir='ltr'><strong>aut</strong></span> <span class='ocrx_word' id='word_1_838' title='bbox 1397 5265 1544 5320; x_wconf 90' lang='lat' dir='ltr'><strong>sicut</strong></span> <span class='ocrx_word' id='word_1_839' title='bbox 1582 5266 1669 5321; x_wconf 81' lang='lat' dir='ltr'><strong>lex</strong></span> <span class='ocrx_word' id='word_1_840' title='bbox 1722 5256 1974 5335; x_wconf 57' lang='lat' dir='ltr'><strong>appellat&#39;</strong></span> <span class='ocrx_word' id='word_1_841' title='bbox 2012 5267 2066 5320; x_wconf 89' lang='lat' dir='ltr'><strong>in</strong></span> <span class='ocrx_word' id='word_1_842' title='bbox 2104 5256 2406 5334; x_wconf 56' lang='lat' dir='ltr'><strong>Numeris;</strong></span> <span class='ocrx_word' id='word_1_843' title='bbox 2439 5282 2549 5322; x_wconf 89' lang='lat' dir='ltr'><strong>non</strong></span> <span class='ocrx_word' id='word_1_844' title='bbox 2587 5265 2905 5335; x_wconf 89' lang='lat' dir='ltr'><strong>mortiferis,</strong></span> <span class='ocrx_word' id='word_1_845' title='bbox 2961 5266 3165 5338; x_wconf 85' lang='lat' dir='ltr'><strong>aliquid</strong></span> <span class='ocrx_word' id='word_1_846' title='bbox 3214 5256 3754 5322; x_wconf 42' lang='lat' dir='ltr'><strong>crudelitatis—videtur</strong></span> 
     </span>
    </p>
   </div>
   <div class='ocr_carea' id='block_1_93' title="bbox 2222 1462 3747 1538">
    <p class='ocr_par' dir='ltr' id='par_1_93' title="bbox 2222 1462 3747 1538">
     <span class='ocr_line' id='line_1_93' title="bbox 2222 1462 3747 1538; baseline -0.001 -21"><span class='ocrx_word' id='word_1_847' title='bbox 2222 1481 2332 1529; x_wconf 88' lang='grc' dir='ltr'>τος,</span> <span class='ocrx_word' id='word_1_848' title='bbox 2372 1464 2485 1517; x_wconf 86' lang='grc' dir='ltr'>ἀλλ’</span> <span class='ocrx_word' id='word_1_849' title='bbox 2524 1463 2765 1536; x_wconf 73' lang='grc' dir='ltr'>ὡσπερεὶ</span> <span class='ocrx_word' id='word_1_850' title='bbox 2803 1464 3074 1538; x_wconf 85' lang='grc' dir='ltr'>μετέωρον</span> <span class='ocrx_word' id='word_1_851' title='bbox 3114 1466 3265 1520; x_wconf 79' lang='grc' dir='ltr'>εἴασε</span> <span class='ocrx_word' id='word_1_852' title='bbox 3304 1463 3368 1518; x_wconf 82' lang='grc' dir='ltr'>τὸ</span> <span class='ocrx_word' id='word_1_853' title='bbox 3395 1464 3638 1531; x_wconf 73' lang='grc' dir='ltr'>ἀνάλογον</span> <span class='ocrx_word' id='word_1_854' title='bbox 3667 1462 3747 1532; x_wconf 55' lang='lat' dir='ltr'><strong>uir</strong></span> 
     </span>
    </p>
   </div>
   <div class='ocr_carea' id='block_1_94' title="bbox 2229 1552 3752 1627">
    <p class='ocr_par' dir='ltr' id='par_1_94' title="bbox 2229 1552 3752 1627">
     <span class='ocr_line' id='line_1_94' title="bbox 2229 1552 3752 1627; baseline -0.002 -20"><span class='ocrx_word' id='word_1_855' title='bbox 2229 1574 2248 1607; x_wconf 75' lang='grc' dir='ltr'><strong>ι</strong></span> <span class='ocrx_word' id='word_1_856' title='bbox 2288 1554 2621 1627; x_wconf 81' lang='grc' dir='ltr'>Ἐκέρδησας</span> <span class='ocrx_word' id='word_1_857' title='bbox 2650 1554 2739 1607; x_wconf 73' lang='grc' dir='ltr'><strong>τὸν</strong></span> <span class='ocrx_word' id='word_1_858' title='bbox 2774 1555 3001 1624; x_wconf 77' lang='grc' dir='ltr'>ἀδελφόν</span> <span class='ocrx_word' id='word_1_859' title='bbox 3047 1573 3161 1619; x_wconf 87' lang='grc' dir='ltr'>σου,</span> <span class='ocrx_word' id='word_1_860' title='bbox 3195 1575 3212 1607; x_wconf 75' lang='grc' dir='ltr'><strong>ι</strong></span> <span class='ocrx_word' id='word_1_861' title='bbox 3251 1553 3636 1626; x_wconf 85' lang='grc' dir='ltr'>λεχθησόμενον</span> <span class='ocrx_word' id='word_1_862' title='bbox 3659 1552 3752 1623; x_wconf 81' lang='grc' dir='ltr'>περὶ</span> 
     </span>
    </p>
   </div>
   <div class='ocr_carea' id='block_1_95' title="bbox 553 3859 2126 3934">
    <p class='ocr_par' dir='ltr' id='par_1_95' title="bbox 553 3859 2126 3934">
     <span class='ocr_line' id='line_1_95' title="bbox 553 3859 2126 3934; baseline 0.003 -21"><span class='ocrx_word' id='word_1_863' title='bbox 553 3873 694 3929; x_wconf 89' lang='lat' dir='ltr'><strong>opus</strong></span> <span class='ocrx_word' id='word_1_864' title='bbox 746 3859 868 3927; x_wconf 89' lang='lat' dir='ltr'><strong>fuit,</strong></span> <span class='ocrx_word' id='word_1_865' title='bbox 921 3863 1003 3916; x_wconf 90' lang='lat' dir='ltr'><strong>vel</strong></span> <span class='ocrx_word' id='word_1_866' title='bbox 1046 3864 1138 3934; x_wconf 92' lang='lat' dir='ltr'><strong>qui</strong></span> <span class='ocrx_word' id='word_1_867' title='bbox 1172 3863 1430 3933; x_wconf 78' lang='lat' dir='ltr'><strong>neglectis</strong></span> <span class='ocrx_word' id='word_1_868' title='bbox 1464 3865 1528 3918; x_wconf 88' lang='lat' dir='ltr'><strong>iis</strong></span> <span class='ocrx_word' id='word_1_869' title='bbox 1553 3864 1618 3918; x_wconf 91' lang='lat' dir='ltr'><strong>ad</strong></span> <span class='ocrx_word' id='word_1_870' title='bbox 1646 3862 1943 3919; x_wconf 87' lang='lat' dir='ltr'><strong>Ecclesiam</strong></span> <span class='ocrx_word' id='word_1_871' title='bbox 1975 3864 2126 3918; x_wconf 86' lang='lat' dir='ltr'><strong>dela—</strong></span> 
     </span>
    </p>
   </div>
   <div class='ocr_carea' id='block_1_96' title="bbox 553 3952 2125 4023">
    <p class='ocr_par' dir='ltr' id='par_1_96' title="bbox 553 3952 2125 4023">
     <span class='ocr_line' id='line_1_96' title="bbox 553 3952 2125 4023; baseline 0.002 -15"><span class='ocrx_word' id='word_1_872' title='bbox 553 3960 648 4009; x_wconf 78' lang='lat' dir='ltr'><strong>tus</strong></span> <span class='ocrx_word' id='word_1_873' title='bbox 673 3952 794 4020; x_wconf 88' lang='lat' dir='ltr'><strong>fuit,</strong></span> <span class='ocrx_word' id='word_1_874' title='bbox 832 3955 975 4011; x_wconf 83' lang='lat' dir='ltr'><strong>Deus</strong></span> <span class='ocrx_word' id='word_1_875' title='bbox 1008 3957 1246 4022; x_wconf 85' lang='lat' dir='ltr'><strong>noverit;</strong></span> <span class='ocrx_word' id='word_1_876' title='bbox 1284 3973 1384 4012; x_wconf 86' lang='lat' dir='ltr'><strong>nos</strong></span> <span class='ocrx_word' id='word_1_877' title='bbox 1411 3966 1593 4012; x_wconf 89' lang='lat' dir='ltr'><strong>autem</strong></span> <span class='ocrx_word' id='word_1_878' title='bbox 1621 3971 1729 4012; x_wconf 90' lang='lat' dir='ltr'><strong>non</strong></span> <span class='ocrx_word' id='word_1_879' title='bbox 1760 3956 2125 4023; x_wconf 89' lang='lat' dir='ltr'><strong>declaramus,</strong></span> 
     </span>
    </p>
   </div>
   <div class='ocr_carea' id='block_1_97' title="bbox 629 5411 2045 5481">
    <p class='ocr_par' dir='ltr' id='par_1_97' title="bbox 629 5411 2045 5481">
     <span class='ocr_line' id='line_1_97' title="bbox 629 5411 2045 5481; baseline 0.003 -17"><span class='ocrx_word' id='word_1_880' title='bbox 629 5413 675 5443; x_wconf 78' lang='grc' dir='ltr'><strong>⁸ο</strong></span> <span class='ocrx_word' id='word_1_881' title='bbox 716 5411 909 5468; x_wconf 81' lang='lat' dir='ltr'><strong>Matth.</strong></span> <span class='ocrx_word' id='word_1_882' title='bbox 938 5414 1221 5481; x_wconf 61' lang='lat'><strong>“111,15.</strong></span> <span class='ocrx_word' id='word_1_883' title='bbox 1301 5414 1345 5445; x_wconf 76' lang='grc'><strong>⁸³</strong></span> <span class='ocrx_word' id='word_1_884' title='bbox 1387 5414 1522 5469; x_wconf 83' lang='lat' dir='ltr'><strong>ibid.</strong></span> <span class='ocrx_word' id='word_1_885' title='bbox 1555 5414 1640 5469; x_wconf 73' lang='grc' dir='ltr'><strong>ιδ.</strong></span> <span class='ocrx_word' id='word_1_886' title='bbox 1718 5414 1765 5445; x_wconf 85' lang='grc'>⁸²</span> <span class='ocrx_word' id='word_1_887' title='bbox 1805 5414 1937 5469; x_wconf 85' lang='lat' dir='ltr'><strong>ibid.</strong></span> <span class='ocrx_word' id='word_1_888' title='bbox 1962 5416 2045 5469; x_wconf 81' lang='grc'><strong>17.</strong></span> 
     </span>
    </p>
   </div>
   <div class='ocr_carea' id='block_1_98' title="bbox 2241 5569 3749 5653">
    <p class='ocr_par' dir='ltr' id='par_1_98' title="bbox 2241 5569 3749 5653">
     <span class='ocr_line' id='line_1_98' title="bbox 2241 5569 3749 5653; baseline -0.009 -13"><span class='ocrx_word' id='word_1_889' title='bbox 2241 5584 2369 5640; x_wconf 90' lang='lat' dir='ltr'><strong>item</strong></span> <span class='ocrx_word' id='word_1_890' title='bbox 2399 5601 2412 5638; x_wconf 89' lang='lat'><strong>:</strong></span> <span class='ocrx_word' id='word_1_891' title='bbox 2444 5603 2461 5635; x_wconf 76' lang='grc' dir='ltr'><strong>ι</strong></span> <span class='ocrx_word' id='word_1_892' title='bbox 2492 5580 2670 5640; x_wconf 83' lang='lat' dir='ltr'><strong>Nolite</strong></span> <span class='ocrx_word' id='word_1_893' title='bbox 2716 5593 2844 5640; x_wconf 91' lang='lat' dir='ltr'><strong>ante</strong></span> <span class='ocrx_word' id='word_1_894' title='bbox 2896 5592 3108 5653; x_wconf 85' lang='lat' dir='ltr'><strong>tempus</strong></span> <span class='ocrx_word' id='word_1_895' title='bbox 3162 5581 3292 5653; x_wconf 88' lang='lat' dir='ltr'><strong>quid</strong></span> <span class='ocrx_word' id='word_1_896' title='bbox 3331 5582 3581 5653; x_wconf 70' lang='lat' dir='ltr'><strong>judicare,</strong></span> <span class='ocrx_word' id='word_1_897' title='bbox 3610 5569 3749 5653; x_wconf 45' lang='lat' dir='ltr'><strong>deny?</strong></span> 
     </span>
    </p>
   </div>
   <div class='ocr_carea' id='block_1_99' title="bbox 2241 5633 3743 5723">
    <p class='ocr_par' dir='ltr' id='par_1_99' title="bbox 2241 5633 3743 5723">
     <span class='ocr_line' id='line_1_99' title="bbox 2241 5633 3743 5723; baseline -0.001 -16"><span class='ocrx_word' id='word_1_898' title='bbox 2241 5633 2421 5709; x_wconf 64' lang='grc' dir='ltr'><strong>ἰῗὲιῖἷειὶ</strong></span> <span class='ocrx_word' id='word_1_899' title='bbox 2451 5633 3193 5723; x_wconf 50' lang='lat' dir='ltr'><strong>&#39;15.51am.;.&quot;;&#39;Le:gaa1;m&quot;</strong></span> <span class='ocrx_word' id='word_1_900' title='bbox 3207 5633 3472 5708; x_wconf 37' lang='lat' dir='ltr'><strong>fuisse;</strong></span> <span class='ocrx_word' id='word_1_901' title='bbox 3498 5633 3631 5723; x_wconf 63' lang='grc' dir='ltr'><strong>Καέᾲ</strong></span> <span class='ocrx_word' id='word_1_902' title='bbox 3669 5633 3743 5723; x_wconf 54' lang='grc' dir='ltr'>τίς</span> 
     </span>
    </p>
   </div>
   <div class='ocr_carea' id='block_1_100' title="bbox 2240 5703 3746 5804">
    <p class='ocr_par' dir='ltr' id='par_1_100' title="bbox 2240 5703 3746 5804">
     <span class='ocr_line' id='line_1_100' title="bbox 2240 5703 3746 5804; baseline 0.005 -7"><span class='ocrx_word' id='word_1_903' title='bbox 2240 5703 2816 5804; x_wconf 61' lang='grc' dir='ltr'><strong>Μή”έέέ&gt;ίεῖεέἐζ’ξέὲιᾶ’ὶιῂ</strong></span> <span class='ocrx_word' id='word_1_904' title='bbox 2849 5703 3746 5804; x_wconf 50' lang='grc' dir='ltr'><strong>ἱέἶσῆὲέἷὲαζέἔδῖ’³ἀάτε..εξὶπ-ῗέῖδ</strong></span> 
     </span>
    </p>
   </div>
   <div class='ocr_carea' id='block_1_101' title="bbox 2231 5785 3742 5867">
    <p class='ocr_par' dir='ltr' id='par_1_101' title="bbox 2231 5785 3742 5867">
     <span class='ocr_line' id='line_1_101' title="bbox 2231 5785 3742 5867; baseline -0.015 -16"><span class='ocrx_word' id='word_1_905' title='bbox 2231 5785 2420 5867; x_wconf 66' lang='grc' dir='ltr'>καίροῦ</span> <span class='ocrx_word' id='word_1_906' title='bbox 2454 5812 2505 5848; x_wconf 87' lang='grc' dir='ltr'><strong>τι</strong></span> <span class='ocrx_word' id='word_1_907' title='bbox 2528 5785 2761 5866; x_wconf 61' lang='grc' dir='ltr'>κρίνετε,</span> <span class='ocrx_word' id='word_1_908' title='bbox 2786 5785 2975 5859; x_wconf 62' lang='grc' dir='ltr'><strong>ἔωέἂν</strong></span> <span class='ocrx_word' id='word_1_909' title='bbox 2992 5785 3119 5864; x_wconf 70' lang='grc' dir='ltr'>ἔλθῃ</span> <span class='ocrx_word' id='word_1_910' title='bbox 3144 5797 3170 5848; x_wconf 83' lang='grc' dir='ltr'>ὁ</span> <span class='ocrx_word' id='word_1_911' title='bbox 3188 5793 3509 5863; x_wconf 62' lang='grc' dir='ltr'>Κύριοςμξις.</span> <span class='ocrx_word' id='word_1_912' title='bbox 3528 5785 3742 5842; x_wconf 76' lang='lat' dir='ltr'><strong>&quot;UEle</strong></span> 
     </span>
    </p>
   </div>
   <div class='ocr_carea' id='block_1_102' title="bbox 625 5574 2128 5655">
    <p class='ocr_par' dir='ltr' id='par_1_102' title="bbox 625 5574 2128 5655">
     <span class='ocr_line' id='line_1_102' title="bbox 625 5574 2128 5655; baseline 0.006 -28"><span class='ocrx_word' id='word_1_913' title='bbox 625 5574 737 5655; x_wconf 58' lang='grc' dir='ltr'>(ει)</span> <span class='ocrx_word' id='word_1_914' title='bbox 775 5578 1140 5655; x_wconf 62' lang='grc' dir='ltr'>Σταθήσεται</span> <span class='ocrx_word' id='word_1_915' title='bbox 1187 5580 1311 5637; x_wconf 79' lang='grc' dir='ltr'><strong>πᾶν</strong></span> <span class='ocrx_word' id='word_1_916' title='bbox 1348 5581 1536 5653; x_wconf 70' lang='grc' dir='ltr'>ῥῆμα.</span> <span class='ocrx_word' id='word_1_917' title='bbox 1578 5583 1755 5653; x_wconf 84' lang='grc' dir='ltr'>Σταθῇ</span> <span class='ocrx_word' id='word_1_918' title='bbox 1805 5584 1912 5635; x_wconf 80' lang='grc' dir='ltr'><strong>πᾶν</strong></span> <span class='ocrx_word' id='word_1_919' title='bbox 1960 5584 2128 5655; x_wconf 75' lang='grc' dir='ltr'>ῥῆμα·</span> 
     </span>
    </p>
   </div>
   <div class='ocr_carea' id='block_1_103' title="bbox 549 5644 1649 5714">
    <p class='ocr_par' dir='ltr' id='par_1_103' title="bbox 549 5644 1649 5714">
     <span class='ocr_line' id='line_1_103' title="bbox 549 5644 1649 5714; baseline 0.012 -15"><span class='ocrx_word' id='word_1_920' title='bbox 549 5644 741 5700; x_wconf 78' lang='lat' dir='ltr'><strong>llatth.</strong></span> <span class='ocrx_word' id='word_1_921' title='bbox 775 5663 932 5714; x_wconf 76' lang='lat' dir='ltr'><strong>xvnt,</strong></span> <span class='ocrx_word' id='word_1_922' title='bbox 954 5644 1053 5705; x_wconf 49' lang='lat'><strong>&#39;16.</strong></span> <span class='ocrx_word' id='word_1_923' title='bbox 1348 5644 1365 5650; x_wconf 56' lang='grc'><strong>⁷</strong></span> <span class='ocrx_word' id='word_1_924' title='bbox 1415 5644 1446 5653; x_wconf 60' lang='grc'><strong>’⁷</strong></span> <span class='ocrx_word' id='word_1_925' title='bbox 1644 5708 1649 5712; x_wconf 85' lang='lat'><strong>.</strong></span> 
     </span>
    </p>
   </div>
   <div class='ocr_carea' id='block_1_104' title="bbox 621 5716 2134 5792">
    <p class='ocr_par' dir='ltr' id='par_1_104' title="bbox 621 5716 2134 5792">
     <span class='ocr_line' id='line_1_104' title="bbox 621 5716 2134 5792; baseline 0.008 -24"><span class='ocrx_word' id='word_1_926' title='bbox 621 5716 733 5785; x_wconf 76' lang='lat'><strong>(85)</strong></span> <span class='ocrx_word' id='word_1_927' title='bbox 772 5718 893 5771; x_wconf 81' lang='grc' dir='ltr'><strong>Ἵνα</strong></span> <span class='ocrx_word' id='word_1_928' title='bbox 929 5719 1309 5792; x_wconf 28' lang='grc' dir='ltr'>(φὴ-κριθῆτε,</span> <span class='ocrx_word' id='word_1_929' title='bbox 1353 5723 1463 5789; x_wconf 79' lang='grc' dir='ltr'><strong>ἕως</strong></span> <span class='ocrx_word' id='word_1_930' title='bbox 1506 5724 1583 5779; x_wconf 82' lang='grc' dir='ltr'><strong>ἂν</strong></span> <span class='ocrx_word' id='word_1_931' title='bbox 1622 5723 1786 5792; x_wconf 71' lang='grc' dir='ltr'>ἔλθῃ,</span> <span class='ocrx_word' id='word_1_932' title='bbox 1827 5734 1930 5778; x_wconf 87' lang='lat' dir='ltr'><strong>etc.</strong></span> <span class='ocrx_word' id='word_1_933' title='bbox 1966 5722 2134 5780; x_wconf 74' lang='lat' dir='ltr'><strong>Vetus</strong></span> 
     </span>
    </p>
   </div>
   <div class='ocr_carea' id='block_1_105' title="bbox 552 5785 2113 5867">
    <p class='ocr_par' dir='ltr' id='par_1_105' title="bbox 552 5785 2113 5867">
     <span class='ocr_line' id='line_1_105' title="bbox 552 5785 2113 5867; baseline 0.003 -25"><span class='ocrx_word' id='word_1_934' title='bbox 552 5785 858 5858; x_wconf 85' lang='lat' dir='ltr'><strong>interpres:</strong></span> <span class='ocrx_word' id='word_1_935' title='bbox 895 5808 912 5839; x_wconf 76' lang='grc' dir='ltr'><strong>ι</strong></span> <span class='ocrx_word' id='word_1_936' title='bbox 940 5785 1112 5846; x_wconf 80' lang='lat' dir='ltr'><strong>Nolite</strong></span> <span class='ocrx_word' id='word_1_937' title='bbox 1148 5785 1414 5862; x_wconf 74' lang='lat' dir='ltr'><strong>judicare,</strong></span> <span class='ocrx_word' id='word_1_938' title='bbox 1441 5785 1509 5851; x_wconf 79' lang='grc' dir='ltr'>ἰιι</span> <span class='ocrx_word' id='word_1_939' title='bbox 1557 5810 1664 5851; x_wconf 90' lang='lat' dir='ltr'><strong>non</strong></span> <span class='ocrx_word' id='word_1_940' title='bbox 1704 5785 2059 5867; x_wconf 70' lang='lat' dir='ltr'><strong>jiidicemini;</strong></span> <span class='ocrx_word' id='word_1_941' title='bbox 2097 5814 2113 5847; x_wconf 72' lang='grc' dir='ltr'><strong>ι</strong></span> 
     </span>
    </p>
   </div>
   <div class='ocr_carea' id='block_1_106' title="bbox 2222 1370 3837 1445">
    <p class='ocr_par' dir='ltr' id='par_1_106' title="bbox 2222 1370 3837 1445">
     <span class='ocr_line' id='line_1_106' title="bbox 2222 1370 3837 1445; baseline 0.001 -20"><span class='ocrx_word' id='word_1_942' title='bbox 2222 1374 2314 1425; x_wconf 77' lang='grc' dir='ltr'><strong>ἐπὶ</strong></span> <span class='ocrx_word' id='word_1_943' title='bbox 2345 1372 2437 1425; x_wconf 76' lang='grc' dir='ltr'>τοῦ</span> <span class='ocrx_word' id='word_1_944' title='bbox 2468 1372 2718 1445; x_wconf 86' lang='grc' dir='ltr'>δεύτερον</span> <span class='ocrx_word' id='word_1_945' title='bbox 2745 1372 2777 1445; x_wconf 82' lang='grc' dir='ltr'><strong>ἥ</strong></span> <span class='ocrx_word' id='word_1_946' title='bbox 2810 1374 2990 1444; x_wconf 88' lang='grc' dir='ltr'>τρίτον</span> <span class='ocrx_word' id='word_1_947' title='bbox 3022 1375 3371 1437; x_wconf 86' lang='grc' dir='ltr'>πταίσαντος,</span> <span class='ocrx_word' id='word_1_948' title='bbox 3402 1372 3495 1425; x_wconf 72' lang='grc' dir='ltr'>καὶ</span> <span class='ocrx_word' id='word_1_949' title='bbox 3523 1370 3749 1441; x_wconf 76' lang='grc' dir='ltr'><strong>ὲλεγχθένο</strong></span> <span class='ocrx_word' id='word_1_950' title='bbox 3833 1427 3837 1431; x_wconf 76' lang='grc'><strong>,</strong></span> 
     </span>
    </p>
   </div>
  </div>
