3950 6612
204 434 396 494 1181
1184 441 1542 502 COMMENT.
1588 445 1657 502 IN
1695 446 2112 506 MATTHASUM
2159 452 2396 512 ΤΟΜΗὸ
2440 454 2578 511 ΧὛ.
3393 461 3532 519 “82

201 554 472 650 ξλεῖδας
499 557 597 630 οὐχ
643 560 760 626 ἐνὸς
798 561 1051 632 ούρανοῦ,
1095 563 1233 619 ἀλλὰ
1279 563 1560 634 πλειόνων,
1605 571 1699 624 καὶ
1730 572 1817 626 ἵνα

1941 589 2147 646 eosque
2165 579 2258 648 qui
2283 588 2364 632 ter
2391 579 2587 636 fratres
2603 579 3048 650 ohjurgaverunt,
3073 597 3392 640 communes
3407 601 3531 642 esse

200 645 342 700 ὅσα
371 650 473 742 εὰν
499 650 636 724 δήσῃ
664 652 757 705 ἐπὶ
791 653 891 723 τῆς
918 653 1043 724 γῆς,
1147 656 1403 729 δεδεμένα
1431 661 1532 714 ούκ
1559 662 1618 715 ὲν
1644 662 1724 717 ἐνὶ
1751 664 1817 716 οὐκ

1946 669 2217 725 videnlur.
2250 671 2361 728 Nec
2393 674 2538 728 enim
2565 673 2757 742 exigua
2781 674 3081 729 differentia
3107 683 3191 731 est
3217 677 3396 733 claves
3418 693 3529 734 non

206 741 426 814 ρανῷ,
459 743 573 796 ἀλλ’
607 746 664 799 ὲν
695 747 859 798 πᾶσιν
881 746 1085 812 αὐτοῖς,
1116 750 1252 821 πρὸς
1283 753 1410 816 τοὺς
1443 754 1670 819 πολλοὺς
1693 755 1817 810 δέον·

1950 765 2115 818 unius
2145 765 2268 820 ωεξί
2302 766 2543 830 Petrum,
2579 767 2673 822 sed
2720 768 3080 838 plurimorum
3119 770 3424 839 accepisse;
3475 780 3530 827 et

199 847 350 929 τας
383 835 478 888 ἐπὶ
503 835 606 906 τῆς
633 837 754 908 γῆς,
789 839 884 892 καὶ⁵
907 839 1133 904 λύοντας
1154 842 1247 895 ἐπὶ
1275 843 1372 912 τῆς
1395 845 1516 916 γῆς,
1548 845 1686 899 ὥστε
1711 847 1817 900 ταῦι

1949 870 2290 927 quaecunque
2341 874 2504 929 super
2555 867 2755 914 terram
2791 859 3130 928 alligaverit,
3166 875 3274 914 non
3317 861 3370 914 in
3417 877 3529 917 uno

197 938 295 976 τοι
324 925 608 993 δεδέσθαι,
641 930 734 982 καὶ
764 929 1018 984 λελύσθαι
1061 933 1162 987 οὐκ
1207 934 1266 988 ὲν
1306 934 1575 1006 οὐρανοῖς,
1619 937 1694 1000 ὡς
1750 939 1817 991 ὲπ

1949 948 2110 1015 caelo,
2139 925 2230 1004 sed
2261 951 2316 1005 in
2346 925 2602 1008 omnibus
2633 952 2796 1022 ligata
2819 925 2960 1015 esse,
2987 967 3098 1021 prae
3129 951 3380 1022 pluribus
3407 954 3529 1009 aliis

198 1013 484 1117 {1551900,
526 1019 641 1073 ἀλλ’
682 1022 737 1074 ἐν
781 1022 992 1094 οὐρανῷ
1035 1025 1134 1078 ἑνί·
1183 1027 1244 1080 οὐ
1282 1027 1392 1099 γὰρ
1419 1027 1749 1084 διαϐαίνουσι
1773 1033 1817 1101 τᾷ

1943 1042 2036 1113 qui
2068 1059 2232 1114 super
2261 1054 2462 1099 terram
2488 1054 2542 1100 et
2572 1013 2796 1117 alligant
2826 1055 2881 1101 et
2915 1013 3166 1110 solvunt,
3200 1046 3274 1100 ita
3313 1055 3374 1100 ιιι
3411 1047 3530 1102 haec

205 1103 506 1181 δυνάμει,
530 1111 607 1174 ὡς
632 1113 858 1185 Πέτρος,
888 1115 974 1168 ἵνα
995 1115 1230 1187 δήσωσιν
1253 1117 1286 1188 ἢ
1319 1118 1552 1174 λύσωσιν
1583 1123 1641 1175 ὲν
1674 1125 1817 1177 πᾶσιε

1939 1135 2159 1205 alligata
2188 1144 2242 1190 et
2272 1136 2451 1191 soluta
2482 1138 2591 1192 sint
2617 1103 2725 1192 non
2755 1139 2808 1192 in
2837 1138 3011 1200 caelis,
3037 1137 3180 1193 sicut
3207 1136 3368 1192 Petro
3393 1154 3526 1193 con-

198 1203 520 1272 οὑρανοῖς.
575 1206 724 1276 ὐσῳ
766 1203 860 1261 οὖν
901 1207 1126 1278 βελτίων
1163 1211 1193 1262 6
1237 1210 1535 1282 δεσμεύων,
1583 1214 1817 1270 τοσοῦτος

1940 1245 2156 1284 cessum
2187 1238 2290 1296 est;
2322 1231 2415 1285 sed
2443 1231 2497 1284 in
2541 1247 2652 1285 uno
2689 1230 2831 1286 coelo
2875 1248 2888 1284 :
2932 1245 3032 1285 nec
3063 1231 3207 1284 enim
3251 1244 3317 1284 eo
3362 1244 3531 1299 pene-

206 1297 667 1401 μρικαριιὶηερος
709 1299 739 1350 6
773 1297 1090 1368 λελυμένος,
1141 1301 1218 1366 ὡς
1263 1302 1358 1358 καὶ
1407 1307 1686 1378 πανταχοῦ
1728 1308 1817 1363 τῶι

1943 1323 2122 1378 trandi
2157 1322 2416 1379 facultate
2441 1323 2667 1394 pollent,
2699 1322 3162 1394 quemadmodum
3204 1297 3427 1387 Petrus,
3465 1327 3529 1377 ut

200 1384 497 1458 οὐρανῶν
521 1384 659 1447 εἶναι
691 1391 858 1448 αὐτοῦ
881 1393 944 1447 τὸ
972 1393 1247 1450 λελύσθαι.

1941 1415 2164 1486 alligent
2193 1416 2274 1470 vel
2306 1384 2520 1471 solvant
2549 1414 2604 1470 in
2631 1384 2890 1470 omnibus
2921 1414 3096 1470 etelis.
3123 1413 3243 1480 Quo
3262 1384 3529 1483 praestan-

1939 1506 2048 1562 tior
2075 1523 2206 1577 ergo
2239 1506 2403 1563 fuerit
2432 1507 2524 1577 qui
2557 1507 2761 1578 alligat,
2797 1521 2864 1562 eo
2885 1503 3094 1562 felicior
3123 1505 3216 1575 qui
3247 1503 3412 1559 fuerit
3433 1518 3526 1558 so-

1940 1599 2112 1666 tutus,
2148 1614 2272 1654 cum
2311 1599 2365 1654 in
2394 1598 2652 1654 omnibus
2686 1599 2849 1670 plane
2878 1598 3033 1655 caelis
3067 1599 3279 1654 solutus
3300 1598 3394 1653 sit.

1446 1707 1679 1764 VETUS
1717 1707 2307 1766 INTERPRETATIO.

215 1794 478 1867 terram,
516 1785 626 1843 sint
649 1787 828 1867 soluta
857 1802 966 1867 non
995 1786 1171 1867 solum
1206 1787 1262 1843 in
1292 1802 1404 1867 uno
1433 1789 1598 1855 caelo,
1638 1789 1731 1867 sed
1762 1789 1818 1844 in
1848 1790 2100 1867 omnibus
2141 1794 2311 1867 uelis.
2340 1793 2425 1867 _Ad
2461 1809 2555 1867 eos
2586 1804 2766 1850 autem
2802 1798 2895 1867 qui
2928 1797 3079 1851 multi
3113 1805 3239 1850 sunt
3269 1798 3521 1867 ligatores

218 1866 289 1911 et
327 1858 608 1936 solutores
649 1857 703 1912 in
747 1869 895 1936 terra
921 1859 998 1914 sic
1028 1859 1178 1936 dicit,
1203 1869 1274 1936 ut
1299 1861 1510 1915 solvant
1534 1860 1861 1936 e_t_‘alligent,_
1887 1877 1996 1936 non
2030 1862 2086 1915 in
2123 1864 2274 1936 qualis
2310 1864 2450 1936 sicut
2479 1864 2689 1927 Petrus,
2721 1857 2898 1936 sed-in
2934 1884 3042 1921 uno
3069 1869 3226 1930 C(BIO,
3259 1857 3380 1936 quia
3411 1885 3518 1922 non

218 1928 466 2009 suntin
491 1937 643 2009 tanta
671 1929 1006 2009 perfectione
1035 1931 1177 1986 sicut
1202 1930 1415 2009 Petrus,
1443 1940 1504 1986 ut
1533 1928 1752 2009 alligent
1780 1932 1865 1986 vel
1891 1932 2111 2009 solvant
2148 1934 2200 1987 in
2242 1933 2495 1989 omnibus
2534 1934 2962 2009 cmlisLQuanto
2981 1953 3105 2009 ergo
3135 1928 3324 1990 melior
3359 1939 3520 1990 fuerit

219 1998 335 2078 qui
370 1999 522 2078 ligat,
558 1998 1101 2078 tantoquialligatur
1130 2001 1363 2078 amplius
1393 1998 1770 2078 quamuin'uno
1805 2003 1943 2057 coelo
1968 2002 2252 2078 alligatur:
2291 2014 2345 2058 et
2368 2014 2571 2075 quanto
2599 1998 2788 2061 melior
2831 2008 2993 2062 fuerit
3037 1998 3125 2078 qui
3159 2009 3336 2074 solvit,
3372 2019 3522 2064 tanto

219 2067 464 2123 beatior
498 2069 601 2124 erit
633 2070 725 2139 qui
754 2067 1006 2137 solvitur,
1039 2067 1295 2141 quoniam
1326 2072 1382 2126 in
1410 2067 1669 2127 omnibus
1693 2073 1903 2128 solutus
1931 2083 2016 2128 est
2045 2067 2216 2129 Ewlis.

225 2217 2708 2248 Mm

2740 2225 3494 2253 Μ

1588 2384 1970 2473 ΤΟΜΟΣ
2018 2378 2181 2474 ΙΔ’.

1044 2737 1290 2834 ΤΟΜ
1315 2741 1450 2833 US
1523 2742 2073 2852 QUARTUS
2145 2743 2711 2838 DECIMUS.

319 3103 344 3138 ε
382 3085 551 3141 Πάλιν
577 3085 719 3157 λέγω
758 3089 909 3161 ὑμῖν,
943 3088 1044 3154 ὅτι,
1081 3089 1178 3143 ἐὰν
1222 3089 1314 3143 δύο
1346 3091 1500 3162 ὑμῶν
1542 3095 1817 3165 ωμφωνὴ·

2011 3091 2066 3146 Ι.
2100 3109 2119 3165 ι
2154 3087 2352 3145 lterum
2387 3086 2511 3142 dico
2539 3086 2695 3141 vobis
2722 3085 2849 3156 quia
2882 3083 2926 3140 si
2967 3084 3077 3141 duo
3106 3099 3169 3140 ex
3201 3084 3359 3141 vobis
3383 3099 3520 3141 con-

234 3194 415 3234 σωσιν
440 3179 532 3232 ἐπὶ
573 3180 672 3251 τῆς
702 3180 825 3252 γῆς,
874 3181 1000 3252 περὶ
1037 3181 1236 3246 παντὸς
1272 3186 1595 3254 πράγματος
1637 3179 1697 3238 οὗ
1741 3163 1817 3238 hair

1940 3163 2214 3239 senserint
2235 3195 2398 3250 super
2418 3189 2641 3244 terram,
2666 3179 2733 3233 de
2757 3180 2902 3233 omni
2936 3194 2995 3233 re
3019 3193 3401 3248 quamcunque
3423 3193 3520 3248 pe-

231 3273 596 3344 αίτήσωνται,
640 3273 998 3346 γενηθήσεται
1040 3275 1241 3338 αὐτοῖς.
1301 3295 1320 3328 ι
1378 3276 1598 3347 κυρίως
1631 3276 1693 3330 τὸ
1735 3277 1817 3348 τῆς

1939 3263 2143 3340 tierint,
2169 3273 2260 3329 ﬁet
2281 3273 2388 3328 illis
2417 3273 2482 3327 ⁸³.
2522 3291 2542 3326 ι
2574 3271 2921 3344 Symphonize
2948 3271 3270 3326 vocabulum
3295 3272 3519 3326 musicis

235 3365 569 3434 συμφωνίας
590 3365 759 3436 ὄνομα
805 3366 1062 3419 τάσσεται
1101 3366 1193 3419 ἐπὶ
1233 3365 1342 3419 τῶν
1385 3368 1524 3421 κατὰ
1570 3370 1817 3440 μουσικὴη

1936 3369 2208 3438 praecipue
2238 3380 2434 3421 vocum
2464 3365 2819 3420 concentibus
2845 3363 3122 3429 tribuitur.
3149 3361 3216 3415 Et
3245 3371 3369 3417 sunt
3390 3361 3518 3432 qui-

233 3455 300 3511 ὲν
337 3460 541 3524 φωναῖς
570 3456 863 3528 ἁρμονιῶν.
900 3458 1007 3510 Καὶ
1046 3458 1151 3510 είσί
1192 3473 1255 3526 γε
1294 3459 1446 3530 παρὰ
1496 3462 1606 3524 τοῖς
1649 3479 1834 3532 μουσι-

231 3549 361 3611 κοῖς
390 3547 618 3618 φθόγγοι
642 3549 903 3617 φθόγγοις
926 3547 1232 3618 σύμφωνοι,
1257 3551 1350 3602 καὶ
1379 3549 1528 3603 ἄλλοι
1547 3550 1826 3620 διάφωνοι·

232 3635 352 3694 οἶδε
382 3641 440 3694 δὲ
469 3641 562 3694 καὶ
600 3642 631 3714 ὴ
670 3641 998 3713 εύαγγελικὴ
1032 3642 1222 3714 Γραφὴ
1266 3641 1374 3713 (89)
1417 3642 1477 3695 τὸ
1522 3642 1694 3712 ὄνομα
1737 3645 1831 3698 ἐπὶ

231 3731 351 3787 τῶν
394 3735 536 3788 κατὰ
596 3735 859 3807 μουσικὴν
905 3735 1236 3807 τεταγμένον
1278 3737 1336 3789 ἐν
1382 3735 1478 3808 τῷ·
1520 3757 1539 3789 ι
1589 3732 1829 3792 Ἤκουᾶε

233 3825 562 3895 συμφωνίας
590 3828 684 3881 καὶ
732 3827 927 3900 χορῶν’
958 3848 976 3880 ι
1014 3829 1219 3899 ἔπρεπε
1263 3830 1372 3900 γὰρ
1414 3829 1504 3882 ἐπὶ
1531 3833 1597 3900 τῇ
1627 3832 1692 3883 ὲκ
1730 3848 1827 3902 με-

231 3919 456 3984 τανοίας
479 3920 766 3992 συμφωνία
794 3921 932 3990 πρὸς
957 3921 1046 3974 τὸν
1064 3922 1276 3993 πατέρα
1297 3920 1391 3974 τοῦ
1417 3923 1524 3976 ἀπὸ
1553 3921 1828 3986 ἀπωλείας

233 4011 554 4084 εὑρεθέντος
599 4012 714 4066 υίοῦ
757 4011 1089 4085 ἀκουσθῆναι
1135 4012 1454 4084 συμφωνίαν
1493 4014 1586 4066 ἐπὶ
1630 4017 1694 4085 τῇ
1739 4015 1826 4066 εύ-

233 4103 484 4178 φροσύνῃ
526 4105 625 4176 τῆς
663 4105 859 4169 οἰκίας.
904 4105 978 4159 Τὸ
1021 4105 1078 4158 δὲ
1117 4105 1218 4175 τῆς
1253 4105 1570 4175 συμφωνίας
1597 4106 1768 4177 ὄνομα
1798 4108 1826 4161 6

234 4196 442 4268 φαῦλος
472 4199 572 4253 οὐκ
603 4195 711 4252 οἶδε
755 4199 963 4264 Λάϐαν,
1007 4201 1066 4254 ὲν
1118 4192 1199 4262 οἷς
1243 4216 1375 4270 φησι
1419 4199 1556 4268 πρὸς
1586 4200 1676 4252 τὸν
1718 4200 1823 4253 ’ία-

233 4286 374 4342 κώ6’
402 4310 422 4342 ι
453 4291 564 4345 Καὶ
589 4293 636 4344 εί
657 4291 987 4363 ἀνήγγειλάς
1018 4307 1130 4361 μοι,
1151 4289 1508 4354 ὲξαπέστειλα
1535 4291 1600 4345 ἄν
1619 4309 1678 4345 σε
1704 4295 1824 4364 μετ’

233 4381 596 4455 εὐφροσύνης,
626 4382 718 4436 καὶ
741 4383 878 4454 μετὰ
911 4383 1206 4455 μουσικῶν,
1254 4385 1348 4437 καὶ
1374 4383 1697 4454 τυμπάνων,
1729 4385 1823 4437 καὶ

233 4473 522 4547 κιθάρας.)
573 4475 827 4544 Ἀδελφὸν
858 4475 914 4528 δὲ
965 4475 1065 4546 τῆς
1113 4475 1367 4547 τοιαύτης
1418 4476 1735 4546 συμφωνίας

1760 4443 1891 4529 τδθ

1934 3462 2057 3516 dem
2090 3461 2144 3514 in
2182 3457 2408 3514 musicis
2438 3457 2558 3514 soni
2585 3457 2735 3512 sonis
2759 3455 2848 3510 alii
2878 3454 3131 3518 consoni,
3164 3455 3256 3509 alii
3285 3452 3514 3518 dissoni;

1935 3567 2134 3606 nomen
2161 3560 2342 3606 autem
2377 3549 2507 3604 illud
2539 3549 2702 3604 rebus
2734 3548 2960 3602 musicis
2999 3547 3320 3601 attributum
3356 3545 3518 3600 callet

1933 3644 2243 3714 evangelica
2277 3643 2558 3714 Scriptura
2587 3643 2690 3697 hoc
2709 3643 2829 3697 loco
2845 3641 2892 3673 “
2917 3661 2930 3696 :
2956 3661 2972 3691 ι
3012 3641 3234 3695 Audivit
3260 3641 3522 3712 sympho-

1932 3737 2104 3802 niam,
2137 3746 2191 3790 et
2237 3737 2500 3799 chorum;
2535 3754 2553 3787 ι
2592 3751 2717 3790 nam
2767 3744 2985 3805 propter
3015 3743 3189 3789 ortam
3246 3749 3311 3788 ex
3339 3734 3516 3803 patui-

1931 3829 2096 3881 tentia
2115 3828 2495 3899 symphoniam
2520 3828 2610 3882 filii
2637 3845 2760 3884 cum
2785 3837 2960 3898 patre,
2983 3828 3074 3897 qui
3095 3835 3382 3897 postquam
3401 3843 3516 3897 per-

1929 3921 2066 3975 ierat
2110 3920 2457 3975 inventusest
2492 3921 2559 3986 ‘5,
2601 3921 2668 3975 ad
2703 3921 3082 3976 oblectandam
3123 3923 3342 3977 domum
3367 3937 3520 3990 sym-

1928 4013 2188 4082 phoniam
2224 4013 2402 4066 audiri
2431 4013 2673 4068 decebat.
2710 4012 2918 4067 Nomen
2953 4024 3134 4066 autem
3178 4012 3515 4084 symphonia:

1929 4105 2099 4176 impio
2124 4104 2308 4159 Laban
2341 4106 2640 4175 ignorabile
2668 4105 2790 4171 fuit,
2823 4105 2916 4159 ubi
2947 4106 3061 4175 ipse
3089 4106 3378 4174 alloquens
3419 4104 3512 4159 Ja-

1927 4199 2030 4253 cob
2047 4199 2122 4253 ait
2141 4198 2186 4230 ⁸⁸
2219 4217 2232 4252 :
2264 4217 2282 4248 ‹
2322 4196 2378 4251 Si
2411 4198 2722 4253 nuntiasses
2752 4197 2907 4263 mihi,
2937 4208 3260 4267 prosccutus
3283 4197 3509 4252 fuissem

1925 4291 2088 4362 615
2119 4301 2168 4346 te
2203 4306 2326 4344 cum
2356 4289 2574 4360 gaudio,
2619 4299 2674 4344 et
2707 4290 2967 4353 canticis,
3007 4299 3061 4344 et
3107 4291 3408 4362 tympanis,
3459 4297 3513 4342 et

1926 4382 2174 4437 citharis.
2218 4399 2237 4432 ι
2264 4379 2544 4451 Ejusmodi
2572 4388 2754 4434 autem
2799 4382 3134 4452 symphoniae
3187 4381 3364 4434 simile
3406 4389 3509 4445 est,

1925 4473 2069 4544 quod
2088 4472 2328 4527 secundo
2359 4469 2566 4540 Regum
2585 4480 2785 4532 exstat,
2815 4473 3035 4540 quando
3061 4471 3312 4526 videlicet
3335 4491 3350 4518 ‹
3397 4470 3511 4525 fra-

232 4564 292 4616 ὲν
338 4567 405 4636 τῇ
455 4565 500 4636 β’
524 4564 632 4619 τῶν
685 4563 1022 4620 Barrus:sz
1068 4566 1470 4638 γεγραμμένον,
1511 4566 1672 4636 ἡνίκα
1706 4583 1724 4616 ι
1771 4565 1817 4618 οί

1927 4575 2033 4620 tres
2055 4583 2072 4616 ›
2113 4563 2420 4618 Aminadab
2439 4580 2458 4612 ι
2484 4563 2634 4618 ibant
2658 4571 2993 4618 ante'arcam
3016 4581 3030 4628 ;
3066 4563 3230 4618 David
3256 4573 3435 4618 autem
3458 4570 3513 4618 et

231 4657 452 4728 ἀδελφοὶ⁹
487 4678 507 4712 ι
541 4657 633 4714 τοῦ
680 4658 979 4731 Ἀμιναδὰὸ
1011 4659 1120 4731 (90)
1172 4679 1190 4712 ι
1217 4659 1584 4732 ὲμπορεύοντο
1613 4659 1817 4731 ἔμπρο-

1927 4659 2096 4728 ipsius
2146 4657 2299 4728 pueri
2353 4657 2650 4712 laudabant
2691 4672 2877 4713 coram
2922 4657 3154 4712 Domino
3193 4659 3246 4712 in
3293 4657 3511 4726 organis

1435 4767 1670 4824 VETUS
1707 4768 2302 4826 lNTERPliETATlO.

303 4865 358 4936 ti.
405 4884 427 4936 ι
458 4865 658 4919 lterum
690 4879 847 4920 amen
868 4864 999 4936 dico
1026 4866 1201 4932 vobis,
1227 4865 1355 4936 quia
1391 4864 1436 4920 si
1468 4864 1576 4919 dno
1604 4875 1844 4936 vestrum
1872 4866 2256 4922 consenserint
2287 4880 2454 4936 super
2483 4874 2707 4927 terram,
2736 4868 2804 4920 de
2833 4866 2980 4936 omni
3012 4879 3092 4936 re,
3125 4880 3510 4935 quamcunque

233 4935 509 5008 petierint,
540 4936 630 4990 fiet
660 4935 767 5008 illis
811 4952 840 4990 a
867 4935 1026 4990 Patre
1055 4953 1176 4992 meo
1197 4934 1290 5008 qui
1328 4937 1382 5008 in
1413 4936 1568 5008 caelis
1594 4945 1696 4990 est.
1737 4934 1840 4990 Ubi
1858 4937 2012 5008 enim
2043 4937 2153 5008 duo
2176 4938 2259 4990 vel
2297 4934 2406 4992 tres
2439 4937 2643 4990 fuerint
2671 4935 2982 5006 congregati
3002 4935 3078 5008 _in
3112 4936 3333 5008 nomine
3363 4934 3508 5008 meo,

229 5005 302 5062 ibi
341 5021 461 5060 sum
499 5005 551 5059 in
583 5006 761 5060 medio
795 5021 1007 5077 eorum.
1040 5027 1058 5058 ι
1104 5009 1161 5061 In
1197 5004 1392 5077 primis
1426 5006 1711 5077 videamus
1752 5007 2047 5076 sapienter,
2084 5007 2128 5062 si
2163 5015 2341 5076 potest
2389 5004 2824 5077 isterconsensu's
2848 5004 2969 5060 esse
2999 5006 3054 5077 in
3091 5004 3296 5077 multis,
3335 5005 3416 5077 vel
3453 5005 3507 5058 in

229 5085 345 5131 toto
377 5084 669 5140 conventu,
710 5084 770 5130 ut
802 5076 856 5130 in
903 5077 1080 5131 medio
1113 5074 1303 5132 eorum
1338 5077 1408 5132 sit
1436 5076 1693 5131 Christus
1720 5092 1734 5129 :
1758 5074 1886 5146 quia
1934 5095 1952 5128 ι
1985 5074 2214 5146 angusta
2259 5088 2313 5132 et
2356 5076 2612 5131 tribulata
2643 5077 2729 5130 via
2762 5085 2847 5130 est
2874 5091 2993 5145 quae
3024 5074 3174 5146 ducit
3211 5075 3507 5146 ad‘vitam,

228 5156 281 5208 et
314 5146 474 5216 pauci
519 5157 646 5201 sunt
687 5147 781 5216 qui
827 5147 1109 5202 inveniunt
1149 5164 1292 5202 eam.
1327 5167 1346 5199 ι
1404 5146 1655 5202 Forsitan
1682 5143 1872 5216 autem
1930 5143 2172 5216 hocf'tali
2221 5163 2492 5202 consensu
2541 5163 2641 5201 nec
2673 5147 2830 5216 pauci
2864 5143 3215 5216 consentiunt
3261 5143 3363 5216 sibi
3410 5160 3509 5214 per

228 5215 435 5287 omnia,
464 5216 558 5271 sed
589 5215 872 5287 duo’forte
903 5218 983 5270 vel
1015 5226 1142 5282 tres,
1175 5218 1316 5273 sicut
1340 5217 1556 5283 Petrus,
1584 5226 1638 5272 et
1666 5215 1926 5281 Iacobus,
1955 5229 2010 5272 et
2032 5215 2294 5281 Joannes,
2326 5219 2526 5287 quibus
2557 5215 2714 5286 quasi
2761 5215 3232 5287 consentientibus
3261 5215 3366 5268 sibi
3411 5230 3508 5284 per

230 5285 418 5352 omnia
455 5286 693 5341 ostendit
725 5285 960 5341 Verbum
995 5287 1090 5342 Dei
1119 5289 1347 5358 gloriam
1390 5303 1569 5350 suam,
1593 5293 1665 5341 'ex
1705 5305 1771 5342 eo
1798 5289 1943 5356 quod
1985 5304 2094 5341 non
2129 5285 2360 5342 habebat
2401 5285 2661 5358 speciem_
2685 5303 2861 5356 neque
2891 5286 3166 5347 decorem,
3196 5294 3412 5358 vertens
3445 5299 3506 5338 se

228 5360 293 5428 ad
325 5357 570 5428 gloriam;
589 5372 768 5420 suam,
802 5366 860 5411 ut
889 5355 1208 5428 vestimenta
1253 5373 1351 5412 sua
1391 5359 1702 5412 ostenderet
1728 5355 2176 5428 eis’splendentia
2211 5359 2355 5428 sicut
2384 5355 2588 5428 lumen.
2624 5355 3034 5428 Consenserunt
3079 5362 3262 5408 autem
3290 5365 3345 5408 et
3369 5355 3502 5428 duo,

229 5426 435 5484 Paulus
459 5437 514 5484 et
542 5426 846 5483 Sosthenes
859 5427 1159 5483 scribentes
1175 5428 1476 5483 Corinthiis
1495 5428 1786 5499 Epistolam
1809 5425 2063 5499 primam.
2087 5428 2220 5484 item
2233 5427 2436 5484 Paulus
2458 5436 2512 5482 et
2534 5425 2855 5482 Timetheus
2885 5425 3160 5480 mittentes
3182 5425 3502 5482 secundum.

304 5570 351 5602 ”
389 5568 581 5625 Matth.
615 5584 770 5636 xvut,
801 5568 890 5624 l9.
960 5567 1007 5601 “
1044 5567 1179 5623 Luc.
1210 5583 1300 5635 xv,
1335 5568 1428 5624 25.
1503 5569 1550 5602 ⁸⁸
1588 5568 1720 5624 ibid.
1759 5568 1817 5624 ΒΞ

1931 5569 1977 5602 ⁸⁸
2014 5569 2150 5625 Gen.
2183 5584 2336 5634 am,
2369 5567 2460 5622 27.

298 5687 413 5757 (89)
455 5685 688 5757 Γραφή.
728 5687 911 5743 Codex
945 5685 1168 5757 Regius,
1201 5687 1374 5757 φωνή.

302 5756 731 5828 (Αθθδᾲᾎδεαεροὶ
776 5756 1103 5826 Ἀμιναδάϐ,
1151 5767 1255 5812 etc.
1298 5755 1806 5828 E’diti0}Complut.,

243 5826 547 5892 ’Δόιναδά6,
579 5837 636 5880 et
667 5830 737 5881 ita
771 5828 1115 5882 scribendum
1148 5837 1284 5888 erat,
1333 5830 1424 5882 sed
1453 5826 1597 5897 quod
1635 5829 1664 5897 β
1691 5828 1808 5881 alli-

236 5913 355 5952 ιιι-ιιι
383 5899 514 5952 olim
547 5897 623 5969 τῷ
657 5916 695 5969 μ
727 5899 952 5970 figuram
989 5899 1278 5967 obtineret,
1336 5911 1620 5970 propterea
1667 5915 1810 5969 saepe

1913 5689 2146 5744 invicem
2196 5692 2595 5757 permutantur.
2615 5680 2818 5757 _Editio
2848 5681 3063 5757 Uompl.
3095 5679 3137 5735 11
3164 5678 3301 5757 Beg.
3335 5694 3410 5744 vt,
3439 5678 3498 5757 ᾧ,

1916 5751 2280 5828 praetermittit
2314 5757 2479 5828 τὸ,ὲν
2505 5753 2674 5828 ίσχύ-ῖ,
2709 5754 2863 5828 quod
2910 5751 3128 5828 eshibet
3160 5751 3408 5828 Sixtina;
3444 5752 3500 5806 in

1917 5823 2077 5898 quem
2114 5829 2292 5881 locum
2326 5823 2593 5898 videndus
2623 5825 2905 5898 Nobilius._
2925 5823 3200 5898 Universae
3229 5823 3496 5877 editiones

1917 5894 2118 5956 habent
2157 5897 2500 5969 ἐπορεύοντο,
2536 5912 2642 5952 non
2669 5895 3054 5969 ἐμπορεύοντο.
3091 5894 3354 5950 Ιίυετιυε.
