3954 6538
492 374 493 377 “
563 374 702 434 “87

2021 358 2345 420 ORICENiS

3667 350 3777 407 “83

559 490 805 564 psalterii
841 488 1174 547 chordarum
1209 485 1358 543 nulla
1387 483 1619 541 invicem
1651 482 2018 555 discrepantia
2040 490 2143 537 est.

2251 476 2438 548 λήλας.
2487 473 2563 529 Οὐ
2613 471 2953 542 συνεφώνουν
3006 469 3066 525 δὲ
3092 468 3185 524 ἐπὶ
3209 467 3307 540 τῆς
3337 467 3443 540 γῆς
3472 466 3521 521 oi
3556 467 3776 537 λέγοντες·

559 585 631 638 At
662 598 769 637 non
800 580 1217 637 consentiebant
1260 593 1425 649 super
1469 588 1672 634 terram
1714 577 1809 649 qui
1855 576 2149 632 dicebant:

567 691 588 726 ι
621 673 732 744 Ego
783 674 1004 743 quidem
1044 688 1166 728 sum
1199 671 1376 732 Pauli.
1412 686 1514 743 ego
1564 677 1748 726 autem
1795 669 2012 740 Apollo,
2049 682 2152 739 ego

561 780 693 819 vero
722 763 941 835 Cepbae,
975 779 1077 834 ego
1111 771 1293 818 autem
1318 761 1525 846 Christi
1546 761 1615 828 θ’,
1652 780 1671 813 ι
1700 758 1794 815 sed
1822 758 1968 814 inter
2004 758 2151 827 ipsos

557 850 725 923 617
757 861 910 906 erant
953 852 1268 914 schismata,
1305 850 1505 920 quibus
1538 849 1840 919 dissipatis,
1882 863 1991 902 una
2025 863 2150 903 cum

562 941 715 997 Pauli
754 943 946 1013 spiritu
973 943 1043 1009 ⁸³,
1070 944 1271 999 virtute
1306 942 1520 998 Domini
1547 940 1677 998 Jcsu
1701 942 1929 1007 Christi,
1951 956 2151 999 conso-

565 1037 875 1101 ciabantur,
900 1052 968 1091 ne
988 1052 1048 1092 se
1082 1014 1315 1108 amplius
1355 1037 1671 1092 morderent
1691 1045 1747 1091 et
1781 1036 2150 1102 comederent,

570 1130 644 1186 ita
679 1139 736 1185 ut
762 1129 1007 1185 vicissim
1041 1129 1183 1184 alius
1223 1128 1291 1184 ab
1336 1129 1446 1183 alio
1496 1136 1989 1195 consumerentur;
2020 1142 2153 1183 con-

564 1222 738 1279 sumit
788 1221 934 1277 enim
994 1228 1049 1275 et
1099 1221 1284 1276 atterit
1328 1220 1642 1284 discordia,
1692 1219 2151 1288 quemadmodum

562 1313 803 1370 corradit
833 1322 889 1367 et
921 1313 1232 1368 accumulat
1263 1312 1579 1379 concordia,
1610 1320 1665 1368 et
1695 1311 1817 1368 Filii
1852 1312 1946 1367 Dei
1978 1328 2149 1384 capax

562 1414 666 1472 est,
694 1404 786 1475 qui
829 1405 883 1458 in
925 1405 1104 1460 medio
1145 1405 1603 1461 consentientium
1638 1405 1904 1460 duntaxat
1946 1405 2150 1476 reperi-

564 1505 671 1552 tur.
703 1498 780 1553 Ac
812 1508 940 1553 sunt
969 1498 1079 1552 duo
1120 1497 1402 1568 Tgeneralia
1440 1498 1493 1551 in
1536 1498 1736 1568 quibus
1776 1499 1992 1568 proprie
2024 1514 2155 1553 con-

564 1588 748 1641 cordia
788 1588 1005 1642 exsistit
1037 1605 1050 1641 :
1078 1603 1405 1655 consensus,
1457 1604 1582 1644 cum
1631 1590 1832 1645 eaedem
1884 1590 2153 1645 habentur

563 1678 750 1731 animo
776 1676 1095 1744 sententize;
1132 1687 1183 1732 et
1215 1680 1462 1749 ejusdem
1494 1680 1794 1736 voluntatis
1836 1682 2149 1748 consensio,

2204 602 2211 607 ι
2258 589 2279 622 ι
2327 566 2466 638 Ἐγὼ
2492 566 2590 640 μέν
2616 568 2732 638 εἰμι
2768 565 3006 629 Παύλου,
3035 562 3146 632 ἐγὼ
3200 562 3256 615 δὲ
3295 559 3557 624 ’Λπολλὼ,
3599 561 3693 630 ἐγὼ
3735 562 3779 616 δὲ

2250 662 2439 735 Κηφᾶ,
2466 659 2575 731 ἐγὼ
2597 659 2654 714 δὲ
2683 657 2975 732 Χριστοῦ,ι
2998 657 3135 711 ἀλλὰ
3154 652 3222 728 ἦν
3250 654 3509 717 ὲνάύτοίς
3539 655 3777 724 σχίσματα,

2251 747 2326 809 ὧν
2351 753 2767 825 καταλυομένων
2790 752 3083 822 συνήγοντο
3103 749 3239 821 μετὰ
3259 746 3352 802 τοῦ
3381 748 3439 799 ὲν
3463 746 3644 817 Παύλῳ
3664 746 3780 800 πνεύ-

2254 864 2423 918 ματος
2451 846 2548 900 σὺν
2576 849 2642 917 τῇ
2676 844 2902 914 δυνάμει
2950 842 3045 895 τοῦ
3090 840 3292 911 Κυρίου
3355 838 3528 909 Ἰησοῦ
3570 838 3777 910 Χριστοῦ,

2250 939 2339 991 ἵνα
2365 945 2561 1009 μηκέτι
2591 935 2856 1008 ἀλλήλους
2907 934 3143 988 δάκνωσι
3188 933 3281 985 καὶ
3327 929 3687 993 κατεσθίωσιν,

2252 1029 2356 1082 ὑπὸ
2387 1029 2629 1100 ἀλλήλων
2655 1027 2853 1090 αὐτοὺς
2894 1023 3302 1080 ἀναλίσκεσθαι·
3343 1022 3618 1076 ἀναλίσκει
3643 1021 3778 1093 γὰρή

2249 1122 2534 1193 διαφωνία,
2564 1120 2755 1191 ὥσπερ
2805 1121 3027 1189 συνάγει
3093 1120 3127 1187 ἡ
3181 1116 3493 1188 συμφωνία,
3541 1115 3627 1168 καὶ
3653 1119 3780 1185 χωρεί

2250 1217 2341 1270 τὸν
2374 1216 2613 1287 ἐν’μέσῳ
2646 1214 2754 1268 τῶν
2781 1212 3210 1285 συμφωνούντων
3245 1211 3527 1281 γινόμενον
3560 1209 3672 1261 Υίὸν
3709 1208 3775 1260 τοῦ

2253 1308 2412 1363 Θεοῦ.
2437 1309 2548 1365 Καὶ
2576 1307 2781 1381 κυρίως
2804 1323 2867 1374 γε
2896 1308 2953 1358 ὲν
2979 1305 3071 1359 δύο
3101 1307 3340 1374 γενικοῖς
3373 1302 3578 1370 γίνεται
3613 1303 3643 1372 ἡ
3683 1317 3781 1370 augt-

2254 1401 2451 1471 φωνία,
2481 1400 2579 1471 τῷ,
2614 1400 2689 1464 ὡς
2716 1400 3001 1469 ὠνόμασεν
3022 1399 3050 1451 ὁ
3104 1395 3446 1458 ’Λπόστολος,
3478 1392 3782 1465 καταρτισμῷ

2250 1492 2346 1546 τοῦ
2377 1492 2543 1546 αὑτοῦ
2565 1494 2703 1556 νοὸς,
2728 1490 2869 1548 κατὰ
2912 1490 2970 1544 τὸ
3022 1489 3163 1544 αὐτὰ
3185 1489 3435 1560 δόγματα
3488 1487 3622 1558 ἔχειν
3643 1503 3779 1555 νενοη-

2256 1586 2412 1658 μένα,
2441 1585 2622 1639 καὶτὸ
2665 1585 2763 1656 τῆς
2816 1583 2984 1654 αὐτῆς
3034 1580 3278 1653 γνώμης,
3330 1580 3475 1635 κατὰ
3526 1579 3584 1632 τὸ
3623 1579 3780 1648 ὁμοίως

2255 1677 2424 1748 βιοῦν.
2451 1679 2514 1731 Εἰ
2544 1677 2622 1739 δὲ,
2656 1696 2673 1727 ι
2705 1676 2797 1729 ἐὰν
2830 1674 2923 1728 δύο
2950 1676 3106 1747 ἡμῶν
3134 1676 3575 1745 συμφωνήσωσιν
3604 1670 3683 1724 ἐπὶ
3706 1669 3780 1739 τῆς

561 1784 684 1824 cum
721 1783 818 1838 par
846 1779 930 1824 est
959 1770 1253 1839 utrobique
1295 1780 1350 1825 et
1397 1771 1590 1827 similis
1623 1773 1743 1827 vita:
1781 1782 1956 1827 tenor.
1990 1770 2147 1839 Quod

2253 1768 2357 1839 γῆς
2386 1768 2512 1839 περὶ
2536 1766 2736 1830 παντὸς
2762 1765 3084 1837 πράγματος
3124 1764 3185 1820 οἲ
3228 1765 3326 1817 ἐὰν
3376 1765 3701 1836 αἰτήσωνται,
3721 1761 3778 1830 γί-

562 1862 608 1917 si
642 1881 661 1912 ι
702 1862 917 1916 duobus
942 1876 1008 1915 ex
1038 1862 1196 1917 nobis
1229 1864 1702 1919 consentientibus
1725 1880 1891 1933 super
1923 1872 2145 1927 terram,

2251 1878 2401 1915 νεται
2443 1861 2639 1923 αὐτοῖς
2677 1863 2828 1930 παρα
2865 1858 2959 1911 τοῦ
2991 1859 3047 1911 ἐν
3091 1859 3342 1930 οὐρανοῖς
3392 1858 3646 1928 Πατρὶς,›
3689 1855 3784 1922 περὶ

562 1954 628 2007 de
658 1953 807 2008 omni
842 1969 921 2018 re,
950 1968 1279 2024 quacunque
1320 1955 1597 2024 petierint,
1643 1955 1732 2010 tiet
1780 1956 1886 2011 illis
1923 1972 1952 2010 a
1988 1956 2148 2012 Patre

562 2043 689 2099 Jesu
737 2045 833 2115 qui
868 2046 922 2100 in
959 2046 1115 2100 caelis
1148 2055 1232 2102 est
1269 2046 1348 2112 “;
1396 2064 1414 2098 ι
1461 2048 1896 2117 quotiescunque
1929 2063 1958 2102 a
1988 2046 2149 2104 Patre

563 2139 656 2206 qui
689 2138 741 2192 in
770 2138 924 2193 caelis
963 2147 1048 2193 est
1092 2139 1364 2208 postulata
1397 2141 1650 2211 qualibet
1695 2156 1803 2195 non
1846 2139 2146 2211 impetran-

565 2237 673 2295 tur,
700 2230 837 2286 duos
869 2231 978 2287 illic
1011 2247 1177 2302 super
1198 2240 1400 2287 terram
1429 2248 1537 2287 non
1564 2232 1912 2289 consensisse
1936 2233 2147 2303 perspi-

565 2335 727 2373 cuum
762 2330 864 2387 est,
896 2329 950 2375 et
982 2337 1080 2376 cur
1120 2321 1265 2377 votis
1313 2338 1379 2378 ac
1416 2324 1671 2393 precibus
1715 2340 1824 2377 non
1871 2325 2143 2393 potiantur

565 2410 696 2466 illud
727 2413 784 2466 in
824 2426 991 2467 causa
1035 2428 1175 2478 esse,
1210 2414 1355 2482 quod
1404 2430 1581 2484 neque
1619 2415 2002 2484 opinionibus,
2052 2431 2149 2470 ne-

565 2519 674 2574 que
719 2504 842 2560 vitae
889 2505 1139 2560 instituto
1192 2505 1357 2559 simul
1407 2507 1832 2562 consentiamus.
1879 2507 2145 2563 Praeterea

564 2608 694 2649 vero
751 2594 798 2649 si
853 2609 1052 2665 corpus
1096 2611 1293 2651 sumus
1346 2594 1572 2660 Christi,
1622 2606 1679 2650 et
1721 2596 1950 2666 (posuit
2004 2594 2149 2651 Deus

566 2687 810 2742 membra
845 2688 1278 2759 unumquodque
1306 2702 1497 2743 eorum
1528 2688 1584 2742 in
1609 2704 1859 2760 corpore,
1886 2706 1904 2740 ι
1928 2696 1988 2743 ιιι
2009 2708 2027 2739 ι
2052 2704 2150 2759 pro

567 2776 799 2833 invicem
828 2778 1063 2834 sollicita
1104 2779 1214 2834 sint
1243 2780 1489 2834 membra
1515 2779 1584 2844 ⁸⁸,
1618 2799 1635 2832 ι
1678 2790 1731 2835 et
1776 2779 1879 2835 sibi
1916 2780 2145 2836 invicem

565 2869 932 2937 consentiant,
968 2889 987 2923 ι
1018 2883 1071 2926 et
1101 2871 1147 2927 si
1190 2871 1319 2940 quid
1355 2872 1557 2940 patitur
1603 2887 1771 2926 unum
1818 2872 2146 2940 membrum,

566 2962 968 3033 compatiantur
996 2961 1179 3016 omnia
1212 2961 1493 3024 membra;
1532 2962 1647 3018 sive
1675 2962 1940 3033 gloriatur
1976 2980 2146 3019 unum

565 3056 893 3124 membrum,
924 3056 1304 3127 congaudeant
1341 3056 1410 3123 ⁸⁸,
1444 3075 1463 3108 ι
1508 3056 1809 3112 exercenda
1860 3057 2018 3113 nobis
2065 3065 2151 3112 est

2252 1954 2455 2017 παντὸς
2503 1953 2828 2023 πράγματος
2865 1945 2925 2005 οῦ
2983 1951 3078 2005 ἐὰν
3131 1951 3486 2021 αἰτήσωνται,
3549 1948 3654 2000 ἐκεῖ
3693 1944 3782 1997 οὐδὲ

2248 2044 2341 2099 δύο
2376 2042 2759 2114 συνεφώνησαν
2789 2042 2881 2097 ἐπὶ
2909 2043 3008 2114 τῆς
3036 2042 3161 2113 γῆς’
3204 2042 3296 2096 καὶ
3328 2042 3489 2095 τοῦτο
3509 2041 3662 2093 αἴτιον
3683 2038 3782 2107 ἡμῖν

2249 2138 2366 2192 ἐστι
2398 2136 2493 2190 τοῦ
2527 2137 2601 2208 μὴ
2629 2134 2994 2188 ὲπακούεσθαι
3060 2134 3413 2205 εὐχομένους,
3465 2132 3524 2186 τὸ
3582 2131 3647 2203 μὴ
3677 2147 3783 2200 συμ-

2249 2232 2444 2300 φωνεῖν
2480 2228 2628 2300 ἡμᾶς
2666 2226 2917 2299 ἀλλήλοις
2966 2229 3057 2281 ὲπί
3109 2229 3207 2299 τῆς
3259 2228 3367 2298 γῆς
3424 2229 3556 2298 μήτε
3601 2226 3783 2293 δόγμασι

2256 2323 2394 2394 μήτε
2435 2321 2571 2393 βίῳ·
2606 2320 2769 2373 ἔτιδὲ
2823 2321 2917 2374 καὶ
2945 2321 3103 2393 είπερ
3132 2319 3291 2390 σῶμά
3352 2321 3518 2390 ἐσμεν
3574 2314 3784 2389 Χριστοῦ,

2249 2414 2345 2468 καὶ
2378 2433 2395 2464 ι
2429 2413 2581 2466 ἔθετο
2613 2415 2641 2466 ὁ
2679 2413 2810 2476 Θεὸς
2862 2414 2929 2465 τὰ
2981 2412 3118 2485 μέλη
3163 2412 3399 2464 ἕκαστον
3448 2411 3616 2464 αὐτῶν
3660 2408 3785 2476 ἐντῷ

2253 2504 2523 2575 σώματι,›
2545 2505 2631 2558 ἵνα
2666 2525 2682 2555 ι
2703 2504 2762 2557 τὸ
2787 2505 2918 2558 αὐτὸ
2950 2503 3287 2577 μεριμνῶσιν
3329 2505 3472 2576 ὑπὲρ
3503 2500 3714 2574 ὰὶλήλων
3734 2499 3787 2553 τὰ

2256 2596 2446 2669 μέλη,ι
2486 2597 2580 2650 καὶ
2613 2597 2975 2668 συμφωνῶσιν
3008 2596 3281 2668 ἀλλήλοις,
3346 2618 3364 2648 ι
3404 2598 3496 2650 καὶ
3541 2596 3786 2665 πάσχοντος

2252 2688 2368 2753 ἑνὸς
2406 2688 2506 2760 μὲν
2539 2688 2730 2760 μέλους
2768 2691 3067 2762 συμπάσχῃ
3127 2690 3329 2752 πάντα,
3394 2688 3719 2759 δοξαζομένου
3742 2683 3785 2737 δὲ

2257 2781 2548 2855 συγχαίρῃ,
2565 2801 2581 2832 ι
2618 2781 2902 2853 ὀφείλομεν
2922 2783 3109 2836 ἀσκεῖν
3137 2781 3236 2854 τὴν
3276 2782 3387 2835 ἀπὸ
3419 2783 3516 2853 τῆς
3540 2782 3672 2843 Θείας
3690 2796 3787 2849 μου·

2225 2875 2413 2946 ,σικῆς
2468 2875 2808 2945 συμφωνίαν,
2855 2874 2961 2940 ἵνα,
3019 2874 3407 2945 συναγομένων
3453 2873 3602 2945 ἡμῶν
3639 2873 3706 2934 είς
3739 2867 3786 2921 τὸ

2254 2968 2428 3038 ὄνομα
2475 2967 2568 3021 τοῦ
2598 2966 2857 3039 Χριστοῦ,
2889 2968 3122 3040 Χριστὸς
3232 2970 3291 3021 ὲν
3321 2969 3475 3040 μέσῳ
3500 2965 3639 3037 ἡμῶν
3668 2965 3693 3016 6
3713 2961 3785 3015 τοῦ

2255 3059 2389 3113 Θεοῦ
2424 3059 2614 3129 Λόγος,
2651 3061 2743 3113 καὶ
2789 3061 2822 3132 ἡ
2858 3059 2953 3114 τοῦ
2996 3059 3131 3114 Θεοῦ
3178 3060 3363 3131 σοφία,
3403 3061 3496 3114 κα)⁸
3535 3061 3565 3130 ἡ
3602 3056 3786 3127 δύναμις

564 3149 887 3219 symphonia
913 3164 1035 3220 quae
1079 3165 1110 3204 a
1143 3149 1323 3203 divina
1354 3150 1562 3206 musica
1596 3150 1790 3216 oritur,
1821 3160 1881 3206 ut
1915 3166 2040 3207 cum
2089 3151 2144 3206 in
2173 3145 2216 3202 C
2249 3147 2435 3207 αὐτοῦ.

564 3243 784 3298 nomine
838 3242 1045 3299 Christi
1098 3242 1365 3299 fuerimus
1414 3247 1746 3318 congregati,
1789 3246 1845 3302 in
1892 3248 2076 3303 medio
2113 3256 2363 3303 nostrum
2407 3248 2478 3304 sit
2507 3247 2782 3314 Christus,
2814 3249 2906 3320 qui
2966 3248 3060 3304 Dei
3099 3247 3335 3305 Verbum
3390 3258 3496 3314 est,
3533 3259 3584 3305 et
3614 3246 3693 3302 Dei
3719 3260 3786 3300 sa-

565 3337 787 3408 pientia,
824 3337 1106 3409 ipsiusque
1133 3339 1329 3395 virtus.

634 3427 689 3482 2.
731 3428 908 3499 Atque
948 3430 1065 3485 hanc
1125 3430 1348 3500 quidem
1395 3430 1463 3486 de
1511 3432 1597 3489 bis
1645 3432 1860 3492 duobus
1902 3437 2149 3494 tribusve

564 3518 824 3585 diximus,
854 3536 993 3590 quos
1022 3521 1090 3575 ad
1123 3520 1573 3580 consentiemlum
1610 3525 1841 3583 invicem
1895 3529 2149 3583 hortatur

568 3606 830 3679 Verbum,
863 3622 1023 3683 prout
1050 3614 1104 3668 in
1132 3630 1355 3670 sensum
1388 3617 1531 3672 trahi
1589 3628 1820 3688 possunt
1857 3620 2045 3676 tritum
2083 3636 2149 3677 ac

563 3706 940 3777 pervulgatum
973 3707 1189 3779 magis:
1218 3723 1365 3763 nunc
1405 3718 1587 3766 autem
1635 3711 1796 3765 aliam
1829 3712 2149 3782 explicatio-

564 3811 690 3853 nem
719 3799 1124 3870 aggrediamur,
1156 3816 1319 3870 quam
1349 3812 1475 3858 ante
1501 3818 1603 3858 nos
1642 3802 1915 3873 quispiam
1962 3812 2151 3874 protu-

564 3890 647 3949 lit.
696 3892 763 3947 ad
808 3892 1110 3948 castitatem
1158 3903 1214 3950 et
1260 3895 1585 3950 munditiem
1625 3897 1900 3951 connubio
1926 3895 2151 3967 junctos

565 3985 899 4054 adhortans;
952 3985 1095 4041 duos
1140 3987 1286 4043 enim
1353 3987 1492 4053 bos,
1543 4002 1684 4057 quos
1734 4004 1898 4058 super
1949 3998 2150 4044 terram

565 4079 876 4134 consentire
905 4080 1021 4134 vult
1056 4077 1318 4144 Verbum,
1358 4081 1537 4135 virum
1562 4087 1619 4135 et
1658 4080 1942 4135 mulierem
1993 4080 2153 4136 intel-

564 4170 657 4241 ligi
683 4171 880 4227 debere
904 4172 1086 4237 docet,
1117 4188 1185 4228 ex
1223 4188 1499 4230 consensu
1544 4189 1665 4229 sese
1705 4189 1970 4245 corporeo
2013 4188 2148 4230 con-

564 4278 757 4334 gressu
791 4264 1126 4332 fraudautes,
1158 4276 1219 4323 ut
1254 4279 1446 4325 vacent
1487 4267 1745 4332 orationi,
1790 4266 2012 4338 quando
2040 4266 2148 4323 sci-

564 4355 692 4411 licet
721 4370 940 4414 orantes
971 4377 991 4410 ι
1023 4358 1091 4415 de
1114 4361 1264 4415 omni
1300 4376 1357 4415 re
1383 4375 1771 4431 quamcunque
1814 4358 2088 4430 petierint,
2120 4378 2140 4411 ι

563 4448 967 4519 impetrabunt;
996 4467 1121 4507 cum
1155 4462 1291 4508 nutu
1323 4453 1502 4509 Patris
1536 4451 1667 4509 Jesu
1705 4451 1913 4508 Christi
1950 4452 2046 4523 qui
2090 4452 2146 4506 in

564 4543 720 4598 cadis
747 4551 853 4610 est,
882 4555 1099 4614 propter
1128 4547 1297 4618 618
1342 4548 1501 4602 talem
1531 4562 1859 4603 consensum
1892 4555 2144 4602 votorum

566 4641 848 4703 compotes
874 4635 1023 4689 tient.
1060 4635 1281 4692 Videtur
1310 4645 1492 4692 autem
1537 4637 1696 4692 nobis
1729 4638 1845 4692 haec
1876 4635 2148 4707 expositio

568 4737 679 4778 non
709 4724 948 4796 conjugii
993 4726 1436 4794 dissolutionem,
1480 4729 1574 4785 sed
1613 4729 1681 4784 ad
1725 4738 1978 4783 mutuum
2013 4742 2148 4782 con-

567 4832 789 4874 sensum
819 4818 1256 4876 exhortatioaem
1288 4822 1601 4890 continere;
1640 4822 1778 4877 adeo
1813 4831 1871 4875 ut
1916 4819 1963 4874 si
2010 4818 2148 4872 alter

2325 3431 2515 3487 Ταῦτα
2547 3431 2647 3504 μὲν
2679 3426 2793 3495 οῦν,
2829 3432 2905 3498 ὡς
2936 3433 3043 3488 τῶν
3088 3434 3183 3488 δύο
3213 3435 3308 3489 καὶ
3336 3435 3522 3508 τριῶν,
3565 3431 3649 3495 οὒς
3689 3444 3787 3501 1:90-

2254 3525 2503 3579 καλεῖται
2536 3529 2847 3597 συμφωνεῖν
2880 3530 2907 3581 6
2931 3527 3121 3596 Λόγος,
3174 3526 3482 3600 κοινότερον
3514 3522 3781 3594 νοουμένων·

2256 3620 2358 3692 ἤδη
2387 3619 2443 3674 δὲ
2466 3620 2558 3673 καὶ
2584 3619 2749 3691 ἄλλης
2773 3620 3079 3692 διηγήσεως
3126 3619 3427 3692 ἁψώμεθα,
3454 3620 3520 3691 ἢν
3573 3614 3703 3683 ἔλεγέ
3726 3627 3786 3673 τις

2254 3710 2365 3766 τῶν
2389 3711 2496 3784 πρὸ
2518 3711 2697 3783 ἡμῶν,
2733 3713 3055 3785 προτρέπων
3087 3714 3181 3766 ἐπὶ
3214 3712 3438 3784 ἁγνείαν
3470 3715 3560 3767 καὶ
3593 3705 3786 3778 καθαρό-

2254 3822 2394 3876 τητα
2417 3805 2545 3870 τοὺς
2578 3805 2986 3877 γεγαμηκότας·
3018 3805 3113 3859 δύο
3138 3806 3246 3879 γὰρ
3272 3806 3370 3871 οὓς
3398 3806 3662 3878 βούλεται,
3709 3814 3786 3869 φη·

2258 3899 2341 3953 σὶν
2370 3901 2399 3953 6
2422 3899 2614 3968 Λόγος,
2652 3901 2957 3971 συμφωνεῖν
2983 3899 3074 3951 ἐπὶ
3120 3899 3217 3971 τῆς
3255 3901 3385 3970 γῆς,
3416 3899 3577 3970 ἄνδρα
3608 3896 3689 3949 καὶ
3709 3910 3785 3959 γυ-

2256 3994 2418 4047 ναῖκα
2443 3990 2683 4062 νοητέον,
2708 3992 2772 4044 ὲκ
2816 3991 3135 4061 συμφωνίας
3194 3989 3624 4063 ἀποστεροῦντας
3657 3984 3784 4053 ἀλλή-

2256 4082 2381 4148 λους
2406 4083 2723 4153 σωματικῆς
2749 4081 2985 4153 ὁμιλίας,
3006 4083 3091 4136 ἵνα
3115 4081 3421 4153 σχολάσωσι
3447 4084 3512 4153 τῇ
3537 4078 3780 4152 προσευχῇ.

2252 4176 2363 4241 ὅτε,
2414 4175 2838 4247 προσευχόμενοι
2914 4195 2931 4226 ι
2977 4176 3106 4246 περὶ
3152 4175 3358 4240 παντὸς
3409 4176 3703 4248 πράγματος
3735 4158 3781 4219 οὗ

2253 4269 2348 4323 ἐὰν
2382 4269 2762 4340 αἰτήσωνται,›
2812 4268 3096 4340 λήψονται,
3147 4273 3472 4341 γιγνομένου
3517 4267 3677 4327 αὐτοῖς
3710 4258 3780 4315 τιιῦ

2253 4361 2363 4414 ἀπὸ
2394 4360 2649 4431 τοιαύτης
2676 4361 2994 4431 συμφωνίας
3026 4362 3325 4432 αἱτήματος
3372 4361 3521 4433 παρὰ
3546 4357 3630 4412 τοῦ
3650 4359 3696 4410 ὲν
3715 4352 3782 4405 οὐ·

2257 4454 2438 4524 ρανοῖς
2469 4452 2681 4526 Πατρός
2722 4450 2900 4522 Ἰησοῦ
2948 4450 3207 4522 Χριστοῦ.
3243 4452 3356 4505 Καὶ
3415 4452 3584 4505 ἔοικεν
3630 4444 3779 4518 ήμίνή

2252 4543 2502 4615 διήγησις
2521 4543 2658 4616 αῦτη
2689 4545 2749 4597 οὐ
2809 4543 3053 4597 διάλυσιν
3108 4546 3282 4597 ποιεῖν
3340 4546 3540 4616 γάμου,
3591 4532 3780 4596 ἀλλ’ὲπὶ

2254 4636 2574 4707 συμφωνίαν
2602 4637 2935 4709 προτροπὴν·
2970 4636 3045 4700 ὡς
3077 4637 3125 4690 εί
3154 4638 3183 4691 ὁ
3232 4636 3421 4710 ἕτερος
3452 4639 3545 4709 μὲν
3588 4633 3778 4706 βούλοιτο

2252 4729 2600 4800 καθαρεύειν,
2657 4730 2686 4781 6
2741 4729 2800 4783 δὲ
2852 4729 3038 4802 ἔτερος
3090 4730 3164 4802 μὴ
3200 4729 3367 4794 θέλοι,
3409 4731 3503 4784 καὶ
3554 4727 3633 4782 διὰ
3659 4723 3777 4777 τοῦτο

2254 4821 2681 4890 συγκαταϐαίνοι
2704 4820 2781 4894 τῷ
2806 4820 2839 4893 ἢ
2877 4821 2953 4894 μὴ
2979 4821 3185 4877 Θέλοντι
3210 4823 3244 4896 ἢ
3271 4824 3347 4895 μὴ
3374 4821 3640 4895 δυναμένῳ
3660 4820 3684 4871 ό
3706 4811 3775 4868 καὶ

1775 5002 1867 5061 VE
1882 5004 2009 5062 l‘US
2046 5001 2632 5065 INTERPBETATIO.

564 5169 746 5248 omnia
767 5212 799 5248 ,Α
827 5172 1085 5230 debemus
1134 5174 1190 5230 in
1231 5176 1390 5232 nobis
1433 5178 1703 5233 musicum
1754 5176 1920 5231 istum
1973 5191 2194 5248 servare
2257 5184 2606 5248 concentum.
2654 5175 2808 5232 Sicut
2848 5178 2993 5234 enim
3030 5180 3083 5234 in
3111 5179 3341 5235 musicis
3367 5178 3470 5236 nisi
3505 5174 3775 5248 fuerith-

566 5245 835 5300 venientia
868 5260 1084 5318 vocum.
1116 5262 1225 5300 non
1253 5248 1845 5312 delectataudientem;
1886 5248 1965 5302 sic
1997 5255 2051 5301 et
2074 5245 2319 5302 Ecclesia
2348 5247 2452 5301 nisi
2484 5263 2814 5303 consensum
2849 5250 3119 5318 habuerit,
3147 5267 3253 5304 non
3285 5250 3573 5305 delectatur
3591 5245 3770 5318 Deusta

564 5327 649 5375 ea.
684 5330 785 5370 nec
818 5316 1155 5388 auditvoccs
1191 5333 1404 5388 eorum.
1432 5309 1852 5373 Cousentiamus
1890 5332 2040 5388 ergo,
2071 5326 2130 5371 ut
2163 5318 2505 5388 congregatis
2555 5319 2713 5373 nobis
2748 5319 2802 5373 in
2834 5320 3056 5375 nomine
3085 5309 3238 5386 Iesu,
3276 5321 3350 5375 sit
3375 5318 3531 5376 Jesus
3561 5318 3609 5372 in
3632 5309 3772 5368 ωοάῖο

567 5394 839 5457 nostrum,
870 5383 1108 5457 Verbum
1142 5388 1352 5443 scilicet
1377 5386 1471 5442 Dei
1497 5398 1550 5442 ct
1586 5388 1848 5457 sapientia
1883 5383 2133 5441 etvirtus
2168 5383 2361 5457 ipsius.

635 5452 689 5534 Ξῖ
734 5454 827 5508 Est
854 5456 1048 5534 ramalia
1077 5458 1346 5534 expositio
1374 5452 1665 5512 verboruni
1717 5459 1970 5534 istorum,
2006 5452 2473 5534 quam'exposmit
2521 5457 2723 5529 aliquis
2761 5466 2890 5514 ante
2939 5475 3040 5515 nos
3084 5459 3383 5534 exhortans
3413 5458 3477 5514 ad
3517 5454 3769 5534 castitatem

567 5522 847 5593 coniuges.
885 5522 942 5578 Si
978 5525 1108 5590 duo,
1137 5522 1334 5601 inquit,
1369 5537 1611 5601 vestrum
1647 5522 2038 5588 convenerint,
2054 5528 2105 5581 id
2142 5537 2246 5601 est,
2272 5522 2365 5601 vir
2415 5540 2469 5583 et
2519 5522 2658 5601 uxor
2708 5546 2775 5585 ex
2824 5545 3099 5601 consensu
3153 5531 3475 5601 semetipsos
3520 5522 3770 5601 abinviceut

569 5605 883 5673 scparaiites
917 5611 944 5648 a
979 5599 1242 5666 corporali
1278 5598 2006 5673 conjunctione,utvaceut
2050 5599 2321 5673 orationi;
2349 5608 2503 5673 tunc
2552 5600 2697 5654 enim
2750 5610 2970 5673 orantes
3000 5600 3067 5655 de
3114 5602 3266 5655 omni
3313 5598 3389 5667 re,
3445 5598 3770 5673 quamctlpqltf

569 5664 840 5731 petierint,
873 5662 1298 5737 consequentur,
1336 5662 1629 5740 praestante
1656 5662 1737 5724 eis
1765 5667 1877 5722 Deo
1908 5684 2005 5738 per
2034 5668 2195 5724 talem
2225 5662 2496 5726 castitatis
2525 5686 2874 5727 consensum.
2908 5670 2976 5726 Et
3006 5673 3109 5728 istc
3141 5662 3440 5729 consensus
3463 5662 3571 5725 'non
3600 5662 3771 5719 videtur

642 5827 689 5861 ⁸⁸
723 5828 745 5885 l
777 5830 905 5889 Cor.
930 5813 981 5899 ἰ,
1016 5834 1101 5888 12.
1178 5834 1223 5867 ⁸³
1250 5834 1370 5890 Gal.
1395 5852 1447 5906 ν,
1487 5837 1574 5894 15.
1650 5836 1696 5869 ⁸⁸
1717 5834 1909 5892 Matth.
1939 5850 2097 5908 xvm,
2130 5835 2148 5891 l

2294 5836 2339 5873 δ’
2363 5837 2383 5893 ι
2407 5835 2532 5894 Cor.
2565 5854 2665 5907 xu,
2693 5838 2781 5894 is.
2827 5824 2903 5916 ,ιδ
2938 5837 3072 5895 ibid.
3103 5835 3301 5908 25,86.
