  <div class='ocr_page' id='page_1' title='image "/cluster/home/n/w/nwhite01/storage/ocr_20150623/13/hvd.32044019207646/622.png"; bbox 0 0 3954 6560; ppageno 0'>
   <div class='ocr_carea' id='block_1_1' title="bbox 159 403 3399 469">
    <p class='ocr_par' dir='ltr' id='par_1_1' title="bbox 159 403 3399 469">
     <span class='ocr_line' id='line_1_1' title="bbox 159 403 3399 469; baseline -0.002 0"><span class='ocrx_word' id='word_1_1' title='bbox 159 411 278 469; x_wconf 75' lang='lat'><strong>“89</strong></span> <span class='ocrx_word' id='word_1_2' title='bbox 1056 406 1414 464; x_wconf 78' lang='lat' dir='ltr'><strong>COMMENT.</strong></span> <span class='ocrx_word' id='word_1_3' title='bbox 1456 406 1525 462; x_wconf 72' lang='grc' dir='ltr'><strong>ΙΝ</strong></span> <span class='ocrx_word' id='word_1_4' title='bbox 1562 403 1987 462; x_wconf 66' lang='lat' dir='ltr'><strong>MATTIIJEUM</strong></span> <span class='ocrx_word' id='word_1_5' title='bbox 2022 405 2262 462; x_wconf 67' lang='lat' dir='ltr'><strong>TOMIIS</strong></span> <span class='ocrx_word' id='word_1_6' title='bbox 2296 405 2435 464; x_wconf 82' lang='lat' dir='ltr'><strong>XIV.</strong></span> <span class='ocrx_word' id='word_1_7' title='bbox 3262 406 3399 465; x_wconf 82' lang='lat' dir='ltr'><strong>H90</strong></span> 
     </span>
    </p>
   </div>
   <div class='ocr_carea' id='block_1_2' title="bbox 157 522 1712 603">
    <p class='ocr_par' dir='ltr' id='par_1_2' title="bbox 157 525 1701 603">
     <span class='ocr_line' id='line_1_2' title="bbox 157 525 1701 603; baseline -0.004 -20"><span class='ocrx_word' id='word_1_8' title='bbox 157 529 451 603; x_wconf 67' lang='grc' dir='ltr'>βουλόμενος</span> <span class='ocrx_word' id='word_1_9' title='bbox 482 527 573 581; x_wconf 75' lang='grc' dir='ltr'><strong>καὶ</strong></span> <span class='ocrx_word' id='word_1_10' title='bbox 593 525 890 598; x_wconf 77' lang='grc' dir='ltr'>δυνάμενος</span> <span class='ocrx_word' id='word_1_11' title='bbox 923 526 986 581; x_wconf 78' lang='grc' dir='ltr'><strong>τὸ</strong></span> <span class='ocrx_word' id='word_1_12' title='bbox 1014 530 1282 599; x_wconf 85' lang='grc' dir='ltr'>κρεῖττον,</span> <span class='ocrx_word' id='word_1_13' title='bbox 1304 527 1405 581; x_wconf 81' lang='grc' dir='ltr'>οὐκ</span> <span class='ocrx_word' id='word_1_14' title='bbox 1432 526 1498 582; x_wconf 81' lang='grc' dir='ltr'>ἂν</span> <span class='ocrx_word' id='word_1_15' title='bbox 1526 525 1701 597; x_wconf 71' lang='grc' dir='ltr'>ἔχοιεν</span> 
     </span>
    </p>
   </div>
   <div class='ocr_carea' id='block_1_3' title="bbox 1814 522 3399 603">
    <p class='ocr_par' dir='ltr' id='par_1_3' title="bbox 1814 522 3399 595">
     <span class='ocr_line' id='line_1_3' title="bbox 1814 522 3399 595; baseline 0.004 -20"><span class='ocrx_word' id='word_1_16' title='bbox 1814 522 2024 593; x_wconf 81' lang='lat' dir='ltr'><strong>quidem</strong></span> <span class='ocrx_word' id='word_1_17' title='bbox 2050 533 2200 579; x_wconf 88' lang='lat' dir='ltr'><strong>caste</strong></span> <span class='ocrx_word' id='word_1_18' title='bbox 2227 540 2388 595; x_wconf 81' lang='lat' dir='ltr'><strong>agerc</strong></span> <span class='ocrx_word' id='word_1_19' title='bbox 2411 522 2559 587; x_wconf 73' lang='lat' dir='ltr'><strong>velit.</strong></span> <span class='ocrx_word' id='word_1_20' title='bbox 2578 522 2716 580; x_wconf 91' lang='lat' dir='ltr'><strong>nolit</strong></span> <span class='ocrx_word' id='word_1_21' title='bbox 2734 537 2866 580; x_wconf 89' lang='lat' dir='ltr'><strong>vero</strong></span> <span class='ocrx_word' id='word_1_22' title='bbox 2892 523 3050 592; x_wconf 93' lang='lat' dir='ltr'><strong>alter,</strong></span> <span class='ocrx_word' id='word_1_23' title='bbox 3072 531 3126 579; x_wconf 90' lang='lat' dir='ltr'><strong>et</strong></span> <span class='ocrx_word' id='word_1_24' title='bbox 3148 536 3399 595; x_wconf 83' lang='lat' dir='ltr'><strong>propter-</strong></span> 
     </span>
    </p>
   </div>
   <div class='ocr_carea' id='block_1_4' title="bbox 154 615 1712 694">
    <p class='ocr_par' dir='ltr' id='par_1_4' title="bbox 154 615 1707 694">
     <span class='ocr_line' id='line_1_4' title="bbox 154 615 1707 694; baseline -0.005 -16"><span class='ocrx_word' id='word_1_25' title='bbox 154 621 433 694; x_wconf 76' lang='grc' dir='ltr'>ἀμφότεροι</span> <span class='ocrx_word' id='word_1_26' title='bbox 458 620 518 673; x_wconf 72' lang='grc' dir='ltr'><strong>τὸ</strong></span> <span class='ocrx_word' id='word_1_27' title='bbox 549 619 677 691; x_wconf 71' lang='grc' dir='ltr'>περὶ</span> <span class='ocrx_word' id='word_1_28' title='bbox 728 619 929 683; x_wconf 80' lang='grc' dir='ltr'>παντὸς</span> <span class='ocrx_word' id='word_1_29' title='bbox 959 620 1304 692; x_wconf 81' lang='grc' dir='ltr'>πράγματος,</span> <span class='ocrx_word' id='word_1_30' title='bbox 1334 615 1395 675; x_wconf 76' lang='grc' dir='ltr'><strong>οὗ</strong></span> <span class='ocrx_word' id='word_1_31' title='bbox 1422 618 1519 673; x_wconf 78' lang='grc' dir='ltr'><strong>ἐὰν</strong></span> <span class='ocrx_word' id='word_1_32' title='bbox 1549 619 1707 691; x_wconf 84' lang='grc' dir='ltr'>αίτή-</span> 
     </span>
    </p>
   </div>
   <div class='ocr_carea' id='block_1_5' title="bbox 1814 615 3395 694">
    <p class='ocr_par' dir='ltr' id='par_1_5' title="bbox 1814 615 3395 686">
     <span class='ocr_line' id='line_1_5' title="bbox 1814 615 3395 686; baseline 0.001 -17"><span class='ocrx_word' id='word_1_33' title='bbox 1814 629 1874 669; x_wconf 89' lang='lat' dir='ltr'><strong>ea</strong></span> <span class='ocrx_word' id='word_1_34' title='bbox 1918 615 2011 686; x_wconf 85' lang='lat' dir='ltr'><strong>qui</strong></span> <span class='ocrx_word' id='word_1_35' title='bbox 2046 616 2189 685; x_wconf 92' lang='lat' dir='ltr'><strong>quod</strong></span> <span class='ocrx_word' id='word_1_36' title='bbox 2231 617 2427 672; x_wconf 90' lang='lat' dir='ltr'><strong>melius</strong></span> <span class='ocrx_word' id='word_1_37' title='bbox 2470 625 2555 671; x_wconf 89' lang='lat' dir='ltr'><strong>est</strong></span> <span class='ocrx_word' id='word_1_38' title='bbox 2590 624 2646 670; x_wconf 90' lang='lat' dir='ltr'><strong>et</strong></span> <span class='ocrx_word' id='word_1_39' title='bbox 2697 616 2934 671; x_wconf 90' lang='lat' dir='ltr'><strong>voluerit</strong></span> <span class='ocrx_word' id='word_1_40' title='bbox 2962 624 3017 671; x_wconf 91' lang='lat' dir='ltr'><strong>et</strong></span> <span class='ocrx_word' id='word_1_41' title='bbox 3054 617 3311 686; x_wconf 84' lang='lat' dir='ltr'><strong>potuerit,</strong></span> <span class='ocrx_word' id='word_1_42' title='bbox 3341 619 3395 672; x_wconf 90' lang='lat' dir='ltr'><strong>in</strong></span> 
     </span>
    </p>
   </div>
   <div class='ocr_carea' id='block_1_6' title="bbox 157 706 1712 784">
    <p class='ocr_par' dir='ltr' id='par_1_6' title="bbox 157 710 1709 784">
     <span class='ocr_line' id='line_1_6' title="bbox 157 710 1709 784; baseline -0.001 -19"><span class='ocrx_word' id='word_1_43' title='bbox 157 730 355 774; x_wconf 82' lang='grc' dir='ltr'>σωνται,</span> <span class='ocrx_word' id='word_1_44' title='bbox 384 711 624 780; x_wconf 79' lang='grc' dir='ltr'>γίνεσθαι</span> <span class='ocrx_word' id='word_1_45' title='bbox 652 710 838 775; x_wconf 81' lang='grc' dir='ltr'>αὐτοῖς</span> <span class='ocrx_word' id='word_1_46' title='bbox 891 711 1043 784; x_wconf 81' lang='grc' dir='ltr'>παρὰ</span> <span class='ocrx_word' id='word_1_47' title='bbox 1094 711 1190 765; x_wconf 86' lang='grc' dir='ltr'><strong>τοῦ</strong></span> <span class='ocrx_word' id='word_1_48' title='bbox 1238 713 1296 766; x_wconf 78' lang='grc' dir='ltr'>ὲν</span> <span class='ocrx_word' id='word_1_49' title='bbox 1321 713 1433 776; x_wconf 84' lang='grc' dir='ltr'>τοῖς</span> <span class='ocrx_word' id='word_1_50' title='bbox 1459 711 1709 784; x_wconf 80' lang='grc' dir='ltr'><strong>οὐρανοῖς</strong></span> 
     </span>
    </p>
   </div>
   <div class='ocr_carea' id='block_1_7' title="bbox 1814 706 3399 784">
    <p class='ocr_par' dir='ltr' id='par_1_7' title="bbox 1814 706 3399 777">
     <span class='ocr_line' id='line_1_7' title="bbox 1814 706 3399 777; baseline 0.001 -15"><span class='ocrx_word' id='word_1_51' title='bbox 1814 706 1958 763; x_wconf 91' lang='lat' dir='ltr'><strong>illius</strong></span> <span class='ocrx_word' id='word_1_52' title='bbox 1989 708 2323 764; x_wconf 74' lang='lat' dir='ltr'><strong>voluntatem</strong></span> <span class='ocrx_word' id='word_1_53' title='bbox 2355 706 2688 764; x_wconf 84' lang='lat' dir='ltr'><strong>concesserit</strong></span> <span class='ocrx_word' id='word_1_54' title='bbox 2717 707 2811 777; x_wconf 85' lang='lat' dir='ltr'><strong>qui</strong></span> <span class='ocrx_word' id='word_1_55' title='bbox 2843 707 2985 763; x_wconf 89' lang='lat' dir='ltr'><strong>idem</strong></span> <span class='ocrx_word' id='word_1_56' title='bbox 3030 708 3115 764; x_wconf 88' lang='lat' dir='ltr'><strong>vel</strong></span> <span class='ocrx_word' id='word_1_57' title='bbox 3160 709 3399 764; x_wconf 80' lang='lat' dir='ltr'><strong>noluerit</strong></span> 
     </span>
    </p>
   </div>
   <div class='ocr_carea' id='block_1_8' title="bbox 155 797 840 871">
    <p class='ocr_par' dir='ltr' id='par_1_8' title="bbox 155 797 840 871">
     <span class='ocr_line' id='line_1_8' title="bbox 155 797 840 871; baseline 0.001 -18"><span class='ocrx_word' id='word_1_58' title='bbox 155 798 347 870; x_wconf 82' lang='grc' dir='ltr'>Πατρὸς</span> <span class='ocrx_word' id='word_1_59' title='bbox 387 797 556 871; x_wconf 86' lang='grc' dir='ltr'>Ἰησοῦ</span> <span class='ocrx_word' id='word_1_60' title='bbox 578 798 840 870; x_wconf 82' lang='grc' dir='ltr'><strong>Χριστοῦ.</strong></span> 
     </span>
    </p>
   </div>
   <div class='ocr_carea' id='block_1_9' title="bbox 216 1042 1710 1117">
    <p class='ocr_par' dir='ltr' id='par_1_9' title="bbox 216 1042 1710 1117">
     <span class='ocr_line' id='line_1_9' title="bbox 216 1042 1710 1117; baseline -0.001 -17"><span class='ocrx_word' id='word_1_61' title='bbox 216 1044 335 1100; x_wconf 77' lang='grc' dir='ltr'><strong>Οἶδα</strong></span> <span class='ocrx_word' id='word_1_62' title='bbox 357 1045 412 1099; x_wconf 79' lang='grc' dir='ltr'>δὲ</span> <span class='ocrx_word' id='word_1_63' title='bbox 443 1044 537 1099; x_wconf 69' lang='grc' dir='ltr'>καὶ</span> <span class='ocrx_word' id='word_1_64' title='bbox 570 1042 737 1117; x_wconf 81' lang='grc' dir='ltr'>ἄλλην</span> <span class='ocrx_word' id='word_1_65' title='bbox 763 1044 1015 1116; x_wconf 79' lang='grc' dir='ltr'>διήγησιν</span> <span class='ocrx_word' id='word_1_66' title='bbox 1059 1043 1166 1117; x_wconf 73' lang='lat'><strong>(95)</strong></span> <span class='ocrx_word' id='word_1_67' title='bbox 1224 1046 1361 1116; x_wconf 80' lang='grc' dir='ltr'>μετὰ</span> <span class='ocrx_word' id='word_1_68' title='bbox 1391 1046 1517 1110; x_wconf 81' lang='grc' dir='ltr'>τοὺς</span> <span class='ocrx_word' id='word_1_69' title='bbox 1542 1063 1710 1115; x_wconf 81' lang='grc' dir='ltr'>γεγα-</span> 
     </span>
    </p>
   </div>
   <div class='ocr_carea' id='block_1_10' title="bbox 158 1136 1708 1209">
    <p class='ocr_par' dir='ltr' id='par_1_10' title="bbox 158 1136 1708 1209">
     <span class='ocr_line' id='line_1_10' title="bbox 158 1136 1708 1209; baseline 0.001 -18"><span class='ocrx_word' id='word_1_70' title='bbox 158 1139 379 1209; x_wconf 74' lang='grc' dir='ltr'>μηκότας</span> <span class='ocrx_word' id='word_1_71' title='bbox 408 1138 533 1208; x_wconf 75' lang='grc' dir='ltr'>περὶ</span> <span class='ocrx_word' id='word_1_72' title='bbox 560 1138 659 1208; x_wconf 88' lang='grc' dir='ltr'><strong>τῆς</strong></span> <span class='ocrx_word' id='word_1_73' title='bbox 706 1136 814 1189; x_wconf 86' lang='grc' dir='ltr'>τῶν</span> <span class='ocrx_word' id='word_1_74' title='bbox 860 1136 953 1190; x_wconf 85' lang='grc' dir='ltr'><strong>δύο</strong></span> <span class='ocrx_word' id='word_1_75' title='bbox 986 1136 1306 1207; x_wconf 77' lang='grc' dir='ltr'>συμφωνίας</span> <span class='ocrx_word' id='word_1_76' title='bbox 1338 1140 1613 1207; x_wconf 69' lang='grc' dir='ltr'>τοιαύτην*</span> <span class='ocrx_word' id='word_1_77' title='bbox 1650 1140 1708 1193; x_wconf 86' lang='grc' dir='ltr'>ὲν</span> 
     </span>
    </p>
   </div>
   <div class='ocr_carea' id='block_1_11' title="bbox 157 1227 1706 1302">
    <p class='ocr_par' dir='ltr' id='par_1_11' title="bbox 157 1227 1706 1302">
     <span class='ocr_line' id='line_1_11' title="bbox 157 1227 1706 1302; baseline 0.008 -20"><span class='ocrx_word' id='word_1_78' title='bbox 157 1231 365 1302; x_wconf 81' lang='grc' dir='ltr'>μὲντοῖς</span> <span class='ocrx_word' id='word_1_79' title='bbox 397 1228 621 1298; x_wconf 69' lang='grc' dir='ltr'>φαύλοις</span> <span class='ocrx_word' id='word_1_80' title='bbox 680 1227 955 1298; x_wconf 85' lang='grc' dir='ltr'><strong>βασιλεύει</strong></span> <span class='ocrx_word' id='word_1_81' title='bbox 1008 1229 1313 1302; x_wconf 82' lang='grc' dir='ltr'>ὴὰμαρτία</span> <span class='ocrx_word' id='word_1_82' title='bbox 1365 1231 1463 1300; x_wconf 82' lang='grc' dir='ltr'><strong>τῆς</strong></span> <span class='ocrx_word' id='word_1_83' title='bbox 1509 1230 1706 1301; x_wconf 68' lang='grc' dir='ltr'>ψυχῆς,</span> 
     </span>
    </p>
   </div>
   <div class='ocr_carea' id='block_1_12' title="bbox 158 1320 1708 1393">
    <p class='ocr_par' dir='ltr' id='par_1_12' title="bbox 158 1320 1708 1393">
     <span class='ocr_line' id='line_1_12' title="bbox 158 1320 1708 1393; baseline -0.001 -18"><span class='ocrx_word' id='word_1_84' title='bbox 158 1321 394 1393; x_wconf 73' lang='grc' dir='ltr'><strong>ἱδρυμένη</strong></span> <span class='ocrx_word' id='word_1_85' title='bbox 424 1320 498 1384; x_wconf 85' lang='grc' dir='ltr'>ὼς</span> <span class='ocrx_word' id='word_1_86' title='bbox 519 1322 576 1373; x_wconf 82' lang='grc' dir='ltr'>ἐν</span> <span class='ocrx_word' id='word_1_87' title='bbox 602 1320 787 1390; x_wconf 76' lang='grc' dir='ltr'>οἰκείῳ</span> <span class='ocrx_word' id='word_1_88' title='bbox 822 1320 996 1392; x_wconf 82' lang='grc' dir='ltr'>θρόνῳ</span> <span class='ocrx_word' id='word_1_89' title='bbox 1039 1320 1117 1392; x_wconf 83' lang='grc' dir='ltr'>τῷ</span> <span class='ocrx_word' id='word_1_90' title='bbox 1153 1321 1332 1392; x_wconf 87' lang='grc' dir='ltr'><strong>θνητῷ</strong></span> <span class='ocrx_word' id='word_1_91' title='bbox 1378 1322 1552 1393; x_wconf 79' lang='grc' dir='ltr'>τούτῳ</span> <span class='ocrx_word' id='word_1_92' title='bbox 1605 1321 1708 1375; x_wconf 79' lang='grc' dir='ltr'><strong>σώ-</strong></span> 
     </span>
    </p>
   </div>
   <div class='ocr_carea' id='block_1_13' title="bbox 158 1410 1709 1485">
    <p class='ocr_par' dir='ltr' id='par_1_13' title="bbox 158 1410 1709 1485">
     <span class='ocr_line' id='line_1_13' title="bbox 158 1410 1709 1485; baseline 0.003 -23"><span class='ocrx_word' id='word_1_93' title='bbox 158 1428 291 1482; x_wconf 83' lang='grc' dir='ltr'>ματι,</span> <span class='ocrx_word' id='word_1_94' title='bbox 342 1411 418 1473; x_wconf 89' lang='grc' dir='ltr'><strong>εἰς</strong></span> <span class='ocrx_word' id='word_1_95' title='bbox 462 1410 523 1462; x_wconf 84' lang='grc' dir='ltr'>τὸ</span> <span class='ocrx_word' id='word_1_96' title='bbox 574 1411 867 1464; x_wconf 77' lang='grc' dir='ltr'><strong>ὑπακούειν</strong></span> <span class='ocrx_word' id='word_1_97' title='bbox 891 1412 990 1483; x_wconf 80' lang='grc' dir='ltr'>τὴν</span> <span class='ocrx_word' id='word_1_98' title='bbox 1014 1411 1191 1483; x_wconf 77' lang='grc' dir='ltr'>ψυχὴν</span> <span class='ocrx_word' id='word_1_99' title='bbox 1218 1415 1336 1476; x_wconf 88' lang='grc' dir='ltr'>ταῖς</span> <span class='ocrx_word' id='word_1_100' title='bbox 1391 1413 1709 1485; x_wconf 77' lang='grc' dir='ltr'><strong>ἐπιθυμίαις</strong></span> 
     </span>
    </p>
   </div>
   <div class='ocr_carea' id='block_1_14' title="bbox 155 1501 1761 1577">
    <p class='ocr_par' dir='ltr' id='par_1_14' title="bbox 155 1501 1761 1577">
     <span class='ocr_line' id='line_1_14' title="bbox 155 1501 1761 1577; baseline 0 -21"><span class='ocrx_word' id='word_1_101' title='bbox 155 1501 318 1556; x_wconf 76' lang='grc' dir='ltr'>αὐτοῦ’</span> <span class='ocrx_word' id='word_1_102' title='bbox 350 1505 405 1554; x_wconf 86' lang='grc' dir='ltr'>ὲν</span> <span class='ocrx_word' id='word_1_103' title='bbox 433 1502 490 1556; x_wconf 82' lang='grc' dir='ltr'>δὲ</span> <span class='ocrx_word' id='word_1_104' title='bbox 517 1504 629 1566; x_wconf 85' lang='grc' dir='ltr'>τοῖς</span> <span class='ocrx_word' id='word_1_105' title='bbox 675 1502 952 1577; x_wconf 87' lang='grc' dir='ltr'>ὲγείρασιν</span> <span class='ocrx_word' id='word_1_106' title='bbox 986 1504 1061 1567; x_wconf 83' lang='grc' dir='ltr'>ὡς</span> <span class='ocrx_word' id='word_1_107' title='bbox 1097 1504 1205 1557; x_wconf 74' lang='grc' dir='ltr'><strong>ἀπὸ</strong></span> <span class='ocrx_word' id='word_1_108' title='bbox 1252 1503 1441 1577; x_wconf 82' lang='grc' dir='ltr'>θρόνου</span> <span class='ocrx_word' id='word_1_109' title='bbox 1481 1506 1573 1559; x_wconf 90' lang='grc' dir='ltr'><strong>τοῦ</strong></span> <span class='ocrx_word' id='word_1_110' title='bbox 1603 1505 1709 1558; x_wconf 84' lang='grc' dir='ltr'><strong>σώ-</strong></span> <span class='ocrx_word' id='word_1_111' title='bbox 1755 1535 1761 1541; x_wconf 68' lang='grc' dir='ltr'><strong>ο</strong></span> 
     </span>
    </p>
   </div>
   <div class='ocr_carea' id='block_1_15' title="bbox 159 1593 1708 1667">
    <p class='ocr_par' dir='ltr' id='par_1_15' title="bbox 159 1593 1708 1667">
     <span class='ocr_line' id='line_1_15' title="bbox 159 1593 1708 1667; baseline 0.001 -20"><span class='ocrx_word' id='word_1_112' title='bbox 159 1610 304 1664; x_wconf 82' lang='grc' dir='ltr'>ματος</span> <span class='ocrx_word' id='word_1_113' title='bbox 324 1593 418 1663; x_wconf 82' lang='grc' dir='ltr'>τὴν</span> <span class='ocrx_word' id='word_1_114' title='bbox 448 1593 955 1664; x_wconf 71' lang='grc' dir='ltr'>προδασιλεύσασαν</span> <span class='ocrx_word' id='word_1_115' title='bbox 979 1595 1278 1667; x_wconf 82' lang='grc' dir='ltr'>ἁμαρτίαν,</span> <span class='ocrx_word' id='word_1_116' title='bbox 1320 1596 1413 1648; x_wconf 74' lang='grc' dir='ltr'>καὶ</span> <span class='ocrx_word' id='word_1_117' title='bbox 1445 1597 1708 1664; x_wconf 76' lang='grc' dir='ltr'>ἀγωνιζο-</span> 
     </span>
    </p>
   </div>
   <div class='ocr_carea' id='block_1_16' title="bbox 159 1682 1704 1757">
    <p class='ocr_par' dir='ltr' id='par_1_16' title="bbox 159 1682 1704 1757">
     <span class='ocr_line' id='line_1_16' title="bbox 159 1682 1704 1757; baseline 0.002 -21"><span class='ocrx_word' id='word_1_118' title='bbox 159 1683 319 1754; x_wconf 82' lang='grc' dir='ltr'>μένοις</span> <span class='ocrx_word' id='word_1_119' title='bbox 347 1683 479 1754; x_wconf 72' lang='grc' dir='ltr'>πρὸς</span> <span class='ocrx_word' id='word_1_120' title='bbox 506 1684 701 1756; x_wconf 73' lang='grc' dir='ltr'>αὐτὴν,</span> <span class='ocrx_word' id='word_1_121' title='bbox 733 1703 750 1734; x_wconf 81' lang='grc' dir='ltr'><strong>ι</strong></span> <span class='ocrx_word' id='word_1_122' title='bbox 780 1685 814 1756; x_wconf 76' lang='grc' dir='ltr'><strong>ἡ</strong></span> <span class='ocrx_word' id='word_1_123' title='bbox 848 1685 944 1755; x_wconf 88' lang='grc' dir='ltr'>μὲν</span> <span class='ocrx_word' id='word_1_124' title='bbox 970 1682 1107 1757; x_wconf 80' lang='grc' dir='ltr'>σὰρξ</span> <span class='ocrx_word' id='word_1_125' title='bbox 1149 1685 1407 1756; x_wconf 80' lang='grc' dir='ltr'><strong>ἐπιθυμεῖ</strong></span> <span class='ocrx_word' id='word_1_126' title='bbox 1434 1686 1575 1740; x_wconf 82' lang='grc' dir='ltr'>κατὰ</span> <span class='ocrx_word' id='word_1_127' title='bbox 1611 1686 1704 1739; x_wconf 83' lang='grc' dir='ltr'><strong>τοῦ</strong></span> 
     </span>
    </p>
   </div>
   <div class='ocr_carea' id='block_1_17' title="bbox 158 1768 1703 1846">
    <p class='ocr_par' dir='ltr' id='par_1_17' title="bbox 158 1768 1703 1846">
     <span class='ocr_line' id='line_1_17' title="bbox 158 1768 1703 1846; baseline -0.001 -19"><span class='ocrx_word' id='word_1_128' title='bbox 158 1773 457 1844; x_wconf 81' lang='grc' dir='ltr'>πνεύματος,</span> <span class='ocrx_word' id='word_1_129' title='bbox 492 1773 552 1827; x_wconf 84' lang='grc' dir='ltr'>τὸ</span> <span class='ocrx_word' id='word_1_130' title='bbox 581 1773 637 1826; x_wconf 87' lang='grc' dir='ltr'><strong>δὲ</strong></span> <span class='ocrx_word' id='word_1_131' title='bbox 670 1768 888 1845; x_wconf 87' lang='grc' dir='ltr'>πνεῦμα</span> <span class='ocrx_word' id='word_1_132' title='bbox 919 1774 1060 1827; x_wconf 79' lang='grc' dir='ltr'>κατὰ</span> <span class='ocrx_word' id='word_1_133' title='bbox 1093 1774 1191 1844; x_wconf 88' lang='grc' dir='ltr'><strong>τῆς</strong></span> <span class='ocrx_word' id='word_1_134' title='bbox 1247 1774 1499 1846; x_wconf 82' lang='grc' dir='ltr'>σαρκός’·›</span> <span class='ocrx_word' id='word_1_135' title='bbox 1538 1776 1595 1830; x_wconf 79' lang='grc' dir='ltr'>ὲν</span> <span class='ocrx_word' id='word_1_136' title='bbox 1646 1775 1703 1828; x_wconf 80' lang='grc' dir='ltr'><strong>δὲ</strong></span> 
     </span>
    </p>
   </div>
   <div class='ocr_carea' id='block_1_18' title="bbox 156 1865 1782 1939">
    <p class='ocr_par' dir='ltr' id='par_1_18' title="bbox 156 1865 1782 1939">
     <span class='ocr_line' id='line_1_18' title="bbox 156 1865 1782 1939; baseline 0 -20"><span class='ocrx_word' id='word_1_137' title='bbox 156 1870 252 1931; x_wconf 85' lang='grc' dir='ltr'>τοῖς</span> <span class='ocrx_word' id='word_1_138' title='bbox 277 1868 371 1939; x_wconf 76' lang='grc' dir='ltr'><strong>ἤδη</strong></span> <span class='ocrx_word' id='word_1_139' title='bbox 394 1865 727 1920; x_wconf 78' lang='grc' dir='ltr'><strong>τελειωθεῖσι</strong></span> <span class='ocrx_word' id='word_1_140' title='bbox 782 1866 1091 1939; x_wconf 71' lang='grc' dir='ltr'>κεκράτηκε</span> <span class='ocrx_word' id='word_1_141' title='bbox 1130 1865 1192 1919; x_wconf 85' lang='grc' dir='ltr'>τὸ</span> <span class='ocrx_word' id='word_1_142' title='bbox 1223 1866 1459 1937; x_wconf 87' lang='grc' dir='ltr'>πνεῦμα,</span> <span class='ocrx_word' id='word_1_143' title='bbox 1484 1868 1576 1920; x_wconf 75' lang='grc' dir='ltr'><strong>καὶ</strong></span> <span class='ocrx_word' id='word_1_144' title='bbox 1608 1866 1707 1930; x_wconf 75' lang='grc' dir='ltr'><strong>τὰς</strong></span> <span class='ocrx_word' id='word_1_145' title='bbox 1739 1879 1782 1939; x_wconf 73' lang='grc' dir='ltr'><strong>Β</strong></span> 
     </span>
    </p>
   </div>
   <div class='ocr_carea' id='block_1_19' title="bbox 155 1944 1707 2031">
    <p class='ocr_par' dir='ltr' id='par_1_19' title="bbox 155 1944 1707 2031">
     <span class='ocr_line' id='line_1_19' title="bbox 155 1944 1707 2031; baseline -0.003 -17"><span class='ocrx_word' id='word_1_146' title='bbox 155 1961 358 2031; x_wconf 77' lang='grc' dir='ltr'>πράξεις</span> <span class='ocrx_word' id='word_1_147' title='bbox 390 1960 696 2015; x_wconf 75' lang='grc' dir='ltr'>ἐθανάτωσε</span> <span class='ocrx_word' id='word_1_148' title='bbox 722 1959 816 2012; x_wconf 87' lang='grc' dir='ltr'><strong>τοῦ</strong></span> <span class='ocrx_word' id='word_1_149' title='bbox 846 1956 1115 2030; x_wconf 83' lang='grc' dir='ltr'>σώματος,</span> <span class='ocrx_word' id='word_1_150' title='bbox 1141 1944 1234 2013; x_wconf 74' lang='grc' dir='ltr'>καὶ</span> <span class='ocrx_word' id='word_1_151' title='bbox 1264 1959 1582 2030; x_wconf 87' lang='grc' dir='ltr'>μεταδίδωσι</span> <span class='ocrx_word' id='word_1_152' title='bbox 1608 1959 1707 2031; x_wconf 86' lang='grc' dir='ltr'><strong>τῆς</strong></span> 
     </span>
    </p>
   </div>
   <div class='ocr_carea' id='block_1_20' title="bbox 156 2049 1702 2123">
    <p class='ocr_par' dir='ltr' id='par_1_20' title="bbox 156 2049 1702 2123">
     <span class='ocr_line' id='line_1_20' title="bbox 156 2049 1702 2123; baseline 0.001 -20"><span class='ocrx_word' id='word_1_153' title='bbox 156 2051 328 2104; x_wconf 80' lang='grc' dir='ltr'>ἑαυτοῦ</span> <span class='ocrx_word' id='word_1_154' title='bbox 357 2049 501 2122; x_wconf 79' lang='grc' dir='ltr'>ζωῆς</span> <span class='ocrx_word' id='word_1_155' title='bbox 536 2051 616 2123; x_wconf 81' lang='grc' dir='ltr'>τῷ</span> <span class='ocrx_word' id='word_1_156' title='bbox 666 2049 899 2120; x_wconf 79' lang='grc' dir='ltr'>σώματι,</span> <span class='ocrx_word' id='word_1_157' title='bbox 959 2049 1035 2115; x_wconf 86' lang='grc' dir='ltr'>ὡς</span> <span class='ocrx_word' id='word_1_158' title='bbox 1066 2050 1169 2122; x_wconf 68' lang='grc' dir='ltr'><strong>ἤδη</strong></span> <span class='ocrx_word' id='word_1_159' title='bbox 1217 2050 1463 2120; x_wconf 86' lang='grc' dir='ltr'>γίνεσθαι</span> <span class='ocrx_word' id='word_1_160' title='bbox 1506 2052 1602 2105; x_wconf 72' lang='grc' dir='ltr'><strong>καὶ</strong></span> <span class='ocrx_word' id='word_1_161' title='bbox 1624 2051 1702 2104; x_wconf 90' lang='grc' dir='ltr'><strong>τό·</strong></span> 
     </span>
    </p>
   </div>
   <div class='ocr_carea' id='block_1_21' title="bbox 160 2142 1708 2215">
    <p class='ocr_par' dir='ltr' id='par_1_21' title="bbox 160 2142 1708 2215">
     <span class='ocr_line' id='line_1_21' title="bbox 160 2142 1708 2215; baseline -0.001 -18"><span class='ocrx_word' id='word_1_162' title='bbox 160 2161 178 2197; x_wconf 83' lang='grc' dir='ltr'><strong>ι</strong></span> <span class='ocrx_word' id='word_1_163' title='bbox 209 2145 524 2215; x_wconf 79' lang='grc' dir='ltr'>Ζωοποιήσει</span> <span class='ocrx_word' id='word_1_164' title='bbox 571 2145 669 2198; x_wconf 75' lang='grc' dir='ltr'>καὶ</span> <span class='ocrx_word' id='word_1_165' title='bbox 702 2143 771 2197; x_wconf 84' lang='grc' dir='ltr'><strong>τὰ</strong></span> <span class='ocrx_word' id='word_1_166' title='bbox 823 2142 993 2213; x_wconf 85' lang='grc' dir='ltr'>θνητὰ</span> <span class='ocrx_word' id='word_1_167' title='bbox 1047 2142 1202 2214; x_wconf 79' lang='grc' dir='ltr'>ἡμῶν</span> <span class='ocrx_word' id='word_1_168' title='bbox 1263 2142 1489 2214; x_wconf 82' lang='grc' dir='ltr'>σώματα</span> <span class='ocrx_word' id='word_1_169' title='bbox 1537 2142 1708 2197; x_wconf 83' lang='grc' dir='ltr'>διὰτὸ</span> 
     </span>
    </p>
   </div>
   <div class='ocr_carea' id='block_1_22' title="bbox 158 2233 1709 2307">
    <p class='ocr_par' dir='ltr' id='par_1_22' title="bbox 158 2233 1709 2307">
     <span class='ocr_line' id='line_1_22' title="bbox 158 2233 1709 2307; baseline 0 -18"><span class='ocrx_word' id='word_1_170' title='bbox 158 2235 371 2289; x_wconf 69' lang='grc' dir='ltr'>ἐνοικοῦν</span> <span class='ocrx_word' id='word_1_171' title='bbox 399 2233 564 2290; x_wconf 85' lang='grc' dir='ltr'>αὑτοῦ</span> <span class='ocrx_word' id='word_1_172' title='bbox 601 2235 815 2307; x_wconf 84' lang='grc' dir='ltr'>πνεῦμα</span> <span class='ocrx_word' id='word_1_173' title='bbox 846 2236 903 2288; x_wconf 80' lang='grc' dir='ltr'><strong>έν</strong></span> <span class='ocrx_word' id='word_1_174' title='bbox 947 2237 1103 2306; x_wconf 74' lang='grc' dir='ltr'>ἡμῖν,</span> <span class='ocrx_word' id='word_1_175' title='bbox 1140 2254 1157 2286; x_wconf 75' lang='grc' dir='ltr'><strong>ι</strong></span> <span class='ocrx_word' id='word_1_176' title='bbox 1192 2236 1287 2288; x_wconf 78' lang='grc' dir='ltr'>καὶ</span> <span class='ocrx_word' id='word_1_177' title='bbox 1332 2235 1541 2303; x_wconf 86' lang='grc' dir='ltr'>γίνεται</span> <span class='ocrx_word' id='word_1_178' title='bbox 1572 2253 1709 2307; x_wconf 87' lang='grc' dir='ltr'>συμ-</span> 
     </span>
    </p>
   </div>
   <div class='ocr_carea' id='block_1_23' title="bbox 155 2325 1705 2398">
    <p class='ocr_par' dir='ltr' id='par_1_23' title="bbox 155 2325 1705 2398">
     <span class='ocr_line' id='line_1_23' title="bbox 155 2325 1705 2398; baseline -0.001 -17"><span class='ocrx_word' id='word_1_179' title='bbox 155 2328 307 2398; x_wconf 77' lang='grc' dir='ltr'>φωνία</span> <span class='ocrx_word' id='word_1_180' title='bbox 334 2327 436 2381; x_wconf 81' lang='grc' dir='ltr'><strong>τῶν</strong></span> <span class='ocrx_word' id='word_1_181' title='bbox 456 2328 575 2391; x_wconf 75' lang='grc' dir='ltr'>δύο,</span> <span class='ocrx_word' id='word_1_182' title='bbox 599 2325 850 2398; x_wconf 81' lang='grc' dir='ltr'>σώματος</span> <span class='ocrx_word' id='word_1_183' title='bbox 878 2326 973 2379; x_wconf 76' lang='grc' dir='ltr'>καὶ</span> <span class='ocrx_word' id='word_1_184' title='bbox 1005 2325 1309 2397; x_wconf 80' lang='grc' dir='ltr'>πνεύματος</span> <span class='ocrx_word' id='word_1_185' title='bbox 1336 2327 1428 2380; x_wconf 73' lang='grc' dir='ltr'><strong>ἐπὶ</strong></span> <span class='ocrx_word' id='word_1_186' title='bbox 1458 2326 1558 2396; x_wconf 87' lang='grc' dir='ltr'><strong>τῆς</strong></span> <span class='ocrx_word' id='word_1_187' title='bbox 1579 2326 1705 2397; x_wconf 83' lang='grc' dir='ltr'>γῆς,</span> 
     </span>
    </p>
   </div>
   <div class='ocr_carea' id='block_1_24' title="bbox 155 2414 1709 2493">
    <p class='ocr_par' dir='ltr' id='par_1_24' title="bbox 155 2414 1709 2493">
     <span class='ocr_line' id='line_1_24' title="bbox 155 2414 1709 2493; baseline 0 -21"><span class='ocrx_word' id='word_1_188' title='bbox 155 2414 343 2492; x_wconf 74' lang='grc' dir='ltr'>ἧστινος</span> <span class='ocrx_word' id='word_1_189' title='bbox 370 2417 833 2493; x_wconf 76' lang='grc' dir='ltr'>κατορθωθείσης,</span> <span class='ocrx_word' id='word_1_190' title='bbox 871 2418 1161 2490; x_wconf 80' lang='grc' dir='ltr'>σύμφωνος</span> <span class='ocrx_word' id='word_1_191' title='bbox 1189 2418 1281 2471; x_wconf 75' lang='grc' dir='ltr'>καὶ</span> <span class='ocrx_word' id='word_1_192' title='bbox 1322 2419 1354 2489; x_wconf 80' lang='grc' dir='ltr'><strong>ἠ</strong></span> <span class='ocrx_word' id='word_1_193' title='bbox 1405 2418 1536 2490; x_wconf 86' lang='grc' dir='ltr'>εὐχὴ</span> <span class='ocrx_word' id='word_1_194' title='bbox 1579 2420 1709 2473; x_wconf 87' lang='grc' dir='ltr'><strong>ἀνα-</strong></span> 
     </span>
    </p>
   </div>
   <div class='ocr_carea' id='block_1_25' title="bbox 156 2494 1709 2583">
    <p class='ocr_par' dir='ltr' id='par_1_25' title="bbox 156 2494 1709 2583">
     <span class='ocr_line' id='line_1_25' title="bbox 156 2494 1709 2583; baseline -0.001 -17"><span class='ocrx_word' id='word_1_195' title='bbox 156 2494 400 2583; x_wconf 79' lang='grc' dir='ltr'>πέμπεται</span> <span class='ocrx_word' id='word_1_196' title='bbox 435 2531 453 2563; x_wconf 76' lang='grc' dir='ltr'><strong>ι</strong></span> <span class='ocrx_word' id='word_1_197' title='bbox 488 2511 586 2565; x_wconf 88' lang='grc' dir='ltr'><strong>τοῦ</strong></span> <span class='ocrx_word' id='word_1_198' title='bbox 623 2510 820 2583; x_wconf 80' lang='grc' dir='ltr'>καρδίᾳ</span> <span class='ocrx_word' id='word_1_199' title='bbox 868 2511 969 2582; x_wconf 85' lang='grc' dir='ltr'>μὲν</span> <span class='ocrx_word' id='word_1_200' title='bbox 1010 2510 1356 2575; x_wconf 84' lang='grc' dir='ltr'>πιστεύοντος</span> <span class='ocrx_word' id='word_1_201' title='bbox 1394 2513 1474 2574; x_wconf 78' lang='grc' dir='ltr'><strong>εἰς</strong></span> <span class='ocrx_word' id='word_1_202' title='bbox 1506 2512 1709 2565; x_wconf 91' lang='grc' dir='ltr'>δικαιο-</span> 
     </span>
    </p>
   </div>
   <div class='ocr_carea' id='block_1_26' title="bbox 161 2601 1707 2676">
    <p class='ocr_par' dir='ltr' id='par_1_26' title="bbox 161 2601 1707 2676">
     <span class='ocr_line' id='line_1_26' title="bbox 161 2601 1707 2676; baseline 0.001 -21"><span class='ocrx_word' id='word_1_203' title='bbox 161 2604 322 2675; x_wconf 77' lang='grc' dir='ltr'>σύνην,</span> <span class='ocrx_word' id='word_1_204' title='bbox 348 2604 574 2675; x_wconf 84' lang='grc' dir='ltr'>στόματι</span> <span class='ocrx_word' id='word_1_205' title='bbox 606 2602 661 2656; x_wconf 80' lang='grc' dir='ltr'>δὲ</span> <span class='ocrx_word' id='word_1_206' title='bbox 687 2601 1076 2674; x_wconf 86' lang='grc' dir='ltr'>ὁμολογοῦντος</span> <span class='ocrx_word' id='word_1_207' title='bbox 1106 2606 1185 2667; x_wconf 85' lang='grc' dir='ltr'><strong>εἰς</strong></span> <span class='ocrx_word' id='word_1_208' title='bbox 1212 2604 1535 2676; x_wconf 77' lang='grc' dir='ltr'>σωτηρίαν,ι</span> <span class='ocrx_word' id='word_1_209' title='bbox 1567 2602 1707 2656; x_wconf 83' lang='grc' dir='ltr'>ὥστε</span> 
     </span>
    </p>
   </div>
   <div class='ocr_carea' id='block_1_27' title="bbox 162 2692 1707 2770">
    <p class='ocr_par' dir='ltr' id='par_1_27' title="bbox 162 2692 1707 2770">
     <span class='ocr_line' id='line_1_27' title="bbox 162 2692 1707 2770; baseline 0.001 -20"><span class='ocrx_word' id='word_1_210' title='bbox 162 2696 332 2768; x_wconf 74' lang='grc' dir='ltr'>μηκέτι</span> <span class='ocrx_word' id='word_1_211' title='bbox 360 2697 454 2768; x_wconf 81' lang='grc' dir='ltr'>τὴν</span> <span class='ocrx_word' id='word_1_212' title='bbox 486 2696 720 2768; x_wconf 78' lang='grc' dir='ltr'><strong>καρδίαν</strong></span> <span class='ocrx_word' id='word_1_213' title='bbox 754 2696 944 2767; x_wconf 76' lang='grc' dir='ltr'>πόρρω</span> <span class='ocrx_word' id='word_1_214' title='bbox 970 2692 1104 2750; x_wconf 74' lang='grc' dir='ltr'>εἶναι</span> <span class='ocrx_word' id='word_1_215' title='bbox 1135 2696 1230 2751; x_wconf 87' lang='grc' dir='ltr'><strong>τοῦ</strong></span> <span class='ocrx_word' id='word_1_216' title='bbox 1264 2696 1423 2761; x_wconf 85' lang='grc' dir='ltr'>Θεοῦ,</span> <span class='ocrx_word' id='word_1_217' title='bbox 1450 2699 1543 2752; x_wconf 72' lang='grc' dir='ltr'>καὶ</span> <span class='ocrx_word' id='word_1_218' title='bbox 1570 2698 1707 2770; x_wconf 84' lang='grc' dir='ltr'>μετὰ</span> 
     </span>
    </p>
   </div>
   <div class='ocr_carea' id='block_1_28' title="bbox 158 2788 1711 2861">
    <p class='ocr_par' dir='ltr' id='par_1_28' title="bbox 158 2788 1711 2861">
     <span class='ocr_line' id='line_1_28' title="bbox 158 2788 1711 2861; baseline 0.001 -19"><span class='ocrx_word' id='word_1_219' title='bbox 158 2790 334 2861; x_wconf 75' lang='grc' dir='ltr'>ταύτης</span> <span class='ocrx_word' id='word_1_220' title='bbox 365 2790 604 2859; x_wconf 75' lang='grc' dir='ltr'>ἐγγίζειν</span> <span class='ocrx_word' id='word_1_221' title='bbox 636 2788 798 2842; x_wconf 79' lang='grc' dir='ltr'>αὑτοῦ</span> <span class='ocrx_word' id='word_1_222' title='bbox 833 2789 1063 2852; x_wconf 74' lang='grc' dir='ltr'>καὶτοῖς</span> <span class='ocrx_word' id='word_1_223' title='bbox 1083 2788 1304 2859; x_wconf 79' lang='grc' dir='ltr'>χείλεσι,</span> <span class='ocrx_word' id='word_1_224' title='bbox 1341 2792 1433 2843; x_wconf 73' lang='grc' dir='ltr'>καὶ</span> <span class='ocrx_word' id='word_1_225' title='bbox 1477 2789 1556 2861; x_wconf 85' lang='grc' dir='ltr'><strong>τῷ</strong></span> <span class='ocrx_word' id='word_1_226' title='bbox 1589 2790 1711 2844; x_wconf 86' lang='grc' dir='ltr'>στό-</span> 
     </span>
    </p>
   </div>
   <div class='ocr_carea' id='block_1_29' title="bbox 163 2878 1707 2953">
    <p class='ocr_par' dir='ltr' id='par_1_29' title="bbox 163 2878 1707 2953">
     <span class='ocr_line' id='line_1_29' title="bbox 163 2878 1707 2953; baseline 0.004 -23"><span class='ocrx_word' id='word_1_227' title='bbox 163 2896 271 2947; x_wconf 81' lang='grc' dir='ltr'>ματι</span> <span class='ocrx_word' id='word_1_228' title='bbox 295 2878 380 2932; x_wconf 82' lang='grc' dir='ltr'><strong>τὸν</strong></span> <span class='ocrx_word' id='word_1_229' title='bbox 404 2879 617 2934; x_wconf 86' lang='grc' dir='ltr'>δίκαιον</span> <span class='ocrx_word' id='word_1_230' title='bbox 644 2878 723 2949; x_wconf 84' lang='grc' dir='ltr'>τῷ</span> <span class='ocrx_word' id='word_1_231' title='bbox 755 2878 893 2950; x_wconf 81' lang='grc' dir='ltr'><strong>Θεῷ.</strong></span> <span class='ocrx_word' id='word_1_232' title='bbox 920 2880 1041 2933; x_wconf 82' lang='grc' dir='ltr'>Ἔτι</span> <span class='ocrx_word' id='word_1_233' title='bbox 1064 2879 1119 2931; x_wconf 79' lang='grc' dir='ltr'><strong>δὲ</strong></span> <span class='ocrx_word' id='word_1_234' title='bbox 1152 2879 1560 2953; x_wconf 78' lang='grc' dir='ltr'><strong>μακαριώτερον</strong></span> <span class='ocrx_word' id='word_1_235' title='bbox 1590 2883 1637 2935; x_wconf 86' lang='grc' dir='ltr'><strong>εί</strong></span> <span class='ocrx_word' id='word_1_236' title='bbox 1659 2883 1707 2936; x_wconf 85' lang='grc' dir='ltr'><strong>οί</strong></span> 
     </span>
    </p>
   </div>
   <div class='ocr_carea' id='block_1_30' title="bbox 159 2970 1711 3046">
    <p class='ocr_par' dir='ltr' id='par_1_30' title="bbox 159 2970 1711 3046">
     <span class='ocr_line' id='line_1_30' title="bbox 159 2970 1711 3046; baseline 0.004 -25"><span class='ocrx_word' id='word_1_237' title='bbox 159 2970 284 3038; x_wconf 80' lang='grc' dir='ltr'>τρεῖς</span> <span class='ocrx_word' id='word_1_238' title='bbox 316 2971 627 3041; x_wconf 86' lang='grc' dir='ltr'>συναχθεῖεν</span> <span class='ocrx_word' id='word_1_239' title='bbox 658 2970 750 3023; x_wconf 72' lang='grc' dir='ltr'><strong>ἐπὶ</strong></span> <span class='ocrx_word' id='word_1_240' title='bbox 774 2971 836 3023; x_wconf 87' lang='grc' dir='ltr'>τὸ</span> <span class='ocrx_word' id='word_1_241' title='bbox 864 2970 996 3023; x_wconf 80' lang='grc' dir='ltr'>αὐτὸ</span> <span class='ocrx_word' id='word_1_242' title='bbox 1048 2971 1127 3033; x_wconf 82' lang='grc' dir='ltr'><strong>είς</strong></span> <span class='ocrx_word' id='word_1_243' title='bbox 1164 2970 1225 3024; x_wconf 82' lang='grc' dir='ltr'>τὸ</span> <span class='ocrx_word' id='word_1_244' title='bbox 1256 2971 1430 3042; x_wconf 77' lang='grc' dir='ltr'>ὄνομα</span> <span class='ocrx_word' id='word_1_245' title='bbox 1472 2972 1566 3026; x_wconf 89' lang='grc' dir='ltr'><strong>τοῦ</strong></span> <span class='ocrx_word' id='word_1_246' title='bbox 1608 2973 1711 3046; x_wconf 84' lang='grc' dir='ltr'><strong>Ἰη-</strong></span> 
     </span>
    </p>
   </div>
   <div class='ocr_carea' id='block_1_31' title="bbox 162 3059 1709 3137">
    <p class='ocr_par' dir='ltr' id='par_1_31' title="bbox 162 3059 1709 3137">
     <span class='ocr_line' id='line_1_31' title="bbox 162 3059 1709 3137; baseline 0.005 -25"><span class='ocrx_word' id='word_1_247' title='bbox 162 3059 259 3127; x_wconf 85' lang='grc' dir='ltr'>σοῦ,</span> <span class='ocrx_word' id='word_1_248' title='bbox 286 3062 365 3115; x_wconf 84' lang='grc' dir='ltr'>ἴνα</span> <span class='ocrx_word' id='word_1_249' title='bbox 392 3062 656 3135; x_wconf 81' lang='grc' dir='ltr'>πληρωθῇ</span> <span class='ocrx_word' id='word_1_250' title='bbox 688 3064 767 3117; x_wconf 87' lang='grc' dir='ltr'><strong>τό·</strong></span> <span class='ocrx_word' id='word_1_251' title='bbox 800 3084 818 3112; x_wconf 80' lang='grc' dir='ltr'><strong>ι</strong></span> <span class='ocrx_word' id='word_1_252' title='bbox 870 3064 927 3116; x_wconf 86' lang='lat'><strong>&#39;0</strong></span> <span class='ocrx_word' id='word_1_253' title='bbox 950 3063 1079 3126; x_wconf 83' lang='grc' dir='ltr'>Θεὸς</span> <span class='ocrx_word' id='word_1_254' title='bbox 1111 3064 1333 3132; x_wconf 80' lang='grc' dir='ltr'>ἁγιάσαι</span> <span class='ocrx_word' id='word_1_255' title='bbox 1365 3065 1508 3137; x_wconf 83' lang='grc' dir='ltr'>ὑμᾶς</span> <span class='ocrx_word' id='word_1_256' title='bbox 1528 3065 1709 3120; x_wconf 83' lang='grc' dir='ltr'>ὁλοτε-</span> 
     </span>
    </p>
   </div>
   <div class='ocr_carea' id='block_1_32' title="bbox 159 3153 1709 3231">
    <p class='ocr_par' dir='ltr' id='par_1_32' title="bbox 159 3153 1709 3231">
     <span class='ocr_line' id='line_1_32' title="bbox 159 3153 1709 3231; baseline 0.003 -21"><span class='ocrx_word' id='word_1_257' title='bbox 159 3153 372 3220; x_wconf 51' lang='lat' dir='ltr'><strong>Mutat</strong></span> <span class='ocrx_word' id='word_1_258' title='bbox 396 3156 692 3229; x_wconf 82' lang='grc' dir='ltr'>ὁλόκληρον</span> <span class='ocrx_word' id='word_1_259' title='bbox 720 3158 749 3210; x_wconf 82' lang='grc' dir='ltr'>ὑ</span> <span class='ocrx_word' id='word_1_260' title='bbox 758 3157 874 3228; x_wconf 82' lang='grc' dir='ltr'>μῶν</span> <span class='ocrx_word' id='word_1_261' title='bbox 902 3157 962 3210; x_wconf 81' lang='grc' dir='ltr'>τὸ</span> <span class='ocrx_word' id='word_1_262' title='bbox 994 3156 1230 3229; x_wconf 88' lang='grc' dir='ltr'>πνεῦμα,</span> <span class='ocrx_word' id='word_1_263' title='bbox 1256 3158 1350 3212; x_wconf 72' lang='grc' dir='ltr'>καὶ</span> <span class='ocrx_word' id='word_1_264' title='bbox 1371 3159 1591 3231; x_wconf 76' lang='grc' dir='ltr'>ἡψυχὴ,</span> <span class='ocrx_word' id='word_1_265' title='bbox 1615 3159 1709 3214; x_wconf 77' lang='grc' dir='ltr'>καὶ</span> 
     </span>
    </p>
   </div>
   <div class='ocr_carea' id='block_1_33' title="bbox 1806 800 3397 871">
    <p class='ocr_par' dir='ltr' id='par_1_33' title="bbox 1806 800 3397 871">
     <span class='ocr_line' id='line_1_33' title="bbox 1806 800 3397 871; baseline 0.001 -16"><span class='ocrx_word' id='word_1_266' title='bbox 1806 800 1891 856; x_wconf 89' lang='lat' dir='ltr'><strong>vel</strong></span> <span class='ocrx_word' id='word_1_267' title='bbox 1936 815 2044 855; x_wconf 92' lang='lat' dir='ltr'><strong>non</strong></span> <span class='ocrx_word' id='word_1_268' title='bbox 2090 801 2351 871; x_wconf 86' lang='lat' dir='ltr'><strong>potuerit,</strong></span> <span class='ocrx_word' id='word_1_269' title='bbox 2401 801 2453 856; x_wconf 90' lang='lat' dir='ltr'><strong>id</strong></span> <span class='ocrx_word' id='word_1_270' title='bbox 2492 814 2599 855; x_wconf 91' lang='lat' dir='ltr'><strong>non</strong></span> <span class='ocrx_word' id='word_1_271' title='bbox 2643 808 3012 869; x_wconf 82' lang='lat' dir='ltr'><strong>consequetur</strong></span> <span class='ocrx_word' id='word_1_272' title='bbox 3051 808 3302 870; x_wconf 86' lang='lat' dir='ltr'><strong>uterque,</strong></span> <span class='ocrx_word' id='word_1_273' title='bbox 3337 808 3397 856; x_wconf 90' lang='lat' dir='ltr'><strong>ut</strong></span> 
     </span>
    </p>
   </div>
   <div class='ocr_carea' id='block_1_34' title="bbox 1805 891 3394 962">
    <p class='ocr_par' dir='ltr' id='par_1_34' title="bbox 1805 891 3394 962">
     <span class='ocr_line' id='line_1_34' title="bbox 1805 891 3394 962; baseline 0.001 -16"><span class='ocrx_word' id='word_1_274' title='bbox 1805 905 2191 961; x_wconf 85' lang='lat' dir='ltr'><strong>quamcunque</strong></span> <span class='ocrx_word' id='word_1_275' title='bbox 2211 908 2323 947; x_wconf 88' lang='lat' dir='ltr'><strong>rem</strong></span> <span class='ocrx_word' id='word_1_276' title='bbox 2352 892 2767 962; x_wconf 82' lang='lat' dir='ltr'><strong>postulaverint,</strong></span> <span class='ocrx_word' id='word_1_277' title='bbox 2798 907 2860 947; x_wconf 91' lang='lat' dir='ltr'><strong>ea</strong></span> <span class='ocrx_word' id='word_1_278' title='bbox 2888 891 2997 948; x_wconf 83' lang='lat' dir='ltr'><strong>illis</strong></span> <span class='ocrx_word' id='word_1_279' title='bbox 3017 909 3047 948; x_wconf 86' lang='lat' dir='ltr'><strong>a</strong></span> <span class='ocrx_word' id='word_1_280' title='bbox 3070 892 3234 948; x_wconf 82' lang='lat' dir='ltr'><strong>Patre</strong></span> <span class='ocrx_word' id='word_1_281' title='bbox 3264 891 3394 948; x_wconf 73' lang='lat' dir='ltr'><strong>lem</strong></span> 
     </span>
    </p>
   </div>
   <div class='ocr_carea' id='block_1_35' title="bbox 1805 980 2889 1063">
    <p class='ocr_par' dir='ltr' id='par_1_35' title="bbox 1805 980 2889 1063">
     <span class='ocr_line' id='line_1_35' title="bbox 1805 980 2889 1063; baseline -0.001 -25"><span class='ocrx_word' id='word_1_282' title='bbox 1805 980 2011 1038; x_wconf 85' lang='lat' dir='ltr'><strong>Christi</strong></span> <span class='ocrx_word' id='word_1_283' title='bbox 2038 984 2130 1055; x_wconf 90' lang='lat' dir='ltr'><strong>qui</strong></span> <span class='ocrx_word' id='word_1_284' title='bbox 2169 984 2222 1038; x_wconf 92' lang='lat' dir='ltr'><strong>in</strong></span> <span class='ocrx_word' id='word_1_285' title='bbox 2259 985 2416 1039; x_wconf 75' lang='lat' dir='ltr'><strong>caelis</strong></span> <span class='ocrx_word' id='word_1_286' title='bbox 2444 992 2547 1049; x_wconf 88' lang='lat' dir='ltr'><strong>est,</strong></span> <span class='ocrx_word' id='word_1_287' title='bbox 2577 984 2889 1063; x_wconf 34' lang='lat' dir='ltr'><strong>contingat:</strong></span> 
     </span>
    </p>
   </div>
   <div class='ocr_carea' id='block_1_36' title="bbox 1874 1074 3394 1146">
    <p class='ocr_par' dir='ltr' id='par_1_36' title="bbox 1874 1074 3394 1146">
     <span class='ocr_line' id='line_1_36' title="bbox 1874 1074 3394 1146; baseline 0.002 -18"><span class='ocrx_word' id='word_1_288' title='bbox 1874 1074 1929 1128; x_wconf 79' lang='grc'><strong>5.</strong></span> <span class='ocrx_word' id='word_1_289' title='bbox 1955 1074 2131 1129; x_wconf 86' lang='lat' dir='ltr'><strong>Aliam</strong></span> <span class='ocrx_word' id='word_1_290' title='bbox 2154 1076 2319 1131; x_wconf 83' lang='lat' dir='ltr'><strong>etiam</strong></span> <span class='ocrx_word' id='word_1_291' title='bbox 2347 1076 2746 1146; x_wconf 71' lang='lat' dir='ltr'><strong>expositionem</strong></span> <span class='ocrx_word' id='word_1_292' title='bbox 2774 1076 2839 1130; x_wconf 90' lang='lat' dir='ltr'><strong>de</strong></span> <span class='ocrx_word' id='word_1_293' title='bbox 2860 1076 3091 1131; x_wconf 89' lang='lat' dir='ltr'><strong>duorum</strong></span> <span class='ocrx_word' id='word_1_294' title='bbox 3120 1091 3394 1133; x_wconf 85' lang='lat' dir='ltr'><strong>consensu</strong></span> 
     </span>
    </p>
   </div>
   <div class='ocr_carea' id='block_1_37' title="bbox 1807 1160 3397 1240">
    <p class='ocr_par' dir='ltr' id='par_1_37' title="bbox 1807 1160 3397 1240">
     <span class='ocr_line' id='line_1_37' title="bbox 1807 1160 3397 1240; baseline 0.001 -17"><span class='ocrx_word' id='word_1_295' title='bbox 1807 1166 2001 1234; x_wconf 85' lang='lat' dir='ltr'><strong>calleo,</strong></span> <span class='ocrx_word' id='word_1_296' title='bbox 2049 1177 2175 1237; x_wconf 92' lang='lat' dir='ltr'><strong>post</strong></span> <span class='ocrx_word' id='word_1_297' title='bbox 2216 1160 2446 1240; x_wconf 67' lang='lat' dir='ltr'><strong>eaquae</strong></span> <span class='ocrx_word' id='word_1_298' title='bbox 2485 1170 2553 1225; x_wconf 91' lang='lat' dir='ltr'><strong>de</strong></span> <span class='ocrx_word' id='word_1_299' title='bbox 2597 1170 2905 1240; x_wconf 85' lang='lat' dir='ltr'><strong>conjugatis</strong></span> <span class='ocrx_word' id='word_1_300' title='bbox 2947 1170 3221 1237; x_wconf 77' lang='lat' dir='ltr'><strong>diximus;</strong></span> <span class='ocrx_word' id='word_1_301' title='bbox 3272 1170 3397 1224; x_wconf 88' lang='lat' dir='ltr'><strong>talis</strong></span> 
     </span>
    </p>
   </div>
   <div class='ocr_carea' id='block_1_38' title="bbox 1812 1260 3395 1333">
    <p class='ocr_par' dir='ltr' id='par_1_38' title="bbox 1812 1260 3395 1333">
     <span class='ocr_line' id='line_1_38' title="bbox 1812 1260 3395 1333; baseline 0.001 -21"><span class='ocrx_word' id='word_1_302' title='bbox 1812 1267 1993 1313; x_wconf 91' lang='lat' dir='ltr'><strong>autem</strong></span> <span class='ocrx_word' id='word_1_303' title='bbox 2016 1260 2104 1314; x_wconf 91' lang='lat' dir='ltr'><strong>illa</strong></span> <span class='ocrx_word' id='word_1_304' title='bbox 2134 1269 2219 1315; x_wconf 90' lang='lat' dir='ltr'><strong>est</strong></span> <span class='ocrx_word' id='word_1_305' title='bbox 2244 1261 2334 1315; x_wconf 79' lang='lat' dir='ltr'><strong>:in</strong></span> <span class='ocrx_word' id='word_1_306' title='bbox 2362 1261 2626 1331; x_wconf 85' lang='lat' dir='ltr'><strong>improbis</strong></span> <span class='ocrx_word' id='word_1_307' title='bbox 2646 1262 2937 1333; x_wconf 88' lang='lat' dir='ltr'><strong>imperium</strong></span> <span class='ocrx_word' id='word_1_308' title='bbox 2970 1260 3180 1316; x_wconf 84' lang='lat' dir='ltr'><strong>obtinet</strong></span> <span class='ocrx_word' id='word_1_309' title='bbox 3201 1275 3395 1327; x_wconf 87' lang='lat' dir='ltr'><strong>pecca-</strong></span> 
     </span>
    </p>
   </div>
   <div class='ocr_carea' id='block_1_39' title="bbox 1812 1349 3398 1420">
    <p class='ocr_par' dir='ltr' id='par_1_39' title="bbox 1812 1349 3398 1420">
     <span class='ocr_line' id='line_1_39' title="bbox 1812 1349 3398 1420; baseline 0.001 -17"><span class='ocrx_word' id='word_1_310' title='bbox 1812 1358 1926 1403; x_wconf 89' lang='lat' dir='ltr'><strong>tum</strong></span> <span class='ocrx_word' id='word_1_311' title='bbox 1959 1350 2011 1404; x_wconf 91' lang='lat' dir='ltr'><strong>in</strong></span> <span class='ocrx_word' id='word_1_312' title='bbox 2041 1351 2308 1417; x_wconf 89' lang='lat' dir='ltr'><strong>animum,</strong></span> <span class='ocrx_word' id='word_1_313' title='bbox 2344 1351 2501 1420; x_wconf 88' lang='lat' dir='ltr'><strong>quasi</strong></span> <span class='ocrx_word' id='word_1_314' title='bbox 2535 1351 2588 1405; x_wconf 93' lang='lat' dir='ltr'><strong>in</strong></span> <span class='ocrx_word' id='word_1_315' title='bbox 2621 1367 2722 1406; x_wconf 89' lang='lat' dir='ltr'><strong>suo</strong></span> <span class='ocrx_word' id='word_1_316' title='bbox 2752 1352 2967 1417; x_wconf 84' lang='lat' dir='ltr'><strong>throno,</strong></span> <span class='ocrx_word' id='word_1_317' title='bbox 2997 1351 3078 1407; x_wconf 91' lang='lat' dir='ltr'><strong>sic</strong></span> <span class='ocrx_word' id='word_1_318' title='bbox 3102 1356 3156 1406; x_wconf 86' lang='lat' dir='ltr'><strong>in</strong></span> <span class='ocrx_word' id='word_1_319' title='bbox 3182 1349 3398 1405; x_wconf 83' lang='lat' dir='ltr'><strong>mortali</strong></span> 
     </span>
    </p>
   </div>
   <div class='ocr_carea' id='block_1_40' title="bbox 1809 1442 3396 1513">
    <p class='ocr_par' dir='ltr' id='par_1_40' title="bbox 1809 1442 3396 1513">
     <span class='ocr_line' id='line_1_40' title="bbox 1809 1442 3396 1513; baseline -0.001 -16"><span class='ocrx_word' id='word_1_320' title='bbox 1809 1443 1976 1499; x_wconf 86' lang='lat' dir='ltr'><strong>hocce</strong></span> <span class='ocrx_word' id='word_1_321' title='bbox 2020 1459 2249 1513; x_wconf 88' lang='lat' dir='ltr'><strong>corpore</strong></span> <span class='ocrx_word' id='word_1_322' title='bbox 2290 1444 2677 1507; x_wconf 77' lang='lat' dir='ltr'><strong>coristitutum,</strong></span> <span class='ocrx_word' id='word_1_323' title='bbox 2732 1453 2793 1499; x_wconf 91' lang='lat' dir='ltr'><strong>ut</strong></span> <span class='ocrx_word' id='word_1_324' title='bbox 2842 1443 2962 1513; x_wconf 80' lang='lat' dir='ltr'><strong>ejus</strong></span> <span class='ocrx_word' id='word_1_325' title='bbox 3007 1442 3396 1512; x_wconf 83' lang='lat' dir='ltr'><strong>cupiditatibus</strong></span> 
     </span>
    </p>
   </div>
   <div class='ocr_carea' id='block_1_41' title="bbox 1806 1533 3397 1605">
    <p class='ocr_par' dir='ltr' id='par_1_41' title="bbox 1806 1533 3397 1605">
     <span class='ocr_line' id='line_1_41' title="bbox 1806 1533 3397 1605; baseline 0.001 -17"><span class='ocrx_word' id='word_1_326' title='bbox 1806 1535 1987 1588; x_wconf 89' lang='lat' dir='ltr'><strong>anima</strong></span> <span class='ocrx_word' id='word_1_327' title='bbox 2039 1535 2376 1602; x_wconf 86' lang='lat' dir='ltr'><strong>obtemperet</strong></span> <span class='ocrx_word' id='word_1_328' title='bbox 2413 1534 2499 1587; x_wconf 63' lang='lat'><strong>3’:</strong></span> <span class='ocrx_word' id='word_1_329' title='bbox 2544 1542 2600 1588; x_wconf 89' lang='lat' dir='ltr'><strong>at</strong></span> <span class='ocrx_word' id='word_1_330' title='bbox 2647 1534 2701 1588; x_wconf 92' lang='lat' dir='ltr'><strong>in</strong></span> <span class='ocrx_word' id='word_1_331' title='bbox 2747 1535 2816 1590; x_wconf 89' lang='lat' dir='ltr'><strong>iis</strong></span> <span class='ocrx_word' id='word_1_332' title='bbox 2866 1536 2957 1605; x_wconf 88' lang='lat' dir='ltr'><strong>qui</strong></span> <span class='ocrx_word' id='word_1_333' title='bbox 3011 1542 3269 1605; x_wconf 91' lang='lat' dir='ltr'><strong>tanquam</strong></span> <span class='ocrx_word' id='word_1_334' title='bbox 3328 1533 3397 1589; x_wconf 89' lang='lat' dir='ltr'><strong>de</strong></span> 
     </span>
    </p>
   </div>
   <div class='ocr_carea' id='block_1_42' title="bbox 1808 1625 3397 1696">
    <p class='ocr_par' dir='ltr' id='par_1_42' title="bbox 1808 1625 3397 1696">
     <span class='ocr_line' id='line_1_42' title="bbox 1808 1625 3397 1696; baseline 0.001 -16"><span class='ocrx_word' id='word_1_335' title='bbox 1808 1625 2005 1680; x_wconf 88' lang='lat' dir='ltr'><strong>throno</strong></span> <span class='ocrx_word' id='word_1_336' title='bbox 2066 1627 2314 1695; x_wconf 89' lang='lat' dir='ltr'><strong>corporis</strong></span> <span class='ocrx_word' id='word_1_337' title='bbox 2372 1634 2693 1696; x_wconf 84' lang='lat' dir='ltr'><strong>peccatum,</strong></span> <span class='ocrx_word' id='word_1_338' title='bbox 2756 1627 2901 1695; x_wconf 86' lang='lat' dir='ltr'><strong>quod</strong></span> <span class='ocrx_word' id='word_1_339' title='bbox 2957 1641 3182 1696; x_wconf 84' lang='lat' dir='ltr'><strong>regnum</strong></span> <span class='ocrx_word' id='word_1_340' title='bbox 3240 1627 3397 1696; x_wconf 88' lang='lat' dir='ltr'><strong>prius</strong></span> 
     </span>
    </p>
   </div>
   <div class='ocr_carea' id='block_1_43' title="bbox 1806 1715 3397 1777">
    <p class='ocr_par' dir='ltr' id='par_1_43' title="bbox 1806 1715 3397 1777">
     <span class='ocr_line' id='line_1_43' title="bbox 1806 1715 3397 1777; baseline 0 -9"><span class='ocrx_word' id='word_1_341' title='bbox 1806 1723 2156 1777; x_wconf 77' lang='lat' dir='ltr'><strong>exercuerat,</strong></span> <span class='ocrx_word' id='word_1_342' title='bbox 2205 1715 2585 1777; x_wconf 84' lang='lat' dir='ltr'><strong>detruserunt,</strong></span> <span class='ocrx_word' id='word_1_343' title='bbox 2620 1723 2675 1769; x_wconf 88' lang='lat' dir='ltr'><strong>et</strong></span> <span class='ocrx_word' id='word_1_344' title='bbox 2713 1715 2975 1771; x_wconf 85' lang='lat' dir='ltr'><strong>adversus</strong></span> <span class='ocrx_word' id='word_1_345' title='bbox 3024 1715 3155 1769; x_wconf 86' lang='lat' dir='ltr'><strong>illud</strong></span> <span class='ocrx_word' id='word_1_346' title='bbox 3207 1716 3397 1769; x_wconf 78' lang='lat' dir='ltr'><strong>decer-</strong></span> 
     </span>
    </p>
   </div>
   <div class='ocr_carea' id='block_1_44' title="bbox 1809 1805 3396 1875">
    <p class='ocr_par' dir='ltr' id='par_1_44' title="bbox 1809 1805 3396 1875">
     <span class='ocr_line' id='line_1_44' title="bbox 1809 1805 3396 1875; baseline 0.001 -16"><span class='ocrx_word' id='word_1_347' title='bbox 1809 1812 1945 1868; x_wconf 85' lang='lat' dir='ltr'><strong>tant,</strong></span> <span class='ocrx_word' id='word_1_348' title='bbox 1983 1823 2002 1857; x_wconf 82' lang='grc' dir='ltr'><strong>ι</strong></span> <span class='ocrx_word' id='word_1_349' title='bbox 2031 1821 2161 1860; x_wconf 89' lang='lat' dir='ltr'><strong>caro</strong></span> <span class='ocrx_word' id='word_1_350' title='bbox 2189 1806 2530 1875; x_wconf 89' lang='lat' dir='ltr'><strong>concupiscit</strong></span> <span class='ocrx_word' id='word_1_351' title='bbox 2556 1806 2819 1861; x_wconf 84' lang='lat' dir='ltr'><strong>adversus</strong></span> <span class='ocrx_word' id='word_1_352' title='bbox 2848 1806 3126 1875; x_wconf 83' lang='lat' dir='ltr'><strong>Spiritum,</strong></span> <span class='ocrx_word' id='word_1_353' title='bbox 3168 1805 3396 1874; x_wconf 83' lang='lat' dir='ltr'><strong>spiritus</strong></span> 
     </span>
    </p>
   </div>
   <div class='ocr_carea' id='block_1_45' title="bbox 1810 1897 3394 1967">
    <p class='ocr_par' dir='ltr' id='par_1_45' title="bbox 1810 1897 3394 1967">
     <span class='ocr_line' id='line_1_45' title="bbox 1810 1897 3394 1967; baseline 0.001 -17"><span class='ocrx_word' id='word_1_354' title='bbox 1810 1904 1990 1951; x_wconf 88' lang='lat' dir='ltr'><strong>autem</strong></span> <span class='ocrx_word' id='word_1_355' title='bbox 2020 1897 2282 1952; x_wconf 89' lang='lat' dir='ltr'><strong>adversus</strong></span> <span class='ocrx_word' id='word_1_356' title='bbox 2335 1912 2557 1952; x_wconf 90' lang='lat' dir='ltr'><strong>carnem</strong></span> <span class='ocrx_word' id='word_1_357' title='bbox 2598 1897 2673 1964; x_wconf 62' lang='lat'><strong>‘3;</strong></span> <span class='ocrx_word' id='word_1_358' title='bbox 2709 1916 2728 1949; x_wconf 77' lang='grc' dir='ltr'><strong>ι</strong></span> <span class='ocrx_word' id='word_1_359' title='bbox 2759 1897 2812 1951; x_wconf 94' lang='lat' dir='ltr'><strong>in</strong></span> <span class='ocrx_word' id='word_1_360' title='bbox 2856 1897 2925 1952; x_wconf 82' lang='lat' dir='ltr'><strong>iis</strong></span> <span class='ocrx_word' id='word_1_361' title='bbox 2966 1913 3097 1952; x_wconf 75' lang='lat' dir='ltr'><strong>vero</strong></span> <span class='ocrx_word' id='word_1_362' title='bbox 3142 1897 3235 1967; x_wconf 87' lang='lat' dir='ltr'><strong>qui</strong></span> <span class='ocrx_word' id='word_1_363' title='bbox 3267 1912 3394 1967; x_wconf 84' lang='lat' dir='ltr'><strong>per-</strong></span> 
     </span>
    </p>
   </div>
   <div class='ocr_carea' id='block_1_46' title="bbox 1808 1987 3397 2061">
    <p class='ocr_par' dir='ltr' id='par_1_46' title="bbox 1808 1987 3397 2061">
     <span class='ocr_line' id='line_1_46' title="bbox 1808 1987 3397 2061; baseline 0.001 -18"><span class='ocrx_word' id='word_1_364' title='bbox 1808 1987 2095 2044; x_wconf 74' lang='lat' dir='ltr'><strong>fectionem</strong></span> <span class='ocrx_word' id='word_1_365' title='bbox 2123 1990 2236 2059; x_wconf 88' lang='lat' dir='ltr'><strong>jam</strong></span> <span class='ocrx_word' id='word_1_366' title='bbox 2273 1991 2552 2045; x_wconf 85' lang='lat' dir='ltr'><strong>consecuti</strong></span> <span class='ocrx_word' id='word_1_367' title='bbox 2589 1999 2738 2055; x_wconf 91' lang='lat' dir='ltr'><strong>sunt,</strong></span> <span class='ocrx_word' id='word_1_368' title='bbox 2783 1990 3011 2061; x_wconf 85' lang='lat' dir='ltr'><strong>spiritus</strong></span> <span class='ocrx_word' id='word_1_369' title='bbox 3048 1990 3224 2045; x_wconf 90' lang='lat' dir='ltr'><strong>victor</strong></span> <span class='ocrx_word' id='word_1_370' title='bbox 3266 2004 3397 2045; x_wconf 83' lang='lat' dir='ltr'><strong>eva-</strong></span> 
     </span>
    </p>
   </div>
   <div class='ocr_carea' id='block_1_47' title="bbox 1808 2077 3393 2148">
    <p class='ocr_par' dir='ltr' id='par_1_47' title="bbox 1808 2077 3393 2148">
     <span class='ocr_line' id='line_1_47' title="bbox 1808 2077 3393 2148; baseline 0.001 -16"><span class='ocrx_word' id='word_1_371' title='bbox 1808 2077 1899 2142; x_wconf 89' lang='lat' dir='ltr'><strong>sit,</strong></span> <span class='ocrx_word' id='word_1_372' title='bbox 1928 2086 1982 2133; x_wconf 88' lang='lat' dir='ltr'><strong>ct</strong></span> <span class='ocrx_word' id='word_1_373' title='bbox 2011 2079 2257 2148; x_wconf 89' lang='lat' dir='ltr'><strong>corporis</strong></span> <span class='ocrx_word' id='word_1_374' title='bbox 2287 2088 2444 2134; x_wconf 88' lang='lat' dir='ltr'><strong>actus</strong></span> <span class='ocrx_word' id='word_1_375' title='bbox 2471 2079 2631 2134; x_wconf 89' lang='lat' dir='ltr'><strong>morti</strong></span> <span class='ocrx_word' id='word_1_376' title='bbox 2664 2080 2834 2147; x_wconf 86' lang='lat' dir='ltr'><strong>dedit,</strong></span> <span class='ocrx_word' id='word_1_377' title='bbox 2868 2090 2921 2135; x_wconf 89' lang='lat' dir='ltr'><strong>et</strong></span> <span class='ocrx_word' id='word_1_378' title='bbox 2951 2079 3074 2134; x_wconf 68' lang='lat' dir='ltr'><strong>vitae</strong></span> <span class='ocrx_word' id='word_1_379' title='bbox 3117 2096 3232 2135; x_wconf 70' lang='lat' dir='ltr'><strong>suae</strong></span> <span class='ocrx_word' id='word_1_380' title='bbox 3263 2095 3393 2134; x_wconf 86' lang='lat' dir='ltr'><strong>cor-</strong></span> 
     </span>
    </p>
   </div>
   <div class='ocr_carea' id='block_1_48' title="bbox 1806 2169 3394 2241">
    <p class='ocr_par' dir='ltr' id='par_1_48' title="bbox 1806 2169 3394 2241">
     <span class='ocr_line' id='line_1_48' title="bbox 1806 2169 3394 2241; baseline 0.001 -17"><span class='ocrx_word' id='word_1_381' title='bbox 1806 2186 1910 2241; x_wconf 90' lang='lat' dir='ltr'><strong>pus</strong></span> <span class='ocrx_word' id='word_1_382' title='bbox 1943 2169 2071 2225; x_wconf 86' lang='lat' dir='ltr'><strong>facit</strong></span> <span class='ocrx_word' id='word_1_383' title='bbox 2102 2172 2395 2241; x_wconf 83' lang='lat' dir='ltr'><strong>particeps,</strong></span> <span class='ocrx_word' id='word_1_384' title='bbox 2431 2171 2502 2226; x_wconf 88' lang='lat' dir='ltr'><strong>ita</strong></span> <span class='ocrx_word' id='word_1_385' title='bbox 2539 2181 2599 2226; x_wconf 94' lang='lat' dir='ltr'><strong>ut</strong></span> <span class='ocrx_word' id='word_1_386' title='bbox 2632 2181 2762 2227; x_wconf 90' lang='lat' dir='ltr'><strong>tunc</strong></span> <span class='ocrx_word' id='word_1_387' title='bbox 2794 2172 2924 2226; x_wconf 90' lang='lat' dir='ltr'><strong>illud</strong></span> <span class='ocrx_word' id='word_1_388' title='bbox 2957 2172 3172 2227; x_wconf 88' lang='lat' dir='ltr'><strong>eveniat</strong></span> <span class='ocrx_word' id='word_1_389' title='bbox 3199 2189 3214 2226; x_wconf 87' lang='lat'><strong>:</strong></span> <span class='ocrx_word' id='word_1_390' title='bbox 3246 2190 3265 2222; x_wconf 75' lang='grc' dir='ltr'><strong>ι</strong></span> <span class='ocrx_word' id='word_1_391' title='bbox 3300 2169 3394 2225; x_wconf 84' lang='lat' dir='ltr'><strong>Vi-</strong></span> 
     </span>
    </p>
   </div>
   <div class='ocr_carea' id='block_1_49' title="bbox 1807 2260 3393 2331">
    <p class='ocr_par' dir='ltr' id='par_1_49' title="bbox 1807 2260 3393 2331">
     <span class='ocr_line' id='line_1_49' title="bbox 1807 2260 3393 2331; baseline 0.001 -18"><span class='ocrx_word' id='word_1_392' title='bbox 1807 2260 2049 2316; x_wconf 82' lang='lat' dir='ltr'><strong>vilicabit</strong></span> <span class='ocrx_word' id='word_1_393' title='bbox 2074 2269 2128 2315; x_wconf 90' lang='lat' dir='ltr'><strong>et</strong></span> <span class='ocrx_word' id='word_1_394' title='bbox 2161 2262 2413 2316; x_wconf 85' lang='lat' dir='ltr'><strong>mortalia</strong></span> <span class='ocrx_word' id='word_1_395' title='bbox 2441 2276 2672 2331; x_wconf 89' lang='lat' dir='ltr'><strong>corpora</strong></span> <span class='ocrx_word' id='word_1_396' title='bbox 2709 2269 2896 2316; x_wconf 91' lang='lat' dir='ltr'><strong>nostra</strong></span> <span class='ocrx_word' id='word_1_397' title='bbox 2917 2302 2932 2327; x_wconf 93' lang='lat'><strong>,</strong></span> <span class='ocrx_word' id='word_1_398' title='bbox 2977 2268 3196 2330; x_wconf 84' lang='lat' dir='ltr'><strong>propter</strong></span> <span class='ocrx_word' id='word_1_399' title='bbox 3231 2260 3393 2315; x_wconf 80' lang='lat' dir='ltr'><strong>inha-</strong></span> 
     </span>
    </p>
   </div>
   <div class='ocr_carea' id='block_1_50' title="bbox 1807 2351 3395 2422">
    <p class='ocr_par' dir='ltr' id='par_1_50' title="bbox 1807 2351 3395 2422">
     <span class='ocr_line' id='line_1_50' title="bbox 1807 2351 3395 2422; baseline -0.001 -16"><span class='ocrx_word' id='word_1_400' title='bbox 1807 2351 2066 2406; x_wconf 85' lang='lat' dir='ltr'><strong>bitantem</strong></span> <span class='ocrx_word' id='word_1_401' title='bbox 2088 2352 2338 2422; x_wconf 79' lang='lat' dir='ltr'><strong>spiritum</strong></span> <span class='ocrx_word' id='word_1_402' title='bbox 2357 2352 2476 2421; x_wconf 85' lang='lat' dir='ltr'><strong>ejus</strong></span> <span class='ocrx_word' id='word_1_403' title='bbox 2508 2354 2559 2406; x_wconf 92' lang='lat' dir='ltr'><strong>in</strong></span> <span class='ocrx_word' id='word_1_404' title='bbox 2596 2352 2750 2407; x_wconf 90' lang='lat' dir='ltr'><strong>nobis</strong></span> <span class='ocrx_word' id='word_1_405' title='bbox 2775 2353 2841 2415; x_wconf 75' lang='grc'><strong>⁸⁸,</strong></span> <span class='ocrx_word' id='word_1_406' title='bbox 2874 2371 2892 2404; x_wconf 72' lang='grc' dir='ltr'><strong>ι</strong></span> <span class='ocrx_word' id='word_1_407' title='bbox 2927 2352 3231 2408; x_wconf 91' lang='lat' dir='ltr'><strong>etduorum</strong></span> <span class='ocrx_word' id='word_1_408' title='bbox 3263 2368 3395 2407; x_wconf 88' lang='lat' dir='ltr'><strong>con-</strong></span> 
     </span>
    </p>
   </div>
   <div class='ocr_carea' id='block_1_51' title="bbox 1808 2444 3396 2515">
    <p class='ocr_par' dir='ltr' id='par_1_51' title="bbox 1808 2444 3396 2515">
     <span class='ocr_line' id='line_1_51' title="bbox 1808 2444 3396 2515; baseline 0 -17"><span class='ocrx_word' id='word_1_409' title='bbox 1808 2458 2002 2498; x_wconf 82' lang='lat' dir='ltr'><strong>sensus</strong></span> <span class='ocrx_word' id='word_1_410' title='bbox 2046 2459 2210 2514; x_wconf 88' lang='lat' dir='ltr'><strong>super</strong></span> <span class='ocrx_word' id='word_1_411' title='bbox 2268 2453 2465 2499; x_wconf 89' lang='lat' dir='ltr'><strong>tcrram</strong></span> <span class='ocrx_word' id='word_1_412' title='bbox 2515 2444 2764 2512; x_wconf 76' lang='lat' dir='ltr'><strong>ellicitur,</strong></span> <span class='ocrx_word' id='word_1_413' title='bbox 2815 2444 3063 2515; x_wconf 88' lang='lat' dir='ltr'><strong>corporis</strong></span> <span class='ocrx_word' id='word_1_414' title='bbox 3108 2459 3303 2514; x_wconf 90' lang='lat' dir='ltr'><strong>nempe</strong></span> <span class='ocrx_word' id='word_1_415' title='bbox 3340 2452 3396 2498; x_wconf 83' lang='lat' dir='ltr'><strong>et</strong></span> 
     </span>
    </p>
   </div>
   <div class='ocr_carea' id='block_1_52' title="bbox 1808 2532 3394 2607">
    <p class='ocr_par' dir='ltr' id='par_1_52' title="bbox 1808 2532 3394 2607">
     <span class='ocr_line' id='line_1_52' title="bbox 1808 2532 3394 2607; baseline 0.004 -21"><span class='ocrx_word' id='word_1_416' title='bbox 1808 2533 2055 2601; x_wconf 87' lang='lat' dir='ltr'><strong>spiritus,</strong></span> <span class='ocrx_word' id='word_1_417' title='bbox 2094 2535 2179 2588; x_wconf 80' lang='lat' dir='ltr'><strong>cui</strong></span> <span class='ocrx_word' id='word_1_418' title='bbox 2209 2533 2325 2604; x_wconf 91' lang='lat' dir='ltr'><strong>jam</strong></span> <span class='ocrx_word' id='word_1_419' title='bbox 2363 2532 2604 2604; x_wconf 83' lang='lat' dir='ltr'><strong>perfecto</strong></span> <span class='ocrx_word' id='word_1_420' title='bbox 2630 2537 2870 2589; x_wconf 78' lang='lat' dir='ltr'><strong>consona</strong></span> <span class='ocrx_word' id='word_1_421' title='bbox 2907 2536 3175 2590; x_wconf 84' lang='lat' dir='ltr'><strong>emittitur</strong></span> <span class='ocrx_word' id='word_1_422' title='bbox 3199 2552 3394 2607; x_wconf 87' lang='lat' dir='ltr'><strong>preca-</strong></span> 
     </span>
    </p>
   </div>
   <div class='ocr_carea' id='block_1_53' title="bbox 1807 2623 3395 2695">
    <p class='ocr_par' dir='ltr' id='par_1_53' title="bbox 1807 2623 3395 2695">
     <span class='ocr_line' id='line_1_53' title="bbox 1807 2623 3395 2695; baseline 0.004 -18"><span class='ocrx_word' id='word_1_423' title='bbox 1807 2624 1885 2678; x_wconf 89' lang='lat' dir='ltr'><strong>tio</strong></span> <span class='ocrx_word' id='word_1_424' title='bbox 1915 2642 1934 2676; x_wconf 84' lang='grc' dir='ltr'><strong>ι</strong></span> <span class='ocrx_word' id='word_1_425' title='bbox 1971 2623 2133 2679; x_wconf 90' lang='lat' dir='ltr'><strong>corde</strong></span> <span class='ocrx_word' id='word_1_426' title='bbox 2162 2625 2382 2694; x_wconf 90' lang='lat' dir='ltr'><strong>quidem</strong></span> <span class='ocrx_word' id='word_1_427' title='bbox 2425 2624 2697 2680; x_wconf 88' lang='lat' dir='ltr'><strong>credentis</strong></span> <span class='ocrx_word' id='word_1_428' title='bbox 2730 2626 2797 2679; x_wconf 86' lang='lat' dir='ltr'><strong>ad</strong></span> <span class='ocrx_word' id='word_1_429' title='bbox 2835 2625 3127 2695; x_wconf 87' lang='lat' dir='ltr'><strong>justitiam,</strong></span> <span class='ocrx_word' id='word_1_430' title='bbox 3165 2642 3262 2683; x_wconf 91' lang='lat' dir='ltr'><strong>ore</strong></span> <span class='ocrx_word' id='word_1_431' title='bbox 3295 2643 3395 2682; x_wconf 88' lang='lat' dir='ltr'><strong>au-</strong></span> 
     </span>
    </p>
   </div>
   <div class='ocr_carea' id='block_1_54' title="bbox 1808 2716 3397 2791">
    <p class='ocr_par' dir='ltr' id='par_1_54' title="bbox 1808 2716 3397 2791">
     <span class='ocr_line' id='line_1_54' title="bbox 1808 2716 3397 2791; baseline 0.004 -23"><span class='ocrx_word' id='word_1_432' title='bbox 1808 2722 1916 2769; x_wconf 92' lang='lat' dir='ltr'><strong>tem</strong></span> <span class='ocrx_word' id='word_1_433' title='bbox 1948 2716 2256 2772; x_wconf 81' lang='lat' dir='ltr'><strong>conﬁtentis</strong></span> <span class='ocrx_word' id='word_1_434' title='bbox 2285 2717 2351 2772; x_wconf 86' lang='lat' dir='ltr'><strong>ad</strong></span> <span class='ocrx_word' id='word_1_435' title='bbox 2383 2717 2615 2772; x_wconf 85' lang='lat' dir='ltr'><strong>salutem</strong></span> <span class='ocrx_word' id='word_1_436' title='bbox 2642 2718 2713 2785; x_wconf 68' lang='grc' dir='ltr'>π,</span> <span class='ocrx_word' id='word_1_437' title='bbox 2749 2737 2767 2770; x_wconf 73' lang='grc' dir='ltr'><strong>ι</strong></span> <span class='ocrx_word' id='word_1_438' title='bbox 2805 2717 2877 2773; x_wconf 86' lang='lat' dir='ltr'><strong>ita</strong></span> <span class='ocrx_word' id='word_1_439' title='bbox 2908 2728 2967 2774; x_wconf 93' lang='lat' dir='ltr'><strong>ut</strong></span> <span class='ocrx_word' id='word_1_440' title='bbox 3006 2735 3116 2775; x_wconf 94' lang='lat' dir='ltr'><strong>non</strong></span> <span class='ocrx_word' id='word_1_441' title='bbox 3162 2721 3397 2791; x_wconf 86' lang='lat' dir='ltr'><strong>amplius</strong></span> 
     </span>
    </p>
   </div>
   <div class='ocr_carea' id='block_1_55' title="bbox 1808 2805 3397 2875">
    <p class='ocr_par' dir='ltr' id='par_1_55' title="bbox 1808 2805 3397 2875">
     <span class='ocr_line' id='line_1_55' title="bbox 1808 2805 3397 2875; baseline 0.003 -13"><span class='ocrx_word' id='word_1_442' title='bbox 1808 2822 1839 2862; x_wconf 90' lang='lat' dir='ltr'><strong>a</strong></span> <span class='ocrx_word' id='word_1_443' title='bbox 1872 2805 1983 2861; x_wconf 86' lang='lat' dir='ltr'><strong>Deo</strong></span> <span class='ocrx_word' id='word_1_444' title='bbox 2008 2807 2172 2863; x_wconf 86' lang='lat' dir='ltr'><strong>distet</strong></span> <span class='ocrx_word' id='word_1_445' title='bbox 2209 2822 2323 2875; x_wconf 88' lang='lat' dir='ltr'><strong>cor,</strong></span> <span class='ocrx_word' id='word_1_446' title='bbox 2367 2817 2420 2863; x_wconf 91' lang='lat' dir='ltr'><strong>et</strong></span> <span class='ocrx_word' id='word_1_447' title='bbox 2460 2809 2526 2863; x_wconf 91' lang='lat' dir='ltr'><strong>ad</strong></span> <span class='ocrx_word' id='word_1_448' title='bbox 2573 2810 2744 2865; x_wconf 87' lang='lat' dir='ltr'><strong>Deum</strong></span> <span class='ocrx_word' id='word_1_449' title='bbox 2796 2826 2904 2865; x_wconf 92' lang='lat' dir='ltr'><strong>una</strong></span> <span class='ocrx_word' id='word_1_450' title='bbox 2953 2826 3077 2865; x_wconf 91' lang='lat' dir='ltr'><strong>cum</strong></span> <span class='ocrx_word' id='word_1_451' title='bbox 3129 2826 3196 2865; x_wconf 92' lang='lat' dir='ltr'><strong>eo</strong></span> <span class='ocrx_word' id='word_1_452' title='bbox 3236 2811 3397 2868; x_wconf 85' lang='lat' dir='ltr'><strong>labiis</strong></span> 
     </span>
    </p>
   </div>
   <div class='ocr_carea' id='block_1_56' title="bbox 1816 2898 3400 2971">
    <p class='ocr_par' dir='ltr' id='par_1_56' title="bbox 1816 2898 3400 2971">
     <span class='ocr_line' id='line_1_56' title="bbox 1816 2898 3400 2971; baseline 0.001 -18"><span class='ocrx_word' id='word_1_453' title='bbox 1816 2898 1934 2953; x_wconf 90' lang='lat' dir='ltr'><strong>suis</strong></span> <span class='ocrx_word' id='word_1_454' title='bbox 1964 2907 2019 2953; x_wconf 91' lang='lat' dir='ltr'><strong>et</strong></span> <span class='ocrx_word' id='word_1_455' title='bbox 2047 2913 2142 2953; x_wconf 91' lang='lat' dir='ltr'><strong>ore</strong></span> <span class='ocrx_word' id='word_1_456' title='bbox 2167 2898 2348 2968; x_wconf 84' lang='lat' dir='ltr'><strong>justus</strong></span> <span class='ocrx_word' id='word_1_457' title='bbox 2376 2899 2603 2970; x_wconf 90' lang='lat' dir='ltr'><strong>propius</strong></span> <span class='ocrx_word' id='word_1_458' title='bbox 2629 2900 2872 2955; x_wconf 84' lang='lat' dir='ltr'><strong>accedat.</strong></span> <span class='ocrx_word' id='word_1_459' title='bbox 2909 2898 3221 2966; x_wconf 85' lang='lat' dir='ltr'><strong>Quinetiam</strong></span> <span class='ocrx_word' id='word_1_460' title='bbox 3250 2910 3400 2971; x_wconf 87' lang='lat' dir='ltr'><strong>opta-</strong></span> 
     </span>
    </p>
   </div>
   <div class='ocr_carea' id='block_1_57' title="bbox 1810 2987 3395 3059">
    <p class='ocr_par' dir='ltr' id='par_1_57' title="bbox 1810 2987 3395 3059">
     <span class='ocr_line' id='line_1_57' title="bbox 1810 2987 3395 3059; baseline -0.001 -17"><span class='ocrx_word' id='word_1_461' title='bbox 1810 2989 1919 3043; x_wconf 89' lang='lat' dir='ltr'><strong>tius</strong></span> <span class='ocrx_word' id='word_1_462' title='bbox 1953 2997 2037 3044; x_wconf 88' lang='lat' dir='ltr'><strong>cst</strong></span> <span class='ocrx_word' id='word_1_463' title='bbox 2070 2996 2125 3043; x_wconf 86' lang='lat' dir='ltr'><strong>ct</strong></span> <span class='ocrx_word' id='word_1_464' title='bbox 2153 2989 2490 3048; x_wconf 69' lang='lat' dir='ltr'><strong>fortunatum</strong></span> <span class='ocrx_word' id='word_1_465' title='bbox 2524 2988 2719 3059; x_wconf 82' lang='lat' dir='ltr'><strong>magis,</strong></span> <span class='ocrx_word' id='word_1_466' title='bbox 2764 2998 2874 3043; x_wconf 88' lang='lat' dir='ltr'><strong>tres</strong></span> <span class='ocrx_word' id='word_1_467' title='bbox 2920 2990 2974 3042; x_wconf 92' lang='lat' dir='ltr'><strong>in</strong></span> <span class='ocrx_word' id='word_1_468' title='bbox 3012 2988 3233 3043; x_wconf 88' lang='lat' dir='ltr'><strong>nomine</strong></span> <span class='ocrx_word' id='word_1_469' title='bbox 3264 2987 3395 3042; x_wconf 83' lang='lat' dir='ltr'><strong>Jcsu</strong></span> 
     </span>
    </p>
   </div>
   <div class='ocr_carea' id='block_1_58' title="bbox 1810 3077 3397 3151">
    <p class='ocr_par' dir='ltr' id='par_1_58' title="bbox 1810 3077 3397 3151">
     <span class='ocr_line' id='line_1_58' title="bbox 1810 3077 3397 3151; baseline -0.002 -15"><span class='ocrx_word' id='word_1_470' title='bbox 1810 3080 1973 3136; x_wconf 90' lang='lat' dir='ltr'><strong>simul</strong></span> <span class='ocrx_word' id='word_1_471' title='bbox 2024 3095 2146 3136; x_wconf 88' lang='lat' dir='ltr'><strong>esse</strong></span> <span class='ocrx_word' id='word_1_472' title='bbox 2201 3089 2578 3151; x_wconf 80' lang='lat' dir='ltr'><strong>congregatos,</strong></span> <span class='ocrx_word' id='word_1_473' title='bbox 2628 3089 2689 3134; x_wconf 90' lang='lat' dir='ltr'><strong>ut</strong></span> <span class='ocrx_word' id='word_1_474' title='bbox 2733 3080 2948 3135; x_wconf 88' lang='lat' dir='ltr'><strong>eveniat</strong></span> <span class='ocrx_word' id='word_1_475' title='bbox 2989 3079 3161 3133; x_wconf 89' lang='lat' dir='ltr'><strong>illud:</strong></span> <span class='ocrx_word' id='word_1_476' title='bbox 3199 3098 3217 3129; x_wconf 78' lang='grc' dir='ltr'><strong>ι</strong></span> <span class='ocrx_word' id='word_1_477' title='bbox 3252 3077 3397 3133; x_wconf 88' lang='lat' dir='ltr'><strong>Deus</strong></span> 
     </span>
    </p>
   </div>
   <div class='ocr_carea' id='block_1_59' title="bbox 1812 3171 3399 3242">
    <p class='ocr_par' dir='ltr' id='par_1_59' title="bbox 1812 3171 3399 3242">
     <span class='ocr_line' id='line_1_59' title="bbox 1812 3171 3399 3242; baseline 0.001 -17"><span class='ocrx_word' id='word_1_478' title='bbox 1812 3171 2115 3227; x_wconf 75' lang='lat' dir='ltr'><strong>sanctiﬁcet</strong></span> <span class='ocrx_word' id='word_1_479' title='bbox 2171 3186 2268 3225; x_wconf 92' lang='lat' dir='ltr'><strong>vos</strong></span> <span class='ocrx_word' id='word_1_480' title='bbox 2326 3186 2424 3240; x_wconf 90' lang='lat' dir='ltr'><strong>per</strong></span> <span class='ocrx_word' id='word_1_481' title='bbox 2484 3171 2708 3235; x_wconf 89' lang='lat' dir='ltr'><strong>omnia,</strong></span> <span class='ocrx_word' id='word_1_482' title='bbox 2774 3181 2833 3226; x_wconf 92' lang='lat' dir='ltr'><strong>ut</strong></span> <span class='ocrx_word' id='word_1_483' title='bbox 2896 3172 3109 3242; x_wconf 80' lang='lat' dir='ltr'><strong>integer</strong></span> <span class='ocrx_word' id='word_1_484' title='bbox 3172 3171 3399 3242; x_wconf 87' lang='lat' dir='ltr'><strong>spiritus</strong></span> 
     </span>
    </p>
   </div>
   <div class='ocr_carea' id='block_1_60' title="bbox 157 3226 1712 3334">
    <p class='ocr_par' dir='ltr' id='par_1_60' title="bbox 157 3226 1706 3325">
     <span class='ocr_line' id='line_1_60' title="bbox 157 3226 1706 3325; baseline 0.001 -21"><span class='ocrx_word' id='word_1_485' title='bbox 157 3250 210 3305; x_wconf 63' lang='grc' dir='ltr'><strong>τὺ</strong></span> <span class='ocrx_word' id='word_1_486' title='bbox 241 3250 386 3322; x_wconf 84' lang='grc' dir='ltr'>σῶμα</span> <span class='ocrx_word' id='word_1_487' title='bbox 436 3226 850 3321; x_wconf 31' lang='grc' dir='ltr'>ἀμέμπτως-ὲν</span> <span class='ocrx_word' id='word_1_488' title='bbox 896 3252 962 3321; x_wconf 79' lang='grc' dir='ltr'>τῇ</span> <span class='ocrx_word' id='word_1_489' title='bbox 1016 3226 1287 3324; x_wconf 79' lang='grc' dir='ltr'>παρουσίᾳ</span> <span class='ocrx_word' id='word_1_490' title='bbox 1342 3226 1448 3305; x_wconf 69' lang='grc' dir='ltr'><strong>τόδ’</strong></span> <span class='ocrx_word' id='word_1_491' title='bbox 1501 3226 1706 3325; x_wconf 53' lang='lat' dir='ltr'><strong>Rapiat)</strong></span> 
     </span>
    </p>
   </div>
   <div class='ocr_carea' id='block_1_61' title="bbox 1814 3226 3401 3334">
    <p class='ocr_par' dir='ltr' id='par_1_61' title="bbox 1814 3263 3401 3334">
     <span class='ocr_line' id='line_1_61' title="bbox 1814 3263 3401 3334; baseline 0.001 -17"><span class='ocrx_word' id='word_1_492' title='bbox 1814 3274 2013 3327; x_wconf 82' lang='lat' dir='ltr'><strong>veSter,</strong></span> <span class='ocrx_word' id='word_1_493' title='bbox 2045 3272 2098 3318; x_wconf 88' lang='lat' dir='ltr'><strong>et</strong></span> <span class='ocrx_word' id='word_1_494' title='bbox 2131 3264 2313 3317; x_wconf 88' lang='lat' dir='ltr'><strong>anima</strong></span> <span class='ocrx_word' id='word_1_495' title='bbox 2336 3304 2350 3329; x_wconf 89' lang='lat'><strong>,</strong></span> <span class='ocrx_word' id='word_1_496' title='bbox 2385 3273 2437 3318; x_wconf 92' lang='lat' dir='ltr'><strong>et</strong></span> <span class='ocrx_word' id='word_1_497' title='bbox 2491 3277 2691 3333; x_wconf 88' lang='lat' dir='ltr'><strong>corpus</strong></span> <span class='ocrx_word' id='word_1_498' title='bbox 2729 3264 2847 3318; x_wconf 89' lang='lat' dir='ltr'><strong>sine</strong></span> <span class='ocrx_word' id='word_1_499' title='bbox 2896 3264 3117 3334; x_wconf 85' lang='lat' dir='ltr'><strong>querela</strong></span> <span class='ocrx_word' id='word_1_500' title='bbox 3139 3304 3154 3329; x_wconf 91' lang='lat'><strong>,</strong></span> <span class='ocrx_word' id='word_1_501' title='bbox 3202 3263 3255 3318; x_wconf 91' lang='lat' dir='ltr'><strong>in</strong></span> <span class='ocrx_word' id='word_1_502' title='bbox 3302 3264 3401 3318; x_wconf 83' lang='lat' dir='ltr'><strong>ad-</strong></span> 
     </span>
    </p>
   </div>
   <div class='ocr_carea' id='block_1_62' title="bbox 160 3340 1708 3416">
    <p class='ocr_par' dir='ltr' id='par_1_62' title="bbox 160 3340 1708 3416">
     <span class='ocr_line' id='line_1_62' title="bbox 160 3340 1708 3416; baseline 0 -21"><span class='ocrx_word' id='word_1_503' title='bbox 160 3342 292 3414; x_wconf 80' lang='grc' dir='ltr'><strong>ἡμῶν</strong></span> <span class='ocrx_word' id='word_1_504' title='bbox 335 3342 503 3414; x_wconf 80' lang='grc' dir='ltr'>Ἰησοῦ</span> <span class='ocrx_word' id='word_1_505' title='bbox 534 3340 776 3413; x_wconf 81' lang='grc' dir='ltr'>Χριστοῦ</span> <span class='ocrx_word' id='word_1_506' title='bbox 800 3341 1123 3415; x_wconf 77' lang='grc' dir='ltr'>τηρηθείη.»</span> <span class='ocrx_word' id='word_1_507' title='bbox 1162 3343 1392 3414; x_wconf 79' lang='grc' dir='ltr'>Ζητήσει</span> <span class='ocrx_word' id='word_1_508' title='bbox 1419 3344 1475 3397; x_wconf 87' lang='grc' dir='ltr'>δέ</span> <span class='ocrx_word' id='word_1_509' title='bbox 1504 3361 1587 3408; x_wconf 90' lang='grc' dir='ltr'><strong>τις</strong></span> <span class='ocrx_word' id='word_1_510' title='bbox 1611 3343 1708 3416; x_wconf 78' lang='grc' dir='ltr'>τὴν</span> 
     </span>
    </p>
   </div>
   <div class='ocr_carea' id='block_1_63' title="bbox 160 3433 1708 3508">
    <p class='ocr_par' dir='ltr' id='par_1_63' title="bbox 160 3433 1708 3508">
     <span class='ocr_line' id='line_1_63' title="bbox 160 3433 1708 3508; baseline 0.003 -22"><span class='ocrx_word' id='word_1_511' title='bbox 160 3435 423 3508; x_wconf 68' lang='grc' dir='ltr'>εἰρημένην</span> <span class='ocrx_word' id='word_1_512' title='bbox 465 3435 792 3506; x_wconf 67' lang='grc' dir='ltr'>συμφωνίαν</span> <span class='ocrx_word' id='word_1_513' title='bbox 852 3433 1162 3505; x_wconf 80' lang='grc' dir='ltr'>πνεύματος</span> <span class='ocrx_word' id='word_1_514' title='bbox 1204 3435 1298 3488; x_wconf 71' lang='grc' dir='ltr'>καὶ</span> <span class='ocrx_word' id='word_1_515' title='bbox 1352 3434 1601 3507; x_wconf 85' lang='grc' dir='ltr'>σώματος</span> <span class='ocrx_word' id='word_1_516' title='bbox 1659 3438 1708 3491; x_wconf 86' lang='grc' dir='ltr'><strong>εί</strong></span> 
     </span>
    </p>
   </div>
   <div class='ocr_carea' id='block_1_64' title="bbox 160 3520 1704 3597">
    <p class='ocr_par' dir='ltr' id='par_1_64' title="bbox 160 3520 1704 3597">
     <span class='ocr_line' id='line_1_64' title="bbox 160 3520 1704 3597; baseline 0.005 -23"><span class='ocrx_word' id='word_1_517' title='bbox 160 3520 348 3578; x_wconf 71' lang='grc' dir='ltr'>δυνατὸν</span> <span class='ocrx_word' id='word_1_518' title='bbox 369 3522 539 3577; x_wconf 85' lang='grc' dir='ltr'>ταῦτα</span> <span class='ocrx_word' id='word_1_519' title='bbox 575 3522 673 3593; x_wconf 83' lang='grc' dir='ltr'><strong>μὲν</strong></span> <span class='ocrx_word' id='word_1_520' title='bbox 713 3524 1045 3592; x_wconf 83' lang='grc' dir='ltr'>συμφωνεῖν,</span> <span class='ocrx_word' id='word_1_521' title='bbox 1097 3521 1171 3594; x_wconf 80' lang='grc' dir='ltr'>μὴ</span> <span class='ocrx_word' id='word_1_522' title='bbox 1202 3523 1298 3577; x_wconf 77' lang='grc' dir='ltr'>καὶ</span> <span class='ocrx_word' id='word_1_523' title='bbox 1329 3523 1390 3576; x_wconf 84' lang='grc' dir='ltr'>τὸ</span> <span class='ocrx_word' id='word_1_524' title='bbox 1418 3526 1598 3597; x_wconf 88' lang='grc' dir='ltr'>τρίτον</span> <span class='ocrx_word' id='word_1_525' title='bbox 1626 3526 1704 3596; x_wconf 80' lang='grc' dir='ltr'>δὲ,</span> 
     </span>
    </p>
   </div>
   <div class='ocr_carea' id='block_1_65' title="bbox 161 3612 1711 3689">
    <p class='ocr_par' dir='ltr' id='par_1_65' title="bbox 161 3612 1711 3689">
     <span class='ocr_line' id='line_1_65' title="bbox 161 3612 1711 3689; baseline 0.005 -23"><span class='ocrx_word' id='word_1_526' title='bbox 161 3612 278 3683; x_wconf 74' lang='grc' dir='ltr'>λέγω</span> <span class='ocrx_word' id='word_1_527' title='bbox 310 3614 361 3667; x_wconf 70' lang='grc' dir='ltr'><strong>δὲ</strong></span> <span class='ocrx_word' id='word_1_528' title='bbox 379 3615 475 3687; x_wconf 81' lang='grc' dir='ltr'>τὴν</span> <span class='ocrx_word' id='word_1_529' title='bbox 497 3614 699 3685; x_wconf 77' lang='grc' dir='ltr'>ψυχὴν,</span> <span class='ocrx_word' id='word_1_530' title='bbox 728 3615 941 3686; x_wconf 72' lang='grc' dir='ltr'>μήποτε</span> <span class='ocrx_word' id='word_1_531' title='bbox 979 3614 1079 3667; x_wconf 82' lang='grc' dir='ltr'>οὐκ</span> <span class='ocrx_word' id='word_1_532' title='bbox 1112 3614 1376 3688; x_wconf 80' lang='grc' dir='ltr'>ἀκολουθῇ</span> <span class='ocrx_word' id='word_1_533' title='bbox 1408 3620 1474 3689; x_wconf 84' lang='grc' dir='ltr'><strong>τῇ</strong></span> <span class='ocrx_word' id='word_1_534' title='bbox 1506 3618 1711 3673; x_wconf 84' lang='grc' dir='ltr'>τούτων</span> 
     </span>
    </p>
   </div>
   <div class='ocr_carea' id='block_1_66' title="bbox 164 3706 1712 3783">
    <p class='ocr_par' dir='ltr' id='par_1_66' title="bbox 164 3706 1712 3783">
     <span class='ocr_line' id='line_1_66' title="bbox 164 3706 1712 3783; baseline 0.004 -24"><span class='ocrx_word' id='word_1_535' title='bbox 164 3707 419 3780; x_wconf 77' lang='grc' dir='ltr'>συμφωνίᾳ</span> <span class='ocrx_word' id='word_1_536' title='bbox 439 3708 531 3760; x_wconf 76' lang='grc' dir='ltr'><strong>ἐπὶ</strong></span> <span class='ocrx_word' id='word_1_537' title='bbox 570 3706 673 3777; x_wconf 80' lang='grc' dir='ltr'><strong>τῆς</strong></span> <span class='ocrx_word' id='word_1_538' title='bbox 695 3707 820 3777; x_wconf 91' lang='grc' dir='ltr'>γῆς,</span> <span class='ocrx_word' id='word_1_539' title='bbox 857 3706 995 3777; x_wconf 82' lang='grc' dir='ltr'>μετὰ</span> <span class='ocrx_word' id='word_1_540' title='bbox 1022 3706 1083 3759; x_wconf 86' lang='grc' dir='ltr'>τὸ</span> <span class='ocrx_word' id='word_1_541' title='bbox 1126 3707 1254 3771; x_wconf 81' lang='grc' dir='ltr'>τοὺς</span> <span class='ocrx_word' id='word_1_542' title='bbox 1312 3707 1406 3762; x_wconf 84' lang='grc' dir='ltr'>δύο</span> <span class='ocrx_word' id='word_1_543' title='bbox 1448 3711 1712 3783; x_wconf 80' lang='grc' dir='ltr'>συνῆχθαι</span> 
     </span>
    </p>
   </div>
   <div class='ocr_carea' id='block_1_67' title="bbox 164 3797 1712 3875">
    <p class='ocr_par' dir='ltr' id='par_1_67' title="bbox 164 3797 1712 3875">
     <span class='ocr_line' id='line_1_67' title="bbox 164 3797 1712 3875; baseline 0.007 -27"><span class='ocrx_word' id='word_1_544' title='bbox 164 3797 229 3860; x_wconf 81' lang='grc' dir='ltr'><strong>είς</strong></span> <span class='ocrx_word' id='word_1_545' title='bbox 245 3798 299 3851; x_wconf 79' lang='grc' dir='ltr'>τὸ</span> <span class='ocrx_word' id='word_1_546' title='bbox 324 3800 487 3871; x_wconf 75' lang='grc' dir='ltr'>ὄνομα</span> <span class='ocrx_word' id='word_1_547' title='bbox 516 3797 618 3853; x_wconf 89' lang='grc' dir='ltr'><strong>τοῦ</strong></span> <span class='ocrx_word' id='word_1_548' title='bbox 641 3798 902 3872; x_wconf 85' lang='grc' dir='ltr'>Χριστοῦ,</span> <span class='ocrx_word' id='word_1_549' title='bbox 928 3799 989 3853; x_wconf 84' lang='grc' dir='ltr'>τὸ</span> <span class='ocrx_word' id='word_1_550' title='bbox 1011 3798 1106 3853; x_wconf 75' lang='grc' dir='ltr'><strong>καὶ</strong></span> <span class='ocrx_word' id='word_1_551' title='bbox 1128 3800 1253 3864; x_wconf 81' lang='grc' dir='ltr'>τοὺς</span> <span class='ocrx_word' id='word_1_552' title='bbox 1280 3804 1429 3873; x_wconf 91' lang='grc' dir='ltr'>τρεῖς</span> <span class='ocrx_word' id='word_1_553' title='bbox 1461 3803 1561 3875; x_wconf 69' lang='grc' dir='ltr'><strong>ἤδη</strong></span> <span class='ocrx_word' id='word_1_554' title='bbox 1592 3821 1712 3859; x_wconf 90' lang='grc' dir='ltr'>συν-</span> 
     </span>
    </p>
   </div>
   <div class='ocr_carea' id='block_1_68' title="bbox 164 3885 1712 3968">
    <p class='ocr_par' dir='ltr' id='par_1_68' title="bbox 164 3885 1712 3968">
     <span class='ocr_line' id='line_1_68' title="bbox 164 3885 1712 3968; baseline 0.005 -24"><span class='ocrx_word' id='word_1_555' title='bbox 164 3886 360 3956; x_wconf 82' lang='grc' dir='ltr'>άγεσθαι</span> <span class='ocrx_word' id='word_1_556' title='bbox 384 3894 461 3957; x_wconf 74' lang='grc' dir='ltr'><strong>εἰς</strong></span> <span class='ocrx_word' id='word_1_557' title='bbox 484 3892 547 3946; x_wconf 83' lang='grc' dir='ltr'>τὸ</span> <span class='ocrx_word' id='word_1_558' title='bbox 584 3891 754 3964; x_wconf 79' lang='grc' dir='ltr'>ὄνομα</span> <span class='ocrx_word' id='word_1_559' title='bbox 792 3890 981 3957; x_wconf 85' lang='grc' dir='ltr'>αὐτοῦ,</span> <span class='ocrx_word' id='word_1_560' title='bbox 1033 3885 1108 3946; x_wconf 85' lang='grc' dir='ltr'><strong>ὧν</strong></span> <span class='ocrx_word' id='word_1_561' title='bbox 1158 3895 1216 3947; x_wconf 84' lang='grc' dir='ltr'><strong>έν</strong></span> <span class='ocrx_word' id='word_1_562' title='bbox 1249 3894 1401 3966; x_wconf 80' lang='grc' dir='ltr'>μέσῳ</span> <span class='ocrx_word' id='word_1_563' title='bbox 1432 3896 1648 3968; x_wconf 77' lang='grc' dir='ltr'>ἔρχεται</span> <span class='ocrx_word' id='word_1_564' title='bbox 1682 3901 1712 3953; x_wconf 82' lang='grc' dir='ltr'><strong>ὁ</strong></span> 
     </span>
    </p>
   </div>
   <div class='ocr_carea' id='block_1_69' title="bbox 166 3978 1713 4057">
    <p class='ocr_par' dir='ltr' id='par_1_69' title="bbox 166 3978 1713 4057">
     <span class='ocr_line' id='line_1_69' title="bbox 166 3978 1713 4057; baseline 0.005 -23"><span class='ocrx_word' id='word_1_565' title='bbox 166 3978 270 4046; x_wconf 71' lang='grc' dir='ltr'><strong>Υἱὸς</strong></span> <span class='ocrx_word' id='word_1_566' title='bbox 291 3982 378 4038; x_wconf 84' lang='grc' dir='ltr'><strong>τοῦ</strong></span> <span class='ocrx_word' id='word_1_567' title='bbox 415 3984 577 4049; x_wconf 84' lang='grc' dir='ltr'>Θεοῦ,</span> <span class='ocrx_word' id='word_1_568' title='bbox 607 3983 682 4048; x_wconf 83' lang='grc' dir='ltr'>ὡς</span> <span class='ocrx_word' id='word_1_569' title='bbox 704 3984 918 4039; x_wconf 81' lang='grc' dir='ltr'>πάντων</span> <span class='ocrx_word' id='word_1_570' title='bbox 946 3983 1094 4055; x_wconf 84' lang='grc' dir='ltr'><strong>αὐτῷ</strong></span> <span class='ocrx_word' id='word_1_571' title='bbox 1125 3985 1517 4057; x_wconf 79' lang='grc' dir='ltr'>ἀνακειμένων,</span> <span class='ocrx_word' id='word_1_572' title='bbox 1568 3988 1713 4057; x_wconf 82' lang='grc' dir='ltr'>λέγω</span> 
     </span>
    </p>
   </div>
   <div class='ocr_carea' id='block_1_70' title="bbox 163 4070 1710 4150">
    <p class='ocr_par' dir='ltr' id='par_1_70' title="bbox 163 4070 1710 4150">
     <span class='ocr_line' id='line_1_70' title="bbox 163 4070 1710 4150; baseline 0.005 -23"><span class='ocrx_word' id='word_1_573' title='bbox 163 4070 211 4127; x_wconf 77' lang='grc' dir='ltr'>δὲ</span> <span class='ocrx_word' id='word_1_574' title='bbox 225 4073 320 4128; x_wconf 84' lang='grc' dir='ltr'><strong>τῶν</strong></span> <span class='ocrx_word' id='word_1_575' title='bbox 363 4077 524 4150; x_wconf 81' lang='grc' dir='ltr'>τριῶν</span> <span class='ocrx_word' id='word_1_576' title='bbox 561 4076 658 4130; x_wconf 70' lang='grc' dir='ltr'><strong>καὶ</strong></span> <span class='ocrx_word' id='word_1_577' title='bbox 699 4076 926 4147; x_wconf 82' lang='grc' dir='ltr'>μηδενὸς</span> <span class='ocrx_word' id='word_1_578' title='bbox 956 4075 1108 4140; x_wconf 75' lang='grc' dir='ltr'>ὄντος</span> <span class='ocrx_word' id='word_1_579' title='bbox 1163 4077 1310 4148; x_wconf 81' lang='grc' dir='ltr'><strong>αὑτῷ</strong></span> <span class='ocrx_word' id='word_1_580' title='bbox 1363 4080 1627 4143; x_wconf 72' lang='grc' dir='ltr'>ἐναντίου,</span> <span class='ocrx_word' id='word_1_581' title='bbox 1651 4083 1710 4135; x_wconf 81' lang='grc' dir='ltr'>οὐ</span> 
     </span>
    </p>
   </div>
   <div class='ocr_carea' id='block_1_71' title="bbox 168 4164 1713 4241">
    <p class='ocr_par' dir='ltr' id='par_1_71' title="bbox 168 4164 1713 4241">
     <span class='ocr_line' id='line_1_71' title="bbox 168 4164 1713 4241; baseline 0.005 -22"><span class='ocrx_word' id='word_1_582' title='bbox 168 4164 302 4234; x_wconf 73' lang='grc' dir='ltr'>μόνον</span> <span class='ocrx_word' id='word_1_583' title='bbox 330 4167 418 4221; x_wconf 88' lang='grc' dir='ltr'><strong>τοῦ</strong></span> <span class='ocrx_word' id='word_1_584' title='bbox 456 4167 774 4239; x_wconf 83' lang='grc' dir='ltr'>πνεύματος</span> <span class='ocrx_word' id='word_1_585' title='bbox 830 4168 931 4221; x_wconf 82' lang='grc' dir='ltr'>οὐκ</span> <span class='ocrx_word' id='word_1_586' title='bbox 979 4169 1412 4241; x_wconf 82' lang='grc' dir='ltr'>ἐναντιουμένου,</span> <span class='ocrx_word' id='word_1_587' title='bbox 1451 4170 1566 4224; x_wconf 73' lang='grc' dir='ltr'>ἀλλ’</span> <span class='ocrx_word' id='word_1_588' title='bbox 1592 4173 1713 4226; x_wconf 77' lang='grc' dir='ltr'><strong>οὐδὲ</strong></span> 
     </span>
    </p>
   </div>
   <div class='ocr_carea' id='block_1_72' title="bbox 164 4254 1126 4331">
    <p class='ocr_par' dir='ltr' id='par_1_72' title="bbox 164 4254 1126 4331">
     <span class='ocr_line' id='line_1_72' title="bbox 164 4254 1126 4331; baseline 0.005 -21"><span class='ocrx_word' id='word_1_589' title='bbox 164 4254 249 4327; x_wconf 81' lang='grc' dir='ltr'><strong>τῆς</strong></span> <span class='ocrx_word' id='word_1_590' title='bbox 275 4258 461 4330; x_wconf 76' lang='grc' dir='ltr'>ψυχῆς,</span> <span class='ocrx_word' id='word_1_591' title='bbox 486 4260 567 4314; x_wconf 70' lang='grc' dir='ltr'>ἔτι</span> <span class='ocrx_word' id='word_1_592' title='bbox 589 4260 709 4313; x_wconf 76' lang='grc' dir='ltr'>οὐδὲ</span> <span class='ocrx_word' id='word_1_593' title='bbox 734 4259 828 4313; x_wconf 87' lang='grc' dir='ltr'><strong>τοῦ</strong></span> <span class='ocrx_word' id='word_1_594' title='bbox 857 4258 1126 4331; x_wconf 86' lang='grc' dir='ltr'>σώματος.</span> 
     </span>
    </p>
   </div>
   <div class='ocr_carea' id='block_1_73' title="bbox 224 4348 1715 4427">
    <p class='ocr_par' dir='ltr' id='par_1_73' title="bbox 224 4348 1715 4427">
     <span class='ocr_line' id='line_1_73' title="bbox 224 4348 1715 4427; baseline 0.007 -26"><span class='ocrx_word' id='word_1_595' title='bbox 224 4349 406 4421; x_wconf 84' lang='grc' dir='ltr'>Χαρίεν</span> <span class='ocrx_word' id='word_1_596' title='bbox 444 4352 499 4406; x_wconf 81' lang='grc' dir='ltr'><strong>δὲ</strong></span> <span class='ocrx_word' id='word_1_597' title='bbox 534 4351 634 4405; x_wconf 71' lang='grc' dir='ltr'>καὶ</span> <span class='ocrx_word' id='word_1_598' title='bbox 681 4350 741 4404; x_wconf 77' lang='grc' dir='ltr'>τὸ</span> <span class='ocrx_word' id='word_1_599' title='bbox 778 4352 878 4423; x_wconf 87' lang='grc' dir='ltr'><strong>τῆς</strong></span> <span class='ocrx_word' id='word_1_600' title='bbox 923 4351 1245 4423; x_wconf 83' lang='grc' dir='ltr'>συμφωνίας</span> <span class='ocrx_word' id='word_1_601' title='bbox 1307 4351 1418 4423; x_wconf 86' lang='grc'><strong>(96)</strong></span> <span class='ocrx_word' id='word_1_602' title='bbox 1477 4348 1715 4427; x_wconf 82' lang='grc' dir='ltr'>ἀσκῆσαι</span> 
     </span>
    </p>
   </div>
   <div class='ocr_carea' id='block_1_74' title="bbox 166 4442 1714 4518">
    <p class='ocr_par' dir='ltr' id='par_1_74' title="bbox 166 4442 1714 4518">
     <span class='ocr_line' id='line_1_74' title="bbox 166 4442 1714 4518; baseline 0.003 -21"><span class='ocrx_word' id='word_1_603' title='bbox 166 4442 329 4514; x_wconf 77' lang='grc' dir='ltr'>νοῆσαι</span> <span class='ocrx_word' id='word_1_604' title='bbox 358 4446 449 4500; x_wconf 66' lang='grc' dir='ltr'>καὶ</span> <span class='ocrx_word' id='word_1_605' title='bbox 476 4444 830 4518; x_wconf 83' lang='grc' dir='ltr'>παραστῆσαι</span> <span class='ocrx_word' id='word_1_606' title='bbox 874 4442 984 4497; x_wconf 84' lang='grc' dir='ltr'><strong>τῶν</strong></span> <span class='ocrx_word' id='word_1_607' title='bbox 1034 4443 1128 4498; x_wconf 83' lang='grc' dir='ltr'><strong>δύο</strong></span> <span class='ocrx_word' id='word_1_608' title='bbox 1176 4443 1479 4515; x_wconf 83' lang='grc' dir='ltr'>διαθηκῶν,</span> <span class='ocrx_word' id='word_1_609' title='bbox 1526 4447 1626 4517; x_wconf 87' lang='grc' dir='ltr'><strong>τῆς</strong></span> <span class='ocrx_word' id='word_1_610' title='bbox 1658 4448 1714 4502; x_wconf 81' lang='grc' dir='ltr'><strong>δὲ</strong></span> 
     </span>
    </p>
   </div>
   <div class='ocr_carea' id='block_1_75' title="bbox 1815 3356 3393 3413">
    <p class='ocr_par' dir='ltr' id='par_1_75' title="bbox 1815 3356 3393 3413">
     <span class='ocr_line' id='line_1_75' title="bbox 1815 3356 3393 3413; baseline -0.003 -2"><span class='ocrx_word' id='word_1_611' title='bbox 1815 3368 1975 3411; x_wconf 88' lang='lat' dir='ltr'><strong>ventu</strong></span> <span class='ocrx_word' id='word_1_612' title='bbox 2026 3356 2239 3413; x_wconf 88' lang='lat' dir='ltr'><strong>Domini</strong></span> <span class='ocrx_word' id='word_1_613' title='bbox 2294 3357 2467 3412; x_wconf 88' lang='lat' dir='ltr'><strong>nostri</strong></span> <span class='ocrx_word' id='word_1_614' title='bbox 2519 3356 2647 3413; x_wconf 82' lang='lat' dir='ltr'><strong>Jesu</strong></span> <span class='ocrx_word' id='word_1_615' title='bbox 2704 3356 2908 3411; x_wconf 81' lang='lat' dir='ltr'><strong>Christi</strong></span> <span class='ocrx_word' id='word_1_616' title='bbox 2958 3365 3209 3411; x_wconf 76' lang='lat' dir='ltr'><strong>servetur</strong></span> <span class='ocrx_word' id='word_1_617' title='bbox 3250 3357 3319 3410; x_wconf 82' lang='lat'><strong>&quot;.</strong></span> <span class='ocrx_word' id='word_1_618' title='bbox 3374 3374 3393 3407; x_wconf 73' lang='grc' dir='ltr'><strong>ι</strong></span> 
     </span>
    </p>
   </div>
   <div class='ocr_carea' id='block_1_76' title="bbox 1814 3448 3402 3520">
    <p class='ocr_par' dir='ltr' id='par_1_76' title="bbox 1814 3448 3402 3520">
     <span class='ocr_line' id='line_1_76' title="bbox 1814 3448 3402 3520; baseline 0.001 -18"><span class='ocrx_word' id='word_1_619' title='bbox 1814 3449 2029 3518; x_wconf 66' lang='lat' dir='ltr'><strong>Quaeret</strong></span> <span class='ocrx_word' id='word_1_620' title='bbox 2051 3464 2176 3504; x_wconf 85' lang='lat' dir='ltr'><strong>vero</strong></span> <span class='ocrx_word' id='word_1_621' title='bbox 2198 3448 2395 3519; x_wconf 90' lang='lat' dir='ltr'><strong>aliquis</strong></span> <span class='ocrx_word' id='word_1_622' title='bbox 2424 3466 2493 3504; x_wconf 90' lang='lat' dir='ltr'><strong>an</strong></span> <span class='ocrx_word' id='word_1_623' title='bbox 2514 3449 2629 3504; x_wconf 82' lang='lat' dir='ltr'><strong>fieri</strong></span> <span class='ocrx_word' id='word_1_624' title='bbox 2652 3451 2823 3520; x_wconf 87' lang='lat' dir='ltr'><strong>possit</strong></span> <span class='ocrx_word' id='word_1_625' title='bbox 2848 3459 2905 3505; x_wconf 92' lang='lat' dir='ltr'><strong>ut</strong></span> <span class='ocrx_word' id='word_1_626' title='bbox 2934 3449 3159 3520; x_wconf 91' lang='lat' dir='ltr'><strong>spiritus</strong></span> <span class='ocrx_word' id='word_1_627' title='bbox 3188 3457 3243 3504; x_wconf 90' lang='lat' dir='ltr'><strong>et</strong></span> <span class='ocrx_word' id='word_1_628' title='bbox 3277 3463 3402 3504; x_wconf 86' lang='lat' dir='ltr'><strong>cor-</strong></span> 
     </span>
    </p>
   </div>
   <div class='ocr_carea' id='block_1_77' title="bbox 1816 3542 3400 3613">
    <p class='ocr_par' dir='ltr' id='par_1_77' title="bbox 1816 3542 3400 3613">
     <span class='ocr_line' id='line_1_77' title="bbox 1816 3542 3400 3613; baseline -0.001 -15"><span class='ocrx_word' id='word_1_629' title='bbox 1816 3558 1916 3613; x_wconf 90' lang='lat' dir='ltr'><strong>pus</strong></span> <span class='ocrx_word' id='word_1_630' title='bbox 1948 3542 2110 3598; x_wconf 90' lang='lat' dir='ltr'><strong>simul</strong></span> <span class='ocrx_word' id='word_1_631' title='bbox 2155 3556 2218 3597; x_wconf 84' lang='lat' dir='ltr'><strong>ea</strong></span> <span class='ocrx_word' id='word_1_632' title='bbox 2259 3557 2367 3612; x_wconf 92' lang='lat' dir='ltr'><strong>qua</strong></span> <span class='ocrx_word' id='word_1_633' title='bbox 2400 3543 2640 3597; x_wconf 79' lang='lat' dir='ltr'><strong>diximus</strong></span> <span class='ocrx_word' id='word_1_634' title='bbox 2669 3542 2877 3598; x_wconf 89' lang='lat' dir='ltr'><strong>ratione</strong></span> <span class='ocrx_word' id='word_1_635' title='bbox 2906 3542 3400 3607; x_wconf 85' lang='lat' dir='ltr'><strong>conscntiant,no</strong></span> 
     </span>
    </p>
   </div>
   <div class='ocr_carea' id='block_1_78' title="bbox 1811 3631 3400 3704">
    <p class='ocr_par' dir='ltr' id='par_1_78' title="bbox 1811 3631 3400 3704">
     <span class='ocr_line' id='line_1_78' title="bbox 1811 3631 3400 3704; baseline -0.004 -12"><span class='ocrx_word' id='word_1_636' title='bbox 1811 3637 1973 3693; x_wconf 91' lang='lat' dir='ltr'><strong>etiam</strong></span> <span class='ocrx_word' id='word_1_637' title='bbox 1998 3635 2237 3700; x_wconf 84' lang='lat' dir='ltr'><strong>tertium,</strong></span> <span class='ocrx_word' id='word_1_638' title='bbox 2274 3634 2514 3689; x_wconf 90' lang='lat' dir='ltr'><strong>animam</strong></span> <span class='ocrx_word' id='word_1_639' title='bbox 2551 3635 2710 3700; x_wconf 91' lang='lat' dir='ltr'><strong>dico;</strong></span> <span class='ocrx_word' id='word_1_640' title='bbox 2747 3650 2815 3689; x_wconf 88' lang='lat' dir='ltr'><strong>an</strong></span> <span class='ocrx_word' id='word_1_641' title='bbox 2854 3642 3146 3704; x_wconf 85' lang='lat' dir='ltr'><strong>postquam</strong></span> <span class='ocrx_word' id='word_1_642' title='bbox 3189 3633 3298 3688; x_wconf 91' lang='lat' dir='ltr'><strong>duo</strong></span> <span class='ocrx_word' id='word_1_643' title='bbox 3345 3631 3400 3686; x_wconf 91' lang='lat' dir='ltr'><strong>in</strong></span> 
     </span>
    </p>
   </div>
   <div class='ocr_carea' id='block_1_79' title="bbox 1812 3724 3400 3797">
    <p class='ocr_par' dir='ltr' id='par_1_79' title="bbox 1812 3724 3400 3797">
     <span class='ocr_line' id='line_1_79' title="bbox 1812 3724 3400 3797; baseline -0.003 -16"><span class='ocrx_word' id='word_1_644' title='bbox 1812 3727 2035 3781; x_wconf 76' lang='lat' dir='ltr'><strong>nomine</strong></span> <span class='ocrx_word' id='word_1_645' title='bbox 2063 3724 2190 3780; x_wconf 82' lang='lat' dir='ltr'><strong>Jesu</strong></span> <span class='ocrx_word' id='word_1_646' title='bbox 2215 3725 2527 3797; x_wconf 80' lang='lat' dir='ltr'><strong>congregati</strong></span> <span class='ocrx_word' id='word_1_647' title='bbox 2561 3735 2709 3793; x_wconf 90' lang='lat' dir='ltr'><strong>sunt,</strong></span> <span class='ocrx_word' id='word_1_648' title='bbox 2743 3725 2960 3781; x_wconf 84' lang='lat' dir='ltr'><strong>illorum</strong></span> <span class='ocrx_word' id='word_1_649' title='bbox 3000 3738 3168 3793; x_wconf 89' lang='lat' dir='ltr'><strong>super</strong></span> <span class='ocrx_word' id='word_1_650' title='bbox 3196 3732 3400 3779; x_wconf 90' lang='lat' dir='ltr'><strong>terram</strong></span> 
     </span>
    </p>
   </div>
   <div class='ocr_carea' id='block_1_80' title="bbox 1815 3816 3402 3887">
    <p class='ocr_par' dir='ltr' id='par_1_80' title="bbox 1815 3816 3402 3887">
     <span class='ocr_line' id='line_1_80' title="bbox 1815 3816 3402 3887; baseline -0.003 -13"><span class='ocrx_word' id='word_1_651' title='bbox 1815 3818 2108 3874; x_wconf 89' lang='lat' dir='ltr'><strong>consensui</strong></span> <span class='ocrx_word' id='word_1_652' title='bbox 2139 3831 2483 3887; x_wconf 85' lang='lat' dir='ltr'><strong>consequens</strong></span> <span class='ocrx_word' id='word_1_653' title='bbox 2517 3834 2627 3873; x_wconf 94' lang='lat' dir='ltr'><strong>non</strong></span> <span class='ocrx_word' id='word_1_654' title='bbox 2660 3818 2729 3875; x_wconf 88' lang='lat' dir='ltr'><strong>sit</strong></span> <span class='ocrx_word' id='word_1_655' title='bbox 2758 3827 2869 3873; x_wconf 90' lang='lat' dir='ltr'><strong>tres</strong></span> <span class='ocrx_word' id='word_1_656' title='bbox 2899 3818 3061 3872; x_wconf 89' lang='lat' dir='ltr'><strong>etiam</strong></span> <span class='ocrx_word' id='word_1_657' title='bbox 3095 3818 3150 3871; x_wconf 92' lang='lat' dir='ltr'><strong>in</strong></span> <span class='ocrx_word' id='word_1_658' title='bbox 3181 3816 3402 3872; x_wconf 90' lang='lat' dir='ltr'><strong>nomine</strong></span> 
     </span>
    </p>
   </div>
   <div class='ocr_carea' id='block_1_81' title="bbox 1814 3906 3402 3980">
    <p class='ocr_par' dir='ltr' id='par_1_81' title="bbox 1814 3906 3402 3980">
     <span class='ocr_line' id='line_1_81' title="bbox 1814 3906 3402 3980; baseline -0.003 -16"><span class='ocrx_word' id='word_1_659' title='bbox 1814 3911 1962 3965; x_wconf 90' lang='lat' dir='ltr'><strong>illius</strong></span> <span class='ocrx_word' id='word_1_660' title='bbox 1991 3909 2330 3980; x_wconf 75' lang='lat' dir='ltr'><strong>congregari,</strong></span> <span class='ocrx_word' id='word_1_661' title='bbox 2363 3924 2598 3979; x_wconf 90' lang='lat' dir='ltr'><strong>quorum</strong></span> <span class='ocrx_word' id='word_1_662' title='bbox 2645 3910 2700 3965; x_wconf 91' lang='lat' dir='ltr'><strong>in</strong></span> <span class='ocrx_word' id='word_1_663' title='bbox 2751 3909 2989 3964; x_wconf 89' lang='lat' dir='ltr'><strong>medium</strong></span> <span class='ocrx_word' id='word_1_664' title='bbox 3033 3907 3183 3962; x_wconf 83' lang='lat' dir='ltr'><strong>venit</strong></span> <span class='ocrx_word' id='word_1_665' title='bbox 3227 3906 3402 3960; x_wconf 84' lang='lat' dir='ltr'><strong>Filius</strong></span> 
     </span>
    </p>
   </div>
   <div class='ocr_carea' id='block_1_82' title="bbox 1811 3996 3400 4072">
    <p class='ocr_par' dir='ltr' id='par_1_82' title="bbox 1811 3996 3400 4072">
     <span class='ocr_line' id='line_1_82' title="bbox 1811 3996 3400 4072; baseline -0.002 -19"><span class='ocrx_word' id='word_1_666' title='bbox 1811 4000 1979 4072; x_wconf 76' lang='lat'><strong>619</strong></span> <span class='ocrx_word' id='word_1_667' title='bbox 2018 3998 2133 4065; x_wconf 89' lang='lat' dir='ltr'><strong>Dei,</strong></span> <span class='ocrx_word' id='word_1_668' title='bbox 2160 4014 2284 4053; x_wconf 87' lang='lat' dir='ltr'><strong>cum</strong></span> <span class='ocrx_word' id='word_1_669' title='bbox 2314 3999 2500 4053; x_wconf 89' lang='lat' dir='ltr'><strong>omnia</strong></span> <span class='ocrx_word' id='word_1_670' title='bbox 2536 3999 2611 4054; x_wconf 91' lang='lat' dir='ltr'><strong>illi</strong></span> <span class='ocrx_word' id='word_1_671' title='bbox 2642 4008 2963 4054; x_wconf 87' lang='lat' dir='ltr'><strong>consecrata</strong></span> <span class='ocrx_word' id='word_1_672' title='bbox 2994 3998 3125 4064; x_wconf 90' lang='lat' dir='ltr'><strong>sint,</strong></span> <span class='ocrx_word' id='word_1_673' title='bbox 3156 3996 3259 4051; x_wconf 91' lang='lat' dir='ltr'><strong>tria</strong></span> <span class='ocrx_word' id='word_1_674' title='bbox 3287 3997 3400 4051; x_wconf 65' lang='lat' dir='ltr'><strong>haec</strong></span> 
     </span>
    </p>
   </div>
   <div class='ocr_carea' id='block_1_83' title="bbox 1814 4090 3398 4161">
    <p class='ocr_par' dir='ltr' id='par_1_83' title="bbox 1814 4090 3398 4161">
     <span class='ocr_line' id='line_1_83' title="bbox 1814 4090 3398 4161; baseline -0.001 -14"><span class='ocrx_word' id='word_1_675' title='bbox 1814 4093 1959 4156; x_wconf 88' lang='lat' dir='ltr'><strong>dico,</strong></span> <span class='ocrx_word' id='word_1_676' title='bbox 1976 4106 2075 4146; x_wconf 90' lang='lat' dir='ltr'><strong>nec</strong></span> <span class='ocrx_word' id='word_1_677' title='bbox 2091 4090 2415 4146; x_wconf 84' lang='lat' dir='ltr'><strong>adversante</strong></span> <span class='ocrx_word' id='word_1_678' title='bbox 2438 4090 2513 4144; x_wconf 86' lang='lat' dir='ltr'><strong>illi</strong></span> <span class='ocrx_word' id='word_1_679' title='bbox 2530 4106 2830 4161; x_wconf 90' lang='lat' dir='ltr'><strong>quoquam,</strong></span> <span class='ocrx_word' id='word_1_680' title='bbox 2854 4106 2962 4145; x_wconf 93' lang='lat' dir='ltr'><strong>non</strong></span> <span class='ocrx_word' id='word_1_681' title='bbox 2988 4091 3164 4146; x_wconf 92' lang='lat' dir='ltr'><strong>solum</strong></span> <span class='ocrx_word' id='word_1_682' title='bbox 3182 4091 3398 4161; x_wconf 88' lang='lat' dir='ltr'><strong>spiritu,</strong></span> 
     </span>
    </p>
   </div>
   <div class='ocr_carea' id='block_1_84' title="bbox 1816 4179 3107 4251">
    <p class='ocr_par' dir='ltr' id='par_1_84' title="bbox 1816 4179 3107 4251">
     <span class='ocr_line' id='line_1_84' title="bbox 1816 4179 3107 4251; baseline -0.005 -11"><span class='ocrx_word' id='word_1_683' title='bbox 1816 4182 1909 4239; x_wconf 84' lang='lat' dir='ltr'><strong>sed</strong></span> <span class='ocrx_word' id='word_1_684' title='bbox 1943 4195 2042 4236; x_wconf 91' lang='lat' dir='ltr'><strong>nec</strong></span> <span class='ocrx_word' id='word_1_685' title='bbox 2071 4181 2275 4247; x_wconf 91' lang='lat' dir='ltr'><strong>anima,</strong></span> <span class='ocrx_word' id='word_1_686' title='bbox 2311 4179 2538 4251; x_wconf 92' lang='lat' dir='ltr'><strong>insuper</strong></span> <span class='ocrx_word' id='word_1_687' title='bbox 2561 4195 2694 4236; x_wconf 75' lang='lat' dir='ltr'><strong>vero</strong></span> <span class='ocrx_word' id='word_1_688' title='bbox 2723 4195 2825 4236; x_wconf 88' lang='lat' dir='ltr'><strong>nec</strong></span> <span class='ocrx_word' id='word_1_689' title='bbox 2857 4195 3107 4250; x_wconf 88' lang='lat' dir='ltr'><strong>corpore.</strong></span> 
     </span>
    </p>
   </div>
   <div class='ocr_carea' id='block_1_85' title="bbox 1892 4324 3400 4422">
    <p class='ocr_par' dir='ltr' id='par_1_85' title="bbox 1892 4324 3400 4422">
     <span class='ocr_line' id='line_1_85' title="bbox 1892 4324 3400 4422; baseline -0.003 -10"><span class='ocrx_word' id='word_1_690' title='bbox 1892 4359 1945 4413; x_wconf 75' lang='grc'><strong>4.</strong></span> <span class='ocrx_word' id='word_1_691' title='bbox 1976 4356 2087 4412; x_wconf 81' lang='lat' dir='ltr'><strong>Nec</strong></span> <span class='ocrx_word' id='word_1_692' title='bbox 2136 4370 2268 4411; x_wconf 87' lang='lat' dir='ltr'><strong>vero</strong></span> <span class='ocrx_word' id='word_1_693' title='bbox 2312 4324 2584 4410; x_wconf 84' lang='lat' dir='ltr'><strong>absonum</strong></span> <span class='ocrx_word' id='word_1_694' title='bbox 2632 4351 2796 4408; x_wconf 84' lang='lat' dir='ltr'><strong>fuerit</strong></span> <span class='ocrx_word' id='word_1_695' title='bbox 2843 4359 2898 4408; x_wconf 93' lang='lat' dir='ltr'><strong>et</strong></span> <span class='ocrx_word' id='word_1_696' title='bbox 2946 4351 3323 4422; x_wconf 89' lang='lat' dir='ltr'><strong>injucundum,</strong></span> <span class='ocrx_word' id='word_1_697' title='bbox 3354 4353 3400 4407; x_wconf 88' lang='lat' dir='ltr'><strong>si</strong></span> 
     </span>
    </p>
   </div>
   <div class='ocr_carea' id='block_1_86' title="bbox 1822 4443 3400 4517">
    <p class='ocr_par' dir='ltr' id='par_1_86' title="bbox 1822 4443 3400 4517">
     <span class='ocr_line' id='line_1_86' title="bbox 1822 4443 3400 4517; baseline -0.003 -14"><span class='ocrx_word' id='word_1_698' title='bbox 1822 4450 2113 4517; x_wconf 89' lang='lat' dir='ltr'><strong>utriusque</strong></span> <span class='ocrx_word' id='word_1_699' title='bbox 2172 4443 2506 4514; x_wconf 88' lang='lat' dir='ltr'><strong>testamenti,</strong></span> <span class='ocrx_word' id='word_1_700' title='bbox 2563 4455 2680 4501; x_wconf 92' lang='lat' dir='ltr'><strong>tum</strong></span> <span class='ocrx_word' id='word_1_701' title='bbox 2731 4445 2879 4501; x_wconf 91' lang='lat' dir='ltr'><strong>illius</strong></span> <span class='ocrx_word' id='word_1_702' title='bbox 2921 4446 3016 4517; x_wconf 88' lang='lat' dir='ltr'><strong>qui</strong></span> <span class='ocrx_word' id='word_1_703' title='bbox 3075 4460 3400 4515; x_wconf 90' lang='lat' dir='ltr'><strong>corporeum</strong></span> 
     </span>
    </p>
   </div>
   <div class='ocr_carea' id='block_1_87' title="bbox 1348 4534 2202 4597">
    <p class='ocr_par' dir='ltr' id='par_1_87' title="bbox 1348 4534 2202 4597">
     <span class='ocr_line' id='line_1_87' title="bbox 1348 4534 2202 4597; baseline 0 -3"><span class='ocrx_word' id='word_1_704' title='bbox 1348 4534 1580 4594; x_wconf 81' lang='lat' dir='ltr'><strong>VETUS</strong></span> <span class='ocrx_word' id='word_1_705' title='bbox 1620 4539 2202 4597; x_wconf 78' lang='lat' dir='ltr'><strong>INTERPRETATIO.</strong></span> 
     </span>
    </p>
   </div>
   <div class='ocr_carea' id='block_1_88' title="bbox 167 4614 3413 4710">
    <p class='ocr_par' dir='ltr' id='par_1_88' title="bbox 167 4614 3413 4710">
     <span class='ocr_line' id='line_1_88' title="bbox 167 4614 3413 4710; baseline 0.001 -28"><span class='ocrx_word' id='word_1_706' title='bbox 167 4627 447 4710; x_wconf 70' lang='lat' dir='ltr'><strong>coniugium</strong></span> <span class='ocrx_word' id='word_1_707' title='bbox 483 4632 718 4694; x_wconf 84' lang='lat' dir='ltr'><strong>solvere,</strong></span> <span class='ocrx_word' id='word_1_708' title='bbox 749 4614 1130 4710; x_wconf 57' lang='lat' dir='ltr'><strong>sedvirtutem</strong></span> <span class='ocrx_word' id='word_1_709' title='bbox 1163 4631 1514 4710; x_wconf 72' lang='lat' dir='ltr'><strong>continentia:</strong></span> <span class='ocrx_word' id='word_1_710' title='bbox 1543 4646 1817 4710; x_wconf 74' lang='lat' dir='ltr'><strong>exercere.</strong></span> <span class='ocrx_word' id='word_1_711' title='bbox 1852 4632 1911 4687; x_wconf 89' lang='lat' dir='ltr'><strong>Si</strong></span> <span class='ocrx_word' id='word_1_712' title='bbox 1953 4640 2133 4686; x_wconf 92' lang='lat' dir='ltr'><strong>autem</strong></span> <span class='ocrx_word' id='word_1_713' title='bbox 2188 4630 2327 4710; x_wconf 74' lang='lat' dir='ltr'><strong>alter</strong></span> <span class='ocrx_word' id='word_1_714' title='bbox 2374 4630 2629 4710; x_wconf 3' lang='lat' dir='ltr'><strong>voluerit,</strong></span> <span class='ocrx_word' id='word_1_715' title='bbox 2658 4637 2808 4710; x_wconf 74' lang='lat' dir='ltr'><strong>caste</strong></span> <span class='ocrx_word' id='word_1_716' title='bbox 2850 4644 3037 4710; x_wconf 76' lang='lat' dir='ltr'><strong>agere,</strong></span> <span class='ocrx_word' id='word_1_717' title='bbox 3087 4630 3226 4686; x_wconf 90' lang='lat' dir='ltr'><strong>alter</strong></span> <span class='ocrx_word' id='word_1_718' title='bbox 3272 4642 3413 4710; x_wconf 67' lang='lat' dir='ltr'><strong>vero</strong></span> 
     </span>
    </p>
   </div>
   <div class='ocr_carea' id='block_1_89' title="bbox 169 4697 3406 4776">
    <p class='ocr_par' dir='ltr' id='par_1_89' title="bbox 169 4697 3406 4776">
     <span class='ocr_line' id='line_1_89' title="bbox 169 4697 3406 4776; baseline 0.002 -26"><span class='ocrx_word' id='word_1_719' title='bbox 169 4697 374 4776; x_wconf 70' lang='lat' dir='ltr'><strong>nolueiit</strong></span> <span class='ocrx_word' id='word_1_720' title='bbox 400 4713 492 4776; x_wconf 81' lang='lat' dir='ltr'><strong>aut</strong></span> <span class='ocrx_word' id='word_1_721' title='bbox 524 4718 633 4776; x_wconf 73' lang='lat' dir='ltr'><strong>non</strong></span> <span class='ocrx_word' id='word_1_722' title='bbox 665 4701 921 4776; x_wconf 76' lang='lat' dir='ltr'><strong>potuerit,</strong></span> <span class='ocrx_word' id='word_1_723' title='bbox 978 4713 1031 4756; x_wconf 88' lang='lat' dir='ltr'><strong>et</strong></span> <span class='ocrx_word' id='word_1_724' title='bbox 1060 4709 1346 4776; x_wconf 77' lang='lat' dir='ltr'><strong>propterea</strong></span> <span class='ocrx_word' id='word_1_725' title='bbox 1379 4700 1468 4754; x_wconf 87' lang='lat' dir='ltr'><strong>ille</strong></span> <span class='ocrx_word' id='word_1_726' title='bbox 1496 4701 1686 4757; x_wconf 79' lang='lat' dir='ltr'><strong>volens</strong></span> <span class='ocrx_word' id='word_1_727' title='bbox 1717 4712 1771 4758; x_wconf 90' lang='lat' dir='ltr'><strong>et</strong></span> <span class='ocrx_word' id='word_1_728' title='bbox 1816 4713 2012 4776; x_wconf 83' lang='lat' dir='ltr'><strong>potens</strong></span> <span class='ocrx_word' id='word_1_729' title='bbox 2046 4716 2157 4776; x_wconf 84' lang='lat' dir='ltr'><strong>non</strong></span> <span class='ocrx_word' id='word_1_730' title='bbox 2174 4701 2639 4776; x_wconf 28' lang='lat' dir='ltr'><strong>hcondcscenderit</strong></span> <span class='ocrx_word' id='word_1_731' title='bbox 2677 4697 2974 4757; x_wconf 61' lang='lat' dir='ltr'><strong>nolenti&#39;et</strong></span> <span class='ocrx_word' id='word_1_732' title='bbox 3016 4716 3125 4757; x_wconf 92' lang='lat' dir='ltr'><strong>non</strong></span> <span class='ocrx_word' id='word_1_733' title='bbox 3173 4703 3406 4776; x_wconf 82' lang='lat' dir='ltr'><strong>potenti,</strong></span> 
     </span>
    </p>
   </div>
   <div class='ocr_carea' id='block_1_90' title="bbox 169 4770 2441 4844">
    <p class='ocr_par' dir='ltr' id='par_1_90' title="bbox 169 4770 2441 4844">
     <span class='ocr_line' id='line_1_90' title="bbox 169 4770 2441 4844; baseline 0.001 -23"><span class='ocrx_word' id='word_1_734' title='bbox 169 4780 262 4844; x_wconf 69' lang='lat' dir='ltr'><strong>non</strong></span> <span class='ocrx_word' id='word_1_735' title='bbox 285 4772 461 4844; x_wconf 64' lang='lat' dir='ltr'><strong>eritiu</strong></span> <span class='ocrx_word' id='word_1_736' title='bbox 492 4774 574 4829; x_wconf 90' lang='lat' dir='ltr'><strong>eis</strong></span> <span class='ocrx_word' id='word_1_737' title='bbox 606 4770 750 4842; x_wconf 82' lang='lat' dir='ltr'><strong>quod</strong></span> <span class='ocrx_word' id='word_1_738' title='bbox 784 4773 1004 4844; x_wconf 75' lang='lat' dir='ltr'><strong>dicitur,</strong></span> <span class='ocrx_word' id='word_1_739' title='bbox 1042 4790 1059 4822; x_wconf 83' lang='grc' dir='ltr'><strong>ι</strong></span> <span class='ocrx_word' id='word_1_740' title='bbox 1093 4772 1159 4826; x_wconf 88' lang='lat' dir='ltr'><strong>de</strong></span> <span class='ocrx_word' id='word_1_741' title='bbox 1180 4771 1344 4844; x_wconf 80' lang='lat' dir='ltr'><strong>_omni</strong></span> <span class='ocrx_word' id='word_1_742' title='bbox 1368 4787 1434 4844; x_wconf 71' lang='lat' dir='ltr'><strong>re</strong></span> <span class='ocrx_word' id='word_1_743' title='bbox 1462 4770 1849 4844; x_wconf 81' lang='lat' dir='ltr'><strong>quamcunque</strong></span> <span class='ocrx_word' id='word_1_744' title='bbox 1880 4772 2139 4844; x_wconf 83' lang='lat' dir='ltr'><strong>petierint</strong></span> <span class='ocrx_word' id='word_1_745' title='bbox 2167 4770 2257 4826; x_wconf 81' lang='lat' dir='ltr'><strong>[iet</strong></span> <span class='ocrx_word' id='word_1_746' title='bbox 2282 4770 2384 4826; x_wconf 89' lang='lat' dir='ltr'><strong>eis.</strong></span> <span class='ocrx_word' id='word_1_747' title='bbox 2422 4790 2441 4823; x_wconf 72' lang='grc' dir='ltr'><strong>ι</strong></span> 
     </span>
    </p>
   </div>
   <div class='ocr_carea' id='block_1_91' title="bbox 201 4837 3406 4924">
    <p class='ocr_par' dir='ltr' id='par_1_91' title="bbox 201 4837 3406 4924">
     <span class='ocr_line' id='line_1_91' title="bbox 201 4837 3406 4924; baseline 0.001 -33"><span class='ocrx_word' id='word_1_748' title='bbox 201 4837 434 4924; x_wconf 41' lang='lat' dir='ltr'><strong>.5..Scio</strong></span> <span class='ocrx_word' id='word_1_749' title='bbox 455 4853 515 4924; x_wconf 71' lang='lat' dir='ltr'><strong>et</strong></span> <span class='ocrx_word' id='word_1_750' title='bbox 539 4837 705 4924; x_wconf 70' lang='lat' dir='ltr'><strong>aliain</strong></span> <span class='ocrx_word' id='word_1_751' title='bbox 729 4840 1239 4924; x_wconf 47' lang='lat' dir='ltr'><strong>expositioneni..ln</strong></span> <span class='ocrx_word' id='word_1_752' title='bbox 1275 4841 1433 4924; x_wconf 85' lang='lat' dir='ltr'><strong>malis</strong></span> <span class='ocrx_word' id='word_1_753' title='bbox 1460 4837 1605 4923; x_wconf 84' lang='lat' dir='ltr'><strong>enim</strong></span> <span class='ocrx_word' id='word_1_754' title='bbox 1639 4837 1957 4924; x_wconf 63' lang='lat' dir='ltr'><strong>hominibus</strong></span> <span class='ocrx_word' id='word_1_755' title='bbox 1992 4837 2290 4924; x_wconf 46' lang='lat' dir='ltr'><strong>peccatum.</strong></span> <span class='ocrx_word' id='word_1_756' title='bbox 2325 4841 2506 4897; x_wconf 92' lang='lat' dir='ltr'><strong>carnis</strong></span> <span class='ocrx_word' id='word_1_757' title='bbox 2550 4841 2749 4924; x_wconf 78' lang='lat' dir='ltr'><strong>animae</strong></span> <span class='ocrx_word' id='word_1_758' title='bbox 2800 4839 3120 4924; x_wconf 82' lang='lat' dir='ltr'><strong>dominatur</strong></span> <span class='ocrx_word' id='word_1_759' title='bbox 3162 4840 3229 4894; x_wconf 87' lang='lat' dir='ltr'><strong>ad</strong></span> <span class='ocrx_word' id='word_1_760' title='bbox 3274 4839 3406 4924; x_wconf 52' lang='lat' dir='ltr'><strong>ohe:</strong></span> 
     </span>
    </p>
   </div>
   <div class='ocr_carea' id='block_1_92' title="bbox 168 4902 3403 4984">
    <p class='ocr_par' dir='ltr' id='par_1_92' title="bbox 168 4902 3403 4984">
     <span class='ocr_line' id='line_1_92' title="bbox 168 4902 3403 4984; baseline 0.001 -26"><span class='ocrx_word' id='word_1_761' title='bbox 168 4902 393 4966; x_wconf 88' lang='lat' dir='ltr'><strong>diendum</strong></span> <span class='ocrx_word' id='word_1_762' title='bbox 421 4914 470 4968; x_wconf 91' lang='lat' dir='ltr'><strong>ei</strong></span> <span class='ocrx_word' id='word_1_763' title='bbox 503 4914 556 4968; x_wconf 93' lang='lat' dir='ltr'><strong>in</strong></span> <span class='ocrx_word' id='word_1_764' title='bbox 591 4902 875 4984; x_wconf 80' lang='lat' dir='ltr'><strong>desideriis</strong></span> <span class='ocrx_word' id='word_1_765' title='bbox 903 4913 1043 4982; x_wconf 87' lang='lat' dir='ltr'><strong>ejus.</strong></span> <span class='ocrx_word' id='word_1_766' title='bbox 1074 4913 1132 4965; x_wconf 88' lang='lat' dir='ltr'><strong>In</strong></span> <span class='ocrx_word' id='word_1_767' title='bbox 1169 4912 1465 4984; x_wconf 23' lang='lat' dir='ltr'><strong>liis‘autem</strong></span> <span class='ocrx_word' id='word_1_768' title='bbox 1493 4912 1587 4984; x_wconf 83' lang='lat' dir='ltr'><strong>qui</strong></span> <span class='ocrx_word' id='word_1_769' title='bbox 1617 4916 1947 4984; x_wconf 83' lang='lat' dir='ltr'><strong>expulerunt</strong></span> <span class='ocrx_word' id='word_1_770' title='bbox 1974 4902 2133 4983; x_wconf 75' lang='lat' dir='ltr'><strong>quasi</strong></span> <span class='ocrx_word' id='word_1_771' title='bbox 2159 4913 2226 4967; x_wconf 88' lang='lat' dir='ltr'><strong>de</strong></span> <span class='ocrx_word' id='word_1_772' title='bbox 2254 4912 2453 4984; x_wconf 86' lang='lat' dir='ltr'><strong>throno</strong></span> <span class='ocrx_word' id='word_1_773' title='bbox 2483 4913 2733 4984; x_wconf 87' lang='lat' dir='ltr'><strong>corporis</strong></span> <span class='ocrx_word' id='word_1_774' title='bbox 2779 4913 2865 4967; x_wconf 91' lang='lat' dir='ltr'><strong>sui</strong></span> <span class='ocrx_word' id='word_1_775' title='bbox 2917 4920 3222 4984; x_wconf 83' lang='lat' dir='ltr'><strong>peccatum,</strong></span> <span class='ocrx_word' id='word_1_776' title='bbox 3246 4910 3403 4984; x_wconf 77' lang='lat' dir='ltr'><strong>quod</strong></span> 
     </span>
    </p>
   </div>
   <div class='ocr_carea' id='block_1_93' title="bbox 169 4981 3403 5055">
    <p class='ocr_par' dir='ltr' id='par_1_93' title="bbox 169 4981 3403 5055">
     <span class='ocr_line' id='line_1_93' title="bbox 169 4981 3403 5055; baseline 0.001 -26"><span class='ocrx_word' id='word_1_777' title='bbox 169 4990 458 5055; x_wconf 71' lang='lat' dir='ltr'><strong>regnaverat</strong></span> <span class='ocrx_word' id='word_1_778' title='bbox 486 4984 639 5053; x_wconf 89' lang='lat' dir='ltr'><strong>prius</strong></span> <span class='ocrx_word' id='word_1_779' title='bbox 670 4984 722 5038; x_wconf 91' lang='lat' dir='ltr'><strong>in</strong></span> <span class='ocrx_word' id='word_1_780' title='bbox 752 4983 856 5046; x_wconf 87' lang='lat' dir='ltr'><strong>eis,</strong></span> <span class='ocrx_word' id='word_1_781' title='bbox 888 4981 945 5038; x_wconf 78' lang='lat' dir='ltr'><strong>et</strong></span> <span class='ocrx_word' id='word_1_782' title='bbox 969 4991 1180 5055; x_wconf 74' lang='lat' dir='ltr'><strong>certant</strong></span> <span class='ocrx_word' id='word_1_783' title='bbox 1212 4982 1472 5037; x_wconf 85' lang='lat' dir='ltr'><strong>adversus</strong></span> <span class='ocrx_word' id='word_1_784' title='bbox 1502 4981 1703 5055; x_wconf 67' lang='lat' dir='ltr'><strong>ipsum,</strong></span> <span class='ocrx_word' id='word_1_785' title='bbox 1735 5004 1753 5036; x_wconf 75' lang='grc' dir='ltr'><strong>ι</strong></span> <span class='ocrx_word' id='word_1_786' title='bbox 1786 4984 1930 5040; x_wconf 84' lang='lat' dir='ltr'><strong>Caro</strong></span> <span class='ocrx_word' id='word_1_787' title='bbox 1953 4981 2172 5055; x_wconf 82' lang='lat' dir='ltr'><strong>quidem</strong></span> <span class='ocrx_word' id='word_1_788' title='bbox 2208 4983 2548 5051; x_wconf 89' lang='lat' dir='ltr'><strong>concupiscit</strong></span> <span class='ocrx_word' id='word_1_789' title='bbox 2575 4981 2840 5055; x_wconf 84' lang='lat' dir='ltr'><strong>adversus</strong></span> <span class='ocrx_word' id='word_1_790' title='bbox 2869 4981 3147 5055; x_wconf 76' lang='lat' dir='ltr'><strong>spiritum,</strong></span> <span class='ocrx_word' id='word_1_791' title='bbox 3175 4981 3403 5048; x_wconf 86' lang='lat' dir='ltr'><strong>spiritus</strong></span> 
     </span>
    </p>
   </div>
   <div class='ocr_carea' id='block_1_94' title="bbox 169 5052 3407 5123">
    <p class='ocr_par' dir='ltr' id='par_1_94' title="bbox 169 5052 3407 5123">
     <span class='ocr_line' id='line_1_94' title="bbox 169 5052 3407 5123; baseline -0.001 -19"><span class='ocrx_word' id='word_1_792' title='bbox 169 5052 615 5123; x_wconf 29' lang='lat' dir='ltr'><strong>autemsadversus</strong></span> <span class='ocrx_word' id='word_1_793' title='bbox 647 5069 891 5109; x_wconf 86' lang='lat' dir='ltr'><strong>carnem.</strong></span> <span class='ocrx_word' id='word_1_794' title='bbox 928 5073 947 5106; x_wconf 73' lang='grc' dir='ltr'><strong>ι</strong></span> <span class='ocrx_word' id='word_1_795' title='bbox 983 5053 1040 5106; x_wconf 89' lang='lat' dir='ltr'><strong>lu</strong></span> <span class='ocrx_word' id='word_1_796' title='bbox 1069 5053 1202 5107; x_wconf 91' lang='lat' dir='ltr'><strong>viris</strong></span> <span class='ocrx_word' id='word_1_797' title='bbox 1235 5061 1415 5123; x_wconf 88' lang='lat' dir='ltr'><strong>autem</strong></span> <span class='ocrx_word' id='word_1_798' title='bbox 1452 5052 1707 5122; x_wconf 79' lang='lat' dir='ltr'><strong>perfectis</strong></span> <span class='ocrx_word' id='word_1_799' title='bbox 1735 5052 1985 5110; x_wconf 73' lang='lat' dir='ltr'><strong>obtinuit</strong></span> <span class='ocrx_word' id='word_1_800' title='bbox 2005 5053 2255 5123; x_wconf 90' lang='lat' dir='ltr'><strong>spiritus,</strong></span> <span class='ocrx_word' id='word_1_801' title='bbox 2283 5059 2337 5106; x_wconf 91' lang='lat' dir='ltr'><strong>et</strong></span> <span class='ocrx_word' id='word_1_802' title='bbox 2365 5067 2530 5122; x_wconf 85' lang='lat' dir='ltr'><strong>opera</strong></span> <span class='ocrx_word' id='word_1_803' title='bbox 2558 5053 2741 5107; x_wconf 89' lang='lat' dir='ltr'><strong>carnis</strong></span> <span class='ocrx_word' id='word_1_804' title='bbox 2770 5052 3139 5123; x_wconf 75' lang='lat' dir='ltr'><strong>mortificavit,</strong></span> <span class='ocrx_word' id='word_1_805' title='bbox 3172 5059 3232 5123; x_wconf 79' lang='lat' dir='ltr'><strong>et</strong></span> <span class='ocrx_word' id='word_1_806' title='bbox 3253 5064 3407 5123; x_wconf 85' lang='lat' dir='ltr'><strong>com-</strong></span> 
     </span>
    </p>
   </div>
   <div class='ocr_carea' id='block_1_95' title="bbox 170 5119 3405 5196">
    <p class='ocr_par' dir='ltr' id='par_1_95' title="bbox 170 5119 3405 5196">
     <span class='ocr_line' id='line_1_95' title="bbox 170 5119 3405 5196; baseline 0 -24"><span class='ocrx_word' id='word_1_807' title='bbox 170 5121 415 5196; x_wconf 74' lang='lat' dir='ltr'><strong>mendavit</strong></span> <span class='ocrx_word' id='word_1_808' title='bbox 443 5128 608 5179; x_wconf 85' lang='lat' dir='ltr'><strong>vitam</strong></span> <span class='ocrx_word' id='word_1_809' title='bbox 641 5140 797 5180; x_wconf 91' lang='lat' dir='ltr'><strong>suam</strong></span> <span class='ocrx_word' id='word_1_810' title='bbox 831 5124 1005 5190; x_wconf 88' lang='lat' dir='ltr'><strong>carni,</strong></span> <span class='ocrx_word' id='word_1_811' title='bbox 1030 5130 1097 5196; x_wconf 91' lang='lat' dir='ltr'><strong>_ut</strong></span> <span class='ocrx_word' id='word_1_812' title='bbox 1127 5122 1359 5178; x_wconf 80' lang='lat' dir='ltr'><strong>virilicet</strong></span> <span class='ocrx_word' id='word_1_813' title='bbox 1386 5142 1406 5196; x_wconf 67' lang='grc' dir='ltr'><strong>ι</strong></span> <span class='ocrx_word' id='word_1_814' title='bbox 1443 5119 1692 5179; x_wconf 78' lang='lat' dir='ltr'><strong>mortalia</strong></span> <span class='ocrx_word' id='word_1_815' title='bbox 1720 5141 1953 5196; x_wconf 85' lang='lat' dir='ltr'><strong>corpora</strong></span> <span class='ocrx_word' id='word_1_816' title='bbox 1982 5143 2000 5176; x_wconf 77' lang='grc' dir='ltr'><strong>ι</strong></span> <span class='ocrx_word' id='word_1_817' title='bbox 2033 5119 2134 5179; x_wconf 77' lang='lat' dir='ltr'><strong>sua</strong></span> <span class='ocrx_word' id='word_1_818' title='bbox 2163 5142 2181 5175; x_wconf 82' lang='grc' dir='ltr'><strong>ι</strong></span> <span class='ocrx_word' id='word_1_819' title='bbox 2212 5119 2433 5192; x_wconf 76' lang='lat' dir='ltr'><strong>propter</strong></span> <span class='ocrx_word' id='word_1_820' title='bbox 2462 5123 2859 5196; x_wconf 28' lang='lat' dir='ltr'><strong>iii-habitantem</strong></span> <span class='ocrx_word' id='word_1_821' title='bbox 2888 5121 3138 5196; x_wconf 89' lang='lat' dir='ltr'><strong>spiritum</strong></span> <span class='ocrx_word' id='word_1_822' title='bbox 3170 5137 3190 5170; x_wconf 73' lang='grc' dir='ltr'><strong>ι</strong></span> <span class='ocrx_word' id='word_1_823' title='bbox 3220 5119 3273 5196; x_wconf 82' lang='lat' dir='ltr'><strong>i_n</strong></span> <span class='ocrx_word' id='word_1_824' title='bbox 3298 5119 3405 5196; x_wconf 75' lang='lat' dir='ltr'><strong>eis,</strong></span> 
     </span>
    </p>
   </div>
   <div class='ocr_carea' id='block_1_96' title="bbox 171 5188 3408 5265">
    <p class='ocr_par' dir='ltr' id='par_1_96' title="bbox 171 5188 3408 5265">
     <span class='ocr_line' id='line_1_96' title="bbox 171 5188 3408 5265; baseline -0.001 -21"><span class='ocrx_word' id='word_1_825' title='bbox 171 5195 215 5239; x_wconf 82' lang='lat' dir='ltr'><strong>et</strong></span> <span class='ocrx_word' id='word_1_826' title='bbox 240 5188 290 5265; x_wconf 75' lang='lat' dir='ltr'><strong>lit</strong></span> <span class='ocrx_word' id='word_1_827' title='bbox 317 5207 611 5265; x_wconf 86' lang='lat' dir='ltr'><strong>consensus</strong></span> <span class='ocrx_word' id='word_1_828' title='bbox 643 5196 875 5249; x_wconf 85' lang='lat' dir='ltr'><strong>duorum</strong></span> <span class='ocrx_word' id='word_1_829' title='bbox 911 5188 1222 5265; x_wconf 12' lang='lat' dir='ltr'><strong>spiritusret</strong></span> <span class='ocrx_word' id='word_1_830' title='bbox 1247 5193 1432 5249; x_wconf 88' lang='lat' dir='ltr'><strong>carnis</strong></span> <span class='ocrx_word' id='word_1_831' title='bbox 1462 5208 1626 5263; x_wconf 86' lang='lat' dir='ltr'><strong>super</strong></span> <span class='ocrx_word' id='word_1_832' title='bbox 1657 5188 1894 5260; x_wconf 79' lang='lat' dir='ltr'><strong>terram;</strong></span> <span class='ocrx_word' id='word_1_833' title='bbox 1936 5210 2046 5264; x_wconf 92' lang='lat' dir='ltr'><strong>quo</strong></span> <span class='ocrx_word' id='word_1_834' title='bbox 2088 5188 2362 5265; x_wconf 77' lang='lat' dir='ltr'><strong>consensu</strong></span> <span class='ocrx_word' id='word_1_835' title='bbox 2405 5193 2641 5263; x_wconf 76' lang='lat' dir='ltr'><strong>expleto,</strong></span> <span class='ocrx_word' id='word_1_836' title='bbox 2695 5201 2750 5247; x_wconf 92' lang='lat' dir='ltr'><strong>et</strong></span> <span class='ocrx_word' id='word_1_837' title='bbox 2796 5188 2973 5265; x_wconf 74' lang='lat' dir='ltr'><strong>oratio</strong></span> <span class='ocrx_word' id='word_1_838' title='bbox 3007 5188 3408 5265; x_wconf 61' lang='lat' dir='ltr'><strong>transmittitur</strong></span> 
     </span>
    </p>
   </div>
   <div class='ocr_carea' id='block_1_97' title="bbox 171 5257 3406 5332">
    <p class='ocr_par' dir='ltr' id='par_1_97' title="bbox 171 5257 3406 5332">
     <span class='ocr_line' id='line_1_97' title="bbox 171 5257 3406 5332; baseline -0.001 -17"><span class='ocrx_word' id='word_1_839' title='bbox 171 5260 311 5332; x_wconf 73' lang='lat' dir='ltr'><strong>corde</strong></span> <span class='ocrx_word' id='word_1_840' title='bbox 334 5264 548 5332; x_wconf 89' lang='lat' dir='ltr'><strong>quidem</strong></span> <span class='ocrx_word' id='word_1_841' title='bbox 587 5286 605 5317; x_wconf 76' lang='grc' dir='ltr'><strong>ι</strong></span> <span class='ocrx_word' id='word_1_842' title='bbox 642 5265 885 5320; x_wconf 89' lang='lat' dir='ltr'><strong>credenti</strong></span> <span class='ocrx_word' id='word_1_843' title='bbox 925 5257 993 5320; x_wconf 74' lang='lat' dir='ltr'><strong>ad</strong></span> <span class='ocrx_word' id='word_1_844' title='bbox 1028 5263 1323 5331; x_wconf 86' lang='lat' dir='ltr'><strong>justitiam.</strong></span> <span class='ocrx_word' id='word_1_845' title='bbox 1376 5278 1470 5319; x_wconf 89' lang='lat' dir='ltr'><strong>ore</strong></span> <span class='ocrx_word' id='word_1_846' title='bbox 1515 5257 1697 5320; x_wconf 79' lang='lat' dir='ltr'><strong>autem</strong></span> <span class='ocrx_word' id='word_1_847' title='bbox 1740 5257 2024 5321; x_wconf 81' lang='lat' dir='ltr'><strong>conﬁtenti</strong></span> <span class='ocrx_word' id='word_1_848' title='bbox 2075 5265 2143 5319; x_wconf 91' lang='lat' dir='ltr'><strong>ad</strong></span> <span class='ocrx_word' id='word_1_849' title='bbox 2194 5264 2449 5326; x_wconf 89' lang='lat' dir='ltr'><strong>salutem,</strong></span> <span class='ocrx_word' id='word_1_850' title='bbox 2477 5257 2505 5316; x_wconf 59' lang='grc' dir='ltr'><strong><em>Β</em></strong></span> <span class='ocrx_word' id='word_1_851' title='bbox 2538 5273 2595 5317; x_wconf 81' lang='grc' dir='ltr'><strong>ιιι</strong></span> <span class='ocrx_word' id='word_1_852' title='bbox 2625 5257 2852 5332; x_wconf 81' lang='lat' dir='ltr'><strong>cornon</strong></span> <span class='ocrx_word' id='word_1_853' title='bbox 2891 5261 2960 5314; x_wconf 89' lang='lat' dir='ltr'><strong>sit</strong></span> <span class='ocrx_word' id='word_1_854' title='bbox 3002 5261 3164 5332; x_wconf 81' lang='lat' dir='ltr'><strong>longe</strong></span> <span class='ocrx_word' id='word_1_855' title='bbox 3206 5275 3236 5314; x_wconf 92' lang='lat' dir='ltr'><strong>a</strong></span> <span class='ocrx_word' id='word_1_856' title='bbox 3271 5257 3406 5323; x_wconf 86' lang='lat' dir='ltr'><strong>Deo,</strong></span> 
     </span>
    </p>
   </div>
   <div class='ocr_carea' id='block_1_98' title="bbox 171 5327 3405 5406">
    <p class='ocr_par' dir='ltr' id='par_1_98' title="bbox 171 5327 3405 5406">
     <span class='ocr_line' id='line_1_98' title="bbox 171 5327 3405 5406; baseline -0.001 -21"><span class='ocrx_word' id='word_1_857' title='bbox 171 5327 248 5406; x_wconf 59' lang='grc' dir='ltr'><strong>θεά</strong></span> <span class='ocrx_word' id='word_1_858' title='bbox 277 5327 391 5406; x_wconf 77' lang='lat' dir='ltr'><strong>cum</strong></span> <span class='ocrx_word' id='word_1_859' title='bbox 429 5349 516 5398; x_wconf 90' lang='lat' dir='ltr'><strong>eo,</strong></span> <span class='ocrx_word' id='word_1_860' title='bbox 551 5347 608 5390; x_wconf 93' lang='lat' dir='ltr'><strong>ut</strong></span> <span class='ocrx_word' id='word_1_861' title='bbox 636 5335 750 5406; x_wconf 88' lang='lat' dir='ltr'><strong>jam</strong></span> <span class='ocrx_word' id='word_1_862' title='bbox 786 5351 891 5390; x_wconf 91' lang='lat' dir='ltr'><strong>non</strong></span> <span class='ocrx_word' id='word_1_863' title='bbox 924 5327 1082 5389; x_wconf 77' lang='lat' dir='ltr'><strong>labiis</strong></span> <span class='ocrx_word' id='word_1_864' title='bbox 1111 5334 1394 5404; x_wconf 86' lang='lat' dir='ltr'><strong>appropict</strong></span> <span class='ocrx_word' id='word_1_865' title='bbox 1421 5334 1469 5387; x_wconf 88' lang='lat' dir='ltr'><strong>ei</strong></span> <span class='ocrx_word' id='word_1_866' title='bbox 1492 5351 1528 5406; x_wconf 89' lang='lat'><strong>;_</strong></span> <span class='ocrx_word' id='word_1_867' title='bbox 1543 5343 1596 5389; x_wconf 92' lang='lat' dir='ltr'><strong>et</strong></span> <span class='ocrx_word' id='word_1_868' title='bbox 1628 5336 1708 5390; x_wconf 91' lang='lat' dir='ltr'><strong>sic</strong></span> <span class='ocrx_word' id='word_1_869' title='bbox 1742 5337 1880 5392; x_wconf 81' lang='lat' dir='ltr'><strong>ﬁunt</strong></span> <span class='ocrx_word' id='word_1_870' title='bbox 1927 5337 2038 5391; x_wconf 91' lang='lat' dir='ltr'><strong>duo</strong></span> <span class='ocrx_word' id='word_1_871' title='bbox 2085 5334 2398 5406; x_wconf 72' lang='lat' dir='ltr'><strong>congregati</strong></span> <span class='ocrx_word' id='word_1_872' title='bbox 2442 5334 2495 5387; x_wconf 94' lang='lat' dir='ltr'><strong>in</strong></span> <span class='ocrx_word' id='word_1_873' title='bbox 2536 5333 2758 5406; x_wconf 83' lang='lat' dir='ltr'><strong>nomine</strong></span> <span class='ocrx_word' id='word_1_874' title='bbox 2785 5330 2937 5385; x_wconf 89' lang='lat' dir='ltr'><strong>Jesu.</strong></span> <span class='ocrx_word' id='word_1_875' title='bbox 2985 5327 3177 5406; x_wconf 65' lang='lat' dir='ltr'><strong>Adhuc</strong></span> <span class='ocrx_word' id='word_1_876' title='bbox 3224 5337 3405 5383; x_wconf 80' lang='lat' dir='ltr'><strong>autem</strong></span> 
     </span>
    </p>
   </div>
   <div class='ocr_carea' id='block_1_99' title="bbox 172 5393 3409 5477">
    <p class='ocr_par' dir='ltr' id='par_1_99' title="bbox 172 5393 3409 5477">
     <span class='ocr_line' id='line_1_99' title="bbox 172 5393 3409 5477; baseline 0.001 -29"><span class='ocrx_word' id='word_1_877' title='bbox 172 5393 354 5477; x_wconf 81' lang='lat' dir='ltr'><strong>beatius</strong></span> <span class='ocrx_word' id='word_1_878' title='bbox 376 5414 476 5470; x_wconf 88' lang='lat' dir='ltr'><strong>est,</strong></span> <span class='ocrx_word' id='word_1_879' title='bbox 502 5393 554 5460; x_wconf 79' lang='lat' dir='ltr'><strong>si</strong></span> <span class='ocrx_word' id='word_1_880' title='bbox 591 5393 700 5462; x_wconf 58' lang='lat' dir='ltr'><strong>trias</strong></span> <span class='ocrx_word' id='word_1_881' title='bbox 746 5393 1200 5477; x_wconf 69' lang='lat' dir='ltr'><strong>convenerintiii</strong></span> <span class='ocrx_word' id='word_1_882' title='bbox 1235 5393 1651 5477; x_wconf 58' lang='lat' dir='ltr'><strong>n6min_e_3esu,</strong></span> <span class='ocrx_word' id='word_1_883' title='bbox 1699 5417 1760 5461; x_wconf 89' lang='lat' dir='ltr'><strong>ut</strong></span> <span class='ocrx_word' id='word_1_884' title='bbox 1809 5407 2101 5477; x_wconf 88' lang='lat' dir='ltr'><strong>impleatur</strong></span> <span class='ocrx_word' id='word_1_885' title='bbox 2144 5393 2503 5477; x_wconf 75' lang='lat' dir='ltr'><strong>apostolicum</strong></span> <span class='ocrx_word' id='word_1_886' title='bbox 2552 5403 2683 5476; x_wconf 81' lang='lat' dir='ltr'><strong>illud</strong></span> <span class='ocrx_word' id='word_1_887' title='bbox 2731 5412 2959 5477; x_wconf 75' lang='lat' dir='ltr'><strong>votum:</strong></span> <span class='ocrx_word' id='word_1_888' title='bbox 2998 5419 3016 5451; x_wconf 86' lang='grc' dir='ltr'><strong>ι</strong></span> <span class='ocrx_word' id='word_1_889' title='bbox 3056 5399 3198 5477; x_wconf 80' lang='lat' dir='ltr'><strong>Deus</strong></span> <span class='ocrx_word' id='word_1_890' title='bbox 3226 5408 3409 5477; x_wconf 73' lang='lat' dir='ltr'><strong>autem</strong></span> 
     </span>
    </p>
   </div>
   <div class='ocr_carea' id='block_1_100' title="bbox 172 5470 3410 5546">
    <p class='ocr_par' dir='ltr' id='par_1_100' title="bbox 172 5470 3410 5546">
     <span class='ocr_line' id='line_1_100' title="bbox 172 5470 3410 5546; baseline 0 -23"><span class='ocrx_word' id='word_1_891' title='bbox 172 5472 442 5546; x_wconf 61' lang='lat' dir='ltr'><strong>sanctiﬁcet</strong></span> <span class='ocrx_word' id='word_1_892' title='bbox 470 5491 566 5532; x_wconf 83' lang='lat' dir='ltr'><strong>vos</strong></span> <span class='ocrx_word' id='word_1_893' title='bbox 591 5477 657 5532; x_wconf 87' lang='lat' dir='ltr'><strong>ad</strong></span> <span class='ocrx_word' id='word_1_894' title='bbox 685 5474 1006 5546; x_wconf 82' lang='lat' dir='ltr'><strong>perfectum,</strong></span> <span class='ocrx_word' id='word_1_895' title='bbox 1037 5483 1091 5546; x_wconf 87' lang='lat' dir='ltr'><strong>et</strong></span> <span class='ocrx_word' id='word_1_896' title='bbox 1118 5475 1322 5546; x_wconf 77' lang='lat' dir='ltr'><strong>integer</strong></span> <span class='ocrx_word' id='word_1_897' title='bbox 1355 5473 1583 5544; x_wconf 90' lang='lat' dir='ltr'><strong>spiritus</strong></span> <span class='ocrx_word' id='word_1_898' title='bbox 1615 5470 1794 5533; x_wconf 87' lang='lat' dir='ltr'><strong>vester</strong></span> <span class='ocrx_word' id='word_1_899' title='bbox 1825 5470 2083 5534; x_wconf 56' lang='lat' dir='ltr'><strong>et&#39;anima</strong></span> <span class='ocrx_word' id='word_1_900' title='bbox 2112 5470 2544 5546; x_wconf 59' lang='lat' dir='ltr'><strong>et&#39;corpus_sinc</strong></span> <span class='ocrx_word' id='word_1_901' title='bbox 2575 5472 2789 5527; x_wconf 80' lang='lat' dir='ltr'><strong>macula</strong></span> <span class='ocrx_word' id='word_1_902' title='bbox 2822 5480 3070 5526; x_wconf 89' lang='lat' dir='ltr'><strong>servetur</strong></span> <span class='ocrx_word' id='word_1_903' title='bbox 3105 5472 3158 5524; x_wconf 91' lang='lat' dir='ltr'><strong>in</strong></span> <span class='ocrx_word' id='word_1_904' title='bbox 3202 5470 3410 5526; x_wconf 81' lang='lat' dir='ltr'><strong>adven-</strong></span> 
     </span>
    </p>
   </div>
   <div class='ocr_carea' id='block_1_101' title="bbox 174 5540 2695 5604">
    <p class='ocr_par' dir='ltr' id='par_1_101' title="bbox 174 5540 2695 5604">
     <span class='ocr_line' id='line_1_101' title="bbox 174 5540 2695 5604; baseline 0.003 -15"><span class='ocrx_word' id='word_1_905' title='bbox 174 5542 268 5590; x_wconf 84' lang='lat' dir='ltr'><strong>tum</strong></span> <span class='ocrx_word' id='word_1_906' title='bbox 296 5540 502 5599; x_wconf 86' lang='lat' dir='ltr'><strong>Domini</strong></span> <span class='ocrx_word' id='word_1_907' title='bbox 524 5540 705 5604; x_wconf 83' lang='lat' dir='ltr'><strong>nostri</strong></span> <span class='ocrx_word' id='word_1_908' title='bbox 735 5546 866 5602; x_wconf 77' lang='lat' dir='ltr'><strong>Jesu</strong></span> <span class='ocrx_word' id='word_1_909' title='bbox 891 5545 1118 5602; x_wconf 82' lang='lat' dir='ltr'><strong>Christi.</strong></span> <span class='ocrx_word' id='word_1_910' title='bbox 1156 5564 1173 5597; x_wconf 72' lang='grc' dir='ltr'><strong>ι</strong></span> <span class='ocrx_word' id='word_1_911' title='bbox 1206 5540 1597 5601; x_wconf 69' lang='grc' dir='ltr'>Ιῖοιεεῐαιιιοιη</span> <span class='ocrx_word' id='word_1_912' title='bbox 1629 5546 1748 5601; x_wconf 83' lang='lat' dir='ltr'><strong>ﬁeri</strong></span> <span class='ocrx_word' id='word_1_913' title='bbox 1784 5557 1842 5604; x_wconf 93' lang='lat' dir='ltr'><strong>ut</strong></span> <span class='ocrx_word' id='word_1_914' title='bbox 1872 5548 1982 5603; x_wconf 90' lang='lat' dir='ltr'><strong>duo</strong></span> <span class='ocrx_word' id='word_1_915' title='bbox 2010 5540 2341 5602; x_wconf 79' lang='lat' dir='ltr'><strong>conveniant</strong></span> <span class='ocrx_word' id='word_1_916' title='bbox 2367 5544 2485 5597; x_wconf 92' lang='lat' dir='ltr'><strong>sine</strong></span> <span class='ocrx_word' id='word_1_917' title='bbox 2510 5546 2695 5597; x_wconf 87' lang='lat' dir='ltr'><strong>tertio.</strong></span> 
     </span>
    </p>
   </div>
   <div class='ocr_carea' id='block_1_102' title="bbox 231 5607 3409 5687">
    <p class='ocr_par' dir='ltr' id='par_1_102' title="bbox 231 5607 3409 5687">
     <span class='ocr_line' id='line_1_102' title="bbox 231 5607 3409 5687; baseline 0 -24"><span class='ocrx_word' id='word_1_918' title='bbox 231 5607 278 5664; x_wconf 77' lang='grc'><strong>4.</strong></span> <span class='ocrx_word' id='word_1_919' title='bbox 306 5610 608 5673; x_wconf 68' lang='lat' dir='ltr'><strong>iucundum</strong></span> <span class='ocrx_word' id='word_1_920' title='bbox 636 5626 721 5674; x_wconf 91' lang='lat' dir='ltr'><strong>est</strong></span> <span class='ocrx_word' id='word_1_921' title='bbox 744 5626 924 5673; x_wconf 90' lang='lat' dir='ltr'><strong>autem</strong></span> <span class='ocrx_word' id='word_1_922' title='bbox 958 5617 1125 5672; x_wconf 88' lang='lat' dir='ltr'><strong>istum</strong></span> <span class='ocrx_word' id='word_1_923' title='bbox 1156 5631 1486 5671; x_wconf 87' lang='lat' dir='ltr'><strong>consensum</strong></span> <span class='ocrx_word' id='word_1_924' title='bbox 1515 5616 1820 5687; x_wconf 78' lang='lat' dir='ltr'><strong>intelligere</strong></span> <span class='ocrx_word' id='word_1_925' title='bbox 1848 5620 2013 5674; x_wconf 88' lang='lat' dir='ltr'><strong>etiam</strong></span> <span class='ocrx_word' id='word_1_926' title='bbox 2044 5618 2192 5672; x_wconf 90' lang='lat' dir='ltr'><strong>circa</strong></span> <span class='ocrx_word' id='word_1_927' title='bbox 2217 5613 2596 5670; x_wconf 88' lang='lat' dir='ltr'><strong>convenientia</strong></span> <span class='ocrx_word' id='word_1_928' title='bbox 2639 5614 2873 5667; x_wconf 89' lang='lat' dir='ltr'><strong>duorum</strong></span> <span class='ocrx_word' id='word_1_929' title='bbox 2933 5618 3409 5676; x_wconf 87' lang='lat' dir='ltr'><strong>testamentorum,</strong></span> 
     </span>
    </p>
   </div>
   <div class='ocr_carea' id='block_1_103' title="bbox 229 5706 1712 5784">
    <p class='ocr_par' dir='ltr' id='par_1_103' title="bbox 229 5706 1682 5784">
     <span class='ocr_line' id='line_1_103' title="bbox 229 5706 1682 5784; baseline 0.003 -19"><span class='ocrx_word' id='word_1_930' title='bbox 229 5706 267 5739; x_wconf 82' lang='lat'><strong>&quot;</strong></span> <span class='ocrx_word' id='word_1_931' title='bbox 291 5707 441 5770; x_wconf 82' lang='lat' dir='ltr'><strong>Rom.</strong></span> <span class='ocrx_word' id='word_1_932' title='bbox 461 5731 536 5784; x_wconf 74' lang='lat' dir='ltr'><strong>vr,</strong></span> <span class='ocrx_word' id='word_1_933' title='bbox 565 5717 652 5773; x_wconf 72' lang='lat'><strong>12.</strong></span> <span class='ocrx_word' id='word_1_934' title='bbox 725 5716 772 5749; x_wconf 79' lang='grc'><strong>⁸⁸</strong></span> <span class='ocrx_word' id='word_1_935' title='bbox 800 5716 919 5774; x_wconf 88' lang='lat' dir='ltr'><strong>Gal.</strong></span> <span class='ocrx_word' id='word_1_936' title='bbox 951 5732 1005 5783; x_wconf 90' lang='lat' dir='ltr'><strong>v,</strong></span> <span class='ocrx_word' id='word_1_937' title='bbox 1029 5715 1119 5771; x_wconf 81' lang='lat' dir='ltr'><strong>l7.</strong></span> <span class='ocrx_word' id='word_1_938' title='bbox 1196 5713 1242 5745; x_wconf 74' lang='lat'><strong>°’</strong></span> <span class='ocrx_word' id='word_1_939' title='bbox 1264 5712 1426 5769; x_wconf 83' lang='lat' dir='ltr'><strong>Rom.</strong></span> <span class='ocrx_word' id='word_1_940' title='bbox 1448 5729 1564 5782; x_wconf 85' lang='lat' dir='ltr'><strong>vui,</strong></span> <span class='ocrx_word' id='word_1_941' title='bbox 1592 5712 1682 5770; x_wconf 82' lang='grc'><strong>11.</strong></span> 
     </span>
    </p>
   </div>
   <div class='ocr_carea' id='block_1_104' title="bbox 1814 5706 2833 5784">
    <p class='ocr_par' dir='ltr' id='par_1_104' title="bbox 1827 5706 2833 5779">
     <span class='ocr_line' id='line_1_104' title="bbox 1827 5706 2833 5779; baseline -0.007 -10"><span class='ocrx_word' id='word_1_942' title='bbox 1827 5714 1985 5771; x_wconf 79' lang='lat' dir='ltr'><strong>Rom.</strong></span> <span class='ocrx_word' id='word_1_943' title='bbox 2016 5729 2076 5779; x_wconf 69' lang='grc' dir='ltr'>ι,</span> <span class='ocrx_word' id='word_1_944' title='bbox 2112 5711 2196 5767; x_wconf 86' lang='grc' dir='ltr'>ιο.</span> <span class='ocrx_word' id='word_1_945' title='bbox 2313 5710 2355 5742; x_wconf 80' lang='grc'><strong>⁹¹</strong></span> <span class='ocrx_word' id='word_1_946' title='bbox 2386 5706 2623 5764; x_wconf 89' lang='lat' dir='ltr'><strong>lThess.</strong></span> <span class='ocrx_word' id='word_1_947' title='bbox 2650 5724 2705 5773; x_wconf 90' lang='lat' dir='ltr'><strong>v,</strong></span> <span class='ocrx_word' id='word_1_948' title='bbox 2740 5708 2833 5763; x_wconf 68' lang='lat'><strong>95.</strong></span> 
     </span>
    </p>
   </div>
   <div class='ocr_carea' id='block_1_105' title="bbox 233 5798 1712 5883">
    <p class='ocr_par' dir='ltr' id='par_1_105' title="bbox 233 5799 1712 5883">
     <span class='ocr_line' id='line_1_105' title="bbox 233 5799 1712 5883; baseline 0.004 -20"><span class='ocrx_word' id='word_1_949' title='bbox 233 5799 331 5874; x_wconf 80' lang='lat'><strong>(95)</strong></span> <span class='ocrx_word' id='word_1_950' title='bbox 371 5808 509 5865; x_wconf 75' lang='grc' dir='ltr'><strong>Οἶδα</strong></span> <span class='ocrx_word' id='word_1_951' title='bbox 528 5810 595 5883; x_wconf 49' lang='grc' dir='ltr'><strong>(ἓ</strong></span> <span class='ocrx_word' id='word_1_952' title='bbox 618 5813 716 5867; x_wconf 75' lang='grc' dir='ltr'>καὶ</span> <span class='ocrx_word' id='word_1_953' title='bbox 740 5805 940 5881; x_wconf 73' lang='grc' dir='ltr'><strong>ἄλλην</strong></span> <span class='ocrx_word' id='word_1_954' title='bbox 960 5810 1267 5883; x_wconf 75' lang='grc' dir='ltr'>διήγησιν,</span> <span class='ocrx_word' id='word_1_955' title='bbox 1293 5818 1399 5868; x_wconf 91' lang='lat' dir='ltr'><strong>elc.</strong></span> <span class='ocrx_word' id='word_1_956' title='bbox 1426 5806 1561 5867; x_wconf 78' lang='lat' dir='ltr'><strong>Vide</strong></span> <span class='ocrx_word' id='word_1_957' title='bbox 1584 5807 1712 5869; x_wconf 85' lang='lat' dir='ltr'><strong>llic-</strong></span> 
     </span>
    </p>
   </div>
   <div class='ocr_carea' id='block_1_106' title="bbox 1814 5798 3411 5883">
    <p class='ocr_par' dir='ltr' id='par_1_106' title="bbox 1882 5798 3411 5883">
     <span class='ocr_line' id='line_1_106' title="bbox 1882 5798 3411 5883; baseline -0.007 -18"><span class='ocrx_word' id='word_1_958' title='bbox 1882 5808 2038 5883; x_wconf 19' lang='lat'><strong>7(96)‘</strong></span> <span class='ocrx_word' id='word_1_959' title='bbox 2058 5807 2274 5883; x_wconf 72' lang='grc' dir='ltr'>Χαρίεν</span> <span class='ocrx_word' id='word_1_960' title='bbox 2295 5804 2365 5858; x_wconf 80' lang='grc' dir='ltr'><strong>δὲ</strong></span> <span class='ocrx_word' id='word_1_961' title='bbox 2391 5804 2492 5860; x_wconf 77' lang='grc' dir='ltr'><strong>καὶ</strong></span> <span class='ocrx_word' id='word_1_962' title='bbox 2521 5803 2588 5859; x_wconf 88' lang='grc' dir='ltr'>τὸ</span> <span class='ocrx_word' id='word_1_963' title='bbox 2614 5803 2727 5876; x_wconf 81' lang='grc' dir='ltr'><strong>τῆς</strong></span> <span class='ocrx_word' id='word_1_964' title='bbox 2746 5803 3121 5877; x_wconf 71' lang='grc' dir='ltr'>συμφωνίας,</span> <span class='ocrx_word' id='word_1_965' title='bbox 3143 5812 3249 5860; x_wconf 86' lang='lat' dir='ltr'><strong>etc.</strong></span> <span class='ocrx_word' id='word_1_966' title='bbox 3277 5798 3411 5856; x_wconf 81' lang='lat' dir='ltr'><strong>Vide</strong></span> 
     </span>
    </p>
   </div>
   <div class='ocr_carea' id='block_1_107' title="bbox 175 5880 2324 5957">
    <p class='ocr_par' dir='ltr' id='par_1_107' title="bbox 175 5880 2324 5957">
     <span class='ocr_line' id='line_1_107' title="bbox 175 5880 2324 5957; baseline 0.008 -30"><span class='ocrx_word' id='word_1_967' title='bbox 175 5881 432 5943; x_wconf 79' lang='lat' dir='ltr'><strong>ronymum</strong></span> <span class='ocrx_word' id='word_1_968' title='bbox 460 5889 510 5937; x_wconf 89' lang='lat' dir='ltr'><strong>et</strong></span> <span class='ocrx_word' id='word_1_969' title='bbox 544 5880 1028 5957; x_wconf 86' lang='lat' dir='ltr'><strong>Theopbylactum.</strong></span> <span class='ocrx_word' id='word_1_970' title='bbox 1072 5880 1080 5883; x_wconf 79' lang='grc'><em>’</em></span> <span class='ocrx_word' id='word_1_971' title='bbox 1129 5880 1137 5882; x_wconf 56' lang='grc'><em>“</em></span> <span class='ocrx_word' id='word_1_972' title='bbox 1832 5880 2324 5952; x_wconf 77' lang='lat' dir='ltr'><strong>Theophylaclum-</strong></span> 
     </span>
    </p>
   </div>
  </div>
