3954 6542
193 409 333 470 {193
1129 411 1479 472 COMMENT.
1523 413 1588 468 IN
1626 413 2036 473 MATTHAEUM
2073 414 2308 474 TOMUS
2346 415 2486 473 XIV.
3316 427 3449 482 “95

191 549 311 602 γονε
331 530 411 602 τῷ
458 530 658 602 Ἰησοῦ,
683 528 756 595 ὡς
787 529 1184 604 μαθητεύεσθαι
1212 533 1290 606 τῷ
1315 534 1582 606 πνεύματι
1609 534 1758 588 αὑτοῐ

1878 552 1974 606 pro
2013 536 2208 591 merito
2250 551 2351 590 suo
2386 550 2452 591 eo
2494 535 2758 606 pervenit,
2795 536 3107 602 edoceatur,
3160 539 3205 596 is
3261 556 3449 596 verum

147 609 480 699 ζφωτίζοντι
505 625 571 677 τὸ
601 624 924 696 ἡγεμονικὸν
956 623 1050 677 τοῦ
1085 625 1178 677 ἐπὶ
1211 625 1424 680 τοσόνδε
1470 625 1758 698 προεληλυ-

1882 625 2044 696 hujus
2081 626 2206 693 loci,
2231 634 2285 682 et
2311 626 2529 696 qualem
2549 625 2842 681 declaravit
2877 626 2990 697 ipse
3018 626 3198 694 Jesus,
3227 645 3448 686 sensum

187 717 337 780 θότος
367 717 493 770 κατ’
523 715 700 784 ἀξίαν,
736 716 900 786 εἰδείη
934 717 998 772 ἄν
1023 734 1036 748 ⁸
1080 718 1240 788 ἡμεῖς
1275 718 1331 772 δὲ
1363 720 1411 772 οι
1438 717 1530 772 τοῦ
1558 720 1769 789 φιλικοῦ

190 806 322 885 πρὸς
346 809 440 865 τὸν
477 807 686 882 Ἰησοῦν
710 809 971 880 μεγέθους
1003 809 1438 881 ἀπολειπόμενοι,
1469 811 1768 882 ἀγαπητὸν,

189 907 235 958 εἰ
269 903 369 958 κᾶν
404 902 769 976 πριλαλῆσαι
791 903 882 956 ὲπὶ
914 901 1085 974 βραχὺ
1114 903 1387 974 δυνάμεθα
1412 903 1478 957 τά
1511 903 1651 957 κατά
1680 904 1770 958 τὸν

187 996 367 1051 τόπον.
410 996 632 1050 Ἔοικεν
667 992 760 1049 οὖν
783 997 812 1048 ὁ
844 995 942 1067 μὲν
976 994 1034 1062 ἓξ
1073 979 1304 1068 ἀριθμὸς
1338 997 1662 1068 ὲργαστικός
1688 1013 1770 1061 τις

186 1085 320 1142 εἶναι
351 1089 446 1144 καὶ
485 1088 766 1153 ἐπίπονος,
797 1089 825 1141 ὁ
849 1087 904 1140 δὲ
937 1087 1077 1141 ἑπτὰ
1115 1088 1388 1160 περιέχειν
1429 1089 1764 1144 ἀνάπαυσιν·

186 1181 278 1237 καὶ
300 1180 545 1253 πρόσχες
573 1183 621 1234 εἰ
639 1181 860 1235 δύνασαι
883 1181 972 1235 τὸν
992 1183 1088 1253 μὲν
1113 1181 1410 1250 ἀγαπῶντα
1435 1181 1524 1235 τὸν
1542 1181 1764 1253 κόσμον,

185 1273 360 1328 καὶτὰ
392 1272 489 1327 τοῦ
511 1274 720 1345 κόσμου
740 1273 1126 1345 ἐργαζόμενον,
1150 1274 1240 1327 καὶ
1263 1273 1422 1326 ὑλικά
1438 1274 1764 1346 πράττοντα,

184 1365 358 1435 λέγειν
391 1365 735 1438 ἁμαρτάνειν
767 1365 826 1430 ἒξ
847 1404 862 1428 ,
898 1365 991 1420 καὶ
1027 1365 1086 1419 τὸ
1114 1365 1265 1430 τέλος
1292 1365 1471 1419 αὐτῶν
1507 1364 1583 1436 (1)
1626 1360 1765 1419 εἶναι

184 1459 278 1532 τῆς
309 1458 591 1531 ἁμαρτίας
622 1457 712 1511 τὸν
743 1457 880 1511 ὲπτά
911 1455 1160 1529 ἀριθμὸν,
1204 1457 1280 1521 ὼς
1307 1456 1544 1511 τοιοῦτόν
1579 1473 1632 1510 τι
1675 1455 1765 1511 τὸν

184 1551 382 1623 Πέτρον
413 1551 733 1622 νενοηκότα,
770 1548 909 1603 ἐπτά
929 1552 1229 1622 συγχωρεῖν
1259 1549 1463 1603 ἐθέλειν
1488 1548 1764 1620 ἁμαρτίας

182 1643 284 1696 τῶν
315 1646 394 1708 εἰς
434 1642 601 1698 αὐτὸν
630 1643 1034 1718 ἡμαρτημένων
1058 1642 1136 1715 τῷ
1168 1641 1399 1714 ἀδελφῷ.
1441 1641 1594 1694 Ἐπεὶ
1617 1641 1672 1694 δὲ
1709 1641 1762 1694 αἱ

183 1735 318 1790 κατά
358 1735 459 1800 τὰς
506 1736 740 1807 μονάδας
781 1736 1021 1801 δεκάδες,
1069 1737 1165 1791 καὶ
1206 1733 1558 1798 ἑκατοντάδες
1605 1732 1762 1802 λόγον

186 1829 278 1899 μέν
307 1847 426 1883 τινα
453 1831 638 1884 κοινὸν
659 1830 951 1900 ἀναλογίας
980 1829 1162 1902 ἔχουσι
1191 1829 1328 1902 πρὸς
1345 1828 1436 1882 τὸν
1455 1830 1512 1881 ὲν
1535 1829 1758 1900 μονάσιν

1879 718 2118 786 noverit;
2141 727 2196 772 at
2225 734 2324 772 nos
2348 720 2441 788 qui
2471 717 2540 772 ab
2562 717 2764 788 ingenti
2783 719 2876 776 illo
2893 735 3020 792 erga
3047 720 3233 777 Jesum
3264 737 3452 778 amore

1879 825 1985 864 non
2021 825 2213 880 parum
2247 810 2530 876 absumus,
2562 811 2608 866 si
2649 812 2914 867 tantillum
2957 815 3234 885 quidpiam
3288 831 3451 887 super

1877 902 2024 958 hunc
2066 903 2243 959 locum
2294 904 2538 974 proferre
2569 920 2894 976 possumus,
2938 922 3004 962 eo
3033 909 3298 967 debemus
3329 929 3454 971 esse

1877 997 2136 1050 contenti.
2180 994 2442 1052 Senarius
2465 1011 2596 1068 ergo
2627 1013 2889 1055 numerus
2919 1015 3185 1070 operosus
3236 1003 3451 1060 videtur

1875 1105 1996 1145 esse
2030 1097 2083 1145 et
2104 1090 2412 1147 laboriosus
2436 1110 2450 1158 ;
2472 1093 2815 1161 septenarius
2867 1102 3047 1150 autem
3083 1097 3448 1157 cessationem

1875 1189 1929 1234 et
1974 1181 2214 1251 requiem
2271 1182 2592 1238 continere:
2626 1198 2690 1240 ac
2733 1183 2858 1240 vide
2888 1201 3021 1242 num
3048 1188 3229 1247 dicere
3278 1209 3452 1264 queas

1874 1274 2054 1329 sexies
2077 1290 2200 1330 eum
2231 1291 2456 1345 peccare
2479 1276 2570 1346 qui
2603 1277 2864 1334 mundum
2899 1280 3092 1354 diligit,
3121 1300 3350 1358 quaeque
3379 1290 3448 1344 ad

1875 1365 2136 1418 mundum
2173 1366 2443 1436 pertinent
2471 1365 2620 1434 facit,
2659 1379 2712 1423 et
2760 1372 2992 1429 terrenis
3035 1375 3199 1432 rebus
3224 1380 3448 1448 agendis

1872 1455 2085 1512 deditus
2118 1466 2238 1526 cst;
2289 1462 2660 1529 septenarium
2707 1479 2835 1520 vero
2886 1481 3174 1523 numerum
3209 1475 3447 1541 peccatis

1873 1547 2016 1604 illius
2051 1547 2212 1605 finem
2253 1551 2567 1622 imponere;
2600 1555 2735 1611 adeo
2768 1565 2827 1612 ut
2863 1542 2986 1614 cum
3030 1561 3135 1616 tale
3165 1563 3444 1635 quidpiam

1871 1639 1925 1693 in
1959 1640 2201 1696 animum
2229 1657 2388 1698 suum
2415 1642 2609 1700 Petrus
2630 1645 2955 1717 induxisset,
2976 1666 3007 1707 e
3040 1654 3276 1722 peccatis
3303 1656 3358 1710 in
3385 1672 3446 1713 se

1870 1729 2126 1787 admissis
2151 1742 2353 1803 septem
2377 1731 2532 1788 fratri
2559 1735 2836 1805 ignoscere
2868 1740 3116 1797 voluerit.
3173 1743 3444 1810 Quoniam

1867 1831 2051 1878 autem
2081 1839 2203 1894 qua:
2237 1826 2539 1884 uuitatibus
2583 1831 2906 1900 respondent
2930 1834 3160 1892 decades
3190 1850 3246 1892 et
3283 1840 3446 1895 heca-

182 1922 426 1994 ἀριθμὸν,
460 1922 579 1993 ᾔδει
605 1923 660 1975 δὲ
696 1921 1095 1994 ἐπιτεινόμενόν
1124 1939 1247 1976 τινα
1280 1921 1354 1994 (2)
1387 1921 1480 1975 καὶ
1507 1919 1726 1974 πλείονα
1745 1939 1757 1951 ·

1868 1915 2134 1980 tontades,
2165 1918 2231 1971 ad
2263 1933 2548 1974 numerum
2585 1923 2676 1994 qui
2711 1923 2764 1978 in
2797 1925 3099 1983 unitatibus
3128 1930 3443 1988 continetur

181 2015 262 2068 διὰ
289 2014 432 2067 τοῦτ’
474 2009 632 2085 οἶμαι
672 2014 762 2068 τὸν
818 2013 1024 2086 Ἰησοῦν
1065 2011 1655 2084 προσπαραλαμϐἀνειν
1686 2012 1764 2084 τῷ

181 2108 311 2161 ἑπτὰ
335 2105 562 2178 ἀριθμῷ
588 2106 683 2161 καὶ
706 2105 797 2160 τὸν
830 2105 1218 2178 ἐϐδομήκοντα,
1247 2105 1339 2159 καὶ
1363 2105 1540 2174 λέγειν
1569 2105 1762 2175 ἄφεσιν

185 2201 274 2269 μὲν
306 2201 414 2253 δεῖν
444 2197 704 2268 γενέσθαι
731 2197 976 2266 ἀδελφοῖς
1007 2200 1119 2262 τοῖς
1148 2196 1402 2260 ἐνταῦθα,
1449 2198 1541 2250 καὶ
1583 2198 1660 2262 εἰς
1695 2197 1762 2251 τὰ

179 2293 296 2364 τῇδε
318 2293 626 2364 πράγματα
655 2292 1036 2365 ἁμαρτήσασιν
1057 2307 1068 2320 ·
1109 2291 1156 2343 εί
1189 2289 1246 2343 δέ
1276 2307 1380 2353 τις,
1418 2287 1662 2362 ὑπερϐὰς
1694 2289 1760 2343 τά

183 2385 312 2439 κατὰ
344 2386 434 2440 τὸν
464 2387 671 2457 κόσμον
701 2385 794 2438 καὶ
833 2384 922 2438 τὸν
961 2382 1132 2437 αἰῶνα
1164 2381 1375 2446 τοῦτον,
1419 2382 1756 2453 ἁμαρτήσαι,

182 2476 270 2530 ἐὰν
315 2479 405 2531 καὶ
448 2478 609 2532 τοῦτο
653 2478 850 2550 μικρὸν
885 2476 994 2548 εἴη,
1035 2475 1218 2529 οὐκέτι
1262 2474 1328 2528 ἂν
1383 2474 1494 2546 ἔχοι
1540 2474 1758 2543 εὔλογον

186 2571 457 2643 ἁμαρτιῶν
484 2573 714 2641 ἄφεσινο
759 2572 793 2642 ἡ
837 2570 946 2643 γὰρ
971 2571 1164 2640 ἄφεσις
1196 2568 1288 2623 ἐπὶ
1318 2566 1387 2622 τὰ
1412 2569 1536 2640 τῇδε
1567 2566 1757 2639 φθάνει

184 2664 494 2735 πράγματα,
548 2665 648 2717 καὶ
705 2665 763 2716 ὲν
809 2665 923 2726 τοῖς
975 2661 1100 2734 τῇδε
1145 2659 1592 2732 ἡμαρτημένοις,
1645 2659 1756 2714 εἴτε

187 2755 385 2827 βράδιον
423 2757 627 2828 γένοιτ’
664 2756 729 2810 ἂν
754 2757 788 2827 ἡ
826 2755 1038 2825 ἄφεσις,
1078 2754 1187 2808 εἴτε
1220 2753 1430 2824 τάχιον.
1477 2753 1591 2806 Οὐκ
1640 2751 1755 2806 ἐστι

185 2849 236 2901 δὲ
271 2850 458 2920 ἄφεσις
504 2849 631 2902 οὐδὲ
679 2846 892 2918 ἀδελφῷ
946 2845 1024 2918 τῷ
1081 2846 1222 2920 ὑπὲρ
1261 2847 1330 2900 τά
1384 2844 1755 2917 ἐϐδομήκοντα

188 2943 270 2995 καὶ
316 2941 451 2996 ἑπτά
517 2940 887 3013 ἡμαρτηκότι.
956 2938 1146 3002 Εἷς-τοις
1195 2938 1239 2991 δ’
1289 2938 1356 2992 ἂν
1415 2937 1506 2992 τὸν
1555 2938 1754 2992 τοιόνδε

183 3033 550 3105 ἁμαρτάνοντα
601 3033 636 3105 ἥ
687 3034 760 3096 ὡς
790 3033 869 3096 εἰς
912 3031 1116 3102 Πέτρον
1165 3029 1412 3098 ἀδελφὸν,
1465 3028 1497 3101 ἢ
1538 3029 1614 3094 ὡς
1676 3031 1756 3094 είς

189 3127 395 3198 Πέτρον,
447 3121 508 3180 οὗ
556 3131 632 3196 μὴ
683 3123 1064 3195 κατισχύουσιν
1090 3121 1214 3192 ᾅδου
1249 3119 1434 3184 πύλαι,
1465 3119 1607 3175 κατά
1655 3121 1754 3192 μὲν

183 3226 242 3270 τά
272 3218 439 3272 τοιάδε
475 3218 851 3289 ἁμαρτήματα
897 3216 953 3267 ὲν
995 3212 1071 3284 τῷ
1116 3212 1358 3266 ὲλάττονι
1413 3207 1551 3264 εἶναι
1591 3210 1750 3265 αὑτὸν

186 3311 383 3383 ἀριθμῷ
413 3310 511 3382 τῆς
563 3308 833 3381 ἁμαρτίας
862 3323 873 3335 ·
914 3306 1056 3362 κατὰ
1100 3306 1156 3360 δὲ
1202 3304 1270 3358 τά
1319 3303 1400 3357 ἔτι
1446 3303 1664 3375 χείρονα
1696 3305 1754 3357 ὲν

183 3403 249 3473 τῷ
270 3402 479 3475 ἀριθμῷ
504 3400 592 3473 τῷ
625 3400 700 3472 μὴ
729 3399 902 3470 ἔχοντι
925 3400 1116 3468 ἄφεσιν
1148 3396 1580 3470 ἁμαρτημάτων.

1865 2023 2210 2065 communem
2244 2011 2481 2082 aliquam
2519 2017 2926 2086 proportionem
2963 2031 3204 2090 servant,
3235 2025 3443 2082 sciebat

1865 2112 2044 2158 autem
2092 2101 2251 2159 Jesus
2278 2105 2432 2174 plura
2473 2106 2600 2163 huic
2642 2109 2886 2166 additum
2919 2111 2983 2166 iri
3011 2131 3026 2178 ;
3057 2123 3338 2184 propterea
3370 2119 3437 2172 ad

1863 2212 2150 2251 numerum
2169 2199 2538 2266 septenarium
2564 2200 2859 2272 adjungere
2877 2204 3020 2260 hunc
3039 2206 3202 2261 etiam
3222 2217 3442 2278 septua-

1853 2289 2143 2359 ’genarium
2184 2291 2437 2347 existimo
2463 2333 2478 2356 ,
2509 2301 2562 2347 et
2605 2293 2866 2350 fratribus
2897 2296 2985 2352 hic
3013 2299 3353 2368 degentibus,
3387 2310 3442 2357 et

1861 2381 1917 2436 in
1951 2382 2136 2436 mundi
2162 2382 2326 2452 hujus
2357 2385 2588 2455 negotiis
2624 2388 2976 2455 peccantibus
3009 2391 3218 2445 veniam
3244 2407 3442 2450 conce-

1859 2473 2092 2528 dendam
2119 2474 2495 2544 pronuntiare.
2532 2473 2688 2543 Quod
2718 2479 2763 2534 si
2783 2479 2908 2549 quis
2929 2495 2991 2534 ea
3020 2492 3439 2555 praetergressus

1859 2581 1982 2636 quae
2009 2565 2066 2622 in
2106 2567 2311 2622 mundo
2341 2576 2396 2623 et
2431 2569 2632 2624 saeculo
2665 2571 2832 2626 hocce
2863 2582 3138 2644 aguntur,
3180 2591 3447 2646 peccave-

1858 2657 1966 2723 rit;
2005 2655 2218 2712 etiamsi
2265 2657 2380 2714 leve
2425 2659 2556 2716 illud
2587 2662 2676 2728 sit,
2707 2665 2910 2734 justam
2956 2676 3302 2738 peccatorum
3350 2686 3440 2728 re-

1860 2747 2182 2804 missionem
2214 2766 2322 2804 non
2356 2752 2590 2821 amplius
2615 2754 2984 2828 adipiscetur;
3007 2763 3260 2818 remissio
3291 2764 3441 2820 enim

1859 2838 1974 2894 sive
2004 2841 2183 2895 serius
2217 2841 2332 2896 sive
2364 2842 2528 2898 citius
2555 2861 2815 2903 concessa
2836 2890 2850 2915 ,
2873 2851 2940 2904 ad
2990 2868 3077 2907 res
3116 2853 3204 2910 hic
3234 2864 3439 2926 gestas,

1856 2937 1907 2989 et
1941 2941 2159 3004 peccata
2196 2932 2250 2987 in
2280 2932 2428 2988 hisce
2456 2933 2590 2989 locis
2619 2935 2857 2994 admissa
2888 2941 3140 3010 pertinet.
3179 2942 3258 3000 Ne
3280 2945 3438 3002 fratri

1855 3024 2075 3095 quidem
2096 3025 2278 3094 igitur,
2305 3025 2396 3097 qui
2415 3028 2538 3097 plus
2565 3044 2728 3097 quam
2757 3031 3065 3103 septuagies
3089 3039 3290 3104 septies
3313 3052 3438 3106 pec-

1855 3117 2081 3183 caverit,
2111 3117 2265 3173 venia
2305 3120 2671 3175 condonatur.
2706 3119 2920 3178 Dixeris
2943 3133 3125 3179 autem
3157 3141 3283 3181 cum
3338 3129 3437 3198 qui

1855 3209 1930 3263 ita
1956 3210 2260 3280 peccaverit
2285 3211 2369 3264 vel
2393 3221 2650 3281 tanquam
2678 3213 2733 3267 in
2753 3212 2998 3283 Petrum,
3021 3217 3114 3287 qui
3145 3216 3312 3275 frater
3341 3222 3438 3290 sit,

1859 3301 1945 3355 vel
2009 3310 2270 3370 tanquam
2305 3301 2358 3356 in
2419 3301 2676 3369 Petrum,
2706 3304 2864 3374 cujus
2909 3317 3076 3375 portae
3123 3307 3282 3364 inferi
3326 3327 3437 3367 non

1863 3394 2248 3465 prtevalent",
2277 3409 2371 3464 per
2395 3393 2666 3464 ejusmodi
2711 3406 2933 3466 peccata
2969 3398 3022 3452 in
3067 3400 3263 3456 minori
3311 3418 3438 3458 eum

188 3512 396 3552 numero
441 3508 798 3570 peccatorum
831 3495 1125 3562 constitui;
1179 3493 1274 3549 sed
1314 3509 1412 3564 per
1448 3493 1664 3565 pejores
1707 3507 1902 3559 noxas,
1940 3491 1992 3544 in
2033 3505 2100 3547 eo
2148 3491 2408 3546 constitui
2451 3507 2700 3559 numero,
2730 3493 2823 3563 qui
2859 3495 3150 3550 criminum
3205 3499 3433 3569 gratiam

190 3591 391 3647 minime
419 3603 813 3662 consequatur.

188 3682 309 3749 Περὶ
338 3683 442 3735 τοῦ
465 3683 784 3748 ,βασιλέως
823 3681 930 3751 tog")
966 3683 1347 3748 συνάραντος
1376 3683 1564 3751 λόγον
1601 3677 1751 3749 μετὰ

248 3746 354 3805 τῶν
381 3746 621 3824 δούλου*
638 3746 846 3818 αὑτοῦ,
869 3746 917 3820 ᾦ
949 3746 1268 3824 προσῆχθαι
1295 3746 1615 3823 ὀφειλέτης(
1633 3767 1748 3820 μυ-

246 3824 379 3882 ρίων
405 3821 742 3877 ταλάντων.
893 3831 900 3836 ’

255 3954 272 3988 ι
304 3936 396 3991 Διά
423 3938 587 3992 τοῦτο
623 3937 765 4008 λέγω
800 3939 928 4011 ὑμῖν
947 3955 960 3969 °
1007 3937 1276 4011 Ὡμοιώθη
1302 3940 1336 4011 ἡ
1362 3936 1608 4010 βασιλεία
1637 3933 1749 3990 τῶν

188 4026 407 4098 οὐρανῶν
450 4029 730 4102 ἀνθρώπῳ
776 4029 1008 4100 βασιλεῖς
1051 4030 1199 4094 ὅστις
1240 4029 1472 4100 ⁴ιιθέλησε
1517 4031 1748 4103 συνᾶραι

191 4115 326 4186 λόγον
365 4121 500 4191 μετὰ
555 4119 664 4174 τῶν
716 4120 917 4174 δούλων
975 4118 1163 4175 αὑτοῦ.
1189 4139 1208 4172 ι
1265 4119 1327 4172 Ἡ
1373 4119 1471 4190 μὲν
1506 4119 1750 4190 περίνοια

191 4209 276 4281 τῆς
301 4213 606 4286 παραϐολῆς
629 4212 702 4284 (5)
733 4211 1004 4267 διδάσκειν
1035 4211 1282 4282 βούλεται
1307 4210 1752 4282 συγχωρητικοὺς

1857 3677 2016 3750 621
2064 3675 2284 3750 De_rege
2312 3677 2400 3750 qui
2427 3675 2588 3730 voluit
2621 3684 2878 3750 rationem
2905 3694 3096 3746 ponere
3120 3696 3238 3732 cum
3273 3681 3435 3734 servis

1926 3749 2055 3871 fluis,
2087 3748 2154 3800 ad
2183 3763 2336 3816 quem
2367 3748 2542 3800 decem
2565 3748 2710 3801 mille
2740 3749 3060 3802 talentorum
3100 3766 3286 3804 nomen
3337 3751 3437 3804 ad-

1967 3828 2144 3870 uctum
2173 3827 2272 3871 est.

1967 3834 2144 3870 uctum
2173 3834 2272 3871 εδτ.

1927 3927 1978 3982 6.
2023 3946 2040 3978 ι
2085 3926 2211 3983 Ideo
2251 3928 2374 3983 dico
2407 3927 2595 3983 vobis:
2647 3928 3021 3984 Assimilatum
3078 3940 3162 3986 est
3206 3947 3431 4003 regnum

1856 4022 2121 4078 caelorum
2161 4021 2368 4076 homini
2412 4021 2559 4092 regi,
2590 4021 2686 4091 qui
2712 4022 2884 4076 voluit
2923 4023 3190 4077 rationem
3232 4039 3434 4093 ponere

1859 4133 1985 4173 cum
2021 4116 2194 4172 servis
2215 4114 2331 4171 suis
2353 4115 2420 4169 ".
2449 4132 2468 4166 ι
2496 4114 2577 4168 Ad
2603 4113 2833 4184 injurias
2855 4114 2924 4169 iis
2945 4113 3102 4169 facile
3119 4115 3437 4171 condonan-

1859 4207 1960 4263 das
1988 4223 2018 4262 a
2049 4207 2248 4278 quibus
2291 4204 2646 4262 oﬂensionem
2685 4206 2833 4276 passi
2873 4204 3162 4275 fuerimus,
3197 4220 3299 4264 nos
3350 4206 3437 4262 in-

1370 4324 1605 4381 VETUS
1646 4320 2227 4381 INTERPRETATIO.

196 4419 376 4478 tellexit
407 4421 623 4488 Petrus,
654 4431 861 4492 septem
892 4431 1114 4492 peccata
1145 4422 1474 4479 existimans
1504 4423 1786 4493 indulgere
1810 4419 2044 4490 proximi
2069 4418 2155 4475 sui
2187 4418 2240 4493 in
2271 4432 2355 4493 se.
2384 4415 2653 4493 Quoniam
2688 4423 2868 4470 autem
2910 4414 3145 4493 decedes
3183 4422 3239 4493 et
3272 4415 3434 4493 beca-

195 4494 419 4564 tontades
470 4484 1055 4564 aliquem-sermonem
1085 4507 1428 4564 communem
1481 4484 1688 4548 habent
1709 4492 1776 4546 ad
1811 4484 2101 4564 numerum
2143 4489 2325 4564 quiin
2357 4487 2684 4564 monadibus
2727 4493 2833 4552 est,
2857 4494 2912 4540 et
2943 4485 3150 4564 sciebat
3178 4484 3435 4542 Christus

192 4562 459 4634 extendere
482 4556 701 4634 aliquos
726 4572 946 4633 peccata
992 4577 1091 4618 sua
1117 4563 1284 4634 etiam
1309 4563 1561 4626 ulterius,
1594 4571 1881 4634 propterea
1914 4556 2472 4634 existimo‘t‘lhristum
2497 4556 2654 4634 juxta
2704 4558 3078 4634 septenarium
3115 4571 3431 4634 numerum,

194 4631 337 4686 etiam
358 4626 702 4706 septuaginta
728 4626 1032 4706 addidisse,
1069 4642 1127 4688 ut
1153 4633 1300 4706 dicat
1329 4626 1712 4706 remissionem
1756 4631 1872 4706 heri
1898 4642 2152 4706 oportere
2196 4628 2455 4706 fratribus
2497 4630 2552 4681 in
2584 4627 2688 4682 hoc
2737 4627 2943 4682 mundo
2977 4626 3322 4706 degentibus,
3377 4637 3435 4706 et

193 4697 467 4776 secundum
497 4697 590 4760 res
619 4706 782 4776 hujus
814 4697 1411 4776 mundipeccautibus.
1445 4702 1504 4757 Si
1531 4712 1712 4776 autem
1745 4697 1954 4776 aliquis
1975 4699 2522 4776 supergrediensﬂea
2552 4706 2771 4776 peccata
2823 4712 2946 4767 qua:
2981 4697 3096 4776 fieri
3125 4698 3320 4776 solent
3373 4697 3432 4752 in

196 4767 340 4826 rebus
357 4767 724 4832 mundialibus
749 4786 802 4830 et
831 4767 1186 4829 saecularibus
1209 4774 1349 4828 ultra
1379 4774 1703 4842 peccaverit,
1735 4772 1782 4826 si
1804 4767 1986 4842 tamen
2016 4767 2071 4827 et
2093 4767 2195 4826 hoc
2216 4767 2684 4842 possibilefuerit,
2707 4767 2821 4842 jam
2848 4784 2960 4842 non
2983 4767 3430 4842 habebitjustam

199 4842 549 4916 remissionem
579 4857 922 4916 peccatorum
958 4858 1182 4916 suorum
1215 4862 1228 4916 _:
1259 4838 1519 4916 quoniam
1548 4842 1802 4916 remissio
1833 4841 1888 4895 in
1926 4841 2049 4897 istis
2072 4838 2236 4916 rebus
2264 4840 2446 4916 locum
2480 4838 2676 4916 habet,
2703 4847 2758 4916 e_t
2787 4839 2995 4916 in_istis
3021 4839 3258 4906 peccatis
3283 4838 3432 4916 juste

198 4919 479 4993 praestatur,
511 4907 863 4993 sive_tardius
889 4915 982 4969 fiat
1010 4907 1292 4993 remissio:
1322 4913 1438 4970 sive
1464 4914 1596 4993 cite.
1647 4911 1768 4993 Non
1799 4923 1883 4967 est
1917 4926 2047 4993 ergo
2077 4911 2334 4993 remissio
2365 4924 2554 4993 neque.
2579 4907 2740 4990 fratri
2770 4909 2864 4976 qui
2905 4923 3071 4993 supra
3114 4907 3429 4993 Septuagies

201 4982 376 5054 ξοραες
397 4978 599 5053 peccat.
630 4985 929 5042 Considera
958 4992 1138 5040 autem
1179 4984 1224 5040 si
1260 4993 1432 5054 potes,
1462 4994 1516 5038 et
1544 4984 1597 5038 in
1626 4991 1822 5038 natura
1850 4978 2099 5054 omnium
2123 4978 2470 5054 peccatorum
2505 4979 2836 5054 ubicunque,
2869 4978 2950 5032 vel
2981 4978 3430 5054 quandocunque

203 5043 467 5126 factorum,
496 5057 581 5112 vel
634 5057 748 5111 ﬁeri
777 5055 1102 5126 potentium,
1134 5043 1430 5126 quoniam
1460 5063 1545 5108 est
1594 5053 1898 5108 differentia
1918 5093 1933 5117 ,
1969 5043 2358 5126 cogitationem
2399 5049 2640 5120 aliquam
2674 5043 2887 5126 habens
2927 5043 3292 5126 ad'nutneros
3321 5043 3351 5100 ς’
3371 5054 3430 5100 ut

202 5115 332 5199 ἀέξεις
360 5115 598 5199 omnium
627 5115 971 5197 peccatorum
1004 5115 1239 5194 pessima
1262 5139 1384 5179 esse
1418 5138 1734 5199 quaesupra
1763 5115 2066 5176 numerum'
2083 5115 2683 5199 septuegintanséptem,
2709 5122 2946 5199 quando.
2965 5132 3066 5170 nec
3100 5115 3260 5199 Jesus
3293 5130 3428 5169 con-

203 5186 392 5266 siliatur
416 5195 574 5252 Petro
601 5186 702 5253 suo
735 5186 1022 5252 remittere
1035 5211 1199 5264 supra
1227 5186 1511 5266 numerum
1550 5186 1706 5266 illum
1721 5201 1972 5266 peccata,
2002 5201 2057 5266 et
2089 5186 2195 5247 si'a
2233 5186 2398 5245 fratre
2427 5186 2634 5266 [iantin
2663 5186 2812 5266 eum.
2845 5186 3041 5240 Adhuc
3069 5196 3250 5266 autem
3272 5201 3426 5266 ,εφη--

207 5255 384 5337 eidera,
413 5267 457 5320 si
486 5277 660 5337 potes,
687 5267 990 5337 secundum
1018 5254 1225 5337 eaquae
1257 5266 1324 5320 de
1353 5264 1511 5320 Petro
1536 5254 1859 5337 tradidimus
1878 5301 1902 5337 ,_
1927 5254 2017 5318 cui
2048 5271 2219 5333 portae
2249 5276 2356 5337 non
2387 5261 2681 5337 praevalent
2711 5257 3034 5337 inferorum,
3071 5265 3126 5337 et
3157 5254 3248 5310 hic
3270 5255 3435 5337 intel-

206 5323 350 5406 ligere
373 5323 514 5408 eum',
542 5347 598 5391 ut
627 5323 782 5408 quasi
815 5338 869 5392 in
895 5323 1344 5408 Petrum-aliquis
1374 5345 1580 5408 peccet,
1615 5334 1708 5405 qui
1747 5333 1804 5387 in
1833 5323 2017 5408 talem_
2040 5323 2345 5408 peccaverit
2387 5323 2569 5402 qualis
2599 5329 2775 5408 fuerit.
2791 5327 3005 5406 Petrus,
3037 5335 3092 5378 et
3121 5326 3418 5381 secundum

206 5404 444 5478 eIllnsmodi
475 5404 693 5477 quidem
725 5418 949 5478 peccata
993 5421 1113 5478 esse
1136 5404 1338 5478 euniin
1367 5405 1568 5478 minori
1617 5404 1846 5478 numero
1863 5418 1980 5478 non
2006 5404 2225 5478 habenti
2264 5411 2611 5478 peccatorum
2645 5404 3048 5478 remissionem.
3156 5449 3161 5454 ,
3217 5465 3230 5478 _
3350 5465 3363 5476 .
3410 5464 3422 5478 ⁸

268 5467 315 5524 6.
344 5491 362 5524 ι
395 5474 448 5530 ln
475 5465 564 5532 iilo
595 5465 858 5548 tempore,
881 5475 1196 5532 dixitJesus
1249 5475 1530 5546 discipulis
1560 5476 1676 5531 suis
1723 5474 2036 5546 parabolam
2069 5475 2211 5536 banc
2245 5465 2280 5528 ε’
2303 5472 2492 5528 Simile
2537 5477 2624 5527 est
2655 5482 2880 5539 regnum
2918 5467 3189 5523 caelorum
3217 5465 3426 5521 homini

268 5563 304 5592 "
327 5563 504 5625 Matth.
533 5587 642 5626 xvi.
718 5571 765 5602 “
789 5568 978 5624 Matth.
1009 5584 1163 5633 xviii,
1185 5567 1274 5622 25.

249 5653 339 5738 ⁹(ί)
372 5661 591 5738 ᾼὺτῶν.
619 5660 698 5738 Ita
725 5662 880 5717 codd.
905 5660 1239 5738 Anglicanus
1272 5657 1570 5738 et_Regius.
1600 5659 1740 5729 Lege
1850 5670 1905 5738 et
1933 5668 2088 5738 vetus
2134 5659 2420 5738 iiiterpres.
2452 5653 2710 5712 Mendose
2735 5667 2866 5725 ergo
2888 5650 3060 5706 codex
3082 5656 3291 5714 noster,
3321 5649 3424 5724 ἠδη

212 5725 356 5794 αὐτῷ.
394 5727 464 5802 l_t_a
496 5743 646 5788 vetus
685 5733 954 5802 interpres
975 5725 1054 5797 ,’‹
1092 5733 1253 5785 tinem
1300 5731 1350 5786 ei
1394 5725 1740 5800 péccatoruiu

1868 5732 1906 5785 ἰὲ
1936 5725 2354 5802 ἐπιτεινόμενον.
2387 5725 2462 5802 in.
2613 5793 2639 5802 _
2877 5794 2918 5802 Δ.
2954 5796 2970 5802 Δ
2990 5791 3015 5801 _

216 5789 334 5870 esse.
357 5816 381 5870 ι
407 5798 660 5857 Ηυετιιιε.
830 5789 846 5802 ’
975 5789 987 5797 ⁷
1345 5808 1349 5813 ’
1394 5789 1423 5832 ’⁴
1526 5869 1551 5870 κ
1713 5811 1729 5824 ’

1923 5801 2003 5870 ('5)
2048 5801 2107 5855 Ἠ
2121 5789 2238 5868 μὲν
2271 5797 2539 5870 περίκοιᾳ
2567 5793 2676 5862 τῆς
2703 5791 3072 5870 παραϐολῆς,
3100 5803 3205 5849 etc.
3242 5789 3423 5846 Theo—

274 5860 340 5935 (ἳ)
363 5869 512 5940 ᾙδει
528 5872 593 5925 δὲ
615 5873 1058 5941 ἐπιτεινόμενόν
1074 5888 1224 5928 τινα.
1247 5870 1320 5927 Ita
1337 5871 1503 5928 codex
1523 5869 1745 5948 Regius,

1868 5860 2138 5942 phylactus
2169 5871 2281 5924 bwc
2305 5860 2485 5923 retulit
2510 5860 2719 5922 [cretati
2747 5860 2992 5921 verbum.
3031 5867 3103 5916 In.

549 5966 823 6026 ΡΑτιιοι.
876 5966 993 6028 Gn.
1043 5964 1216 6026 X11].

3001 5955 3079 6015 38
3136 6043 3146 6053 .
