3954 6542
201 411 364 475 “97

1167 419 1520 478 COMMENT.
1561 421 1628 477 IN
1661 422 2076 484 ΜΔΤἹἮᾹΞΗΜ
2117 427 2352 487 ΤΟΜΙΙΒ
2391 430 2529 488 XIV.

3342 444 3477 501 H98

202 535 314 590 τοῦ
359 534 601 598 εἰπόντος
645 533 803 599 αὐτὰ,
851 533 935 587 ἵνα
972 535 1048 600 ὡς
1084 534 1236 592 εἶπεν
1264 541 1293 592 6
1320 540 1550 612 Χριστὸς
1589 539 1783 611 νοηθῇ·

1894 544 2048 598 rendi
2083 545 2308 614 peritior
2359 547 2448 616 sit,
2477 547 2771 605 verisimile
2802 559 2904 638 est,
2942 567 3174 623 quorum
3219 557 3480 629 explana-

200 628 289 693 ὡς
318 629 429 702 γὰρ
456 648 474 680 ι
509 628 683 692 οὐδεὶς
715 623 823 681 οἶδε
865 628 1167 701 ἀνθρώπων
1195 631 1263 685 τὰ
1293 632 1386 684 τοῦ
1421 631 1708 704 ἀνθρώπου
1742 635 1790 686 εί

203 719 293 794 μὴ
314 721 378 774 τὸ
405 719 622 791 πνεῦμα
648 720 708 772 τὸ
727 721 784 773 ὲν
806 720 974 792 αὐτῷ,
1002 722 1095 774 καὶ
1117 722 1288 786 οὐδεὶς
1312 718 1418 776 οἶδε
1447 724 1516 777 τὰ
1541 723 1635 777 τοῦ
1655 726 1790 780 Θεοῦ

199 814 254 865 εί
292 812 373 885 μὴ
403 813 466 866 τὸ
507 811 732 883 Πνεῦμα
768 811 862 866 τοῦ
896 809 1286 873 Θεοῦοιούτως
1301 815 1472 878 οὐδεὶς
1505 811 1611 868 οἶδε
1655 816 1794 887 μετὰ

196 903 304 957 τὸν
345 905 476 959 Θεὸν
507 904 576 958 τὰ
603 905 707 958 ὑπὸ
740 903 838 958 τοῦ
875 905 1111 978 Χριστοῦ
1135 904 1469 977 λελαλημένα
1507 908 1564 961 ὲν
1596 926 1792 978 παροι-

201 995 371 1065 μίαις
405 996 498 1049 καὶ
535 995 870 1070 παραϐολαῖς
903 998 949 1049 εί
982 997 1057 1070 μὴ
1090 997 1152 1051 τὸ
1183 997 1420 1068 Χριστοῦ
1454 999 1697 1071 Πνεῦμα,
1731 994 1793 1056 οὐ

191 1089 228 1139 6
255 1088 509 1158 μετέχων
537 1090 598 1142 οὐ
628 1089 786 1160 μόνον
814 1088 948 1143 καθὸ
977 1089 1215 1162 Χριστοῦ
1245 1091 1360 1144 ἐστι
1386 1091 1631 1164 Πνεῦμα,
1658 1093 1793 1148 ἀλλὰ

195 1179 314 1234 καὶ,
340 1181 477 1235 καθὸ
499 1182 734 1254 Χριστοῦ
755 1183 830 1246 ὡς
858 1183 1069 1252 σοφίας,
1101 1183 1176 1247 ὠς
1208 1185 1405 1254 Λόγου,
1431 1185 1702 1259 θεωρῆσαι
1726 1186 1792 1240 ἂν

193 1273 271 1327 τὰ
315 1275 462 1328 κατὰ
505 1275 596 1328 τὸν
639 1276 802 1330 τόπον
849 1275 998 1347 αὐτῷ
1048 1276 1562 1349 ἀποκαλυπτόμενα.
1633 1279 1791 1333 Ἀλλὰ

197 1368 342 1439 περὶ
396 1367 494 1438 μὲν
533 1367 631 1438 τῆς
675 1366 937 1421 ἀνωτάτω
984 1369 1290 1440 διηγήσεως
1333 1370 1432 1423 οὐκ
1459 1370 1793 1440 ἐπαγγελλό-

198 1459 356 1530 μεθα
385 1460 501 1531 μὲν,
537 1459 597 1512 οὐ
631 1459 734 1531 μὴν
765 1459 876 1512 οὐδ’
908 1459 1281 1531 ἀπελπίζομεν
1310 1461 1418 1514 ἀπὸ
1448 1462 1705 1533 Χριστοῦ,
1733 1461 1792 1525 ὃς

195 1553 324 1605 ἐστι
374 1553 533 1622 σοφία
574 1551 728 1616 Θεοῦ,
762 1551 1117 1624 βοηθούμενοι
1149 1552 1476 1608 καταλαϐεῖν
1513 1553 1581 1607 τὰ
1627 1555 1684 1606 ἐν
1723 1557 1788 1626 τῇ

195 1642 496 1715 παραϐολῇ
522 1641 859 1713 δηλούμενα·
898 1643 1125 1716 πότερον
1160 1643 1245 1709 δὲ,
1282 1643 1422 1697 ὥστε
1458 1645 1550 1697 καὶ
1583 1645 1789 1712 ὑπαγο-

196 1735 474 1808 ρευθῆναι
505 1737 572 1790 τὰ
596 1738 820 1792 τοιαῦτα
851 1739 976 1810 τῇδε
1011 1741 1076 1809 τῇ
1114 1739 1300 1808 γραφῇ
1329 1736 1427 1809 (8)ν
1459 1737 1492 1808 ἢ
1531 1736 1627 1806 μὴν
1659 1735 1790 1799 Θεὸς

193 1828 265 1882 ἂν
293 1829 564 1883 ὑποϐάλοι
607 1832 666 1884 ὲν
707 1834 948 1906 Χριστῷ,
986 1831 1208 1902 ποιῆσαι
1253 1831 1314 1883 τὸ
1352 1829 1581 1901 ἀρεστὸν
1619 1828 1785 1899 αὐτῷ,

1903 637 2104 693 tionem
2129 649 2182 695 et
2203 640 2702 712 interpretationem
2725 637 2998 704 humanas
3036 650 3179 706 vires
3195 666 3477 722 superare,

1898 736 1953 783 et
1976 727 2176 785 Christi
2209 732 2302 801 qui
2329 747 2392 788 ea
2414 734 2660 802 protulit,
2698 733 2906 806 Spiritu
2948 739 3189 812 indigere
3218 744 3476 810 arbitror,

1899 829 1961 876 ut
1991 837 2100 892 quo
2122 823 2283 879 modo
2321 825 2464 880 dicta
2493 835 2662 892 sunt,
2713 826 2785 882 ita
2831 829 3240 902 intelligantur;
3287 850 3480 905 quem-

1899 913 2190 969 admodum
2220 916 2365 970 enim
2400 934 2420 969 ι
2444 933 2607 974 nemo
2641 919 2924 976 hominum
2951 923 3053 978 scit
3077 939 3200 994 qua;
3231 936 3362 982 sunt
3380 928 3482 983 ho-

1899 1003 2080 1072 minis,
2107 1005 2214 1063 nisi
2243 1007 2468 1076 spiritus
2499 1009 2740 1068 hominis
2774 1014 2869 1082 qui
2910 1013 2964 1068 in
2995 1014 3114 1086 ipso
3135 1025 3240 1084 est,
3265 1026 3320 1073 et
3356 1033 3482 1089 qua:

1899 1093 1993 1152 Dei
2022 1107 2148 1152 sunt
2169 1113 2330 1155 nemo
2364 1102 2653 1172 cognovit,
2699 1103 2806 1159 nisi
2840 1103 3076 1174 Spiritus
3110 1105 3206 1162 Dei
3237 1108 3290 1176 ¹;
3326 1127 3347 1162 ι
3403 1108 3480 1166 ita

1897 1204 2020 1258 quae
2046 1189 2298 1247 Christus
2326 1191 2378 1246 in
2411 1196 2714 1263 proverbiis
2748 1205 2803 1251 et
2827 1198 3104 1267 parabolis
3132 1201 3349 1257 locutus
3371 1213 3478 1269 est,

1897 1289 2021 1351 post
2072 1280 2242 1336 Deum
2276 1299 2435 1339 nemo
2467 1286 2620 1340 novit
2644 1329 2659 1354 ,
2713 1296 2910 1358 praeter
2939 1288 3200 1359 Spiritum
3239 1291 3476 1360 Christi;

1897 1371 2056 1441 cujus
2085 1373 2176 1442 qui
2200 1373 2364 1429 fuerit
2413 1376 2722 1446 particeps,
2777 1393 2884 1432 non
2943 1388 3155 1434 tantum
3209 1391 3479 1450 quatenus

1896 1463 2098 1520 Christi
2152 1465 2388 1536 Spiritus
2427 1477 2530 1534 est,
2567 1468 2662 1524 sed
2701 1478 2974 1539 quatenus
3017 1471 3226 1528 Christi
3268 1481 3329 1528 ut
3377 1472 3478 1530 Sa-

1897 1556 2111 1627 pientiae
2146 1597 2160 1622 ,
2225 1567 2283 1613 ut
2357 1557 2558 1629 Verbi,
2603 1562 2651 1617 is
2701 1578 2824 1632 quae
2875 1564 2979 1620 sibi
3010 1580 3174 1634 super
3202 1567 3306 1621 hoc
3352 1565 3478 1624 loco

1897 1658 2081 1718 aperta
2113 1649 2313 1704 fuerint
2367 1662 2420 1706 et
2462 1664 2684 1721 retecta,
2722 1657 2908 1712 animo
2959 1659 3319 1729 contemplari
3375 1676 3475 1730 po-

1903 1740 2047 1796 terit.
2115 1742 2184 1796 At
2226 1744 2372 1812 quod
2415 1745 2482 1800 ad
2530 1749 2929 1817 expositionem
2985 1749 3127 1805 hanc
3183 1751 3472 1807 sublimem

1895 1834 2156 1904 pertinet,
2213 1850 2321 1890 non
2374 1839 2707 1906 spondemus
2753 1841 3014 1910 quidem,
3069 1857 3247 1912 neque
3323 1853 3472 1898 certe

196 1920 374 1990 μόνον
424 1922 520 1976 ἐὰν
555 1923 734 1997 δοθείη
761 1900 864 1978 ⁷καὶ
899 1900 1036 1996 ’περὶ
1065 1900 1268 1977 τούτων
1297 1924 1325 1975 6
1371 1900 1460 1975 διὰ
1492 1921 1584 1975 τοῦ
1620 1920 1783 1975 Πνεύ-

1890 1900 2261 1992 desperamus,
2297 1900 2500 1982 Christi
2549 1942 2651 1996 ope
2681 1900 2851 1999 adjuti
2878 1972 2893 1996 ,
2938 1900 3033 2000 qui
3071 1900 3172 1986 Dei
3196 1929 3472 2001 Sapientia

195 2031 380 2084 ματος
405 2016 680 2088 διδόμενος
714 2019 872 2088 λόγος
910 2018 1102 2088 σοφίας
1141 2017 1250 2071 ἀπὸ
1286 2015 1380 2070 τοῦ
1424 2013 1582 2078 Θεοῦ,
1632 2015 1726 2068 καὶ
1759 2014 1783 2068 ό

1890 2023 1992 2083 est,
2022 2016 2238 2085 assequi
2265 2032 2386 2086 quae
2435 2018 2490 2072 in
2522 2021 2778 2088 parabola
2804 2022 3150 2079 declarantur
3175 2027 3196 2056 ²
3229 2043 3242 2078 :
3293 2040 3360 2078 an
3398 2025 3474 2080 ita

191 2104 348 2158 κατὰ
389 2106 448 2159 τὸ
477 2107 699 2179 Πνεῦμα
727 2109 1222 2182 ἐπιχορηγούμενος
1248 2108 1403 2177 λόγος
1436 2108 1709 2178 γνώσεως.

1890 2119 2018 2160 vero
2041 2113 2099 2158 ut
2119 2120 2183 2159 ea
2203 2107 2364 2160 etiam
2397 2108 2681 2179 scripturae
2704 2110 2832 2166 huic
2864 2113 3252 2183 subjiciantur,
3278 2131 3471 2180 necne,

193 2209 463 2268 suggerat
492 2201 652 2257 nobis
681 2201 824 2259 Deus
852 2203 906 2258 in
929 2203 1169 2270 Christo,
1196 2213 1256 2258 ut
1285 2203 1427 2274 quod
1479 2203 1581 2259 sibi
1613 2202 1872 2273 placitum
1908 2207 1991 2254 est
2018 2199 2279 2254 duntaxat
2309 2199 2607 2270 faciamus;
2640 2203 2797 2259 detur
2823 2206 3007 2272 modo,
3041 2208 3236 2264 horum
3277 2212 3470 2280 gratia,
3533 2189 3546 2204 ⁸

192 2308 390 2349 sermo
407 2297 707 2367 sapientiae,
741 2300 834 2370 qui
864 2316 960 2370 per
991 2299 1253 2369 Spiritum
1285 2300 1446 2354 datur
1497 2315 1528 2354 a
1557 2297 1688 2363 Deo,
1714 2306 1768 2352 et
1791 2295 1972 2352 sermo
2001 2295 2240 2351 scientia:
2256 2296 2347 2365 qui
2377 2284 2677 2353 secundum
2705 2298 2967 2368 Spiritum
2999 2301 3469 2358 subministratur.

272 2405 293 2440 ι
346 2389 641 2462 Ὡμοιώθη,
667 2393 850 2463 φησὶν,
883 2394 915 2464 ἡ
939 2392 1183 2463 βασιλεία
1209 2392 1318 2447 τῶν
1340 2392 1606 2463 οὐρανῶν,
1643 2410 1661 2443 ι
1693 2391 1788 2444 καὶ

191 2481 260 2535 τὰ
314 2481 471 2551 ἑξῆς.
515 2485 577 2536 El
615 2484 670 2536 δὲ
704 2483 912 2555 βασιλεῖ
954 2483 1212 2556 ὡμοιώθη
1246 2484 1435 2554 τοιῷδε
1472 2484 1566 2536 καὶ
1608 2482 1787 2536 τοιάδε

193 2574 552 2645 πετοιηκὸτι,
605 2576 724 2628 τίνα
763 2576 870 2647 χρὴ
909 2576 1087 2645 λέγειν
1136 2577 1168 2647 ἣ
1216 2575 1307 2629 τὸν
1347 2575 1472 2628 Υἰὸν
1498 2574 1589 2628 τοῦ
1620 2575 1784 2639 Θεοῦ;

190 2666 366 2729 αὐτὸς
394 2666 502 2738 γάρ
530 2668 677 2720 ἐστιν
708 2671 735 2721 6
767 2667 1020 2737 βασιλεὺς
1038 2667 1147 2721 τῶν
1166 2666 1408 2737 οὐρανῶν
1428 2683 1440 2697 ⁸
1483 2668 1577 2720 καὶ
1598 2666 1786 2738 ὥσπερ

193 2755 366 2818 αὐτός
393 2758 540 2808 ἐστιν
561 2757 593 2826 ἡ
611 2757 905 2826 αὐτοσοφία
922 2757 1016 2828 (9),
1048 2757 1138 2811 καὶ
1159 2755 1672 2828 ήαύτοδικαιοσύνη,
1694 2757 1786 2810 καὶ

191 2844 628 2916 ἡαύτοαλήθεια,
654 2847 795 2900 οὕτω
827 2849 1036 2918 μήποτε
1053 2847 1145 2900 καὶ
1168 2849 1199 2917 ἡ
1222 2846 1598 2900 αὐτοὸασιλεία
1627 2863 1641 2911 ;
1676 2847 1784 2899 Βα-

195 2938 384 2991 σιλεία
395 2938 450 2991 δὲ
466 2940 525 2992 οὐ
549 2938 654 2992 τῶν
672 2940 821 2993 κάτω
843 2941 1008 3004 τινὸς,
1031 2939 1150 2993 οὐδὲ
1168 2939 1366 3011 μέρους
1393 2939 1498 2992 τῶν
1513 2937 1783 3002 amem

194 3030 422 3084 πάντων
445 3031 552 3086 τῶν
584 3032 695 3085 ἄνω
719 3072 734 3094 ,
779 3032 934 3086 ἅτινα
964 3032 1359 3104 ὠνομάσθησαν
1389 3030 1624 3101 οὐρανοί.
1666 3030 1784 3084 Κᾶν

193 3123 369 3195 ζητῇς
395 3124 450 3178 δὲ
474 3125 564 3178 τό⁶
605 3145 623 3176 ι
650 3125 838 3178 Αὐτῶν
855 3127 1000 3178 ἐστιν
1024 3127 1055 3196 ἡ
1075 3125 1316 3194 βασιλεία
1338 3123 1445 3177 τῶν
1462 3123 1728 3194 οὐρανῶν,
1756 3142 1776 3176 ι

191 3215 426 3271 δύνασαι
472 3217 670 3286 λέγειν,
721 3219 802 3271 ὅτι
853 3217 1030 3271 αὐτῶν
1081 3219 1227 3269 ἐστιν
1273 3218 1300 3269 6
1344 3215 1598 3286 Χριστὸς,
1647 3215 1780 3269 καθὸ

192 3311 584 3365 αὐτοϐασιλεία
611 3313 748 3375 ἐστὶ,
781 3311 1076 3380 βασιλεύων
1108 3310 1228 3364 καθ’
1264 3311 1500 3382 εκάστην
1538 3309 1780 3366 ἐπίνοιαν

192 3402 366 3456 αὐτοῦ
404 3401 497 3454 τοῦ
531 3402 726 3473 μηκέτι
758 3401 1175 3472 βασιλευομένου
1222 3401 1328 3454 ὑπὸ
1351 3402 1450 3472 τῆς
1484 3400 1776 3472 ἁμαρτίας,

195 3493 594 3565 βασιλευούσης
623 3497 679 3548 ὲν
707 3495 785 3566 τῷ
818 3495 995 3566 θνητῷ
1024 3493 1236 3566 σώματι
1259 3494 1367 3547 τῶν
1401 3495 1627 3558 ἑαυτοὺς
1657 3495 1783 3546 ὐπο-

191 3589 477 3656 φιξάντων
503 3590 675 3661 αὐτῇ·
711 3591 804 3642 καὶ
833 3588 926 3643 ἐὰν
952 3588 1113 3656 λέγω,
1153 3585 1452 3658 βασιλεύων
1487 3586 1610 3640 καθ’
1645 3585 1776 3638 ἐκά-

194 3699 326 3753 στην
382 3682 624 3736 ἐπίνοιαν
666 3682 853 3745 αὐτοῦ,
891 3680 1131 3734 τοιοῦτόν
1181 3697 1234 3732 τι
1275 3678 1441 3749 δηλῶ,
1480 3677 1778 3749 βασιλεύων

257 3774 580 3844 δικαιοσύνη
614 3774 750 3840 ἐστὶ,
783 3773 878 3826 καὶ
984 3772 1165 3841 σοφία,
1189 3771 1282 3824 κα)⁸
1390 3768 1637 3840 ἀλήθεια,
1683 3771 1778 3823 καὶ

193 3869 245 3920 αἱ
277 3866 470 3920 λοιπαὶ
510 3865 723 3937 ἀρεταὶ,
766 3866 860 3918 τοῦ
893 3863 1207 3935 γενομένου,
1252 3862 1340 3916 διὰ
1371 3863 1432 3915 τὸ
1465 3864 1649 3932 φορεῖν
1681 3861 1780 3933 τὴν

137 3941 140 3947 ’
192 3959 380 4012 εἰκόνα
429 3958 524 4012 τοῦ
566 3957 911 4030 ἐπουρανίου,
955 3955 1209 4026 οὐρανοῦ,
1256 3955 1352 4008 καὶ⁹
1395 3953 1576 4024 πάσης
1621 3953 1779 4006 δυνά-

197 4069 364 4121 μεως,
412 4051 521 4103 εῐτε
570 4050 870 4120 ἀγγελικῆς
916 4048 1024 4102 εἴτε
1059 4048 1165 4101 τῶν
1197 4046 1400 4100 λοιπῶν
1441 4043 1774 4117 ὀνομαζομέ-

191 4161 318 4210 νων,
354 4143 420 4196 οὐ
457 4143 615 4214 μόνον
658 4144 716 4197 ὲν
759 4141 934 4213 τούτῳ
960 4139 1037 4211 τῷ
1082 4139 1260 4203 αἰῶνι,
1306 4138 1441 4192 ἀλλὰ
1475 4137 1567 4190 καὶ
1612 4137 1670 4189 ὲν
1701 4135 1776 4207 τῷ

1957 2387 2008 2442 7.
2046 2405 2065 2438 ι
2098 2389 2472 2444 Assimilatum
2513 2398 2615 2456 est,
2649 2390 2847 2460 inquit,
2883 2407 3112 2462 regnum
3139 2393 3464 2461 cmlorum,»

1886 2484 1940 2530 et
1965 2487 2159 2532 cretera
2189 2495 2202 2545 ;
2235 2479 2278 2533 si
2316 2479 2426 2549 regi
2463 2479 2577 2543 tali,
2631 2480 2826 2535 taliave
2868 2482 3049 2551 agenti
3098 2483 3464 2538 assimilatum

1885 2580 1988 2636 est,
2015 2571 2271 2640 quidnam
2308 2570 2439 2626 illud
2482 2587 2604 2626 esse
2645 2573 2936 2628 dicendum
2968 2583 3082 2641 est,
3121 2577 3226 2632 nisi
3271 2577 3469 2632 Filium

1886 2659 2011 2727 Dei;
2050 2662 2164 2732 ipse
2187 2662 2331 2717 enim
2358 2664 2623 2719 caelorum
2657 2681 2753 2720 rex
2777 2676 2881 2729 est,
2908 2675 2962 2722 et
3001 2669 3468 2738 quemadmodum

1887 2751 1933 2808 is
1957 2751 2070 2822 ipsa
2104 2753 2365 2822 sapientia
2385 2765 2469 2810 est
2491 2764 2542 2810 et
2575 2755 2689 2826 ipsa
2714 2758 2927 2828 justitia
2958 2799 2972 2825 ,
3003 2768 3058 2816 et
3092 2761 3212 2831 ipsa
3246 2765 3468 2830 veritas,

1885 2852 2068 2898 annon
2099 2846 2213 2914 pari
2246 2847 2462 2902 ratione
2486 2857 2540 2901 et
2574 2849 2752 2917 ipsum
2781 2865 3009 2920 regnum
3052 2854 3172 2908 est?
3219 2853 3467 2926 Regnum

1885 2945 1968 2991 est
1999 2947 2180 2991 autem
2218 2953 2326 2991 non
2354 2938 2406 2993 in
2435 2939 2671 3010 aliquem
2703 2957 2769 2996 ex
2794 2941 3172 3011 inferioribus,
3204 2960 3382 3014 neque
3411 2945 3466 3000 in

1886 3029 2229 3099 superiorum
2266 3039 2500 3099 partem,
2537 3033 2629 3086 sed
2679 3032 2732 3086 in
2781 3036 3062 3104 superiora
3092 3035 3300 3101 omnia,
3346 3052 3468 3106 qua:

1888 3125 2011 3179 (ξωιί
2064 3132 2377 3194 nuncupata
2432 3133 2577 3179 sunt.
2609 3123 2764 3191 Quod
2812 3126 2858 3181 si
2905 3134 2959 3181 et
2989 3126 3120 3181 illud
3148 3126 3413 3183 discutias
3447 3144 3462 3178 :

1889 3239 1911 3274 ο
1948 3218 2172 3276 Illorum
2217 3229 2300 3275 est
2327 3235 2552 3291 regnum
2587 3219 2849 3276 caelorum
2875 3220 2931 3286 ³,
2979 3239 2998 3272 ι
3037 3220 3254 3276 illorum
3300 3221 3465 3293 623

1884 3327 2114 3383 regnum
2142 3325 2262 3366 esse
2282 3309 2559 3364 Christum
2584 3310 2764 3364 dicere
2788 3319 2960 3379 potes.
2985 3319 3256 3380 quatenus
3279 3310 3459 3381 ipsum

1883 3419 2112 3475 regnum
2146 3411 2248 3467 est,
2286 3403 2573 3472 imperium
2607 3403 2862 3457 obtinens
2911 3403 2964 3456 in
3017 3419 3465 3474 unamquamque

1882 3479 2001 3565 ejus
2030 3494 2437 3565 cogitationem,
2470 3494 2564 3564 qui
2609 3494 2723 3564 jam
2779 3509 2889 3549 non
2946 3494 3183 3564 amplius
3234 3495 3464 3565 imperio

1884 3587 2136 3642 subditus
2165 3596 2249 3640 est
2277 3587 2509 3655 peccati,
2546 3585 2693 3655 quod
2723 3586 2776 3639 in
2811 3600 3003 3642 eorum
3036 3601 3268 3659 corpore
3314 3604 3464 3644 mor-

1881 3680 1978 3733 tali
2011 3687 2201 3748 regnat
2225 3678 2318 3747 qui
2353 3692 2472 3733 sese
2508 3676 2635 3733 huic
2657 3679 3007 3747 subjecerunt
3040 3698 3052 3733 :
3079 3688 3279 3735 etcum
3311 3680 3459 3746 dico,

1881 3771 1934 3824 in
1969 3785 2418 3839 unamquamque
2446 3769 2566 3838 ejus
2603 3770 2989 3841 cogitationem
3045 3771 3333 3840 imperium
3365 3771 3465 3826 ob-

1879 3862 2081 3927 tinens,
2111 3861 2214 3915 tale
2245 3860 2523 3930 quidpiam
2576 3860 2940 3930 signiticatum
2989 3862 3147 3927 volo,
3193 3871 3463 3930 quatenus

1875 3949 2085 4020 juStitia
2119 3956 2228 4015 est;
2255 3959 2310 4004 et
2344 3949 2638 4018 sapientia,
2665 3958 2720 4004 et
2753 3951 2975 4015 veritas,
3012 3959 3065 4005 et
3098 3950 3321 4020 reliquae
3352 3951 3462 4004 vir-

1883 4051 2048 4105 tutes,
2075 4041 2361 4110 imperium
2389 4041 2442 4094 in
2467 4055 2590 4094 eum
2610 4054 2873 4096 exercens
2893 4042 2984 4111 qui
3013 4041 3211 4096 caelum
3235 4041 3460 4097 eﬂ‘ectus

1883 4141 1987 4199 est,
2020 4132 2313 4203 imaginem
2351 4132 2471 4201 ejus
2521 4131 2756 4201 gerendo
2781 4133 2874 4202 qui
2904 4133 2957 4187 in
2987 4133 3127 4188 caelo
3158 4142 3243 4189 est
3268 4150 3283 4200 ;
3311 4140 3365 4188 et
3402 4133 3460 4187 in

1401 4249 1632 4307 VETUS
1667 4245 2252 4305 INTERPRETATIO.

192 4377 374 4444 egredi
402 4390 526 4430 eum
557 4373 651 4445 qui
677 4373 885 4443 accepit
926 4369 1313 4445 indulgentiam
1348 4368 1680 4445 talentorum
1713 4365 2035 4430 multorum,
2068 4363 2152 4445 vel
2189 4362 2314 4445 quis
2344 4371 2430 4445 _est_
2455 4363 2544 4445 ille
2567 4377 2868 4445 conseryus
2892 4378 3060 4445 unus,
3085 4378 3177 4433 qui
3220 4377 3329 4418 non
3359 4378 3458 4434 pa-

192 4433 526 4505 trifamilias.
552 4433 646 4501 sed
673 4433 829 4500 servo
865 4433 1254 4514 indulgentiam
1279 4439 1585 4514 debitorum
1621 4451 1854 4514 suorum_
1880 4444 2176 4514 consecuto
2204 4433 2452 4514 debebat,
2469 4441 2534 4514 et
2561 4434 2688 4514 quid
2721 4433 2968 4514 sibinvult
3015 4449 3278 4514 numerus
3311 4448 3444 4488 cen-

193 4527 303 4571 tum
332 4503 704 4580 denariorum,
759 4524 812 4569 et
842 4514 968 4585 quid
1003 4503 1092 4585 est
1120 4510 1351 4585 e_ﬂ‘ocare
1377 4517 1430 4563 et
1461 4509 1665 4572 dicere,
1706 4524 1724 4556 ι
1763 4505 1926 4585 redde
1952 4505 2102 4585 quod
2135 4504 2336 4585 debes;
2375 4522 2394 4555 ι
2429 4512 2484 4558 et
2513 4505 2637 4585 quis
2684 4511 2768 4584 est
2801 4503 2890 4557 ille
2935 4518 3134 4585 carcer.
3176 4503 3229 4557 in
3278 4519 3444 4573 quem

194 4601 519 4642 conservum
552 4574 710 4641 suum
740 4574 974 4640 detrusit
1007 4580 1394 4654 indulgentiam
1431 4586 1760 4654 consecutus
1801 4575 2128 4629 talentorum
2160 4574 2500 4654 multorum;
2533 4581 2588 4628 et
2619 4574 2712 4654 qui
2747 4574 3016 4654 conservi,
3043 4574 3136 4643 qui
3168 4585 3294 4629 sunt
3323 4589 3459 4628 con-

194 4658 416 4716 tristati.
455 4657 679 4710 domino
706 4655 1022 4709 nuntiantes
1055 4644 1239 4706 omnia
1268 4649 1429 4712 facta,
1458 4657 1511 4702 et
1539 4648 1632 4718 qui
1661 4653 1790 4718 sunt
1819 4654 2052 4718 tortores
2080 4645 2281 4714 quibus
2305 4644 2542 4718 traditus
2570 4652 2670 4718 est
2687 4644 2733 4697 is
2780 4644 2881 4718 qui
2907 4657 3243 4718 conserrttm‘
3281 4659 3458 4718 suum

194 4712 427 4782 detrusit
452 4727 505 4780 in
536 4740 808 4781 carcerem
837 4766 853 4790 ,
883 4734 935 4779 et
966 4723 1240 4794 quomodo
1271 4718 1504 4794 reddidit
1533 4712 1832 4773 tortoribus
1867 4712 2289 4770 traditus—omne
2320 4714 2468 4783 quod
2511 4713 2719 4780 debuit,
2757 4723 2815 4767 ut
2861 4712 2974 4782 jam
3030 4712 3169 4767 nihil
3212 4713 3452 4772 deberet.

195 4794 309 4850 Jam
341 4814 491 4851 nunc
526 4797 859 4866 propositam
888 4789 1280 4862 expositionem
1317 4789 1612 4866 tangimus.

262 4867 312 4923 7.
357 4887 376 4919 ι
419 4851 607 4922 Sim'ile
630 4851 734 4926 est,
762 4851 974 4934 inquit:
991 4877 1216 4934 regnum
1245 4851 1508 4934 caelorum
1537 4856 1741 4934 homini
1773 4854 1910 4926 regi.
1946 4873 1965 4907 ι
2012 4852 2070 4909 Si
2097 4867 2321 4934 regnum
2374 4853 2638 4934 caelorum
2665 4851 3058 4934 Iassimilatum
3078 4922 3093 4934 .
3114 4861 3200 4908 est
3215 4853 3451 4934 cuidam

195 4922 399 4993 homini
437 4939 573 5008 regi,
609 4922 890 4990 videamus
925 4922 979 4989 in
1011 4922 1202 5014 primis
1227 4931 1357 5000 quid
1391 4929 1467 5014 sit'
1495 4929 1598 4983 hoc
1633 4922 2072 5014 ipsi-Intregnum
2104 4922 2367 5014 cqélorum
2391 4922 3051 5014 quodoassimil‘agut‘lfhgft
3077 4922 3450 5014 hqpltfiﬁj.

195 5009 297 5063 nisi
348 4995 529 5062 Filius
550 4995 662 5062 Dei.
683 5007 802 5075 Ipse
827 5014 910 5060 est
937 4995 1080 5060 enim
1109 4995 1332 5071 regnum
1367 4995 1672 5075 calorum.‘
1685 4995 1752 5051 Et
1778 4997 1923 5052 sicut
1952 4995 2066 5075 ipse
2093 5005 2182 5075 est
2208 4995 2498 5075 sapientia,
2543 4995 2660 5062 ipse
2704 5001 2788 5047 est
2815 4995 3048 5075 justitia,
3077 4995 3193 5060 ipse
3224 4995 3451 5072 veritas,

195 5078 265 5132 ita
293 5081 410 5150 ipse
437 5087 520 5132 est
544 5063 794 5146 regnu'm.
825 5075 1072 5150 Regnum
1109 5063 1287 5150 autem
1314 5087 1422 5124 non
1451 5068 1684 5137 alicujus
1717 5082 1910 5147 eorum
1940 5063 2190 5150 qui‘supt
2225 5066 2512 5150 deorsum,
2543 5063 3452 5150 cnec_q‘t71orurn_damjgeet-t1nlqui

196 5131 413 5205 sursum
447 5131 735 5211 habeatur,
768 5149 860 5201 sed
893 5131 1137 5199 omnium
1173 5143 1267 5212 qui
1302 5149 1428 5214 sunt
1471 5131 1714 5214 sursum,
1764 5137 1858 5207 qui
1888 5131 2139 5205 appellati
2175 5142 2302 5188 sunt
2341 5133 2488 5187 εαξη.
2543 5132 2856 5214 Secundum
2897 5133 3002 5186 hoc
3046 5131 3236 5214 dicere
3269 5139 3446 5199 potes,

196 5201 455 5287 quoin—iam
484 5201 735 5286 ipserum'
757 5226 841 5272 est
892 5215 1142 5270 Christus
1191 5201 1492 5287 secundum
1520 5208 1665 5287 quod
1698 5201 1814 5276 ipse
1840 5201 2215 5287 est'regnum,
2254 5218 2489 5287 regnans
2524 5201 2767 5287 quotidie
2823 5203 2882 5287 in
2903 5201 3168 5287 sensibus
3225 5215 3448 5287 eorum,

195 5271 444 5345 sicut—est
474 5271 710 5357 regnans
734 5295 790 5341 et
808 5287 1019 5356 justitia
1051 5293 1106 5357 et
1129 5281 1392 5357 sapientia
1417 5289 1470 5334 et
1496 5271 1734 5343 veritas;
1755 5271 2072 5357 exterasque
2104 5271 2338 5357 virtutes
2352 5273 2404 5357 ip
2435 5288 2501 5357 eo
2530 5273 2624 5343 qui
2658 5271 2837 5357 lactus
2860 5271 3194 5357 estcga‘lujm,

3229 5284 3324 5339 per
3347 5270 3456 5327 hoc

193 5339 331 5426 quod
363 5339 1224 5428 portasitictelest'isLimaginenf.
1255 5351 1367 5406 l‘loc
1394 5365 1524 5420 ergo
1551 5339 1790 5428 regnum.
1811 5339 2079 5428 caeloer
2112 5343 2332 5428 quando
2366 5339 2567 5425 factum
2605 5349 2688 5424 est
2725 5361 2742 5392 ι
2773 5342 2839 5428 .in
2869 5340 3230 5428 isimilitud‘ipe
3259 5339 3454 5428 carnis

195 5410 425 5497 peccati,
442 5410 520 5482 ut
540 5410 607 5483 de
636 5410 858 5498 peccato
883 5410 1168 5482 damnaret
1195 5410 1486 5493 peccatum
1501 5436 1517 5484 ;
1551 5438 1570 5470 ι
1598 5410 1728 5474 tunc
1747 5417 1944 5472 similis
1978 5410 2154 5470 factus
2183 5422 2266 5469 est
2296 5413 2506 5468 homini
2547 5413 2658 5482 regi
2695 5413 2889 5468 uniens
2914 5426 3040 5466 eum
3074 5410 3202 5477 sibi,
3251 5419 3309 5465 et
3355 5424 3454 5479 per

264 5549 322 5605 '1
353 5550 484 5605 Cor.
522 5565 582 5617 ιι,
613 5549 701 5603 il.
777 5549 798 5578 ²
826 5545 845 5600 l
871 5547 998 5602 Cor.
1032 5560 1131 5612 xu,
1163 5543 1216 5598 8.
1293 5543 1314 5574 ³
1341 5540 1531 5596 Matth.
1564 5555 1620 5604 ν,
1648 5539 1705 5594 5.

260 5666 332 5737 (8)
373 5666 556 5723 Codex
592 5663 794 5737 Regius
836 5632 1156 5731 ιιπυειτῇδε
1197 5660 1261 5729 τῇ
1292 5658 1513 5728 γραφῇς
1553 5653 1607 5707 in
1647 5653 1759 5707 An-

197 5735 403 5807 glicano
431 5737 588 5807 deest
621 5735 767 5805 τῇδε.

266 5807 335 5877 (9)
373 5808 482 5863 Kal
518 5797 721 5872 ὣσπὲρ
748 5803 930 5868 αὑτός
966 5802 1138 5877 ἐστιν
1173 5799 1213 5867 ἡ
1263 5797 1616 5877 ιρῖτοσοξξία,
1649 5803 1752 5877 θιρ.

1883 5648 2055 5720 Ἰησοῦ
2091 5648 2304 5720 ψυχῆς,
2332 5647 2382 5720 ,ἢ
2417 5647 2521 5720 κᾷν
2566 5646 2964 5720 παραπλησίως
3007 5644 3343 5720 ξιεκὸλλησιτςιιιΔ
3371 5643 3451 5716 τῷ

1864 5715 2056 5792 Κυρίῳ
2075 5715 2117 5787 ,⁷
2275 5715 2581 5792 ᾼύτολόγῳ,
2605 5715 2716 5792 Δκαί.
2746 5715 3062 5792 -αῇύτοσ-οφίᾳ
3086 5757 3102 5781 ,
3140 5715 3236 5792 καὶ
3285 5715 3448 5792 capto;

1863 5783 2108 5863 αληθεῖα,
2131 5783 2224 5844 καὶ
2247 5783 2687 5860 αὐτοδικαιοσύνῃ
2710 5804 2723 5853 ;
2746 5786 2878 5843 Vide
2896 5783 3274 5858 Euth‘ymiutn.
3295 5783 3336 5839 Η
3344 5801 3443 5840 ωι-

199 5865 452 5951 Ot-igenes
493 5877 590 5933 lib.
638 5865 699 5930 vi
739 5865 921 5951 contra
967 5865 1216 5929 Celsum}
1271 5870 1368 5933 Τίς
1413 5867 1610 5939 μᾶλλον
1657 5865 1757 5936 τῆς

1890 5878 1989 5915 ῖιυε
