3954 6546
498 360 637 419 H99

1949 358 2275 417 ORlGENlS

3604 375 3718 434 ιεω

494 494 713 536 onmem
745 487 1071 550 potestatem
1104 477 1217 535 sive
1251 477 1572 551 angelicam.
1600 477 1715 535 sive
1739 477 2067 549 reliquorum

2184 478 2430 549 μέλλοντι
2476 479 2649 550 ἁγίων
2683 480 2777 536 καὶ
2824 474 2990 549 ἀξίων
3026 484 3124 558 τῆς
3165 487 3421 561 τοιαύτης
3460 487 3715 560 βασιλείας.

492 562 863 647 quorumlibet
891 572 984 644 qui
1016 586 1124 629 nou
1154 571 1209 626 in
1258 571 1363 627 hoc
1409 572 1584 627 solum
1633 571 1854 641 saeculo,
1899 571 1993 628 sed
2024 579 2078 628 et

493 667 554 725 in
580 666 767 723 futuro
791 666 966 721 sancti
994 664 1338 736 appellantur
1387 674 1443 721 et
1496 664 1664 721 hocce
1714 680 1883 736 regno
1926 663 2077 734 digni

494 769 643 817 sunt.
674 758 859 831 Ipsum
885 757 1115 829 proinde
1141 757 1405 813 ccelorum
1441 772 1691 829 regnum,
1727 754 1950 827 quando
1974 754 2078 811 fuit

497 852 605 908 «in
669 851 1028 910 similitudine
1087 850 1270 906 carnis
1323 851 1552 922 peccati,
1605 860 1667 905 ut
1730 850 1797 905 de
1851 857 2076 920 peccato

492 947 781 1003 damnaret
806 954 1088 1015 peccatum
1118 943 1160 1012 ⁸,
1195 963 1216 997 ι
1248 943 1464 1016 quando
1495 943 1735 1014 seipsum
1781 962 1801 996 ι
1832 942 1925 1013 (ιυί
1965 958 2075 997 non

485 1024 720 1096 noverat
753 1046 1061 1109 peccatum,
1094 1052 1192 1108 pro
1218 1037 1375 1093 nobis
1400 1046 1684 1108 peccatum
1708 1033 1835 1091 fecit
1854 1035 1898 1104 ⁸,
1931 1053 1950 1087 ι
1977 1050 2077 1106 pro

491 1135 654 1191 nobis
684 1148 884 1204 corpus
917 1133 1125 1204 peccati
1162 1131 1500 1203 gerentibus,
1544 1148 1563 1182 ι
1593 1118 1957 1186 assimilatum
1993 1137 2076 1184 est

491 1214 702 1284 homini
755 1228 891 1299 regi,
923 1246 942 1279 ι
984 1235 1145 1296 prout
1179 1224 1226 1281 is
1253 1239 1379 1279 cum
1410 1224 1623 1279 ratione
1652 1222 1718 1278 ad
1752 1221 1936 1279 Jesum
1985 1222 2073 1278 in-

490 1324 773 1395 telligitur,
809 1322 863 1378 in
896 1336 1066 1375 unum
1096 1335 1221 1376 cum
1253 1318 1344 1375 illo
1376 1317 1754 1388 conjunctum,
1783 1316 1895 1385 cui,
1929 1315 1975 1372 si
1998 1315 2073 1371 ita

489 1418 637 1489 loqui
675 1417 755 1473 las
781 1424 888 1483 est,
920 1414 1097 1486 major
1132 1414 1273 1469 inest
1300 1410 1552 1475 facultas,
1591 1419 1651 1466 ut
1694 1412 1749 1465 in
1801 1424 1970 1465 unum
2021 1418 2075 1463 et

490 1511 630 1568 idem
655 1509 1039 1581 conjungatur,
1070 1524 1089 1559 ι
1112 1504 1480 1578 primogenita
1500 1503 1680 1559 omnis
1697 1512 1965 1559 creaturae
1981 1502 2025 1565 ⁸,
2048 1521 2065 1554 ι

489 1617 655 1674 quam
686 1620 706 1656 ί
735 1602 828 1674 qui
855 1602 1139 1657 adhaerens
1165 1597 1296 1665 Deo,
1322 1612 1466 1652 unus
1490 1595 1713 1666 spiritus
1736 1602 1822 1651 est
1845 1594 1865 1628 τ
1899 1615 1918 1648 ι
1946 1596 2093 1650 cum"

488 1696 600 1753 illo.
661 1695 1039 1751 Assimilatum
1098 1700 1281 1748 autem
1346 1690 1451 1746 hoc
1511 1689 1775 1746 caelorum
1844 1703 2069 1760 regnum

2181 568 2331 643 Αὕτη
2379 571 2625 646 τοίνυνὴ
2673 574 2922 645 βασιλεία
2967 578 3076 633 τῶν
3106 580 3373 654 οὐρανῶν,
3430 582 3580 654 ἡνίκα
3624 589 3717 642 «ἰν

2179 663 2486 737 ὁμοιώματι
2516 667 2720 740 σαρκὸς
2746 670 3022 744 ἁμαρτίας
3048 674 3280 743 ἐγένετο,
3304 676 3396 730 ἴνα
3421 678 3545 749 περὶ
3572 678 3717 752 ἁμαρ.

2177 757 2297 821 τίας
2332 759 2635 833 κατακρίνῃ
2669 762 2768 833 τὴν
2793 764 3090 838 ἁμαρτίαν,
3123 768 3285 838 ἡνίκα
3320 769 3399 841 μὴ
3439 770 3619 838 γνόντα
3645 774 3719 826 αὑ-

2177 849 2269 904 τὸν
2306 852 2603 924 ἁμαρτίαν,
2647 854 2902 927 ἐποίησεν
2930 858 3069 932 ὑπὲρ
3100 860 3255 932 ἡμῶν
3287 861 3564 934 ἁμαρτίαν
3600 865 3718 920 ιτῶν

2176 941 2278 1013 τῆς
2337 943 2616 1017 ἁμαρτίας
2676 946 2836 1019 ἡμῶν
2896 950 3207 1023 φορούντων
3241 954 3424 1026 σῶμα,
3455 956 3715 1032 ιὼμοιώθη

2177 1035 2451 1108 ἀνθρώπῳ
2482 1036 2695 1108 βασιλεῖ
2729 1058 2748 1090 ι
2784 1040 2861 1112 τῷ
2896 1041 3037 1097 κατὰ
3070 1044 3161 1099 τὸν
3205 1047 3413 1118 Ἰησοῦν
3460 1051 3719 1123 νοουμένῳ,

2176 1131 2437 1185 ἑνωθεῖσα
2469 1123 2621 1205 αὑτῷ
2667 1132 2870 1199 πλεῖον,
2911 1137 2960 1189 εἰ
2992 1136 3074 1192 δεῖ
3102 1136 3247 1192 οὕτω
3292 1138 3628 1213 τολμήσαντα
3660 1145 3720 1197 εἰ·

2177 1225 2319 1288 πεῖν,
2350 1223 2529 1295 ἔχοντι
2563 1225 2698 1297 πρὸς
2726 1226 2788 1280 τὸ
2812 1228 3076 1300 ἡνῶσθαι,
3110 1230 3206 1285 καὶ
3227 1231 3409 1301 πάντη
3427 1233 3484 1287 ἒν
3507 1233 3719 1303 γενέσθαι

2181 1332 2200 1365 ι
2220 1314 2299 1385 τῷ
2318 1316 2650 1388 πρωτοτόκῳ
2670 1318 2851 1391 πάσης
2867 1318 3117 1387 κτίσεως,
3148 1342 3167 1373 ι
3188 1321 3223 1394 ἢ
3246 1340 3265 1373 ι
3286 1321 3316 1375 6
3333 1322 3649 1394 κολλώμενος
3659 1324 3720 1396 τῷ

2176 1406 2367 1479 Κυρίῳ
2402 1407 2459 1461 ἓν
2494 1409 2713 1481 πνεῦμα
2750 1431 2767 1465 ο
2818 1412 2957 1484 πρὸς
2985 1402 3150 1469 αὐτὸν
3194 1414 3427 1485 γίνεται.
3459 1416 3597 1489 Αὕτη
3623 1417 3715 1489 δὲή

2174 1501 2503 1574 ὁμοιωθεῖσα
2538 1498 2794 1575 βασιλεία
2815 1504 2923 1559 τῶν
2950 1506 3196 1579 οὐρανῶν
3234 1506 3315 1581 τῷ
3346 1509 3489 1564 κατά
3516 1510 3601 1564 τὸν
3632 1511 3719 1564 Σω-

2173 1597 2314 1669 τῆρα
2344 1598 2614 1669 νοουμένῳ
2646 1597 2918 1671 ἀνθρώπῳ
2942 1599 3171 1671 βασιλεῖ,
3202 1602 3296 1656 καὶ
3324 1603 3578 1657 ἑνωθεῖσα
3600 1604 3718 1677 αὺτῷ

2175 1686 2561 1760 προληπτικῶς
2606 1688 2842 1759 λέγεται,
2900 1690 2983 1744 ὅτι
3033 1688 3266 1763 ἠθέλησε
3316 1694 3546 1764 συνᾶραι
3591 1691 3718 1763 λόγον

488 1787 698 1845 homini
726 1787 838 1859 regi
861 1787 1018 1858 juxta
1069 1786 1334 1840 rationem
1387 1783 1455 1839 ad
1511 1782 1857 1840 Servatorem
1903 1782 2067 1838 intel-

2177 1777 2315 1848 μετὰ
2350 1776 2457 1831 τῶν
2498 1776 2699 1832 δούλων
2740 1777 2926 1833 αὑτοῦ·
2978 1778 3159 1851 μέλλει
3189 1779 3247 1833 δὲ
3295 1779 3566 1853 συναίρειν
3593 1779 3718 1850 λόγον

486 1882 647 1948 lecto,
680 1881 815 1937 etin
852 1894 1021 1934 unum
1056 1894 1181 1933 cum
1215 1877 1308 1931 illo
1338 1874 1660 1943 conﬂatum,
1681 1875 1922 1932 rationes
1942 1890 2067 1931 cum

2176 1871 2293 1939 μετ’
2327 1869 2525 1934 αὐτῶν,
2568 1870 2655 1925 ἵνα
2685 1874 2824 1944 φανῇ
2859 1872 3006 1936 ὅπως
3045 1873 3275 1935 ἕκαστος
3325 1877 3441 1938 τοῖς
3471 1875 3561 1929 τοῦ
3600 1876 3717 1927 οἱκο-

486 1975 661 2031 servis
705 1973 824 2030 suis
874 1970 1127 2028 conferre
1179 1969 1420 2025 voluisse
1476 1983 1574 2040 per
1623 1968 2070 2040 anticipationem

483 2068 692 2135 dicitur
717 2084 729 2121 :
762 2065 1003 2137 rationes
1032 2064 1192 2119 enim
1224 2062 1293 2118 ab
1320 2063 1427 2119 illis
1453 2062 1588 2117 olim
1614 2063 1943 2133 repetiturus
1964 2069 2068 2129 est,

486 2169 545 2216 ut
581 2156 929 2229 perspicuum
970 2154 1065 2209 ﬁat
1092 2154 1369 2225 quomodo
1392 2152 1636 2225 probatis
1657 2150 2072 2224 patrisfamilias

484 2236 767 2320 argenteis
811 2255 865 2301 et
920 2232 1345 2300 rationabilibus
1392 2243 1635 2299 nummis
1689 2240 2071 2314 unusquisque

484 2357 621 2397 usus
649 2339 740 2396 sit.
768 2338 831 2395 Et
864 2336 1173 2407 exemplum
1200 2336 1421 2407 quidem
1452 2336 1506 2391 in
1533 2335 1792 2407 parabola
1817 2336 1888 2392 ab
1922 2334 2069 2392 heris

484 2434 730 2499 rationes
763 2448 889 2489 cum
926 2432 1099 2487 servis
1129 2430 1245 2488 suis
1278 2428 1690 2485 conferentibus
1723 2438 2066 2500 assumptum

484 2532 588 2581 est.
623 2523 950 2580 Accuratius
983 2531 1164 2577 autem
1194 2520 1470 2591 parabolae
1501 2519 1592 2575 hic
1619 2519 1916 2591 propositae
1942 2534 2070 2576 sen-

480 2634 607 2675 sum
657 2630 1038 2686 assequemur,
1068 2613 1114 2668 si
1149 2621 1385 2669 mentem
1416 2612 1484 2668 ad
1518 2627 1585 2667 ea
1632 2612 2068 2669 converterimus

483 2726 607 2781 quae
650 2726 679 2763 a
721 2709 896 2764 servis
957 2715 1215 2778 aguntur,
1255 2721 1285 2761 a
1333 2704 1535 2776 quibus
1596 2704 1785 2760 iicrilis
1833 2704 2065 2775 pecunia

483 2804 798 2874 dispensata
823 2812 926 2868 est,
958 2809 1012 2858 et
1043 2817 1074 2857 a
1119 2801 1322 2872 quibus
1371 2799 1547 2870 ipsius
1595 2798 1738 2855 ratio
1786 2798 2064 2870 exigitur;

482 2895 863 2965 unusquisque
894 2892 1038 2949 enim
1063 2893 1283 2949 illorum
1312 2890 1520 2947 variam
1552 2891 1620 2947 de
1649 2890 1897 2960 pecuniis
1922 2889 2065 2945 heri-

480 2989 626 3046 libus
659 3003 935 3045 summam
970 2986 1215 3057 capiens,
1246 3000 1368 3042 eam
1398 2983 1683 3055 impendit,
1718 2984 1802 3039 vel
1833 2982 2063 3050 utiliter,

481 3083 556 3140 ita
580 3092 639 3139 ut
666 3090 1019 3153 augmentum
1068 3080 1288 3152 capiant
1318 3078 1532 3135 numini
1567 3077 1788 3142 heriles,
1820 3078 1903 3133 vel
1943 3092 2063 3132 eam

2171 1964 2433 2017 δεσπότου
2461 1964 2707 2037 δοκίμοις
2738 1966 3022 2037 ἀργυρίοις
3065 1968 3159 2021 καὶ
3191 1966 3495 2039 νομίσμασι
3521 1966 3717 2036 λογικοῖς

2172 2057 2462 2127 ἐχρήσατο.
2495 2057 2606 2111 Καὶ
2636 2056 2841 2129 ἐλήφθη
2875 2074 2939 2127 γε
2974 2059 3033 2111 ἐν
3063 2061 3131 2130 τῇ
3166 2059 3453 2132 παραϐολῇ
3487 2059 3546 2112 τὸ
3575 2058 3718 2130 παρά-

2170 2146 2369 2219 δειγμα
2402 2148 2508 2202 ἀπὸ
2541 2148 2649 2202 τῶν
2701 2149 3068 2221 συναιρὸντων
3105 2149 3384 2204 δεσποτῶν
3416 2148 3572 2219 λόγον
3608 2147 3720 2221 μετά

2172 2239 2278 2293 τῶν
2312 2239 2455 2294 ἰδίων
2486 2239 2707 2297 δούλων.
2753 2240 3165 2316 Ἀκριϐἐστερον
3191 2242 3248 2296 δὲ
3276 2243 3543 2315 νοήσομεν
3565 2241 3620 2296 τὸ
3641 2240 3719 2312 τῆς

2173 2332 2488 2407 παραϐολῆς
2522 2336 2579 2388 ἐν
2607 2334 2817 2400 τούτοις
2849 2335 3176 2408 δηλούμενον
3220 2320 3532 2415 ἐρείσαντες
3570 2334 3718 2390 αὐτῶν

2171 2423 2269 2495 τὴν
2303 2422 2543 2477 διάνοιαν
2570 2426 2682 2488 τοῖς
2706 2425 3011 2496 γινομένοις
3043 2423 3193 2498 παρά
3224 2428 3341 2489 τοῖς
3370 2424 3719 2496 οίκονομήσασι

2169 2511 2466 2566 δεσποτικὰ
2499 2513 2757 2584 χρήματα
2786 2512 3050 2578 οἰκέταις,
3082 2512 3175 2567 καὶ
3208 2512 3372 2582 λόγον
3419 2512 3542 2585 περί
3571 2507 3719 2563 αὐτῶν

2169 2603 2612 2675 ἀπαιτουμένοις’
2639 2603 2873 2669 ἕκαστος
2901 2604 3011 2677 γὰρ
3037 2603 3282 2668 ἐκείνων,
3301 2604 3415 2658 ἀπὸ
3434 2602 3537 2656 τῶν
3560 2601 3720 2655 δεσπο-

2167 2699 2338 2753 τικῶν
2369 2697 2638 2771 διαφόρως
2683 2697 2974 2770 λαμϐάνων
3012 2699 3338 2771 χρημάτων,
3368 2697 3617 2769 κέχρηται
3641 2692 3719 2747 αὺ-

2167 2794 2282 2856 τοῖς
2319 2792 2440 2864 ἡτοι
2464 2792 2545 2856 εἰς
2571 2790 2710 2859 δέον,
2747 2790 2890 2845 ὥστε
2918 2789 3170 2858 αὐξάνειν
3200 2789 3269 2845 τὰ
3296 2788 3583 2845 δεσποτικὰ
3607 2788 3718 2859 χρήο

2172 2901 2338 2958 ματα,
2368 2886 2402 2957 ἢ
2436 2884 3010 2949 ἀσώτωςάναλίσκων·
3030 2886 3109 2949 εἰς
3127 2883 3164 2939 ἃ
3187 2884 3264 2958 μὴ
3294 2885 3397 2951 δεῖ,
3422 2884 3512 2938 καὶ
3541 2880 3716 2953 ὲκχέων

2167 2978 2409 3051 ἀκρίτως
2435 2977 2603 3050 χωρὶς
2635 2975 2920 3041 εὐλαϐείας
2942 2975 3011 3031 τὰ
3037 2977 3511 3049 ἐγκεχειρισμένα.
3542 2971 3649 3027 Εἰσί
3667 2970 3715 3023 δὲ

2166 3070 2216 3124 οἳ
2258 3068 2384 3126 τάδε
2423 3069 2520 3140 μὲν
2560 3068 2657 3122 καὶ
2688 3068 2759 3122 τὰ
2784 3067 2975 3122 τοσάδε
3012 3067 3190 3133 καλῶς
3221 3068 3574 3141 ᾠκονόμησαν
3605 3062 3717 3138 χρή·

479 3175 535 3231 in
561 3191 649 3232 res
675 3175 901 3230 minime
930 3173 1270 3231 necessarias
1301 3169 1527 3244 profuse
1563 3169 1825 3236 absumit,
1856 3170 2064 3242 absque

2173 3181 2340 3236 ματα,
2379 3163 2545 3234 ἔτερα
2589 3160 2647 3215 δὲ
2686 3160 3090 3227 ἀπολωλέκασι,
3130 3161 3227 3216 καὶ
3268 3162 3434 3234 ἡνίκα
3473 3160 3535 3216 ἂν
3561 3160 3714 3215 δίδωσι

481 3267 692 3325 delectu
729 3279 783 3324 et
813 3268 1121 3324 inconsulte
1150 3266 1464 3337 prodigens,
1500 3280 1623 3336 quae
1661 3264 1767 3321 sibi
1796 3265 2065 3336 permissa

2169 3257 2259 3311 τὸν
2288 3253 2445 3325 λόγον
2475 3253 2822 3325 συναίροντος
2861 3252 3027 3307 αὑτὸν
3065 3251 3160 3306 τοῦ
3192 3251 3458 3308 δεσπότου
3488 3250 3597 3325 μετ’
3633 3248 3713 3304 a6-

482 3373 631 3418 sunt.
669 3361 810 3416 Sunt
832 3377 962 3416 vero
984 3362 1076 3431 qui
1102 3362 1200 3415 tias
1227 3368 1280 3416 et
1304 3367 1381 3416 tot
1404 3358 1667 3430 pecunias
1688 3367 1834 3415 recte
1850 3358 2067 3430 dispen-

2169 3351 2294 3417 τῶν,
2336 3351 2628 3421 συνάγεται
2666 3352 2764 3423 μὲν
2792 3350 2959 3404 πόσον
2992 3347 3278 3422 ἐζημιώθη
3323 3348 3567 3414 ἕκαστος,
3613 3347 3713 3418 ἀρι-

482 3457 691 3521 sarint,
744 3455 882 3509 alias
930 3469 1060 3509 vero
1111 3453 1484 3524 dilapidarint,
1514 3462 1571 3509 et
1621 3467 1747 3511 cum
1795 3453 2063 3510 rationem

2169 3439 2388 3512 θμείται
2430 3442 2488 3496 δὲ
2523 3441 2618 3497 καὶ
2650 3441 2815 3496 πόσον
2850 3440 3044 3514 κέρδος
3085 3442 3432 3513 προσήγαγε,
3488 3440 3577 3494 καὶ
3612 3435 3713 3492 κατ’

480 3563 604 3603 cum
638 3546 718 3602 eis
752 3544 963 3601 confert
996 3546 1181 3611 herus,
1220 3555 1481 3617 quantam
1515 3547 1897 3619 unusquisque
1921 3546 2065 3602 fece-

2169 3533 2323 3602 ἀξίαν
2353 3534 2449 3589 τοῦ
2480 3534 2597 3601 πῶς
2630 3535 2949 3608 ᾡκονόμηςε
2987 3534 3107 3607 ήτοι
3147 3537 3401 3607 τιμᾶται,
3434 3538 3469 3608 ἡ
3501 3531 3705 3607 ἐκπράσ-

480 3640 554 3694 rit
595 3639 901 3710 jactmam,
948 3639 1243 3709 colligitur,
1289 3654 1501 3695 necnon
1553 3650 1821 3711 quantum
1875 3654 2065 3711 perce-

2169 3644 2338 3693 σεται,
2369 3627 2403 3699 ἢ
2435 3627 2528 3681 ἐπὶ
2557 3625 2715 3682 τινῶν
2743 3626 2842 3698 μὲν
2864 3628 3247 3699 συγχωρεῖται,
3279 3629 3376 3681 ἐπὶ
3396 3626 3554 3682 τινῶν
3578 3622 3713 3693 ἀφαί-

478 3731 620 3803 perit
671 3731 1138 3797 emolumentum,
1193 3728 1363 3803 624
1407 3739 1795 3802 computatur,
1849 3742 1903 3786 et
1959 3743 2061 3801 pro

2169 3737 2336 3793 ρεται.
2360 3719 2501 3793 Φέρε
2522 3719 2700 3773 τοίνυν
2718 3719 2828 3773 ἀπὸ
2847 3718 2956 3773 τῶν
2975 3719 3095 3792 είρη
3105 3719 3282 3791 μένων
3312 3718 3524 3793 πρῶτον
3545 3716 3711 3787 ἴδωμεν

479 3823 693 3881 ratione
719 3823 1212 3880 administrationis
1242 3825 1435 3896 ipsius,
1458 3824 1543 3879 vel
1566 3826 1777 3879 honore
1801 3822 2057 3890 aﬂlcitur,

2169 3812 2231 3866 τὰ
2260 3811 2457 3883 λογικά
2499 3811 2813 3885 νομίσματα
2842 3810 2937 3866 καὶ
2968 3812 3167 3885 δόκιμα
3198 3811 3298 3867 τοῦ
3344 3812 3593 3867 δεσπότου
3630 3809 3712 3879 ἁρ-

476 3918 563 3975 vel
585 3917 871 3984 multatur,
890 3915 973 3972 vel
997 3916 1141 3973 illius
1157 3916 1350 3973 ditioni
1372 3916 1622 3988 quaedam
1647 3915 2057 3987 permittuntur,

2169 3907 2350 3979 γύρια,
2386 3904 2531 3978 ἅπερ
2561 3907 2589 3960 6
2633 3905 2734 3978 μέν
2761 3921 2847 3969 τις
2875 3905 3119 3972 πλείονα,
3166 3905 3356 3980 ἔτερος
3398 3905 3446 3960 δ’
3486 3904 3711 3959 ἐλάττονα

475 4010 727 4082 quaedam
757 4010 1139 4066 detrahuntur.
1174 4008 1288 4081 Age
1321 4023 1455 4081 ergo
1501 4023 1569 4064 ex
1623 4007 1692 4064 iis
1743 4024 1869 4080 quae
1914 4008 2060 4066 dicta

477 4115 605 4157 sunt
636 4104 933 4161 rationales
965 4105 1087 4160 illos
1125 4104 1365 4174 primum
1410 4116 1670 4158 nummos
1706 4110 1762 4158 et
1798 4102 2061 4173 probatos

476 4194 888 4265 patrisfamilias
915 4203 1205 4268 argenteos
1237 4193 1639 4258 examinemus,
1668 4208 1810 4265 quos
1851 4195 2060 4266 majore

473 4286 633 4353 alter,
660 4286 795 4341 alter
821 4302 950 4342 vero
977 4286 1190 4342 minore
1228 4302 1459 4342 numeo
1509 4286 1751 4357 accipit;
1789 4303 1915 4343 nam
1957 4302 2057 4359 pro

475 4378 911 4449 uniuscujusque
937 4388 1226 4448 potestate,
1271 4379 1399 4435 huic
1427 4379 1672 4450 quinque
1703 4380 1905 4438 talenta
1958 4382 2056 4436 tri-

473 4472 736 4534 buuntur,
772 4481 957 4541 utpote
990 4472 1083 4542 qui
1115 4473 1452 4528 tantumdem
1476 4472 1798 4544 dispensare
1843 4484 2052 4546 queat;

2160 3998 2447 4073 λαμδέινει⁸
2484 3999 2623 4054 κατά
2651 3997 2760 4072 γὰρ
2781 3999 2882 4068 τὴν
2902 3998 3142 4054 ’ἑκάστου
3169 3998 3423 4071 δύναμιν,
3457 3990 3500 4067 ᾧ
3530 3996 3620 4069 μὲν
3644 3992 3710 4046 δί-

2158 4089 2339 4146 δονται
2374 4090 2536 4146 πέντε
2558 4091 2821 4159 τάλαντα,
2851 4094 2928 4158 ὡς
2954 4093 3240 4165 δυναμένῳ
3274 4092 3495 4148 διοικεῖν
3523 4090 3587 4144 τὰ
3607 4102 3701 4141 τοσο

2159 4184 2335 4239 αἷτα·
2379 4184 2526 4258 ἄλλῳ
2568 4187 2626 4241 δὲ
2669 4186 2783 4253 δύο,
2829 4186 2909 4252 ὡς
2954 4188 3031 4261 μή
3084 4188 3354 4261 χωροῦντι
3396 4185 3466 4242 τὰ
3503 4183 3591 4240 τοῦ
3620 4181 3708 4255 πρὸ

2158 4278 2346 4333 αὐτοῦ’
2383 4278 2527 4351 ἄλλῳ
2558 4279 2615 4334 δὲ
2653 4279 2733 4345 ἓν,
2760 4279 2838 4345 ὡς
2876 4281 3093 4335 καὶτοῦ
3124 4281 3314 4353 ἑτέρου
3350 4277 3703 4349 ὑποδεεστέρῳ*

2159 4371 2387 4443 πότερον
2420 4365 2580 4427 αὗται
2631 4373 2788 4443 μόναι
2820 4375 2876 4427 αί
2918 4374 3174 4446 διαφοραί
3208 4374 3369 4439 εἰσιν,
3397 4364 3603 4445 ήαῦται
3626 4367 3707 4440 μὲν

2161 4465 2289 4538 περί
2328 4482 2491 4519 τινων
2537 4467 2596 4520 ἐν
2640 4469 2752 4531 τοῖς
2779 4464 2907 4539 ἑξῆς
2948 4466 3043 4522 τοῦ
3080 4467 3418 4538 Εὕαγγελίου
3470 4464 3703 4535 λέγονται,

471 4564 633 4619 alteri
671 4562 800 4628 duo,
832 4574 1018 4633 utpote
1044 4565 1137 4634 qui
1167 4564 1390 4621 totidem
1421 4580 1595 4637 capax
1630 4582 1742 4622 non
1787 4568 1888 4636 sit,
1922 4578 2058 4640 quot

2169 4555 2272 4608 είσί
2298 4554 2357 4608 δὲ
2394 4556 2489 4610 καὶ
2526 4554 2699 4610 ἄλλαι·
2729 4555 2883 4629 παρά
2910 4557 3137 4624 ταύτας,
3173 4559 3267 4612 καὶ
3298 4560 3387 4612 ἐπ’
3419 4556 3594 4617 ἄλλαις
3619 4569 3705 4606 π’

473 4656 566 4727 qui
619 4670 744 4710 eum
800 4658 1119 4727 praecessit;
1167 4658 1258 4712 alii
1308 4672 1440 4713 vero
1484 4674 1678 4726 unum,
1723 4668 1912 4733 utpote
1956 4663 2051 4734 qui

470 4748 644 4804 altero
676 4748 840 4804 etiam
873 4748 1099 4805 inferior
1126 4749 1281 4806 sit“:
1316 4765 1385 4805 an
1424 4766 1555 4807 vero
1605 4752 1736 4809 solae
1784 4754 1870 4811 ba:
1922 4766 2051 4812 sunt

468 4837 786 4894 diti‘erentize
812 4856 826 4905 ;
859 4854 927 4893 an
958 4838 1063 4893 illae
1088 4839 1307 4909 quidem
1335 4841 1477 4897 inter
1502 4841 1720 4913 aliquos
1751 4843 1807 4898 in
1834 4844 2048 4916 reliquo
2086 4872 2095 4877 -

466 4933 880 5008 Evangeliorum
924 4940 1182 4987 contextu
1222 4934 1561 4990 intercedere
1612 4935 1875 4991 dicuntur
1904 4954 1920 5005 ;
1953 4938 2047 4993 sed

465 5037 661 5099 praeter
689 5042 784 5083 eas
814 5027 937 5083 alia
966 5033 1127 5091 sunt,
1174 5034 1231 5083 et
1280 5029 1334 5083 in
1387 5028 1512 5085 aliis
1564 5030 1843 5099 parabolis
1896 5046 2049 5101 repe-

2167 4646 2420 4718 ραδολαῖς
2449 4647 2792 4721 εὑρίσκονταί
2835 4666 2998 4715 τινες,
3033 4652 3101 4722 τῇ
3139 4649 3239 4722 μὲν
3270 4649 3536 4719 ὀφειλέται
3561 4644 3656 4706 δύο,
3680 4642 3705 4694 ὁ

2163 4741 2262 4811 μὲν
2296 4741 2689 4805 πεντακοσίων,
2731 4742 2760 4795 ὁ
2799 4740 2857 4795 δὲ
2898 4744 3239 4815 πεντήκοντα
3280 4741 3566 4817 δηναρίων,
3607 4736 3703 4808 ἡτοι

2156 4831 2332 4887 ταῦτα
2355 4833 2738 4898 πιστευθέντες
2758 4835 2852 4889 καὶ
2864 4835 3051 4901 κακῶς
3074 4838 3540 4910 οἰκονομήσαντες,
3572 4828 3701 4885 ἐλάτ-

2156 4951 2283 4999 τους
2308 4938 2375 5006 τῇ
2413 4934 2640 5008 δυνάμει
2687 4936 2782 4990 τοῦ
2816 4937 2877 4992 τὸ
2916 4938 3179 4994 τάλαντον
3220 4931 3699 5010 πεπιστευμένοι-ολ

2157 5042 2239 5094 ὅτι
2286 5040 2385 5112 μὲν
2431 5040 2716 5112 εἰλήφασιν
2762 5034 2928 5109 οὗτοι,
2972 5043 3034 5096 οὐ
3092 5043 3508 5116 μεμαθήκαμεν,
3544 5041 3615 5096 ὅτι
3652 5034 3702 5090 δὲ

1674 5194 1909 5254 VETUS
1946 5196 2532 5257 INTERPRETATIO.

460 5336 643 5419 omnia
665 5338 870 5404 faciens
898 5352 1024 5419 eum
1056 5336 1165 5420 sibi
1190 5355 1391 5420 unum,
1418 5349 1472 5395 et
1497 5344 1834 5420 secundum
1857 5345 1962 5420 lioc
1996 5347 2315 5420 mysterium
2356 5349 2596 5420 suscepti
2634 5349 2872 5406 hominis
2906 5349 3084 5407 factus
3127 5355 3217 5407 est
3263 5350 3421 5408 Iesus
3452 5344 3692 5420 Christus

458 5410 719 5484 quoniam
757 5426 776 5459 ι
816 5409 910 5484 qui
944 5410 1231 5484 conjungit
1261 5426 1320 5467 se
1355 5410 1588 5484 Domino
1613 5414 1727 5484 ,_iit
1753 5416 1981 5484 spiritus
2006 5409 2149 5473 unus
2173 5424 2298 5473 c’u‘m
2330 5434 2417 5474 eo.
2459 5438 2478 5470 ι

2563 5434 2627 5474 oc
2647 5419 2833 5499 itaque
2850 5436 3079 5491 regnum
3109 5423 3373 5499 caelorum
3395 5418 3536 5499 quod
3567 5425 3692 5499 gstit-

458 5476 709 5561 milatum
742 5476 1065 5561 est'liomi'ni
1095 5476 1229 5561 regi,
1255 5496 1351 5549 per
1375 5476 1824 5561 anticipationem
1858 5486 2081 5554 dicitur,
2109 5490 2240 5558 quia
2275 5489 2445 5561 voluit
2494 5505 2697 5560 ponere
2725 5476 3001 5555 rationein
3025 5476 3368 5548 cum—servis
3395 5476 3538 5561 εἰιίε.⁸

456 5546 1652 5640 (ΞΨΡἯῩΡΡ,,ἓίΰέζῐειεέῗῖείὲἷιΐεῖξ3ξῖἒυιῖεξηε
1689 5563 1746 5640 9!
1780 5567 2034 5640 εβρθτρει
2067 5546 2342 5640 illioram
2366 5546 2745 5640 ιιηυέςιιιίείιιερ
2768 5546 2986 5617 ’σθ’πηίιιί
3029 5546 3215 5640 suist.
3236 5546 3392 5640 regis
3431 5548 3689 5640 Nomii!“

458 5617 640 5704 busetj
661 5617 1093 5704 intelligibilibus
1128 5621 1376 5704 pecuniis
1401 5638 1537 5679 usus
1566 5617 1669 5704 est.
1696 5617 2101 5704 Quas-quidam.
2124 5630 2346 5704 quidem
2376 5617 2633 5704 amplius,
2658 5617 2803 5689 alius
2835 5642 3016 5689 autem
3042 5617 3244 5704 accipit
3286 5617 3491 5704 minus,
3517 5636 3684 5704 seem?

456 5687 587 5743 dum
618 5688 765 5743 enim
801 5688 1060 5744 virtutem
1086 5687 1523 5763 uniuscujusque
1569 5693 1662 5750 alii
1693 5687 1913 5768 quidem
1942 5687 2158 5754 dantur.
2171 5701 2418 5771 quinque
2440 5687 2639 5758 talenta
2674 5687 2845 5773 quasi
2868 5687 3417 5761 tantumﬂsuﬂicienti
3464 5687 3684 5755 ίηαιηο

528 5829 549 5860 ⁸
579 5828 738 5885 Rom.
769 5845 887 5895 vm,
924 5830 976 5885 5.
1054 5832 1076 5864 ⁸
1103 5831 1123 5888 ι
1150 5832 1276 5891 Cor.
1311 5850 1364 5903 ν,
1400 5834 1490 5890 21.
1570 5834 1733 5925 'Qol.
1767 5833 1923 5903 1,15.
2001 5834 2067 5890 τι

2169 5852 2221 5892 ιτ.
2255 5852 2329 5906 vn,
2364 5836 2449 5893 t7.
2527 5838 2548 5870 ⁸
2576 5835 2768 5894 Matth.
2800 5852 2929 5908 xxv,
2964 5837 3052 5895 i5.
