3954 6534
553 368 692 424 1205

547 483 727 542 servis
782 481 959 538 l‘cnori
1013 481 1340 538 collocatum
1404 495 1762 554 receperunt;

550 585 771 633 centum
798 575 964 631 tritici
994 588 1174 640 coros,
1193 573 1277 630 vel
1299 588 1514 630 centum
1552 577 1657 632 olei
1687 577 1844 635 batns
1876 579 2124 645 debebat,

551 681 660 723 non
701 681 1002 722 conservus
1035 685 1054 717 ι
1083 666 1251 722 villici
1304 666 1612 737 iniquitatis
1641 669 1683 700 ¹⁰
1716 689 1734 720 ι
1766 669 1922 738 juxta
1970 687 2128 741 para-

552 760 737 815 bolam
779 758 953 815 fuisse
1004 759 1297 829 reperitur,
1348 767 1410 814 ut
1450 760 1576 816 inde
1627 762 1974 832 perspicuum
2023 773 2126 830 est,

560 867 579 900 ι
611 863 877 921 quantum
909 851 1076 906 debes
1105 851 1328 906 domino
1359 866 1481 906 meo
1509 853 1550 884 ¹¹
1575 853 1598 907 ?
1627 873 1644 906 ›
1687 853 1822 909 ll-lud
1854 867 2033 911 autem
2074 857 2129 912 in

555 942 798 996 animum
861 949 1014 996 tuum
1066 941 1284 1008 induce,
1328 957 1545 998 omnem
1596 954 1776 1001 actum
1823 947 2024 1002 bouum
2078 957 2132 1004 et

555 1043 949 1104 opportunum,
979 1035 1132 1089 lucro
1178 1044 1230 1090 et
1277 1035 1650 1092 emolumento
1699 1038 1934 1094 similem
1985 1055 2128 1108 esse,

553 1124 762 1178 malum
803 1139 955 1188 vero,
995 1125 1303 1195 dispendio.
1359 1126 1424 1181 Et
1468 1127 1933 1197 quemadmodum
1985 1131 2131 1186 aliud

556 1222 642 1271 est
668 1215 879 1270 lucrum
908 1215 1055 1288 quod
1087 1217 1270 1287 plures
1300 1220 1510 1273 nummi
1546 1219 1962 1288 pariunt,oaliud
1987 1223 2132 1290 quod

555 1309 867 1378 pauciores,
895 1325 1132 1380 quorum
1164 1311 1343 1382 major
1376 1313 1625 1369 minorve
1651 1323 1735 1371 est
1764 1315 2056 1370 multitudo
2078 1324 2134 1370 et

555 1401 806 1470 paucitas
841 1419 856 1467 ;
894 1401 965 1457 ita
996 1403 1210 1472 egregia
1263 1401 1506 1460 facinora
1561 1406 1757 1476 majori
1801 1408 1885 1462 vel
1934 1407 2132 1462 minori

557 1493 735 1560 pretio
765 1504 1211 1565 compensantur.
1247 1495 1489 1562 Quarum
1539 1513 1721 1552 rerum
1763 1499 2032 1570 judicium
2066 1500 2133 1554 ad

555 1600 682 1638 eum
710 1586 889 1640 solum
938 1589 1211 1656 pertinet,
1264 1589 1358 1658 qui
1412 1589 1608 1646 horum
1655 1593 2132 1663 disquirendorum

556 1677 764 1747 peritus
795 1688 898 1746 est,
936 1689 990 1734 et
1018 1695 1082 1736 ex
1117 1681 1286 1736 animi
1311 1681 1618 1750 ali'ectione,
1655 1695 1710 1742 et
1757 1683 2047 1753 Sermone,
2082 1699 2135 1744 et

555 1771 792 1838 actione,
820 1782 874 1828 et
901 1774 1064 1830 rebus
1090 1791 1214 1845 quae
1243 1791 1368 1833 cum
1404 1778 1458 1833 in
1491 1790 1676 1836 nostra
1721 1779 1975 1836 facultate
2025 1799 2130 1836 non

555 1862 688 1931 sint,
712 1878 775 1918 ea
811 1873 990 1921 tamen
1017 1866 1214 1937 juvant
1244 1885 1368 1942 qua:
1395 1885 1461 1926 ex
1495 1872 1724 1928 arbitrio
1763 1882 1953 1930 nostro
1998 1890 2130 1944 pcu-

553 1957 724 2024 dent,
771 1960 1045 2016 testimare
1087 1963 1288 2034 satagit
1340 1964 1518 2034 qualis
1563 1966 1707 2021 actio
1752 1983 1950 2038 magno
1977 1982 2130 2022 emo-

554 2051 802 2106 lumeuto
833 2053 926 2118 sit,
959 2054 1137 2123 qualis
1189 2055 1412 2119 minori,
1457 2065 1511 2111 et
1553 2057 1734 2126 qualis
1784 2058 2134 2122 minimo;et

556 2142 996 2199 itaecontrario
1043 2145 1322 2216 quodnam
1369 2157 1652 2217 peccatum
1706 2165 1964 2221 magnum
2011 2164 2133 2204 esse

553 2233 944 2290 detrimentum
972 2235 1026 2291 iu
1053 2239 1326 2293 rationum
1366 2254 1398 2294 a
1433 2240 1608 2295 servis
1648 2242 1932 2296 exactione
1980 2257 2134 2310 repe-

554 2325 697 2380 ritur
725 2344 740 2395 ;
777 2328 923 2398 quod
954 2328 1138 2385 minus
1163 2348 1176 2397 ;
1214 2338 1268 2386 et
1297 2333 1442 2402 quod
1468 2331 1550 2402 (si
1577 2333 1653 2387 ita
1678 2334 1947 2403 appellare
1977 2334 2130 2405 licet)

553 2420 734 2476 ultimi
761 2420 954 2476 minuti
980 2423 1374 2480 detrimentum
1415 2436 1497 2481 est
1524 2429 1588 2493 ¹²,
1627 2428 1713 2482 vel
1769 2429 1944 2483 ultimi
1993 2446 2132 2500 qua-

553 2513 852 2568 drantis".
889 2512 1082 2569 Totius
1114 2530 1245 2586 ergo
1284 2517 1410 2572 vita
1443 2519 1711 2573 rationem
1739 2520 1906 2591 exigit
1943 2521 1990 2575 is
2038 2523 2131 2591 qui

554 2617 785 2674 regnum
851 2605 1112 2660 crelorum
1178 2607 1480 2677 appellatus
1534 2617 1646 2672 est,
1703 2619 1756 2665 et
1800 2612 2134 2668 assimilatus

554 2693 768 2748 homini
803 2697 938 2763 regi,
991 2698 1212 2767 quando
1243 2700 1453 2756 scilicet
1509 2722 1528 2754 ι
1581 2718 1771 2758 omnes
1810 2719 1911 2760 nos
1954 2714 2134 2761 astare

557 2793 777 2853 oportet
816 2793 943 2841 ante
975 2786 1212 2844 tribunal
1246 2788 1474 2856 Christi,
1505 2802 1562 2846 ut
1594 2792 1792 2849 referat
1833 2795 2132 2865 unusquis-

552 2889 660 2944 que
709 2876 930 2946 propria
981 2879 1252 2948 corporis,
1285 2891 1446 2950 prout
1495 2886 1702 2953 gessit,
1745 2884 1858 2940 sive
1905 2886 2131 2953 bonum,

549 2966 669 3023 sive
705 2969 909 3023 malum
939 2969 1024 3036 “;
1056 2988 1077 3023 ›
1116 2980 1170 3025 et
1221 2981 1353 3028 tunc
1403 2974 1458 3028 in
1495 2975 1752 3044 putandis
1804 2978 2130 3042 rationibus,

555 3077 575 3112 ι
606 3075 771 3116 omne
801 3062 1028 3118 verbum
1056 3063 1294 3120 otiosum
1337 3067 1482 3136 quod
1527 3066 1695 3122 locuti
1735 3066 1935 3123 fuerint
1968 3071 2134 3141 626

2049 370 2374 428 OlllGENlS

1848 499 1976 540 nam
2025 486 2118 556 qui
2152 493 2198 550 Α
2227 487 2466 558 ληφότας
2513 488 2638 552 τοὺς
2685 485 2789 554 ἔξω
2831 483 2925 539 τοῦ
2977 483 3236 554 βασιλέως
3272 483 3536 549 οίκετίας·
3587 485 3643 538 οὐ
3683 488 3767 560 γὰρ

3658 373 3767 432 lilii

2233 575 2514 641 σύνδουλος
2549 597 2567 628 ι
2610 575 2704 630 τοῦ
2736 576 3021 647 οἰκονόμου
3053 577 3152 646 τῆς
3201 576 3419 639 ἀδικίας
3445 595 3463 627 ι
3497 576 3766 647 εὑρίσκεται

2232 653 2371 720 κατᾶ
2400 667 2499 738 τὴν
2533 685 2608 720 πα
2615 667 2846 739 ραῦολὴν
2867 669 2896 720 ό
2916 667 3043 730 τοὺς
3072 667 3258 720 ἐκατὸν
3279 667 3516 736 ὀφείλων
3541 666 3630 720 τοῦ
3651 669 3766 722 σίτου

2231 758 2448 830 κόρους,
2475 758 2570 812 καὶ
2599 759 2724 822 τοὺς
2755 758 2950 812 ἑκατὸν
2977 757 3072 810 τοῦ
3110 757 3286 810 ἐλαίου
3317 757 3535 828 βάδους,
3555 756 3623 820 ὡς
3643 755 3767 826 δῆλον

2231 851 2294 904 ἐκ
2326 850 2419 904 τοῦ
2439 869 2450 881 ·
2488 869 2507 902 ι
2547 850 2718 904 Πόσον
2747 850 2980 920 ὀφείλεις
3006 851 3083 922 τῷ
3112 851 3281 921 κυρίῳ
3333 869 3438 921 μου
3465 868 3479 914 ;
3527 871 3545 902 ι
3565 911 3570 915 _
3593 851 3702 903 Νὸει

2235 961 2323 1014 μοι
2353 943 2594 1016 ἑκάστην
2625 943 2823 1015 πρᾶξιν
2857 943 3091 998 ἐοικέναι
3112 943 3322 1014 ἀγαθὴν
3358 945 3460 1014 μὲν
3488 943 3521 1014 ἢ
3553 943 3769 1014 καθήκου-

2235 1050 2330 1088 σαν
2367 1035 2548 1108 κέρδει
2583 1037 2676 1090 καὶ
2719 1037 3134 1108 ἐπιγεννήματι,
3173 1035 3456 1107 μοχθηρὰν
3497 1036 3553 1088 δὲ
3598 1037 3765 1106 ζημίᾳο

2233 1130 2327 1182 καὶ
2357 1129 2545 1200 ὥσπερ
2588 1130 2704 1183 ἐστί
2735 1147 2790 1182 τι
2839 1130 3030 1200 κέρδος
3068 1129 3324 1183 πλειόνων
3374 1129 3667 1201 ἀργυρίων,
3702 1131 3770 1181 καὶ

2233 1225 2361 1280 ἄλλο
2394 1224 2710 1288 ἐλαττόνων,
2738 1224 2830 1278 καὶ
2863 1224 3134 1296 διαφόρως
3161 1223 3428 1277 πλειόνων
3469 1223 3564 1275 καὶ
3591 1223 3768 1276 ἐλαττο-

2235 1335 2362 1381 νων,
2398 1317 2571 1381 οὕτως
2613 1317 2754 1371 κατά
2791 1317 2891 1380 τὰς
2938 1317 3109 1381 καλὰς
3164 1317 3399 1389 πράξεις
3445 1316 3605 1368 οίονεὶ
3631 1316 3771 1368 συντί-

2238 1411 2402 1483 μησίς
2435 1412 2551 1464 ἐστι
2597 1409 2802 1482 κερδῶν
2838 1410 3098 1465 πλειόνων
3149 1410 3182 1482 ἢ
3227 1410 3553 1463 ἐλαττόνων.
3604 1412 3662 1463 '0
3699 1410 3768 1462 τοῦ

2238 1505 2397 1576 μόνου
2430 1505 2790 1576 ἐπισταμένου
2838 1503 2910 1557 τὰ
2956 1505 3179 1558 τοιαῦτα
3235 1503 3538 1569 ἐξετάζειν,
3583 1504 3772 1576 ὁρῶντος

2235 1597 2342 1650 ἀπὸ
2385 1597 2489 1667 τῆς
2533 1596 2845 1661 διαθέσεως,
2898 1597 2992 1650 καὶ
3035 1596 3127 1649 τοῦ
3167 1597 3350 1666 λόγου,
3394 1599 3492 1650 καὶ
3531 1598 3622 1667 τῆς
3663 1597 3772 1667 πράι

2235 1687 2390 1755 ξεως,
2449 1689 2545 1742 καὶ
2610 1687 2718 1742 τῶν
2781 1688 3182 1759 συνεργούντων
3239 1692 3355 1754 τοῖς
3425 1689 3511 1758 ἐφ’
3560 1690 3676 1758 ἡμῖν
3726 1691 3772 1740 ἐκ

2235 1780 2342 1833 τῶν
2400 1781 2499 1834 οὐκ
2550 1781 2634 1850 ἐφ’
2698 1783 2851 1853 ⁴ἡμῖν,
2915 1781 3232 1850 λογίσασθαι
3279 1785 3438 1834 ποῖον
3491 1782 3586 1852 μὲν
3649 1781 3771 1851 ἔργον

2238 1872 2380 1944 μέγα
2423 1873 2612 1945 κέρδος
2653 1874 2789 1938 ἐστὶ,
2835 1875 2986 1928 ποῖον
3031 1871 3086 1926 δὲ
3136 1873 3378 1937 ἔλαττον,
3417 1876 3567 1925 ποῖον
3605 1871 3654 1924 δέ
3683 1871 3774 1922 ἐλά-

2235 1984 2455 2036 χιστον·
2506 1967 2650 2020 οὔτω
2690 1966 2746 2020 δὲ
2787 1967 2882 2021 καὶ
2925 1966 3156 2021 ἐπὶτῶν
3195 1966 3479 2031 ἐναντίων,
3532 1968 3667 2018 ποῖον
3697 1964 3771 2032 μὲν

2233 2059 2539 2132 ἁμάρτημα
2603 2062 2660 2114 ἐν
2714 2059 2792 2132 τῷ
2841 2058 3190 2130 συναίρεσθαι
3233 2059 3396 2128 λόγον
3452 2061 3564 2121 τοῖς
3609 2056 3772 2116 δούλοις

2233 2152 2547 2224 εὑρίσκεται
2601 2151 2810 2224 μεγάλη
2859 2151 3054 2221 ζημία,
3103 2153 3251 2204 ποῖον
3299 2151 3360 2204 δὲ
3411 2150 3657 2209 ἐλάττων,
3700 2147 3771 2199 καὶ

2234 2247 2405 2309 ποῖον,
2455 2245 2503 2297 εί
2547 2244 2627 2298 δεῖ
2673 2243 2848 2307 οὕτως
2890 2243 3176 2314 ὀνομάσαι,
3222 2240 3400 2313 ζημία
3456 2240 3548 2294 τοῦ
3586 2239 3772 2310 ἐσχάτου

2233 2335 2450 2400 λεπτοῦ,
2490 2336 2523 2408 ἢ
2567 2334 2659 2390 τοῦ
2693 2335 2922 2407 ἐσχάτου
2957 2333 3268 2406 κοδράντου.
3309 2335 3477 2388 Ὄλου
3511 2331 3674 2386 τοίνυν
3703 2330 3772 2384 καὶ

2235 2429 2436 2493 παντὸς
2456 2429 2549 2483 τοῦ
2583 2429 2699 2498 βίου
2735 2425 3087 2497 συναίρεσθαι
3123 2425 3229 2478 ὑπὸ
3252 2425 3356 2495 τῆς
3391 2423 3673 2495 εἰρημένης
3699 2421 3772 2490 βσ-

2236 2520 2439 2583 σιλείας
2485 2520 2592 2572 τῶν
2653 2517 2919 2592 οὐρανῶν,
2977 2514 3339 2586 όμοιωθείσης
3409 2512 3664 2584 ἀνθρώπῳ
3702 2510 3772 2580 βα-

2235 2611 2391 2674 σιλεῖ,
2427 2610 2603 2678 λόγος,
2653 2608 2741 2660 ὅτε
2769 2627 2788 2659 ι
2840 2608 2966 2670 τοὺς
3015 2606 3220 2668 πάντας
3269 2606 3424 2674 ἡμᾶς
3471 2601 3772 2674 παραστῆναι

2233 2705 2314 2758 δεῖ
2353 2699 2662 2774 ἔμπροσθεν
2695 2698 2790 2753 τοῦ
2839 2698 3081 2770 βήματος
3111 2697 3204 2750 τοῦ
3238 2695 3505 2769 Χριστοῦ,
3549 2695 3626 2747 ἵνα
3650 2691 3773 2762 κομί-

2236 2815 2394 2869 σηται
2424 2795 2656 2858 ἕκαστος
2683 2793 2751 2847 τὰ
2783 2793 2872 2846 διὰ
2913 2791 3006 2845 τοῦ
3040 2789 3288 2861 σώματος
3327 2789 3468 2861 πρὸς
3492 2789 3526 2842 ἃ
3557 2786 3770 2858 ἔπραξεν,

2234 2890 2344 2944 είτε
2398 2888 2620 2958 ἀγαθὸν,
2664 2887 2773 2941 εἴτε
2809 2885 3030 2956 φαῦλον·
3063 2904 3083 2937 ι
3114 2885 3209 2937 καὶ
3239 2883 3387 2946 τότε,
3429 2879 3769 2951 συναιρομένσι

2234 2981 2416 3051 λόγου,
2463 2981 2760 3052 ἀχθήσεται
2806 2980 2886 3042 είς
2931 2978 3023 3031 τὸν
3077 2976 3469 3047 συναιρόμενον
3517 2973 3658 3041 λόγον
3702 2970 3773 3020 καί

2240 3092 2259 3125 ι
2302 3074 2409 3127 πᾶν
2465 3073 2617 3144 ῥῆμα
2665 3071 2834 3143 ἀργὸν
2865 3070 2894 3123 ὃ
2921 3070 2987 3124 ἂν
3018 3067 3320 3140 λαλήσωσιν
3375 3069 3425 3120 οἱ
3459 3065 3721 3137 ἄνθρωποι,
3753 3079 3767 3109 ι

549 3149 804 3210 homines
831 3155 896 3222 ¹⁸,
928 3173 947 3207 ι
983 3155 1038 3210 iu
1066 3171 1160 3210 eas
1190 3157 1491 3225 referetur,
1530 3169 1582 3214 et
1605 3159 1650 3214 si
1673 3161 1798 3230 quis
1832 3161 2126 3232 aliquando

2233 3165 2326 3220 ml
2355 3164 2408 3217 εῐ
2447 3164 2577 3218 ποτέ
2609 3181 2694 3228 τις
2739 3183 2757 3214 (
2806 3162 3024 3215 ἐπότισε
3065 3161 3324 3234 ποτήριον
3373 3158 3560 3222 ὕδατος
3595 3150 3769 3227 ψυχροῦ

556 3263 577 3296 ι
606 3252 798 3314 potum
827 3246 1036 3303 dederit
1065 3249 1160 3302 uni
1195 3265 1258 3304 ex
1297 3251 1541 3305 minimis
1564 3251 1684 3307 istis
1713 3253 1936 3308 calicem
1975 3270 2130 3325 aqua:

550 3335 786 3408 frigidae,
817 3348 1027 3394 tantum
1057 3341 1110 3394 in
1146 3342 1366 3398 nomine
1397 3343 1651 3414 discipuli
1681 3345 1744 3399 ¹⁶.
1777 3365 1798 3398 ι

623 3429 679 3485 9.
717 3429 843 3486 Ηιιιο
869 3441 1050 3487 autem
1076 3433 1412 3504 contingent,
1437 3437 1657 3505 quando
1683 3446 1738 3494 et
1768 3437 1820 3493 id
1851 3438 2130 3511 continget

550 3523 698 3593 quod
732 3539 762 3578 a
797 3523 1016 3580 Daniele
1052 3526 1314 3596 scriptum
1345 3537 1429 3583 est
1458 3547 1470 3582 :
1507 3547 1526 3580 ι
1559 3527 1709 3584 Libri
1757 3531 1930 3600 aperti
1976 3541 2124 3597 sunt,

547 3623 605 3671 et
632 3615 900 3686 judicium
927 3618 1066 3674 sedit
1095 3620 1136 3650 "
1165 3637 1178 3686 ;
1211 3638 1231 3671 ι
1259 3620 1504 3675 omnium
1527 3621 1671 3676 enim
1703 3637 1826 3692 quae
1845 3622 2124 3688 dicuntur,

549 3722 672 3779 quae
702 3719 987 3779 geruntur,
1015 3727 1244 3783 qumque
1278 3712 1611 3783 cogitantur,
1652 3713 1714 3770 tit
1760 3714 1920 3784 quasi
1972 3730 2128 3770 com-

547 3802 870 3870 mentarius,
907 3813 961 3859 et
989 3803 1086 3859 Dei
1120 3814 1390 3876 potestate
1417 3805 1680 3876 quidquid
1712 3807 1871 3862 nobis
1897 3807 2127 3862 abscon-

545 3893 720 3950 ditum
746 3904 852 3962 est,
889 3898 942 3952 in
973 3898 1150 3953 lucem
1182 3899 1510 3969 proferetur,
1534 3908 1588 3954 et
1616 3899 1882 3970 quidquid
1923 3909 2122 3955 tectum

544 3993 651 4052 est,
685 3988 1014 4043 revelabitur
1042 3988 1105 4056 ⁸⁸,
1139 3997 1198 4044 ut
1226 4005 1351 4045 cum
1387 3990 1586 4060 aliquis
1621 4005 1840 4060 Operam
1877 4005 1985 4045 non
2029 3991 2124 4045 de-

547 4075 697 4132 disse
739 4077 905 4134 fuerit
953 4089 1222 4150 repertus,
1256 4089 1316 4136 ut
1358 4081 1427 4136 ab
1477 4081 1794 4138 adversario
1837 4083 2118 4148 liberetur,

487 4245 491 4248 ι
544 4168 793 4225 mittatur
833 4171 889 4226 in
921 4187 1197 4229 carcerem
1236 4188 1267 4228 a
1296 4173 1563 4244 principe,
1592 4185 1648 4230 et
1678 4173 1882 4244 judice,
1924 4183 1977 4230 et
2020 4176 2123 4229 mi-

2237 3257 2395 3329 μόνον
2423 3259 2500 3321 είς
2534 3256 2702 3328 ὄνομα
2738 3255 3000 3328 μαθητοῦ.
3033 3275 3052 3308 ι

2299 3443 2411 3497 Καὶ
2443 3441 2615 3496 ταῦτα
2655 3439 2825 3503 ἔσται,
2873 3438 3036 3509 ἡνίκα
3077 3437 3144 3492 ἂν
3184 3436 3246 3490 τὸ
3299 3432 3455 3506 παρά
3498 3431 3572 3503 τῷ
3607 3421 3766 3498 Δανιὴλ

2227 3534 2610 3608 γεγραμμένον
2641 3532 2730 3586 τό·
2778 3550 2797 3582 ι
2840 3530 3020 3584 Βίϐλοι
3062 3526 3444 3599 ἠνεῴχθησαν,
3491 3525 3578 3578 καὶ
3608 3520 3762 3592 κριτή-

2231 3647 2342 3704 ριον
2357 3627 2612 3682 ἐκάθισεν
2632 3643 2645 3657 ο
2678 3647 2694 3678 ι
2717 3623 2879 3679 οἱονεὶ
2907 3623 3016 3695 γὰρ
3031 3623 3246 3676 πάντων
3269 3621 3382 3674 τῶν
3407 3616 3761 3686 λελαλημένων.

2227 3722 2321 3777 καὶ
2342 3719 2765 3792 πεπραγμένων,
2794 3719 2888 3777 καὶ
2911 3717 3017 3771 τῶν
3043 3713 3389 3785 νενοημένων
3411 3707 3680 3781 ἀναγραφή
3699 3719 3763 3763 τις

2227 3814 2457 3883 γίνεται,
2505 3812 2599 3864 καὶ
2648 3808 2767 3880 θείᾳ
2810 3809 3036 3878 δυνάμει
3087 3807 3195 3859 πᾶν
3241 3804 3487 3876 κρυπτὸν
3527 3802 3646 3872 ἡμῖν
3675 3794 3762 3866 (Hi

2228 3901 2694 3975 φανερωθήσεται,
2727 3899 2820 3952 καὶ
2844 3901 2952 3952 πᾶν
2980 3897 3398 3968 κεκαλυμμένον
3431 3887 3762 3956 ἀποκαλυφθή-

2229 4012 2399 4056 σεται,
2454 3993 2519 4046 i'v‘
2575 3990 2714 4045 ἐπάν
2758 3989 2831 4061 μὴ
2880 3988 3075 4062 εὑρεθῇ
3120 4007 3202 4052 τις
3251 3985 3499 4048 δεδωκὼς
3544 3978 3762 4054 ἐργασίαν

2230 4082 2570 4155 ἀπηλλάχθαι
2603 4080 2696 4135 τοῦ
2730 4081 3021 4144 ἀντιδίκου,
3056 4077 3248 4151 ὁδεύσῃ
3278 4079 3370 4132 διὰ
3403 4077 3493 4132 τοῦ
3527 4075 3759 4146 ἄρχοντος,

2231 4178 2325 4230 καὶ
2354 4175 2448 4228 τοῦ
2480 4172 2690 4247 κριτοῦ,
2734 4173 2826 4227 καὶ
2855 4171 2947 4225 τοῦ
2991 4171 3264 4244 ὑπηρέτου
3299 4171 3412 4242 (l5)
3446 4168 3535 4222 ἐπὶ
3563 4164 3649 4236 τὴν
3680 4175 3759 4231 φυ-

1749 4265 1982 4323 VETUS
2022 4263 2608 4322 INTERPKETATlO.

548 4365 878 4430 autcentum
909 4359 1016 4415 olei
1052 4361 1229 4424 batos,
1265 4359 1566 4430 secundum
1596 4357 1743 4430 qu‘od
1777 4358 1892 4428 ipse
1921 4360 2134 4416 villicus
2162 4358 2476 4430 manifestat
2500 4358 2694 4430 dicens
2720 4375 2733 4411 :
2763 4373 2781 4406 ι

2812 4354 3088 4422 Quantum
3125 4353 3288 4409 debes
3334 4351 3553 4408 domino
3578 4341 3752 4422 meo?»

543 4425 612 4482 Et
640 4445 747 4482 non
774 4431 912 4507 dixit
945 4415 1408 4507 d_(_)m7iuo_;nostro.
1441 4415 1686 4507 Intellige
1718 4415 1900 4507 autem
1932 4431 2066 4507 mihi
2116 4444 2335 4485 omnem
2381 4429 2602 4507 quidem
2649 4415 2858 4507 actum~
2885 4425 3084 4506 bonum
3139 4424 3364 4507 lucrum_
3405 4421 3558 4507 dicit
3581 4415 3753 4507 Pila?

543 4506 728 4570 autem
759 4485 1126 4570 dispendium.
1148 4485 1222 4554 Et
1250 4485 1392 4556 sicut
1419 4508 1504 4555 est
1528 4485 1832 4554 dili’érentia
1861 4500 2003 4555 inter
2036 4503 2270 4567 lucrum,
2302 4509 2358 4555 et
2384 4485 2595 4570 lucrum
2620 4497 2999 4570 pecuniarum,
3039 4494 3120 4549 sic
3171 4505 3226 4550 et
3260 4495 3313 4548 in
3350 4493 3506 4570 bonis
3540 4485 3753 4570 αρτιῐὶδιιι

543 4559 863 4640 digerentia'
879 4579 962 4625 est
991 4571 1130 4626 inter
1157 4571 1362 4626 bonum
1392 4584 1552 4640 opus,
1579 4580 1634 4625 et
1667 4571 1868 4624 bonum
1901 4587 1915 4636 ;
1947 4571 2026 4626 sic
2055 4559 2358 4626 dill'ereutia
2389 4559 2638 4640 estinter
2679 4569 2884 4640 malum
2935 4559 3072 4640 opus
3097 4607 3112 4630 ,
3168 4574 3220 4620 et
3271 4565 3496 4618 malum.
3549 4559 3752 4640 Quorum

545 4624 1095 4695 diﬂerentiamrsolus
1120 4624 1265 4696 Deus
1285 4624 1552 4711 scim-qui,
1569 4624 1746 4710 potest
1778 4624 1914 4695 talia,
1935 4624 2038 4696 ista
2064 4624 2357 4706 discutere,
2389 4624 2442 4694 et
2470 4655 2535 4693 ex
2573 4639 2692 4708 ipso
2719 4638 2913 4692 all‘ectu
2953 4624 3241 4690 verborum
3293 4644 3348 4689 et
3389 4624 3595 4688 actuum
3641 4624 3752 4678 videt

545 4721 668 4743 ηιιω
698 4718 882 4743 παρη-α
916 4725 980 4743 av
1019 4711 1174 4743 ..πιλία
1213 4711 1464 4743 υἱιιοηιιηι
1519 4712 1608 4743 ΜΛ
1640 4726 1746 4743 ..η-η
1785 4719 1911 4743 cuni
1951 4727 2014 4743 ον
2069 4711 2223 4743 "nhia-
2269 4729 2282 4742 .
2327 4718 2377 4743 nl
2429 4709 2572 4743 ,τι-ηδ
2619 4718 2700 4743 ncl
2749 4723 2885 4743 nunc
2932 4721 3186 4743 moannm
3229 4706 3438 4743 lum-nm
3520 4701 3594 4743 vel
3635 4691 3749 4743 ﬂllOd

543 4718 884 4780 quaruostra
916 4725 982 4764 ex
1019 4711 1177 4766 nobis
1213 4701 1483 4774 videntur,
1517 4701 1610 4766 se'd
1638 4726 1748 4765 non
1785 4719 1914 4766 sunt
1951 4727 2017 4765 ex
2069 4711 2226 4767 nobis
2269 4729 2282 4765 :
2327 4701 2382 4765 et
2428 4701 2706 4780 quod'cst
2749 4723 2887 4778 Opus
2932 4721 3187 4780 magnum
3227 4706 3474 4780 lucrum.
3520 4701 3595 4754 νει
3635 4708 3724 4780 ηυξ)

544 4778 842 4859 mediocre,
871 4781 954 4859 vel
994 4781 1139 4859 quod
1172 4783 1442 4859 _e1_tiguum
1482 4798 1496 4834 :
1524 4795 1558 4859 _e
1583 4781 1884 4859 contraria
1907 4781 2054 4851 quod
2105 4791 2424 4859 peccatum,
2445 4778 2838 4859 illagtiumﬁis

542 4847 787 4916 ponitur,
817 4853 902 4922 vel
933 4847 1078 4922 quod
1113 4847 1422 4917 minimum,
1458 4852 1540 4906 vel
1569 4852 1718 4922 quod
1743 4861 1826 4906 est
1853 4847 2123 4906 damnum'
2145 4852 2426 4908 novissimi
2457 4847 2799 4920 quadrantis.

2912 4763 3098 4832 udiu'm
3153 4775 3424 4830 invenitur
3460 4763 3587 4827 'cum
3636 4763 3746 4842 ratio

2885 4849 3024 4902 muis
3058 4862 3188 4916 ergo
3236 4848 3362 4901 vitae
3408 4851 3597 4899 nostra;
3638 4842 3748 4892 ratio

550 4927 637 5000 est
661 4921 917 4989 ponenda
948 4917 994 5000 a_
1015 4937 1162 4993 rege,
1194 4922 1413 5000 quando
1447 4941 1466 4974 (
1499 4917 1692 5000 omnes
1729 4937 1833 5000 nos
1865 4925 2192 5000 praesentari
2213 4917 2516 5000 oportuerit
2548 4931 2677 4976 ante
2707 4919 2944 5000 tribunal
2969 4917 3210 5000 Christi,
3243 4927 3304 4972 ut
3353 4918 3748 5000 reponenti":

541 4985 781 5072 quisque
811 4993 1030 5063 propria
1056 4985 1323 5072 corporis,
1351 5003 1513 5072 prout
1533 4993 1726 5072 gessit,
1749 4985 2119 5072 sive'bonum,
2145 4985 2264 5072 sive
2290 4993 2494 5072 malum
2521 5009 2535 5058 ;
2567 5011 2585 5043 ι
2613 5004 2666 5072 ει
2691 4992 2992 5072 adducetur
3017 4989 3082 5072 ad
3111 4989 3379 5072 rationem
3404 4985 3598 5072 etiam}

536 5055 765 5134 verbum
802 5055 1039 5118 otiosum
1075 5055 1220 5134 quod
1257 5055 1420 5119 locuti
1449 5055 1652 5118 fuerint
1713 5063 1987 5131 homines,
2016 5081 2036 5115 ι
2076 5055 2160 5119 vel
2187 5065 2234 5120 si
2261 5065 2385 5134 quis
2411 5055 2706 5133 aliquando
2755 5080 2773 5113 ι
2813 5061 3081 5131 putaverit
3135 5060 3375 5129 aliquem
3423 5055 3580 5111 calice
3623 5056 3745 5115 aqum

537 5127 770 5202 frigidae,
800 5141 1012 5188 tantum
1049 5127 1108 5188 iri
1138 5134 1358 5189 nomine
1381 5135 1653 5202 discipuli.
1689 5152 1708 5186 ι

527 5181 1357 5274 ξύν-δξ
1384 5181 1798 5274 dici-putamus,
1843 5204 2002 5274 quasi
2057 5219 2198 5274 opus
2245 5204 2499 5259 habentia
2545 5203 2715 5258 multo
2745 5215 2990 5270 tempore
3020 5210 3078 5258 ut
3104 5208 3338 5271 ponatur
3367 5196 3518 5253 nobis
3536 5181 3743 5274 .ratiqttlf

537 5257 813 5327 omnibus
844 5257 1061 5331 actibus
1105 5257 1238 5330 ius
1264 5257 1539 5338 assuage:
1570 5257 2518 5346 transmissa;'.ie'ge"pai.eme
2559 5257 2789 5344 singulis
2837 5257 2892 5326 iii
2941 5257 3418 5326 tanta'servorum
3447 5257 3741 5322 multitudine

611 5369 655 5400 ¹⁶
680 5367 811 5425 Luc.
855 5387 972 5436 xvi,
1006 5372 1062 5427 8.
1139 5371 1181 5403 ¹¹
1211 5371 1344 5427 ibid.
1377 5371 1432 5426 5.
1511 5372 1554 5402 "
1594 5367 1729 5425 Luc.
1775 5371 1989 5438 xu,59.
2069 5371 2113 5402 ¹³

2232 5371 2330 5426 tth.
2386 5368 2556 5437 v,26.
2633 5371 2678 5402 “
2707 5367 2750 5424 ll
2781 5367 2907 5424 Cor.
2961 5384 3016 5437 v,
3073 5367 3159 5422 l0.
3239 5368 3282 5399 ¹³
3311 5365 3496 5420 Matth.
3539 5371 3626 5424 xu,
3666 5347 3735 5404 56·

537 5436 584 5468 ⁸⁸
615 5437 804 5496 Matth.
835 5457 893 5507 ι,
920 5443 1010 5498 42.
1091 5444 1132 5475 ¹⁷
1167 5441 1303 5499 Dan.
1332 5458 1430 5509 vu,
1454 5439 1540 5497 ‘10.
1625 5443 1668 5473 ³⁸
1697 5436 1887 5496 Matth.
1921 5458 1977 5507 ι,
2001 5440 2092 5498 26.

635 5529 723 5617 ξι)
762 5529 945 5617 9.erx
979 5535 1410 5617 ιιεείυε..ημ‹ῑ›ντ

633 5600 871 5674 15>ῌΤοῦ
898 5600 1101 5671 κριτοῦ
1126 5607 1226 5660 καὶ
1253 5600 1361 5661 ἓοῦ
1387 5604 1711 5674 ὑπηρέτου.
1728 5603 1830 5671 Qui
1865 5621 1897 5660 a
1919 5604 2109 5661 Matth.

533 5686 692 5748 “ut,
722 5671 812 5748 5:5,
845 5671 1195 5748 βασανιστής,
1223 5686 1276 5732 ει
1295 5693 1327 5732 a
1350 5671 1525 5748 Luca;
1543 5675 1829 5748 πράκτωρ,
1849 5677 1896 5731 is
1921 5675 2108 5732 Matth.

534 5757 588 5805 v,
611 5741 713 5804 25,
757 5741 1040 5817 ὐπήρέτης
1080 5741 1447 5817 nuncupatur.
1483 5741 1620 5801 Tria,
1653 5741 1980 5802 htec'uuum
2020 5762 2110 5803 so-

535 5823 705 5880 nant;
748 5812 1026 5883 publicum
1069 5812 1283 5889 uempe’
1309 5819 1631 5888 satellitem,
1665 5818 1760 5890 qui
1801 5819 2110 5875 immineret

2222 5536 2410 5592 litibus
2432 5575 2448 5601 ,
2485 5544 2862 5592 exsecutorem
2890 5523 3106 5605 litium,
3129 5547 3221 5605 seu
3263 5531 3515 5605 viatorem
3543 5523 3728 5605 Βοιςιξξι

2222 5589 2793 5678 ξρᾖίίτιίιαιῖιίϐὠοί
2821 5589 3246 5678 ὲκϐιϐαστῆνηιε
3270 5604 3391 5678 _sive
3429 5589 3728 5678 cruciatilIJttf.

2220 5659 2616 5748 ἐῖνὲἶὸέῖέᾶἇο
2635 5659 2900 5732 diuturno
2922 5659 3141 5748 carcere
3162 5674 3430 5729 debitores
3450 5659 3728 5725 macerabis

2219 5749 2394 5808 donec
2417 5743 2608 5808 ofnuia
2634 5748 3041 5818 persolvisseut.
3063 5743 3330 5802 HUETIUS.
