3954 6586
284 439 434 498 F203

1248 436 1599 493 COMMENT.
1639 436 1704 492 IN
1744 432 2159 492 MATTHIEUM
2189 433 2422 491 TOMUS
2461 433 2602 489 XIV.

3387 437 3526 492 1206

276 558 484 632 λακὴν,
518 558 623 622 ἔως
670 556 762 610 τὸν
811 554 1034 625 ἔσχατον
1075 553 1269 607 λεπτὸν
1302 553 1510 620 ἀποῖῷ·
1553 555 1690 609 ἐπὰν
1734 555 1789 607 δὲ

1963 554 2153 620 nistro,
2193 555 2365 610 donec
2409 542 2659 608 ultimum
2713 551 2979 606 minutum
3029 551 3323 609 reddiderit
3348 555 3390 587 ¹⁹
3420 573 3435 610 :
3471 563 3528 609 at

275 651 415 717 δοὺς
439 651 700 724 ἐργασίαν
723 647 1065 720 ἀπηλλάχθαι
1091 647 1321 711 ἐκείνου,
1347 649 1442 701 καὶ
1477 649 1666 720 μηδενὶ
1696 648 1858 718 μηδὲν

276 745 538 815 ὀφείλων,
572 744 664 796 καὶ
703 742 804 813 ἤδη
848 741 946 811 τὴν
981 739 1117 810 μνᾶν
1158 738 1613 803 δεκαπλασιάσας,
1656 739 1688 809 ἢ
1730 755 1857 791 πεν-

279 835 685 898 ταπλασιάσας,
720 832 753 904 ἦ
781 832 848 886 τὰ
874 831 1034 883 πέντε
1065 829 1299 884 τάλαντα
1320 829 1693 894 διπλασιάσας,
1728 830 1761 900 ἢ
1790 831 1859 883 τὰ

280 926 381 981 δύο
430 926 669 995 τέσσαρα
719 924 967 994 ποιήσεις,
1008 920 1145 994 τύχῃ
1187 921 1286 992 τῆς
1332 921 1556 992 δεούσης
1602 923 1853 991 ἀμοιϐῆς,

280 1016 666 1088 εἰσερχόμενος
695 1016 773 1078 εἰς
799 1015 896 1085 τὴν
928 1013 1102 1084 χαρὰν
1135 1012 1225 1065 τοῦ
1253 1012 1458 1084 Κυρίου
1482 1012 1666 1077 αὑτοῦ,
1694 1013 1728 1085 ἢ
1766 1014 1856 1067 ἐπὶ

282 1109 422 1160 πᾶσι
441 1109 553 1170 τοῖς
570 1107 899 1178 ὑπάρχουσιν
922 1103 1086 1157 αὑτοῦ
1116 1102 1528 1174 καθιστάμενος,
1563 1103 1596 1175 ἦ
1621 1105 1851 1158 ἁκούων·

283 1218 305 1250 ι
335 1198 480 1252 Ἵσθι
501 1199 744 1266 ἐξουσίαν
773 1196 910 1268 ἔχων
943 1197 1122 1251 ἐπάνω
1137 1193 1268 1248 δέκα
1287 1195 1549 1260 πόλεων,›
1586 1196 1651 1266 ἦ·
1678 1186 1854 1248 ἰ’Ῑσθι

279 1291 534 1358 ἐξουσίαν
563 1290 699 1360 ἔχων
729 1288 911 1342 ἐπάνω
941 1287 1100 1340 πέντε
1121 1286 1345 1340 πόλεων.
1373 1305 1391 1338 ι
1413 1285 1595 1340 Ταῦτα
1611 1286 1667 1340 δὲ
1698 1288 1855 1357 ἡμεῖς

278 1382 410 1452 μὲν,
445 1383 521 1446 ὡς
555 1382 746 1454 χρόνου
792 1378 987 1434 πολλοῦ
1022 1379 1270 1450 δεόμενα,
1313 1379 1399 1433 ἵνα.
1438 1380 1675 1452 συναρθῇ
1725 1382 1854 1452 ἡμῖν

277 1475 416 1546 περὶ
447 1473 554 1529 τῶν
586 1474 720 1527 ὅλων
750 1473 956 1545 χρόνων
985 1471 1084 1542 τῆς
1123 1469 1356 1524 ἐνταῦθα
1391 1469 1536 1542 ζωῆς
1567 1472 1742 1541 λόγος,
1769 1490 1854 1526 νο-

277 1565 516 1638 μίζομεν
555 1567 826 1636 λέγεσθαι,
865 1564 992 1618 ὥστ’
1025 1564 1091 1618 ἂν
1120 1563 1428 1628 ὑπολαϐεῖν,
1463 1564 1554 1618 τοῦ
1589 1564 1853 1636 βασιλέως

274 1659 630 1730 συναίροντος
653 1659 734 1712 ἐνὶ
766 1658 980 1731 ἑκάστῳ
1010 1659 1276 1714 τοσούτων
1296 1659 1495 1714 δούλων
1526 1660 1700 1729 λόγον,
1725 1677 1848 1713 τοσ-

268 1751 439 1803 ούτου
465 1750 654 1822 χρόνου
695 1750 897 1804 δεῖσθαι
939 1750 1006 1804 τὰ
1035 1751 1334 1822 πράγματα
1367 1751 1470 1816 ἕως
1496 1752 1586 1804 ἐπὶ
1614 1751 1674 1805 τὸ
1701 1750 1851 1816 τέλος

269 1841 412 1915 ἔλθῃ
442 1841 510 1894 τὰ
539 1841 648 1896 ἀπὸ
679 1843 775 1913 τῆς
807 1842 981 1913 ἀρχῆς
1013 1840 1104 1896 τοῦ
1143 1843 1348 1914 κόσμου
1387 1841 1492 1906 ἕως
1524 1843 1622 1914 τῆς
1657 1859 1847 1896 συντε-

267 1935 430 1998 λείας
463 1933 555 1987 τοῦ
587 1933 802 1998 αἰῶνος,
834 1935 932 2005 οὑχ
970 1934 1107 1998 ἑνὸς,
1137 1934 1272 1988 ἀλλὰ
1304 1935 1396 1987 καὶ
1433 1934 1691 1989 πλειόνων
1719 1935 1847 1989 αίὼ-

266 2042 408 2080 νων.
443 2027 515 2080 Τὸ
544 2027 601 2080 δὲ
629 2026 824 2098 ἀληθὲς
854 2026 951 2098 οὑχ
977 2026 1146 2090 οὕτως
1181 2025 1309 2097 ἔχει·
1352 2026 1560 2100 ἀθρόως
1591 2025 1698 2100 γὰρ
1725 2027 1848 2098 βου-

267 2115 464 2189 ληθεὶς
491 2120 519 2172 ό
547 2117 678 2183 Θεὸς
707 2119 1064 2190 ἀναῤῥιπίσαι
1096 2120 1153 2170 ὲν
1178 2119 1298 2182 ταῖς
1336 2118 1553 2173 πάντων
1585 2120 1846 2190 μνήμαις,

267 2211 422 2281 ὑπὲρ
453 2210 545 2264 τοῦ
571 2211 799 2264 ἕκαστον
836 2209 942 2262 τῶν
974 2208 1118 2262 ἰδίων
1153 2209 1569 2282 συναισθηθῆναι
1604 2213 1848 2280 κρεῖττον

265 2303 307 2374 ἢ
373 2305 554 2375 χεῖρον
600 2300 1021 2373 πεπραγμένων,
1069 2299 1247 2355 πάντα
1294 2301 1362 2355 τά
1418 2303 1546 2373 παρ’
1592 2302 1712 2355 ὅλον
1758 2301 1848 2356 τὸν

267 2396 470 2468 χρόνον
529 2395 866 2466 γεγενημένα
917 2393 1151 2464 ἑκάστῳ,
1225 2395 1445 2465 ποιήσαι
1501 2393 1566 2447 ἂν
1624 2393 1848 2465 δυνάμει

269 2488 491 2558 ἀφάτῳο
519 2486 579 2540 οὑ
606 2485 735 2558 γὰρ,
767 2484 955 2554 ὥσπερ
981 2485 1160 2554 ἡμεῖς,
1199 2482 1510 2554 βουλόμενοι
1543 2483 1847 2555 ὑπόμνησίν

193 2576 196 2579 ’
269 2597 441 2634 τινων
486 2580 727 2651 ποιῆσαι,
769 2575 1001 2648 δεόμεθα
1041 2576 1233 2647 χρόνου
1279 2574 1533 2648 διαρκοῦς
1564 2575 1700 2648 πρὸς
1751 2574 1849 2647 τὴν

267 2671 506 2737 διέξοδον
534 2670 642 2725 τῶν
681 2669 770 2740 ὑφ’
803 2668 958 2741 ἡμῶν
989 2667 1317 2739 λεγομένων,
1351 2667 1445 2720 καὶ
1475 2667 1744 2740 φερόντων
1770 2668 1850 2731 είς

269 2765 585 2836 ἀνάμνησιν
623 2756 697 2818 ὧν
742 2760 1042 2833 βουλόμεθα
1071 2760 1403 2832 ἀναμνῆσαι,
1435 2759 1610 2824 οὕτως
1640 2761 1668 2813 ό
1715 2759 1850 2823 Θεὸς

272 2856 561 2928 βουληθεὶς
585 2857 730 2926 ἡμᾶς
757 2854 1064 2926 ὑπομνῆσαι
1089 2853 1197 2906 τῶν
1225 2855 1282 2906 ὲν
1309 2851 1388 2922 τῷ
1420 2851 1519 2924 βίῳ
1545 2852 1715 2923 τούτῳ
1747 2869 1848 2905 πε-

270 2948 630 3020 πραγμένων,
677 2946 784 3011 ἵνα,
841 2943 1288 3016 συναισθηθέντες
1335 2940 1410 2998 ὧν
1451 2945 1846 3016 πεποιήκαμεν,

271 3039 673 3112 καταλὰδωμεν
702 3038 768 3092 δι’
792 3037 827 3092 ά
854 3035 1191 3108 κολαζόμεθά
1214 3036 1246 3106 ἢ
1281 3035 1588 3107 τιμώμεθα,
1627 3039 1848 3108 ποιήσαι

270 3132 364 3186 ἄν.
400 3133 462 3185 Εἰ
488 3131 544 3185 δέ
576 3149 660 3196 τις
691 3129 768 3201 τῷ
799 3130 952 3200 τάχει
985 3129 1083 3200 τῆς
1120 3127 1213 3181 τοῦ
1243 3127 1377 3182 Θεοῦ
1406 3128 1533 3199 περὶ
1558 3127 1727 3181 ταῦτα
1757 3128 1848 3181 δυ-

1959 656 2245 717 postquam
2275 661 2493 718 operam
2523 646 2749 711 dederit,
2782 653 2840 699 ut
2878 644 2946 698 ab
2997 658 3063 699 eo
3112 644 3391 710 liberetur,
3424 661 3526 704 nec

1959 739 2254 808 quidquam
2308 739 2403 794 ulli
2453 739 2665 804 debeat,
2695 737 2919 809 jamque
2969 736 3171 790 minam
3218 737 3527 808 decuplica-

1958 832 2131 896 verit,
2184 832 2269 886 vel
2325 830 2848 901 quincuplicaverit,
2904 829 2988 884 vel
3034 828 3276 899 quinque
3326 831 3525 888 talenta

1959 923 2336 994 duplicaverit,
2376 926 2458 980 vel
2489 940 2519 981 e
2549 925 2764 981 duobus
2790 934 3026 995 quatuor
3054 923 3320 991 eﬂ‘ecerit,
3362 927 3526 980 meri-

1960 1023 2066 1070 tam
2101 1017 2403 1072 mercedem
2429 1017 2676 1087 recipiat,
2717 1017 2925 1073 intrans
2953 1018 3005 1071 in
3037 1017 3292 1088 gaudium
3316 1018 3524 1073 domini

1959 1105 2040 1160 sui
2062 1107 2128 1168 '°,
2156 1107 2242 1161 vel
2268 1122 2432 1176 super
2461 1107 2716 1163 omnibus
2755 1107 2914 1164 bonis
2944 1108 3062 1178 ejus
3103 1109 3433 1165 constitutus
3453 1109 3523 1177 “,

1956 1199 2038 1254 vel
2069 1199 2199 1254 illud
2225 1199 2493 1256 audiens:
2532 1218 2550 1251 ι
2578 1198 2709 1254 Esto
2734 1209 3058 1270 potestatem
3111 1201 3316 1257 habens
3360 1216 3524 1272 super

1955 1290 2143 1346 decem
2191 1292 2475 1359 civitates;
2510 1311 2528 1345 ›
2559 1294 2643 1349 vel
2672 1311 2685 1348 :
2721 1311 2738 1344 ι
2771 1292 2898 1349 Esto
2933 1302 3257 1364 potestatem
3315 1292 3522 1347 habens

1955 1397 2118 1449 super
2147 1384 2387 1454 quinque
2425 1385 2669 1440 civitates
2693 1386 2757 1439 ¹¹.
2793 1403 2811 1435 ι
2858 1383 2982 1440 llaec
3028 1393 3208 1439 autem
3255 1383 3329 1438 ita
3377 1383 3521 1438 dicta

1955 1472 2304 1542 arbitramur,
2331 1476 2487 1547 quasi
2539 1475 2772 1531 multum
2823 1476 3096 1546 postulent
3150 1475 3428 1546 temporis,
3461 1483 3522 1530 ut

1953 1566 2120 1623 totius
2144 1567 2268 1625 vitae
2297 1571 2386 1626 hic
2414 1577 2674 1626 anteacta:
2708 1571 2970 1639 temporis
3004 1569 3270 1626 rationem
3323 1569 3521 1624 redda-

1953 1675 2096 1726 mus,
2131 1663 2264 1717 adeo
2287 1671 2346 1718 ut
2373 1678 2498 1735 rege
2524 1664 2791 1718 rationem
2822 1663 2890 1717 ab
2923 1677 3254 1733 unoquoque
3289 1671 3367 1717 tot
3403 1676 3519 1716 ser-

1953 1769 2140 1809 vorum
2183 1763 2478 1825 repetente,
2524 1771 2612 1812 res
2655 1766 2865 1813 tantum
2906 1756 3216 1812 desiderare
3256 1753 3517 1824 temporis

1951 1846 2344 1911 existimemus,
2375 1848 2549 1904 donec
2576 1865 2696 1919 qua:
2725 1866 2753 1904 a
2786 1849 2972 1904 mundi
3020 1855 3212 1903 exortu
3266 1846 3332 1902 ad
3379 1861 3515 1901 con—

1951 1938 2368 1994 summationem
2409 1955 2514 1996 non
2571 1942 2733 1998 unius
2782 1940 2988 2007 szeculi,
3015 1939 3109 1996 sed
3153 1939 3514 2010 plurimorum

1951 2039 2098 2101 gesta
2135 2038 2283 2098 sunt,
2325 2031 2391 2086 ad
2437 2030 2599 2086 finem
2650 2032 3038 2102 perducantur.
3079 2030 3148 2086 At
3200 2045 3290 2086 res
3340 2029 3412 2083 ita
3457 2043 3517 2084 se

1950 2136 2059 2175 non
2088 2121 2247 2177 habet
2285 2139 2300 2189 ;
2335 2121 2524 2178 volens
2574 2123 2720 2178 enim
2763 2121 2906 2178 Deus
2950 2135 3291 2192 quaecunque
3348 2119 3516 2175 totius
3587 2148 3589 2151 -

1950 2212 2208 2283 temporis
2234 2211 2466 2269 decursu
2490 2223 2609 2268 acta
2644 2223 2793 2280 sunt,
2829 2213 2883 2268 in
2915 2212 3159 2269 omnium
3191 2211 3512 2268 memoriam

1949 2300 2236 2356 confestim
2262 2317 2539 2367 revocare,
2570 2314 2629 2358 ut
2657 2317 2840 2358 rerum
2876 2318 2906 2357 a
2951 2317 3011 2359 se
3058 2302 3194 2358 bene
3221 2302 3329 2383 .vel
3375 2302 3516 2357 male

1948 2403 2221 2464 gestarum
2253 2395 2630 2464 unusquisque
2663 2396 2919 2451 conscius
2947 2395 3037 2463 sit,
3069 2395 3123 2450 id
3151 2395 3348 2450 virtute
3378 2393 3517 2449 inef-
3585 2447 3592 2453 .

1949 2483 2099 2540 fabili
2130 2484 2344 2543 elilciet.
2391 2484 2501 2542 Nec
2545 2485 2713 2552 enim,
2738 2487 3200 2557 quemadmodum
3241 2487 3286 2542 si
3330 2501 3514 2542 rerum

1949 2580 2254 2649 aliquarum
2282 2582 2601 2636 memoriam
2633 2581 2791 2637 nobis
2820 2579 3076 2636 refricare
3099 2579 3374 2643 volumus,
3401 2576 3516 2633 suf-

1949 2667 2135 2726 ficiens
2165 2671 2540 2732 desideramus
2567 2682 2797 2744 tempus,
2829 2687 2940 2743 quo
2972 2685 3094 2742 qua:
3118 2685 3149 2724 a
3180 2671 3338 2726 nobis
3373 2669 3517 2723 dicta

1949 2771 2097 2829 sunt,
2126 2773 2180 2818 et
2208 2765 2274 2820 ad
2322 2781 2510 2821 eorum
2561 2764 2994 2822 recordationem
3045 2779 3278 2834 quorum
3324 2763 3517 2817 memi-

1950 2855 2098 2912 nisse
2142 2858 2391 2914 volumus
2438 2875 2537 2916 nos
2591 2860 2892 2925 deducunt,
2928 2871 3336 2928 percurramus,
3375 2854 3514 2909 idem

1949 2943 2080 3001 facit
2110 2945 2252 3003 Deus
2283 2964 2408 3005 cum
2435 2951 2593 3005 nobis
2620 2951 2675 3007 in
2711 2949 3026 3007 memoriam
3065 2947 3228 3020 627
3261 2960 3518 3002 revocare
3589 3017 3600 3021 _

1947 3039 2063 3093 vult
2109 3052 2231 3110 quae
2276 3040 2331 3094 in
2377 3042 2480 3097 hac
2523 3043 2634 3097 vita
2670 3043 2962 3114 gessimus,
2995 3049 3055 3095 ut
3093 3053 3280 3095 eorum
3327 3051 3448 3107 quae
3483 3051 3515 3089 a

1949 3127 2108 3184 nobis
2139 3137 2255 3184 acta
2287 3137 2416 3186 sunt
2442 3131 2672 3198 conscii,
2703 3145 2802 3186 cur
2823 3145 3006 3200 paena,
3032 3128 3118 3183 vel
3146 3127 3354 3183 honore
3398 3123 3516 3180 afﬂ-

269 3225 495 3294 νάμεως
528 3225 765 3286 ἀπιστεῖ,
786 3217 939 3284 οὗτος
961 3220 1170 3273 οὐδέπω
1190 3219 1410 3290 νενόηκε
1435 3219 1526 3273 τὸν
1552 3221 1848 3292 ποιήσαντα

1954 3218 2127 3274 cimur
2156 3230 2495 3290 perspectum
2524 3221 2840 3277 habeamus.
2877 3221 3034 3288 Quod
3079 3219 3125 3276 si
3161 3219 3285 3291 quis
3321 3216 3518 3272 divina

268 3315 347 3370 τὰ
375 3315 472 3369 ὅλα
503 3314 656 3378 Θεὸν,
687 3314 745 3367 οὑ
773 3311 1032 3384 δεηθέντα
1063 3311 1269 3382 χρόνων
1297 3313 1376 3374 είς
1407 3311 1468 3364 τὸ
1497 3311 1720 3381 ποιῆσαι
1747 3328 1848 3381 τη-

267 3406 539 3478 λικαύτην
570 3403 799 3477 οὐρανοῦ
825 3403 919 3458 καὶ
942 3403 1046 3474 γῆς
1077 3402 1169 3455 καὶ
1199 3401 1308 3456 τῶν
1333 3403 1390 3454 ἐν
1428 3402 1612 3466 αὑτοῖς
1645 3401 1844 3456 κτίσινι

271 3498 380 3553 κᾶν
404 3501 513 3569 γάρ
536 3497 663 3569 δοκῇ
696 3498 754 3550 ὲν
780 3494 840 3561 ἒξ
871 3496 1100 3567 ἡμέραις
1118 3493 1292 3548 ταῦτα
1326 3492 1700 3564 πεποιηκέναι,
1729 3510 1852 3546 συν-

271 3592 446 3654 ἐσεως
478 3589 634 3662 χρεία
681 3588 815 3660 πρὸς
845 3588 906 3641 τὸ
943 3587 1131 3658 νοῆσαι
1179 3584 1297 3648 πῶς
1323 3584 1541 3653 λέγεται
1571 3584 1653 3650 τὸ,
1687 3584 1758 3638 ἐν
1782 3584 1852 3650 ἐξ

271 3686 546 3756 ἡμέραις,
574 3683 660 3738 διὰ
698 3683 880 3737 τοῦτο·
915 3701 933 3734 ι
963 3683 1109 3754 Αὕτη
1134 3683 1168 3753 ἡ
1191 3681 1369 3753 βίϐλος
1390 3681 1653 3750 γενέσεως
1684 3681 1848 3753 οὐρα-

268 3776 371 3831 νοῦ
401 3777 494 3831 καὶ
515 3777 638 3847 γῆς,
675 3796 693 3828 ι
726 3775 819 3829 καὶ
845 3775 914 3828 τά
949 3773 1419 3846 ἐξῆς.Τολμητέον
1449 3767 1564 3836 οὖν,
1626 3774 1720 3827 καὶ
1761 3773 1847 3826 λε-

274 3870 457 3934 κτέον,
493 3870 621 3923 ὅτιὸ
651 3869 750 3939 τῆς
784 3865 1238 3939 προσδοκωμένης
1283 3867 1517 3938 κρίσεως
1556 3866 1746 3936 καιρὸς
1783 3865 1844 3918 οὑ

271 3963 449 4018 δεῖται
480 3962 706 4034 χρόνων,
732 3961 845 4015 ἁλλ’
871 3961 944 4024 ὡς
981 3961 1015 4031 ἡ
1043 3959 1335 4022 ἀνάστασις
1367 3957 1582 4027 λέγεται
1603 3957 1848 4025 γίνεσθαι

278 4075 302 4107 ι
347 4059 404 4109 ὲν
427 4055 634 4126 ἀτόμῳ,
669 4055 726 4106 ὲν
758 4054 888 4124 ῥιπῇ
917 4051 1230 4123 ὀφθαλμῶν,
1267 4071 1284 4106 ι
1324 4050 1514 4114 οὑτως,
1547 4045 1721 4120 οἶμαι,
1757 4050 1850 4104 καὶ

275 4149 313 4219 ἡ
347 4147 548 4218 κρίσις.

1950 3308 2168 3364 virtutis
2195 3309 2249 3363 in
2275 3309 2340 3365 iis
2365 3311 2588 3383 agendis
2632 3312 2890 3368 celeritati
2927 3311 3086 3366 tidem
3118 3325 3227 3365 non
3257 3307 3439 3370 habet,
3470 3306 3519 3362 is

1950 3399 2117 3455 Deum
2151 3416 2182 3456 a
2212 3417 2322 3472 quo
2356 3404 2542 3458 omnia
2583 3404 2800 3460 condita
2845 3413 2994 3469 sunt,
3041 3402 3282 3458 nondum
3330 3400 3520 3456 animo

1949 3495 2382 3565 comprehendit,
2416 3496 2505 3552 cui
2541 3506 2781 3566 tempore
2811 3511 2948 3566 opus
2977 3511 3086 3552 non
3127 3493 3252 3559 fuit,
3297 3501 3355 3548 ut
3395 3503 3518 3548 tan-

1951 3595 2058 3641 tam
2086 3586 2210 3640 coeli
2239 3595 2292 3642 et
2327 3595 2486 3642 terrae
2517 3588 2716 3643 molem
2767 3587 3098 3654 fabricaret;
3133 3601 3260 3641 nam
3305 3584 3520 3641 etiamsi

1954 3680 2096 3735 intra
2128 3695 2220 3736 sex
2251 3679 2368 3735 dies
2403 3680 2516 3735 haec
2538 3694 2756 3736 creasse
2789 3679 3053 3743 videatur,
3085 3677 3356 3733 intellectu
3383 3690 3522 3745 opus

1951 3782 2056 3838 est,
2087 3783 2146 3826 ut
2175 3786 2369 3841 capere
2398 3771 2692 3841 possimus,
2726 3775 2980 3841 quonam‘
3011 3785 3174 3826 sensu
3218 3768 3269 3822 id
3315 3767 3522 3823 dictum

1950 3871 2054 3929 est,
2084 3864 2227 3917 intra
2264 3879 2356 3918 sea:
2386 3864 2539 3928 dies;
2575 3871 2794 3933 propter
2821 3862 2953 3918 illud
2979 3881 2992 3917 :
3027 3881 3045 3914 ι
3077 3859 3176 3916 Hic
3198 3860 3334 3915 liber
3359 3873 3524 3929 gene-

1953 3955 2182 4010 rationis
2203 3955 2325 4010 caali
2345 3963 2401 4011 et
2425 3965 2580 4010 terra:
2599 3956 2665 4020 ⁸⁸,
2691 3973 2710 4006 ι
2741 3963 2795 4010 et
2813 3969 2934 4028 qua:
2958 3959 3279 4022 sequuntur.
3303 3950 3526 4004 Auden-

1955 4048 2084 4104 dum
2117 4048 2389 4120 estigitur
2427 4058 2482 4104 et
2517 4047 2808 4104 dicendum
2858 4046 3027 4102 futuri
3069 4044 3262 4116 judicii
3305 4050 3523 4111 tempus

1957 4143 2191 4212 Spatium
2246 4157 2353 4197 non
2402 4141 2860 4207 desideraturum,
2918 4137 3012 4194 sed
3061 4135 3522 4207 quemadmodum

274 4239 609 4297 resurrectio
664 4257 683 4292 ι
726 4238 782 4293 ἱιι
829 4246 1032 4309 puncto
1085 4237 1382 4309 temporis,
1436 4237 1490 4292 in
1551 4236 1837 4293 oculorum
1877 4235 2173 4293 nictatione
2192 4236 2239 4269 “
2268 4255 2288 4290 ι
2329 4236 2508 4292 futura
2557 4235 2776 4302 dicitur,
2816 4235 2921 4291 tale
2964 4233 3208 4289 futurum
3255 4229 3523 4302 judicium

312 4334 552 4390 xistimo.

312 4350 493 4390 xlsum
538 4374 552 4388 .

274 4352 309 4392 ὃ
351 4350 707 4484 Μετὰθταῦτα
735 4424 950 4481 λεκτέον
982 4425 1062 4489 είς
1103 4425 1186 4479 τό⁹
1223 4443 1241 4476 ι
1295 4423 1622 4497 Ἀρξαμένου
1664 4424 1722 4479 δὲ
1755 4423 1852 4479 αὑ-

2030 4419 2116 4474 lO.
2153 4417 2356 4492 Deinde
2380 4430 2509 4471 vero
2538 4428 2702 4485 super
2728 4412 2814 4469 his
2834 4410 3210 4469 disserendum
3237 4419 3320 4467 est
3357 4424 3370 4461 ι
3408 4427 3426 4461 ι
3457 4407 3532 4464 Et

1479 4560 1708 4619 VETUS
1746 4555 2321 4616 INTERPRETATIO.

280 4685 573 4748 rationem,
601 4697 672 4740 ne
705 4681 839 4737 forte
869 4696 956 4736 res
983 4681 1097 4752 ipsa
1125 4678 1493 4752 necessarium
1524 4679 1721 4733 habeat
1751 4678 1971 4752 longum
2003 4688 2240 4752 tempus,
2275 4673 2634 4752 quoadusque
2664 4672 2729 4727 ad
2755 4672 2916 4726 tinem
2955 4670 3271 4752 perveniant
3310 4667 3521 4752 omnia,

278 4744 402 4828 quae
429 4756 498 4809 ab
515 4744 683 4828 initio
698 4753 897 4828 _mnndi
928 4744 1101 4828 usque
1128 4751 1751 4828 ad_co_nsunnn_atio_pem
1787 4744 1968 4828 saa'culi
2004 4744 2325 4827 non'unius,
2356 4745 2448 4798 sed
2484 4744 2780 4796 multorum
2811 4744 3136 4821 swculorum
3199 4747 3326 4820 sunt
3370 4751 3522 4807 gesta

279 4811 351 4882 5b
381 4825 656 4879 omnibus.
695 4822 800 4877 Sed
829 4837 932 4875 non
964 4811 1048 4876 est
1079 4823 1172 4876 ita.
1205 4819 1402 4875 Volens
1432 4821 1577 4872 enim
1613 4817 1756 4872 Deus
1785 4819 2048 4873 ventilare
2075 4816 2321 4871 omnium
2354 4824 2584 4876 mentes,
2619 4821 2678 4867 ut
2719 4813 3099 4881 unusquisque
3147 4811 3359 4882 sentiat
3391 4822 3523 4882 pro-

279 4878 434 4968 prios
456 4895 814 4968 actusgbo‘nos
843 4893 925 4946 vel
953 4892 1145 4968 malos,
1177 4891 1290 4968 cito
1329 4890 1512 4968 omnia
1549 4889 1620 4968 ab
1668 4890 1922 4968 omnibus
1963 4886 2110 4968 omni
2157 4895 2398 4967 tempore
2428 4893 2607 4968 gesta,
2625 4883 2854 4968 singulis
2881 4878 3231 4968 quibusque.
3260 4878 3421 4968 faciet
3468 4879 3523 4932 in

281 4949 466 5022 incute
501 4962 846 5019 incﬂabiliter
873 4963 1105 5030 quadam
1133 4949 1357 5014 virtute.
1391 4957 1501 5013 Nec
1530 4959 1674 5013 enim
1705 4959 1848 5013 sicut
1880 4972 1980 5012 nos
2011 4958 2249 5030 volentes
2269 4949 2332 5009 in
2369 4949 2558 5030 mente
2582 4949 2760 5030 facere
2784 4949 2946 5006 alicui
2968 4949 3184 5030 eaquae
3209 4949 3354 5030 fecit,
3381 4961 3522 5030 opus

281 5018 551 5092 habemus
578 5018 818 5102 tempore
840 5018 1123 5086 sufficienti
1147 5031 1211 5084 ad
1232 5030 1756 5102 consummationem
1785 5043 1972 5102 corium
1997 5041 2118 5094 quae
2137 5026 2390 5102 dicuntur
2411 5039 2441 5077 a
2473 5023 2648 5102 nobis,
2670 5031 2722 5076 et
2747 5022 2806 5102 in.
2827 5018 3145 5100 memoriam
3172 5018 3518 5102 rediguntur:

283 5091 365 5162 sic
391 5115 446 5161 et
482 5104 622 5160 Deus
652 5091 790 5172 opus
825 5103 986 5156 habet
1015 5112 1228 5168 tempus
1253 5101 1440 5154 volens
1467 5099 1623 5153 nobis
1652 5099 1706 5152 in
1735 5107 1913 5152 mente
1943 5091 2122 5172 facere
2148 5096 2334 5148 omnia
2359 5108 2481 5172 quae
2503 5093 2849 5172 gessimusni'n
2875 5091 3007 5171 vita,
3039 5098 3099 5143 ut
3127 5091 3522 5172 cognoscentes

286 5156 966 5243 universaquae-fecimus,
1001 5156 1367 5243 intelligamus
1398 5177 1616 5238 propter
1649 5183 1770 5243 quae
1804 5177 1898 5221 aut
1929 5166 2207 5243 punimur,
2238 5173 2332 5218 aut
2371 5156 2726 5243 I't_ono'ra|nur.
2770 5159 2995 5243 “quis
3041 5169 3220 5237 autem
3253 5156 3522 5243 celeritati

283 5223 1271 5300 hiii'ria'e'iii-{diig'c‘irés'ii;éc'b.:.i’.i5
1305 5223 1735 5293 con'summanda
1774 5253 1880 5290 non
1920 5223 2112 5299 credit,
2145 5223 2234 5288 hic
2267 5234 2509 5287 nondum
2547 5231 2811 5284 intellexit
2843 5223 3008 5300 Deum
3039 5229 3132 5300 qui
3155 5226 3338 5279 omnia
3366 5223 3516 5286 fecit,

284 5298 338 5369 et
359 5298 478 5368 non
513 5313 739 5383 indiguit
773 5311 950 5383 spatio
981 5310 1238 5383 temporis
1267 5309 1501 5383 alicujus
1531 5309 1597 5383 ad
1625 5307 1935 5383 faciendam
1974 5307 2119 5368 cmli,
2159 5311 2503 5383 etlterraetet
2527 5298 3142 5383 ,οιιιηίιιιηιιιιισξ-ἱξιὶοίε
3175 5305 3322 5360 sunt,
3356 5309 3524 5383 crea-

286 5362 488 5439 ἶιίιιξὶὶὶῖ.
513 5362 794 5438 ἱξεῖτῗὲίεῖ
805 5362 1117 5436 ’τίθειιίὖῖιῖ
1138 5362 1232 5435 sext
1261 5362 1453 5434 diebus
1477 5377 1671 5432 fecisse
1695 5378 1876 5430 omnia
1901 5375 2064 5439 Deus,
2094 5362 2330 5428 maxime
2353 5362 2482 5442 quia
2509 5372 2641 5426 dicit
2660 5387 2687 5442 ,εκ
2714 5388 2732 5420 ι
2765 5362 2865 5442 me
2892 5378 2973 5422 est
2995 5367 3130 5420 liber
3153 5362 3521 5442 generationis

271 5468 300 5507 c
319 5456 409 5510 mli
438 5465 492 5509 et
522 5463 698 5516 terrae,
727 5467 833 5521 qua
862 5452 948 5505 die
984 5451 1124 5504 facta
1152 5457 1280 5521 sunt
1305 5451 1503 5521 cadum
1530 5455 1584 5500 et
1615 5459 1755 5521 terra
1786 5462 1801 5510 ;
1833 5464 1851 5496 ι
1879 5444 2199 5521 audendum
2232 5452 2316 5499 est
2347 5439 2928 5521 tamen-etudice‘ndum
2951 5477 2966 5503 ,
3005 5440 3264 5517 quoniam
3305 5445 3518 5521 tempus

276 5507 461 5579 futuri
480 5507 819 5593 judicii'non
851 5536 988 5590 opus
1020 5520 1240 5593 habebit
1274 5519 1452 5593 spatio
1485 5516 1766 5586 temporis,
1790 5507 1894 5570 'sed
1925 5516 2068 5571 sicut
2117 5514 2445 5569 resurrectio
2505 5510 2707 5565 dicitur
2756 5508 2939 5573 futura
2977 5525 2996 5558 ι
3035 5510 3090 5561 in
3130 5514 3429 5568 momento,
3465 5507 3515 5555 in

273 5601 395 5655 ictu
430 5590 597 5654 oculi,
628 5609 646 5644 ι
681 5593 762 5645 sic
793 5602 920 5660 puto
947 5600 1002 5645 et
1027 5591 1292 5658 judicium
1321 5590 1456 5642 l'ore.

361 5636 766 5720 io?“§£fé(u§.2£
793 5636 1520 5729 iiliéaixidgijiiii'ési'iliiod
1545 5656 1622 5712 ait
1657 5675 1672 5710 :
1707 5673 1725 5707 ι
1766 5653 2058 5724 Incipiente
2096 5667 2162 5708 eo
2210 5665 2413 5722 ponere
2464 5649 2730 5703 rationem
2756 5688 2771 5714 ,
2816 5643 3030 5702 oblatus
3077 5652 3162 5700 est
3208 5641 3260 5695 ei
3311 5636 3455 5694 dcbit
3495 5647 3522 5688 r

357 5798 397 5829 “
425 5795 558 5850 Luc.
587 5809 684 5859 xu,
717 5793 806 5858 58,
833 5791 919 5846 59.
1025 5791 1070 5823 '°
1099 5789 1286 5845 Matth.
1337 5804 1462 5855 xxv,
1499 5787 1586 5842 2i.

290 5854 334 5901 ίδ
367 5866 385 5920 l
409 5866 537 5922 Cur.
573 5854 782 5930 x‘v,y52.

1685 5787 1729 5819 ’⁸
1755 5783 1941 5840 Matth.
1992 5799 2138 5850 xm,
2173 5783 2261 5839 47.

2316 5846 2332 5851 ,ν
2355 5781 2401 5813 ¹²
2428 5779 2561 5836 Luc.
2625 5795 2738 5848 χιι,
2776 5779 2862 5847 l7,
2927 5779 3014 5835 l9.
3115 5774 3326 5832 “Gen.
3382 5768 3524 5838 tu.
