3954 6538
149 375 313 436 1209
1114 375 1470 433 (ΞΟΜΜΕΝΤ.
1511 374 1577 432 IN
1619 375 1753 432 ΜΑἹ

1862 374 2034 434 ᾹΞυΜ
2076 375 2315 434 TOMUS
2356 373 2492 430 XIV.
3305 367 3445 423 1210

142 499 382 564 λάντοις
395 498 596 573 χρυσοῦ
613 499 868 564 τοσοῖσδε,
887 500 982 555 καὶ
999 499 1242 572 ἀργύρου
1264 503 1522 565 τοσοῖσδε,
1543 502 1638 555 καὶ
1658 502 1753 572 τῆς

1863 503 2122 557 talentum
2175 500 2460 572 pendens,
2511 498 2593 553 vel
2643 495 2894 567 argenti,
2945 494 3027 548 vel
3071 492 3450 564 cujuscunque

144 592 361 663 λοιπῆς
383 592 787 666 ὀνομαζομένης
807 596 924 648 ἐκεῖ
951 593 1102 665 ὕλης,
1120 594 1180 658 ἐξ
1196 589 1262 664 ἧς
1283 595 1753 648 κατεσκεύασταιό

1863 595 2080 650 tandem
2124 594 2368 650 materiae
2399 602 2580 648 mente
2609 597 2884 660 concepta:
2914 588 2990 654 ³⁶;
3031 602 3264 657 quorum
3301 585 3452 641 simi-

141 683 252 737 τοῦ
283 683 423 737 Θεοῦ
449 682 604 748 νεώς.

1859 687 2114 743 litudines
2160 688 2214 742 in
2259 686 2437 740 Verbis
2490 686 2698 740 dierum
2739 681 3065 751 conscripta:
3105 688 3270 744 sunt,
3318 693 3444 732 eum

145 775 357 831 multis
403 775 622 831 talentis
669 774 876 830 ditatus
928 773 1123 830 fuisset
1167 773 1338 829 David
1382 776 1468 842 ³¹,
1517 791 1751 846 quorum
1806 779 1970 834 etiam
2019 794 2282 834 numerus
2325 793 2617 848 expressus
2663 785 2776 842 est,
2825 781 2904 829 tot
2966 772 3185 827 talentis
3241 770 3446 837 aureis,

146 879 230 924 tot
263 869 564 940 argenteis,
596 878 649 924 et
674 869 882 938 reliqua
914 869 1140 924 materia
1162 883 1284 938 quae
1305 867 1380 924 ibi
1414 881 1748 936 recensetur,
1788 885 1820 928 θ
1851 888 1959 944 qua
1994 875 2256 944 templum
2293 872 2385 928 Dei
2413 879 2787 928 constructum
2816 879 2919 925 est.

223 961 385 1034 Πλὴν
421 963 497 1034 μὴ
540 962 679 1034 έχων
711 961 1005 1017 ἀποδοῦναι
1040 961 1110 1015 τὰ
1134 961 1392 1025 τάλαντα,
1427 962 1753 1018 ἀπολωλέκει

1943 968 2030 1022 ll.
2073 966 2273 1022 Verum
2318 981 2444 1022 cum
2478 965 2526 1019 ei
2558 980 2664 1019 non
2695 964 2788 1028 sit,
2834 961 2977 1018 unde
3007 959 3206 1016 talenta
3247 957 3449 1014 rescri-

145 1053 270 1126 γὰρ
301 1053 498 1120 ταῦτα,
545 1055 657 1126 ἔχει
694 1057 930 1124 γυναῖκα
965 1055 1060 1108 καὶ
1105 1054 1293 1121 τέκνα,
1334 1057 1430 1109 καὶ
1461 1055 1596 1112 ἄλλα
1633 1058 1753 1130 περὶ

1867 1059 1981 1126 bat,
2024 1075 2087 1116 ea
2119 1060 2264 1116 enim
2314 1058 2607 1123 amiserat,
2646 1070 2871 1111 uxorem
2923 1063 3102 1119 certe,
3137 1052 3449 1120 liberosque

146 1140 230 1202 ὧν
257 1150 599 1220 γέγραπται·
642 1168 660 1200 ι
702 1149 888 1203 Πάντα
913 1149 1014 1204 ὅσα
1040 1149 1174 1221 ἔχει·
1217 1168 1236 1201 ι
1283 1150 1378 1204 καὶ
1413 1145 1482 1223 ἦν
1513 1149 1753 1216 δυνατὸν,

1869 1152 2031 1208 habet
2057 1191 2072 1217 ,
2127 1153 2343 1223 aliaque
2372 1152 2440 1206 de
2487 1149 2687 1221 quibus
2730 1147 2990 1216 scriptum
3025 1154 3150 1199 cst:
3195 1162 3215 1195 ί
3251 1140 3448 1198 Omnia

147 1240 613 1311 πιπρασκόμενον
635 1240 797 1294 αὐτὸν
829 1243 966 1312 μετὰ
993 1241 1102 1296 τῶν
1134 1241 1300 1308 ίδίων,
1326 1243 1633 1316 εὐπορῆσαι
1665 1243 1753 1298 τοῦ

1865 1259 1991 1318 qua}
2017 1245 2180 1301 habet
2203 1245 2270 1312 ⁸⁸;
2310 1263 2330 1296 ι
2361 1258 2427 1299 ac
2447 1242 2562 1298 fieri
2605 1247 2818 1311 poterat
2845 1247 2903 1293 ut
2927 1253 2994 1294 eo
3022 1252 3146 1292 cum
3188 1237 3304 1292 suis
3328 1250 3440 1289 om-

145 1329 520 1402 ὠνησαμένου
554 1333 740 1396 αὐτὸν,
771 1333 868 1386 καὶ
905 1331 1295 1406 πληρώσαντος
1334 1334 1422 1388 διὰ
1464 1334 1564 1406 τῆς
1595 1330 1753 1407 τιμῆς

1861 1333 2024 1389 nibus
2048 1332 2395 1398 venundata,
2439 1340 2740 1400 emptorem
2773 1328 3214 1394 nancisceretur,
3247 1325 3448 1398 quippe

147 1423 330 1476 αὐτοῦ
367 1425 464 1478 καὶ
495 1424 602 1479 τῶν
630 1423 797 1480 αὐτοῦ
832 1427 940 1480 πᾶν
975 1425 1036 1479 τὸ
1070 1426 1314 1499 ὄφλημα·
1344 1427 1442 1483 καὶ
1470 1421 1582 1483 οἷόν
1602 1445 1664 1482 τε
1695 1421 1753 1500 ἦν

1861 1433 1916 1482 et
1935 1425 2044 1492 sui,
2090 1440 2386 1496 rerumque
2419 1425 2484 1480 ad
2531 1440 2591 1480 se
2639 1423 3025 1494 pertinentium
3062 1421 3238 1494 pretio
3277 1420 3444 1476 debiti

147 1516 327 1569 αὑτὸν
363 1517 560 1589 μηκέτι
589 1518 688 1588 μὲν
709 1514 847 1572 εἶναι
873 1517 1058 1572 δοῦλον
1073 1518 1166 1572 τοῦ
1199 1519 1480 1590 βασιλέως,
1514 1521 1753 1590 γενέσθαι

1862 1533 2136 1574 summam
2171 1519 2443 1589 expleret;
2491 1528 2546 1574 et
2587 1519 2706 1575 ﬁeri
2758 1527 3001 1590 poterat,
3036 1526 3096 1572 ut
3141 1531 3250 1571 non
3303 1513 3447 1586 regis

148 1592 209 1660 δὲ
240 1606 352 1661 τοῦ
386 1607 764 1680 ὠνησαμένου·
794 1610 888 1664 καὶ
912 1609 1284 1675 έπιδικάζεταί
1315 1627 1378 1680 γε
1411 1611 1505 1666 τοῦ
1533 1612 1607 1683 μὴ
1634 1629 1753 1685 πραι

1864 1610 2133 1680 amplius,
2183 1611 2276 1664 sed
2322 1610 2586 1680 emptoris
2636 1610 2721 1665 sui
2769 1625 2960 1664 servus
2987 1617 3160 1675 esset;
3203 1617 3365 1676 atque
3393 1607 3445 1660 id

149 1699 270 1763 θεὶς
304 1701 430 1772 ἅμα
461 1703 574 1765 τοῖς
608 1701 758 1766 ἰδίοις
781 1701 964 1772 μένειν
992 1704 1048 1757 ὲν
1082 1704 1149 1774 τῇ
1172 1701 1267 1755 τοῦ
1304 1702 1569 1774 βασιλέως
1587 1703 1753 1775 οἰκία·

1860 1701 2150 1772 impetrat,
2196 1714 2256 1758 ut
2299 1719 2423 1759 cum
2472 1705 2590 1759 suis
2617 1703 2870 1758 omnibus
2907 1717 3016 1756 non
3051 1700 3360 1756 divenditus
3392 1697 3444 1751 in

145 1791 231 1853 διὸ
267 1810 289 1843 ι
331 1789 518 1846 πεσὼν
565 1795 860 1864 προσκυνεῖ
910 1792 1081 1864 αὐτῷ,
1156 1812 1174 1845 ι
1232 1794 1363 1848 Θεὸν
1400 1794 1753 1862 ἐπιστάμενος

1863 1795 2007 1866 regis
2028 1794 2193 1850 domo
2217 1796 2441 1863 haereat,
2485 1805 2771 1866 propterea
2804 1815 2823 1848 ι
2862 1793 3150 1866 ρῐοοὶόθιιε
3185 1791 3448 1847 adorabat

148 1884 245 1937 τὸν
288 1883 545 1954 βασιλέα,
599 1886 694 1938 καὶ
722 1885 891 1954 λέγει·
929 1903 949 1937 ι
987 1885 1434 1959 Μακροθύμησον
1471 1888 1559 1940 ἐπ’
1609 1887 1753 1958 ἐμοὶ,

1861 1899 1986 1940 eum
2013 1925 2029 1950 ,
2075 1904 2095 1939 ι
2130 1883 2301 1941 Deum
2347 1902 2544 1956 nempe
2579 1902 2757 1958 regem
2805 1902 2926 1942 esse
2963 1887 3166 1949 sciens,
3211 1893 3265 1938 et
3308 1883 3385 1937 ait
3430 1899 3445 1935 :

149 1977 246 2030 καὶ
275 1978 461 2032 πάντα
491 1977 762 2032 ἀποδώσω
785 1993 888 2032 σοι·
921 1999 940 2032 ι
979 1975 1048 2050 ἦν
1075 1979 1204 2052 γὰρ,
1223 1983 1299 2045 ώς
1332 1978 1498 2046 είκός,
1532 1980 1753 2053 δραστή-

1867 1992 1888 2026 ι
1926 1975 2249 2032 Patientiam
2279 1977 2419 2033 habe
2459 1979 2513 2032 in
2543 1993 2652 2040 me,
2689 1985 2743 2032 et
2773 1977 2955 2031 omnia
2985 1975 3205 2031 reddam
3246 1973 3378 2040 tibi,
3422 1991 3442 2024 ι

149 2087 293 2141 ριος,
334 2069 504 2142 ὀρῶν,
544 2071 626 2125 ὃτι
670 2069 892 2126 δύναται
933 2074 998 2126 ὲκ
1029 2073 1298 2146 δευτέρων
1337 2075 1592 2146 πράξεων
1623 2075 1753 2129 ἀνα-

1862 2088 1986 2128 eum
2016 2072 2162 2127 enim
2208 2071 2378 2128 fuisse
2419 2071 2748 2126 industrium
2776 2069 3035 2125 credibile
3077 2076 3180 2131 est,
3218 2079 3448 2136 seseque

151 2161 456 2234 πληρῶσαι
496 2165 604 2218 πᾶν
647 2163 710 2216 τὸ
754 2163 932 2228 ἐνδεὲς
966 2164 1074 2219 ἀπὸ
1116 2165 1217 2237 τῆς
1250 2165 1520 2239 προτέρας
1556 2165 1753 2237 ζημίας

1861 2163 2147 2235 penuriam
2197 2179 2362 2234 quam
2412 2179 2478 2218 ex
2538 2161 2707 2233 priori
2766 2161 3065 2218 multorum
3117 2161 3445 2215 talentorum

146 2254 260 2308 τῶν
303 2253 524 2308 πολλῶν
547 2256 850 2310 ταλάντων·
880 2257 976 2310 καὶ
997 2259 1025 2310 ό
1051 2255 1258 2326 ἀγαθός
1291 2275 1355 2327 γε
1386 2257 1641 2328 βασιλεὺς
1667 2251 1757 2311 οῦ-

147 2365 239 2411 τος
269 2347 687 2420 ἐσπλαγχνίσθη
716 2349 810 2403 καὶ
844 2349 938 2403 ἐπὶ
977 2349 1068 2403 τὸν
1105 2349 1389 2422 ὀφειλέτην
1415 2351 1520 2404 τῶν
1547 2351 1757 2406 πολλῶν

147 2441 460 2507 ταλάντων,
509 2442 605 2496 καὶ
647 2442 770 2496 τότε
822 2443 920 2514 μὲν
973 2442 1246 2497 ἀπέλυσεν
1298 2443 1460 2497 αὑτὸν
1494 2444 1677 2498 πλεῖόν
1703 2462 1757 2498 τι

148 2535 531 2607 χαρισάμενος
565 2532 715 2606 αύτῷ
759 2529 829 2608 ἦς
861 2534 1069 2606 ἠξιώθη
1105 2535 1400 2602 ἀξιώσεως·
1435 2539 1464 2591 ὀ
1503 2537 1602 2608 μὲν
1647 2537 1756 2610 γὰρ

147 2623 444 2697 ὀφειλέτης
473 2624 838 2697 ἐπηγγείλατο
873 2625 1361 2699 μακροθυμήσαντι
1403 2626 1483 2700 τῷ
1518 2627 1756 2702 δεσπότῃ

150 2716 450 2771 ἀποδοῦναι
506 2715 720 2772 ἅπαντα
749 2717 817 2772 τὰ
861 2717 1222 2791 ὀφειλήματα·
1271 2721 1302 2773 ὀ
1354 2719 1413 2774 δὲ
1451 2720 1756 2792 σπλαγχνι-

153 2811 299 2876 σθεὶς
341 2813 434 2865 ἐπ’
463 2811 610 2884 αὐτῷ
638 2812 827 2885 κύριος
863 2812 963 2867 οὐκ
997 2814 1091 2867 ἐπὶ
1119 2813 1198 2885 τῷ
1231 2814 1524 2870 ἀπολαϐεῖν
1565 2817 1628 2870 ὲκ
1661 2816 1754 2872 τοῦ

156 2905 558 2978 μακροθυμεῖν,
599 2906 720 2960 τότε
772 2907 983 2978 ἀφῆκεν
1034 2906 1198 2961 αὑτὸν
1245 2908 1427 2978 μόνον,
1471 2909 1610 2962 ἀλλὰ
1659 2911 1754 2964 καὶ

152 2999 442 3064 παντελῶς
482 3001 739 3063 ἀπέλυσε,
777 3001 870 3054 καὶ
906 3003 1088 3055 πᾶσαν
1128 2999 1226 3073 τὴν
1268 2999 1490 3074 ὀφειλὴν
1543 3001 1754 3074 ἀφῆκεν

153 3089 319 3159 αὐτῷ.
366 3090 428 3143 ’0
450 3089 506 3143 δὲ
538 3091 771 3164 πονηρὸς
802 3091 986 3156 δοῦλος
1028 3084 1184 3157 οὗτος
1229 3092 1324 3148 καὶ
1368 3093 1749 3165 μακροθυμίαν

152 3181 257 3235 ἀπὸ
281 3182 387 3236 τοῦ
413 3183 674 3239 δεσπότου
705 3186 937 3256 αἰτήσας
971 3186 1065 3240 ἐπὶ
1086 3189 1199 3252 τοῖς
1225 3188 1436 3252 πολλοῖς
1468 3187 1752 3254 ταλάντοις

157 3277 408 3349 ἀνηλεῶς
433 3279 757 3351 πεποίηκεν.
788 3300 807 3331 ι
839 3280 1031 3353 Εύρὼν
1053 3281 1163 3353 γὰρ
1190 3281 1286 3334 ἕνα
1319 3281 1427 3335 τῶν
1453 3281 1752 3337 συνδούλων

155 3373 342 3438 αὐτοῦ,
376 3373 436 3437 ὃς
477 3373 706 3444 ὤφειλεν
745 3375 894 3448 αὑτῷ
940 3377 1134 3431 ἑκατὸν
1170 3377 1420 3450 δηνάρια,
1472 3381 1752 3452 κρατήσας

157 3466 314 3520 αὑτὸν
340 3465 535 3536 ἐπνιγε
557 3467 751 3538 λέγων·
771 3469 992 3534 Ἀπόδος
1008 3470 1390 3541 εῖτιόφείλεις.
1407 3490 1424 3522 ι
1448 3471 1572 3536 Πῶς
1584 3472 1639 3525 δὲ
1654 3472 1752 3544 οὐχ

158 3555 465 3629 ὑπερϐολὴν
502 3557 768 3628 πονηρίας
801 3560 1132 3628 ἐπεδείξατο,
1177 3561 1244 3614 δι’
1279 3561 1471 3616 ἑκατὸν
1523 3561 1751 3634 δηνάρια

157 3648 440 3719 κρατήσας
466 3648 556 3702 τόν
580 3649 886 3719 σύνδουλον,
912 3652 1010 3707 καὶ
1043 3653 1272 3723 πνίγων,
1303 3655 1398 3708 καὶ
1432 3657 1752 3726 ἀποστερῶν

155 3740 635 3814 αὖτὸνὲλευθέρας
663 3745 960 3817 ἀναπνοῆς,
993 3747 1154 3814 αὐτὸς
1201 3748 1312 3820 (18)
1346 3749 1440 3804 ἐπὶ
1477 3753 1590 3813 τοῖς
1624 3751 1754 3804 πολ-

157 3833 262 3898 λοῖς
282 3834 577 3900 ταλάντοις
609 3837 746 3909 μήτε
779 3838 1096 3911 κρατηθεὶς,
1148 3841 1287 3912 μήτε
1337 3842 1569 3910 πνιγεὶς,
1618 3839 1756 3895 ἀλλὰ

160 3929 423 4002 πρότερον
450 3928 550 4000 μὲν
586 3929 895 3996 κελευσθεὶς
929 3931 1204 4003 πραθῆναι
1236 3932 1352 4003 ἅμα
1383 3933 1624 4003 γυναικὶ,
1659 3935 1755 3990 καὶ

157 4021 385 4086 τέκνοις,
422 4023 518 4076 καὶ
561 4024 672 4088 τοῖς
707 4023 924 4090 ἑαυτοῦ,
952 4024 1177 4098 ὕστερον
1208 4026 1266 4080 δὲ
1310 4026 1450 4098 μετὰ
1493 4027 1555 4081 τὸ
1587 4045 1755 4100 προσ-

159 4115 415 4185 κυνῆσαι,
439 4113 928 4186 σπλαγχνισθέντος
952 4118 1037 4171 ἐπ’
1061 4116 1213 4190 αὐτῷ
1238 4117 1334 4172 τοῦ
1366 4119 1578 4191 κυρίου,
1612 4121 1750 4175 ἁπο-

158 4203 356 4271 λυθεῖς,
404 4206 500 4260 καὶ
542 4208 673 4278 περὶ
718 4208 900 4281 πάσης
936 4209 1158 4280 ἀφεθεὶς
1204 4210 1304 4282 τῆς
1349 4211 1608 4284 ὀφειλῆςς
1655 4215 1752 4268 καὶ

161 4300 314 4373 ἔργον
360 4319 430 4372 γε
478 4305 653 4356 εἰπεῖν
705 4302 845 4358 κατὰ
885 4304 947 4359 τὸ
995 4303 1244 4376 βούλημα
1285 4304 1381 4360 τοῦ
1437 4307 1634 4380 Ἰησοῦ,
1668 4308 1754 4372 τίς

162 4395 302 4448 ἐστιν
335 4397 365 4449 ὀ
405 4395 652 4468 εὑρεθεὶς
676 4395 961 4460 σύνδουλος
989 4393 1069 4461 εἷς
1099 4398 1350 4468 ὀφείλων,
1378 4398 1439 4452 ού
1471 4399 1550 4471 τῷ
1577 4401 1753 4473 κυρίῳ
1786 4425 1830 4479 D

164 4487 372 4553 ἑαυτοῦ,
402 4488 538 4543 ἀλλὰ
583 4487 661 4558 τῷ
720 4489 890 4544 πολλὰ
941 4491 1214 4561 ὀφείλοντι
1255 4492 1516 4557 τάλαντα,
1559 4495 1754 4548 ἑκατὸν

161 4578 406 4652 δηνάρια.
438 4582 534 4636 καὶ
558 4582 702 4646 τίνες
725 4584 774 4636 οἱ
807 4582 1008 4648 ἰδόντες
1041 4584 1132 4639 τὸν
1159 4584 1257 4656 μὲν
1273 4585 1550 4655 πνίγοντα,
1580 4585 1671 4641 τὸν
1695 4586 1753 4640 δὲ

163 4675 480 4745 πνιγόμενον
521 4674 814 4739 σύνδουλοι,
856 4676 952 4730 καὶ
991 4676 1326 4749 λυπηθέντες
1382 4677 1613 4750 σφόδρα,
1655 4678 1752 4732 καὶ

165 4767 342 4836 σαφῶς
376 4769 832 4840 παραστήσαντες
873 4769 953 4840 τῷ
1000 4770 1175 4842 κυρίῳ
1213 4769 1420 4824 ἑαυτῶν
1455 4770 1635 4825 πάντα
1684 4771 1752 4825 τὰ

163 4858 442 4931 γενόμενα.
485 4860 573 4924 Ὠς
603 4861 701 4933 μὲν
734 4857 827 4916 οῦν
867 4861 1130 4935 ἂληθείας
1167 4862 1279 4934 ἔχει
1319 4864 1386 4917 τὰ
1422 4863 1748 4937 πράγματα,

164 4949 527 5024 ἀποφαίνομαι
565 4953 773 5023 μηδένα
805 4955 1195 5027 διηγήσασθαι,
1222 4957 1270 5008 εί
1307 4957 1382 5029 μὴ
1429 4956 1603 5030 Ἰησοῦ
1655 4955 1749 5011 τοῦ

163 5048 266 5110 τοῖς
292 5046 446 5110 ἰδίοις
485 5045 756 5118 μαθηταῖς
779 5048 900 5102 κατ’
939 5048 1076 5102 ίδίαν
1121 5047 1385 5114 λύσαντος
1413 5050 1612 5116 πάντα,
1635 5051 1750 5104 ὲπι-

1856 2257 2071 2328 jactura
2103 2256 2402 2321 tolerabat,
2439 2257 2694 2314 secundis
2727 2259 2875 2314 curis
2905 2272 2969 2312 ac
3003 2254 3236 2327 negotiis
3269 2267 3448 2308 resar-

1861 2350 1971 2406 cire
2019 2364 2184 2405 nosse
2219 2347 2550 2418 intelligebat
2591 2366 2608 2405 :
2653 2359 2784 2406 tunc
2834 2363 2966 2406 vero
3013 2347 3191 2402 bonus
3226 2344 3315 2400 ille
3354 2358 3448 2398 rex

1861 2442 2026 2512 hujus
2056 2443 2352 2498 multorum
2387 2443 2716 2497 talentorum
2755 2441 3019 2497 debitoris
3057 2439 3315 2494 misertus
3343 2445 3447 2501 est,

1859 2552 2096 2607 eumque
2119 2537 2370 2609 pluribus
2411 2534 2690 2592 concessis
2719 2549 2882 2604 quam
2908 2549 3031 2602 quae
3059 2531 3447 2603 postulaverat,

1860 2631 2104 2698 dimisit;
2134 2631 2411 2702 pollicitus
2438 2629 2640 2701 quippe
2669 2627 2850 2683 fuerat
2873 2627 3087 2683 debitor
3116 2625 3301 2680 omnia
3332 2638 3452 2678 sese

1859 2728 2038 2784 debita
2084 2729 2217 2784 hero
2245 2727 2607 2790 redditurum,
2637 2725 2905 2796 patienter
2931 2723 3094 2780 modo
3125 2718 3450 2792 expediendi

1860 2822 2102 2878 nominis
2128 2821 2271 2876 diem
2300 2828 2680 2892 expectasset;
2719 2827 2772 2873 at
2807 2834 2932 2874 eum
2966 2818 3261 2872 miseratus
3285 2815 3452 2868 herus

1860 2931 1969 2972 non
2020 2917 2094 2970 ita
2141 2914 2350 2970 dimisit
2395 2913 2778 2973 solummodo,
2823 2911 2978 2980 quasi
3023 2909 3150 2963 olim
3185 2905 3448 2968 debitum,

1859 3019 1984 3079 post
2011 3009 2237 3064 dilatum
2271 3007 2435 3077 hujus
2466 3004 2814 3077 expungendi
2841 3003 3011 3076 629
3037 3006 3454 3071 tempus,‘esset

1859 3112 2200 3172 recepturus,
2239 3101 2330 3156 sed
2362 3101 2510 3157 omni
2540 3100 2698 3171 plane
2723 3097 2907 3154 debito
2943 3097 3182 3152 solutum
3217 3093 3447 3148 dimisit.

1862 3193 2066 3249 Servus
2107 3201 2289 3248 autem
2321 3192 2411 3247 ille
2463 3205 2700 3261 nequam
2744 3189 2838 3260 qui
2879 3187 3072 3243 herum
3120 3201 3220 3257 pro
3264 3183 3452 3240 multis

1858 3287 2078 3343 talentis
2107 3301 2318 3342 moram
2347 3302 2410 3342 ac
2435 3283 2986 3357 procrastinationem
3033 3286 3338 3352 rogaverat,
3372 3278 3454 3332 in-

1860 3380 2173 3435 humaniter
2219 3394 2276 3434 sc
2320 3378 2522 3449 gessit,
2557 3391 2677 3432 cum
2707 3377 2851 3430 enim
2885 3393 2904 3427 ι
2936 3373 3232 3430 invenisset
3279 3384 3451 3425 unum

1859 3475 1926 3530 de
1953 3475 2231 3531 conservis
2263 3475 2402 3541 suis,
2453 3473 2547 3544 qui
2575 3472 2806 3528 debebat
2833 3471 2882 3525 ei
2917 3477 3135 3524 centum
3171 3465 3446 3529 denarios,

1861 3572 2052 3620 tenens
2109 3563 2412 3620 suﬂ'ocabat
2455 3577 2579 3618 eum
2632 3561 2821 3616 dicens
2879 3579 2892 3614 °.
2939 3559 3122 3614 Redde
3165 3555 3311 3628 quod
3359 3555 3454 3608 de-

1859 3656 1955 3712 bes
1985 3656 2052 3710 ”.
2098 3676 2117 3711 ι
2161 3656 2358 3713 Annon
2393 3658 2438 3712 is
2470 3672 2700 3712 summa:
2732 3651 3099 3724 improbitatis
3139 3647 3449 3717 exemplum

1859 3749 2007 3804 dedit
2053 3760 2277 3820 propter
2325 3759 2544 3805 centum
2595 3747 2854 3803 denarios
2893 3757 3219 3800 conservum
3257 3755 3450 3811 apprc-

1861 3841 2092 3896 bensum
2135 3841 2430 3908 suﬂ‘ocans,
2461 3849 2515 3896 et
2545 3841 2772 3896 liberam
2821 3835 3235 3908 respirationem
3284 3834 3452 3887 inter-

1860 3933 2108 3998 eludens,
2154 3934 2246 4004 qui
2283 3942 2504 4004 propter
2547 3933 2714 3988 multa
2753 3918 2956 3987 talenta
2997 3943 3175 3998 neque
3205 3926 3318 3996 ipse
3355 3939 3452 3995 ap-

1859 4025 2188 4097 prehensus,
2238 4042 2417 4097 neque
2439 4026 2742 4082 sullocatus
2776 4024 2899 4089 fuit,
2941 4022 3035 4077 sed
3071 4021 3306 4091 primum
3340 4032 3448 4072 una

1861 4133 1988 4174 cum
2019 4119 2273 4190 conjuge,
2320 4119 2526 4184 liberis,
2559 4127 2614 4173 et
2650 4115 3006 4172 facultatibus
3039 4113 3198 4169 vendi
3234 4113 3447 4182 jussus,

1861 4209 2056 4266 deinde
2084 4225 2212 4266 vero
2242 4219 2533 4282 postquam
2559 4209 2843 4276 adoravit,
2880 4209 3138 4263 miserato
3162 4220 3287 4261 eum
3316 4205 3449 4258 hero

1861 4303 2148 4360 absolutus
2177 4314 2297 4372 est,
2339 4314 2395 4359 et
2428 4314 2542 4359 toto
2588 4303 2809 4359 nomine
2861 4303 3143 4358 liberatus.
3184 4298 3448 4368 Quisnam

1861 4411 1991 4452 vero
2025 4399 2098 4453 sit
2143 4398 2397 4454 inventus
2430 4397 2519 4452 ille
2561 4411 2883 4459 conservus,
2926 4402 3146 4450 centum
3193 4391 3469 4448 denarios

1859 4505 1968 4544 non
1993 4490 2126 4546 hero
2154 4506 2256 4547 suo
2287 4491 2512 4556 debetis,
2540 4491 2634 4547 sed
2663 4490 2765 4560 ipsi
2796 4490 3091 4544 multorum
3119 4486 3445 4542 talentorum

1858 4581 2119 4650 debitori;
2165 4583 2390 4654 quinam
2420 4592 2474 4638 ct
2501 4583 2536 4636 ii
2565 4581 2847 4649 conservi,
2882 4582 2975 4652 qui
3010 4589 3065 4636 ct
3102 4580 3248 4635 hunc
3276 4577 3448 4633 suffo-

1857 4685 2098 4740 cantem,
2142 4686 2198 4732 et
2230 4677 2382 4732 illum
2426 4677 2754 4733 suﬂocatum
2785 4675 3059 4738 viderunt,
3093 4684 3147 4729 et
3174 4673 3329 4728 valde
3367 4672 3452 4725 in-

1858 4769 2183 4835 doluerunt,
2239 4783 2452 4841 suoque
2484 4772 2616 4826 hero
2644 4783 2985 4843 quaecunque
3013 4769 3314 4838 agebantur
3350 4781 3452 4834 paa

1858 4862 1967 4917 iam
1996 4861 2266 4930 fecerunt,
2298 4865 2452 4934 juxta
2482 4865 2609 4921 Jesu
2646 4875 2882 4922 mentem
2909 4876 3181 4932 exponere
3212 4860 3450 4930 spissum

1858 4965 1943 5012 est
1983 4973 2049 5014 ac
2080 4973 2374 5028 operosum
2417 4960 2715 5032 negotium.
2754 4958 2826 5015 Ut
2857 4974 2987 5030 ergo
3031 4971 3218 5012 revera
3254 4969 3317 5009 se
3364 4969 3453 5008 res

1861 5048 2063 5104 habent
2102 5064 2210 5104 non
2244 5051 2518 5122 explicare
2553 5053 2606 5109 id
2642 5068 2804 5124 posse
2841 5063 3171 5122 queinquam
3207 5061 3451 5118 pronun-

1357 5166 1592 5225 VETUS
1633 5165 2220 5225 INTERPRETATIO.

166 5256 425 5320 habentur
459 5285 473 5320 ε
507 5267 650 5323 sicut
681 5278 731 5324 et
771 5267 937 5322 David
967 5267 1174 5324 ditatus
1198 5267 1417 5322 talentis
1445 5267 1653 5326 multis,
1682 5281 1918 5334 quorum
1951 5273 2007 5321 et
2052 5281 2315 5322 numerus
2337 5277 2420 5322 est
2439 5276 2694 5323 ostensus
2725 5268 2777 5322 in
2810 5264 3028 5321 talentis
3055 5260 3236 5334 aureis
3259 5257 3446 5325 tantis,

165 5341 212 5384 υῐ
238 5338 461 5414 {rgenti
481 5340 669 5402 tantis.
691 5349 746 5395 et
772 5339 1106 5414 reliquorum
1137 5338 1477 5414 metallorum
1503 5353 1625 5414 quae
1654 5332 1763 5414 illic
1793 5337 2167 5414 nominantur,
2203 5353 2269 5392 ex
2298 5339 2500 5414 quibus
2538 5339 2978 5414 fabricatumest
3002 5332 3284 5414 templum.
3339 5400 3352 5413 .

231 5404 325 5480 Ηζ
354 5427 381 5480 ι
421 5407 487 5464 Et
516 5427 640 5465 cum
676 5426 786 5480 non
811 5404 1037 5464 haberet
1068 5411 1214 5480 unde
1240 5404 1846 5480 redderet._jussitgeum
1877 5408 2066 5480 vendi.
2091 5420 2145 5480 et
2168 5404 2392 5463 uxorem
2426 5411 2568 5480 ejus,
2594 5422 2650 5464 et
2679 5408 2979 5480 ﬁliosejus,
3010 5413 3065 5460 et
3089 5405 3272 5480 omnia
3304 5404 3448 5472 ejus,

166 5480 215 5554 et
241 5477 385 5533 reddi
417 5478 870 5554 debituln.i0pus
883 5479 1297 5554 estergodicere
1310 5473 1612 5554 secundum
1641 5477 1974 5554 voluntatem
2009 5478 2236 5554 Christi,
2270 5481 2395 5554 quis
2420 5473 2515 5554 est
2533 5473 2746 5554 debitor
2772 5473 3101 5554 talentorum
3127 5473 3445 5554 multorum,

167 5551 216 5596 εἰ
239 5559 526 5626 quae-uxor
555 5553 700 5626 ejus,
733 5549 788 5606 et
815 5552 910 5626 qui
943 5551 1037 5604 lilii
1064 5565 1212 5626 gms,
1245 5560 1300 5604 ct
1329 5550 1513 5626 omnia
1539 5549 1683 5618 ejus,
1708 5557 1761 5604 et
1791 5549 1916 5626 qu_is
1939 5559 2023 5626 est
2050 5549 2264 5626 debitor
2290 5549 2388 5620 qui
2419 5551 2784 5626 ipsidchituri
2819 5549 3071 5626 debebat,
3101 5553 3156 5600 et
3184 5549 3278 5615 qui
3304 5558 3446 5626 con-

169 5618 297 5671 servi
325 5618 751 5678 videntes'bunc
773 5618 994 5692 quidem
1025 5621 1371 5687 cﬂ'ocantem,
1401 5620 1552 5675 illum
1582 5629 1764 5678 autem
1803 5619 2046 5676 eﬂ'ocari.
2079 5619 2145 5676 Et
2171 5618 2327 5676 sicut
2340 5635 2424 5677 est
2441 5618 2696 5693 quidem,
2732 5635 2858 5676 vere
2885 5618 3446 5676 couliteorueminelu

234 5754 275 5785 ³⁸
304 5754 476 5811 Exod.
510 5774 638 5823 xxv,
669 5757 761 5823 39,
785 5765 840 5812 et
870 5773 1080 5824 xxxvii,
1108 5755 1200 5811 Ἡ.
1277 5755 1320 5787 ⁸¹
1355 5754 1372 5808 1
1406 5753 1531 5810 Par.
1557 5771 1692 5821 χχιι,
1730 5755 1746 5808 1

1896 5757 1940 5789 ³¹
1973 5755 2163 5813 Matth.
2195 5772 2350 5825 mn,
2378 5755 2470 5810 25.
2554 5755 2598 5789 ³³
2631 5754 2760 5811 ibid.
2784 5753 2877 5810 28.

234 5875 335 5950 (l8)
375 5875 558 5934 Codex
596 5875 798 5951 Regius
830 5878 1020 5951 αὑτός,
1074 5876 1240 5936 editio
1268 5876 1468 5944 liuetii,
1502 5878 1700 5942 αὐτοῖς.
