3954 6636
476 378 608 433 1211

1966 368 2288 438 ΟΒΙῧΕΝῘΒ

3594 372 3746 428 1211

471 496 584 559 tio,
618 495 722 550 nisi
753 493 914 551 Jcsus
959 495 1055 567 qui
1101 494 1387 567 discipulis
1430 497 1549 555 suis
1582 499 1767 555 omnia
1810 515 2056 557 seorsum

2165 500 2220 571 δη
2230 501 2503 571 μήσαντος
2556 495 2721 552 αὐτοῦ
2759 495 2836 569 τῷ
2881 492 3225 568 ἡγεμονικῷ,
3285 492 3381 547 καὶ
3429 492 3746 562 ἀνοίγοντος

469 588 820 658 οιρΙαηιινίι,
874 587 1019 644 illius
1057 589 1303 644 animum
1360 590 1609 659 subierit,
1662 600 1716 648 et
1764 593 2054 648 thesauros

2165 594 2281 657 τοὺς
2308 595 2368 646 ὲν
2390 594 2454 663 τῇ
2498 590 2779 663 παραϐολῇ
2819 589 3124 661 θησαυροὺς
3152 587 3380 651 πάντας,
3406 585 3749 651 σκοτεινοὺς,

471 694 665 741 omnes
699 680 753 734 in
785 680 1041 750 parabola
1068 680 1465 748 delitescentes,
1498 684 1734 739 tenebris
1760 684 2053 752 involutos,

474 772 809 839 reconditos,
860 772 962 829 sub
989 781 1267 842 aspectum
1303 788 1412 829 non
1452 775 1709 831 cadentes
1748 776 2054 847 protulerit,

474 874 530 920 et
561 880 944 936 quemcunque
992 866 1105 921 vult
1139 882 1330 923 eorum
1380 884 1502 938 qua:
1548 869 1603 923 in
1650 870 1753 926 hac
1802 870 2057 940 parabola

474 955 821 1010 continentur
852 954 1176 1025 cognitionis
1211 956 1416 1012 lumine
1443 956 1734 1023 illustrare,
1757 956 2059 1028 perspicuis

477 1048 816 1118 argumentis
858 1057 1066 1103 certum
1106 1048 1296 1104 iecerit
1336 1059 1390 1105 et
1441 1050 1746 1117 erudierit,
1804 1059 1861 1106 ut
1895 1050 2059 1107 simul

477 1138 670 1194 doceat
705 1139 959 1208 quisnam
990 1139 1079 1195 ille
1109 1140 1181 1196 sit
1209 1141 1502 1197 multorum
1539 1142 1868 1197 talentorum
1902 1141 2060 1198 debi-

480 1238 566 1282 tor
590 1244 764 1295 unus,
811 1230 877 1283 ad
910 1229 1186 1285 hominem
1228 1246 1408 1301 regem
1439 1232 1727 1297 deductus,
1757 1241 1811 1288 et
1836 1240 2059 1299 caetera;

482 1328 595 1375 tum
633 1320 759 1390 quis
798 1320 935 1376 alter
965 1321 1055 1377 ille
1086 1338 1230 1378 unus
1264 1323 1391 1379 huic
1425 1333 1642 1379 centum
1681 1323 1938 1380 denarios
1970 1324 2065 1378 de-

482 1413 639 1478 bens,
670 1422 725 1467 et
755 1413 993 1484 reliqua;
1026 1422 1081 1468 et
1110 1430 1180 1469 an
1208 1414 1256 1470 is
1288 1431 1411 1471 esse
1444 1416 1617 1486 possit
1661 1431 1824 1488 supra
1857 1430 2064 1470 memo-

481 1513 636 1561 ratus
683 1505 845 1561 homo
890 1507 1118 1576 peccati,
1169 1522 1239 1562 an
1270 1508 1542 1577 diabolus,
1591 1525 1661 1564 an
1715 1517 1910 1564 neuter
1938 1508 2063 1563 illo-

484 1610 630 1660 rum,
659 1605 753 1651 aut
776 1597 918 1652 alius
944 1597 1237 1668 quispiam,
1269 1599 1383 1655 sive
1418 1601 1601 1668 homo,
1627 1601 1741 1657 sive
1764 1601 1963 1671 aliquis
1996 1616 2066 1655 ex

2156 683 2528 757 ἀποκρύφους,
2558 683 2844 755 ἀοράτους,
2880 683 2973 736 κειιῖ⁵
2997 680 3466 753 πληροφοροῦντος
3490 679 3560 733 δι’⁵
3584 680 3751 749 ἐναρ-

2157 777 2271 844 γῶν
2318 775 2644 842 ἀποδείξεων
2689 775 2749 828 δν
2797 774 3044 847 βούλεται
3085 773 3318 844 φωτίσαι
3356 770 3433 843 τῷ
3480 769 3633 840 φωτὶ
3654 769 3753 839 τῆς

2158 866 2411 936 γνώσεως
2439 866 2546 920 τῶν
2574 865 2714 921 κατά
2754 866 2855 937 τὴν
2907 862 3220 937 παραϐολὴν
3262 860 3487 933 ταύτην,
3525 861 3598 913 ἵν’
3634 858 3754 928 ἅμα

2157 977 2218 1013 τε
2245 960 2571 1033 παραστήσῃ
2608 958 2692 1023 τίς
2718 961 2747 1013 ὀ
2790 952 2872 1022 εἷς
2910 956 3239 1029 προσαχθεὶς
3281 954 3360 1026 τῷ
3407 952 3629 1025 βασιλεῖ
3655 951 3753 1004 ἀν-

2160 1051 2364 1124 θρώπῳ
2398 1051 2510 1124 (19)
2553 1051 2837 1123 ὀφειλέτης
2898 1050 3108 1105 πολλῶν
3156 1049 3429 1103 ταλάντων
3454 1086 3471 1111 ,
3528 1044 3641 1098 καὶ
3688 1041 3757 1096 τά

2161 1145 2309 1216 ἑξῆς,
2346 1145 2440 1198 καὶ
2481 1145 2511 1198 ὀ
2548 1143 2780 1214 ὀφείλων
2807 1142 2984 1214 τούτῳ
3002 1142 3072 1197 τὰ
3108 1140 3302 1195 ἑκατὸν
3333 1138 3565 1210 δηνάρια
3590 1135 3755 1198 ἄλλος

2161 1230 2262 1298 εἷς,
2289 1234 2384 1287 καὶ
2411 1232 2481 1287 τὰ
2504 1232 2691 1297 λοιπὰ,
2720 1233 2833 1287 εῖτε
2865 1233 3093 1287 δύναται
3134 1227 3276 1285 εἶναι
3311 1233 3340 1284 ὀ
3381 1223 3756 1301 προαποδεδο-

2166 1323 2324 1396 μένος
2358 1323 2643 1396 ἄνθρωπος
2681 1324 2779 1393 τῆς
2812 1323 3106 1395 ἁμαρτίας,
3140 1322 3251 1376 εἴτε
3292 1322 3386 1375 καὶ
3420 1324 3448 1376 ὀ
3473 1320 3755 1384 διάϐολος,

2162 1415 2276 1470 εἴτε
2313 1416 2435 1489 μηδ’
2463 1415 2651 1489 ἕτερος
2687 1416 2786 1488 μὲν
2818 1415 3043 1482 τούτων,
3086 1414 3244 1479 ἄλλος
3270 1415 3331 1470 δέ
3361 1432 3463 1479 τις,
3494 1415 3628 1485 ἦτοι
3667 1413 3758 1467 άν-

2164 1509 2404 1583 θρωπος,
2444 1510 2478 1583 ἢ
2519 1508 2629 1564 τῶν
2662 1508 2767 1563 ὑπὸ
2805 1508 2899 1563 τὸν
2933 1507 3179 1563 διάϐολόν
3218 1523 3322 1570 τις’
3357 1507 3468 1561 ἐστι
3507 1505 3630 1577 γάρ
3661 1504 3758 1574 τῆς

2167 1601 2357 1672 σοφίας
2391 1601 2484 1657 τοῦ
2515 1600 2649 1656 Θεοῦ
2678 1601 2861 1673 ἔργον,
2889 1602 2985 1656 καὶ
3006 1600 3076 1655 τά
3099 1601 3230 1672 περὶ
3248 1599 3355 1655 τῶν
3381 1599 3529 1669 ἰδίως
3553 1596 3757 1659 ποιῶν,

484 1684 552 1741 iis
576 1687 668 1756 qui
704 1687 808 1744 sub
847 1687 1050 1743 diaboli
1094 1699 1363 1760 potestate
1403 1702 1563 1760 sunt;
1614 1708 1742 1749 nam
1787 1693 2065 1765 sapientiae

2165 1693 2284 1765 ἦτοι
2316 1692 2707 1764 πεποιωμένων
2738 1691 2879 1745 κατά
2905 1690 3003 1754 τάς
3038 1689 3251 1744 τοιάσδε
3296 1688 3607 1760 ποιότητας,
3644 1685 3759 1739 εἴτε

488 1778 577 1833 Dei
605 1793 745 1848 opus
795 1778 926 1835 illud
975 1790 1060 1836 est
1102 1798 1226 1853 qua:
1250 1784 1317 1840 de
1352 1784 1436 1841 his
1470 1785 1727 1856 praedicta
1761 1794 1923 1851 sunt,
1970 1784 2065 1857 qui

2166 1784 2225 1838 ἑν
2247 1784 2500 1857 ἀοράτοις
2522 1783 2835 1856 δυνάμεσιν,
2859 1783 2967 1837 εῖτε
3016 1782 3111 1836 καὶ
3160 1782 3219 1836 ἐν
3261 1798 3401 1836 τισιν
3438 1778 3757 1851 ἀνθρώποις

483 1870 700 1939 proprie
727 1879 781 1926 et
808 1886 877 1925 ex
915 1887 975 1928 se
1013 1875 1146 1930 tales
1180 1888 1327 1943 sunt,
1355 1877 1438 1932 vel
1460 1853 1555 1947 qui
1584 1877 1749 1933 certis
1771 1876 1858 1933 his
1881 1853 2062 1948 quali-

2166 1853 2458 1933 ἀποδοῦναι
2481 1853 2952 1951 προφητευόμενα,
2976 1874 3325 1930 ὀπωσποτοῦν
3351 1874 3455 1928 ὑπὸ
3473 1873 3570 1927 τοῦ
3600 1871 3758 1926 ϐείω

483 1961 686 2018 tatibus
716 1964 891 2020 aﬂ'ecti
921 1974 1071 2031 sunt,
1108 1967 1221 2023 sive
1271 1968 1413 2025 inter
1447 1979 1740 2040 potestates
1769 1985 1879 2025 non
1904 1984 2064 2041 aspe-

481 2054 726 2121 ctabiles,
759 2057 874 2113 sive
902 2059 1044 2117 inter
1076 2071 1256 2117 certos
1280 2061 1549 2129 homines,
1588 2078 1915 2134 quocunque
1942 2072 2064 2118 tan-

481 2143 604 2198 dem
640 2147 803 2202 modo
838 2163 870 2202 a
906 2146 1112 2218 Spiritu
1146 2149 1333 2205 divino
1369 2151 1679 2222 conscripta
1713 2151 1935 2220 fuerint,
1968 2167 2069 2231 ex-p

480 2240 718 2311 plicare;
756 2258 858 2299 nos
895 2254 1101 2312 autem,
1139 2255 1325 2317 utpote
1361 2248 1455 2319 qui
1489 2248 1729 2304 nondum
1757 2263 1879 2305 eam
1910 2264 2065 2306 men-

482 2342 591 2390 tem
621 2337 927 2406 recepimus
957 2355 1079 2409 qute
1101 2338 1303 2396 Christi
1326 2342 1491 2397 menti
1526 2340 1837 2411 permisceri
1869 2340 2066 2406 valeat,

482 2440 715 2495 quaeque
741 2436 922 2483 tantas
958 2444 1046 2485 res
1081 2431 1568 2500 comprehensione
1595 2431 1832 2502 assequi,
1855 2439 1911 2487 et
1939 2434 2065 2488 cum

484 2517 679 2588 spiritu
698 2520 882 2575 omnia
903 2520 1429 2594 profunditatesque.
1446 2523 1540 2579 Dei
1567 2526 1899 2595 perscrutari
1942 2540 2067 2596 pos-

485 2610 599 2679 sit,
632 2611 770 2667 nihil
807 2622 1017 2669 certum
1051 2622 1106 2670 et
1138 2615 1560 2672 determinatum
1617 2632 1780 2687 super
1830 2618 1898 2674 iis
1943 2633 2067 2688 quae

487 2699 577 2756 hic
634 2701 906 2759 habentur
961 2706 1016 2760 in
1079 2707 1325 2763 animum
1372 2707 1731 2776 inducentes,
1783 2711 1850 2767 ad
1902 2712 2068 2783 630

2167 1971 2482 2043 Πνεύματος
2530 1969 3013 2042 ἀναγεγραμμένα·
3063 1967 3138 2033 ὡς
3181 1967 3241 2022 δὲ
3288 1967 3514 2039 μηδέπω
3551 1962 3758 2036 διαρκῆ

2167 2066 2292 2121 νοῦν
2320 2063 2682 2129 ἀναλαϐόντες
2724 2064 2886 2135 ἡμεῖς
2922 2061 3016 2116 τὸν
3049 2061 3344 2132 δυνάμενον
3375 2059 3761 2131 ἀνακραθῆναι

2168 2159 2247 2231 τῷ
2267 2158 2503 2232 Χριστοῦ
2547 2156 2657 2232 (20)
2711 2155 2809 2228 νῷ,
2856 2155 2962 2220 ἕως
3001 2154 3112 2209 τῶν
3159 2153 3426 2208 τοσούτων
3470 2153 3762 2226 χωροῦντα

2171 2256 2417 2327 φθάνειν,
2449 2256 2543 2310 καὶ⁹
2574 2253 2712 2326 μετά
2737 2252 2832 2307 τοῦ
2864 2252 3175 2325 πνεύματος
3212 2251 3390 2305 πάντα
3409 2250 3640 2320 ὲρευνᾷν
3666 2247 3763 2300 καὶ

2168 2346 2237 2402 τά
2276 2346 2414 2418 βάθη
2457 2344 2554 2399 τοῦ
2597 2342 2756 2409 Θεοῦ,
2797 2341 3045 2414 οἰόμεθα,
3085 2341 3163 2395 ἔτι
3192 2339 3462 2413 ἀορίστως
3495 2337 3765 2411 περὶτῶν

2168 2436 2313 2492 κατά
2329 2436 2420 2489 τὸν
2449 2435 2614 2489 τόπον
2642 2432 3011 2505 λαμϐάνοντες
3043 2430 3364 2501 φαντασίαν,
3390 2426 3483 2481 ἐπί
3506 2444 3631 2481 τινα
3662 2427 3764 2480 ἕνα

2168 2525 2537 2601 ἀναφέρεσθαι
2582 2525 2816 2597 πονηρὸν
2870 2523 3058 2579 δοῦλον
3087 2521 3177 2576 διὰ
3205 2521 3305 2592 τῆς
3332 2518 3655 2592 παραϐολῆς
3673 2519 3763 2589 δη-

2167 2619 2261 2675 λού
2269 2636 2430 2691 μενον
2482 2617 2574 2673 τὸν
2618 2617 2853 2672 ἐνταῦθα
2897 2613 3302 2688 παριστάμενον
3342 2611 3476 2685 περὶ
3518 2610 3620 2682 τῆς
3652 2607 3762 2662 τῶν

2169 2709 2378 2766 πολλῶν
2410 2709 2686 2765 ταλάντων
2707 2708 2950 2780 ὀφειλῆς.

487 2808 658 2851 unum
688 2797 997 2869 quempiam
1035 2799 1227 2857 referri
1276 2804 1661 2862 existimamus
1695 2822 1915 2863 servum
1946 2807 2097 2865 hunc
2133 2822 2369 2879 nequam
2417 2807 2473 2863 in
2512 2805 2772 2879 parabola
2821 2819 3165 2877 expressum,
3202 2809 3258 2858 et
3294 2807 3518 2872 propter
3555 2798 3764 2854 multo-

485 2901 610 2944 rum
649 2890 975 2947 talentorum
1007 2894 1251 2951 debitum
1290 2897 1377 2953 hic
1420 2900 1783 2969 propositum.

556 2984 645 3038 12.
673 2983 793 3041 Jam
812 3003 941 3044 vero
968 3004 1148 3061 operae
1169 2995 1400 3063 pretium
1432 3008 1515 3052 est
1546 2999 1860 3068 perquirere
1884 3016 2058 3073 quan-

2234 2995 2372 3050 Πότε
2400 2994 2457 3049 δὲ
2483 2996 2512 3049 ὀ
2542 2991 2685 3048 κατά
2718 2991 2818 3064 τὴν
2840 2988 3155 3063 παραϐολὴν
3189 2984 3446 3058 βασιλεὺς
3472 2983 3763 3055 ἄνθρωπος

483 3076 684 3134 donam
726 3080 890 3138 homo
923 3083 1013 3139 ille
1042 3100 1160 3153 rex,
1195 3087 1262 3143 de
1291 3103 1402 3158 quo
1437 3088 1550 3158 agit
1586 3091 1864 3160 parabola,
1905 3094 2070 3150 ratio-

486 3185 610 3226 nem
640 3186 766 3226 cum
798 3175 974 3230 servis
994 3176 1113 3232 suis
1133 3176 1273 3233 inire
1296 3180 1551 3250 voluerit,
1580 3189 1636 3236 et
1658 3182 1725 3238 ad
1750 3184 1895 3254 quod
1929 3194 2068 3241 tem—

486 3280 590 3333 pus
611 3265 722 3320 sint
739 3266 1023 3324 referenda
1036 3287 1157 3340 qua:
1170 3281 1385 3328 narrata
1404 3283 1531 3330 sunt
1550 3294 1564 3330 :
1583 3291 1707 3332 nam
1730 3278 1775 3333 si
1795 3287 1918 3349 post
1934 3294 2069 3336 con-

487 3360 1021 3426 summationem,vel
1039 3363 1093 3418 in
1120 3366 1235 3435 ipsa
1253 3369 1753 3436 consummatione,
1774 3369 1943 3426 futuri
1959 3372 2066 3427 sci-

489 3447 618 3504 licet
627 3448 819 3518 judicii
837 3461 1080 3524 tempore
1096 3474 1111 3521 ;
1129 3458 1222 3527 qui
1240 3467 1366 3528 pote
1383 3460 1603 3515 stabunt
1618 3477 1740 3532 quae
1758 3464 1827 3518 ad
1843 3472 2064 3519 centum

488 3538 841 3597 denariorum
875 3543 1179 3602 debitorem
1209 3548 1277 3604 ab
1303 3565 1370 3604 eo
1400 3550 1725 3607 suﬂ‘ocatum
1766 3553 1854 3609 cui
1893 3555 2065 3610 multa

491 3631 801 3689 condonata
844 3634 1059 3692 fuerant
1081 3639 1301 3705 talenta,
1327 3641 1636 3711 pertinent?
1664 3644 1746 3699 sin
1775 3652 1901 3697 ante
1922 3643 2067 3713 judi-

491 3721 660 3791 cium,
684 3727 960 3794 quomodo
971 3730 1182 3787 collatze
1211 3742 1335 3788 ante
1354 3734 1485 3789 illud
1514 3750 1543 3789 a
1562 3750 1685 3805 rege
1701 3735 1923 3790 homine
1941 3751 2075 3790 cum.

491 3816 664 3873 servis
680 3817 799 3875 suis
810 3820 1051 3878 rationes
1065 3824 1324 3895 explicari
1341 3827 1635 3896 poterunt?
1652 3827 1723 3881 At
1741 3827 1793 3883 id
1810 3827 1877 3882 de
1891 3828 2069 3883 omni-

489 3906 594 3964 bus
606 3910 882 3980 parabolis
894 3915 1148 3972 universe
1164 3918 1506 3974 sentiendum
1524 3931 1630 3987 est,
1645 3934 1879 3989 quarum
1899 3919 2069 3975 inter-

491 4001 725 4069 pretatio
747 4004 817 4060 ab
854 4008 1208 4078 evangelistis
1239 4010 1439 4066 litteris
1499 4011 1756 4065 mandata
1804 4026 1915 4066 non
1960 4021 2065 4075 est,

488 4092 704 4150 etiamsi
719 4097 901 4152 omnia
920 4099 1171 4169 privatim
1190 4101 1476 4172 discipulis
1492 4102 1607 4158 suis
1629 4101 2068 4173 Jesusexposue—

488 4183 579 4253 rit,
594 4196 983 4261 proptereaque
991 4193 1820 4268 parabolarumeXplanationetu
1838 4195 2073 4266 Evange-

488 4274 686 4333 liorum
700 4280 997 4352 scriptores
1013 4285 1440 4352 occultaverunt,
1458 4303 1524 4342 ac
1537 4287 1753 4342 silentio
1769 4286 2068 4356 praetermi-

2168 3087 2403 3159 ἠθέλησε
2429 3087 2660 3157 συνᾶραι
2691 3083 2849 3153 λόγον
2868 3080 3006 3154 μετά
3028 3080 3137 3134 τῶν
3168 3077 3369 3133 δούλων
3391 3074 3586 3139 αὑτοῦ,
3612 3073 3763 3140 ἀξιον

2168 3177 2590 3249 ἐπισκέψασθαι,
2615 3175 2711 3231 καλ⁸
2733 3175 2825 3229 ἐπὶ
2858 3175 2982 3228 τίνα
3011 3172 3201 3244 καιρὸν
3239 3169 3343 3241 χρὴ
3369 3168 3666 3239 ἀναφέρειν
3688 3165 3761 3218 τά

2168 3273 2455 3344 λεγόμενα.
2503 3271 2566 3324 Ei
2603 3270 2702 3341 μὲν
2741 3267 2851 3341 γὰρ
2897 3266 3035 3339 μετὰ
3076 3264 3173 3336 τὴν
3218 3261 3556 3325 συντέλειαν,
3593 3260 3629 3331 ἢ
3672 3259 3760 3313 ἐπ’

2168 3365 2359 3438 αὐτὴν,
2389 3362 2532 3418 κατά
2552 3362 2643 3417 τὸν
2673 3361 2774 3431 τῆς
2793 3356 3250 3432 προσδοκωμένης
3270 3354 3512 3426 κρίσεως
3545 3353 3756 3423 καιρὸν,

2170 3457 2288 3523 πῶς
2330 3455 2502 3511 σώσαι
2539 3452 2610 3507 τὰ
2655 3452 2784 3525 περὶ
2826 3448 2920 3505 τοῦ
2949 3447 3254 3519 ὀφείλοντος
3292 3443 3488 3498 ἑκατὸν
3509 3442 3757 3513 δηνάρια,

2169 3550 2264 3604 καὶ
2295 3545 2623 3619 πνιγομένου
2649 3544 2756 3598 ὑπὸ
2779 3541 2874 3597 τοῦ
2906 3536 3349 3612 συγχωρηθέντος
3377 3535 3451 3589 τὰ
3483 3534 3657 3588 πολλά
3676 3532 3762 3586 τά·

2167 3641 2368 3707 λαντα;
2422 3642 2472 3694 εί
2504 3638 2564 3693 δὲ
2611 3636 2719 3710 πρὸ
2755 3635 2857 3706 τῆς
2898 3633 3155 3706 κρίσεως,
3191 3629 3309 3693 πῶς
3342 3628 3409 3683 ἂν
3432 3626 3658 3681 δύναιτό
3680 3642 3759 3689 τις

2169 3733 2520 3808 παραστῆσαι
2547 3729 2655 3803 πρὸ
2689 3728 2906 3800 ἐκείνης
2934 3724 3321 3797 συναιρόμενον
3345 3721 3506 3791 λόγον
3538 3720 3651 3776 ὑπὸ
3671 3716 3757 3774 τοῦ

2170 3825 2435 3898 βασιλέως
2454 3820 2741 3896 ἀνθρώπου
2771 3817 2911 3891 μετά
2950 3816 3059 3871 τῶν
3083 3815 3284 3871 δούλων
3304 3813 3509 3880 αὑτοῦ;
3545 3812 3755 3878 άπαξα·

2170 3917 2319 3982 πλῶς
2363 3917 2421 3971 δὲ
2454 3915 2561 3988 χρὴ
2602 3915 2819 3985 φρονεῖν
2850 3911 2982 3983 περὶ
3009 3911 3190 3981 πάσης
3218 3905 3565 3980 παραϐολῆς,
3595 3900 3664 3979 ἧς
3690 3904 3760 3977 μὴ

2169 4007 2585 4079 ἀναγέγραπται
2623 4004 2931 4075 ὴδιὴγησις
2962 4001 3068 4055 ὑπὸ
3114 3999 3219 4055 τῶν
3258 3992 3689 4068 εὐαγγελιστῶν,
3714 3997 3761 4049 εί

2169 4101 2267 4157 καὶ
2310 4098 2517 4172 Ἰησοῦς
2553 4100 2665 4162 τοῖς
2710 4094 2861 4160 ἰδίοις
2909 4093 3175 4166 μαθηταῖς
3218 4092 3339 4145 κατ’
3377 4090 3515 4146 ἰδίαν
3566 4088 3760 4143 ὲπέλυε

2167 4193 2369 4256 πάντα,
2409 4191 2505 4245 καὶ
2554 4188 2643 4243 διά
2688 4187 2848 4243 τοῦτο
2885 4184 3213 4258 ἀπέκρυψαν
3244 4186 3294 4238 οἱ
3334 4184 3406 4239 τὰ
3450 4182 3761 4252 Εύαγγέλια

2168 4286 2472 4359 γράφοντες
2502 4281 2602 4355 τὴν
2638 4282 2936 4353 σαφήνειαν
2965 4278 3077 4332 τῶν
3110 4275 3457 4350 παραϐολῶν,
3485 4276 3615 4329 ἐπεὶ
3646 4273 3759 4344 μεί-

476 4382 701 4438 ~serunt,
720 4376 867 4444 quod
881 4376 1183 4432 litterarum
1200 4388 1450 4434 naturant
1465 4386 1785 4448 superarent
1801 4393 2063 4448 quaecun-

2171 4377 2302 4445 ζονα
2332 4372 2401 4448 ἦν
2420 4374 2491 4429 τὰ
2510 4374 2647 4437 κατ”⁵
2664 4373 2834 4437 αὐτὰς
2856 4370 3160 4444 δηλούμενα
3178 4370 3275 4441 τῆς
3291 4368 3400 4421 τῶν
3416 4367 3761 4439 γραμμάτων

488 4477 598 4530 que
634 4463 690 4518 in
734 4465 842 4522 illis
869 4468 1332 4540 signiﬁcabantur,
1375 4470 1431 4527 et
1470 4487 1534 4527 ea
1567 4481 1713 4528 esset
1749 4471 1937 4528 talium
1971 4486 2065 4542 pa-

2177 4469 2290 4542 (21)
2322 4469 2555 4539 φύσεως,
2582 4468 2678 4522 καὶ
2707 4461 2776 4538 ἦν
2795 4482 2856 4519 τε
2888 4464 3093 4536 ἑκάστη
3130 4462 3282 4528 λύσις
3309 4464 3406 4518 καὶ
3437 4463 3473 4535 ἡ
3498 4462 3759 4533 σαφήνεια

489 4553 803 4612 rabularum
837 4560 1039 4618 solutio
1059 4572 1113 4620 et
1141 4563 1430 4634 expositio,
1465 4571 1524 4620 ut
1552 4564 1741 4632 libros,
1776 4563 1869 4636 qui
1899 4578 2065 4635 super

2174 4563 2286 4618 τῶν
2304 4561 2562 4617 τοιούτων
2595 4557 2922 4633 παραϐολῶν
2948 4556 3194 4630 τοιαύτη,
3217 4556 3293 4623 ὡς
3324 4555 3461 4629 μηδὲ
3483 4555 3653 4612 αὐτὸν
3677 4554 3759 4609 τὸν

1688 4675 1921 4735 VETUS
1960 4651 2545 4732 lNTERPRETATlO.

485 4780 762 4848 exponere
801 4785 980 4848 posse.
1012 4771 1119 4848 nisi
1149 4773 1325 4848 solum
1357 4772 1659 4848 Christum,
1690 4774 1784 4848 qui
1814 4773 2100 4844 discipulis
2131 4773 2249 4830 suis
2275 4771 2459 4848 omnia
2482 4776 2701 4848 secreta
2729 4768 2912 4836 solvit,
2946 4766 3173 4848 veniens
3205 4765 3261 4848 i_n
3286 4777 3752 4848 sensum‘eornm,

487 4834 932 4919 gilatgqriensueis
956 4842 1339 4913 parabolarum
1372 4834 1691 4919 thesauros,
1707 4834 2001 4919 obscuros,
2051 4857 2298 4919 secretos
2319 4884 2335 4909 ,
2376 4841 2804 4919 _invi_sihiles,_et
2841 4834 3176 4919 conﬁrmans
3202 4834 3755 4919 demon‘stratipnibus

488 4905 986 4991 indubitabilihus':
1016 4922 1112 4968 aut
1138 4929 1453 4991 cumquem
1484 4905 1720 4991 voluerit
1757 4905 2064 4991 illuminare
2106 4905 2351 4991 scientiae
2376 4912 2613 4978 lumine,
2646 4920 2707 4966 ut
2734 4910 2997 4991 intelligat
3026 4908 3237 4991 omnia.
3262 4905 3538 4991 parabola:
3567 4905 3752 4991 hujusl;

489 4981 605 5056 sive
628 4990 806 5056 autem
836 4993 1013 5056 pot_est
1036 4999 1158 5040 esse
1180 4973 1451 5052 diabblus,
1483 4987 1598 5042 sive
1626 4986 1792 5042 homo
1823 4986 2055 5056 peccati,
2083 4985 2200 5042 sive
2225 4993 2280 5041 et
2311 4991 2503 5040 neuter
2527 4973 2742 5049 eorum,
2771 4991 2866 5037 aut
2897 4973 3040 5036 alius
3072 4973 3278 5051 aliquis
3300 4990 3495 5032 eorum
3532 4976 3626 5047 qui
3643 4973 3753 5031 sub

486 5050 881 5133 (ἰίιειλοιοίιειηιὶἶ
908 5052 1006 5111 Est
1034 5056 1178 5110 enim
1211 5050 1492 5133 sapientia!
1515 5059 1620 5113 hoc
1645 5050 1841 5133 opusf
1910 5127 1924 5133 _
2297 5130 2307 5133 _
2353 5123 2366 5133 ,
2738 5122 2766 5133 ν,
3024 5119 3073 5133 ..
3170 5050 3173 5051 ν
3268 5126 3280 5133 .
3331 5115 3367 5133 ..

558 5123 649 5197 12.
690 5121 922 5190 Quando
951 5134 1155 5191 autem.
1194 5113 1494 5183 secundum
1523 5113 1859 5197 parabolam,
1910 5127 2075 5197 homo
2100 5142 2194 5183 rex
2221 5123 2396 5181 voluit
2432 5139 2637 5196 ponere
2666 5122 2956 5197 rationem,
2984 5119 3171 5176 videre
3202 5126 3288 5197 est
3315 5115 3568 5188 dignum,
3598 5123 3654 5171 et
3687 5113 3751 5170 ad

486 5194 633 5274 quod
662 5188 879 5274 tempus
912 5212 1035 5267 quae
1067 5188 1321 5253 dicuntur
1351 5188 1871 5274 reteri-e__de_bemus.
1910 5196 1968 5274 Si
1997 5198 2143 5274 enim
2174 5205 2300 5274 post
2335 5188 2864 5274 consummationem
2885 5234 2900 5259 ,
2951 5199 3198 5274 autcum
3240 5188 3363 5274 ipsa
3400 5201 3749 5274 consumit}?-

488 5257 645 5349 t'iqne
666 5257 969 5349 secundum
1004 5275 1219 5349 tempus
1244 5268 1444 5349 sperati
1471 5268 1686 5349 iudicii,
1716 5270 1992 5349 quomodo
2020 5269 2145 5339 quis
2172 5257 2347 5349 solvet
2375 5267 2521 5349 quod
2551 5265 2754 5349 dicitur
2789 5264 2866 5349 de
2884 5257 3077 5349 emit;
3101 5257 3748 5349 Adenarios‘cegrtﬁtugtgdf-

490 5334 671 5415 hebat,
695 5345 751 5391 et
781 5329 1219 5415 educabatur-ab
1341 5339 1437 5408 qui
1471 5329 1782 5415 multorum
1805 5329 2133 5415 talentorum
2163 5329 2588 5415 veniam't‘uerat
2611 5335 2978 5415 consecutus?
3095 5339 3276 5415 autem
3308 5338 3437 5415 ante
3465 5329 3743 5415 judicium2

487 5404 616 5474 quis
650 5417 828 5474 potest
852 5409 1141 5466 ostendere
1168 5399 1402 5480 positam
1440 5409 1706 5465 rationem
1734 5409 1804 5465 ab
1834 5409 2059 5466 homine
2085 5424 2212 5479 rege
2244 5423 2369 5464 cum
2402 5408 2578 5464 servis
2600 5406 2755 5462 suis?
2782 5404 3025 5460 Dicimus
3056 5402 3243 5474 igitur,
3270 5399 3531 5470 quoniam
3547 5399 3748 5454 videtur

491 5491 916 5559 deitetnporibus
934 5489 1120 5559 iudicii
1147 5489 1418 5559 praedictis
1442 5488 1545 5541 hoc
1568 5486 1706 5540 fore.
1734 5486 1986 5559 l’robatjo
2008 5494 2201 5559 autcm_
2213 5485 2375 5559 hujus
2402 5493 2504 5547 est,
2533 5498 2637 5536 una
2664 5481 2883 5552 quidem
2906 5482 3161 5559 parabola
3200 5481 3357 5537 istius
3388 5481 3560 5551 ipsius
3584 5481 3745 5559 Evan-

493 5558 614 5627 gelii
645 5549 817 5627 posita
841 5559 895 5612 in
918 5549 1180 5625 extremo,
1196 5560 1366 5614 altera
1389 5566 1571 5612 autem
1596 5554 1908 5627 secundum
1920 5554 2139 5627 Lucam.
2162 5549 2726 5627 ﬁed'ne_exponent63
2749 5567 2867 5627 ea_r_n
2892 5549 3274 5627 proloi'i‘gemus
3295 5549 3625 5627 sermonem,
3649 5551 3754 5606 bre-

495 5621 886 5704 viter'dicimiis
905 5621 1439 5704 quoniam'parabola
1460 5627 1679 5704 quidem
1708 5625 2006 5704 secundum
2032 5621 2680 5704 Matthaeumjaechabet
2711 5640 2724 5675 :
2752 5642 2771 5704 ς
2801 5621 2977 5678 Homo
3002 5621 3221 5704 quidam
3244 5638 3471 5704 peregre
3491 5623 3753 5704 profectus

493 5698 709 5754 vocavit
738 5693 937 5755 servos'
953 5715 1101 5767 suos,
1132 5693 1204 5757 et'
1217 5699 1438 5756 tradidit
1476 5693 1559 5754 eis
1590 5695 1947 5755 substantiam
1977 5710 2129 5750 suam
2149 5736 2165 5763 ,
2194 5704 2250 5753 et
2290 5694 2380 5750 alii
2417 5693 2637 5766 quidem
2678 5693 2938 5765 quinque,
2971 5693 3058 5749 alii
3096 5702 3277 5749 autem
3306 5693 3435 5761 duo,
3467 5694 3556 5749 alii
3584 5703 3753 5750 autem

565 5835 586 5917 (1
589 5827 627 5917 ἐ
623 5822 873 5917 siegch
888 5829 1219 5917 Anglicanus
1231 5832 1524 5917 ἀνθρώπῳ,
1541 5831 1855 5917 Βρείυξιάνθ
1863 5832 2080 5917 ριῖιπων.

2191 5835 2341 5902 time,
2367 5832 2568 5905 Regius
2594 5837 2772 5905 autem
2800 5827 3041 5902 Χριστῷ.

567 5897 683 5973 (20)
721 5900 905 5958 Codex
945 5897 1279 5975 Aitglicanus
1317 5897 1485 5975 plauc'
1508 5897 1668 5963 liahEt
1712 5897 1949 5980 Χριστοῦ
1979 5921 2075 5978 0p-

2261 5898 2372 5978 (‘2l)
2410 5898 2595 5960 Codex
2629 5903 2827 5978 Regius
2852 5898 3231 5974 πραγμάτων.
