3954 6584
442 379 586 438 1215

1895 382 2216 440 οιιιειξιςιε

3571 381 3709 437 1216

441 494 648 565 Scripta
677 503 827 552 sunt.
885 495 956 550 At
986 505 1109 567 quae
1142 510 1173 552 a
1220 494 1369 555 Luca
1399 496 1597 555 tradita
1622 509 1707 556 est
1731 499 1808 566 ",
1864 498 2023 556 docet

2138 519 2227 555 οαν
2266 499 2483 574 μακράν
2520 500 2702 555 λαϐεῖν
2741 497 2916 571 ἐαυτῷ
2955 497 3248 570 βασιλείαν,
3305 499 3398 553 καὶ
3438 498 3713 569 ὑετοῦ-τρέε»

440 588 687 661 apertius
726 606 746 641 ι
782 588 1059 644 hominem
1107 589 1343 646 nobilem
1393 592 1596 650 abiisse
1644 593 1697 649 in
1745 594 2021 665 regionem

442 683 799 754 longinquam
849 684 1097 755 accipere
1143 685 1247 741 sibi
1294 702 1546 758 regnum,
1601 697 1655 743 et
1706 689 1938 755 reverti;
1998 707 2019 742 ι

443 776 735 832 abeuntem
768 790 995 832 vocasse
1026 776 1211 832 decem
1247 792 1466 844 servos,
1497 786 1551 835 et
1580 779 1793 835 dedisse
1816 780 1896 836 eis
1930 779 2025 836 de-

443 883 563 925 cem
596 868 797 934 minas,
826 878 880 924 et
904 868 1109 934 dixisse
1136 888 1149 925 :
1191 888 1210 922 ι
1235 868 1599 942 Negotiamini
1621 871 1752 927 dum
1774 872 1968 940 venio;
1999 890 2018 924 ι

445 958 685 1015 nobilem
722 968 904 1016 autem
945 962 1122 1015 virum
1176 961 1323 1018 hunc
1368 962 1581 1018 civibus
1629 962 1743 1020 suis
1798 979 2023 1020 exosum

444 1050 541 1121 qui
589 1050 860 1111 miserunt
902 1052 1229 1124 legationem
1268 1063 1396 1125 post
1442 1055 1631 1122 illum,
1661 1069 1786 1112 cum
1822 1057 2025 1112 nollent

444 1158 571 1199 eum
617 1158 784 1214 super
829 1160 890 1201 se
930 1161 1161 1219 regnare
1187 1190 1203 1216 ,
1236 1164 1514 1206 reversum
1544 1164 1667 1206 esse
1692 1157 1912 1220 accepto
1941 1163 2030 1204 re-

446 1249 587 1307 gno:
622 1250 860 1307 cumque
881 1238 1141 1309 jussisset
1171 1240 1378 1297 accersi
1421 1240 1489 1297 ad
1528 1258 1588 1299 se
1616 1256 1801 1298 servos
1827 1241 2028 1313 quibus
2071 1227 2075 1231 ’

445 1325 740 1398 pecuniam
776 1328 1107 1400 tradiderat,
1147 1346 1172 1384 ο
1205 1341 1265 1387 ιιι
1291 1331 1456 1388 sciret
1484 1340 1749 1404 quantum
1796 1332 2030 1405 quisque

448 1418 759 1491 negotiatus
783 1432 962 1491 esset;
994 1441 1014 1476 ι
1043 1438 1279 1495 cumque
1303 1425 1433 1497 quid
1462 1426 1702 1497 egissent
1733 1425 2031 1483 intellexis-

448 1517 553 1576 set,
586 1524 653 1566 eo
683 1512 904 1582 quidem
933 1515 1028 1586 qui
1057 1516 1206 1572 mina
1237 1533 1347 1573 una
1369 1517 1555 1574 decem
1586 1520 1765 1575 minas
1788 1518 2029 1590 acquisi-

448 1611 636 1668 verat,
671 1603 758 1663 his
789 1606 970 1664 verbis
998 1609 1308 1666 collaudato
1342 1628 1356 1664 :
1399 1629 1418 1663 ι
1454 1609 1638 1683 Euge,
1676 1626 1833 1668 serve
1866 1612 2028 1681 bone,

453 1695 584 1765 quia
615 1696 672 1751 in
705 1698 923 1755 modico
955 1699 1104 1759 fuisti
1131 1702 1328 1770 fidelis,
1359 1722 1377 1755 ι
1409 1711 1731 1775 potestatem
1763 1704 1839 1760 illi
1869 1720 2032 1776 super

452 1787 640 1843 decem
666 1788 935 1857 civitates,
960 1809 1082 1865 qua:
1106 1810 1276 1867 regno
1307 1811 1410 1853 suo
1442 1796 1675 1854 subditae
1695 1805 1872 1865 erant,
1898 1812 2033 1854 con-

450 1881 721 1950 cessisse;
776 1884 936 1942 alteri
981 1903 1110 1943 vero
1146 1888 1237 1959 qui
1273 1888 1476 1944 minam
1505 1891 2029 1963 quincuplicaverat,

451 1975 701 2032 eamdem
740 1977 957 2034 laudem
982 2020 998 2046 ,
1029 1997 1195 2053 quam
1240 1982 1409 2053 priori
1438 1983 1601 2056 632
1633 1984 1887 2053 dederat,
1923 1966 2033 2042 non

449 2068 734 2136 tribuisse.
752 2088 852 2129 nec
874 2079 1161 2146 potestatis
1188 2063 1537 2148 vocabulum,
1575 2082 2033 2153 quemadmodum

452 2162 679 2220 alterius
731 2181 932 2236 causa,
975 2169 1322 2239 defiuivisse,
1381 2172 1474 2229 sed
1520 2173 1649 2230 huic
1703 2174 1908 2232 dixisse
1936 2176 2032 2231 δέ

459 2270 478 2303 ι
517 2249 585 2306 Ει
624 2260 684 2310 ιιι
719 2264 839 2313 esto
871 2273 1037 2330 super
1083 2261 1327 2333 quinque
1378 2263 1663 2331 civitates;
1702 2281 1721 2317 ι
1775 2273 1832 2321 at
1861 2264 1911 2320 ei
1941 2263 2035 2336 qui
2074 2276 2079 2279 ‘

454 2344 663 2402 minam
711 2347 767 2403 in
815 2351 1039 2408 sudario
1083 2353 1456 2427 colligaverat,
1485 2354 1693 2412 dixisse
1729 2375 1743 2412 :
1783 2375 1803 2408 ι
1843 2356 1917 2414 De
1942 2372 2039 2414 ore

453 2444 552 2492 tuo
577 2447 629 2494 te
651 2439 863 2511 judico,
898 2460 1055 2501 serve
1083 2462 1341 2519 nequam,
1371 2458 1424 2505 et
1456 2450 1761 2506 astantibus
1787 2449 1992 2507 dixisse
2019 2470 2034 2507 :

454 2526 681 2587 Auferte
711 2533 783 2589 ab
807 2534 901 2590 illo
929 2537 1159 2605 minam,
1183 2548 1238 2595 et
1263 2540 1390 2597 date
1416 2540 1492 2596 illi
1521 2541 1612 2612 qui
1641 2540 1829 2599 decem
1862 2542 2037 2599 minas

461 2620 645 2678 habet.
683 2643 703 2677 ι
746 2623 882 2693 Quis
909 2642 1041 2700 ergo
1069 2646 1233 2700 super
1267 2631 1370 2688 hac
1410 2632 1668 2703 parabola
1704 2649 1812 2688 non
1842 2634 2042 2691 dixerit

457 2714 698 2772 nobilem
736 2718 888 2774 illum
927 2721 1205 2778 hominem
1261 2723 1312 2779 in
1364 2726 1638 2796 regionem
1685 2726 2038 2799 longinquam

458 2807 763 2878 profectum
784 2854 799 2878 ,
828 2821 889 2869 ut
917 2814 1185 2886 acciperet
1213 2816 1317 2873 sibi
1346 2832 1572 2889 regnum
1595 2860 1610 2885 ,
1660 2827 1715 2874 et
1742 2827 2043 2877 revertere—

457 2906 580 2965 tur,
615 2916 739 2957 eum
785 2919 907 2961 esse
934 2905 1213 2963 Christum
1249 2909 1341 2979 qui
1371 2909 1437 2964 ad
1468 2910 1693 2976 mundi,
1743 2926 2043 2983 eorumque

458 2991 553 3062 qui
588 2992 643 3048 in
690 2997 895 3053 mundo
947 3008 1112 3066 sunt,
1147 3001 1540 3071 capessendum
1583 3018 1812 3076 regnum
1834 3044 1848 3069 ,
1883 3004 2043 3075 quasi

457 3097 686 3157 peregre
715 3089 1117 3158 proficiscitur?
1149 3093 1243 3163 qui
1288 3108 1421 3149 vero
1467 3093 1648 3150 minas
1692 3096 1814 3152 illas
1854 3097 2041 3154 decem

2122 594 2243 665 ψαι,
2276 613 2295 645 ›
2334 593 2696 665 πορευόμενος
2733 592 2959 647 ἐκάλεσε
2993 591 3126 647 δέκα
3164 590 3404 655 δούλους,
3451 589 3547 644 καὶ
3576 588 3711 642 ἑδω-

2125 704 2220 742 κεν
2252 688 2436 751 αὐτοῖς
2461 687 2593 741 δέκα
2626 688 2782 758 μνᾶς,
2825 686 2920 739 καὶ
2942 680 3094 739 εἶπεν
3126 684 3308 748 αὐτοῖς
3329 704 3342 715 ο
3376 703 3396 736 ι
3438 684 3715 755 Πραγμα-

2125 778 2390 833 τεύσασθε
2441 780 2498 833 ἐν
2529 772 2574 848 ᾧ
2606 778 2857 851 ἔρχομαι.
2898 796 2916 830 ι
2954 770 3135 842 Οὗτος·
3164 777 3221 832 δέ
3267 778 3296 831 ό
3335 775 3570 848 εὐγενὴς
3618 774 3714 829 άν-

2126 870 2361 944 θρωπος,
2401 858 2725 943 μισούμενος
2753 870 2858 925 ὑπὸ
2880 870 2989 925 τῶν
3015 869 3162 924 ἰδίων
3190 869 3422 923 πολιτῶν
3448 870 3717 922 ἀποστει-

2125 965 2330 1020 λάντων
2361 964 2660 1037 πρεσϐείαν
2692 964 2870 1018 ὀπίσω
2907 962 3097 1026 αὑτοῦ,
3136 962 3198 1016 οὐ
3238 961 3498 1017 θελόντων
3548 960 3721 1015 αὑτὸν

2128 1053 2441 1126 βασιλεῦσαι
2479 1054 2566 1108 ἐπ’
2609 1052 2827 1119 αὐτοὺς,
2870 1052 3139 1124 ἐπανῆλθε
3184 1050 3365 1108 λαϐὼν
3403 1052 3505 1124 τὴν
3557 1050 3719 1122 βασι-

2125 1149 2294 1212 λείαν,
2328 1148 2423 1202 καὶ
2445 1145 2614 1202 εἰπὼν
2646 1145 2960 1219 φωνηθῆναι
2987 1144 3141 1217 αὑτῷ
3165 1143 3381 1207 δούλους
3402 1137 3489 1208 οἷς
3516 1141 3723 1197 ἐδεδώ-

2127 1259 2213 1298 κει
2237 1242 2300 1296 τὸ
2336 1240 2621 1314 ἀργύριον,
2654 1260 2674 1292 ι
2713 1239 2803 1294 ῐνα
2830 1237 2944 1311 γνῷ
2974 1238 3028 1292 τί
3056 1237 3670 1310 διεπραγματεύσαντο.
3696 1254 3715 1288 ι

2139 1335 2283 1390 Ἰδὼν
2315 1334 2374 1389 δὲ
2405 1333 2442 1389 ἃ
2473 1334 2827 1406 πεποιήκασι,
2855 1330 2934 1403 τῷ
2959 1332 3056 1402 μὲν
3087 1330 3188 1403 τὴν
3231 1331 3366 1402 μνᾶν
3392 1328 3525 1385 δέκα
3579 1329 3724 1400 μνᾶς

2130 1426 2414 1497 ποιήσαντι
2451 1423 2674 1478 ἔπαινον
2710 1420 2942 1487 ἀποδοὺς
2968 1420 3058 1476 διὰ
3102 1420 3226 1475 τοῦ·
3282 1438 3301 1473 ι
3336 1415 3501 1490 Εὖγε,
3534 1419 3722 1489 ἀγαθὲ

2127 1517 2303 1584 δοῦλε,
2337 1518 2419 1571 ὅτι
2450 1514 2799 1588 ἐνέλαχὶστῳ
2824 1514 3011 1578 πιστὸς
3040 1513 3251 1584 ἐγένου,
3282 1534 3301 1568 ι
3330 1513 3545 1568 δίδωσιν
3564 1512 3733 1583 αὐτῷ

2129 1609 2379 1678 ἐξουσίαν
2402 1608 2531 1663 δέκα
2559 1608 2787 1674 πόλεων,
2817 1607 2925 1661 τῶν
2950 1607 3055 1661 ὑπὸ
3074 1607 3176 1679 τὴν
3205 1605 3478 1678 βασιλείαν
3510 1605 3721 1661 αὐτοῦ·

2131 1704 2224 1759 καὶ
2250 1701 2405 1775 άλλῳ¹
2424 1701 2523 1774 τὴν
2557 1702 2696 1773 μνᾶν
2721 1699 3269 1762 πενταπλασιάσαντι,
3295 1699 3387 1753 τὸν
3420 1699 3520 1771 μὲν
3553 1699 3725 1753 ἐπαι-

2130 1811 2221 1849 νον
2256 1795 2314 1849 δν
2345 1794 2438 1848 ἐπὶ
2474 1793 2569 1848 τοῦ
2607 1792 2827 1867 πρώτου
2854 1792 3040 1859 ἔταξεν
3073 1793 3181 1847 οὐκ
3206 1791 3565 1854 ἀποδέδωκεν,
3598 1791 3725 1845 οὐδέ

2064 1854 2109 1913 Β
2131 1887 2194 1941 τὸ
2218 1887 2391 1960 ὄνομα
2411 1886 2511 1956 τῆς
2532 1854 2802 1954 ἐξουσίας,
2820 1886 2906 1951 ὡς
2933 1854 3026 1940 ἐπὶ
3044 1885 3138 1940 τοῦ
3164 1884 3431 1958 προτέρου
3449 1884 3725 1956 ὼρξσατο,

2134 1975 2253 2034 εἷπε
2278 1979 2337 2034 δὲ
2356 1980 2504 2052 αὐτῷ
2522 1997 2536 2011 ο
2570 1999 2589 2031 ι
2620 1980 2728 2033 Καὶ
2757 1980 2821 2034 σὺ
2842 1979 2993 2049 γίνου
3022 1980 3206 2034 ἐπάνω
3238 1977 3397 2032 πέντε
3428 1978 3679 2032 πόλεων·
3702 1996 3722 2028 ι

2101 2144 2107 2147 _
2132 2072 2212 2145 τῷ
2232 2073 2290 2128 δὲ
2320 2073 2420 2147 τὴν
2450 2075 2588 2146 μνᾶν
2616 2072 2947 2146 άποδήσαντι
2976 2073 3034 2128 ἐν
3064 2072 3331 2145 σουδαρίῳ
3355 2066 3511 2126 εἶπεν
3533 2088 3550 2103 ο
3583 2091 3600 2123 ι
3633 2072 3729 2125 Ἐκ

2132 2167 2229 2222 τοῦ
2270 2167 2539 2239 στόματός
2572 2183 2665 2220 σου
2711 2165 2883 2239 κρίνω
2917 2182 2999 2230 σε,
3029 2165 3235 2238 πονηρέ
3261 2163 3436 2229 δοῦλε,
3466 2165 3565 2219 καὶ
3606 2167 3728 2229 τοῖς

2135 2260 2479 2335 παρεστῶσιν
2502 2254 2688 2314 εἶπεν·
2724 2260 2929 2331 Ἄρατε
2971 2258 3068 2312 ἀπ’
3104 2256 3269 2313 αὑτοῦ
3293 2256 3394 2330 τὴν
3406 2258 3591 2329 ’μνᾶν,
3628 2257 3730 2313 καὶ

2134 2356 2254 2411 δότε
2283 2353 2362 2427 τῷ
2390 2354 2491 2418 τὰς
2512 2352 2644 2407 δέκα
2672 2353 2809 2425 μνᾶς
2830 2350 3027 2423 ἔχοντι.
3061 2370 3079 2403 ι
3116 2350 3213 2417 Τίς
3244 2346 3338 2406 οὖν
3360 2350 3457 2405 καὶ
3480 2352 3577 2406 ἐπὶ
3604 2350 3730 2405 ταύ-

2135 2466 2237 2522 της
2268 2446 2583 2522 παραϐολῆς
2614 2445 2675 2501 οὐ
2710 2446 2896 2518 φήσει,
2927 2445 3009 2500 ὅτι
3043 2445 3073 2499 ό
3115 2445 3216 2516 μὲν
3249 2441 3483 2516 εὐγενὴς
3512 2442 3729 2514 ἅνθρω-

2139 2558 2260 2606 πος,
2298 2537 2584 2613 πορευθεὶς
2613 2539 2694 2602 είς
2725 2535 2911 2611 χώραν
2951 2536 3168 2610 μακράν
3198 2535 3383 2590 λαϐεῖν
3417 2533 3600 2605 ἐαυτῷ
3628 2534 3729 2603 βα-

2139 2633 2362 2699 σιλείαν,
2392 2632 2488 2687 καὶ
2513 2629 2871 2704 ὑποστρέψαι,
2904 2632 2932 2685 ό
2965 2630 3198 2708 Χριστός
3230 2630 3376 2683 ἐστὶν
3404 2628 3575 2683 οἱονεὶ
3600 2630 3731 2682 ἀπο-

2137 2727 2327 2800 δημῶν
2358 2726 2451 2780 ἐπὶ
2473 2724 2550 2797 τῷ
2578 2723 2760 2780 λαϐεῖν
2787 2723 2889 2795 τὴν
2929 2722 3207 2794 βασιλείαν
3235 2723 3328 2777 καὶ
3352 2722 3449 2777 τοῦ
3492 2721 3724 2793 κόσμου,

2138 2822 2233 2875 καὶ
2265 2818 2372 2874 τῶν
2404 2820 2463 2873 έν
2508 2815 2695 2889 αὐτῷ;
2731 2816 2796 2869 υἱ
2827 2814 2884 2869 δέ
2924 2817 3026 2878 τὰς
3055 2814 3187 2868 δέκα
3223 2813 3484 2876 λαϐόντες
3511 2813 3657 2883 μνᾶς
3678 2812 3729 2865 οἱ

2140 2910 2604 2982 ἐγκεχειρισμένοι
2633 2908 2740 2962 εἰσὶ
2766 2908 2985 2962 διοικεῖν
3011 2906 3169 2976 λόγον
3200 2905 3259 2960 ὃν
3289 2903 3726 2976 ἐπιστεύθησανς
3806 2961 3814 2967 ⁸

2141 3004 2207 3057 Oi
2249 3002 2307 3056 δὲ
2346 3000 2559 3054 πολῖται
2607 2996 2772 3054 αὐτοῦ
2816 2994 3353 3068 ἐμπολιτευσαμένου
3403 2991 3484 3063 τῷ
3536 2991 3733 3062 κόσμῳ

2140 3094 2354 3151 κατὰτὸ
2377 3089 2879 3166 ένηνθρωπηκὲναι,
2908 3091 2957 3143 οἱ
2986 3088 3060 3162 μὴ
3090 3088 3418 3159 θελήσαντες
3442 3085 3607 3140 αὐτὸν
3633 3083 3737 3154 βαι

458 3189 818 3249 receperunt,
848 3197 944 3238 eos
982 3199 1103 3240 esse
1126 3184 1330 3254 quibus
1365 3186 1513 3242 verbi
1558 3186 1897 3258 dispensatio
1925 3206 2038 3245 cre-

2147 3188 2411 3253 σιλεῦσαι,
2443 3185 2583 3256 τάχα
2620 3184 2717 3256 μὲν
2749 3184 2780 3237 ό
2807 3182 3114 3252 ἀπιστήσας
3142 3179 3293 3251 αὐτῷ
3328 3177 3553 3249 Ἰσραήλ
3580 3179 3693 3231 ἐστι
3715 3193 3731 3204 ’

460 3269 574 3324 dita
600 3281 683 3327 est
701 3272 808 3330 ἵει
835 3275 927 3345 qui
953 3291 1182 3346 regnare
1205 3293 1330 3333 eum
1359 3278 1653 3334 noluerunt
1677 3279 1822 3336 cives
1847 3279 2041 3349 ipsius,

2150 3282 2290 3354 τάχα
2318 3280 2375 3335 δέ
2406 3280 2501 3335 καὶ
2528 3278 2599 3333 τὰ
2626 3278 3000 3350 ἀπιστήσαντα
3028 3274 3177 3347 αὐτῷ
3211 3273 3374 3346 Elim;

467 3362 563 3431 qui
593 3362 766 3418 civem
794 3368 906 3436 egit
932 3368 987 3421 in
1017 3368 1224 3423 mundo
1267 3377 1521 3425 naturam
1584 3369 1880 3426 humanam
1918 3388 2228 3442 assumens,
2258 3387 2355 3429 eos
2397 3386 2521 3427 esse
2561 3368 2797 3425 fortasse
2825 3366 3101 3434 Israelem,
3138 3380 3170 3420 a
3200 3379 3309 3435 quo
3341 3363 3480 3420 ﬁdes
3532 3361 3584 3417 ei
3640 3360 3737 3416 ha-

466 3454 577 3529 bita
612 3469 721 3510 non
750 3465 863 3525 est;
901 3457 1128 3514 forsitan
1157 3469 1211 3515 et
1236 3469 1425 3532 gentes
1458 3478 1581 3532 quae
1606 3462 1657 3517 ei
1687 3462 1913 3518 minime
1935 3464 2323 3523 crediderunt?

536 3546 624 3601 15.
671 3544 870 3604 Verum
918 3550 1034 3607 haec
1065 3567 1094 3606 a
1130 3551 1290 3608 nobis
1335 3553 1479 3609 dicta
1525 3564 1687 3620 sunt,
1736 3565 1792 3611 ut
1839 3556 2046 3614 reditus

466 3636 615 3695 illius
658 3656 783 3697 cum
817 3659 988 3715 regno
1034 3645 1346 3714 redeuntis,
1396 3647 1464 3703 ad
1512 3646 2043 3706 consummationem

466 3730 740 3788 referatur
769 3735 812 3766 ἰ
834 3773 849 3799 ,
897 3735 1118 3806 quando
1143 3753 1340 3809 nempe
1377 3756 1397 3791 ι
1427 3738 1595 3810 jussit
1623 3741 1809 3796 vocari
1835 3757 2044 3810 servos,

467 3824 670 3894 quibus
696 3825 845 3882 dedit
871 3827 1192 3899 pecuniam,
1227 3838 1287 3886 ut
1327 3830 1495 3888 sciret
1520 3842 1785 3909 quantum
1814 3835 2048 3906 quisque

466 3917 778 3988 negotiatus
800 3930 968 3989 esset,
1006 3940 1026 3975 ι
1062 3931 1116 3977 ει
1149 3923 1296 3994 quod
1325 3938 1393 3979 ex
1418 3938 1506 3990 eo,
1541 3940 1754 3981 necnon
1778 3941 1843 3982 ex
1872 3927 2046 3983 talen-

464 4017 646 4067 torum
666 4013 923 4083 parabola
939 4014 1314 4072 demonstrare
1332 4016 1595 4072 vellemus
1610 4018 1788 4075 locum
1802 4019 1951 4077 hunc
1963 4020 2008 4052 δ’
2028 4038 2042 4075 :

467 4119 499 4155 ο
533 4101 638 4170 Qui
685 4104 854 4161 voluit
898 4105 1164 4163 rationem
1199 4122 1404 4178 ponere
1445 4123 1570 4165 cum
1606 4109 1781 4166 servis
1828 4112 1979 4181 suis,
2020 4129 2040 4164 ›

462 4196 533 4252 ad
560 4200 1088 4256 consummationem
1115 4200 1329 4269 referri,
1359 4217 1484 4258 cum
1512 4201 1626 4273 jam
1653 4218 1879 4275 regnum
1909 4206 2049 4261 reci-

461 4288 544 4361 pit
589 4305 684 4345 rex
710 4332 726 4354 ,
778 4291 938 4361 cujus
983 4291 1195 4363 gratia,
1230 4292 1383 4363 juxta
1434 4293 1597 4349 aliam
1630 4295 1944 4364 parabolam
1975 4295 2045 4364 ιθ,

468 4399 490 4435 ι
526 4383 660 4439 abiit
695 4383 748 4438 in
783 4384 1061 4455 regionem
1097 4384 1453 4457 longinquam
1501 4390 1751 4458 accipere
1803 4388 1909 4444 sibi
1952 4403 2044 4444 re-

462 4490 654 4544 gnum,
688 4484 743 4531 et
763 4476 989 4534 reverti.-
1019 4495 1039 4530 ι
1077 4476 1215 4533 Cum
1241 4487 1424 4535 autem
1460 4495 1714 4537 reversus
1739 4479 1954 4548 fuisset,
1991 4490 2047 4537 et

2216 3557 2364 3628 Πλὴν
2389 3553 2564 3610 ταῦτά
2595 3568 2685 3624 μοι
2719 3551 2934 3624 εἴρηται
2960 3548 3048 3603 διὰ
3065 3548 3126 3602 τδ
3147 3546 3245 3619 τὴν
3271 3545 3539 3601 ἐπάνοδον
3563 3544 3735 3599 αὑτοῦ

2146 3648 2438 3721 ἀναφέρειν
2469 3643 2715 3706 ἐλθόντος
2749 3640 2887 3713 μετὰ
2923 3641 3022 3711 τῆς
3055 3636 3330 3709 βασιλείας
3356 3637 3453 3691 ἐπὶ
3481 3639 3585 3709 τὴν
3609 3654 3737 3691 συν-

2145 3740 2377 3803 τέλειαν,
2410 3739 2500 3793 ὅτε
2556 3756 2575 3789 ι
2615 3730 2735 3789 εἷπε
2769 3730 3084 3805 φωνηθῆναι
3123 3730 3272 3802 αὐτῷ
3310 3731 3440 3793 τοὺς
3488 3729 3734 3793 δούλους,

2147 3831 2229 3900 οἷς
2260 3831 2511 3889 ἐδεδώκει
2542 3830 2604 3884 τὸ
2632 3827 2917 3901 ἀργύριον,
2944 3826 3032 3880 ἵνα
3059 3823 3173 3896 γνῷ
3212 3824 3265 3877 τί
3286 3820 3727 3896 διεπραγματεύ-

2151 3941 2333 3992 σαντο,
2373 3943 2393 3977 ι
2428 3923 2524 3977 καὶ
2560 3919 2649 3975 διὰ
2678 3919 2740 3973 τδ
2773 3919 2839 3972 ἐκ
2874 3917 3063 3971 τούτου
3095 3914 3378 3986 βούλεσθαι
3412 3913 3739 3970 ἀποδεικνύ-

2150 4035 2238 4073 ναι
2265 4017 2361 4071 καὶ
2398 4014 2501 4087 τῆς
2534 4015 2661 4088 περὶ⁵
2688 4010 2801 4066 τῶν
2826 4009 3102 4065 ταλάντων
3131 4006 3472 4081 παραϐολῆς,
3502 4008 3589 4062 δτι
3618 4007 3736 4071 καὶ,

2158 4130 2178 4164 ι
2212 4112 2400 4175 Ὅστις
2421 4108 2652 4180 ἠθέλησε
2685 4108 2911 4180 συνᾶραι
2936 4106 3090 4175 λόγον
3115 4101 3253 4176 μετὰ
3275 4101 3385 4156 τῶν
3411 4100 3620 4156 δούλων
3649 4100 3742 4155 αὑ-

2152 4200 2268 4268 τοῦ,
2309 4221 2330 4255 ι
2371 4200 2704 4273 ἀναφέρεται
2741 4200 2835 4254 ἐπὶ
2874 4198 2973 4270 τὴν
3009 4195 3339 4259 συντέλειαν,
3369 4194 3461 4248 ὅτε
3505 4194 3612 4266 ἤδη
3642 4193 3740 4266 βα-

2154 4293 2336 4359 σιλεύς
2381 4295 2527 4348 ἐστιν
2571 4289 2972 4364 ἀπολαμϐάνων
3020 4288 3123 4360 τὴν
3182 4286 3483 4358 βασιλείαν,
3530 4286 3605 4339 δι’
3649 4286 3736 4356 ἦν,

2152 4385 2274 4441 καθ’
2312 4385 2508 4458 ἑτέραν
2535 4382 2865 4456 παραϐολὴν,
2896 4379 3166 4455 ἐπορεύθη
3195 4380 3276 4442 είς
3296 4375 3484 4452 χώραν
3520 4376 3742 4451 μακρὰν

2152 4479 2338 4534 λαϐεῖν
2377 4475 2556 4548 ἐαυτῷ
2585 4474 2882 4548 βασιλείαν,
2910 4473 3006 4530 καὶ
3033 4472 3392 4546 ὑποστρέψαι.
3440 4471 3742 4543 Ὑποστρέ-

1664 4595 1900 4654 VETUS
1949 4592 2534 4651 INTERPRETATIO.

463 4706 718 4780 ficiscens
741 4719 920 4767 autem
945 4714 1161 4770 vocavit
1182 4715 1368 4771 decem
1394 4731 1581 4773 servos
1603 4732 1756 4777 suos,
1787 4725 1843 4773 et
1862 4716 2010 4773 dedit
2038 4716 2146 4774 illis
2171 4715 2358 4771 decem
2374 4729 2553 4779 muas,
2571 4721 2625 4769 et
2648 4711 2789 4768 dixit
2807 4708 2887 4767 eis
2912 4728 2926 4766 :
2948 4706 3313 4780 Negotiamini
3338 4704 3471 4780 dum
3500 4706 3684 4761 venio.
3716 4722 3735 4755 ι

463 4777 572 4835 Iste
602 4789 781 4837 autem
817 4784 1017 4840 nobilis
1054 4786 1155 4852 vir,
1184 4787 1279 4858 qui
1325 4787 1612 4843 odicbatur
1645 4802 1676 4843 a
1719 4776 1933 4844 civibus
1968 4788 2106 4852 suis,
2140 4786 2237 4857 qui
2280 4776 2548 4858 miserant
2561 4783 2911 4858 Alegationem
2948 4776 3074 4852 post
3128 4793 3288 4858 eum,
3335 4776 3592 4858 nolentes
3618 4791 3739 4831 eum

463 4867 696 4922 regnare
724 4868 897 4930 super
913 4871 994 4920 se,
1026 4848 1281 4930 reversus
1310 4867 1394 4930 est
1433 4874 1602 4930 regno
1643 4867 1886 4929 accepto,
1915 4868 1970 4914 et
2001 4848 2216 4930 vocavit
2246 4848 2669 4930 servosquibus'
2686 4853 2911 4930 dederat
2930 4848 3261 4930 pecuniam,
3287 4858 3351 4930 ut
3378 4848 3595 4930 videret
3624 4861 3742 4929 qua:

463 4918 611 4979 esset
640 4918 938 5007 negotiatio
971 4918 1183 5007 eorum.
1219 4927 1355 4996 Quis
1393 4918 1523 5000 ergo
1549 4945 1656 5007 non
1688 4918 1852 5007 _d_iéat
1873 4918 2142 4999 quoniam
2172 4927 2387 5007 _no_b.i_lis
2421 4918 2512 5007 ille
2541 4927 2706 4982 homo
2729 4924 2822 4994 qui
2857 4918 3069 5007 abierat
3093 4918 3487 5007 inpregionem.
3507 4918 3725 4988 longin—

461 5009 626 5077 quam
654 4988 898 5077 accipere
939 4998 1042 5077 sibi
1069 4988 1320 5077 regnum,
1349 5008 1405 5055 et
1434 4988 1653 5064 r'éverti,
1681 4988 1934 5056 Christu's
1963 5009 2065 5065 est,
2093 4999 2185 5070 qui
2219 4998 2354 5077 ab_i_it
2377 4998 2626 5077 accipere
2656 4988 2907 5077 regnum,
2928 5000 2985 5076 et
3010 4988 3591 5077 mundi,e_tn0mui~l_lm
3624 5002 3743 5077 qui!

551 5065 632 5122 eis
678 5059 849 5149 sunt?
894 5069 988 5141 qui
1019 5059 1201 5149 autem
1245 5059 1429 5149 decem
1462 5059 1791 5149 acceperunt
1823 5086 2003 5149 muas,
2036 5059 2166 5127 sunt
2202 5068 2404 5140 quibus
2427 5059 2767 5149 dispensatio
2793 5065 2941 5149 verbi
2975 5062 3182 5118 credita
3217 5060 3336 5145 est?
3358 5059 3534 5149 Icives
3561 5070 3739 5149 autem

461 5135 584 5207 ejus
611 5132 928 5211 secundum'
954 5141 1099 5210 quod
1147 5149 1310 5197 natus
1356 5140 1534 5197 fuerat
1571 5132 1626 5197 in
1661 5142 1765 5198 hoc
1812 5132 2037 5207 mundo,
2067 5152 2123 5197 et
2166 5132 2485 5211 susceperat
2510 5132 2804 5194 humanam
2837 5144 3113 5201 naturam,
3141 5132 3239 5204 qui
3283 5132 3589 5187 noluerunt
3618 5144 3742 5184 eum

460 5220 712 5282 regnare,
749 5207 920 5266 Judaei
961 5207 1091 5268 sunt
1115 5212 1207 5282 qui
1241 5211 1289 5267 ei
1316 5212 1537 5268 credere
1566 5213 1880 5279 noluerunt,
1902 5222 1956 5268 et
1979 5211 2157 5268 επιετί
2192 5207 2473 5266 infideles?

534 5278 623 5333 15.
660 5279 787 5335 Haec
817 5272 1220 5344 retulimusfex
1253 5282 1335 5338 eis
1356 5283 1599 5339 volentes
1633 5272 1941 5348 ostendere,
1971 5283 2230 5349 quoniam
2261 5288 2318 5337 et
2343 5282 2449 5336 hoc
2475 5278 2621 5349 quod
2651 5277 2822 5334 dicit:
2854 5297 2875 5329 (
2903 5274 3005 5345 Qui
3035 5274 3209 5335 voluit
3236 5286 3442 5344 ponere
3473 5272 3741 5327 rationem

462 5351 789 5423 cumservis
815 5353 964 5417 suis,
993 5371 1011 5404 ι
1050 5354 1117 5408 ad
1147 5361 1363 5422 tempus
1387 5354 1881 5409 consummationis
1909 5351 2164 5418 refertur,
2196 5352 2416 5423 quando
2446 5351 2610 5423 etiam
2650 5365 2741 5404 rex
2777 5358 2858 5404 est
2887 5363 3057 5423 regno
3087 5354 3346 5423 accepto:
3371 5358 3489 5423 quo
3516 5351 3743 5412 accepto

461 5416 633 5472 voluit

670 5434 873 5494 ponere
913 5414 1181 5479 rationem
1213 5414 1337 5480 cum
1381 5425 1555 5480 servis
1590 5425 1729 5491 suis,
1770 5433 1827 5479 et
1857 5414 2160 5494 incipiente
2173 5414 2240 5479 eo
2264 5421 2734 5494 ponere,__oblatus
2771 5429 2855 5494 est
2893 5414 3124 5494 ei;unus
3155 5414 3371 5494 debitor
3406 5414 3741 5494 talentorum

463 5484 783 5572 multorum:
831 5492 1057 5572 Oblatas
1095 5495 1608 5572 est_autem__‘qua_si
1655 5484 1767 5561 regi
1810 5510 1841 5550 a
1872 5484 1991 5551 suis
2037 5484 2328 5572 ministris,
2365 5484 2618 5572 videlicet
2663 5492 2894 5572 angelis:
2940 5488 3005 5572 ξοξι
3038 5488 3267 5572 forsitan
3319 5485 3596 5572 unusuest
3642 5484 3743 5537 iste

462 5556 553 5643 ἓν]
579 5560 873 5643 commissa
889 5563 1020 5643 _fuit
1052 5565 1301 5643 quaedam
1340 5555 1600 5643 villicatio
1631 5555 1869 5643 magna}
1914 5573 1969 5620 et
2005 5566 2276 5643 quia___non
2307 5555 2442 5643 bene
2469 5555 2898 5643 v_illicavit:_sed
2924 5557 3397 5643 dispersitomnia
3442 5555 3549 5611 sibi
3588 5569 3736 5643 com:

464 5626 658 5691 missa,
687 5631 843 5699 quasi
886 5624 1320 5690 factus'debitur
1368 5637 1699 5692 talentorum
1728 5624 2078 5691 "multorum"
2119 5634 2217 5690 Hic
2267 5650 2377 5689 non
2421 5634 2630 5688 habens
2683 5624 2828 5686 unde
2871 5624 3151 5691 redderet,
3182 5627 3409 5695 jubetur
3436 5624 3733 5699 veuuudsri

465 5709 503 5754 a
532 5712 683 5769 rege,
708 5697 837 5757 cum
874 5719 1065 5773 uxore,
1090 5707 1177 5761 cui
1208 5708 1626 5764 communicans
1656 5708 1834 5764 factus
1874 5715 1960 5763 est
1990 5714 2144 5777 pater
2179 5706 2477 5762 multorum
2506 5713 2780 5759 natorum.
2817 5703 2967 5774 Opus
2995 5711 3080 5758 est
3108 5707 3289 5755 autem
3324 5715 3433 5752 non
3466 5697 3735 5752 mediocre

540 5871 589 5905 "
608 5870 745 5930 Luc.
769 5887 880 5941 xxx,
918 5872 985 5928 12
1007 5889 1121 5945 scq.
1200 5874 1242 5907 ⁸ο
1266 5873 1400 5931 Luc.
1431 5868 1557 5943 xix,"
1580 5876 1642 5931 19
1675 5881 1729 5931 et
1755 5890 1871 5947 scq.
1948 5873 1990 5907 “
2031 5872 2161 5931 ibid.
2199 5872 2284 5930 15.

2384 5872 2429 5905 "
2460 5870 2653 5929 Matth.
2684 5883 2839 5936 mu,
2864 5867 2956 5924 23.
3035 5866 3079 5900 ”
3112 5864 3244 5921 Luc.
3276 5879 3392 5931 xix,
3424 5861 3511 5920 12.
