3954 6550
572 399 713 457 1219

2059 403 2385 463 ORIGEMS

3647 418 3747 478 ﬂio

567 520 874 577 rem'liabet
902 532 956 577 et
988 522 1225 589 liberos,
1270 531 1330 580 ut
1358 525 1615 583 traditum
1659 534 1744 584 cst
1768 543 1797 583 a
1831 527 2026 594 nobis,
2058 543 2148 583 ra-

2257 530 2350 584 xal.
2378 532 2727 606 ὑποστρέψας
2751 550 2765 566 ’
2801 533 2895 589 καὶ
2927 535 3154 602 ἕκαστος
3180 535 3356 593 αὐτῶν
3380 534 3503 610 ἔχει,
3527 537 3592 603 ὼς
3616 540 3749 613 ἄρχων

565 707 770 762 tionem
799 706 1129 777 repetiturus
1162 710 1392 766 venerit.
1467 710 1534 767 Et
1559 712 1833 769 debitores
1857 709 2022 769 etiam
2055 713 2156 769 ba»

550 788 658 886 :bet
698 798 1076 870 unusquisque
1143 801 1398 869 illorum,
1466 805 1616 861 velut
1666 805 1872 878 Syenes
1922 806 2156 878 alicujus

550 888 824 962 ‘princeps
848 931 861 956 ,
887 901 982 946 aut
1009 890 1322 964 Mempheos
1346 936 1362 960 ,
1387 893 1585 967 Tyrive
1603 939 1618 965 ,
1649 898 1734 952 vel
1764 895 1985 953 Sidonis
2009 938 2027 965 ,
2060 906 2155 953 aut

534 596 772 813 itionem
802 618 1006 683 reddet,
1042 633 1166 673 cum
1198 635 1366 692 regno
1402 630 1625 693 accepto
1657 637 1910 679 reversus
1936 635 2030 677 rex
2064 639 2154 678 ra-

565 707 770 762 tionem
799 706 1129 777 repetiturus
1162 710 1392 766 venerit.
1467 710 1534 767 Et
1559 712 1833 769 debitores
1857 709 2022 769 etiam
2055 713 2154 769 ba»

569 984 722 1038 urbis
782 982 1015 1056 alicujus
1073 985 1410 1055 bujusmodi.
1478 989 1531 1044 Is
1576 1004 1707 1061 ergo
1756 990 2059 1059 dimissus,
2101 999 2158 1046 et

568 1076 719 1130 omni
777 1076 957 1132 debito
1005 1076 1329 1145 absolutus,
1383 1095 1415 1135 a
1458 1095 1585 1152 rege
1629 1082 1838 1150 exiens,
1880 1102 1900 1135 ι
1952 1083 2158 1139 invenit

573 1185 744 1225 unum
785 1171 853 1225 de
884 1172 1166 1227 conservis
1196 1173 1311 1228 suis
1342 1172 1446 1240 ⁸⁷,ι
1472 1181 1527 1228 et
1555 1186 1783 1242 caetera;
1817 1183 1872 1231 et
1897 1184 2156 1247 propter-

580 1277 642 1315 ea
665 1304 680 1328 ,
710 1262 937 1332 opinor,
983 1280 1107 1318 eum
1153 1266 1385 1335 angebat
1424 1266 1569 1337 quod
1594 1282 1624 1321 a
1660 1282 1786 1338 rege
1816 1268 2018 1335 exiret,
2055 1283 2157 1324 nec

572 1353 819 1408 auxisset
859 1357 1006 1409 enim
1035 1369 1364 1410 conservum
1392 1370 1576 1421 suum,
1616 1357 1720 1412 nisi
1758 1357 1883 1413 inde
1912 1358 2152 1414 exiisset.

570 1443 779 1500 Deinde
801 1460 930 1500 vero
950 1445 1247 1516 Scriptura:
1269 1456 1518 1504 exactam
1541 1447 1876 1521 diligentiam
1900 1451 2153 1521 observa,

563 1553 783 1609 quoque
811 1540 973 1595 modo
1004 1556 1128 1596 cum
1157 1542 1499 1612 procidisset,
1530 1542 1816 1610 adoraret;
1854 1544 1942 1599 hic
1973 1556 2155 1600 autem

563 1643 688 1682 cum
723 1628 1067 1699 procidisset,
1119 1647 1227 1686 non
1279 1632 1611 1698 adoraverit,
1657 1634 1753 1689 sed
1791 1633 1958 1707 63E.
1996 1636 2158 1691 obse-

562 1722 825 1789 cravcrit;
879 1722 1157 1793 quomodo
1185 1732 1366 1779 autem
1396 1740 1492 1780 rex
1520 1726 1815 1782 miseratus
1860 1728 2157 1784 absolverit

562 1828 721 1881 eum,
775 1823 827 1869 et
875 1828 1040 1870 omne
1081 1815 1319 1871 alienum
1373 1832 1449 1872 aes
1489 1818 1538 1872 ei
1596 1818 1915 1874 remiserit:
1960 1835 2154 1876 servus

2255 627 2398 690 τινὸς
2440 627 2731 700 Σοήνης,ῆ
2781 628 3081 701 Μέμφεως,
3112 632 3146 702 ἢ
3194 630 3390 703 Τύρου,
3426 631 3458 704 ἢ
3499 631 3749 707 Σιδῶνος,η

2253 735 2397 783 τινος
2418 719 2818 791 παραπλησίου,
2849 722 2942 775 καὶ
2966 722 3093 786 τοὺς
3119 722 3416 793 ὀφειλέτας.
3437 717 3588 789 Οὗτος
3606 726 3749 780 ἀπολυ-

2255 806 2387 872 θεὶς,
2421 809 2516 862 καὶ
2555 809 2931 882 συγχωρηθεὶς
2969 812 3151 865 πᾶσαν
3188 812 3288 884 τὴν
3328 811 3554 886 ὀφειλὴν,
3581 812 3748 880 ἐξελθὼν

2253 899 2362 954 ἀπὸ
2388 900 2481 954 τοῦ
2513 900 2797 974 βασιλέως,
2848 921 2868 955 ι
2910 895 3068 976 εὗρεν
3111 903 3207 958 ἕνα
3246 904 3354 959 τῶν
3395 905 3654 960 συνδούλων
3687 907 3750 961 αὖ·

2252 993 2369 1059 τοῦ,
2411 1013 2430 1046 ι
2473 994 2569 1048 καὶ
2612 995 2681 1049 τὰ
2713 993 2872 1066 ἐξῆςο
2919 995 3014 1049 καὶ
3053 995 3142 1051 διὰ
3183 995 3360 1062 τοῦτο,
3386 992 3547 1069 οἶμαι,
3574 996 3748 1066 ἔπνιγεν,

2254 1079 2483 1153 ἐπείπερ
2512 1076 2582 1154 ἦν
2632 1081 2862 1149 ἐξελθὼν
2895 1083 3004 1137 ἀπὸ
3042 1084 3138 1139 τοῦ
3170 1085 3430 1156 βασιλέως
3453 1103 3466 1117 ·
3494 1088 3584 1141 οὐκ
3608 1087 3659 1141 ἂν
3678 1088 3749 1160 γὰρ

2257 1172 2333 1244 μὴ
2363 1172 2594 1237 ἐξελθὼν
2624 1174 2811 1245 ἔπνιγε
2834 1176 2927 1230 τὸν
2950 1176 3234 1231 σύνδουλον
3271 1176 3454 1232 αὐτοῦ.
3483 1176 3600 1232 Εἶτα
3624 1196 3751 1252 παραυ

2252 1261 2410 1332 τήρει
2440 1260 2539 1334 τὴν
2567 1262 2853 1335 ἀκρίϐειαν
2883 1264 2986 1336 τῆς
3017 1265 3261 1337 Γραφῆς,
3299 1267 3445 1332 ὅπως
3472 1271 3500 1321 6
3523 1270 3607 1339 μὲν
3626 1270 3751 1324 πεσὼν

2256 1354 2623 1425 προσεκύνει·
2654 1359 2683 1410 6
2711 1357 2769 1411 δὲ
2808 1357 2993 1413 πεσὼν
3030 1359 3092 1413 ού
3129 1361 3475 1433 προσεκύνει,
3515 1362 3629 1417 ἀλλὰ
3656 1382 3752 1438 περ·

2255 1447 2440 1501 εκάλει
2463 1464 2477 1479 ·
2514 1449 2611 1503 καὶ
2638 1451 2667 1503 6
2702 1449 2801 1521 μὲν
2834 1450 3086 1520 βασιλεὺς
3112 1454 3525 1526 σπλαγχνισθεὶς
3549 1457 3748 1511 ἀπέλυσεν

2254 1538 2436 1604 αὐτὸν,
2458 1540 2554 1594 καὶ
2584 1541 2763 1599 πᾶσαν
2788 1541 2885 1613 τὴν
2912 1542 3132 1616 ὀφειλὴν
3155 1545 3369 1617 ἀφῆκεν
3393 1546 3550 1619 αὐτῷ·
3568 1550 3593 1602 6
3608 1547 3651 1602 δὲ
3670 1548 3751 1602 δοῦ·

2253 1632 2343 1698 λος
2370 1633 2489 1687 οὐδὲ
2524 1634 2743 1705 ἐλεῆσαι
2771 1635 3003 1708 ἠθέλησε
3032 1638 3122 1692 τὸν
3165 1639 3448 1695 σύνδουλον
3489 1640 3630 1695 αὑτοῦ
3648 1658 3660 1672 ’
3684 1643 3753 1695 16-

2254 1728 2432 1791 κεῖνος
2472 1726 2572 1798 μὲν
2607 1728 2714 1800 πρὸ
2752 1728 2856 1800 τῆς
2887 1730 3133 1800 ἀφέσεως
3174 1731 3458 1787 ἐκέλευσεν
3497 1733 3634 1787 αὐτὸν
3659 1749 3755 1804 πρα-

2255 1817 2433 1890 θῆναι,
2458 1821 2553 1874 καὶ
2578 1819 2646 1873 τὰ
2679 1821 2846 1875 αὐτοῦ
2871 1838 2887 1852 ο
2914 1824 2943 1875 6
2972 1821 3029 1875 δὲ
3056 1823 3430 1895 συγχωρηθεὶς
3455 1823 3623 1878 ἔϐαλεν
3641 1822 3754 1877 αὑτὸν

561 1917 744 1961 autem
771 1922 870 1962 nec
895 1922 1217 1963 conservum
1246 1925 1406 1964 suum
1440 1910 1691 1966 miserari
1719 1911 1983 1981 voluerit;
2024 1922 2080 1969 et
2105 1914 2148 1971 is

2254 1916 2332 1978 εἰς
2359 1914 2459 1986 τὴν
2505 1914 2773 1984 φυλακήν.
2816 1916 2928 1969 Καὶ
2958 1916 3216 1988 πρόσχες,
3264 1918 3349 1970 ὅτι
3381 1919 3431 1972 οἱ
3463 1916 3689 1972 σύνδουλοι
3712 1919 3754 1971 οὐ

560 1998 780 2069 quidem
828 2000 990 2055 veudi
1020 2016 1180 2066 eum,
1233 2001 1465 2072 ejusque
1496 2002 1637 2058 bona
1686 2002 1953 2074 jusserit,
1991 2014 2148 2061 ante-

560 2110 725 2164 quam
771 2095 1100 2164 dimisisset;
1156 2097 1247 2153 ille
1297 2106 1479 2152 autem
1532 2097 1620 2153 cui
1662 2098 1836 2169 gratia
1870 2095 2014 2155 facta
2044 2109 2147 2167 est,

561 2203 686 2242 cum
719 2188 772 2242 in
801 2203 1075 2245 carcerem
1103 2189 1412 2261 impegerit.
1466 2188 1532 2245 Et
1562 2199 1688 2245 nota
1718 2206 2012 2249 conservos
2041 2208 2148 2250 non

562 2281 926 2337 calumniatos
971 2297 1126 2346 esse,
1163 2298 1265 2337 nee
1292 2282 1538 2349 dixisse,
1568 2283 1662 2338 sed
1694 2284 1980 2353 aperuisse
2004 2324 2020 2353 ,
2049 2300 2150 2340 nec

557 2383 782 2443 propter
810 2374 1096 2442 pecuniam
1144 2373 1301 2428 initio
1331 2372 1538 2428 dixisse
1567 2392 1581 2427 :
1624 2392 1642 2425 ι
1672 2371 1955 2444 Nequam;
1987 2394 2006 2426 ι
2057 2375 2149 2431 sed

560 2465 612 2518 id
644 2465 711 2519 ad
746 2466 908 2519 tinem
940 2475 1160 2535 propter
1203 2479 1533 2520 conservum
1586 2479 1925 2521 reservasse.
1986 2464 2149 2536 Regis

558 2566 741 2612 autem
779 2557 1213 2613 moderationem
1262 2558 1669 2626 animadverte;
1701 2574 1811 2613 non
1845 2559 1982 2613 dixit
2010 2559 2100 2614 ille
2132 2578 2145 2613 :

565 2668 585 2702 ι
621 2651 874 2706 Adorasti
899 2666 1021 2717 me;
1055 2670 1073 2702 ι
1110 2651 1204 2706 sed
1237 2669 1251 2705 :
1287 2669 1306 2703 ι
1351 2651 1573 2722 Rogasti
1605 2666 1693 2706 me
1718 2650 1787 2719 ⁸⁸,
1821 2669 1839 2703 ι
1881 2666 1981 2707 nec
2020 2667 2148 2707 eum

558 2741 817 2812 amplius,
852 2742 1135 2813 ipsiusque
1169 2742 1457 2798 facultates
1490 2742 1798 2797 venundari
1817 2742 2019 2814 jussit;
2055 2746 2148 2801 sed

557 2838 705 2907 quod
734 2837 890 2907 pejus
915 2847 1030 2903 est,
1060 2846 1282 2908 propter
1333 2837 1506 2908 ipsius
1531 2839 1831 2909 nequitiam
1872 2858 1891 2891 ι
1927 2838 2150 2894 tradidit

554 2942 684 2981 eum
738 2927 1041 2982 tortoribus
1065 2927 1134 2980 ".
1173 2946 1192 2979 ›
1246 2926 1481 2993 Quinam
1516 2937 1702 2983 autem
1738 2928 1793 2983 bi
1828 2932 1960 2995 sint,
2010 2944 2149 3001 prae-

553 3028 803 3089 terquam
857 3020 895 3074 ii
936 3021 1138 3091 quibus
1189 3020 1587 3090 suppliciorum
1640 3035 1776 3076 cura
1823 3021 2147 3077 demandata

551 3115 675 3170 est?
741 3113 920 3169 Simul
947 3118 1110 3171 etiam
1146 3128 1370 3187 propter
1401 3115 1690 3172 haereticos
1716 3131 1838 3170 eam
1875 3132 2148 3187 usurpari.

553 3216 634 3265 tes
669 3209 1008 3278 parabolam,
1064 3219 1192 3265 nota
1244 3210 1503 3265 debuisse
1552 3209 1675 3264 illos
1725 3211 1874 3265 hunc
1929 3225 2146 3280 quoque

553 3315 734 3370 regem
766 3300 1085 3366 criminari,
1123 3301 1269 3371 quod
1306 3301 1480 3356 iratus
1506 3301 1807 3356 debitorem
1845 3301 2142 3357 tortoribus

553 3394 859 3459 tradiderit,
889 3395 937 3450 si
967 3394 1216 3465 opiﬁcem
1247 3405 1507 3467 tanquam
1542 3396 1893 3465 iracundum,
1923 3404 2142 3468 propter

553 3490 718 3544 verba
743 3505 865 3559 qua:
889 3490 1026 3545 iram
1051 3491 1147 3546 Dei
1181 3492 1512 3563 signiﬁcant,
1545 3493 1972 3564 reprehendunt.
2008 3490 2147 3546 Prae—

554 3590 704 3639 terea
741 3598 873 3637 vero
926 3583 993 3638 iis
1036 3584 1327 3639 dicendum
1360 3594 1444 3640 est
1477 3585 1571 3655 qui
1621 3600 1728 3640 non
1757 3600 2087 3656 quemquam
2113 3600 2145 3639 a

554 3670 684 3730 Jesu
716 3676 1014 3731 tortoribus
1043 3677 1182 3731 tradi
1207 3677 1397 3731 volunt
1423 3694 1437 3732 :
1472 3674 1620 3732 Heus
1651 3677 2019 3747 vos,quinam
2047 3690 2144 3729 rex

558 3767 651 3825 ille
691 3768 759 3824 sit
794 3769 890 3839 qui
921 3784 1140 3824 servum
1188 3784 1426 3840 nequam
1461 3769 1763 3826 tortoribus
1794 3769 1993 3833 tradit,
2020 3784 2147 3839 ape-

557 3861 679 3917 rite.
710 3859 851 3928 Quin
875 3872 928 3916 et
951 3861 1017 3915 ad
1042 3861 1175 3917 illud
1194 3862 1480 3918 attendant
1506 3880 1519 3917 :
1555 3882 1573 3915 ι
1607 3860 1699 3917 Sic
1721 3871 1774 3916 et
1802 3859 1963 3916 Pater
1989 3875 2145 3916 meus

550 3952 793 4010 caelestis
841 3951 1005 4009 faciet
1042 3954 1199 4010 vobis
1231 3955 1315 4023 ⁸⁰;
1354 3973 1374 4007 ι
1411 3954 1499 4010 vel
1525 3954 1612 4010 bis
1661 3953 1825 4008 etiam
1857 3968 1921 4008 ea
1951 3951 2144 4008 dican-

550 4054 641 4100 tur
671 4047 851 4117 potius
879 4063 1000 4117 quae
1036 4048 1089 4101 in
1118 4047 1307 4102 decem
1336 4047 1613 4102 minarum
1644 4045 1904 4117 parabola
1936 4045 2143 4099 haben-

547 4146 669 4207 tur,
714 4150 767 4197 et
794 4156 824 4194 a
861 4139 954 4195 Dei
983 4141 1114 4195 boui
1160 4139 1302 4195 Filio
1336 4140 1696 4212 pronuntiata
1740 4146 1925 4212 suntfz
1982 4158 2001 4189 ι
2036 4135 2144 4193 Ve-

547 4241 857 4288 rumtamen
905 4232 1162 4304 inimicos
1211 4248 1366 4288 meos
1401 4233 1526 4287 illos
1557 4232 1653 4303 qui
1682 4231 1974 4286 noluemnt
2000 4231 2079 4296 Μ,
2116 4247 2135 4276 ι

548 4333 604 4381 et
626 4335 843 4382 caetera.
898 4323 1059 4381 Certe
1090 4325 1369 4397 parabole:
1399 4325 1688 4382 conclusio
1715 4323 2141 4395 simplicioribus

2251 2007 2520 2073 διέϐαλον,
2553 2009 2588 2081 ἢ
2625 2010 2928 2082 εἰρήκασιν,
2956 2008 3095 2063 ἀλλὰ
3122 2010 3482 2083 διεσάφησαν,
3520 2013 3601 2065 καὶ
3622 2013 3684 2064 ὅτι
3703 2010 3754 2073 τὺ,

2259 2117 2279 2151 ι
2320 2099 2522 2171 πονηρὲ
2555 2118 2573 2151 ι
2608 2100 2708 2152 οὐκ
2733 2094 2854 2152 εἶπε
2885 2100 3005 2153 κατ’
3030 2099 3204 2171 ἀρχὰς
3230 2101 3362 2172 περ)⁸
3387 2101 3492 2154 τῶν
3513 2099 3756 2173 χρημάτων,

2251 2192 2366 2247 ἀλλ’
2400 2194 2668 2265 ἐτήρησεν
2702 2190 2930 2264 ὕστερον
2981 2193 3110 2265 περὶ
3140 2192 3233 2246 τοῦ
3286 2194 3574 2249 συνδούλου.
3609 2194 3691 2246 Ἴδε
3720 2191 3758 2245 δὲ

2251 2287 2347 2341 καὶ⁸
2377 2284 2438 2339 τὸ
2466 2284 2686 2357 μέτριον
2715 2284 2809 2339 τοῦ
2847 2284 3144 2356 βασιλέωςο
3177 2288 3282 2341 οὐκ
3313 2284 3434 2341 εἷπε
3454 2303 3468 2317 ·
3501 2305 3519 2339 ι
3553 2282 3760 2358 Προσεκῦ-

2250 2380 2422 2452 νησάς
2467 2395 2577 2450 μοι,
2612 2398 2631 2432 ι
2668 2377 2836 2432 ἀλλὰ’
2878 2397 2897 2430 ε
2938 2378 3334 2451 Παρεκάλεσάς
3362 2396 3448 2452 με,
3473 2397 3492 2432 ι
3523 2380 3604 2433 καὶ
3626 2378 3759 2431 οὐκέτι

2251 2470 2413 2526 αὑτὸν
2444 2470 2740 2543 πραθῆναι,
2770 2470 2865 2526 καὶ
2890 2470 2961 2524 τὰ
2983 2470 3169 2536 αὐτοῦ,
3200 2470 3341 2526 ἀλλὰ
3371 2491 3391 2524 ι
3418 2468 3759 2542 παρέδωκετοὶς

2253 2565 2600 2635 βασανισταῖς
2633 2582 2651 2614 ι
2695 2563 2756 2617 τὸ
2783 2565 2963 2637 χεῖρον
2999 2562 3087 2617 διὰ
3133 2562 3234 2635 τὴν
3278 2563 3550 2636 πονηρίαν.
3581 2561 3704 2623 Τίνες
3729 2558 3759 2611 δ’

2249 2653 2316 2708 ἂν
2363 2650 2470 2708 εἷεν
2515 2649 2658 2709 οῦτοι
2696 2656 2730 2726 ἢ
2778 2655 2828 2708 οἱ
2870 2655 2964 2708 ἐπὶ
3006 2654 3117 2709 τῶν
3165 2654 3443 2709 κολάσεσιν
3483 2651 3761 2723 τεταγμένοις

2253 2747 2404 2817 ’Ἅμα
2431 2745 2487 2799 δὲ
2517 2747 2756 2818 πρόσχες
2784 2745 2875 2800 διὰ
2900 2746 3029 2811 τοὺς
3054 2745 3162 2800 ἀπὺ
3193 2745 3308 2801 τῶν
3330 2746 3580 2819 αἱρέσεων
3597 2740 3761 2814 χρωμέ-

2250 2857 2373 2904 νους
2409 2839 2525 2912 (25)
2556 2842 2621 2912 τῇ
2657 2839 2963 2913 παραδολῇ,
2994 2842 3097 2905 ὅτι,
3129 2841 3293 2913 εἴπερ
3333 2835 3664 2911 κατηγοροῦσι
3694 2831 3762 2887 τοῦ

2248 2929 2603 3004 δημιουργοῦ,
2653 2932 2730 2996 ὡς
2770 2932 3014 3004 ὀργίλου,
3058 2932 3146 2986 διὰ
3191 2933 3263 2987 τὰ
3294 2933 3607 3005 ἐμφαίνοντα
3640 2926 3762 2999 ὀργὴν

2249 3022 2385 3076 Θεοῦ
2417 3025 2638 3096 ῥήματα
2662 3024 2832 3098 ἐχρῆν
2865 3025 3065 3089 αὐτοὺς
3099 3026 3194 3079 καὶ
3228 3024 3326 3079 τοῦ
3357 3023 3600 3095 βασιλέως
3624 3017 3763 3073 τούτου

2249 3119 2595 3189 κατηγορεῖν,
2628 3117 2860 3189 ἐπείπερ
2884 3116 3162 3189 ὀργισθεὶς
3192 3116 3480 3189 παρέδωκε
3504 3114 3585 3168 τὸν
3606 3108 3763 3183 ὀφειλέ-

2247 3228 2348 3282 την
2374 3213 2488 3274 τοῖς
2515 3209 2885 3279 βασανισταῖς.
2913 3210 3037 3264 Ἔτι
3069 3210 3126 3264 δὲ
3150 3210 3374 3264 λεκτέον
3411 3211 3519 3272 τοῖς
3548 3206 3611 3279 μὴ
3639 3203 3766 3275 βονλο·

2253 3305 2435 3376 μένοις
2465 3303 2854 3377 παραδίδοσθαί
2885 3321 3007 3358 τινα
3037 3304 3147 3358 ἀπὸ
3185 3303 3284 3357 τοῦ
3327 3302 3496 3375 Ἰησοῦ
3523 3302 3618 3365 τοῖς
3649 3297 3767 3369 βασι·

2249 3396 2478 3461 νισταϊς,
2506 3394 2610 3462 ὅτι,
2646 3392 2991 3466 Διηγήσασθε
3033 3396 3187 3466 ἡμῖν,
3226 3389 3276 3448 ὦ
3306 3389 3470 3459 οὗτοι,
3501 3393 3576 3456 τίς
3598 3393 3624 3444 6
3654 3389 3766 3459 βασι-

2250 3485 2377 3549 λεὺς
2403 3487 2433 3538 6
2477 3484 2806 3556 παραδιδοὺς
2837 3485 2929 3538 τὸν
2965 3485 3200 3559 πονηρὸν
3239 3485 3430 3540 δοῦλον
3467 3486 3571 3548 τοῖς
3597 3481 3763 3553 βασανι-

2254 3581 2427 3643 σταῖς.
2457 3579 2882 3650 Ηροσεχέτωσαν
2913 3579 2970 3633 δὲ
3002 3581 3097 3633 καὶ⁵
3130 3579 3208 3652 τῷ
3229 3598 3243 3612 ·
3287 3600 3308 3633 ι
3342 3580 3524 3645 Οὕτως
3553 3573 3632 3631 οὖν
3654 3575 3765 3641 md,-

2252 3689 2336 3725 σει
2372 3672 2467 3725 καὶ
2491 3672 2620 3743 ὑμῖν
2652 3674 2681 3724 ὁ
2713 3673 2901 3744 Πατήρ
2937 3689 3039 3744 μου
3069 3675 3100 3727 6
3136 3673 3391 3744 οὐράνιος
3412 3689 3425 3704 ο
3459 3692 3477 3724 ι
3508 3672 3608 3733 τοῖς
3629 3665 3762 3726 αὐτοῖς

2250 3764 2306 3818 δὲ
2350 3764 2429 3818 ἔτι
2476 3764 2674 3837 μᾶλλον
2717 3765 2934 3837 λεχθείη
2966 3764 3034 3820 ἂν
3069 3764 3139 3819 τὰ
3177 3768 3236 3820 ὲν
3282 3769 3351 3838 τῇ
3382 3764 3486 3818 τῶν
3508 3762 3623 3816 δέκα
3658 3755 3763 3830 μνῶν

2252 3855 2558 3928 παραϐολῇ,
2609 3857 2691 3909 ὅτι
2738 3857 2769 3909 6
2816 3855 3024 3926 ἀγαθοῦ
3065 3855 3199 3911 Θεοῦ
3243 3856 3376 3921 Υἱὸς
3423 3851 3564 3909 εἷπε*
3608 3870 3626 3904 ι
3660 3844 3765 3916 Πλὴν

2249 3951 2375 4014 τοὺς
2428 3949 2656 4021 ἐχθρούς
2712 3967 2814 4021 μου
2865 3948 3107 4014 ἐκείνους
3168 3951 3299 4014 τοὺς
3371 3951 3446 4022 μὴ
3500 3939 3765 4017 θελήσαντάς

2253 4059 2343 4114 με,
2393 4062 2411 4094 ι
2450 4043 2543 4096 καὶ
2573 4041 2641 4096 τὰ
2672 4042 2818 4113 ἑξῆς.
2855 4043 2929 4096 Τὸ
2961 4042 3343 4114 συμπέρασμα
3376 4042 3548 4115 μέντοι
3579 4037 3661 4107 τῆς
3691 4048 3765 4085 πα·

2250 4134 2488 4207 ραόολῆς
2515 4136 2609 4189 καὶ
2633 4138 2744 4199 τοῖς
2776 4134 3166 4207 ἁπλουστέροις
3197 4135 3463 4206 ἁρμόζει·
3494 4132 3665 4191 πάντες
3686 4122 3764 4192 γὰρ

2247 4227 2367 4298 ἅμα
2419 4226 2780 4298 διδασκόμεθα
2831 4226 3114 4281 πείσεσθαι
3163 4228 3212 4280 οι
3259 4228 3457 4297 ἄφεσιν
3505 4214 3767 4295 ἀμαρτημά“

2248 4338 2355 4377 των
2394 4320 2695 4393 εἰληφότες,
2726 4321 2821 4374 καὶ
2850 4320 2926 4393 μὴ
2970 4319 3387 4392 συγχωροῦντες
3415 4322 3521 4383 τοῖς
3554 4311 3763 4382 ἀδελφοῖς.

1749 4503 1985 4562 VETUS
2022 4495 2611 4560 INTERPRETATIO.

543 4659 799 4737 debebat.
851 4660 993 4737 Sunt
1026 4672 1208 4719 autem
1244 4671 1299 4717 et
1323 4661 1835 4737 conserviquidam
1865 4661 1986 4737 ejus
2019 4660 2111 4737 qui
2140 4659 2535 4737 indulgentiam
2555 4667 2639 4714 est
2661 4668 2991 4737 consecutus
3021 4659 3354 4737 talentorum
3378 4655 3649 4737 multorum
3661 4640 3761 4737 ,θεῖ

544 4732 791 4787 videntes
815 4749 936 4803 quae
966 4732 1106 4788 facta
1146 4742 1275 4789 sunt
1305 4748 1336 4787 a
1364 4747 1525 4813 servo
1570 4724 2328 4813 imruise_ri_co_rde,:habentes
2361 4731 2613 4811 videlicet
2651 4730 3091 4813 misericordiam
3142 4731 3378 4813 similem
3421 4725 3585 4813 regis,

545 4803 673 4858 stati
705 4796 1014 4859 sunt-valde
1041 4820 1205 4875 super
1229 4818 1353 4859 eum
1385 4804 1477 4873 qui
1509 4813 1727 4858 centum
1766 4796 2301 4875 debebatdeuarios,
2338 4810 2390 4853 et
2423 4803 2488 4875 ll_l_
2509 4815 2787 4875 carcerem
2821 4800 2997 4856 fuerat
3019 4802 3230 4875 missus
3255 4820 3268 4857 τ
3292 4810 3347 4856 et
3366 4796 3592 4875 volentes
3614 4796 3758 4875 juvat?

545 4874 774 4930 missum
812 4875 864 4929 in
895 4863 1190 4940 carcerein,
1219 4863 1614 4930 enarraverunt
1640 4875 1861 4929 domino
1885 4888 2007 4942 quae
2037 4870 2250 4926 fuerant
2274 4863 2415 4927 aeta.
2450 4870 2516 4925 Et
2548 4870 2672 4925 vide
2696 4871 2824 4939 quia
2870 4886 2978 4925 non
3017 4881 3101 4927 est
3125 4873 3416 4942 scriptum,
3446 4863 3758 4942 detraxerunt:

542 4947 626 4999 vel
655 4946 931 5010 dixerunt,
961 4947 1054 5001 sed
1089 4930 1505 5000 enarraverunt.
1540 4944 1606 4999 Et
1641 4954 1772 4999 tunc
1797 4930 2002 4999 vocans
2030 4959 2155 4998 eum
2192 4942 2450 4998 dominus
2492 4943 2632 5012 ejus,
2663 4930 2801 4995 dixit
2831 4943 2881 4996 ei
2911 4943 3056 5011 quod
3103 4957 3211 4996 non
3240 4930 3449 4997 dixerat
3476 4930 3761 5012 prius,.SiC|l!

543 5017 688 5071 enim
720 5019 840 5087 pius
872 5000 930 5073 et
951 5000 1262 5073 misericors
1289 5031 1408 5093 rex,
1439 5031 1547 5070 non
1573 5016 1800 5093 dixit_in
1828 5013 2022 5084 primis
2054 5013 2155 5093 sibi
2189 5013 2238 5067 ei
2271 5014 2455 5093 oblato
2482 5000 2638 5093 quasi
2667 5013 2897 5067 debitori
2929 5000 3260 5093 talentorum
3297 5000 3579 5093 multorum
3601 5000 3759 5093 3&2“

542 5075 777 5158 gequaln
817 5098 871 5143 et
904 5089 1044 5143 male
1079 5106 1094 5142 :
1132 5089 1236 5142 hoc
1268 5075 1413 5141 enim
1465 5086 1779 5158 reservavit,
1818 5075 2141 5158 utnonde
2168 5084 2438 5158 pecuniis,
2471 5075 2564 5138 sed
2597 5084 2664 5139 de
2693 5099 2962 5158 conservo
2997 5084 3050 5137 in
3080 5100 3356 5158 carcerem
3402 5082 3561 5137 misso
3588 5075 3757 5158 (μοιῗῇ

539 5135 1413 5229 tristitiam}?amasse:
1434 5135 1483 5211 ei
1498 5135 1951 5229 agiteadem;
1967 5135 3190 5229 semisupina};dissaepti;eausa."v
3202 5135 3495 5229 defamem
3512 5135 3572 5204 et
3589 5135 3761 5229 tinguit;

540 5236 706 5283 tatem
740 5212 905 5302 regis,
933 5212 1210 5300 quoniitm'
1239 5227 1636 5304 aliudquidem
1657 5212 1803 5304 fecit
1828 5225 2043 5304 debitor
2071 5225 2399 5279 talentorum
2432 5212 2750 5304 multorum,
2782 5212 2932 5279 aliud
2962 5235 3144 5279 autem
3174 5224 3421 5304 nominat
3452 5236 3556 5304 rex.

539 5281 705 5353 enim
730 5281 1451 5377 ἣίἕβέιῖιιῖἆξηεοόογανὶβ
1471 5314 1612 5377 eum
1637 5299 1852 5377 dicens,
1896 5297 2154 5377 domitius
2194 5303 2373 5376 autem
2414 5296 2535 5365 ejus
2576 5306 2627 5349 et
2666 5281 2759 5377 rei
2789 5310 2996 5377 vocans
3042 5311 3167 5350 eum
3191 5310 3323 5377 Anott
3350 5293 3498 5377 _dixit
3532 5307 3544 5377 ι

538 5369 780 5441 debitum
827 5361 1011 5426 dimisi
1052 5370 1152 5425 tibi
1186 5390 1203 5422 ι
1251 5369 1521 5441 quoniam
1548 5368 1809 5441 adorasti_
1831 5382 1938 5441 me,
1970 5367 2093 5432 sed,
2144 5361 2458 5441 «quioniam'
2490 5367 2690 5437 rogasti
2725 5383 2831 5441 me,
2879 5365 2944 5419 Et
2976 5366 3152 5421 iratus
3187 5365 3410 5441 tradidit
3434 5361 3757 5441 eumuortgt’t'

537 5437 663 5504 bus,
700 5439 875 5497 donec
912 5442 1163 5497 redderet
1199 5431 1364 5495 omne
1402 5439 1668 5494 debitum.
1705 5457 1723 5490 ι
1768 5435 1835 5491 Ει
1863 5431 1974 5507 jam
2013 5450 2119 5491 non
2160 5431 2328 5506 jussit
2365 5452 2490 5491 eum
2530 5431 2868 5506 vcuundari,
2899 5445 2956 5493 et
2983 5452 3213 5493 uxorem
3255 5436 3395 5508 ejus,
3422 5445 3474 5490 et
3501 5431 3626 5486 ﬁlios
3646 5431 3753 5491 ei“!

607 5622 652 5656 “
686 5620 878 5678 Matth.
907 5638 1064 5691 xvm,
1100 5626 1191 5682 28.
1269 5626 1470 5682 “ibid.
1505 5625 1597 5681 52.
1673 5626 1718 5661 δ’
1753 5625 1886 5682 ibid.
1915 5624 2006 5682 34.
2085 5626 2131 5660 '°
2169 5626 2308 5684 ibid.
2339 5628 2429 5685 55.
2507 5629 2552 5661 δ’
2587 5627 2723 5685 Luc.
2756 5645 2875 5698 nx,
2902 5627 2996 5682 27.

605 5786 721 5865 (25)
764 5786 908 5865 Tabe
949 5788 1068 5865 ἀπὸ
1107 5789 1226 5847 τῶν
1262 5793 1553 5862 αἱρέσεων
1597 5792 2122 5865 χρωμένους-,κίἰο.

539 5856 919 5925 Marcionitas,
956 5860 1201 5933 aliosque
1234 5856 1484 5934 opificem
1524 5856 1845 5923 iracundum
1886 5856 1938 5921 et
1966 5856 2127 5921 fero-

2236 5811 2352 5855 cem
2385 5797 2669 5867 tingentes.
2702 5791 2970 5849 Hunnus.
