3954 6538
169 381 317 442 Ilii

1105 391 1464 450 COMMENT.
1507 391 1576 448 IN
1609 391 2025 449 MATTHAEUM
2068 392 2309 450 TOMUS
2350 393 2488 450 XIV.

3320 401 3462 460 1223

159 507 242 561 τὰ
274 511 384 566 τοῦ
431 511 898 584 συγχωρηθέντος,
945 511 1039 567 καὶ
1081 516 1156 588 μὴ
1214 519 1666 590 συγχωρήσαντος
1697 518 1758 589 τίξ

1879 518 2045 573 etiam
2097 520 2380 591 congruit;
2423 519 2737 591 quicunque
2785 520 2929 576 enim
2977 531 3322 592 peccatorum
3372 542 3462 582 re-

162 600 268 652 ὃηύ
283 606 381 677 λῳ.

1879 612 2196 668 missionem
2237 614 2575 685 recepimus,
2613 630 2712 670 nec
2755 629 2875 670 eam
2903 613 3164 673 fratribus
3208 619 3462 677 concedi-

171 714 332 764 mus,
347 699 536 756 eadem
569 714 670 755 nos
691 715 1054 771 perpessuros
1080 709 1197 759 tore
1219 703 1502 771 docemur,
1528 721 1592 760 ac
1617 706 1768 782 illum
1805 706 1898 777 qui
1933 710 2164 778 gratiam
2196 709 2299 764 sibi
2325 709 2524 766 factam
2555 726 2712 766 servo
2744 712 2981 783 negavit.

257 811 279 845 ι
324 792 435 846 Καὶ
458 794 675 862 ἐγένετο
706 794 796 847 ὅτε
829 794 1076 849 ἐτέλεσεν
1110 799 1139 850 6
1183 797 1390 870 Ἰησοῦς
1418 801 1546 864 τοὺς
1577 800 1768 869 λόγους

167 884 429 950 τούτους.
475 905 493 937 ι
543 887 600 939 '0
639 886 870 940 ἕκαστον
902 886 1009 941 τῶν
1045 891 1420 962 προκειμένων
1456 891 1769 965 προϐλημά-

168 989 292 1026 των
322 972 551 1038 ἐντελῶς
575 973 806 1040 διεξιὼν,
830 975 905 1040 ὡς
933 976 1096 1048 μηδὲν
1121 979 1303 1035 αὐτῶν
1332 981 1506 1046 ἐνδεὲς
1540 986 1766 1038 καταλι-

167 1067 330 1128 πεῖν,
359 1060 514 1128 οὗτος
532 1067 676 1120 τελεῖ
695 1067 820 1131 τοὺς
852 1069 1048 1122 ἑαυτοῦ
1075 1069 1285 1140 λόγους.
1316 1073 1767 1150 Θαρσαλεώτερον

168 1156 224 1209 δ’
254 1159 323 1212 ἄν
352 1175 437 1221 τις
457 1161 813 1228 ἀποφανεῖται
848 1163 978 1234 περὶ
1012 1164 1201 1218 τούτου
1239 1170 1521 1240 προσέχων
1575 1173 1762 1244 ἐπιμε-

166 1249 438 1324 λέστερον
471 1252 618 1325 πάσῃ
651 1255 956 1323 ἀναγνώσει
988 1257 1236 1323 Παλαιᾶς
1263 1262 1354 1314 καὶ
1401 1264 1610 1336 Καινῆς
1635 1267 1764 1320 Δια-

166 1342 381 1414 Θήκης·
418 1344 511 1398 ἐὰν
537 1345 647 1418 γὰρ
671 1347 762 1399 ἐπὶ
802 1347 1026 1419 μηδενὸς
1113 1354 1444 1424 τεταγμένον
1471 1356 1552 1421 τὸ,
1582 1377 1602 1409 ι
1625 1359 1766 1412 Ἐτέ-

167 1430 302 1485 λεσε
336 1434 466 1497 τοὺς
496 1433 684 1504 λόγους
708 1437 983 1502 τούτους,ι
1028 1440 1379 1512 ῆΜωῦσέως,
1411 1447 1444 1518 ἦ
1477 1465 1621 1514 τινος
1655 1451 1763 1506 τῶν

165 1525 502 1596 προφητῶν,
536 1527 710 1599 ἀλλ’ἢ
745 1529 906 1599 μόνου
937 1530 1028 1584 τοῦ
1076 1533 1272 1605 Ἰησοῦ,
1327 1537 1446 1591 τότε
1490 1540 1763 1613 τολμήσας

164 1614 244 1669 ἄν
269 1631 359 1678 τις
383 1615 545 1680 εἴποι,
568 1618 648 1671 ὅτι
678 1619 874 1688 μόνους
925 1621 1036 1694 (26)
1059 1623 1271 1678 ἐτέλεσε
1326 1629 1453 1693 τοὺς
1512 1629 1702 1700 λόγους
1732 1636 1760 1686 ό

1945 802 2031 856 14.
2081 822 2100 854 ι
2139 801 2206 858 Et
2254 804 2456 859 factum
2505 813 2593 859 est
2636 820 2762 860 cum
2807 819 3254 864 consummasset
3297 807 3461 869 Jesus

1873 907 2158 950 sermones
2211 896 2348 952 istos
2373 898 2439 952 δ’.
2477 916 2496 948 ι
2546 895 2650 964 Qui
2700 914 3146 972 unamquamque
3198 907 3460 974 quaestio-

1873 1001 1996 1040 nem
2048 990 2388 1058 propositam
2437 990 2596 1060 plane
2643 993 2916 1058 edisserit,
2967 995 3038 1049 ita
3067 1006 3126 1050 ut
3155 997 3290 1052 nihil
3321 999 3458 1055 inta-

1872 1086 2020 1133 ctum
2049 1079 2551 1151 inexplicatumque
2581 1085 2876 1155 relinquat,
2909 1086 2957 1141 is
2981 1086 3146 1158 635
3179 1104 3460 1146 sermones

1875 1185 2005 1227 suos
2032 1184 2401 1230 consummat.
2445 1174 2520 1231 Ea
2555 1187 2736 1233 autem
2773 1180 2839 1235 de
2874 1196 2932 1234 re
2953 1183 3316 1240 conlidentius
3342 1201 3463 1255 pro—

1874 1265 2247 1331 nuntiaverit.
2299 1271 2391 1340 qui
2453 1271 2508 1327 in
2563 1270 2770 1328 Veteris
2825 1283 2880 1330 et
2930 1273 3069 1330 Novi
3122 1274 3459 1335 Testamenti

1875 1356 2167 1415 lectionem
2195 1361 2512 1432 diligentius
2547 1365 2855 1436 incumbet;
2893 1384 3019 1423 nam
3057 1369 3104 1425 si
3143 1371 3318 1440 nulli,
3364 1389 3460 1428 ne-

1871 1465 1978 1519 que
2006 1449 2210 1523 Moysi,
2263 1470 2440 1526 neque
2465 1459 2855 1527 prophetarum
2887 1461 3144 1533 cuiquam
3167 1503 3182 1528 ,
3225 1465 3318 1519 sed
3354 1466 3456 1521 soli

1869 1538 1997 1595 Jesu
2043 1543 2364 1599 attributum
2398 1557 2482 1602 est
2519 1547 2651 1602 illud
2683 1568 2696 1603 :
2729 1569 2746 1600 ι
2784 1549 3203 1608 Consummavit
3244 1569 3458 1610 sermo-

1871 1646 1969 1685 nes
2019 1632 2156 1688 istos
2183 1634 2260 1699 ⁸⁸,
2323 1655 2341 1688 ι
2379 1645 2493 1690 tum
2551 1639 2808 1694 audacter
2857 1641 3206 1698 alﬁrmavet'it
3256 1645 3456 1716 aliquis

179 1705 421 1779 Ἰησοῦς,
450 1711 478 1762 6
500 1710 666 1764 ἐλθὼν
710 1712 862 1777 τέλος
894 1715 1159 1770 ἐπιθεῖναι
1190 1721 1300 1784 τοῖς
1325 1722 1632 1794 πράγμασι,
1669 1732 1758 1782 καὶ

1872 1737 2038 1777 unum
2063 1722 2250 1780 Jesum
2285 1741 2566 1782 sermones
2597 1744 3033 1798 consummasse,
3065 1733 3160 1802 qui
3191 1734 3258 1789 ad
3290 1734 3452 1791 ﬁnem

163 1799 471 1872 πληρῶσαι
501 1802 562 1856 τὸ
590 1803 764 1869 ἐνδεὲς
806 1805 901 1859 τοῦ
959 1808 1146 1879 νόμου,
1194 1810 1284 1864 διὰ
1311 1813 1425 1867 τοῦ⁸
1469 1833 1487 1866 t
1534 1817 1764 1891 Ἐρρέθη

161 1894 290 1957 τοῖς
316 1893 619 1967 ἀρχαίοις,›
654 1897 748 1950 καὶ⁹
772 1897 840 1951 τὰ
870 1897 1014 1971 ἑξῆς·
1053 1902 1146 1954 καὶ
1178 1903 1357 1958 πάλιν·
1427 1926 1445 1958 t
1477 1909 1593 1963 Ἵνα
1625 1911 1765 1982 πλη-

165 1985 326 2059 ρωθῇ
361 1987 428 2041 τὰ
460 1989 723 2061 εἰρημένα
761 1990 849 2045 διὰ
879 1992 988 2048 τῶν
1013 1996 1358 2068 προφητῶν.)
1391 2000 1453 2055 Ei
1473 2001 1528 2054 δέ
1557 2020 1656 2056 που
1676 2005 1767 2072 γέ-

164 2097 425 2152 γραπται
457 2082 550 2136 καὶ
580 2085 638 2148 ἐν
686 2083 937 2149 ἐκείνοις,
977 2087 1097 2140 τότε
1142 2088 1210 2142 ἂν
1243 2089 1472 2166 ἐξετάζῃ
1501 2095 1611 2166 (27)
1669 2097 1765 2149 κα)⁸

161 2174 534 2240 τελεσθέντας
555 2175 646 2228 ὑπ’
682 2176 905 2232 ἐκείνων
953 2178 1141 2247 λόγους
1174 2180 1501 2239 τελεσθεῖσιν
1534 2187 1638 2241 ὑπὸ
1668 2187 1763 2242 τοῦ

167 2268 454 2339 Σωτῆρος,
483 2267 569 2321 ἴνα
598 2267 732 2340 εὕρῃ
766 2269 864 2340 τὴν
903 2269 1164 2342 διαφορὰν
1198 2274 1378 2328 αὐτῶν
1435 2277 1573 2349 πρὸς
1599 2279 1762 2353 ἀλλή-

167 2360 327 2423 λους.
362 2361 625 2429 Καίτοιγε
656 2362 815 2414 κάκεῖ
849 2361 1112 2435 ζητηθείη
1142 2365 1227 2431 ἂν,
1275 2369 1324 2421 εἰ
1367 2371 1460 2423 ἐπὶ
1489 2372 1594 2425 τῶν
1624 2377 1764 2429 κατὰ

167 2453 563 2524 χρηματισμὸν
610 2453 918 2524 λεγομένων
975 2459 1151 2512 κεῖται
1203 2459 1284 2523 τὸ,
1343 2480 1361 2512 ί
1389 2463 1684 2530 ὲτέλεσεν,›
1729 2467 1761 2538 ἢ

167 2545 274 2598 ἐπὶ
302 2545 416 2599 τῶν
451 2547 730 2612 Μωῦσέως
763 2549 796 2620 ἡ
842 2566 988 2614 τινος
1025 2551 1134 2606 τῶν
1190 2555 1484 2626 προφητῶν
1540 2559 1763 2631 εἰρημέ-

163 2651 287 2692 νων
313 2637 450 2710 (28),
484 2639 517 2711 ἦ
555 2641 647 2694 ἐπὶ
676 2642 1121 2715 συναμφοτέρων·
1155 2646 1188 2716 ἡ
1222 2647 1330 2719 γὰρ
1381 2648 1643 2722 ἐπιμελὴς
1669 2653 1765 2724 τή-

169 2746 340 2800 ρησις
370 2730 602 2801 μέγιστα
630 2732 695 2786 ἂν
719 2733 1010 2789 ὑποϐάλλοι
1039 2738 1287 2808 νοήματα
1313 2743 1426 2803 τοῖς
1464 2743 1764 2814 ἐπισταμέ-

165 2837 288 2885 νοις
323 2843 341 2872 4
366 2824 714 2894 πνευματικὰ
743 2832 1131 2896 πνευματικοῖς
1167 2833 1530 2902 συγκρίνειν,ι
1563 2837 1656 2889 καὶ
1675 2837 1764 2892 διὰ

161 2913 335 2968 τοῦτο
374 2935 392 2966 ι
421 2915 676 2971 λαλοῦσιν
725 2919 827 2973 οὐκ
881 2921 938 2973 ὲν
977 2921 1241 2987 διδακτοῖς
1290 2924 1638 2998 ἀνθρωπίνης
1675 2946 1764 2982 σο-

162 3007 302 3076 φίας
336 3009 536 3078 λόγοις,
568 3011 681 3064 ἀλλ’
705 3014 762 3066 ὲν
793 3013 1060 3078 διδακτοῖς
1088 3016 1418 3088 πνεύματος.
1446 3039 1465 3070 ι
1504 3021 1696 3086 Ἀλλος
1715 3023 1760 3076 δ’

1871 1815 2034 1871 rebus
2068 1817 2494 1887 imponendum,
2531 1831 2585 1877 et
2629 1821 2700 1876 ad
2750 1824 3159 1881 resarciendum
3196 1827 3331 1899 legis
3359 1831 3453 1887 de-

1869 1905 2068 1964 fectum
2100 1911 2266 1976 venit,
2305 1917 2364 1966 ut
2391 1913 2514 1968 inde
2541 1913 2754 1971 discere
2782 1927 2868 1972 est
2899 1937 2912 1972 :
2952 1937 2971 1970 ι
3006 1918 3221 1976 Dictum
3251 1938 3336 1980 est
3361 1941 3455 1980 an-

1868 1999 2035 2070 tiquis
2063 2000 2144 2068 “,
2195 2022 2214 2054 ι
2255 2013 2308 2058 et
2340 2005 2579 2076 reliqua;
2615 2017 2669 2062 et
2697 2024 2892 2065 rursus
2920 2030 2933 2066 :
2974 2031 2992 2063 ι
3029 2011 3099 2067 Ut
3127 2014 3454 2086 impleantur

1866 2109 1990 2163 quae
2021 2093 2163 2150 dicta
2199 2106 2329 2152 sunt
2358 2113 2452 2168 per
2494 2103 2788 2170 prophetas
2811 2103 2878 2158 ⁸⁸.
2921 2123 2941 2156 ι
2993 2105 3148 2171 Quod
3177 2108 3221 2163 si
3251 2111 3451 2167 alicubi

1868 2182 1922 2236 in
1957 2183 2024 2238 iis
2052 2184 2105 2239 id
2130 2186 2399 2258 scriptum
2427 2201 2627 2259 exstat,
2659 2207 3072 2253 consummatos
3099 2199 3169 2253 ab
3198 2199 3306 2256 illis
3335 2217 3453 2258 ser-

1867 2291 2056 2332 mones
2108 2293 2232 2332 cum
2273 2286 2672 2340 consummatis
2707 2301 2737 2340 a
2770 2285 2896 2342 Jesu
2944 2291 3290 2349 sermonibus
3323 2308 3454 2349 con-

1866 2367 1975 2436 fer,
2013 2379 2072 2424 ιιι
2097 2386 2288 2427 eorum
2335 2375 2632 2432 discrimen
2679 2381 2922 2450 reperias
2965 2384 3029 2438 '°.
3088 2384 3354 2451 Quinimo
3399 2399 3455 2444 et

1867 2459 1956 2514 hic
1979 2461 2143 2516 etiam
2175 2465 2346 2534 quaeri
2377 2469 2585 2536 possit,
2641 2485 2710 2524 an
2754 2472 2808 2526 in
2857 2472 3020 2530 rebus
3052 2492 3173 2547 qua:
3199 2494 3296 2548 per
3326 2495 3455 2536 ora-

1866 2553 2049 2608 culum
2080 2556 2304 2625 prolatae
2331 2569 2481 2626 sunt,
2513 2575 2616 2616 vox
2645 2561 2760 2629 illa,
2801 2583 2819 2616 ι
2858 2571 3282 2635 consummavit,
3313 2590 3333 2624 ι
3369 2573 3454 2627 vel

1855 2661 1965 2714 pro
1996 2643 2210 2718 Moyse,
2261 2652 2345 2704 vel
2394 2667 2494 2721 pro
2545 2653 2731 2723 aliquo
2769 2670 2835 2709 ex
2866 2658 3179 2728 prophetis,
3235 2662 3319 2716 vel
3354 2678 3455 2733 pro

1866 2739 2115 2810 utrisque
2142 2741 2386 2798 adhibita
2431 2744 2503 2798 sit
2531 2763 2544 2798 :
2576 2745 2808 2816 diligens
2839 2749 3108 2818 siquidem
3143 2751 3455 2810 observatio

1867 2830 2132 2886 sublimes
2165 2833 2230 2888 iis
2263 2835 2623 2904 cogitationes
2646 2837 3122 2908 subministrabit,
3153 2845 3247 2913 qui
3284 2864 3303 2898 ι
3339 2848 3453 2917 spi-

1865 2918 2158 2976 ritualihus
2179 2923 2484 2992 spiritualia
2508 2941 2830 2996 comparare
2855 2930 2899 2960 ⁸⁷
2935 2949 2954 2982 ι
2980 2932 3187 2999 sciunt,
3226 2945 3280 2991 et
3318 2953 3448 3007 pro.

1868 3022 2052 3081 ptcrea
2086 3033 2102 3065 ι
2136 3015 2435 3085 loquuntur
2450 3034 2557 3072 non
2591 3019 2644 3074 in
2684 3020 2860 3076 doctis
2896 3024 3150 3081 humanae
3174 3029 3452 3099 sapientiae

161 3101 236 3155 ἄν
270 3119 358 3166 τις
390 3105 807 3179 περιεργότερον
843 3105 960 3172 τοῦ,
1025 3127 1043 3160 t
1073 3109 1337 3174 ἐτέλεσεν,
1363 3131 1379 3163 ι
1415 3113 1647 3181 ἀκούων,
1673 3135 1758 3170 τε·

1867 3103 2064 3169 verbis,
2090 3107 2182 3160 sed
2207 3108 2262 3161 in
2288 3109 2535 3163 doctrina
2569 3111 2814 3180 spiritus.
2859 3132 2878 3167 ι
2911 3115 2981 3170 At
3003 3117 3145 3174 alius
3174 3097 3447 3191 quispiam

160 3195 450 3264 ταγμένου
505 3198 736 3252 ἐπὶτῶν
789 3202 1243 3274 μυστικωτέρων,
1296 3204 1432 3258 καθδ
1461 3209 1490 3260 6
1546 3208 1645 3278 μέν
1676 3225 1761 3274 τις

161 3289 461 3360 παρέδωκε
489 3293 600 3354 τοῖς
626 3291 961 3364 ὑποχειρίοις
989 3296 1262 3367 μυστήρια
1293 3297 1388 3351 καὶ
1415 3299 1635 3364 τελετὰς
1661 3303 1761 3356 οὐκ

161 3382 496 3446 ὲπαινετῶς·
527 3385 555 3436 6
582 3382 639 3436 δέ
691 3401 776 3446 τις
807 3373 1093 3458 μυστήρια⁹
1111 3387 1246 3441 Θεοῦ
1283 3391 1396 3454 τοῖς
1423 3390 1614 3458 ἀξίοις,
1667 3395 1761 3448 καὶ

160 3473 435 3542 ἀνάλογον
463 3475 574 3537 τοῖς
627 3473 889 3539 τοιούτοις
949 3478 1268 3549 μυστηρίοις
1301 3479 1543 3546 τελετὰς,
1591 3481 1756 3550 εἴποι,

158 3567 244 3619 ὅτι
272 3565 502 3636 τελετὴν
533 3565 762 3637 ἐποίησε
816 3568 1032 3638 μυήσεις
1091 3569 1307 3635 αὐτοὺς,
1355 3572 1421 3624 δι’
1441 3573 1508 3644 ἦν
1537 3573 1758 3647 τελετὴν

158 3659 515 3730 ἀνεφάνησαν
531 3660 580 3712 οἱ
605 3659 750 3727 λόγοι
781 3659 1015 3726 δυνατοὶ,
1033 3661 1109 3725 ὡς
1140 3663 1480 3735 κηρυχθῆναι
1503 3666 1566 3719 τὸ
1582 3667 1758 3736 Εὐαγ-

158 3751 346 3820 γέλιον
387 3751 564 3825 Ἰησοῦ
618 3753 675 3806 ὲν
729 3753 836 3824 ὅλῳ
868 3754 946 3824 τῷ
994 3756 1206 3827 κόσμῳ,
1244 3759 1338 3810 καὶ
1369 3761 1638 3831 κρατῆσαι
1669 3762 1756 3817 διὰ

157 3846 264 3915 τὴν
299 3843 449 3898 Θείαν
493 3844 714 3915 τελετὴν
765 3845 946 3916 πάσης
975 3847 1174 3920 ψυχῆς,
1205 3849 1270 3921 ἢν
1312 3849 1458 3905 ἕλκει
1493 3855 1521 3906 6
1547 3855 1756 3927 ’Πατὴρ

159 3937 306 4008 πρὸς
329 3937 424 3990 τὸν
459 3936 589 3990 Υἱὸν
613 3936 753 3991 κατὰ
792 3938 853 3990 τὸ
886 3939 1177 4011 εἰρημένον
1211 3941 1316 3995 ὑπὸ
1343 3942 1439 3997 τοῦ
1478 3945 1749 4018 Σωτῆρος·

166 4047 185 4078 ε
217 4029 411 4092 Οὐδεὶς
445 4027 663 4100 ἔρχεται
700 4028 838 4100 πρὸς
877 4030 968 4100 μὲ,
1009 4029 1105 4084 ἐὰν
1161 4031 1234 4104 μὴ
1276 4034 1304 4086 6
1338 4034 1528 4107 Πατὴρ
1559 4039 1586 4090 6
1620 4039 1755 4108 πέμ-

1864 3197 2128 3268 majorem
2181 3189 2446 3256 adhibens
2496 3202 2831 3273 diligentiam
2881 3189 3450 3280 interpretanda—voci

1863 3287 1992 3344 huic
2044 3291 2329 3365 (ἐτέλεσεν)
2386 3312 2405 3345 ι
2454 3300 2886 3365 consummavit,
2923 3320 2941 3352 ›
2998 3318 3122 3373 quae
3167 3305 3331 3362 rebus
3381 3308 3450 3365 iis

1861 3379 2234 3450 signiﬁcandis
2266 3396 2598 3456 usurpatur,
2636 3382 2838 3457 quibus
2869 3392 3009 3446 inest
3040 3394 3218 3465 majus
3249 3407 3452 3468 myste-

1863 3473 2004 3528 rium
2031 3515 2046 3540 ,
2078 3475 2234 3545 juxta
2260 3477 2405 3546 quod
2437 3479 2483 3534 is
2513 3483 3454 3559 mysteriaetealeea;(initiationes)

1862 3581 1970 3620 non
2016 3567 2362 3625 laudabiliter
2414 3572 2649 3628 subditis
2702 3576 2820 3631 suis
2866 3579 3161 3634 tradidisse
3209 3581 3444 3648 dicitur;

1863 3655 1951 3710 ille
2002 3669 2182 3712 autem
2238 3660 2418 3730 dignis
2467 3665 2724 3728 mysteria
2775 3665 2892 3732 Dei,
2944 3678 2995 3720 et
3042 3668 3216 3724 instar
3247 3681 3449 3742 myste-

1858 3745 2068 3800 riorum
2106 3747 2329 3813 τελετὰς
2381 3751 2763 3825 (initiationes)
2804 3772 2818 3820 ;
2871 3757 2948 3821 is,
2997 3759 3268 3829 inquam,
3359 3779 3448 3816 τε-

1856 3835 2017 3908 λετὴν
2088 3838 2498 3909 (initiationem)
2528 3845 2725 3898 dixerit
2764 3847 2832 3901 ab
2883 3863 2948 3902 eo
3002 3848 3200 3904 factam
3249 3853 3443 3920 fuisse,

1857 3947 1984 3984 cum
2013 3947 2110 3986 eos
2142 3949 2299 3987 sacra
2324 3934 2547 4001 docuit;
2575 3941 2730 4006 cujus
2759 3939 3080 3997 initiationis
3110 3959 3213 4013 ope
3242 3961 3446 4001 sermo-

1856 4037 1955 4077 nes
2005 4022 2136 4078 editi
2183 4034 2312 4079 sunt
2350 4042 2414 4082 ea
2467 4028 2667 4085 virtute
2711 4032 2958 4100 praediti,
2997 4043 3055 4088 ut
3101 4039 3442 4107 evangelium

157 4122 271 4192 ψας
309 4139 375 4192 με
411 4120 614 4193 ἐλκύσῃ
636 4122 858 4176 αὐτόν.)
886 4122 984 4176 Διὰ
1011 4123 1168 4177 τοῦτο
1199 4124 1255 4178 δὲ
1284 4126 1379 4179 xai.
1409 4130 1438 4181 6
1464 4127 1620 4196 λόγος
1642 4128 1752 4183 τῶν

1867 4112 1982 4170 Iesu
2017 4131 2115 4186 per
2143 4118 2458 4174 universum
2491 4123 2677 4177 orbem
2729 4123 2892 4180 luerit
2927 4129 3356 4199 promulgatum,
3389 4142 3447 4189 ex

159 4213 348 4285 χάριτι
364 4210 501 4266 Θεοῦ
529 4211 938 4278 πρεσδευόντων
968 4212 1027 4267 τὸ
1061 4213 1413 4283 Εὑαγγέλιον,
1444 4215 1614 4270 καὶτὸ
1647 4219 1749 4288 κή-

161 4323 352 4379 ρυγμα
407 4306 608 4371 αὐτῶν,
672 4326 690 4358 ι
717 4307 817 4359 οὐκ
867 4309 924 4360 ὲν
982 4307 1159 4360 πειθοῖ
1204 4309 1395 4378 σοφίας
1444 4309 1634 4378 γέγονε
1663 4309 1751 4364 λό-

1854 4221 1951 4276 per
1982 4207 2223 4263 divinam
2255 4207 2621 4267 initiationem
2657 4229 2875 4269 omnem
2919 4217 3158 4280 animam
3191 4235 3440 4292 compre-

1854 4299 2137 4366 henderit,
2189 4318 2352 4372 quam
2401 4301 2563 4359 Pater
2613 4306 2778 4362 trahit
2826 4307 2891 4362 ad
2919 4307 3152 4377 Filium,
3191 4312 3346 4382 juxta
3384 4316 3436 4371 id

155 4399 432 4468 γωνίὲθ),
463 4399 579 4453 ἀλλ’
619 4401 677 4450 ὲν
725 4399 996 4463 ἀποδείξει
1048 4398 1356 4471 πνεύματος
1407 4400 1742 4472 δυνάμεως,ι

1867 4394 1997 4462 ιιιοι]
2041 4411 2071 4449 a
2107 4396 2396 4451 Servatore
2443 4399 2707 4469 scriptum
2738 4412 2863 4456 est:
2901 4421 2919 4454 ι
2959 4403 3150 4461 Nullus
3181 4408 3328 4462 venit
3373 4411 3440 4464 ad

154 4484 931 4560 οἷςὲτελέσθησχνοίλόγοιτοῦ
1007 4487 1183 4559 Ἰησοῦ
1235 4488 1334 4560 τῆς
1380 4489 1744 4554 διδασκαλίας.

160 4584 270 4636 Καὶ
298 4585 364 4637 σὺ
402 4583 500 4655 μὲν
552 4578 645 4636 οὖν
697 4582 959 4653 τηρήσεις
995 4581 1184 4645 ὁσάκις
1227 4581 1441 4653 εἴρηται
1464 4584 1541 4648 τὸ,
1585 4602 1602 4633 ι
1629 4583 1747 4636 ἐτέ-

157 4674 338 4738 λεσε,›
371 4675 466 4728 καὶ
496 4675 588 4728 ἐπὶ
618 4674 745 4726 τίσι·
779 4672 923 4744 λήψῃ
957 4673 1014 4726 δὲ
1041 4673 1390 4745 παράδειγμα
1419 4676 1480 4728 τὸ
1518 4677 1612 4728 ἐπὶ
1636 4679 1748 4741 τοῖς

160 4771 552 4838 μακαρισμοῖς,
578 4767 672 4821 καὶ
698 4767 793 4840 ὅλῃ
813 4768 879 4837 τῇ
900 4764 1218 4839 διδασκαλίᾳ
1238 4766 1582 4838 λελεγμένοις
1611 4769 1746 4840 (50),

155 4855 235 4925 οἷς
279 4861 624 4934 ἐπιφέρεται·
668 4861 820 4914 «Καὶ
869 4859 1085 4929 ἐγένετο
1124 4861 1214 4914 ὅτε
1259 4861 1506 4914 ἐτέλεσεν
1567 4865 1595 4916 6
1641 4864 1748 4934 Ἰη-

1857 4502 1973 4554 tne,
2020 4487 2124 4544 nisi
2159 4487 2322 4543 Pater
2360 4491 2452 4560 qui
2482 4491 2632 4547 misit
2665 4509 2749 4548 me
2770 4535 2785 4558 ,
2816 4496 3040 4551 traxerit
3071 4514 3196 4553 cum
3219 4500 3267 4531 ⁸⁸
3290 4543 3304 4568 ,
3341 4520 3359 4552 ι
3391 4513 3444 4558 ct

1855 4581 2059 4637 idcirco
2087 4597 2276 4638 eorum
2309 4598 2493 4640 sermo
2543 4587 2636 4656 qui
2687 4589 2752 4643 ad
2786 4591 3243 4660 promulgandum
3276 4610 3444 4650 evan-

1855 4678 2056 4746 gelium
2105 4675 2201 4732 Dei
2245 4677 2418 4747 gratia
2446 4678 2606 4750 legati
2639 4688 2800 4746 sunt,
2850 4692 2904 4737 et
2935 4685 3249 4754 praedicatio
3279 4705 3298 4738 ι
3332 4703 3441 4743 ιιοιι

1854 4771 1908 4825 in
1961 4771 2414 4841 persuasibilibus
2467 4773 2748 4843 sapientiae
2783 4777 2995 4845 verbis,
3038 4780 3130 4834 sed
3169 4781 3224 4835 in
3259 4791 3442 4836 osteua

1853 4863 2010 4919 sione
2057 4864 2286 4933 spiritus
2313 4875 2368 4920 et
2398 4865 2616 4922 virtutis
2637 4868 2682 4900 "
2702 4910 2718 4936 ,
2755 4888 2772 4919 ι
2822 4871 2889 4924 ad
2920 4886 3014 4926 eos
3039 4873 3180 4926 facta
3207 4882 3324 4940 est,
3372 4874 3441 4928 ad

1363 4973 1596 5031 VETUS
1635 4973 2216 5030 lNTERPRETATlO.

155 5076 280 5146 quia
319 5080 476 5145 pejus
509 5091 633 5130 eum
664 5083 978 5146 oportuerat
1003 5071 1134 5146 pati,
1165 5079 1384 5146 propter
1413 5072 1676 5146 malit.am
1711 5088 1866 5146 suam
1895 5071 2150 5146 traditum
2179 5073 2504 5139 tortoribus,
2531 5074 2704 5130 donec
2730 5074 2974 5130 redderet
3008 5091 3169 5131 omne
3195 5075 3439 5131 debitum

158 5158 337 5201 tortus
365 5148 438 5200 ab
466 5148 565 5202 eis.

605 5143 716 5214 Qui
738 5155 920 5200 autem
953 5153 1086 5200 sunt
1117 5144 1208 5199 isti
1241 5152 1501 5205 tortores,
1526 5143 1620 5212 qui
1653 5143 1935 5198 constituti
1971 5153 2100 5198 sunt
2127 5159 2292 5214 super
2324 5146 2554 5216 ptenas?

221 5266 268 5335 ξ’
301 5265 494 5321 Matth.
528 5282 641 5327 xu,
674 5266 722 5319 i.
802 5264 848 5297 ⁸³
880 5263 1012 5318 ibid.
1034 5263 1109 5335 _l.
1184 5261 1232 5293 ”
1261 5259 1450 5315 Matth.
1501 5277 1552 5327 ν,
1621 5261 1711 5316 55-

1869 5260 2038 5317 .‘larc.
2082 5265 2297 5335 xiv,49.
2372 5259 2408 5293 “
2439 5262 2574 5322 Luc.
2629 5280 2744 5324 xxi.
2787 5261 2878 5316 22.
2957 5263 3002 5294 ⁵⁷
3040 5261 3214 5318 lCor.
3245 5278 3306 5331 ιι,
3346 5263 3436 5319 l3.

156 5333 385 5391 “Joan.
424 5353 500 5402 vt,
536 5336 676 5392 44."
715 5337 736 5390 Ι
784 5335 993 5400 Cor.n,
1019 5332 1075 5387 4.

243 5451 340 5514 26)
371 5451 630 5517 Μόνους.
655 5451 797 5521 Lege
827 5449 1004 5521 μόνος.

241 5523 337 5593 27)
371 5522 553 5577 Codex
583 5519 801 5593 Regius,
830 5519 1182 5593 συνεξετάςη.

244 5591 338 5662 ‘28)
377 5591 736 5663 Εἰρημένων.
772 5591 914 5663 Lege
938 5591 1245 5663 εἰρημένον.

374 5660 496 5718 Οὔκ
649 5660 1111 5746 πειροζσοςὸίας
1145 5660 1365 5746 ferare.
1408 5661 1624 5746 ,βόγωιῼ
1663 5660 1741 5746 ita

156 5731 327 5792 306d.
351 5737 412 5789 Ιι.
451 5746 504 5789 et
535 5734 706 5812 11.,‘at
801 5733 1022 5812 Clin-ll,
1062 5732 1238 5812 4,_sic_
1280 5731 1506 5812 habetur
1543 5731 1690 5812 ξιξαὶ
1714 5733 1742 5783 6

155 5803 306 5877 λόγος
329 5824 453 5879 μου,
483 5808 576 5860 καὶ
597 5805 658 5859 τὸ
689 5804 950 5878 κήρυγμά
975 5821 1076 5875 μου
1098 5803 1197 5856 οὐκ
1223 5805 1280 5856 ὲν
1304 5801 1509 5866 πειοοῖς
1538 5800 1744 5872 ἀνθρω-

1849 5446 1942 5499 πίν
1985 5465 2012 5511 ς
2049 5447 2239 5516 σοφίας
2259 5446 2458 5516 λόγοις,
2492 5447 2608 5500 ἀλλ’
2637 5449 2694 5500 ὲν
2727 5445 2996 5511 ἀποδείξει
3017 5446 3324 5518 πνεύματος
3344 5445 3442 5504 καὶ

1852 5464 2155 5571 δυνάμεως.
2184 5517 2449 5571 "uenus.

1989 5535 2029 5588 μ

1852 5517 2155 5582 δυνάμεως.
2184 5517 2449 5573 "uenus.

1925 5587 2032 5658 (ὅθ)
2078 5589 2186 5642 Καὶ
2214 5588 2329 5656 ὅλῃ
2363 5587 2437 5657 τῇ
2474 5587 2838 5654 διδασκαλίᾳ
2882 5588 3286 5658 λελεγμένοις.
3338 5589 3443 5644 Co-

1850 5659 1950 5713 dex
1988 5658 2189 5740 Regius
2219 5661 2297 5728 τῷ
2543 5658 2884 5740 διδασκαλία,
2912 5659 3277 5740 λελεγμένοις,
3307 5674 3436 5729 per—

1851 5717 2233 5803 pet‘atnf'lc-ge,
2261 5717 2494 5801 καδδλῇ
2511 5732 2572 5801 τῇ
2607 5717 2922 5802 διδασκαλίᾳ
2948 5717 3290 5802 λελεγμένον.
