3954 6528
576 369 732 451 ’ίεεδ

2055 382 2375 439 ORIGENIS

3667 370 3769 430 Hii

585 529 730 585 quos
761 524 1044 568 sermones
1067 507 1330 565 doctrinae
1353 505 1479 564 Iesu
1511 509 1876 565 consummati
1909 515 2056 563 sunt.
2083 504 2164 560 Tu

2275 503 2398 566 σούς
2427 499 2553 566 τοὺς
2588 495 2779 567 λόγους
2832 495 3077 560 τούτους,
3114 493 3507 565 ἐξεπλήσσοντο
3553 491 3718 556 πάντες
3741 503 3783 550 οι

586 622 719 664 vero
746 606 1060 661 observabis
1084 607 1320 676 quoties,
1353 612 1408 658 et
1433 605 1634 674 quibus
1663 605 1827 659 rebus
1853 602 2162 672 significan-

587 700 674 755 dis
705 714 806 754 vox
836 698 945 761 illa,
979 717 996 749 ι
1035 700 1458 764 consummavit,
1497 718 1515 749 ι
1553 696 1792 751 adhibita
1822 705 1924 751 est.
1969 694 2163 748 Exemo

587 790 737 860 plum
777 804 905 843 vero
931 803 997 842 ex
1026 802 1091 842 eo
1121 786 1395 860 Evangelii
1438 791 1556 844 loco
1585 799 1758 859 petes,
1805 786 1893 841 ubi
1937 785 2161 855 quinam

590 881 699 936 sint
722 881 864 936 beati
896 882 1151 939 Christus
1181 882 1376 953 aperit,
1415 882 1589 950 iisque
1611 879 1874 934 doctrinm
1897 891 2009 931 sua:
2032 889 2168 944 prae-

571 984 745 1045 cepta
776 976 968 1043 tradit;
1002 977 1088 1030 cui
1119 976 1466 1046 subiungitur
1497 994 1509 1028 :
1545 994 1563 1024 ε
1604 973 1668 1028 Ει
1692 972 1892 1028 factum
1919 982 2002 1026 est
2040 985 2162 1024 cum

588 1079 1027 1125 consummasset
1081 1068 1240 1124 Jesus
1312 1070 1476 1124 verba
1531 1068 1684 1132 haec,
1757 1063 2169 1120 admirabantur

590 1163 764 1217 turbae
795 1178 960 1232 super
1003 1163 1254 1216 doctrina
1286 1163 1404 1232 ejus
1431 1163 1497 1215 σο.
1533 1180 1551 1213 ι
1605 1159 1776 1214 Caute
1802 1172 1930 1210 vero
1957 1165 2012 1210 et
2042 1169 2170 1224 pru-

2265 596 2412 667 ὄχλοι
2440 594 2532 647 ἐπὶ
2578 595 2644 663 τῇ
2673 591 2862 661 διδαχῇ
2920 588 3138 643 αὐτοῦ’»
3176 587 3505 658 ἀναφέρεται
3531 586 3582 640 δὲ
3615 589 3692 640 καὶ
3711 587 3778 642 νῦν

2267 689 2346 742 τό’
2369 707 2386 739 ι
2427 686 2703 741 Ἐτέλεσεν
2723 683 2752 735 6
2785 681 2991 754 Ἰησοῦς
3006 683 3132 744 τοὺς
3160 679 3349 749 λόγους
3374 681 3628 744 τούτους.»
3657 699 3779 752 προσ-

2272 781 2413 853 εχῶς
2469 779 2567 851 μὲν
2601 777 2695 830 ἐπὶ
2739 775 2839 846 τὴν
2895 773 3312 846 μυστικωτάτην
3367 773 3670 846 παραϐολὴν,
3695 774 3778 828 καθ’

2270 874 2336 944 ἣν
2378 891 2395 922 ‹
2436 865 2694 941 ὡμοιώθη
2724 868 2756 938 ἡ
2788 865 3033 936 βασιλεία
3059 864 3168 918 τῶν
3197 864 3444 937 οὐρανῶν
3471 865 3705 935 ἀνθρώπῳ
3717 865 3780 935 βα-

2275 965 2429 1028 σιλεῖ,
2463 965 2612 1026 ὅστις
2645 960 2877 1030 ἠθέλησε
2905 960 3133 1030 συνᾶραι
3163 959 3318 1028 λόγον
3355 957 3493 1029 μετὰ
3515 957 3610 1010 τῶν
3637 958 3780 1012 δούλων

2275 1054 2462 1120 αὑτοῦ,
2488 1075 2506 1106 ›
2544 1053 2625 1106 ἔτι
2657 1052 2714 1106 δὲ
2740 1051 2943 1124 ταύτης
2994 1051 3269 1123 ἀνωτέρω,
3311 1053 3394 1114 εἰς
3444 1049 3510 1103 τὰ
3547 1051 3638 1121 πρὸ
3664 1052 3780 1121 αὐτῆς

2275 1146 2762 1219 ἀναγεγραμμένα.

592 1257 782 1313 denter
832 1258 1063 1314 refertur
1108 1258 1285 1313 illud:
1338 1278 1356 1310 c
1395 1254 1807 1313 Consummavit
1848 1252 2010 1308 Jesus
2057 1262 2336 1307 sermones
2387 1245 2551 1310 istos,
2588 1264 2609 1294 ι
2662 1242 2729 1296 ad
2775 1239 3147 1295 obscuriorem
3193 1247 3247 1294 et
3304 1239 3481 1310 magis
3521 1238 3778 1294 reconditam

591 1351 930 1422 parabolam,
961 1367 1068 1421 qua
1105 1369 1124 1402 α
1155 1350 1517 1406 assimilatum
1547 1357 1632 1405 est
1675 1361 1902 1417 regnum
1931 1344 2194 1400 caelorum
2234 1338 2444 1394 homini
2495 1335 2632 1407 regi,
2665 1333 2757 1406 qui
2796 1333 2965 1388 voluit
3015 1334 3280 1389 rationem
3320 1348 3519 1404 ponere
3545 1332 3777 1406 636cm

592 1446 766 1502 servis
799 1447 915 1501 suis
945 1447 1024 1513 ⁶¹;
1061 1464 1080 1499 ι
1116 1454 1376 1516 praeterea
1411 1461 1541 1500 vero
1575 1453 1630 1500 et
1671 1444 1737 1498 ad
1783 1458 1846 1498 ea
1878 1456 2000 1512 qua:
2043 1446 2170 1494 ante
2205 1436 2352 1492 illam
2382 1433 2585 1502 scripta
2624 1438 2773 1495 sunt,
2809 1427 3062 1483 refertur.

663 1538 750 1593 15.
790 1537 1059 1595 Caeterum
1106 1558 1124 1591 ι
1160 1555 1284 1594 cum
1315 1546 1750 1594 consummasset
1775 1537 1934 1592 Jesus
1967 1547 2170 1590 sermo-

2347 1525 2494 1596 Πλὴν
2519 1544 2538 1576 ι
2557 1525 2646 1578 ὅτε
2667 1523 2911 1577 ἐτέλεσεν
2935 1523 2963 1575 6
2998 1519 3204 1592 Ἰησοῦς
3218 1519 3346 1584 τοὺς
3362 1519 3551 1588 λόγους
3573 1517 3778 1583 τούτους.»

595 1649 692 1686 nes
722 1633 856 1687 istos
885 1633 951 1699 ",
989 1652 1008 1685 ι
1063 1649 1202 1704 quos
1231 1633 1284 1687 in
1315 1630 1535 1686 Galilaea
1587 1629 1732 1686 circa
1783 1628 2169 1699 Capharnaum

2275 1619 2511 1691 λαλήσας
2562 1617 2761 1682 αὐτοὺς
2789 1619 2846 1670 ἐν
2888 1619 2954 1686 τῇ
3006 1614 3266 1686 Γαλιλαίᾳ
3298 1614 3431 1685 περὶ
3479 1612 3571 1683 τὴν
3621 1615 3782 1684 Καφαρ-

592 1726 928 1793 protulerat,
979 1736 1108 1781 tunc
1135 1726 1259 1780 inde
1296 1724 1581 1794 migravit,
1616 1731 1670 1778 et
1701 1722 1849 1778 venit
1893 1720 1948 1775 in
1975 1718 2175 1774 Judaeze

593 1820 749 1884 fines,
790 1820 881 1890 qui
913 1819 1005 1873 alii
1053 1828 1211 1874 erant
1259 1835 1323 1876 ac
1374 1819 1489 1889 ipsa
1517 1817 1736 1872 Galilzea
1772 1836 1785 1871 :
1819 1815 1966 1871 venit
1991 1823 2173 1868 autem

594 1912 660 1966 ad
691 1909 891 1966 Judaea:
922 1913 1088 1976 fines,
1131 1927 1239 1966 non
1295 1912 1351 1966 in
1393 1911 1625 1966 mediam
1669 1910 1840 1980 ipsam
1872 1906 2172 1978 regionem,

594 2005 686 2059 sed
710 2005 866 2074 quasi
891 2005 1214 2059 adextrema
1241 2003 1423 2058 illius:
1470 2004 1597 2058 illuc
1634 2023 1650 2054 ι
1674 2010 1874 2058 secutae
1903 2009 2171 2054 suntcum

594 2097 774 2156 turba
803 2097 984 2152 multa:
1024 2098 1102 2162 “,
1155 2118 1172 2150 ›
1220 2115 1358 2170 quas
1388 2098 1440 2152 in
1475 2097 1674 2151 finibus
1706 2093 1905 2149 Judzeze
1941 2090 2171 2156 sanavit,

599 2190 740 2244 ultra
770 2187 1060 2244 Iordanem
1089 2189 1142 2242 in
1177 2205 1286 2259 quo
1310 2190 1614 2260 baptismus
1637 2185 2043 2242 conferebatur.
2075 2180 2175 2236 No-

596 2283 738 2338 tabis
767 2297 895 2337 vero
925 2281 1217 2338 discrimen
1247 2283 1391 2352 quod
1423 2281 1610 2336 turbas
1639 2280 1778 2333 inter
1806 2292 1928 2348 qua:
1959 2275 2172 2346 simpli-

595 2373 731 2429 citer
776 2383 977 2428 secutae
1016 2383 1169 2438 sunt,
1201 2382 1255 2427 et
1291 2373 1509 2428 Petrum
1557 2369 1876 2433 intercedit,
1928 2367 2174 2435 aliosque

563 2486 565 2488 ·
596 2466 692 2536 qui
735 2466 993 2522 omnibus
1031 2467 1236 2521 relictis
1262 2464 1434 2521 secuti
1477 2471 1626 2530 sunt,
1655 2472 1708 2517 et
1735 2460 2045 2516 Matthzeum
2079 2457 2172 2528 qni

603 2574 622 2608 ‹
661 2570 892 2627 surgens
921 2566 1142 2612 secutus
1173 2564 1258 2610 est
1283 2554 1357 2620 “;
1395 2574 1412 2604 ι
1450 2569 1558 2608 non
1604 2551 1924 2622 simpliciter
1951 2546 2171 2618 quidem

595 2656 816 2702 secutus
846 2655 951 2714 est,
984 2647 1077 2702 sed
1104 2655 1392 2718 postquam
1427 2644 1664 2700 surrexit
1703 2662 1714 2698 :
1753 2657 2009 2713 magnum
2041 2639 2173 2694 illud

597 2749 679 2796 est
723 2739 1189 2806 additamentum;
1242 2746 1530 2808 postquam
1582 2736 1839 2791 surrexit.
1916 2731 2173 2788 Nonnulli

593 2841 742 2888 certe
785 2841 947 2899 sunt,
996 2833 1088 2902 qui
1135 2846 1349 2901 semper
1381 2831 1736 2899 plurimarum
1771 2828 2054 2883 turbarum
2087 2825 2174 2881 in-

593 2933 710 2980 star
739 2934 1042 2996 sequuntur
1063 2929 1210 2992 ,‘nee
1254 2933 1434 2978 tamen
1469 2929 1962 2984 consurrexerunt,
2007 2929 2065 2974 ut
2088 2934 2174 2974 88·

2277 1713 2471 1781 ναοὺμ,
2502 1710 2624 1764 τότε
2684 1709 2920 1781 μετῆρεν
2953 1710 3185 1771 ἐκεῖθεν,
3225 1707 3323 1760 καὶ
3361 1702 3524 1778 ἦλθεν
3561 1707 3629 1770 εἰς
3648 1705 3700 1756 τὰ
3717 1705 3784 1774 τῆς

2288 1802 2542 1865 Ἰουδαίας
2574 1802 2716 1873 ὅρια,
2778 1801 2941 1872 ἕτερα
2994 1800 3333 1870 τυγχάνοντα
3367 1797 3516 1869 παρὰ
3555 1797 3638 1868 τὴν
3671 1795 3782 1848 Γαλι-

2274 1895 2452 1951 λαίαν.
2475 1892 2644 1949 τΗλθε
2671 1894 2728 1948 δὲ
2780 1894 2874 1946 ἐπὶ
2923 1892 2994 1946 τὰ
3031 1893 3155 1964 ὅρια
3184 1891 3284 1963 τῆς
3331 1890 3596 1952 Ἰουδαίας,
3621 1889 3694 1940 καὶ
3718 1888 3783 1940 οὐκ

2274 1990 2366 2042 ἐπὶ⁸
2388 1988 2456 2042 τὰ
2490 1988 2650 2059 μέσα,
2687 1986 2802 2040 ἀλλ’
2835 1985 3001 2039 οἱονεὶ
3032 1984 3102 2038 τὰ
3129 1984 3298 2055 ἄκρα·
3328 1982 3456 2037 ἔνθα
3487 1982 3782 2052 ἠκολούθησαν

2273 2080 2422 2151 αὐτῷ
2451 2080 2596 2151 ὄχλοι
2622 2078 2825 2141 πολλοὶ,
2861 2077 2957 2142 οὓς
2982 2077 3322 2149 ἐθεράπευσε
3355 2076 3504 2147 παρὰ
3546 2078 3642 2138 τοῖς
3667 2073 3782 2144 ὁρίοις

2273 2175 2371 2245 τῆς
2409 2173 2688 2236 Ἰουδαίας,
2725 2170 2902 2242 πέραν
2945 2169 3039 2223 τοῦ
3115 2169 3424 2242 Ἰορδάνου,
3477 2168 3594 2223 ἔνθα
3627 2168 3676 2221 τὸ
3718 2167 3783 2237 βά·

2274 2283 2486 2336 πτισμα
2534 2265 2754 2319 ἐδίδοτο.
2785 2264 3058 2336 Τηρήσεις
3091 2263 3147 2316 δὲ
3178 2264 3442 2335 διαφορὰν
3479 2263 3632 2333 δχλων
3651 2260 3786 2323 ἀπῶς

2273 2358 2778 2428 ἀκολουθησάντων,
2813 2357 2908 2410 καὶ
2938 2356 3169 2429 Πέτρου.
3201 2357 3299 2410 καὶ
3338 2357 3445 2411 τῶν
3474 2357 3630 2411 ἄλλων
3671 2356 3786 2425 age.

2273 2469 2381 2505 των
2414 2452 2590 2504 πάντα
2616 2453 2710 2506 καὶ
2744 2451 3243 2522 ἀκολουθησάντων,
3299 2453 3398 2506 καὶ
3453 2451 3712 2512 Ματθαίου,
3748 2449 3787 2510 ὂς

2279 2563 2298 2595 ι
2338 2545 2578 2607 ἀναστὰς
2599 2544 2969 2616 ἠκολούθησεν
2995 2543 3161 2614 αὐτῷ’
3178 2563 3195 2595 ι
3226 2546 3332 2616 οὐχ
3361 2544 3540 2608 άπλιῖλς
3559 2541 3787 2612 ἠκολούθη-

2275 2623 2389 2702 σεν,
2404 2637 2518 2692 ἀλλ’
2539 2636 2827 2703 ἀναστάς.
2856 2637 3083 2708 Μεγάλη
3100 2639 3131 2709 ὴ
3153 2638 3444 2709 προσθήκη
3461 2639 3535 2702 τὸ,
3555 2632 3785 2700 ἀναστάς.

2272 2732 2424 2785 Εἰσὶν
2453 2727 2547 2785 οὖν
2574 2731 2662 2785 ἀεὶ
2688 2731 2738 2783 οἱ
2774 2730 2872 2802 μὲν
2899 2730 2974 2794 ὡς
2996 2731 3141 2802 ὄχλοι
3195 2731 3388 2785 πολλοὶ
3418 2727 3783 2790 ἀκολουθοῦντες,

2277 2822 2415 2894 μήτε
2437 2821 2786 2888 ἀναστάντες,
2821 2822 2908 2874 ἵνα
2949 2822 3379 2895 ἀκολουθήσωσι,
3445 2824 3570 2893 μήτε
3611 2819 3785 2888 ἀφέντες

2273 2915 2451 2970 πάντα
2475 2915 2544 2969 τὰ
2599 2915 2860 2986 πρότερα·
2896 2914 3065 2984 ὀλίγοι
3119 2915 3175 2969 δὲ
3223 2918 3273 2969 οἱ
3308 2915 3620 2976 ἀναστάντες
3653 2911 3726 2965 καὶ
3749 2910 3784 2961 oi

593 3027 912 3087 querentur,
948 3033 1047 3074 nec
1077 3018 1262 3073 omnia
1293 3017 1446 3088 prius
1472 3017 1538 3071 ad
1571 3031 1628 3072 se
1651 3014 1978 3086 pertinentia
2009 3011 2169 3069 dimi-

2275 3009 2759 3080 ἀκολουθήσαντες,
2791 3009 2840 3062 οἳ
2868 3011 2964 3063 καὶ
2992 3008 3348 3065 καθεδοῦνται
3379 3009 3426 3063 οἱ
3447 3010 3501 3062 ἐν
3524 3011 3582 3079 τῇ
3605 3005 3692 3077 (51)
3713 3020 3787 3057 πσ-

591 3118 815 3178 σενυηι;
847 3111 940 3180 qui
968 3125 1098 3164 vero
1125 3119 1413 3180 postquam
1441 3116 1799 3164 surrexerunt
1817 3147 1832 3174 ,
1891 3105 2170 3162 subsecuti

2277 3102 2589 3174 λιγγενεσίᾳ
2623 3103 2716 3156 ἐπὶ
2741 3102 2808 3156 ιϐ’
2838 3103 3082 3176 θρόνους.
3114 3102 3262 3175 Πλὴν
3307 3105 3357 3158 εἰ
3389 3101 3617 3175 βούλεταί
3634 3116 3701 3164 τις
3726 3095 3787 3149 Ob
3880 3133 3881 3194 γ

595 3204 729 3269 sint,
779 3203 978 3272 Oppido
1023 3203 1182 3272 pauci
1210 3211 1368 3268 sunt;
1395 3211 1451 3256 et
1495 3201 1583 3256 isti
1611 3199 1830 3270 quidem
1867 3198 1921 3253 in
1954 3213 2169 3270 regene-

2281 3195 2644 3270 ραπευθῆναι,
2675 3195 3096 3268 ἁκολουθησάτω
3128 3195 3207 3268 τῷ
3241 3195 3439 3269 Ἰησοῦ.

598 3295 809 3349 ratione
835 3309 999 3364 super
1020 3294 1307 3350 duodecim
1334 3295 1564 3349 thronos
1599 3292 1868 3348 sedebunt
1889 3291 1956 3346 ⁸⁸.
2007 3290 2179 3346 Porro

598 3386 645 3441 si
673 3387 798 3456 quis
829 3386 1012 3441 sanari
1039 3387 1174 3451 vult,
1204 3385 1389 3442 Jesum
1423 3393 1705 3456 sequatur.

598 3497 676 3552 De
705 3497 994 3555 Pbariueis
1039 3509 1088 3555 et
1116 3500 1313 3556 Scribis
1339 3498 1521 3554 Iesum
1564 3497 1887 3554 tentantibus
1919 3511 1937 3551 :
1982 3513 2050 3551 an
2079 3497 2174 3550 ho-

668 3573 800 3693 zrini
832 3569 988 3624 liceat
1015 3572 1244 3643 qualibet
1269 3588 1335 3626 ex
1365 3588 1526 3625 causa
1569 3587 1785 3625 uxorem
1826 3585 1977 3624 suam
2015 3584 2169 3638 repu-

709 3657 840 3696 mre.

672 3801 758 3856 16.
789 3799 1062 3872 Scriptum
1095 3812 1178 3858 est
1200 3803 1394 3858 deinde
1438 3801 1738 3858 accessisse
1773 3800 1841 3856 ad
1871 3816 1995 3856 eum
2028 3799 2173 3856 Pha-

596 3894 803 3960 risaeos,
851 3903 1122 3951 tentantes
1155 3910 1310 3962 eum,
1355 3905 1409 3950 et
1446 3895 1728 3950 dicentes:
1763 3912 1783 3946 ‹
1814 3891 1871 3948 Si
1915 3893 2042 3948 licet
2075 3893 2171 3948 ho-

597 3987 728 4042 mini
761 3987 1035 4043 dimittere
1084 4003 1311 4043 uxorem
1361 4003 1518 4043 suam
1577 4001 1905 4057 quacunque
1945 4001 2012 4041 ex
2043 4001 2174 4040 cau-

595 4095 657 4135 sa
687 4079 812 4134 ⁸⁸2»
873 4079 1062 4138 Simile
1097 4069 1311 4153 quoque
1352 4081 1576 4154 scripsit
1618 4079 1836 4137 Marcus
1866 4081 1931 4134 ⁸⁷.
1983 4079 2060 4135 Ex
2106 4079 2175 4135 iis

2297 3494 2447 3570 Hspl
2475 3493 2597 3548 τῶν
2635 3494 3190 3570 πειραζόντων-βε)
3233 3497 3499 3570 Ἰησοῦν,
3523 3491 3786 3570 “prmio!

2356 3566 2455 3656 ’f‘i’.
2471 3567 2890 3656 Γρίξμματέφνε
2939 3570 2991 3622 εί
3023 3564 3266 3656 ἕξεσὲιν
3307 3564 3786 3656 eripe-refrt?

2352 3652 2459 3758 alat
2516 3630 2648 3706 ’τῆνῖ
2705 3636 2960 3709 γυναῖκα
3027 3630 3216 3696 αὐτοῦ
3284 3630 3446 3694 κατᾶ
3509 3636 3688 3693 πᾶσαν
3724 3630 3787 3682 αι’

2350 3723 2383 3759 τ
2409 3723 2504 3760 αν.

2352 3801 2508 3856 Μετὰ
2555 3801 2715 3855 τοῦτο
2766 3801 3100 3876 γέγραπται,
3154 3802 3236 3856 ὅτι
3289 3801 3583 3874 προσῆλθον
3611 3797 3728 3868 αὐτῷ
3751 3796 3785 3847 οἱ

2280 3895 2560 3966 Φαρισαῖοι
2583 3894 2932 3966 πειράζοντες
2957 3895 3118 3950 αὑτὸν
3142 3897 3235 3950 καὶ
3259 3896 3614 3966 λέγοντες·‹Εί
3635 3893 3784 3956 ἔξεστιν

2279 3987 2563 4059 ἄνθρωπον
2595 3985 2861 4041 ἀπολῦσαι
2889 3989 2987 4059 τὴν
3017 3992 3248 4057 γυναῖκα
3278 3990 3443 4043 αὑτοῦ
3495 3987 3617 4042 κατὰ
3655 3985 3785 4036 πᾶσαν

2281 4079 2491 4144 αἰτίαν;
2524 4099 2542 4130 ›
2573 4079 2648 4132 Τὸ
2707 4079 3058 4152 ίσυδυναμοῦν
3094 4081 3369 4157 ἀνέγραψε
3413 4083 3502 4136 καὶ
3538 4081 3563 4133 6
3599 4078 3781 4147 Μάρκῑςο

1792 4231 2026 4290 VETUS
2059 4231 2649 4290 INTERPRETATIO.

671 4373 758 4428 l5.
807 4392 826 4426 ι
855 4372 921 4428 Ει
951 4371 1151 4428 factum
1179 4381 1264 4429 est
1289 4389 1414 4429 cum
1447 4380 1888 4428 consummasset
1912 4369 2074 4428 Jesus
2103 4386 2386 4428 sermones
2419 4371 2588 4442 istos,
2634 4371 2853 4428 transiit
2891 4373 3040 4442 inde,
3073 4383 3128 4430 et
3150 4375 3297 4431 venit
3329 4379 3385 4431 in
3413 4375 3540 4430 ﬁnes
3563 4369 3779 4428 Induit

592 4454 652 4500 et
679 4444 905 4512 reliqua.
940 4443 1057 4516 Non
1087 4444 1152 4498 ad
1181 4444 1412 4516 mediam
1438 4442 1704 4508 Iudaeam,
1747 4444 1842 4516 sed
1867 4445 1940 4516 ad
1965 4442 2110 4516 fines
2148 4442 2250 4516 ubi
2281 4451 2402 4516 erat
2425 4441 2679 4516 Jordanis
2706 4443 2954 4516 dividens
2995 4441 3226 4516 :iusque
3264 4456 3414 4501 trans
3460 4445 3595 4500 illmn
3624 4444 3783 4516 seculi!

597 4509 872 4587 suntcum
907 4515 1078 4587 turbae
1107 4515 1319 4587 multa},
1343 4523 1569 4587 quoset
1606 4514 1820 4587 sanavit
1864 4514 1922 4587 in
1963 4513 2098 4584 ipsis
2139 4513 2340 4587 finibus
2365 4511 2565 4587 Judaéze
2606 4511 3106 4587 trans_J_ordanem,
3137 4509 3240 4587 ubi
3270 4517 3583 4587 baptismum
3609 4509 3782 4587 dabatur

599 4584 931 4655 hominibus.
963 4584 1028 4638 Et
1052 4584 1279 4640 forsitan
1309 4581 1429 4639 ideo
1455 4585 1653 4640 dicitur
1684 4585 1750 4640 de
1785 4584 1960 4639 turbis
1982 4581 2358 4655 sequentibus
2391 4582 2679 4638 Dominum
2710 4584 2778 4639 ad
2805 4581 3134 4655 baptismum
3165 4581 3421 4643 Iordanis
3447 4607 3459 4640 :
3489 4604 3506 4637 ι
3539 4582 3596 4638 Et
3621 4581 3780 4655 sanati!

542 4699 550 4714 .
597 4654 819 4728 eosibi.
847 4655 1053 4728 {Vere
1091 4656 1236 4728 enim
1261 4669 1466 4728 omnes
1525 4657 1598 4728 ab
1642 4655 2051 4728 infirmitatibus
2083 4645 2223 4728 suis
2257 4654 2634 4728 spiritualibus
2685 4645 2965 4728 salvaniur
3008 4656 3064 4728 in
3106 4657 3396 4728 baptismo.
3449 4655 3545 4723 Qui
3573 4661 3716 4708 autem
3733 4645 3775 4722 in

595 4723 833 4797 J‘ordane
878 4723 1080 4780 fuerint
1127 4725 1406 4797 baptizati,
1445 4726 1538 4796 qui
1584 4735 1667 4782 est
1714 4727 1768 4780 in
1809 4725 2066 4797 mysterio
2096 4723 2302 4797 Christi
2342 4741 2408 4778 ex
2451 4726 2664 4797 duobus
2709 4724 2950 4782 fontibus
3002 4723 3193 4783 factus
3225 4728 3519 4782 divinitatis
3555 4734 3601 4778 rt
3625 4729 3774 4797 c_arn_15-

598 4795 898 4851 Considera
942 4806 1120 4850 autem
1167 4788 1524 4851 differentiam
1568 4788 1884 4860 turbarum;
1925 4805 1977 4849 et
2008 4794 2152 4850 Petri
2197 4795 2292 4865 qui
2335 4795 2520 4849 omnia
2570 4796 2882 4865 reliquerat,
2909 4805 2966 4851 et
3000 4808 3222 4854 secutus
3256 4797 3432 4853 fuerat
3461 4811 3592 4853 eum.
3636 4788 3778 4865 Tum?

593 4866 744 4922 enim
781 4881 888 4920 non
919 4867 1175 4937 dixerunt
1206 4867 1255 4920 ei
1285 4867 1431 4937 quod
1459 4868 1593 4923 dixit
1614 4866 1846 4922 Petrus:
1881 4884 1899 4916 ι
1934 4867 2070 4920 Ecce
2111 4861 2232 4937 nos;
2257 4865 2441 4919 omnia
2485 4861 2828 4936 reliquimus,
2859 4870 2913 4922 et
2940 4869 3110 4925 secuti
3153 4885 3346 4924 sumus
3398 4879 3464 4929 te.
3495 4865 3608 4936 quid
3639 4861 3776 4924 utique

589 4939 701 4993 erit
730 4937 930 4992 nobis?
956 4957 975 4991 ι
1021 4936 1088 4992 Et
1128 4937 1194 4992 de
1233 4933 1390 5007 turba
1429 4939 1647 5007 quidem
1680 4938 1940 5006 scriptum
1985 4945 2106 5007 est;
2143 4955 2160 4987 ι
2191 4933 2256 4989 Et
2283 4945 2483 4991 secuta:
2508 4933 2636 4992 sunt
2675 4951 2800 4991 euut
2842 4939 3016 4992 turbae
3045 4940 3245 4994 multa}.
3281 4959 3298 4990 ι
3352 4933 3775 5007 Matthieusaulcm

595 5010 807 5064 dicente
835 5007 1066 5064 Domino
1093 5007 1194 5063 sibi
1223 5025 1236 5060 :
1269 5027 1288 5059 ι
1323 5002 1559 5077 Sequere
1598 5024 1719 5070 me,
1746 5026 1762 5058 ι
1793 5002 1903 5060 non
1933 5006 2250 5077 simpliciter
2295 5016 2515 5077 secutus
2534 5015 2638 5068 est.
2671 5009 2786 5074 sed,
2839 5025 2858 5058 ι
2888 5024 3118 5077 surgens
3153 5019 3376 5066 secutus
3398 5019 3494 5065 est.
3527 5026 3542 5058 ι
3583 5002 3772 5077 Magum"

595 5081 740 5134 enim
783 5089 866 5134 est
904 5094 1146 5150 surgere,
1182 5086 1235 5133 et
1277 5079 1355 5134 sic
1397 5075 1551 5148 sequi
1582 5079 1884 5132 Christum.
1937 5075 2075 5146 Ergo
2124 5077 2281 5150 multi
2329 5076 2548 5146 quidem
2585 5092 2889 5150 sequuntur
2921 5075 3224 5143 Christum,
3255 5082 3397 5135 sicut
3443 5077 3596 5133 turba
3627 5075 3774 5150 secula}

592 5159 744 5212 sunt,
781 5159 959 5204 tamen
1001 5146 1107 5204 non
1145 5157 1428 5219 surgentes
1470 5146 1527 5203 ut
1566 5158 1888 5217 sequantur,
1918 5163 2094 5218 neque
2134 5148 2502 5216 relinquentes
2542 5149 2725 5201 omnia
2765 5164 2864 5204 sua
2905 5152 3145 5219 propria.
3183 5151 3350 5206 Pauci
3387 5157 3506 5204 sunt
3540 5154 3688 5199 autem
3708 5146 3772 5204 qu!

592 5229 878 5290 surgentes
909 5229 1232 5291 sequuntur,
1259 5230 1310 5274 et
1336 5221 1943 5291 omniarelinquentes.
2053 5287 2108 5291 __
2200 5287 2210 5291 _
2298 5287 2308 5291 _
3276 5289 3292 5291 _
3505 5287 3517 5291 Α
3621 5278 3678 5291 Η
3724 5271 3746 5291 η

665 5273 1382 5346 lii}accesseruntautem
1419 5291 1485 5343 ad
1511 5285 1696 5342 Jesutn
1715 5273 1931 5343 Scriba:
1975 5295 2026 5342 et
2053 5287 2313 5342 Pharisaei
2371 5296 2642 5343 tentantes
2681 5303 2830 5349 eum.
2867 5299 2922 5344 et
2947 5291 3191 5345 dicentes
3221 5312 3232 5346 :
3269 5289 3326 5345 Si
3360 5291 3480 5346 licet
3505 5278 3680 5341 homini
3710 5273 3772 5349 «Ιὶ-

594 5361 809 5415 mittere
849 5377 1076 5416 uxorem
1113 5376 1269 5416 suam
1302 5375 1629 5430 quacunque
1655 5375 1721 5414 ex
1759 5357 1963 5414 causa?
1993 5378 2012 5410 ι
2061 5357 2201 5430 Ergo
2233 5360 2607 5414 accedentium
2642 5369 2697 5414 et
2730 5361 3177 5430 interrogantiutn
3203 5361 3497 5424 Christum,
3537 5357 3774 5416 euelli"?

661 5521 706 5553 ‘°
738 5520 930 5576 Matth.
961 5539 1058 5588 vn,
1091 5523 1183 5578 28.
1260 5523 1301 5554 ⁶¹
1329 5521 1518 5578 Matth.
1552 5536 1708 5586 xvm,
1747 5520 1838 5591 25.
1943 5521 1988 5552 "
2019 5518 2211 5577 Matth.
2241 5537 2319 5587 ιι,
2347 5521 2371 5573 1
2401 5562 2416 5587 ,
2453 5529 2510 5578 et
2558 5536 2679 5586 xm,
2730 5521 2820 5577 55.
2897 5521 2943 5554 ⁸³
2971 5521 3164 5580 Matth.
3216 5524 3388 5591 1tx,2.
3460 5520 3504 5555 “
3527 5511 3770 5572 Hal-15""

595 5605 648 5662 θ.
728 5593 772 5624 ⁸⁸
797 5591 988 5647 Matth.
1014 5610 1130 5661 xu,
1165 5594 1256 5650 ‘28.
1339 5595 1382 5625 “
1415 5593 1618 5648 ibid.3.
1699 5593 1741 5624 ⁸⁷
1768 5590 1935 5646 Marc.
1979 5607 2035 5659 ι,
2074 5591 2132 5646 2.

2273 5736 2366 5809 sed
2399 5735 2734 5809 imperfecta,
2769 5747 2822 5794 et
2849 5752 2881 5792 e
2909 5736 3118 5804 codice,
3165 5747 3224 5792 ut
3253 5743 3486 5809 apparet,
3516 5704 3764 5809 lacereglff‘,‘

2271 5791 2517 5878 obsolet'o
2545 5791 2827 5873 detracta
2862 5791 3117 5878 qugenec'
3136 5791 3189 5863 in
3215 5791 3346 5866 cod:
3366 5791 3430 5861 Β.
3461 5791 3548 5859 nec
3566 5798 3611 5852 iu
3639 5791 3761 5844 νοωπ

2273 5877 2500 5949 interpr.
2534 5890 2873 5944 comparent.
2888 5877 2891 5878 ⁷
2906 5877 3170 5937 Ηυετιυυ.

663 5733 774 5814 (Erl)
810 5737 874 5814 ρ]
891 5735 965 5814 ἐκ
991 5734 1081 5814 τῇ.
1117 5736 1392 5814 Articulus
1419 5740 1466 5791 οἱ
1498 5737 1723 5814 videtur_
1733 5735 2055 5814 παρέλκειν.

665 5805 777 5873 (52)
814 5806 950 5872 Περὶ
977 5805 1094 5858 τῶν
1121 5807 1532 5876 πειραζόντων,
1567 5821 1671 5862 etc.
1709 5805 1835 5862 llaec
1865 5818 2016 5862 extra
2042 5821 2170 5860 con-

594 5882 803 5931 textum
836 5877 901 5932 ad
925 5890 1076 5934 oram
1100 5881 1220 5934 cod.
1249 5877 1312 5934 ll.
1343 5880 1534 5937 eadem
1564 5897 1726 5936 manu
1757 5879 1968 5950 adjecta
1987 5887 2164 5946 erant,
