3954 6538
178 358 339 417 {225

1134 357 1487 419 COMMENT.
1524 362 1592 418 IN
1633 358 2048 421 MATTEEUM
2088 361 2323 419 TOMUS
2363 358 2502 420 XIV.

3318 365 3458 428 I228

174 477 412 532 Οὐκοῦν
436 477 545 532 τῶν
575 480 905 552 προσιόντων
948 480 1046 536 καὶ
1089 481 1503 553 πυνθανομένων
1542 481 1625 553 τῷ
1665 482 1772 552 ἰη-

1879 480 2039 553 igitur
2075 481 2171 553 qui
2216 481 2286 537 ad
2320 480 2507 539 Jesum
2553 480 2885 538 accedebant
2926 489 2981 538 et
3021 481 3450 555 interrogabant,

171 569 294 621 σοῦ
330 565 475 642 ἦσάν
505 589 651 635 τινες
681 572 730 626 οἳ
757 572 1108 645 πειράζοντες
1133 572 1430 647 ἐπηρώτων
1452 574 1633 628 αὐτόν’
1657 591 1780 628 πει-

174 662 501 734 ραζομένου
551 664 610 717 δὲ
641 664 735 718 τοῦ
774 665 1093 738 τηλικούτου
1127 666 1380 737 Σωτῆρος
1443 666 1633 738 ἡμῶν,
1693 666 1780 730 τίς

168 754 304 810 τῶν
337 756 594 828 μαθητῶν
645 757 811 811 αὐτοῦ
859 757 1193 828 ἀγανακτοίη
1230 758 1558 829 τεταγμένος
1592 761 1671 824 εἰς
1703 759 1780 813 δι-

168 848 497 904 δασκαλίαν
520 852 615 904 ἐπὶ
647 850 725 923 τῷ
764 850 1120 924 πειράζεσθαι
1176 852 1281 905 ὑπό
1323 869 1485 907 τινων
1536 856 1628 908 καὶ
1654 870 1781 908 πυν-

171 939 511 1013 Θανομένων
543 943 643 997 οὐκ
671 945 736 997 ὲκ
767 943 1141 1015 φιλομαθείας,
1187 944 1303 998 ἀλλ’
1324 945 1433 999 ἀπὸ
1458 945 1554 999 τοῦ
1584 947 1777 1018 πειρά-

172 1031 311 1096 ξειν
342 1035 588 1103 ὲθέλειν;
627 1035 805 1090 Πολλά
851 1037 896 1091 δ’
922 1036 988 1091 ἂν
1027 1034 1125 1090 ἐπὶ
1184 1036 1246 1090 τὸ
1291 1037 1423 1091 αὐτὸ
1456 1037 1778 1108 συναγαγὼν

175 1125 403 1199 εὕροις,
443 1130 501 1181 ὲν
527 1122 608 1193 οἷς
638 1128 935 1201 ἐπείρασαν
967 1129 1060 1182 τὸν
1098 1128 1304 1201 Ἰησοῦν
1331 1130 1490 1202 ἡμῶν
1536 1133 1585 1185 oi
1617 1133 1779 1203 Φαρι-

178 1223 367 1285 σαῖσι,
396 1221 492 1275 καὶ
521 1221 671 1276 ἄλλοι
697 1222 850 1294 παρὰ
873 1222 1119 1286 τούτους,
1142 1221 1219 1286 ὡς
1251 1224 1474 1294 νομικός
1502 1241 1612 1288 τις,
1638 1224 1779 1295 τάχα

173 1310 245 1363 δὲ
289 1315 392 1366 καὶ
410 1316 771 1386 γραμματεὺς
796 1315 932 1387 (55),
957 1314 1023 1367 ἵν’
1046 1314 1139 1367 ἐπὶ
1170 1314 1232 1368 τὺ
1259 1315 1392 1369 αὐτὸ
1417 1315 1488 1370 τὰ
1522 1316 1779 1389 περὶτῶν

178 1404 569 1476 πειραζόντων
594 1405 754 1459 αὑτὸν
785 1404 1127 1475 συναγαγὼν,
1155 1405 1334 1478 εὕροις
1356 1425 1409 1461 τι
1430 1407 1500 1462 τὰ
1517 1407 1646 1480 περὶ
1670 1409 1777 1462 τῶν

176 1496 569 1568 πειραζόντων
599 1496 761 1550 αὐτὸν
796 1495 908 1570 (54)
953 1499 1021 1550 ὲκ
1047 1495 1148 1566 τῆς
1180 1496 1479 1563 ἐξετάσεως
1507 1501 1776 1571 χρήσιμον

178 1588 273 1652 είς
294 1588 365 1640 τὸ
385 1584 526 1653 εἶδος
568 1588 675 1643 τῶν
721 1588 894 1659 λόγων
948 1587 1170 1643 τούτων.
1202 1589 1349 1660 Πλὴν
1385 1590 1414 1642 ὁ
1459 1590 1652 1662 Σωτὴρ
1682 1590 1776 1644 καὶ

174 1682 304 1743 τοῖς
332 1680 683 1751 πειράζουσιν
731 1680 1084 1753 ἀποκρίνεται
1124 1682 1385 1752 δόγματα·
1433 1682 1484 1734 οἱ
1535 1682 1635 1751 μὲν
1666 1682 1774 1753 γὰρ

176 1771 402 1841 ελεγον·
433 1792 450 1823 ι
485 1774 549 1826 El
576 1771 785 1838 ἔξεστιν
819 1773 1091 1846 ἀνθρώπῳ
1125 1772 1393 1828 ἀπολῦσαι
1418 1774 1518 1845 τὴν
1540 1777 1774 1843 γυναῖκα

176 1864 363 1917 αὑτοῦ
390 1864 529 1918 κατά
556 1866 734 1919 πᾶσαν
757 1845 952 1921 αἰτίαν.
983 1866 1041 1920 Ὁ
1059 1866 1114 1920 δὲ
1136 1865 1452 1936 ἀποκριθεὶς
1476 1860 1643 1919 εἶπεν
1660 1865 1775 1920 Ούκ
1807 1845 1848 1900 Β

175 1957 487 2025 ἀνέγνωτε,
508 1958 589 2011 ὃτι
613 1957 643 2010 ό
664 1958 853 2022 κτίσας
874 1958 968 2011 ἀπ’
989 1957 1161 2029 ἀρχῆς
1184 1957 1296 2028 (55)
1324 1957 1487 2026 ἄρσεν
1519 1959 1613 2011 καὶ
1639 1956 1771 2028 Θῆλυ

178 2047 454 2117 ἐποίησεν
511 2047 746 2115 αὐτούςς
789 2068 808 2101 ι
860 2050 955 2103 καὶ
1009 2049 1079 2103 τά
1125 2048 1270 2120 ἑξῆς.
1321 2049 1433 2102 Καὶ
1480 2045 1655 2120 οἶμαι,
1689 2052 1775 2105 ὅτι

178 2137 342 2192 κατά
371 2137 530 2191 τοῦτο
554 2139 865 2209 προέτεινον
891 2139 983 2193 τὸν
1011 2138 1168 2207 λόγον
1193 2139 1243 2192 οἱ
1266 2140 1545 2210 Φαρισαῖοι
1564 2138 1771 2205 τοῦτον,

178 2229 272 2293 ὡς
300 2229 690 2302 ἐπιληψόμενοι
716 2231 902 2297 αὐτοῦ,
930 2231 960 2285 ὃ
977 2248 1030 2285 τι
1059 2232 1178 2283 ποτ’
1208 2229 1272 2284 ἂν
1296 2225 1569 2304 εἴπῃοοῖον
1597 2232 1647 2284 εί
1675 2233 1772 2303 μὲν

178 2317 373 2385 εἶπεν,
406 2321 673 2388 Ἔξεστιν,
708 2323 1032 2377 ἐνεκάλεσαν
1071 2321 1239 2392 αὐτῷ,
1292 2322 1369 2386 ὡς
1401 2324 1493 2377 ἐπὶ
1524 2326 1637 2388 τοῖς
1683 2342 1775 2378 τυ-

178 2412 354 2484 χοῦσι
381 2413 648 2467 διαλύοντι
683 2414 810 2478 τοὺς
834 2414 1063 2486 γάμουςο
1103 2414 1255 2481 εἰδὲ,
1292 2414 1406 2468 Ούκ
1439 2414 1665 2481 ἔξεστιν,
1695 2415 1772 2481 ὡς

180 2507 290 2559 καὶ
327 2506 467 2577 μετά
492 2506 903 2578 ἁμαρτημάτων
928 2506 1273 2579 ὲπιτρέποντι
1309 2509 1575 2560 συνοικεῖν
1602 2506 1771 2579 ἄνδρα

180 2598 436 2665 γυναικίο
471 2598 546 2663 ὡς
594 2599 687 2652 ἐπὶ
714 2598 809 2652 τοῦ
837 2600 1060 2671 κήνσου⁸
1088 2600 1137 2652 εξ
1183 2598 1282 2670 μὲν
1316 2598 1424 2671 γάρ
1471 2595 1592 2653 εἷπε
1632 2599 1770 2654 διδό-

180 2706 304 2753 ναι,
332 2689 660 2744 ἐνεκάλεσαν
682 2690 760 2754 ὡς
797 2689 1155 2744 ύποτάσσοντι
1198 2690 1308 2761 (56)
1351 2689 1443 2744 τὸν
1470 2690 1598 2744 λαὸν
1659 2694 1781 2769 τοῖς

194 2779 521 2850 Ῥωμαίοις,
548 2780 642 2834 καὶ
666 2781 725 2833 οὐ
756 2779 836 2851 τῷ
865 2778 1014 2851 νόμῳ
1032 2779 1126 2833 τοῦ
1150 2776 1305 2833 Θεοῦ*
1354 2780 1404 2831 εὶ
1442 2778 1498 2832 δὲ
1536 2779 1611 2852 μὴ
1635 2779 1775 2834 διδό-

182 2888 306 2934 ναι,
344 2870 421 2935 ὡς
447 2871 680 2943 πόλεμον
710 2869 1023 2942 ὲμποιοῢντι
1058 2870 1153 2926 καὶ
1187 2871 1395 2934 στάσιν,
1438 2871 1532 2925 καὶ
1572 2872 1770 2941 διεγεί-

186 2979 344 3034 pom
368 2965 496 3028 τοὺς
526 2964 601 3035 μὴ
632 2963 960 3033 δυναμένους
1011 2963 1205 3033 στῆναι
1252 2963 1386 3035 πρὸς
1438 2962 1769 3034 τηλικαύτην

184 3055 476 3128 στρατιάν.
505 3055 617 3127 Οὐχ
644 3054 829 3128 ἑώρων
882 3073 943 3109 τε
986 3055 1108 3108 τίνα
1134 3054 1333 3127 τρόπον
1390 3055 1771 3126 ἀνεπιλήπτως

184 3147 292 3199 καὶ
318 3146 497 3217 σοφῶς
524 3148 708 3211 αὐτοῖς
757 3148 1130 3219 ἀποκρίνεται,
1193 3144 1457 3217 πρότερον
1485 3144 1583 3217 μὲν
1626 3147 1763 3200 άπο-
1797 3178 1837 3234 C

183 3237 423 3307 φάσκων
445 3238 504 3291 τὸ
525 3237 781 3291 ἀπολύειν
805 3239 906 3309 τὴν
935 3240 1170 3309 γυναῖκα
1197 3234 1338 3291 κατά
1362 3237 1542 3290 πᾶσαν
1568 3236 1766 3301 αἰτίαν,

183 3328 447 3398 δεύτερον
478 3329 536 3382 δὲ
562 3330 985 3401 ἀποκρινόμενος
1008 3329 1146 3402 πρὸς
1178 3328 1249 3382 τὰ
1285 3327 1525 3401 περὶτοῦ
1562 3327 1767 3398 βιϐλίου

183 3418 290 3474 τοῦ
321 3419 464 3474 κατά
488 3420 551 3474 τὸ
569 3421 915 3475 ἀποστάσιον·
952 3419 1099 3492 ἑώρα
1125 3421 1255 3492 γὰρ,
1291 3421 1373 3473 ὅτι
1410 3419 1470 3472 οὐ
1506 3420 1656 3473 πᾶσα
1682 3420 1769 3473 al—

183 3512 286 3566 τία
310 3512 548 3582 εὐλόγως
572 3512 688 3567 λύει
710 3515 906 3585 γάμον,
931 3514 1026 3567 καὶ
1046 3514 1129 3567 ὅτι
1154 3513 1235 3567 δεῖ
1256 3512 1347 3566 τὸν
1367 3512 1534 3585 ἄνδρα
1562 3531 1579 3563 ι
1605 3529 1774 3565 συνοι-

187 3604 312 3654 κεῖν
336 3621 354 3653 ι
393 3601 721 3672 τῇγυναικὶ,
757 3622 775 3655 ι
800 3602 875 3667 ὡς
917 3601 1289 3666 ἀσθενεστέρῳ
1331 3599 1532 3657 σκεύει.
1574 3599 1771 3654 ἀπονέ-

183 3708 365 3763 μοντα
411 3688 609 3761 τιμὴν,
646 3707 665 3738 ι
696 3686 793 3742 καὶ
830 3685 1167 3757 βαστάζοντα
1206 3684 1375 3755 αὐτῆς
1402 3685 1471 3738 τὰ
1504 3685 1560 3737 ἐν
1587 3683 1769 3753 ἀμαρ-

186 3788 402 3855 τήμασι
457 3780 630 3853 βάρη,
675 3780 769 3833 καὶ
804 3777 1044 3831 δυσωπεῖ
1095 3778 1160 3829 ὲκ
1204 3773 1312 3829 τῶν
1360 3776 1418 3829 ὲν
1453 3793 1519 3847 τῃ
1558 3774 1771 3827 Γενέσει

1880 574 2129 628 nonnulli
2161 589 2285 630 eum
2323 572 2565 630 tentandi
2610 588 2778 629 causa
2821 574 3227 646 interrogabant
3265 595 3279 632 :
3326 593 3454 634 cum

1879 664 2046 736 igitur
2076 674 2256 721 tantus
2282 665 2371 720 ille
2398 662 2655 719 Servator
2695 673 2883 720 noster
2927 673 3184 733 tentetur,
3212 667 3338 738 quis
3365 668 3453 724 di-

1880 757 2213 828 scipulorum
2248 757 2367 827 ejus
2406 756 2471 811 ad
2503 755 2806 812 docendum
2849 758 3178 814 constitutus
3218 760 3453 828 graviter

1880 846 2038 913 ferat,
2074 848 2120 903 si
2149 848 2368 919 quando
2401 848 2470 901 ab
2510 846 2805 917 aliquibus,
2834 863 2941 901 non
2970 847 3218 903 discendi
3247 849 3452 914 studio,

1879 941 1974 995 sed
2016 940 2260 995 tentandi
2297 940 2418 1010 ejus
2447 940 2621 1012 gratia
2657 939 2988 1010 quaestiones
3021 940 3455 1011 proponentibus

1880 1034 2168 1089 tentetur?
2218 1032 2460 1088 Plurima
2506 1047 2638 1087 vero
2682 1031 2847 1087 simul
2900 1031 3161 1103 colligens
3216 1031 3455 1102 reperire

1878 1123 1988 1179 illic
2018 1126 2246 1195 poteris,
2288 1124 2379 1180 ubi
2406 1122 2694 1189 Pharisaai,
2729 1133 2783 1179 et
2813 1133 3007 1194 praeter
3030 1138 3125 1179 eos
3160 1123 3273 1190 alii,
3308 1123 3457 1177 velut

1877 1218 2058 1288 legum
2099 1217 2308 1287 peritus
2350 1215 2570 1287 aliquis,
2620 1225 2675 1271 et
2720 1214 2953 1271 fortasse
2997 1214 3210 1283 Scriba,
3264 1212 3452 1270 Iesum

1878 1320 2124 1366 nostrum
2173 1317 2538 1376 tentaverunt,
2582 1306 2744 1380 637
2789 1316 2848 1362 ut
2892 1308 2945 1362 in
2990 1323 3160 1363 unum
3211 1306 3453 1364 collectis

1876 1418 1999 1474 quae
2035 1402 2103 1457 de
2142 1401 2211 1458 iis
2249 1401 2558 1471 conscripta
2595 1409 2724 1457 sunt
2760 1414 2791 1454 a
2824 1399 3023 1470 quibus
3066 1407 3303 1456 tentatus
3346 1409 3450 1465 est,

1876 1510 1944 1551 ex
1979 1509 2170 1549 eorum
2217 1493 2360 1548 inter
2399 1507 2458 1549 se
2497 1491 2911 1563 comparatione
2957 1492 3092 1546 utile
3134 1490 3339 1562 aliquid
3381 1489 3453 1545 ad

1875 1587 2075 1643 borum
2107 1600 2418 1642 sermonum
2443 1601 2614 1657 genus
2639 1585 2903 1654 reperias.
2922 1581 3096 1640 Porro
3119 1585 3452 1639 tentantibus

1877 1677 2133 1735 Servator
2169 1678 2503 1750 respondens
2546 1677 2804 1749 dogmata
2852 1676 3088 1747 profert;
3137 1677 3453 1748 quaerebant

1877 1773 2024 1828 enim
2069 1772 2198 1827 illi:
2253 1769 2384 1825 «An
2437 1770 2565 1826 licet
2630 1768 2838 1825 homini
2900 1770 3171 1825 dimittere
3222 1785 3449 1825 uxorem

1878 1880 2035 1920 suam
2062 1879 2390 1934 quacunque
2422 1879 2491 1919 ex
2518 1861 2720 1918 causa?
2744 1860 2848 1930 Qui
2875 1863 3211 1933 respondens
3238 1861 3315 1916 ait
3333 1861 3446 1916 eis:

1878 1954 1996 2011 Non
2049 1956 2259 2027 legistis
2311 1955 2438 2025 quia
2476 1954 2569 2025 qui
2612 1955 2813 2010 creavit
2844 1955 2913 2010 ab
2934 1954 3108 2019 initio,
3142 1953 3446 2010 masculum

1876 2056 1929 2102 et
1958 2047 2216 2103 feminam
2245 2045 2370 2102 fecit
2395 2061 2490 2100 eos
2519 2045 2601 2099 ⁸⁸2
2635 2065 2653 2098 ι
2703 2055 2759 2101 et
2794 2047 3023 2118 reliqua.
3067 2046 3145 2102 Ac
3178 2061 3279 2116 ego
3319 2044 3446 2115 qui-

1876 2138 1998 2193 dem
2021 2139 2275 2195 existimo
2309 2137 2361 2191 id
2408 2137 2478 2192 ab
2524 2151 2590 2193 eo
2616 2136 2923 2194 Pharismos
2967 2154 3031 2194 ea
3078 2145 3263 2192 mente
3297 2151 3448 2207 quae-

1876 2230 2059 2295 siisse,
2099 2238 2158 2285 ut
2193 2228 2455 2299 quidquid
2514 2228 2602 2284 ille
2645 2230 2893 2294 dixisset,
2954 2228 3443 2299 reprehenderent;

1877 2329 1937 2374 ut
1975 2319 2023 2376 si
2061 2319 2318 2384 dixisset,
2344 2315 2528 2383 Lica,
2573 2317 2751 2373 dicam
2788 2318 2862 2372 illi
2902 2328 3157 2388 tanquam
3195 2315 3447 2387 conjugia

1874 2411 2083 2469 levibus
2118 2412 2185 2468 de
2214 2409 2396 2466 causis
2429 2409 2748 2467 dissolventi
2792 2409 3170 2480 impegissent;
3205 2408 3289 2463 sin
3320 2422 3447 2461 vero

1875 2504 2292 2576 respondisset:
2333 2502 2451 2558 Non
2496 2504 2641 2566 licet,
2691 2501 2821 2556 huic
2863 2516 3102 2571 quoque,
3147 2507 3329 2568 utpote
3370 2498 3448 2551 vi-

1874 2614 1996 2652 rum
2041 2611 2147 2650 una
2177 2612 2300 2651 cum
2331 2597 2560 2669 conjuge
2589 2595 2755 2651 etiam
2788 2609 2911 2647 cum
2949 2590 3168 2662 ﬂagitiis
3202 2589 3449 2644 habitare

1875 2686 2206 2757 permittenti
2255 2685 2402 2739 litem
2451 2683 2810 2739 intendissent
2847 2697 2861 2733 :
2895 2677 3354 2750 quemadmodum
3393 2682 3449 2730 et

1875 2792 2039 2847 super
2076 2776 2279 2830 tributo
2302 2775 2383 2839 “;
2415 2790 2539 2828 nam
2578 2774 2625 2828 si
2659 2771 3003 2842 pendendum
3036 2768 3167 2823 illud
3194 2766 3442 2828 dixisset,

1872 2883 1998 2924 eum
2035 2875 2408 2931 accusassent,
2451 2865 2607 2935 quasi
2641 2863 2931 2925 Romanis,
2959 2876 3065 2916 non
3100 2858 3201 2930 legi
3232 2856 3325 2913 Dei
3349 2870 3449 2928 po-

1874 2961 2062 3030 pulum
2094 2959 2508 3029 subjicientem;
2546 2959 2631 3012 sin
2666 2954 3084 3025 haudquaquam
3126 2949 3445 3006 solvendum

1874 3051 2301 3124 pronuntiasset,
2329 3062 2585 3119 tanquam
2620 3047 2818 3104 bellum
2860 3055 2915 3101 et
2944 3044 3267 3101 seditionem
3308 3055 3444 3096 con-

1873 3146 2166 3209 citantem,
2214 3152 2269 3197 et
2317 3142 2383 3196 ad
2429 3140 2796 3196 rebellandum
2841 3153 2936 3195 eos
2976 3136 3299 3203 excientem,
3350 3132 3445 3204 qui

1874 3249 2054 3294 tantos
2093 3235 2367 3291 exercitus
2408 3234 2683 3292 sustinere
2732 3247 2838 3287 non
2880 3238 3152 3301 poterant.
3177 3226 3287 3284 Nec
3316 3242 3444 3282 vero

1872 3327 2245 3400 intelligebant
2296 3342 2462 3397 quam
2528 3333 2686 3383 caute
2745 3334 2802 3379 et
2848 3332 3000 3377 extra
3039 3321 3252 3390 culpam
3312 3317 3446 3389 ipsis

1872 3421 2246 3493 responderet,
2299 3421 2535 3489 primum
2586 3418 2806 3489 quidem
2868 3413 3111 3485 qualibet
3166 3427 3232 3468 ex
3277 3426 3445 3467 causa

1872 3509 2266 3581 repudiandam
2314 3525 2539 3566 uxorem
2596 3523 2838 3578 negans,
2886 3504 3080 3560 deinde
3110 3517 3237 3558 vero
3279 3502 3347 3558 ad
3381 3517 3447 3558 ea

1877 3602 2246 3672 respondens,
2283 3618 2406 3672 quae
2438 3601 2507 3656 ad
2539 3599 2779 3654 libellum
2825 3595 3036 3668 repudii
3080 3593 3443 3665 pertinebant.

1880 3691 2099 3749 Sciebat
2139 3694 2283 3748 enim
2323 3708 2432 3748 non
2469 3692 2767 3763 quamlibet
2811 3705 3056 3753 causam,
3084 3687 3286 3758 justam
3334 3686 3448 3741 solo

1877 3770 2054 3839 vendo
2097 3784 2372 3840 connubio
2415 3783 2756 3839 occasionem
2789 3781 2939 3849 dare,
2969 3789 3024 3836 et
3045 3780 3223 3835 virum
3251 3776 3448 3833 debere

1389 3914 1623 3974 VETUS
1659 3916 2242 3974 INTERPRETATIO.

185 4062 322 4119 dam
372 4069 662 4116 tentantes.
706 4058 935 4115 Tentata
976 4067 1156 4115 autem
1182 4058 1414 4114 Domino
1465 4060 1591 4125 tali,

188 4132 527 4197 docendum,
568 4130 613 4185 si
656 4139 895 4185 tentatus
963 4128 1126 4184 fuerit
1163 4145 1194 4183 a
1235 4129 1603 4199 quibusdam?

1681 4062 1766 4116 uis
1803 4060 2193 4131 discipulorum
2246 4061 2365 4130 ejus
2414 4060 2648 4129 graviter
2698 4060 2856 4123 ferat,
2884 4057 2977 4131 qui
3021 4057 3243 4131 positus
3264 4065 3347 4131 est
3376 4059 3442 4112 ad

1690 4147 1848 4185 amen
1891 4126 2577 4200 tentatoribus'respondit
2626 4131 2886 4200 dogmata
2905 4126 3156 4200 pietatis.
3207 4126 3440 4200 Quidam

186 4218 327 4272 ergo
369 4202 662 4272 dicebant:
696 4219 717 4272 ι
751 4199 810 4272 Si
856 4200 980 4254 licet
1022 4199 1231 4272 homini
1254 4197 1531 4272 dimittere
1556 4217 1803 4272 uxorem
1855 4217 2011 4257 suam
2058 4197 2403 4272 quacunque
2429 4216 2505 4272 ex
2547 4197 2760 4272 causa?
2806 4219 2826 4251 ι
2858 4198 3066 4272 Quibus
3086 4197 3443 4272 Iespondens

187 4265 333 4346 dixit
358 4290 372 4326 :
401 4290 420 4323 ι
444 4268 584 4346 Num
619 4270 847 4340 legistis,
875 4270 1134 4339 quoniam
1169 4273 1261 4339 qui
1295 4269 1422 4346 fecit
1451 4271 1519 4326 ab
1554 4271 1730 4337 initio,
1770 4265 2091 4346 masculum"
2110 4282 2166 4326 et
2190 4265 2449 4346 feminam
2484 4270 2611 4346 fecit
2646 4286 2762 4335 eos,
2792 4279 2846 4324 et
2869 4265 3005 4346 dixit
3033 4283 3046 4318 :
3085 4265 3312 4346 Propter
3341 4268 3445 4321 hoc

188 4343 466 4410 relinquet
500 4334 910 4411 homo'patrem'
936 4348 990 4394 et
1018 4334 1268 4411 matrem,
1296 4349 1351 4396 et
1378 4340 1637 4411 jungetur
1677 4334 1833 4395 uxori
1884 4357 2017 4409 suae,
2055 4350 2110 4396 et
2153 4350 2315 4397 erunt
2344 4340 2453 4395 duo
2492 4341 2545 4394 in
2591 4334 2755 4411 carne
2782 4338 2931 4394 una?
2966 4334 3154 4411 Itaque
3182 4334 3442 4411 jam_non

190 4420 327 4468 sunt
354 4406 506 4476 'duo,
551 4409 644 4465 sed
694 4406 830 4481 caro,
857 4424 986 4481 una.
1012 4408 1189 4481 Quod
1224 4424 1354 4480 ergo
1379 4406 1527 4466 1)er
1564 4412 1869 4481 conjunxit,
1901 4406 2066 4466 homo
2101 4427 2209 4467 non
2244 4418 2474 4480 separet.
2512 4429 2529 4462 ι
2617 4409 2681 4464 Et
2723 4420 2851 4481 puto
2888 4407 3032 4478 quod
3058 4406 3318 4481 Pharisaai
3348 4408 3443 4476 qui

188 4482 446 4536 dicebant
472 4500 486 4535 :
516 4499 535 4533 ι
567 4481 623 4534 Si
659 4481 783 4535 licet
818 4479 1027 4552 homini
1064 4476 1357 4552 dimittere»
1383 4496 1620 4552 uxorem,
1657 4476 1811 4537 suam
1843 4476 2169 4552 quacunque
2202 4496 2268 4536 ex
2299 4476 2466 4552 causa
2487 4522 2502 4545 ,
2538 4499 2557 4531 ι
2599 4476 2737 4552 ideo
2764 4476 3165 4552 proposuerunt
3188 4476 3292 4552 hoc
3319 4492 3440 4530 ver-

190 4552 350 4614 bum,
380 4552 621 4605 volentes
659 4565 785 4605 eum
830 4549 1226 4621 reprehendere
1269 4550 1535 4621 quidquid
1571 4550 1831 4621 dixisset;
1860 4547 1930 4605 ‘ut
1958 4553 2005 4606 si
2031 4547 2250 4621 quidem
2295 4550 2560 4621 dixisset:
2598 4547 3072 4621 Licet'diinittere
3097 4588 3114 4614 ,
3160 4547 3446 4621 culpat-ent

189 4637 322 4677 eum
348 4623 505 4692 quasi
533 4622 830 4676 solventem
872 4616 1157 4692 conjugia;
1196 4620 1241 4675 si
1274 4616 1466 4692 autem»
1487 4620 1749 4692 dixisset:
1776 4619 1894 4676 Non
1922 4616 2067 4685 licet;
2109 4622 2305 4676 iterum
2344 4620 2627 4692 culparent
2650 4636 2773 4692 eum
2793 4618 2951 4692 quasi
2981 4616 3267 4692 jubentem
3295 4618 3445 4692 vires

191 4686 486 4761 convivere
537 4692 859 4745 mulieribus
900 4686 1065 4745 etiam
1088 4704 1230 4761 Acum
1268 4690 1520 4761 peccatis.
1568 4687 1686 4745 Non
1719 4699 1903 4746 autem
1932 4691 2186 4746 videbant
2216 4686 2492 4761 quomodo
2521 4691 2602 4746 eis
2632 4686 2920 4746 manifeste
2948 4686 3018 4761 et
3042 4686 3442 4761 irreprebensi-

192 4761 381 4816 biliter
422 4759 601 4815 fuerat
647 4775 1033 4831 responsurus.
1081 4758 1175 4814 Sic
1215 4757 1277 4813 et
1297 4759 1425 4814 alibi
1464 4760 1934 4831 interrogaverunt
1968 4777 2131 4818 eum:
2165 4781 2183 4812 ι
2215 4757 2273 4816 Si
2301 4761 2428 4816 licet
2454 4763 2586 4816 dare
2637 4760 2897 4831 tributum
2938 4757 3221 4831 cessari?»
3276 4767 3336 4813 ut
3367 4759 3447 4811 εἰη

189 4833 414 4899 quidem
441 4832 668 4885 dixisset
694 4845 707 4882 :

819 4838 896 4902 te,
951 4830 1234 4902 culparent
1265 4845 1388 4883 eum
1426 4830 1585 4902 quasi
1630 4829 1951 4902 subdentem
2005 4832 2315 4902 hominibus
2358 4831 2617 4902 populum
2665 4829 2781 4895 Dei,
2831 4838 2885 4885 et
2925 4829 3262 4902 addicentem
3294 4842 3442 4902 _eum

191 4892 464 4956 Romanis
507 4911 562 4956 et
590 4917 695 4955 non
728 4892 934 4970 legibus
964 4892 1058 4953 Dei
1070 4892 1167 4971 {si
1202 4910 1383 4953 autem
1412 4892 1637 4954 dixisset
1679 4919 1692 4955 :
1737 4899 1855 4956 Non
1899 4902 2024 4956 licet
2056 4892 2209 4967 dare,
2251 4892 2448 4955 iterum
2492 4892 2776 4971 culparent
2802 4897 3444 4971 eum_quas_i__s_editiones

190 4983 245 5026 et
292 4972 478 5041 praelia
526 4969 906 5041 concitantem,
945 4978 1017 5041 et
1060 4969 1342 5022 facientem
1404 4971 1664 5041 pupulum
1700 4971 1976 5026 discedere
2023 4988 2051 5025 a
2084 4971 2319 5036 Caesare,

2399 4973 2453 5025 ui
2499 4965 2759 5025 mundum
2808 4965 3043 5024 tenebat.
3076 4965 3209 5021 Vide
3259 4974 3443 5020 autem

191 5037 475 5113 quomodo
522 5039 1062 5113 irreprehensibiliter
1108 5037 1419 5113 respondit;
1457 5039 1699 5113 Primum
1743 5042 1961 5111 quidem
2018 5037 2517 5113 interrogantibus,
2568 5059 2598 5113 Δι
2646 5040 2690 5095 si
2734 5040 2858 5113 licet
2895 5037 3442 5113 dimitte_re_uxorem

190 5104 874 5190 quacunqueex-"causa,
907 5129 926 5160 ι
975 5110 1164 5190 dicens
1201 5104 1229 5190 E_
1258 5127 1278 5189 ς
1313 5107 1452 5163 Num
1496 5110 1704 5190 legistis
1741 5104 1998 5190 quoniam
2047 5112 2140 5190 qui
2184 5104 2333 5190 ficit,
2375 5104 2679 5190 masculum
2709 5118 2762 5190 et
2793 5108 3046 5190 feminam
3093 5104 3220 5160 fecit
3250 5105 3442 5190 eos)“;

189 5173 243 5237 ἐι
264 5173 482 5255 camera.
520 5181 601 5235 Ad
638 5181 779 5255 illud
799 5173 980 5255 autem
1006 5178 1151 5255 quod
1183 5173 1803 5255 objeeeruntdicentes':
1828 5199 1846 5231 ι
1884 5173 2173 5255 Quomodo
2201 5173 2413 5255 Moyses
2444 5180 2697 5255 praecepit
2727 5180 2857 5255 dare
2882 5175 3126 5255 libellum
3159 5173 3437 5255 repudii?!

190 5255 268 5307 ait
298 5270 313 5306 :
343 5270 363 5303 ι
391 5250 619 5322 Propter
662 5249 918 5306 duritiam
963 5242 1143 5304 co'rdis
1190 5242 1374 5303 vestri.
1405 5268 1424 5300 ι
1490 5248 1630 5304 Vidit
1681 5251 1826 5305 enim
1860 5242 1988 5320 quia
2033 5265 2143 5305 non
2173 5242 2352 5305 omnis
2395 5242 2561 5306 causa
2607 5242 2754 5321 j'uste
2780 5248 2941 5302 solvit
2972 5243 3306 5315 conjugium.
3338 5242 3446 5298 Sed

262 5390 310 5422 ⁸⁸
342 5388 532 5444 Matth.
588 5404 700 5453 xix,
755 5392 808 5452 5,
839 5390 892 5443 4.
969 5392 1013 5421 ⁸³
1051 5388 1241 5443 Matth.
1271 5403 1405 5452 xm,
1435 5387 1521 5440 I7.

264 5507 576 5578 (33)Codex
609 5506 807 5578 Regius
834 5506 1213 5580 γραμματεύς,
1241 5506 1574 5578 Anglicanus
1594 5520 1768 5574 γραμ·

196 5582 408 5651 uarat;-

266 5641 382 5719 (54)
417 5647 495 5704 Τὰ
548 5648 679 5716 περὶ
727 5647 1276 5719 τῶν-πειραζόντων
1331 5646 1539 5719 αὐτόν,
1565 5641 1767 5719 _Vcrba

195 5714 312 5776 haec
340 5714 595 5843 ὗίάριιιιιτ
622 5714 828 5788 spuria.
855 5714 1166 5773 Detfaxeris
1191 5720 1308 5782 illa,
1334 5714 1607 5775 constabit
1644 5728 1769 5768 scn-

197 5806 310 5843 sus.
388 5804 601 5843 υετιυε.

197 5806 310 5845 SIIS.
341 5804 601 5845 ηυετιυε.

514 5885 785 5943 Ρλτιιοι..
819 5884 936 5944 Gn.
981 5882 1147 5944 XIII.

1948 5501 2059 5571 (55)
2099 5500 2161 5553 Ὀ
2177 5505 2389 5567 κτίσας
2411 5497 2745 5571 ιὶε-τξιὶ,ι)χῆ‹;ἴ
2762 5496 2836 5552 Ita
2867 5504 2922 5571 et
2953 5495 3260 5571 i_nfra,_cum
3284 5495 3447 5570 vulgo

1876 5567 2083 5639 legatur
2115 5572 2297 5625 Matth.
2336 5587 2446 5637 xix,
2478 5570 2513 5624 4
2537 5567 2601 5624 :6
2630 5569 2861 5639 ποιήσας
2884 5567 2980 5639 ἀπ’
3007 5568 3199 5639 ἀρχῆς.
3228 5567 3302 5621 Ιυ.

1949 5643 2062 5711 (56)
2088 5640 2269 5695 Codex
2311 5640 2531 5708 Regius,
2564 5637 3148 5711 τροις-ὑποτάσσοντι,
3178 5638 3445 5711 Anglica-

1877 5708 1984 5836 nusl
2010 5708 2191 5767 autem
2245 5726 2404 5780 quem
2447 5709 2693 5778 sequitur
2726 5708 2976 5765 Huetius.
3024 5708 3397 5763 ὑποτάσσοντα
3422 5741 3442 5770 ο

1877 5797 1962 5836 ma
1987 5799 2036 5836 e.

1877 5797 2036 5836 male.

3166 5874 3247 5933 30
