3954 6550
566 363 703 419 42ἳῖ

2032 364 2356 425 ORIGENlS
3632 370 3740 429 €228

504 461 520 485 ’“
564 482 724 538 uxori
776 481 1151 550 teohabitare,
1176 484 1349 555 quasi
1402 485 1687 542 infirmiori
1724 485 1979 552 vasculo,
2025 486 2110 539 im-

2231 481 2696 557 ἐγγεγραμμένων
2722 481 2850 548 τοὺς
2873 481 2966 537 ἐπὶ
3012 482 3126 548 τοῖς
3153 481 3428 548 Μωῦσέως
3477 483 3744 556 γράμμασιν

561 573 881 644 pertientem
930 576 1195 631 honorem
1239 578 1321 645 7°,
1376 597 1394 631 ι
1461 589 1515 634 et
1548 587 1895 649 peccatorum
1956 578 2129 648 ipsius

560 681 724 722 onera
764 676 1072 737 portantem
1107 671 1188 738 ⁷¹;
1234 678 1289 725 et
1329 669 1636 725 Pharisaaos
1670 669 1870 741 Moysis
1912 667 2130 738 scriptis

557 760 875 830 gloriantes,
907 776 977 816 ex
1018 762 1086 816 iis
1120 778 1243 832 quae
1282 762 1334 817 in
1360 761 1557 818 Genesi
1597 761 1800 832 scripta
1833 770 1959 816 sunt
1999 776 2131 815 con-

554 852 728 907 vincit
764 853 989 909 dicens:
1032 873 1049 905 ι
1080 854 1198 910 Νοιι
1254 854 1462 925 legistis
1504 854 1633 924 quia
1673 853 1767 923 qui
1815 852 2017 908 creavit
2061 851 2130 905 ab

558 943 734 1010 initio,
767 945 1073 1000 masculum
1111 955 1164 1001 et
1196 945 1455 1001 feminam
1487 945 1614 1000 fecit
1634 960 1727 1000 eos
1749 944 1832 999 τη
1860 964 1879 996 ι
1922 952 1976 999 et
2009 958 2130 1013 qua:

556 1046 891 1107 sequuntur;
925 1046 979 1091 et
1007 1050 1224 1108 propter
1247 1038 1396 1093 haec:
1425 1054 1447 1090 ι
1475 1036 1541 1091 Ει
1565 1044 1725 1090 erunt
1751 1035 1859 1090 duo
1884 1035 1936 1089 in
1967 1049 2130 1090 carne

558 1141 663 1180 una
689 1125 758 1193 ",
790 1146 809 1179 ι
863 1137 1288 1197 consequentem
1329 1126 1417 1181 his
1442 1124 1647 1191 verbis,
1676 1124 1753 1196 (in
1785 1139 1947 1179 carne
1974 1122 2126 1191 una,)

551 1218 854 1273 doctrinam
902 1218 1224 1290 subiiciens,
1266 1235 1386 1273 eam
1446 1217 1695 1273 scilicet:
1735 1233 1753 1266 ι
1784 1215 1968 1286 Itaque
2012 1213 2125 1283 jam

550 1326 659 1366 non
703 1320 831 1367 sunt
864 1311 992 1380 duo,
1038 1313 1133 1369 sed
1166 1328 1273 1368 una
1313 1327 1445 1368 caro
1470 1314 1538 1367 ⁷⁵.
1575 1332 1594 1366 ι
1648 1312 1850 1368 Verum
1898 1318 1952 1363 et
1996 1306 2126 1361 illud

548 1418 807 1474 quoque:
847 1424 866 1457 ι
897 1403 1052 1471 Quod
1089 1403 1233 1460 Deus
1281 1405 1587 1475 conjunxit,
1622 1405 1786 1458 homo
1834 1416 1943 1456 non
1974 1414 2128 1469 sepa-

547 1507 631 1553 ret
654 1498 722 1565 ⁷⁵,
771 1516 789 1549 ι
848 1498 1171 1568 prohibebat
1211 1499 1506 1569 quominus
1559 1496 1802 1568 qualibet
1846 1510 1913 1549 ex
1958 1506 2124 1547 causa

547 1605 777 1645 uxorem
835 1591 1205 1660 repudiarent.
1249 1592 1415 1663 638
1458 1592 1519 1645 In
1563 1589 1902 1660 expositione
1943 1596 2123 1642 autem

545 1697 733 1738 eorum
760 1698 881 1754 quae
907 1699 936 1738 e
958 1682 1152 1739 Genesi
1194 1683 1513 1753 deprompta
1543 1683 1597 1738 in
1624 1680 1915 1752 Evangelia
1940 1677 2123 1750 profe-

547 1784 762 1841 runtur,
782 1775 909 1831 illud
929 1775 1328 1831 observandum
1350 1777 1520 1839 venit,
1546 1790 1667 1846 qua:
1688 1790 1794 1829 una
1818 1773 1955 1830 serie
1981 1772 2119 1829 scri-

545 1876 638 1936 pta
664 1876 811 1934 sunt,
829 1868 904 1922 ita
931 1883 1038 1922 non
1067 1868 1409 1937 pronuntiata
1430 1866 1629 1934 fuisse;
1656 1881 1755 1937 ego
1784 1881 1910 1921 vero
1932 1881 2034 1921 nec
2055 1865 2121 1921 de

546 1958 740 2014 iisdem
790 1958 960 2015 fuisse
999 1960 1143 2015 dicta
1174 1960 1448 2026 existimo,
1485 1971 1597 2015 tum
1630 1960 1696 2015 iis
1716 1960 1808 2030 qui
1834 1960 1899 2014 ad
1925 1959 2120 2030 imagi-

544 2063 670 2103 nem
693 2047 810 2117 Dei,
838 2059 949 2105 tum
970 2051 1077 2106 illis
1105 2052 1200 2121 qui
1228 2051 1294 2106 de
1323 2052 1456 2107 limo
1484 2060 1663 2119 terrae,
1681 2061 1734 2107 et
1765 2066 1873 2106 una
1898 2066 1929 2106 e
1953 2050 2121 2106 costis

541 2140 714 2196 Adam
748 2139 873 2198 facti
899 2153 1056 2199 sunt:
1086 2143 1177 2197 ubi
1213 2144 1358 2198 enim
1386 2144 1591 2199 dictum
1615 2152 1730 2199 est:
1767 2162 1784 2195 ι
1812 2142 2115 2199 Masculum

539 2243 594 2290 et
617 2232 873 2289 feminam
900 2236 1102 2291 creavit
1120 2251 1214 2292 eos
1240 2236 1306 2303 ⁷⁸,
1328 2255 1348 2288 ι
1382 2236 1449 2292 ad
1482 2252 1578 2294 eos
1601 2236 1834 2307 pertinet
1871 2236 1999 2291 illud
2025 2234 2120 2307 qui

539 2325 606 2380 ad
631 2326 920 2398 imaginem
952 2326 1079 2382 facti
1116 2339 1270 2394 sunt;
1305 2339 1359 2385 at
1396 2330 1485 2385 ubi
1514 2328 1681 2384 dixit;
1706 2346 1725 2380 ι
1751 2327 2120 2395 Quamobrem

537 2417 808 2489 relinquet
840 2418 1003 2473 homo
1030 2427 1236 2487 patrem
1264 2435 1423 2476 suum
1451 2429 1505 2475 et
1527 2431 1757 2475 matrem
1779 2420 1847 2487 ⁷⁷,
1868 2439 1886 2472 ι
1926 2428 1979 2474 et
2016 2434 2121 2474 ca:-

538 2520 678 2576 tera,
707 2510 773 2565 ad
799 2524 894 2565 eos
915 2508 1008 2579 qui
1026 2508 1091 2564 ad
1120 2510 1408 2581 imaginem
1430 2509 1555 2566 facti
1583 2520 1832 2566 suntnon
1852 2504 2117 2577 refertur;

539 2617 668 2656 nam
701 2611 826 2674 post
859 2602 978 2659 illos
1002 2613 1283 2674 assumpto
1310 2604 1375 2659 de
1405 2612 1546 2658 terra
1579 2604 1709 2657 limo
1736 2602 2036 2669 hominem,
2065 2612 2120 2658 et

536 2692 604 2749 de
621 2694 792 2765 ipsius
816 2704 968 2751 costa
993 2694 1315 2766 adjutricein
1334 2694 1538 2749 creavit
1562 2693 1821 2748 Dominus
1849 2692 2009 2748 Deus.
2032 2690 2119 2747 Si-

535 2785 651 2840 mul
674 2786 837 2842 etiam
861 2795 988 2842 nota
1016 2787 1081 2843 de
1099 2786 1167 2843 iis
1183 2787 1275 2858 qui
1295 2785 1362 2840 ad
1386 2784 1675 2856 imaginem
1697 2784 1821 2839 facti
1855 2792 2002 2848 sunt,
2036 2783 2119 2838 di-

533 2887 683 2931 ctum
701 2892 807 2932 non
831 2877 1076 2944 esse,vir
1106 2887 1161 2933 et
1179 2893 1335 2940 uxor.
1360 2876 1454 2933 sed
1484 2877 1763 2933 masculus
1795 2886 1850 2931 et
1891 2874 2112 2930 femina.

536 2966 675 3023 Illud
692 2977 870 3024 autem
889 2970 941 3024 in
956 2968 1181 3026 Hebraeo
1195 2967 1627 3030 observavimus,
1658 2968 1830 3022 virum
1846 2956 1942 3038 per
1958 2982 2117 3022 voca-

2230 579 2530 650 αὐχοῦντας
2550 578 2897 651 Φαρισαίους,
2922 577 3094 647 λέγων
3119 578 3199 631 τό·
3228 597 3246 629 ι
3268 579 3384 632 Οὐκ
3412 578 3743 647 ἀνέγναηε,ὄτι

2230 674 2259 726 ὁ
2298 672 2490 735 κτίσας
2522 672 2619 725 ἀπ’
2650 671 2847 743 ἀρχῆς,
2890 671 3057 744 ἄρρεν
3085 670 3178 724 καὶ
3221 670 3353 742 θῆλυ
3407 671 3637 742 ἐποίησεν
3671 673 3745 725 αὖ·

2230 762 2386 827 τούς;
2429 782 2446 813 ι
2477 762 2572 816 καί
2617 762 2688 815 τὰ
2740 762 2889 832 ἑξῆς·
2921 763 3015 816 καὶ
3055 761 3326 834 ἐπιφέρων
3374 762 3546 825 αὐτοῖς
3572 762 3645 815 διὰ
3681 760 3740 814 τό·

2236 876 2254 907 ι
2283 857 2391 909 Καὶ
2418 855 2624 909 ἔσονται
2659 856 2708 907 οἰ
2738 853 2835 907 δύο
2859 856 2938 918 εἰς
2963 855 3139 925 σάρκα
3171 854 3352 924 μίαν,›
3392 854 3654 907 ἀκόλουθον
3668 853 3743 924 τῷ,

2235 950 2352 1012 «εἰς
2388 947 2564 1017 σάρκα
2599 945 2780 1016 pinv,»
2814 943 3179 1007 διδασκαλίαν,
3213 945 3334 1016 τήν·
3385 963 3404 996 ι
3431 944 3581 996 Ὥστε
3603 944 3743 998 οὐκέτι

2229 1038 2334 1091 εἰσὶ
2365 1035 2478 1098 δύο,
2507 1033 2642 1089 ἀλλὰ
2669 1030 2805 1104 σὰρξ
2833 1033 2982 1103 μία.»
3037 1031 3420 1104 Δυσωπητικδν
3464 1031 3519 1085 δὲ
3546 1032 3662 1104 πρὸς
3696 1031 3743 1087 τὸ
3796 1076 3829 1103 χχ

2232 1128 2305 1201 μὴ
2332 1124 2599 1182 ἀπολῦσαι
2619 1125 2718 1195 τὴν
2746 1127 2979 1194 γυναῖκα
2997 1125 3140 1179 κατὰ
3165 1126 3345 1180 πᾶσαν
3372 1123 3562 1185 αἰτίαν,
3589 1124 3738 1177 male?
3844 1120 3855 1135 ‘

2235 1241 2253 1273 ι
2296 1224 2362 1276 ’Ὀ
2398 1221 2529 1285 Θεὸς
2573 1215 2919 1285 συνέζευξεν,
2975 1217 3259 1291 ἄνθρωπος
3321 1216 3397 1289 μὴ
3460 1214 3735 1288 χωριζέτω.»
3770 1288 3779 1297 ‘

2228 1311 2647 1384 Παρατηρητέον
2678 1312 2924 1384 μέντοιγε
2955 1313 3011 1362 ὲν
3054 1310 3122 1379 τῇ
3165 1306 3378 1360 ἐκθέσει
3427 1305 3531 1359 τῶν
3558 1305 3740 1375 ἀπὺτῆς

2227 1404 2493 1467 Γενέσεως
2536 1405 2595 1458 ἐν
2624 1402 2702 1475 τῷ
2743 1400 3060 1472 Εὐαγγελίῳ
3094 1399 3295 1472 ῥητῶν,
3332 1398 3415 1451 ὅτι
3463 1397 3521 1450 οὐ
3551 1396 3611 1450 τὰ
3650 1398 3740 1465 ἐφε-

2227 1496 2326 1567 ξῆς
2355 1496 2601 1569 ἀλλήλοις
2646 1494 3004 1568 γεγραμμένα
3035 1494 3267 1565 εἴρηται·
3299 1490 3412 1559 ἐγὼ
3430 1490 3487 1544 δὲ
3511 1486 3658 1561 οἶμαι,
3681 1492 3740 1543 in

2225 1590 2345 1642 οὐδὲ
2370 1589 2499 1662 περὶ
2524 1589 2631 1643 τῶν
2658 1587 2836 1643 αὐτῶν
2871 1587 2983 1658 (57)
3026 1586 3265 1654 λέγεται,
3317 1583 3431 1637 τῶν
3465 1584 3576 1636 κατ’
3603 1582 3740 1635 εἰκόνα

2224 1682 2360 1736 Θεοῦ
2393 1682 2722 1754 γενομένων,
2755 1681 2978 1735 καὶτῶν
3010 1678 3117 1733 ἀπὸ
3137 1676 3232 1731 τοῦ
3270 1676 3397 1747 χοὸς
3425 1674 3522 1745 τῆς
3549 1675 3638 1743 γῆς
3674 1673 3740 1726 καὶ

2230 1776 2358 1845 μιᾶς
2387 1774 2493 1828 τῶν
2546 1773 2794 1847 πλευρῶν
2828 1772 2921 1826 τοῦ
2988 1770 3172 1842 Ἀδόιμσ
3221 1769 3358 1822 ὅπου
3413 1765 3508 1837 μὲν
3559 1765 3650 1835 γὰρ
3679 1763 3741 1817 λέ-

2154 1829 2195 1884 B
2222 1829 2430 1921 λεκτικι⁸
2479 1886 2497 1917 ι
2527 1865 2601 1919 Τὸ
2635 1829 2803 1937 ἀρρεν
2851 1864 2945 1917 καὶ
2973 1863 3035 1917 τδ
3064 1829 3197 1932 θῆλυ
3227 1829 3488 1929 ἐποίησεν
3513 1829 3692 1920 αὐλεοᾶ,
3718 1873 3733 1908 ι

2223 1960 2351 2031 περὶ
2382 1957 2490 2011 τῶν
2545 1956 2667 2011 κατ’
2723 1956 2908 2010 εἰκόνα
2959 1954 3128 2009 ἐστίν’
3174 1954 3314 2007 ὅπου
3372 1951 3431 2005 δὲ
3476 1950 3563 2003 καὶ
3606 1942 3735 2002 εἶπεν

2227 2071 2246 2104 ι
2288 2053 2492 2106 Ἕνεκα
2521 2048 2711 2103 τούτου
2764 2046 3078 2118 καταλείψει
3129 2044 3417 2117 ἄνθρωπος
3464 2041 3548 2095 τὸν
3577 2039 3740 2110 πατέρα

2221 2144 2316 2197 καὶ
2343 2143 2442 2214 τὴν
2471 2142 2682 2214 μητέρα
2705 2138 2926 2205 αὑτοῦ,ι
2964 2139 3056 2193 καὶ
3107 2136 3176 2191 τὰ
3223 2136 3374 2207 ἑξῆς,
3398 2135 3495 2189 οὐκ
3522 2133 3623 2187 ἐστι
3647 2146 3741 2203 περι

2220 2236 2326 2291 τῶν
2358 2236 2477 2289 κατ’
2509 2234 2713 2289 εἰκόνα’
2756 2232 2981 2304 ὕστερον
3012 2230 3120 2303 γάρ
3144 2246 3275 2283 ποτε
3340 2228 3557 2282 ἐκείνων
3585 2224 3740 2280 ἔπλασε

2220 2328 2426 2401 Κύριος
2458 2331 2486 2383 ό
2518 2328 2652 2392 Θεὸς
2683 2328 2774 2381 τὸν
2821 2325 3127 2397 ἄνθρωπον,
3178 2321 3314 2393 χοῦν
3339 2320 3515 2375 λαϐὼν
3556 2317 3649 2374 ἀπὸ
3665 2316 3740 2387 τῆς

2220 2422 2343 2493 γῆς.
2374 2421 2469 2475 καὶ
2498 2420 2609 2475 ἀπὸ
2640 2420 2739 2491 τῆς
2771 2417 3007 2489 πλευρᾶς
3055 2415 3219 2469 αὑτοῦ
3262 2415 3366 2487 τὴν
3396 2413 3593 2485 βοηθόν.
3627 2413 3741 2481 ’Δμι

2218 2514 2275 2568 δὲ
2306 2514 2562 2586 πρόσχες,
2603 2514 2687 2567 δτι
2716 2512 2808 2564 ἐπὶ
2845 2510 2942 2582 μὲν
2969 2508 3078 2562 τῶν
3131 2508 3250 2562 κατ’
3286 2508 3472 2562 εἰκόνα
3519 2506 3607 2560 οὐκ
3632 2502 3741 2573 ἀνὴρ

2219 2607 2312 2662 καὶ
2341 2608 2479 2678 γυνὴ
2511 2608 2743 2679 εἴρηται,
2776 2603 2911 2659 ἀλλὰ
2930 2603 3097 2676 ἄρρεν
3123 2602 3217 2656 καὶ
3240 2601 3401 2674 θῆλυ.
3431 2598 3588 2654 Τοῦτο
3608 2598 3654 2653 δὲ
3670 2595 3739 2649 καὶ

2212 2700 2277 2761 ιν
2304 2698 2382 2770 τῷ
2431 2697 2706 2772 Ἐϐραῖκῷ
2750 2696 3155 2768 τετηρήκαμεν·
3200 2695 3347 2766 ἀνὴρ
3410 2694 3504 2767 μὲν
3550 2689 3741 2763 γὰρδηο

2217 2791 2402 2845 λοῦται
2430 2789 2658 2861 (38m.
2698 2788 2774 2856 ις,
2832 2790 3007 2859 φωνῇ,
3039 2786 3207 2860 ἄρρεν
3260 2786 3319 2840 δὲ
3353 2789 3440 2857 τῇ,
3469 2780 3739 2854 cam-ut

2218 2884 2379 2939 πάλιν
2404 2883 2541 2955 γυνὴ
2575 2883 2670 2954 μὲν
2693 2884 2760 2953 τῇ
2780 2919 2796 2947 ,
2828 2879 3011 2947 ἐσσᾶ,
3043 2883 3217 2952 φωνῇ,
3245 2879 3381 2953 θῆλυ
3403 2879 3459 2934 δὲ
3478 2881 3559 2950 τῇ,
3587 2876 3735 2946 drm-

2218 2975 2318 3031 6ᾶ’
2346 2974 2599 3028 οὐδέποτε
2652 2973 2759 3045 γὰρ
2786 2973 2923 3044 γυνὴ
2952 2974 3069 3026 κατ’
3093 2972 3300 3040 εἰκόνα,
3332 2971 3451 3025 οὐδὲ
3474 2970 3617 3040 ἀνὴρ,
3650 2962 3735 3021 ἀλλ’

532 3058 747 3125 bulum,
772 3058 861 3123 Is;
886 3061 1187 3115 masculum
1210 3074 1305 3129 per
1326 3057 1572 3123 Zachar;
1596 3058 1876 3112 mulierem
1896 3071 2110 3112 rursum

2216 3067 2265 3119 οἱ
2297 3067 2393 3137 μὲν
2418 3064 2762 3137 διαφέροντες
2793 3064 2981 3137 ἄρρεν,
3005 3064 3055 3117 οἰ
3079 3062 3136 3116 δὲ
3166 3063 3411 3135 δεύτεροι
3435 3060 3575 3132 θῆλυ.
3612 3054 3736 3109 Ἀλλὰ

527 3165 623 3221 per
635 3165 822 3206 vocem
844 3149 1003 3217 Essa,
1024 3150 1282 3206 feminam
1301 3166 1429 3205 vero
1449 3165 1541 3221 per
1554 3148 1781 3213 Ankeva,
1795 3148 2110 3217 signiﬁcari;

2217 3161 2311 3214 καὶ
2332 3159 2397 3213 ἂν
2424 3157 2696 3229 καταλίπῃ
2731 3157 3015 3229 ἄνθρωπος
3040 3158 3141 3229 τὴν
3174 3158 3392 3229 μητέρα
3436 3155 3525 3209 καὶ
3560 3153 3638 3206 τὸν
3657 3165 3735 3242 πα·

531 3256 633 3296 nec
664 3242 814 3298 enim
848 3257 1088 3312 unquam
1122 3242 1340 3306 mulier,
1370 3255 1545 3311 neque
1578 3240 1661 3295 vir
1703 3239 1768 3293 ad
1812 3238 2103 3310 imaginem

2214 3252 2365 3324 τέρα,
2391 3250 2646 3305 κολλᾶται
2675 3251 2735 3303 οὐ
2763 3249 2843 3321 τῷ
2868 3249 3044 3323 θήλει,
3076 3249 3212 3304 ἀλλὰ
3244 3252 3312 3321 τῇ
3355 3248 3560 3317 γυναικί
3585 3238 3733 3301 αὐτοῦ.

530 3331 659 3388 facti
692 3343 839 3400 sunt,
871 3335 965 3390 sed
995 3335 1089 3405 qui
1120 3335 1528 3404 przestautiores
1553 3342 1678 3387 sunt
1707 3347 1806 3402 pro
1837 3332 2102 3399 masculo;

2214 3345 2305 3399 καί
2335 3342 2595 3413 γίνονται,
2624 3342 2745 3394 ἐπεὶ
2767 3340 2824 3395 ἓν
2842 3342 3005 3413 σαρκὶ
3034 3342 3173 3414 ἀνὴρ
3200 3343 3297 3395 καὶ
3315 3341 3473 3412 γυνὴ,
3496 3340 3571 3401 εἰς
3592 3336 3732 3405 σάρκα

529 3425 623 3495 qui
654 3439 835 3483 autem
873 3428 1116 3494 secundi,
1145 3443 1243 3497 pro
1275 3426 1473 3482 femina
1507 3426 1737 3481 habendi
1772 3435 1919 3480 sunt.
1950 3424 2105 3492 Quod

2214 3437 2360 3509 μίαν.
2388 3429 2521 3487 Εἶτα
2549 3433 2869 3505 διαγράφων
2898 3432 2927 3485 δ
2968 3432 3049 3486 δεῖ
3079 3428 3218 3486 εἶναι
3259 3433 3321 3486 ὲν
3353 3434 3467 3494 τοῖς
3497 3428 3590 3482 ὑπὸ
3630 3420 3733 3478 Θεοῦ

529 3518 578 3573 si
620 3532 747 3573 vero
786 3526 1013 3574 matrem
1049 3528 1103 3574 et
1130 3529 1337 3590 patrem
1372 3520 1539 3575 homo
1572 3517 1883 3588 reliquerit,
1922 3519 2106 3573 adhae-

527 3618 612 3665 ret
639 3625 747 3664 non
776 3609 1012 3679 feminae,
1042 3613 1137 3667 sed
1162 3612 1317 3666 uxori
1349 3627 1480 3677 suae,
1514 3620 1568 3666 et
1605 3612 1658 3665 in
1687 3627 1851 3665 unam
1884 3626 2103 3667 carnem

526 3702 693 3758 ambo
726 3704 1069 3772 coalescunt,
1107 3704 1547 3776 quandoquidem
1581 3704 1665 3758 vir
1694 3713 1748 3758 et
1777 3718 1914 3758 uxor
1941 3718 2105 3759 carne

527 3811 697 3851 unum
733 3806 880 3852 sunt.
917 3796 1119 3853 Deinde
1158 3813 1287 3853 vero
1324 3812 1605 3868 exponens
1636 3795 1766 3866 quid
1799 3795 1980 3851 inesse
2013 3796 2107 3850 de-

524 3888 652 3943 beat
692 3888 760 3943 iis
788 3888 882 3959 qui
926 3904 957 3943 a
989 3888 1100 3945 Deo
1133 3888 1410 3958 conjuncti
1454 3897 1603 3951 sunt,
1634 3896 1696 3943 ut
1724 3887 2107 3957 conjunctione

2211 3527 2663 3600 συνεζευγμένοις
2712 3526 2879 3591 ἀξίως
2933 3524 3029 3580 τοῦ
3097 3524 3450 3597 συνεζεῦχθαι
3487 3521 3586 3576 ὑπὸ
3608 3513 3730 3578 Θεοῦ.

2208 3621 2455 3694 ἐπιφέρει
2489 3622 2517 3674 ὁ
2540 3618 2731 3691 Σωτὴρ
2755 3620 2833 3673 τό·
2871 3638 2889 3671 ι
2913 3619 3073 3673 Ὥστε
3120 3618 3306 3673 οὐκέτι
3356 3618 3459 3671 εἰσί
3484 3614 3615 3677 δύσῃ
3659 3608 3732 3663 καὶ

2209 3717 2341 3770 ὅπου
2365 3731 2429 3784 γε
2458 3713 2679 3785 ὁμόνοια
2714 3712 2808 3765 καὶ
2837 3699 3125 3782 συμφωνία
3173 3710 3270 3764 καὶ
3324 3705 3549 3781 ἁρμονία
3582 3699 3732 3772 ἀνδρός

2208 3809 2324 3860 ἐστι
2354 3804 2489 3877 πρὸς
2507 3806 2759 3872 γυναῖκα,
2780 3801 2875 3855 τοῦ
2910 3801 3008 3873 μὲν
3032 3800 3109 3865 ὼς
3135 3800 3417 3873 ἄρχοντος,
3448 3798 3541 3868 τῆς
3561 3795 3610 3849 δὲ
3639 3808 3731 3845 πει·

2210 3894 2443 3967 θομένης
2492 3893 2589 3965 τῷ’
2627 3914 2647 3947 ι
2672 3892 2845 3957 Αὐτός
2872 3908 2965 3946 σου
3018 3891 3350 3964 κυριεύσεῳ
3384 3886 3584 3959 ἀληθῶς
3617 3886 3730 3937 ἐστιν

2211 3990 2386 4041 εἰπεῖν
2415 3987 2508 4040 ἐπὶ
2527 3984 2638 4040 τῶν
2658 3982 2914 4038 τοιούτων
2938 3983 3018 4037 τόο
3054 4001 3074 4035 ι
3112 3980 3313 4035 Οὐκέτι
3340 3981 3446 4035 εἰσί
3479 3977 3610 4032 δύοοι
3640 3967 3728 4027 Εἶτ’

524 3995 553 4034 a
574 3979 683 4037 Deo
712 3979 855 4037 facta
885 3981 1032 4054 digni
1055 3982 1184 4047 sint,
1214 3981 1490 4053 subjungit
1523 3979 1783 4037 Set-valor
1823 3998 1838 4035 :
1869 3998 1888 4031 ι
1919 3978 2106 4049 itaque

1722 4092 1956 4150 VETUS
1995 4093 2573 4158 INTERPRETATIO.

524 4187 784 4256 quoniam
819 4195 1031 4256 oportet
1051 4188 1227 4242 virum
1254 4186 1566 4242 cohabitare
1592 4185 1828 4256 mulieri,
1856 4186 2013 4253 quasi
2038 4187 2154 4242 vasi
2186 4190 2491 4256 infirmiori,
2515 4201 2570 4245 et
2595 4192 2816 4247 reddere
2848 4190 2896 4245 ei
2921 4190 3207 4255 honorem,
3235 4195 3292 4243 et
3320 4185 3577 4243 sustinere
3595 4188 3727 4256 onera

522 4246 781 4333 vitiorum
829 4246 969 4333 ejus,
1005 4272 1099 4313 eos
1134 4260 1225 4333 qui
1268 4258 1322 4333 i_n
1359 4258 1537 4333 littera
1563 4255 1722 4333 _legis
1767 4246 2161 4333 gloriabantur,
2199 4275 2265 4333 ex
2311 4261 2442 4333 ipsis
2477 4246 2979 4333 hloysirseripturis
3023 4246 3301 4333 convincit
3330 4258 3547 4333 dicens:
3573 4268 3589 4302 ι
3617 4246 3725 4333 Nutu

521 4327 726 4399 legistis
764 4324 1020 4397 quoniam
1061 4324 1165 4396 qui'
1200 4328 1322 4381 fecit
1354 4324 1973 4399 alrinitio,:masculunt
2007 4335 2060 4381 ct
2097 4324 2352 4399 feminam
2402 4332 2529 4387 fecit
2563 4324 2658 4387 eos
2682 4333 2705 4386 ?
2733 4352 2751 4385 ι
2798 4324 2853 4386 et
2882 4341 3093 4386 caetera.
3128 4326 3333 4382 Tamen
3361 4324 3600 4396 quoniam
3622 4324 3725 4399 tetr-

520 4396 700 4469 giinus
733 4396 896 4452 istum
944 4399 1119 4469 locum
1158 4399 1247 4452 ubi
1288 4398 1367 4469 vel
1392 4397 1519 4469 illud
1553 4396 1815 4463 scriptum
1840 4396 2080 4469 dicitur:
2114 4416 2131 4449 ι
2170 4398 2292 4456 llaec
2323 4403 2604 4456 vocabitur
2637 4402 2852 4465 mulier,
2887 4401 3015 4469 quia
3046 4399 3113 4454 de
3135 4399 3250 4451 viro
3284 4412 3385 4452 suo
3413 4398 3721 4469 assumpth

520 4459 801 4541 sciendum
818 4469 944 4537 quia
969 4467 1103 4520 nihil
1126 4467 1403 4536 proprium
1424 4459 1870 4541 habetquantum
1888 4466 1954 4518 ad
1973 4464 2244 4541 Graecum,
2264 4473 2346 4526 vel
2374 4474 2439 4526 ad
2460 4470 2713 4526 Latinum
2736 4459 3068 4534 sermonem,
3089 4478 3147 4523 ut
3169 4469 3293 4541 ideo
3319 4459 3722 4541 voceturntuliet".

519 4538 650 4611 quia
667 4538 733 4591 de
756 4534 997 4611 vi_ro_s_uo
1018 4534 1297 4611 assumpta
1334 4544 1434 4591 est.
1459 4534 1748 4611 Propterea
1780 4536 2037 4611 legentes
2068 4536 2357 4611 lltgiraica,
2396 4543 2705 4597 invenimus
2729 4541 3151 4611 originationem
3183 4539 3346 4593 istam
3386 4534 3723 4611 convenienter:

519 4592 752 4728 [insitam
801 4608 854 4660 in
884 4604 1128 4660 Hebraeo.
1161 4592 1331 4660 Habet
1382 4592 1921 4659 autem'Hehraicum
1965 4607 2038 4659 ita
2066 4626 2078 4661 :
2123 4592 2907 4682 15.33.31.in'iﬁ'iéiitgnui-Téi'
2922 4592 3140 4674 mulier,
3168 4592 3222 4663 et
3258 4615 3551 4674 assumpta.
3595 4592 3719 4665 Αρυδ

544 4674 780 4728 ίθὶιιδξιεοε
796 4677 939 4728 enim
962 4677 1174 4728 mulier.
1197 4685 1471 4728 assumpta
1489 4685 1680 4728 vocatu
1690 4691 1731 4728 r.
1750 4674 1879 4728 Item
1896 4675 2009 4728 vira
2025 4680 2169 4728 quod
2195 4690 2277 4728 est
2301 4697 2329 4728 a
2347 4683 2483 4728 vim.
2500 4681 2663 4728 Vides
2677 4680 2952 4728 nunmodo
2977 4681 3216 4728 iunctum
3233 4688 3316 4728 est
3335 4688 3462 4728 mm
3484 4675 3613 4728 iuxta
3634 4673 3719 4725 tW

544 4674 780 4731 lebraeos
796 4677 939 4730 enim
962 4677 1174 4731 mulier.
1197 4685 1471 4799 assumﬁta
1489 4685 1731 4729 vocatur.
1750 4674 1879 4728 Item
1896 4675 2009 4729 vira
2025 4680 2169 4746 quod
2195 4673 2277 4735 est
2301 4673 2340 4736 εἰ
2347 4683 2484 4736 viro.
2500 4673 2709 4752 Videsq
2719 4680 2952 4736 uomodo
2971 4673 3216 4749 junctum
3233 4688 3316 4733 est
3335 4673 3462 4735 mm
3477 4675 3613 4743 ium
3634 4673 3722 4725 Ψκ

544 4747 573 4799 d
602 4756 685 4799 est
712 4761 742 4799 a
762 4747 875 4799 viro
891 4755 1123 4799 summa.
1153 4743 1305 4799 Unde
1337 4746 1379 4798 T
1422 4746 1634 4799 eodotio
1697 4744 1779 4799 sic
1806 4746 2045 4799 nosuitzt
2069 4746 2192 4799 Haec
2220 4753 2507 4799 vocabitur
2538 4752 2735 4799 mulier
2760 4751 3019 4799 summio-
3039 4750 3167 4799 auia
3190 4748 3256 4799 de
3280 4749 3399 4799 viro
3422 4758 3517 4799 suo
3545 4742 3719 4799 sumi)“

520 4747 573 4800 id
602 4756 685 4801 est
710 4761 742 4820 ἓ
762 4747 1123 4820 virosumpta.
1153 4743 1305 4800 Unde
1333 4742 1634 4820 fl‘heodotio
1697 4744 1779 4820 sie
1799 4742 2192 4820 posuitzjﬂmc
2220 4753 2507 4807 vocabitur
2538 4742 2735 4807 mulie'r
2759 4742 3019 4820 sumptié,
3039 4750 3167 4819 quia
3190 4748 3256 4820 de
3280 4749 3399 4820 viro
3422 4742 3517 4800 suo
3545 4742 3719 4820 sumpta

517 4825 620 4873 est.
646 4836 667 4870 ι
706 4809 1066 4889 Symmachus
1109 4825 1289 4872 autem
1331 4816 1436 4880 ita,
1475 4818 1588 4871 haec
1623 4809 1906 4870 vocabitur
1934 4815 2153 4889 ἀνδρίς,
2195 4822 2342 4891 quod
2390 4830 2475 4878 est
2507 4822 2705 4877 mulier
2734 4838 2765 4875 ει
2793 4809 2932 4876 viro.
2975 4809 3231 4889 Et'quod
3276 4817 3435 4873 debet
3469 4826 3580 4868 esse
3612 4809 3721 4861 inter
3756 4880 3757 4885 η

586 4934 633 4966 ⁷⁸
662 4931 681 4986 l
707 4930 823 4986 Pet.
867 4946 948 4999 ιιι,
988 4930 1042 4985 7.
1144 4932 1186 4963 ⁷¹
1211 4930 1328 4986 Gal.
1367 4948 1437 4999 νι,
1470 4933 1525 4986 2.
1627 4930 1876 4985 "Matth.
1913 4947 2025 4999 nx,
2056 4933 2109 4988 4.

2218 4938 2264 4973 ⁷³
2289 4938 2419 4995 ibid.
2447 4939 2502 4994 5.
2606 4939 2652 4971 ⁷⁸
2681 4938 2814 4995 ibid.
2841 4936 2895 4993 6.
3007 4937 3053 4969 ⁷⁸
3101 4936 3232 4991 ibid.
3339 4934 3388 4967 "
3426 4930 3552 4987 Gen.
3586 4918 3719 4990 1,37-

517 5002 562 5037 "
600 5003 736 5060 Gen.
772 5018 832 5067 ιι,
857 5001 946 5056 24.

586 5095 699 5167 (57)
745 5093 893 5167 Ἐγῲ
945 5092 1015 5147 δὲ
1042 5090 1265 5167 cluat,
1305 5092 1405 5167 Δὅτι
1451 5092 1764 5167 οὐδὲμπερί
1815 5092 1934 5147 τῶν
1957 5096 2091 5167 ἀὐ-

515 5162 654 5229 «Br,
680 5162 786 5221 etc.
820 5162 879 5220 Si
914 5164 1169 5235 conditus
1201 5163 1269 5219 ad
1303 5164 1591 5235 imaginem
1615 5162 1709 5218 Dei
1742 5165 1925 5235 homo,
1946 5162 2083 5218 Gen.

517 5251 558 5302 ι,
588 5235 679 5297 26,
712 5235 802 5301 27,
838 5236 977 5290 alius
1006 5233 1106 5289 fuit
1170 5250 1234 5289 ac
1268 5236 1360 5304 qui
1386 5233 1452 5289 de
1481 5234 1611 5288 limo
1633 5243 1792 5288 terra:
1819 5233 2088 5290 formatus

517 5305 779 5369 est,,Gen.
812 5321 873 5370 ιι,
928 5305 981 5370 7,
1022 5319 1243 5359 causam
1283 5303 1430 5373 certe
1474 5304 1732 5367 obtinuit,
1780 5303 1875 5372 qui
1913 5318 2089 5373 nuper

516 5373 901 5429 Praeadamitas
968 5375 1088 5429 orbi
1143 5375 1310 5429 dedit.
1372 5372 1566 5429 Verum
1616 5372 1671 5428 id
1716 5372 2085 5429 commentum

512 5442 626 5512 jam
675 5444 810 5527 satis
836 5445 1120 5527 explosum
1180 5439 1331 5527 puto,
1383 5459 1526 5527 cum.
1564 5444 1661 5527 qui
1712 5444 1922 5525 primus
1948 5444 2085 5527 illud

515 5512 935 5584 excogitaverat,
981 5514 1124 5569 idem
1181 5512 1297 5583 ipse
1341 5512 1672 5583 repudiarit;
1714 5512 1946 5568 minime
1975 5514 2078 5569 sibi

516 5582 767 5654 dedecori
799 5582 1040 5654 futurum
1071 5582 1413 5651 existimans,
1450 5583 1597 5654 quod
1626 5599 1734 5637 non
1762 5584 1896 5654 satis
1923 5592 2081 5639 caute

516 5652 1091 5723 protulegat,ingenue
1119 5664 1425 5717 recantare,
1449 5652 1503 5709 et
1534 5656 1715 5708 tritam
1744 5669 1774 5708 a
1805 5652 2077 5717 Patribus,

516 5720 567 5776 et
591 5731 703 5808 tota
731 5720 972 5808 Ecclesia
996 5724 1161 5791 viam,
1208 5725 1613 5808 relictapriore
1636 5724 1906 5808 insistere.
1925 5724 2082 5808 Quod

514 5801 694 5850 autem
722 5792 791 5847 ad
811 5791 1098 5864 Origenem
1115 5802 1344 5866 spectat,
1377 5791 1779 5852 distinctionem
1810 5794 1951 5851 hanc
1980 5795 2081 5851 ho-

1144 4932 1186 4963 “
1211 4930 1328 4986 Gal.
1367 4948 1437 5000 νι,
1470 4933 1525 4986 2.

2192 5100 2398 5173 minem
2427 5101 2570 5159 inter
2605 5103 2672 5158 ad
2702 5102 2996 5173 imaginem
3019 5100 3128 5173 Dei
3162 5098 3460 5173 conditum,
3491 5102 3541 5149 et
3579 5089 3719 5173 hopli-

2192 5185 2317 5248 nem
2357 5171 2426 5248 de
2473 5173 2605 5248 limo
2640 5170 2933 5248 conﬁnium
2974 5170 3277 5248 _a_llegorico
3336 5170 3714 5248 δείξειε-βέρρ’

2192 5242 2346 5308 tavit,
2373 5242 2758 5315 hominemque
2780 5230 3119 5312 spiritaliuni'
3132 5254 3312 5315 rerum
3326 5236 3479 5315 euris.
3490 5230 3713 5315 dedita-ul.

2190 5321 2244 5386 et
2268 5326 2298 5365 a
2328 5301 2559 5386 terrenis
2590 5301 2853 5379 alienum,
2894 5327 3022 5367 eum
3052 5325 3174 5386 esse
3202 5310 3372 5365 voluit
3392 5305 3481 5376 qui
3506 5301 3712 5386 adjﬂfj

2190 5366 2369 5453 ginem
2412 5381 2506 5436 Dei
2535 5366 2853 5453 procreatus
2899 5366 3017 5437 est:
3063 5381 3180 5453 qui
3212 5394 3341 5453 vero
3389 5366 3715 5453 dorpOffliP‘jf

2191 5437 2354 5507 rebus
2380 5437 2592 5521 capitur
2617 5462 2671 5507 et
2702 5437 2956 5520 trahitur,
2991 5437 3115 5507 eum
3150 5449 3384 5521 deglimo
3406 5437 3551 5500 terra:
3565 5437 3712 5521 [υἱεξδ

2187 5507 2505 5591 conﬂatum.
2540 5507 2804 5579 Adeunda
2848 5507 2976 5578 vero
3017 5535 3182 5591 super
3230 5519 3317 5576 his
3355 5523 3532 5572 nostra
3559 5507 3702 5575 Orige-

2188 5592 2370 5647 m’ana.
2423 5590 2688 5648 Hunnus.

2261 5662 2372 5733 (58)
2424 5662 2617 5737 ’Arhp_
2642 5663 2759 5733 μὲν
2808 5660 2918 5737 γὰρ
2962 5662 3266 5735 δηλοῦται,
3313 5666 3416 5718 etc.
3460 5660 3583 5720 ιυίι,
3629 5650 3709 5703 τι

2186 5732 2336 5804 mm,
2363 5742 2563 5819 mpm.
2599 5732 2677 5790 In.

2608 6530 2765 6537 —'—---—
2792 6532 3095 6543 —_———_
3182 6534 3193 6535 κ
3234 6534 3353 6543 +_._.__
3398 6530 3484 6540 tq—
3526 6529 3576 6534 ﬁ

3870 2538 3873 2589 l

3870 2682 3873 2733 l
