3954 6534
213 391 357 448 {253

1157 398 1510 454 COMMENT.
1559 399 1624 452 ΙΝ
1665 394 2085 453 ΜᾹΤΤΙΙιΕυΜ
2128 395 2365 452 TOMUS
2399 396 2538 453 XIV.

3327 400 3464 454 1‘23!»

205 510 384 573 σλίου,
421 509 651 580 ἔχουσαν
681 510 885 577 οὕτως·
927 533 945 565 ι
997 511 1124 568 Ἐάν
1157 514 1215 568 δὲ
1251 515 1389 587 λάϐῃ
1419 534 1503 580 τις
1540 518 1784 584 γυναῖκα,

1899 523 2007 579 tur,
2038 515 2132 584 qui
2162 515 2282 570 talis
2312 527 2394 570 est
2420 534 2431 569 :
2463 533 2480 567 ε
2514 513 2572 569 Si
2611 514 2877 584 acceperit
2924 516 3086 569 homo
3135 530 3384 582 uxorem,
3411 528 3468 571 et

201 603 306 655 καὶ
342 605 637 676 συνοικήσῃ
672 605 832 676 αὐτῇ,
867 605 964 660 καὶ
1010 605 1161 660 ἔσται
1206 607 1302 662 ὲάν
1351 610 1426 680 μὴ
1469 610 1600 680 εὕρῃ
1631 608 1790 679 χάριν

197 693 453 748 ἐναντίον
479 692 666 762 αὑτοῦ,
692 696 775 748 ὃτι
795 688 953 767 εῦρεν
975 697 1032 751 έν
1055 697 1191 768 αὐτῇ
1217 697 1461 770 ἄσχημον
1486 702 1736 771 πρᾶγμα,
1766 717 1784 749 ι

201 785 305 838 καί
336 785 403 838 τὰ
432 785 578 856 ἑξῆς,
612 786 717 850 ἕως
749 786 862 839 τοῦ·
904 806 922 838 t
952 788 1064 840 Καὶ
1095 789 1156 841 οὐ
1183 793 1422 860 μιανεῖτε
1453 791 1551 862 τὴν
1573 792 1694 862 γῆν,
1725 791 1791 861 ἦν

198 873 416 944 Κύριος
437 875 612 939 ὁΘεὺς
636 875 789 946 ὑμῶν
809 876 1022 930 δίδωσιν
1043 877 1171 948 ὑμῖν
1201 880 1259 932 έν
1287 879 1487 952 κλήρῳ.
1517 901 1534 932 ι
1562 880 1718 952 Ζητῶ
1735 880 1792 934 δὲ

195 968 263 1019 ἐν
293 971 408 1030 τοῖς
439 967 580 1020 κατά
608 968 699 1022 τὸν
741 969 904 1038 νόμον
947 968 1156 1034 τοῦτον,
1205 970 1434 1042 πότερον
1465 971 1616 1024 οὐδὲν
1652 970 1791 1041 πέρα

191 1058 308 1128 τῆς
351 1058 550 1126 λέξεως
595 1059 700 1131 χρὴ
746 1061 928 1129 ζητεῖν
973 1064 1032 1116 ὲν
1077 1061 1246 1132 αὐτῷ,
1289 1064 1411 1116 ἐπεὶ
1458 1063 1532 1134 μὴ
1581 1064 1610 1115 6
1660 1063 1793 1125 Θεὸς

190 1149 408 1204 ἔδωκεν
431 1151 591 1204 αὐτόν
608 1167 621 1180 ⁸
649 1151 681 1222 ἢ
709 1153 844 1222 πρὸς
868 1151 966 1223 μὲν
990 1154 1116 1216 τοὺς
1137 1153 1464 1224 Φαρισαίους
1484 1155 1792 1222 ἀναγκαίως

191 1238 441 1310 εἴρηται,
473 1240 854 1313 χρησαμένους
880 1240 976 1312 τῷ·
1020 1260 1038 1292 ι
1077 1241 1318 1311 Μωῦσῆς
1344 1240 1643 1294 ἐνετείλατο
1673 1240 1793 1294 δοῦ-

186 1348 294 1384 ναι
330 1331 529 1401 βιΰλίον
557 1332 909 1399 ἀποστασίου,
961 1334 1050 1386 καὶ
1084 1332 1374 1397 ἀπολῦσαι,
1418 1354 1436 1384 ι
1487 1334 1567 1386 τό·
1609 1353 1628 1384 ι
1672 1333 1791 1386 ’Ὁτι

192 1421 449 1491 Μωῦσῆς
475 1422 611 1493 πρὸς
662 1422 758 1493 τὴν
810 1422 1241 1495 σκληροκαρδίαν
1287 1423 1439 1495 ὑμῶν
1497 1423 1792 1496 ἐπέτρεψεν

191 1514 337 1584 ὑμῖν
380 1513 645 1567 ἀπολῦσαι
693 1514 793 1578 τὰς
843 1517 1110 1584 γυναῖκας
1147 1515 1330 1586 ὑμῶν’
1385 1516 1480 1568 ἀπ’
1523 1516 1695 1587 ἀρχῆς
1735 1515 1792 1568 δὲ

184 1605 262 1657 οὐ
313 1605 538 1673 γέγονεν
583 1604 776 1670 οὕτως.
819 1625 838 1659 ι
893 1606 1017 1660 Ἐὰν
1045 1607 1102 1660 δέ
1135 1625 1218 1670 τις
1248 1608 1341 1660 ἐπὶ
1376 1608 1436 1661 τὸ
1465 1608 1791 1677 Εὐαγγέλιον

185 1696 382 1768 ἀναϐῇ
428 1697 662 1767 Χριστοῦ
710 1697 908 1768 Ἰησοῦ,
941 1698 1218 1764 διδάσκον,
1246 1701 1328 1753 ὅτι
1360 1701 1389 1753 6
1432 1700 1594 1770 νόμος
1631 1717 1792 1753 πνευ-

190 1787 435 1857 ματικός
459 1789 595 1851 ἐστι,
626 1787 720 1840 καὶ
745 1787 933 1840 τούτου
967 1787 1192 1860 ζητήσει
1224 1787 1317 1841 τοῦ
1351 1789 1514 1859 νόμου
1545 1805 1788 1858 πνευμα-

1895 606 2148 661 habuerit
2179 623 2324 674 eam,
2355 617 2410 663 et
2443 623 2551 663 non
2604 607 2871 661 invenerit
2901 607 3124 676 gratiam
3174 617 3298 662 ante
3338 621 3469 662 ocu-

1895 697 1977 754 los
2031 700 2152 769 ejus
2204 710 2422 770 propter
2453 699 2691 770 aliquam
2736 697 3054 763 foeditatem,
3083 715 3102 748 ι
3146 705 3200 752 et
3249 708 3465 766 castera,

1892 789 1959 844 ad
1990 791 2040 845 id
2077 807 2250 862 usque
2283 811 2298 847 :
2337 811 2355 845 ι
2393 790 2471 847 Ne
2522 806 2747 863 peccare
2796 789 3008 844 faciatis
3043 797 3264 856 terram,
3302 806 3466 859 quam

1893 881 2154 939 Dominus
2209 883 2351 941 Deus
2416 891 2545 940 tuus
2613 883 2896 940 tradiderit
2961 881 3115 936 vobis
3179 881 3466 953 possiden-

1891 973 2015 1029 dam
2076 977 2114 1029 ¹.
2168 995 2186 1026 ι
2243 974 2357 1046 Ego
2403 991 2533 1031 vero
2583 991 2746 1047 super
2799 974 2866 1030 iis
2912 988 3033 1044 qua:
3093 972 3147 1026 in
3205 971 3305 1027 hac
3355 973 3469 1044 lege

1892 1066 2240 1120 continentur
2293 1067 2422 1121 illud
2468 1082 2691 1137 quaero,
2729 1076 2911 1121 utrum
2960 1073 3152 1135 praeter
3193 1065 3352 1119 verba
3385 1066 3465 1119 ni-

1894 1156 1969 1209 hil
2007 1157 2062 1210 in
2112 1173 2174 1212 ea
2228 1157 2662 1228 investigandum
2703 1157 2810 1222 sit,
2860 1154 3300 1227 quandoquidem
3346 1171 3464 1210 eam

1892 1264 2001 1302 non
2061 1249 2184 1304 tulit
2236 1247 2417 1316 Deus;
2465 1265 2535 1304 an
2583 1247 2876 1304 Pharisaeis
2923 1248 2974 1303 id
3024 1245 3463 1317 proferentihus:

1899 1358 1917 1390 ι
1958 1338 2169 1411 Moyses
2214 1340 2489 1395 mandavit
2523 1340 2652 1396 dare
2682 1341 2922 1395 libellum
2966 1338 3196 1408 repudii,
3227 1348 3279 1394 et
3299 1339 3460 1411 641

1893 1429 2161 1486 dimittere
2178 1437 2223 1501 ί,
2248 1449 2266 1483 ι
2302 1446 2587 1486 necessum
2633 1431 2796 1487 fuerit
2840 1431 2970 1485 illud
3021 1430 3236 1486 dicere:
3270 1449 3290 1483 ι
3321 1431 3467 1498 Quo-

1893 1521 2038 1573 niam
2071 1519 2282 1590 Moyses
2308 1520 2376 1575 ad
2407 1522 2663 1578 duritiam
2698 1523 2878 1578 cordis
2908 1523 3075 1578 vestri
3104 1523 3350 1593 permisit
3373 1537 3468 1577 vo-

1893 1610 1977 1666 bis
2015 1611 2284 1666 dimittere
2321 1627 2519 1667 uxores
2545 1622 2787 1678 vestras;
2828 1613 2896 1667 ab
2929 1611 3084 1667 initio
3129 1619 3308 1665 autem
3356 1625 3465 1665 non

1893 1701 1996 1757 fuit
2023 1702 2101 1757 sic
2123 1703 2164 1755 ³.
2189 1721 2209 1755 ι
2231 1701 2387 1768 Quod
2415 1704 2460 1758 si
2489 1704 2612 1774 quis
2627 1704 2696 1759 ad
2712 1701 3059 1774 Evangelium
3086 1700 3212 1758 Jesu
3239 1702 3463 1765 Christi,

1893 1794 2037 1864 quod
2064 1794 2234 1864 legem
2258 1795 2591 1865 spiritualem
2631 1809 2752 1850 esse
2784 1796 2974 1860 docet,
3014 1793 3335 1858 ascenderit,
3366 1794 3467 1848 hu-

184 1878 356 1930 τικὸν
384 1877 528 1933 νοῦν.
560 1880 724 1950 Φήσει
751 1879 808 1932 δὲ
839 1880 932 1933 καὶ
958 1879 1132 1934 ταῦτα
1158 1882 1186 1933 6
1219 1881 1385 1935 θέλων
1414 1881 1783 1953 τροπολογεῖν,

1891 1886 1975 1956 ius
2007 1900 2226 1956 quoque
2269 1885 2405 1958 legis
2455 1887 2791 1957 spiritualem
2829 1891 3152 1944 sententiam
3200 1889 3462 1958 requiret.

181 1969 282 2022 ὅτι
337 1969 528 2040 ὥσπερ
571 1971 650 2042 τῷ
689 1971 885 2043 Παύλῳ
927 1971 1217 2043 θαρροῦντι
1261 1975 1345 2042 ἐφ’
1451 1969 1562 2043 εἶχε
1605 1973 1786 2046 χάριτι

184 2064 451 2118 λέλεκται
495 2066 589 2118 τόν
648 2085 666 2117 ι
707 2067 849 2137 Γυνὴ
877 2066 1086 2120 δέδεται
1120 2069 1203 2136 ἐφ’
1231 2067 1354 2120 ὅσον
1401 2067 1588 2137 χρόνον
1640 2066 1705 2138 ζῇ
1758 2067 1786 2119 6

184 2156 344 2228 ἀνὴρ
395 2156 595 2227 αὐτῆς*
653 2157 748 2210 ὲάν
802 2157 859 2209 δὲ
911 2159 1148 2229 κοιμηθῇ
1207 2161 1235 2212 6
1305 2158 1464 2229 ἀνὴρ,
1527 2157 1786 2229 ἐλευθέρα

191 2250 357 2302 ἐστὶν
464 2250 603 2304 θέλει
631 2251 743 2320 (49)
785 2251 1120 2323 γαμηθῆναι,
1157 2251 1314 2322 μόνον
1340 2254 1396 2307 ὲν
1424 2251 1630 2324 Κυρίῳ.
1665 2253 1788 2306 Μα-

186 2342 515 2414 καριωτέρα
535 2343 590 2395 δέ
625 2346 790 2408 ἐστιν,
829 2345 922 2400 ἐὰν
957 2344 1130 2408 οὕτως
1158 2345 1336 2418 μείνῃ,
1365 2345 1502 2399 κατά
1524 2345 1623 2417 τὴν
1649 2344 1786 2416 ἐμὴν

187 2433 465 2506 γνώμην
520 2435 662 2488 δοκῶ
717 2436 775 2488 δὲ
831 2437 985 2504 κάγὼ
1045 2437 1262 2508 πνεῦμα
1320 2437 1454 2490 Θεοῦ
1516 2438 1691 2509 ἔχειν’
1763 2457 1780 2489 ι

185 2526 259 2579 ἐν
293 2524 508 2588 τούτοις
539 2527 647 2598 γάρ
677 2526 756 2579 τόο
792 2547 809 2577 ι
846 2528 1004 2582 Κατὰ
1037 2527 1134 2599 τὴν
1174 2528 1282 2598 (50)
1310 2529 1447 2601 ἐμὴν
1474 2529 1718 2601 γνώμην,
1764 2549 1780 2581 ι

185 2617 290 2671 ἵνα
351 2619 423 2691 μὴ
488 2620 871 2693 καταφρονηθῇ
931 2621 1006 2686 ὡς
1059 2623 1188 2694 κενὴ
1251 2624 1563 2694 πνεύματος
1617 2624 1784 2690 Θεοῦ,

189 2708 387 2774 καλῶς
443 2710 690 2781 ἐπήγαγε
743 2712 836 2765 τό·
895 2731 914 2764 ι
975 2713 1127 2767 Δοκῶ
1179 2714 1336 2783 κάγὼ
1391 2715 1610 2787 πνεῦμα
1649 2716 1785 2771 Θεοῦ

189 2801 380 2872 ἔχειν’
407 2801 578 2866 οὕτως
606 2804 701 2856 καὶ
733 2805 958 2858 Μωῦσεί
987 2804 1071 2859 διὰ
1102 2806 1200 2878 τὴν
1225 2806 1468 2860 δοθεῖσαν
1494 2809 1606 2878 (Si)
1637 2808 1787 2878 αύτῷ

190 2894 453 2960 ἐξουσίαν
477 2894 809 2965 νομοθετεῖν,
841 2896 982 2950 ὥστε
1014 2897 1176 2951 αὑτὸν
1205 2899 1300 2952 καὶ
1331 2900 1466 2971 πρὸς
1494 2900 1590 2971 τὴν
1621 2901 1785 2968 σκλη-

193 2985 500 3055 ροκαρδίαν
525 2987 618 3039 τοῦ
651 2985 779 3040 λαοῦ
807 2987 1097 3059 ἐπιτρέψαι
1133 2988 1274 3054 τινὰ,
1302 2991 1360 3043 ὲν
1391 2985 1470 3054 οἷς
1495 2986 1562 3062 ἦν
1594 2991 1686 3044 καὶ
1727 2991 1789 3044 τὸ

190 3077 462 3132 ἀπολύειν
488 3079 587 3143 τὰς
615 3082 898 3148 γυναῖκας,
927 3077 995 3152 ἦν
1029 3081 1094 3135 ἂν
1124 3081 1405 3137 πείθεσθαι
1434 3085 1518 3153 ἐφ’
1546 3079 1626 3148 οἷς
1647 3085 1788 3140 κατά

185 3166 302 3237 τὴν
331 3167 497 3220 αὐτοῦ
519 3167 743 3240 γνώμην
768 3170 1093 3241 ἐνομοθέτει,
1117 3171 1192 3234 ὼς
1217 3172 1310 3226 καὶ
1335 3174 1391 3224 ὲν
1414 3171 1624 3235 τούτοις
1647 3174 1786 3244 μετὰ

189 3258 514 3330 πνεύματος
543 3260 676 3314 Θεοῦ
699 3263 797 3334 τῆς
826 3263 1146 3334 νομοθεσίας
1182 3263 1499 3335 γενομένηςο
1528 3264 1622 3318 καὶ
1652 3266 1782 3337 ἐρεῖ,

188 3352 316 3414 ὅτι,
351 3352 402 3405 εἰ
428 3355 546 3425 οὐχί
578 3372 662 3418 τις
695 3355 792 3426 μὲν
832 3356 992 3427 νόμος
1034 3357 1399 3426 πνευματικός
1437 3357 1573 3420 ἐστι,
1611 3358 1696 3421 τις
1731 3357 1788 3411 δὲ

186 3445 302 3498 οὐκ
328 3445 444 3498 ἔστι
481 3447 737 3513 τοιοῦτος,
774 3449 936 3520 νόμος
965 3448 1021 3502 δέ
1056 3451 1170 3502 ἐστι
1203 3450 1297 3503 καὶ
1334 3443 1506 3515 οὗτος,
1543 3467 1785 3521 πνευμα-

188 3536 351 3600 τικός
384 3537 497 3590 ἐστι
531 3537 622 3591 καὶ
649 3532 820 3604 οὗτος,
852 3539 946 3592 καὶ
978 3537 1238 3609 ζητητέον
1267 3538 1431 3595 αὑτοῦ
1462 3539 1523 3592 τὸ
1548 3557 1789 3612 πνευμα-

190 3627 355 3680 tax/iv

1891 1976 2042 2032 Dicet
2073 1993 2202 2032 vero
2233 1978 2323 2046 qui
2360 1978 2745 2050 tropologicam
2781 1980 2972 2033 horum
3015 1980 3464 2050 signiﬁcationem

1889 2069 2101 2141 aperire
2139 2071 2406 2138 voluerit,
2451 2072 2594 2141 quod
2628 2072 3082 2142 quemadmodum
3126 2089 3155 2126 a
3189 2071 3356 2126 Paulo
3385 2071 3466 2124 di-

1891 2163 2027 2217 vinae
2051 2179 2214 2233 quam
2248 2163 2437 2218 habuit
2465 2164 2653 2235 gratiae
2683 2163 2889 2218 confiso
2915 2163 3118 2219 dictum
3142 2173 3224 2218 est
3255 2161 3383 2216 illud
3404 2162 3424 2192 ‘
3449 2178 3462 2216 ;

1897 2274 1916 2307 ι
1949 2255 2139 2311 Mulier
2163 2256 2380 2326 alligata
2408 2265 2489 2310 est
2515 2263 2720 2325 quanto
2747 2265 2987 2324 tempore
3012 2255 3096 2310 vir
3122 2254 3290 2309 vivit:
3318 2253 3466 2323 quod

1889 2349 1936 2402 si
1970 2349 2254 2404 dormierit
2288 2348 2370 2402 vir
2401 2347 2542 2417 ejus,
2578 2347 2803 2405 liberata
2841 2358 2944 2415 est,
2977 2348 3065 2402 cui
3099 2347 3214 2401 vult
3256 2348 3463 2401 nubat:

1889 2446 2097 2494 tantum
2132 2439 2186 2493 in
2220 2438 2468 2493 Domino.
2497 2435 2714 2491 Beatior
2747 2446 2927 2491 autem
2959 2436 3086 2503 erit,
3137 2435 3184 2490 si
3220 2434 3300 2490 sic
3339 2449 3464 2504 per-

1889 2531 2172 2596 manserit,
2209 2530 2514 2586 secundum
2544 2544 2724 2584 meum
2755 2529 3072 2595 consilium;
3116 2535 3244 2597 puto
3282 2537 3464 2580 autem

1888 2626 2034 2694 quod
2063 2635 2116 2680 et
2144 2639 2243 2695 ego
2274 2624 2526 2694 spiritum
2558 2621 2653 2678 Dei
2684 2622 2954 2689 habeam;
2989 2640 3006 2674 ι
3039 2622 3126 2677 hic
3154 2620 3299 2676 enim
3345 2633 3468 2672 ver-

1889 2717 1973 2772 bis
2013 2717 2174 2772 istis:
2214 2735 2233 2768 ι
2283 2715 2595 2771 Secundum
2636 2731 2817 2770 meum
2867 2713 3178 2777 consilium,
3210 2731 3229 2765 ι
3261 2727 3328 2766 ne
3372 2710 3466 2766 de-

1890 2810 2152 2879 spiciatur
2197 2809 2328 2864 illud
2377 2818 2634 2880 tanquam
2671 2807 2864 2878 spiritu
2897 2806 2987 2860 Dei
3033 2819 3287 2867 vacuum,
3321 2810 3466 2856 recte

1889 2900 2215 2971 sulijunxit:
2253 2919 2271 2953 ‹
2299 2899 2437 2954 Puto
2466 2909 2646 2956 autem
2680 2900 2826 2970 quod
2859 2907 2912 2953 et
2945 2912 3044 2968 ego
3074 2896 3324 2965 spiritum
3367 2893 3463 2948 Dei

1891 2993 2117 3048 habeam
2136 3011 2150 3059 ;
2170 3014 2188 3048 ι
2209 2993 2283 3046 ita
2301 3001 2353 3047 et
2375 2991 2566 3062 Moysi,
2595 3000 2814 3062 propter
2845 2991 3158 3046 attributam
3190 2989 3240 3043 ei
3286 2989 3461 3057 legum

1891 3083 2234 3139 ferendarum
2275 3093 2619 3154 potestatem,
2655 3085 2790 3138 adeo
2839 3091 2900 3137 ut
2943 3089 3164 3152 propter
3206 3079 3461 3134 duritiem

1813 3215 1855 3273 ο
1889 3175 2070 3232 cordis
2101 3176 2308 3246 populi,
2341 3191 2523 3231 rerum
2556 3175 2976 3273 nonnullarum,
3024 3187 3132 3273 qua
3165 3171 3262 3273 ‘fas.
3310 3177 3462 3234 erat,

1888 3277 1944 3324 ct
1971 3284 2205 3324 uxorum
2239 3267 2699 3339 repudiandarum
2736 3264 3049 3321 facultatem
3077 3262 3305 3325 dederit,
3339 3275 3461 3314 mo-

1890 3375 2005 3415 rem
2036 3360 2092 3415 in
2124 3361 2209 3416 his
2241 3360 2402 3415 rebus
2431 3373 2618 3431 gerere
2656 3357 2873 3423 licebat,
2925 3370 3064 3426 quas
3095 3363 3286 3423 suopte
3327 3365 3462 3406 con-

1889 3451 2014 3506 silio
2043 3451 2348 3516 sanciebat,
2378 3457 2566 3521 utpote
2594 3450 2701 3505 lata
2733 3463 2895 3520 super
2948 3447 3034 3503 his
3075 3460 3290 3518 quoque
3336 3457 3462 3498 cum

1891 3543 2086 3612 spiritu
2121 3542 2215 3598 Dei
2245 3542 2396 3612 lege;
2449 3549 2504 3597 et
2554 3541 2695 3596 dicet
2727 3541 2836 3606 ille,
2878 3539 2924 3595 si
2968 3555 3076 3594 non
3128 3537 3308 3607 aliqua
3343 3535 3462 3604 qui-

1889 3635 2011 3692 dem
2046 3637 2130 3692 lex
2167 3636 2469 3708 spiritualis
2490 3645 2606 3702 est;
2649 3634 2830 3704 aliqua
2879 3648 3010 3689 vero
3050 3646 3162 3687 non
3206 3640 3293 3686 est
3314 3628 3464 3699 ejus-

194 3721 388 3790 modi;
426 3722 506 3778 lex
553 3739 682 3778 vero
733 3736 788 3780 et
835 3724 926 3780 illa
973 3732 1091 3790 est,
1143 3724 1485 3796 spiritualem
1538 3742 1757 3799 quoque
1797 3730 1937 3788 hanc
1973 3748 2125 3801 esse,
2167 3741 2221 3788 et
2279 3747 2500 3788 sensum
2555 3731 2699 3786 illius
2747 3729 3084 3799 spiritualem
3135 3725 3464 3794 investigan-

189 3811 334 3868 dum
366 3827 508 3868 cssc.

269 3904 628 3975 Μεμνημένοι
657 3905 712 3959 δὲ
743 3905 850 3961 τῶν
881 3907 1138 3980 ἀνωτέρω
1179 3911 1309 3980 ἡμῖν
1336 3910 1672 3983 λελεγμένων
1704 3914 1784 3978 είς

191 3992 259 4046 τὸ
291 3993 388 4046 τοῦ
427 3987 649 4049 Ἡσαΐου
684 3997 812 4069 περὶ
840 3997 934 4051 τοῦ
967 3999 1167 4069 βιϐλίου
1195 4002 1294 4072 τῆς
1322 4004 1655 4072 ἀποστασίας
1688 4010 1784 4079 ρη-

191 4085 316 4152 τὺν,
370 4088 634 4159 φήσομεν,
683 4091 764 4143 ὃτι
823 4091 1019 4162 ἑαυτὴν
1076 4092 1383 4164 ἀπέστησεν
1442 4096 1634 4168 ἀνδρὸς
1687 4098 1780 4152 τοῦ

191 4178 443 4252 Χριστοῦ
469 4183 502 4251 ή
534 4181 714 4253 μήτηρ
737 4181 832 4235 τοῦ
867 4182 1018 4248 λαοῦ,
1057 4184 1131 4255 μὴ
1161 4184 1400 4241 λαϐοῦσα
1433 4188 1492 4240 τὸ
1521 4189 1617 4260 τῆς
1643 4190 1780 4243 ἀπο-

195 4271 434 4335 στασίας
481 4269 713 4343 βιϐλίον·
773 4272 998 4346 ὕστερον
1047 4275 1125 4340 δὲ,
1177 4277 1265 4330 ὅτε
1308 4278 1503 4350 εὑρέθη
1548 4281 1605 4333 ὲν
1642 4282 1780 4352 αὐτῇ

1964 3912 2050 3969 19.
2093 3911 2292 3968 Eorum
2329 3921 2512 3968 autem
2544 3925 2814 3966 memores
2855 3924 2978 3980 quae
3003 3915 3184 3976 supra
3229 3920 3260 3959 a
3305 3902 3462 3957 nobis

1892 4004 1946 4058 in
1980 4003 2126 4058 hunc
2153 4003 2306 4059 Isaiae
2335 4003 2401 4058 de
2434 4002 2620 4058 libello
2650 4001 2859 4070 repudii
2893 4000 3074 4055 locum
3122 3997 3263 4052 dicta
3313 4004 3462 4061 sunt,

1892 4103 2122 4151 matrem
2151 4095 2335 4166 populi
2368 4110 2476 4149 non
2510 4102 2734 4164 accepto
2763 4092 2974 4164 repudii
3015 4089 3218 4152 libello,
3262 4103 3292 4141 a
3348 4087 3462 4140 viro

1890 4201 1992 4242 suo
2045 4187 2268 4242 Christo
2329 4195 2522 4256 sponte
2577 4185 2896 4240 discessisse
2951 4180 3459 4254 pronuntiahimus;

1889 4278 2083 4335 deinde
2113 4293 2243 4334 vero
2291 4287 2578 4349 postquam
2630 4275 2848 4334 foeditas
2890 4276 2944 4331 in
2978 4291 3042 4331 ea
3090 4282 3300 4344 reperta
3341 4278 3459 4337 est,

192 4367 453 4438 ἄσχημον
485 4369 736 4438 πρᾶγμα,
784 4369 878 4421 καὶ
918 4370 1015 4441 οὐχ
1042 4365 1166 4441 εὗρε
1213 4371 1371 4444 χάριν
1419 4374 1658 4427 ἐναντίον
1689 4375 1784 4429 αύ-

1891 4379 1941 4425 et
1969 4386 2154 4425 coram
2187 4370 2280 4424 illo
2307 4369 2534 4440 gratiam
2566 4384 2677 4423 non
2717 4367 2942 4433 invenit,
2970 4365 3212 4420 libellum
3239 4363 3305 4418 ad
3340 4377 3462 4418 eam

189 4457 319 4521 τοῦ,
354 4458 570 4530 ἐγράφη
604 4460 741 4531 αὐτῇ
780 4457 979 4529 βιϐλίον
1021 4462 1350 4514 ἀποστασίου
1372 4478 1386 4493 ο
1421 4462 1644 4534 δυνάμει
1675 4464 1783 4537 γὰρ

189 4555 227 4623 ἡ
275 4552 442 4622 καινὴ
482 4553 746 4624 Διαθήκη,
798 4555 922 4618 τοὺς
950 4555 1058 4609 ἀπὸ
1091 4555 1198 4607 τῶν
1241 4554 1407 4610 ἐθνῶν
1437 4557 1673 4610 καλοῦσα
1704 4560 1784 4622 εἰς

190 4646 300 4715 τὴν
328 4643 505 4697 οἰκίαν
527 4644 620 4697 τοῦ
640 4644 738 4716 τὴν
767 4646 1033 4717 προτέραν
1064 4649 1294 4714 γυναῖκα
1316 4647 1780 4720 ἀποϐεϐληκότος,

190 4737 256 4790 τὸ
292 4736 496 4807 βιϐλίον
533 4736 626 4790 τοῦ
657 4737 986 4791 ἀποστασίου
1027 4738 1222 4792 δέδωκε
1251 4742 1317 4810 τῇ
1354 4741 1618 4813 πρότερον
1645 4743 1780 4796 ἀπο-

193 4831 376 4902 στάσῃ
419 4829 511 4883 τοῦ
550 4830 740 4900 ἀνδρὸς
785 4831 951 4902 νόμου
986 4831 1078 4884 καὶ
1111 4831 1314 4899 Λόγου·
1361 4831 1441 4884 διὸ
1497 4833 1589 4885 καὶ
1621 4833 1782 4896 αὐτὸς

190 4923 372 4993 αὐτῆς
414 4922 656 4986 ἀποστὰς
689 4922 912 4994 ἔγημεν,
947 4922 1012 4976 ἵν’
1046 4921 1217 4986 οὕτως
1255 4922 1529 4992 ὀνομάσω,
1565 4923 1778 4994 ἑτέραν,

190 5013 324 5076 δοὺς
351 5014 433 5076 εἰς
455 5011 554 5077 τὰς
581 5016 770 5085 χεῖρας
800 5012 900 5083 τῆς
933 5013 1204 5084 προτέρας
1236 5013 1296 5065 τὸ
1325 5011 1415 5066 τοῦ
1448 5015 1778 5068 ἀποστασίου

270 5155 285 5184 ¹
328 5151 546 5210 Deuter.
572 5169 721 5220 xxw,
748 5153 800 5220 1,
836 5155 890 5210 4.
967 5158 988 5189 ³
1016 5153 1205 5209 Matth.
1245 5169 1360 5220 χιχ,
1393 5153 1442 5208 7.
1521 5156 1540 5187 ³
1564 5155 1693 5211 ibid.
1723 5155 1778 5212 8.

268 5290 387 5362 (49)
429 5292 606 5346 Codex
645 5289 868 5362 Regius,
902 5291 1007 5348 κᾶν
1036 5291 1197 5362 θέλει.

270 5360 388 5430 (50)
435 5362 509 5415 Τό
524 5378 537 5392 ο
573 5360 747 5416 Κατᾶ
775 5360 917 5429 τήν,
951 5370 1057 5418 etc.
1106 5361 1249 5434 Lege
1291 5360 1398 5432 τῷο
1440 5361 1600 5416 Κατά
1646 5363 1775 5434 τήν,

192 5441 307 5488 etc.

269 5499 388 5568 (5|)
438 5500 636 5571 Οὕτως
675 5502 772 5555 καὶ
800 5500 1044 5557 Μωῦσεῖ
1060 5501 1159 5556 διὰ
1189 5501 1303 5571 τὴν
1328 5501 1630 5568 δοθεῖσαν,
1671 5511 1775 5557 etc.

196 5569 338 5625 Vide
371 5570 729 5639 Ambrosium
769 5573 864 5626 lib.
897 5588 1016 5639 vni,
1051 5574 1107 5626 in
1129 5569 1259 5628 Luc.
1302 5589 1413 5627 xvi.
1454 5572 1780 5628 Ptolemzeus

196 5641 345 5710 apud
366 5638 725 5713 Epiphanium
755 5643 946 5713 haeresi
966 5638 1160 5713 xxxnr,
1186 5659 1308 5713 qua
1330 5652 1413 5697 est
1434 5642 1782 5698 Ptolemaita-

197 5726 348 5776 rum,
373 5725 503 5783 cap:
525 5711 578 5773 Ιι,
609 5711 777 5782 legem
811 5711 1012 5783 Mgoysis
1063 5711 1329 5768 trifariam
1375 5713 1688 5780 distribuit,
1725 5720 1782 5767 ut

200 5797 306 5833 una
329 5796 394 5853 pa
405 5797 458 5832 rs
480 5780 798 5853 Deum,'alia
821 5780 1084 5853 Mo'ysem,
1111 5784 1268 5838 tertia
1296 5783 1514 5838 demum
1536 5783 1780 5838 seniores

201 5851 392 5922 populi
424 5861 675 5908 auctores
715 5851 928 5908 habeat.
956 5852 1290 5925 Praeceptum
1332 5863 1512 5909 autem
1555 5853 1685 5909 illud
1715 5854 1781 5908 de

1886 4462 2097 4534 repudii
2130 4463 2389 4533 scriptum
2420 4476 2578 4529 esse;
2610 4475 2809 4516 novum
2839 4457 3459 4528 quippe'l‘estamentum

1885 4553 2136 4609 ethnicos
2178 4553 2232 4606 in
2285 4550 2406 4622 ejus
2453 4550 2680 4606 domum
2727 4562 3040 4604 convocans
3081 4546 3172 4615 qui
3223 4544 3458 4614 priorem

1888 4661 2116 4702 uxorem
2150 4645 2472 4715 repudiavit,
2505 4643 2745 4698 libellum
2771 4640 2979 4713 repudii
3029 4637 3270 4709 potentia
3318 4635 3463 4691 dedit

1885 4740 1935 4796 ei
1963 4755 2084 4810 quae
2112 4755 2143 4794 a
2173 4739 2310 4803 viro,
2345 4739 2461 4809 lege
2507 4737 2734 4802 scilicet,
2767 4743 2820 4790 et
2861 4733 3038 4789 Verbo
3077 4732 3416 4788 discesserat
3444 4746 3457 4782 :

1888 4841 2174 4903 propterea
2206 4841 2260 4886 et
2305 4831 2419 4900 ipse
2471 4830 2659 4885 relicta
2708 4828 2820 4893 illa,
2848 4826 3031 4888 aliam,
3061 4833 3120 4878 ut
3151 4823 3224 4877 ita
3258 4822 3456 4880 dicam,

1887 4923 2061 4990 duxit,
2096 4922 2308 4993 repudii
2337 4921 2520 4976 libello
2550 4920 2721 4990 priori
2766 4920 2819 4974 in
2864 4929 3057 4972 manus
3094 4913 3329 4975 tradito;
3375 4910 3458 4962 idc

1886 5017 2034 5072 circo
2060 5031 2184 5086 quae
2213 5014 2316 5071 sibi
2341 5013 2498 5084 juxta
2539 5013 2709 5083 legem
2757 5008 3010 5066 mandata
3055 5013 3204 5068 sunt,
3243 5012 3460 5074 propter

1854 5156 1875 5188 ⁸
1904 5155 1924 5210 l
1949 5155 2076 5213 Cor.
2107 5171 2204 5222 vn,
2237 5155 2328 5223 '59,
2363 5154 2452 5209 40.

1884 5290 2068 5346 libello
2090 5290 2321 5361 repudii,
2343 5289 2509 5361 Moysi
2529 5295 2808 5361 acceptum
2835 5281 3024 5361 referri
3041 5279 3179 5361 vult,
3198 5277 3457 5361 abeoqne

1885 5369 2073 5418 contra
2106 5348 2541 5415 m'anda'tum'Dei
2583 5348 2754 5412 fuisse
2783 5355 3013 5409 editum.
3040 5349 3096 5404 Id
3127 5348 3364 5419 graviter
3388 5348 3455 5400 ab

1887 5415 2192 5501 Epiphanio
2214 5429 2646 5501 reprehenditur,
2665 5436 2718 5501 e_t
2741 5425 2932 5501 merito
2945 5415 3169 5501 quidem
3184 5437 3198 5486 ;
3213 5415 3455 5501 Moysem

1886 5487 2031 5557 enim
2057 5501 2192 5570 legis
2215 5487 2551 5556 conditorem
2586 5487 2656 5551 ita
2683 5495 2848 5570 fuisse
2872 5487 3089 5570 volebat
3111 5487 3453 5570 Ptolemaeus,

1889 5556 1949 5626 ut
1979 5556 2425 5641 ejusvcondendaa
2452 5564 2945 5641 auctorem_Deum_
2969 5560 3138 5641 fuisse
3172 5557 3358 5641 nollet.
3385 5556 3455 5610 At

1891 5626 2110 5713 alia'est
2157 5640 2408 5710 Origenis
2442 5638 2615 5713 ratio;
2647 5651 2675 5688 a
2711 5635 2822 5688 Deo
2861 5631 3234 5713 enjmdegum
3277 5626 3456 5713 feren-

1888 5711 2080 5766 darum
2117 5697 2520 5780 potestatemin
2549 5697 2790 5780 Moysem
2812 5697 3136 5780 profluxisse-3
3168 5699 3252 5780 bis
3273 5697 3455 5780 verbis

1888 5792 2072 5847 aperte
2118 5766 2390 5837 iestatur:
2431 5777 2518 5830 διὰ
2565 5766 2661 5847 τὴν
2709 5766 2954 5829 hostem
2995 5768 3144 5841 αὐτῷ
3187 5766 3452 5834 ἐξουσίαν.

1889 5851 2151 5907 llusrws.
