3954 6526
206 381 350 443 i237

1160 379 1509 440 COMMENT.
1548 380 1618 439 IN
1655 381 2073 443 MATTHEUM
2111 381 2347 440 TOMUS
2370 381 2511 440 XIV.

3315 388 3461 447 i238

214 486 669 575 Ἐξῆλθεῖοίνυν
708 502 742 575 ὴ
773 488 1015 576 προτέρα
1045 503 1179 579 γυνὴ
1223 509 1257 578 ἡ
1303 506 1377 578 μή
1419 505 1654 579 εὑροῦσα
1693 506 1793 577 χά-

1902 506 2030 572 viro,
2061 506 2151 562 cui
2190 521 2250 562 se
2284 505 2558 572 submisit,
2601 505 2715 563 sive
2763 505 2937 562 virum
2977 507 3123 566 hunc
3157 508 3459 566 Barabbam

207 613 299 669 ριν
358 595 598 652 ἐναντίον
646 594 739 649 τοῦ
780 595 1005 669 ἀνδρὸς,
1062 597 1141 670 τῷ
1201 597 1463 670 εὑρῆσθαι
1532 600 1591 653 ἐν
1650 598 1786 669 αὐτῇ

202 689 458 760 ἄσχημον
522 689 786 761 πρᾶγμα,
846 688 954 742 ἀπὸ
1016 690 1116 760 τῆς
1178 690 1355 753 οἰκίας
1423 688 1518 743 τοῦ
1563 689 1793 761 άνδρὸςξ

203 781 308 834 καὶ
355 780 660 834 ἀπελθοῦσα
704 781 995 852 γεγένηται
1047 781 1204 852 ἀνδρὶ
1259 782 1451 853 ἐτέρῳ,
1502 775 1547 851 ᾧ
1594 782 1789 854 ἑαυτὴν

205 869 501 936 ὖπέταξεν,
533 873 641 925 εἴτε
672 872 926 945 Βαραϐἄν
963 872 1071 945 (6i)
1101 873 1191 927 τὸν
1227 872 1429 944 λῃστὴν
1469 874 1574 945 χρὴ
1610 873 1791 944 λέγειν

203 964 302 1017 τὸν
350 964 540 1034 ἄνδρα,
574 965 703 1018 ὄντα
743 965 1020 1037 τροπικῶς
1058 965 1149 1018 τὸν
1195 964 1459 1029 διάϐολον,
1508 966 1617 1019 εἴτε
1664 964 1786 1020 τινὰ

205 1055 441 1128 δύναμιν
470 1057 731 1129 πονηράν.
762 1058 873 1111 Καὶ
900 1056 992 1111 ἐπί
1029 1074 1187 1110 τινων
1220 1057 1317 1128 μὲν
1344 1058 1441 1128 τῆς
1471 1057 1787 1129 συναγωγῆς

204 1153 430 1223 ἐκείνης
456 1151 769 1223 συμϐέϐηκε
800 1152 859 1205 τὸ
888 1152 1151 1224 πρότερον
1178 1154 1234 1205 ἐν
1262 1150 1340 1222 τῷ
1367 1150 1517 1222 νόμῳ
1544 1167 1788 1222 γεγραμ-

208 1241 397 1314 μένον,
448 1245 532 1314 ἐφ’
581 1244 783 1316 ἐτέρων
822 1244 880 1298 δὲ
928 1242 1310 1317 τὸδεύτερον·
1353 1246 1382 1297 6
1419 1243 1529 1316 γάρ
1570 1242 1790 1313 ἔσχατος

207 1335 356 1407 ἀνὴρ
399 1334 629 1408 ἐμίσησε
667 1335 764 1408 τὴν
817 1338 1072 1405 γυναῖκα,
1123 1337 1215 1389 καὶ
1260 1335 1460 1407 γράφει
1495 1334 1607 1405 (62)
1652 1334 1788 1405 αὐτῇ

209 1442 350 1479 ποτε
381 1427 475 1480 ἐπὶ
510 1426 651 1481 τέλει
679 1426 787 1480 τῶν
819 1426 1158 1499 πραγμάτων
1205 1426 1408 1497 βιϐλίον
1438 1425 1791 1488 ἀποστασίου,

204 1516 374 1572 τοῦτο
410 1519 816 1590 οῑκονομοῦντος
838 1518 932 1573 τοῦ
969 1518 1126 1585 Θεοῦ,
1157 1519 1250 1573 καὶ
1269 1518 1426 1573 δώσει
1463 1520 1542 1583 εἱς
1569 1517 1668 1582 τὰς
1696 1519 1789 1588 χεῖ·

205 1626 322 1684 ρας
361 1612 556 1681 αὐτῆς,
604 1612 699 1665 καὶ
747 1610 1094 1678 ὲξαποστελεῖ
1141 1610 1309 1683 αὐτὴν
1359 1613 1424 1664 ἐκ
1468 1611 1567 1682 τῆς
1622 1608 1798 1672 οἰκίας

1889 614 2011 654 esse
2038 598 2327 654 dicendum
2357 607 2464 665 est,
2501 612 2615 669 quo
2655 597 2906 655 diabolus
2945 599 3151 670 tropice
3190 602 3465 672 signiﬁca-

1879 697 2001 756 οων,
2042 688 2205 761 643
2250 690 2366 744 sive
2401 688 2665 743 nefariam
2714 688 2953 759 aliquam
3004 697 3345 759 potestatem.
3396 690 3466 747 Et

1890 800 2019 840 vero
2046 786 2371 856 quibusdam
2409 802 2475 842 ex
2520 786 2610 841 illa
2644 800 2917 858 synagoga
2965 785 3191 855 contigit
3221 785 3274 840 id
3318 785 3462 855 quod

1892 877 1946 931 in
1980 878 2096 948 lege
2126 877 2308 948 priore
2344 878 2463 933 loco
2491 878 2750 947 scriptum
2787 885 2906 942 est;
2948 876 3071 932 aliis
3099 885 3278 931 autem
3319 876 3467 947 quod

1891 953 2164 1032 secundo}
2197 978 2508 1039 postremus
2535 971 2678 1024 enim
2712 968 2801 1023 ille
2832 968 2917 1022 vir
2942 982 3168 1023 uxorem
3200 966 3326 1023 odio
3370 967 3470 1021 ha-

1892 1059 2035 1126 nuit,
2067 1067 2121 1114 et
2147 1060 2195 1114 ei
2227 1061 2440 1115 tandem
2471 1060 2763 1130 aliquando
2803 1059 2857 1114 in
2902 1058 3009 1115 line
3038 1073 3220 1113 rerum
3250 1056 3463 1127 repudii

1891 1151 2133 1206 libellum
2160 1152 2223 1218 ¹⁸,
2254 1152 2364 1207 Deo
2390 1153 2442 1208 id
2472 1160 2761 1218 statuente,
2797 1151 3017 1217 scribet,
3055 1150 3215 1220 eique
3259 1148 3313 1203 in
3354 1163 3469 1203 ma-

1895 1258 2001 1298 nus
2025 1242 2194 1309 dabit,
2229 1253 2278 1298 et
2319 1244 2469 1298 illam
2505 1244 2571 1299 de
2602 1244 2768 1298 domo
2813 1257 2912 1299 sua
2954 1241 3169 1313 eiiciet;
3207 1237 3471 1310 quemad-

1897 1333 2120 1389 modum
2153 1334 2297 1390 enim
2328 1354 2346 1387 ι
2377 1335 2691 1390 inimicitias
2716 1343 2878 1404 ponet
2907 1341 3213 1403 serpentem
3250 1331 3391 1386 inter
3413 1337 3470 1385 et

1899 1424 2587 1492 mulieremibonusDeus,
2609 1445 2627 1478 ι
2655 1428 2864 1482 etinter
2896 1441 3081 1482 semen
3114 1425 3255 1496 eius,
3296 1432 3351 1479 et
3384 1438 3471 1478 se-

1900 1531 2024 1573 men
2053 1518 2274 1584 illius";
2304 1536 2323 1569 ι
2344 1518 2626 1575 itactliciet
2660 1519 2824 1587 Deus,
2864 1527 2927 1574 ut
2951 1532 3073 1574 eam
3115 1518 3240 1574 odio
3273 1516 3471 1572 habeat

1899 1618 2207 1680 postremus
2231 1610 2336 1665 vir.

201 1705 413 1761 αὐτοῦ·
461 1706 536 1770 ὡς
577 1707 683 1779 γὰρ
729 1725 751 1759 ι
817 1706 1016 1779 ἔχθραν
1068 1726 1086 1759 ι
1144 1692 1181 1759 ’ὁ
1232 1705 1433 1776 ἀγαθὸς
1473 1705 1605 1769 Θεὸς
1651 1722 1670 1756 ι
1713 1703 1866 1774 θήσει
1903 1704 2006 1758 άνά
2059 1706 2226 1777 μέσον
2266 1706 2362 1761 τοῦ
2408 1707 2583 1779 ὄφεως
2625 1708 2719 1763 καὶ
2772 1708 2869 1779 τῆς
2909 1709 3187 1777 γυναικίς,
3235 1706 3327 1760 καὶ
3366 1702 3469 1758 άνά

207 1801 384 1871 μέσον
423 1800 517 1855 τοῦ
565 1802 874 1875 σπέρματος
924 1801 1112 1868 αὐτοῦ,
1169 1802 1263 1856 καὶ
1310 1801 1414 1857 άνὰ
1470 1802 1637 1875 μέσον
1697 1797 1791 1853 τοῦ
1852 1798 2164 1872 σπέρματος
2229 1802 2420 1875 αὐτῆς,
2456 1823 2474 1855 ι
2524 1802 2696 1867 οὕτως
2733 1802 3093 1874 οἰκονομήσει,
3143 1800 3229 1854 ῖνα
3263 1798 3469 1869 μισήσῃ

203 1898 389 1967 αὐτὴν
419 1899 449 1952 6
472 1897 610 1969 ἀνὴρ
636 1901 666 1952 6
700 1897 943 1968 ἔσχατος.

282 1992 410 2045 Εἰσὶ
454 1993 510 2047 δὲ
559 1989 640 2057 οἷς
688 1993 1004 2065 συμϐέϐηκε
1048 1996 1315 2048 συνοικεῖν
1359 1993 1452 2048 τὸν
1499 1994 1667 2066 ἄνδρα
1721 1992 1795 2063 μὴ

1967 1988 2057 2043 20.
2101 1988 2236 2044 Sunt
2283 2003 2412 2045 vero
2444 1988 2690 2045 nonnulli
2722 2003 2849 2044 cum
2891 1986 3094 2058 quibus
3138 1998 3247 2040 una
3288 1983 3469 2038 virum

202 2086 526 2155 μισήσαντα
573 2087 791 2150 αὐτοὺς,
819 2087 900 2159 τῷ
949 2089 1283 2159 παραμεῖναι
1314 2089 1371 2142 ἐν
1400 2086 1477 2159 τῷ
1522 2086 1657 2158 οἴκῳ
1702 2086 1796 2139 τοῦ

204 2177 449 2249 ἐσχάτου
476 2178 668 2250 ἀνδρὸς
703 2178 837 2252 (65),
869 2180 963 2233 καὶ
991 2179 1245 2245 λαϐόντος
1292 2180 1469 2235 αὐτῶν
1501 2179 1598 2252 τὴν
1637 2196 1799 2234 συνα-

205 2268 403 2340 γωγὴν
430 2269 607 2341 ἐαυτῷ
632 2274 867 2339 γυναῖκα
886 2289 898 2301 ·
936 2271 1072 2325 ἀλλά
1096 2275 1189 2326 καὶ
1217 2273 1310 2326 ἐπὶ
1332 2273 1535 2327 τούτων
1560 2272 1798 2344 ἀποθνή-

207 2375 341 2414 σκει
372 2361 400 2412 6
447 2359 670 2430 ἔσχατος
713 2361 873 2432 ἀνὴρ,
919 2362 1059 2432 τάχα
1100 2361 1267 2439 ἡνίκα
1311 2362 1378 2416 ἂν
1428 2381 1448 2414 ι
1500 2366 1529 2418 6
1573 2362 1801 2434 ἔσχατος

206 2451 411 2525 ἐχθρὸς
443 2450 681 2523 Χριστοῦ
710 2455 959 2525 καταργῇ
1009 2453 1118 2525 (64)
1158 2453 1403 2518 θάνατος.
1436 2475 1459 2507 ι
1516 2455 1801 2528 Ὁπότερον

205 2544 271 2597 δὲ
305 2543 510 2597 τούτων
544 2544 611 2598 ἂν
653 2543 898 2616 γένηται,
940 2546 1049 2600 εἴτε
1080 2546 1141 2600 τὸ
1178 2547 1443 2621 πρότερον
1481 2548 1591 2601 εἴτε
1621 2549 1683 2603 τὸ
1711 2567 1801 2603 τε-

206 2637 465 2692 λευταῖον
516 2640 582 2710 τῇ
616 2640 858 2708 γυναικὶ,
891 2659 909 2691 ι
948 2642 1008 2695 οὐ
1052 2641 1349 2713 δυνήσεται
1373 2641 1506 2714 (65),
1543 2643 1727 2713 φησὶν,
1772 2644 1801 2696 6

207 2730 362 2803 ἀνὴρ
391 2733 420 2785 6
450 2732 711 2804 πρότερος
739 2752 758 2784 ι
782 2735 812 2786 6
840 2731 1228 2799 ἐξαποστείλας
1260 2733 1449 2805 αὐτὴν,
1469 2732 1803 2806 ἐπαναστρέ-

209 2823 328 2893 ιῖιας
384 2841 403 2875 ι
448 2822 634 2878 λαϐεῖν
675 2824 845 2897 αὐτὴν
886 2824 964 2897 τῷ
996 2819 1133 2879 εἶναι
1164 2825 1341 2897 ἐαυτῷ
1374 2828 1627 2895 γυναῖκα,
1666 2825 1804 2898 μετὰ

209 2912 279 2966 τὸ
344 2914 632 2987 μιανθῆναι
682 2917 871 2989 αὐτὴν,
924 2919 1013 2972 ὅτε
1071 2917 1365 2989 βδέλυγμα,
1420 2919 1607 2991 φησὶν,
1654 2918 1803 2974 ἐστὶν

211 3004 464 3059 ἐναντίον
511 3005 715 3079 Κυρίου
746 3008 838 3061 τοῦ
874 3008 1008 3062 Θεοῦ
1054 3026 1164 3063 σου.
1204 3027 1224 3061 ι
1264 3008 1423 3063 Ἀλλά
1461 3008 1633 3064 ταῦτα
1663 3010 1805 3078 δόξει

215 3097 298 3169 μὴ
330 3098 642 3172 κατάλληλα
666 3095 804 3155 εἶναι
832 3099 910 3172 τῷ
928 3118 941 3131 ·
978 3120 998 3153 ι
1043 3100 1167 3154 Ἐάν
1197 3100 1259 3155 τὸ
1287 3101 1555 3174 πλήρωμα
1584 3101 1690 3155 τῶν
1716 3101 1804 3156 ἐθ-

205 3188 329 3243 νῶν
356 3192 593 3264 εἰσέλθῃ,
617 3195 722 3256 πᾶς
766 3192 981 3266 Ἰσραὴλ
997 3194 1296 3267 σωθήσεται
1317 3211 1331 3224 ·
1361 3213 1379 3248 ι
1412 3197 1513 3267 ὅρα
1544 3196 1602 3250 δὲ
1633 3197 1682 3250 εί
1712 3194 1805 3250 δύ-

210 3298 381 3337 ναται
415 3284 511 3336 καὶ
545 3284 680 3357 πρὸς
707 3283 865 3340 τοῦτο
905 3284 1182 3354 λέγεσθαι,
1217 3287 1299 3340 ὅτι
1337 3288 1574 3353 πάντως,
1612 3290 1661 3342 εί
1701 3306 1804 3342 σω-

211 3374 468 3446 θήσεται,
496 3377 574 3449 τῷ
622 3378 713 3432 τὸν
745 3378 913 3451 ἄνδρα
960 3379 1131 3450 αὐτῆς
1174 3381 1264 3434 τὸν
1309 3382 1571 3454 πρότερον
1603 3383 1803 3437 ἐπανα-

212 3465 531 3536 στρέψαντα
552 3467 736 3521 λαϐεῖν
765 3469 935 3540 αὐτὴν
956 3468 1035 3540 τῷ
1064 3465 1202 3523 εἶναι
1235 3471 1384 3541 αὐτῷ
1407 3473 1639 3540 γυναῖκα
1671 3473 1805 3543 μετὰ

208 3554 280 3610 τὸ
315 3556 608 3627 μιανθῆναι
634 3559 803 3632 αὐτὴν
838 3557 1161 3629 σωθήσεται.
1205 3559 1404 3631 ἰερεὺς
1428 3562 1526 3632 μὲν
1554 3557 1648 3616 οῦν
1674 3563 1806 3635 πόρ-

211 3664 318 3719 νην
353 3649 448 3701 κα)⁹
469 3648 876 3723 ἐκϐεϐλημένην
906 3653 968 3706 οὺ
999 3652 1226 3724 λήψεται
1260 3654 1460 3724 ἐαυτῷ,
1484 3656 1717 3723 γυναῖκα
1744 3654 1803 3709 δέ

211 3753 305 3801 τις
354 3737 465 3811 (66)
511 3741 572 3793 οὐ
626 3740 915 3806 κωλύεται,
961 3745 1037 3808 ὡς
1084 3744 1437 3817 ὑποϐεϐηκὼς
1486 3748 1597 3800 τὸν.
1632 3747 1801 3820 ἱερέα,

214 3831 450 3901 ποιῆσαι
476 3832 538 3885 τὸ
580 3823 839 3889 τοιοῦτον.
884 3836 1022 3889 Ἀλλ’
1052 3835 1148 3891 ἐὰν
1182 3838 1435 3909 περὶτῆς
1480 3839 1589 3893 τῶν
1636 3841 1805 3896 ἐθνῶν

214 3921 469 3992 κλήσεως
523 3922 621 3994 τὴν
675 3925 880 3998 πόρνην
938 3925 1128 3997 ζητῇς,
1183 3927 1365 3999 χρήσῃ
1418 3926 1532 3997 τῷο
1583 3947 1603 3979 ι
1657 3928 1804 3982 Λάϐε

216 4012 437 4083 σεαυτῷ
468 4017 704 4084 γυναῖκα
729 4016 1003 4088 πορνείας,
1041 4018 1134 4073 καὶ
1157 4019 1324 4071 τέκνα
1356 4018 1630 4090 πορνείας,
1661 4037 1680 4071 ›
1711 4020 1806 4074 καὶ

212 4106 335 4168 τοῖς
376 4104 501 4176 ἑξῆς
522 4122 535 4136 ·
569 4107 645 4171 ὡς
675 4107 784 4180 γάρ
805 4110 853 4162 οί
884 4110 1047 4181 ἱερεῖς
1075 4109 1132 4161 ἐν
1157 4108 1236 4179 τῷ
1270 4109 1399 4180 ίερῷ
1435 4108 1497 4163 τὸ
1537 4110 1804 4165 σάϐϐατον

217 4197 584 4270 βεϐηλοῦντες
607 4201 835 4255 ἀναίτιοί
871 4201 1009 4255 εἰσιν
1033 4218 1047 4232 ο
1082 4200 1255 4266 οὕτως
1284 4204 1342 4256 ἐν
1372 4201 1547 4274 καιρῷ
1588 4203 1803 4275 λαμϐάε-

213 4308 330 4345 νων
372 4295 605 4360 γυναῖκα
634 4293 890 4366 πορνείας
914 4295 942 4347 6
972 4294 1248 4349 ἐκϐάλλων
1272 4295 1372 4367 τὴν
1403 4296 1678 4368 προτέραν
1707 4312 1801 4365 γυ-

213 4385 387 4439 ναῖκα
407 4385 503 4438 καὶ
522 4384 763 4449 άναίτιός
786 4387 925 4448 ἐστι,
940 4388 1168 4457 ποιήσας
1191 4386 1322 4440 αὐτὸ
1346 4386 1488 4440 κατὰ
1507 4386 1606 4457 τὴν
1634 4387 1805 4458 πρόσ-

213 4474 375 4539 ταξιν
406 4475 522 4539 τοῦ,
550 4476 637 4530 ὅτε
670 4477 769 4543 δεῖ,
805 4477 1068 4543 εἰπόντος,
1096 4478 1190 4532 καὶ
1233 4478 1337 4542 ἕως
1374 4478 1542 4550 ἐχρῆν
1567 4478 1631 4532 τό
1654 4495 1667 4510 ·
1699 4479 1803 4531 Γυ-

216 4566 387 4620 ναῖκα
434 4566 638 4638 πόρνην
665 4567 725 4622 οὗ
768 4568 994 4640 λήψεται
1016 4587 1030 4601 ⁸
1063 4569 1156 4623 καὶ
1185 4568 1273 4622 ὅτε
1304 4567 1523 4639 εὔλογον
1550 4566 1638 4642 ἦν,
1673 4571 1807 4642 φησι

1901 2083 2149 2139 habitare
2180 2083 2446 2152 contingit
2475 2082 2701 2137 minime
2726 2096 2822 2137 eos
2850 2079 2977 2136 odio
3007 2079 3320 2143 habentem,
3339 2089 3464 2131 cum

1900 2176 1956 2231 in
1985 2176 2088 2230 viri
2118 2174 2283 2231 domo
2331 2182 2629 2238 maneant,
2671 2173 2766 2244 qui
2807 2181 2863 2228 et
2900 2186 3089 2227 eorum
3138 2181 3467 2242 synagogam

1900 2268 2185 2339 coniugem
2226 2266 2328 2323 sibi
2366 2266 2638 2337 sumpsit;
2687 2264 2780 2321 sed
2817 2273 2873 2320 et
2915 2272 3144 2319 mortem
3183 2260 3298 2316 obit
3331 2262 3471 2315 inte.

1901 2361 2005 2415 rim
2040 2369 2348 2431 postremus
2379 2359 2484 2424 vir,
2517 2366 2631 2412 tum
2663 2355 2896 2412 fortasse
2926 2370 3051 2411 cum
3085 2373 3104 2407 ι
3135 2353 3471 2410 novissimus

1901 2451 2078 2507 hostis
2119 2450 2324 2506 Christi
2369 2449 2668 2505 destruitur
2709 2462 2859 2503 mors
2884 2449 2949 2501 ιδ.
2981 2466 3001 2501 ι
3046 2446 3118 2502 At
3154 2444 3474 2502 utrumlibet

1903 2541 2120 2606 horum,
2142 2542 2258 2599 sive
2286 2542 2458 2612 prius,
2489 2542 2602 2597 sive
2624 2548 2961 2612 postremum
2992 2538 3214 2610 coniugi
3237 2535 3470 2601 eveniat,

1909 2652 1929 2686 ι
1958 2650 2066 2691 non
2100 2635 2320 2706 poterit,
2353 2634 2612 2705 inquit“,
2644 2634 2792 2704 prior
2823 2631 3057 2688 maritus
3077 2647 3096 2685 ι
3118 2629 3214 2702 qui
3232 2643 3353 2686 eam
3388 2628 3474 2684 di-

1903 2722 2625 2794 misit,reversus«recipere
2655 2738 2777 2779 eam
2809 2723 2866 2779 in
2900 2738 3151 2786 uxorem,
3180 2730 3473 2794 postquam

1904 2816 2107 2888 polluta
2131 2829 2245 2881 est,
2279 2817 2503 2887 quando
2533 2816 2941 2883 abominabilis,
2968 2816 3180 2887 inquit,
3212 2814 3355 2871 facta
3386 2821 3472 2872 est

1903 2922 2088 2964 coram
2115 2906 2347 2963 Domino
2374 2905 2485 2963 Deo
2516 2915 2629 2962 tuo.
2665 2926 2684 2959 ι
2732 2907 2840 2962 Sed
2870 2907 2987 2962 haec
3010 2921 3120 2962 non
3145 2904 3474 2961 videbuntur

1902 3000 2024 3057 istis
2064 3013 2368 3070 congruere
2393 3016 2407 3053 :
2439 3016 2458 3051 ι
2489 2997 2546 3054 Si
2578 2998 2855 3069 plenitudo
2882 2996 3121 3069 gentium
3152 2995 3470 3062 intraverit,

1904 3092 2084 3149 omnis
2133 3091 2299 3148 Israel
2346 3091 2532 3148 salvus
2550 3090 2699 3147 ﬂet"
2720 3104 2972 3163 ;i_verum
3003 3087 3374 3144 animadverte
3401 3102 3472 3143 an

1904 3184 1973 3238 ad
2004 3182 2060 3239 id
2101 3183 2417 3254 responderi
2451 3189 2649 3255 queat,
2683 3180 2833 3252 quod
2874 3180 2922 3236 si
2952 3180 3182 3236 salutem
3211 3179 3473 3249 adeptura

1904 3285 2023 3340 est,
2066 3289 2290 3331 necesse
2318 3274 2389 3330 sit
2415 3314 2429 3339 .
2465 3282 2525 3329 ut
2562 3288 2782 3330 reverso
2812 3271 2991 3344 priore
3018 3271 3215 3327 marito
3255 3286 3375 3328 eam
3416 3272 3473 3329 in

1905 3367 2194 3440 coniugem
2219 3367 2324 3424 sibi
2353 3376 2632 3432 sumente,
2660 3374 2949 3437 postquam
2978 3363 3186 3436 polluta
3229 3370 3316 3419 est
3334 3401 3350 3429 ,
3386 3377 3477 3418 sa-

1905 3460 2073 3516 lutem
2105 3468 2491 3531 consequatur.
2526 3457 2864 3515 Meretricem
2889 3456 3109 3528 quidem
3137 3463 3193 3512 et
3225 3454 3479 3527 repudia-

1905 3561 2015 3609 tam
2049 3554 2302 3610 sacerdos
2331 3566 2556 3609 uxorem
2594 3551 2695 3608 sibi
2724 3565 2830 3607 non
2862 3548 3092 3620 accipiet
3109 3549 3182 3616 “;
3212 3556 3266 3603 et
3296 3545 3477 3619 quivis

1904 3652 2080 3721 alius,
2134 3659 2323 3723 utpote
2364 3650 2646 3708 sacerdote
2691 3648 2946 3716 inferior,
2990 3643 3285 3719 quominus
3333 3641 3477 3697 idem

1905 3743 2094 3811 faciat,
2123 3742 2349 3797 minime
2381 3741 2721 3813 prohibetur.
2749 3737 2856 3793 Sed
2880 3738 2928 3794 si
2950 3738 3007 3792 in
3036 3735 3320 3792 vocatione
3349 3745 3482 3802 gen-

1906 3836 2041 3890 tium
2089 3834 2429 3890 meretricem
2472 3830 2817 3903 quaesiveris,
2865 3828 2970 3885 hoc
3012 3828 3133 3883 loco
3182 3825 3352 3880 utitor
3381 3821 3424 3856 ⁸⁹
3461 3839 3475 3875 :

1910 3946 1929 3979 ι
1960 3924 2127 3981 Sume
2153 3925 2249 3980 tibi
2273 3939 2500 3980 uxorem
2534 3922 2983 3984 fornicationum,
3003 3926 3057 3973 et
3078 3916 3277 3971 liberos
3307 3911 3481 3968 forni-

1904 4023 2201 4084 cationum,
2227 4036 2246 4071 ι
2280 4025 2333 4072 et
2363 4030 2486 4087 quae
2519 4022 2647 4071 sunt
2680 4014 2935 4083 deinceps
2971 4028 2986 4067 :
3018 4005 3479 4083 quemadmodum

1904 4111 2048 4167 enim
2078 4108 2373 4164 Sabbatum
2406 4106 2673 4163 violantes
2704 4104 2759 4158 in
2788 4102 2995 4175 templo
3027 4098 3341 4158 sacerdotes
3369 4097 3481 4153 cri-

1906 4203 2053 4258 mine
2084 4200 2372 4267 vacant“;
2400 4200 2473 4254 ita
2501 4199 2595 4270 qui
2624 4196 2850 4253 dimissa
2878 4194 3060 4267 priore
3092 4191 3323 4262 conjuge
3345 4203 3483 4246 uxo-

1905 4308 2021 4349 rem
2068 4290 2445 4347 fornicationis
2494 4297 2796 4360 opportune
2840 4302 2906 4343 ac
2938 4283 3261 4356 tempestive
3293 4281 3478 4346 ducit,

1905 4392 1959 4438 et
1984 4382 2143 4453 culpa
2166 4390 2323 4438 vacat
2347 4382 2441 4452 qui
2488 4381 2541 4436 id
2591 4378 2723 4434 facit
2751 4376 3013 4433 mandato
3058 4375 3179 4446 eius
3201 4374 3483 4443 obtempe—

1906 4492 2035 4532 rans
2068 4477 2161 4548 qui
2207 4475 2431 4547 quando
2459 4482 2513 4530 et
2544 4482 2816 4544 quatenus
2866 4470 3123 4526 meretrix
3164 4484 3272 4525 non
3316 4467 3388 4524 sit
3424 4467 3482 4522 in

1908 4584 2131 4625 uxorem
2178 4567 2464 4635 sumenda,
2508 4566 2709 4622 edixit:
2751 4573 2806 4619 at
2839 4564 3058 4635 quando
3094 4562 3148 4617 id
3181 4575 3484 4633 congruere

215 4656 282 4710 τό
303 4672 320 4688 ·
352 4675 372 4708 ‹
404 4656 549 4711 Λάϐε
583 4658 794 4730 σεαυτῷ
830 4663 1055 4728 γυναῖκα
1075 4662 1331 4733 πορνείας
1352 4677 1366 4691 ·
1408 4680 1426 4712 t
1453 4660 1529 4724 ὡς
1559 4660 1668 4733 γὰρ
1694 4661 1798 4717 Κύ-

1910 4663 2086 4719 visum
2112 4669 2234 4728 est,
2267 4660 2348 4717 sic
2376 4660 2489 4715 ait:
2523 4678 2543 4711 ι
2573 4656 2740 4713 Sume
2773 4657 2871 4712 tibi
2899 4670 3127 4712 uxorem
3163 4652 3484 4711 fornicatio-

218 4750 339 4822 ριός
361 4751 480 4804 ἐστι
511 4749 606 4804 τοῦ
643 4751 911 4806 σαϐϐάτου
944 4755 973 4807 6
1006 4753 1134 4818 Υἱὸς
1159 4753 1253 4807 τοῦ
1297 4752 1605 4826 ἀνθρώπου,
1630 4755 1723 4809 καὶ
1743 4755 1798 4809 οὐ

1905 4772 2060 4813 unm.
2094 4775 2113 4809 ι
2149 4753 2304 4811 Sicut
2335 4754 2480 4809 enim
2504 4751 2771 4811 Dominus
2801 4758 2885 4806 est
2921 4747 3148 4805 Sabbati
3177 4746 3350 4803 Filius
3382 4745 3484 4802 bo-

214 4842 407 4907 ϐοῦλος
430 4842 524 4897 τοῦ
560 4844 852 4909 σαϐϐάτου,
875 4845 951 4909 ὡς
979 4847 1008 4899 6
1039 4844 1187 4913 λαὸς,
1217 4844 1390 4910 οὕτως
1417 4846 1622 4919 Κύριός
1658 4849 1798 4902 ἐστιν

1908 4850 2074 4905 minis
2093 4889 2107 4914 ,
2138 4863 2239 4904 nec
2264 4846 2490 4902 Sabbati
2526 4861 2741 4913 servus,
2778 4852 2838 4900 ut
2866 4842 3134 4915 populus;
3184 4841 3260 4895 ita
3281 4839 3374 4910 qui
3404 4839 3485 4894 le-

212 4936 245 4990 6
266 4932 362 4991 τδν
392 4934 554 5001 νόμον
585 4935 781 5001 διδοὺς,
815 4936 1013 4991 διδόναι
1042 4938 1140 5008 μὲν
1161 4957 1179 4988 ι
1205 4938 1333 5010 ἄχρι
1362 4936 1553 5009 καιροῦ
1580 4936 1798 5010 διορθώ-

1905 4957 2028 5013 gem
2058 4941 2172 5007 dat,
2205 4957 2223 4992 ι
2254 4954 2429 5010 usque
2455 4938 2522 4995 ad
2555 4946 2770 5009 tempus
2803 4932 3215 4992 correctionis“
3244 4950 3263 4984 ι
3307 4931 3481 5001 legem

217 5043 383 5093 σεως,
399 5044 418 5080 ι
437 5028 532 5083 καὶ
556 5028 843 5086 ἀλλάσσειν
865 5029 1045 5103 νόμον*
1071 5031 1392 5094 ἐπιστάντος
1413 5030 1469 5085 δὲ
1493 5030 1587 5085 τοῦ
1610 5032 1798 5106 καιροῦ

1910 5032 2058 5089 ferre
2104 5041 2162 5088 et
2198 5040 2410 5087 mutare
2458 5037 2668 5105 potest;
2722 5029 3009 5100 ingruente
3053 5038 3185 5081 vero
3237 5030 3483 5093 tempore

292 5148 339 5180 "
362 5146 585 5222 Denter.
612 5168 761 5220 utv,
779 5154 832 5209 5.
910 5153 956 5187 ιδ
975 5150 1111 5210 Gen.
1139 5170 1220 5220 tu,
1245 5155 1332 5210 15.
1410 5153 1455 5186 ¹⁸
1488 5152 1508 5207 I
1534 5155 1661 5210 Cor.
1686 5166 1798 5222 xv,‘

1963 5155 2008 5188 ¹⁶
2035 5155 2252 5212 Denter.
2276 5168 2425 5220 xxw,
2453 5150 2508 5206 4.
2586 5149 2629 5182 ¹⁷
2657 5147 2815 5204 Rom.
2849 5160 2929 5213 ιιι,
2948 5144 3040 5213 25,
3061 5143 3152 5200 26.
3229 5141 3274 5175 “
3301 5139 3478 5198 Levit.

218 5233 338 5287 nt,
373 5219 464 5277 14.
563 5224 606 5256 ⁸⁸
630 5219 767 5280 Osee
791 5240 832 5291 t,
854 5223 911 5278 2.
1011 5226 1057 5258 ⁸ο
1091 5223 1282 5281 Matth.
1315 5240 1412 5293 xu,
1442 5224 1497 5281 5.
1572 5227 1616 5259 ²¹
1648 5219 1792 5281 Hebr

1907 5227 2035 5295 ,to.

218 5332 308 5422 Ita
346 5337 521 5422 codex
548 5339 713 5422 habet
749 5338 974 5422 Regius,
1026 5340 1358 5422 Anglicanus
1390 5349 1577 5397 autem.
1605 5342 1806 5422 omittit
1909 5341 2113 5422 Regius
2136 5348 2191 5422 et
2215 5339 2571 5422 Anglicanus,
2596 5337 2736 5422 licet
2759 5333 2986 5422 Ilu‘etius
3010 5333 3068 5390 in
3100 5333 3345 5406 margine
3376 5346 3480 5390 vce

219 5407 554 5483 καῖ-ἕτεροι,
587 5407 855 5477 Quamvis
877 5407 1059 5483 autem
1107 5407 1161 5467 i'n
1207 5422 1401 5467 neutro
1424 5414 1798 5479 manuscriptu

1907 5407 2024 5470 cert:
2053 5411 2283 5483 ἐσχάτου
2309 5407 2410 5483 ἐοῇ
2441 5409 2611 5483 Regio
2649 5407 2874 5483 tribuat:

220 5477 417 5533 codice
442 5476 647 5535 "ullum
693 5492 953 5606 aplpareat
1011 5482 1221 5537 lacuna:
1262 5483 1591 5552 vestigium,
1643 5476 1798 5539 locus

221 5556 410 5625 tamen
469 5550 685 5625 videtur
776 5552 991 5621 iulcus,
1036 5553 1269 5624 ideoque
1318 5553 1611 5611 asteriscos
1644 5553 1798 5610 addi-

2118 5476 2427 5604 Ratap'ﬁﬁ.
2459 5476 2604 5563 .Lege
2629 5476 2994 5566 καταργῆται.

1998 5554 2067 5625 65
2129 5552 2323 5625 Codexh
2389 5566 2562 5625 cgtus,
2588 5548 2830 5625 δυναται.
2866 5616 2881 5625 _

221 5556 410 5624 tamen
469 5550 685 5624 videtur
727 5548 991 5621 hiulcus,
1036 5553 1269 5624 ideoque
1318 5548 1611 5611 asteriscos
1644 5553 1802 5610 addi-
1976 5548 2089 5624 (65)
2129 5548 2563 5624 Codechgjus,
2588 5548 2830 5624 δύναται.

220 5617 306 5671 dit
334 5615 590 5675 ﬂuetius.
974 5615 985 5621 ’
1181 5615 1195 5624 ’

293 5687 415 5823 $23))
447 5688 776 5815 ᾆαῇαϐᾶνὶ
772 5689 915 5764 Lege
937 5701 1184 5823 υὶὶυρτο
1209 5691 1525 5765 Βαραϐϐᾶν.

359 5794 392 5811 ..
498 5777 539 5823 ρ
583 5777 699 5823 ςρει.
777 5777 874 5823 cge
905 5777 976 5823 γρ
1057 5780 1126 5817 ει.

359 5758 415 5836 ἓ)
455 5758 699 5836 Dadast-
734 5758 1126 5836 14056196953:

297 5827 414 5901 (63)
459 5827 757 5901 Ἐσχάτου
788 5827 1040 5904 ᾶνδρὅς.’
1063 5831 1155 5891 Sic
1179 5832 1344 5893 habet
1378 5842 1608 5909 uterque
1631 5835 1800 5895 codex

1974 5614 2108 5694 (‘66),
2129 5621 2396 5694 Γυναῖκα
2423 5614 2637 5694 ῖῖἐμιςιςτ
2668 5616 2980 5694 Legendum
3011 5614 3195 5694 forte:
3223 5618 3478 5687 γυναῖκα,

1908 5689 2149 5758 ἄλλος’δέ
2181 5709 2287 5755 τις,
2317 5692 2401 5746 vel
2429 5690 2560 5760 quid
2595 5689 2793 5755 simile,
2822 5698 2877 5743 et
2905 5689 3030 5744 licet
3070 5689 3125 5760 in
3166 5697 3481 5760 neutro_co-

1907 5766 2028 5840 dice
2048 5756 2629 5840 'tnanuscripto'ullum
2652 5760 2725 5817 sit
2760 5759 2969 5818 lacuna:
2992 5759 3307 5832 vestigium,
3334 5756 3479 5818 ﬂuo-

1908 5836 2020 5893 tius
2048 5829 2374 5891 asteriscum
2401 5829 2637 5889 infersit.
