3954 6574
507 398 532 455 ι
542 392 646 448 259

1965 385 2283 443 ORIGENIS

3601 382 3722 437 l2;0

501 510 857 566 correctionis
881 525 1076 564 novam
1108 511 1249 565 viam
1269 551 1285 576 ,
1322 524 1632 578 novumque
1673 524 1766 563 cor
1793 508 1846 563 in
1876 527 1895 559 ι
1926 515 2064 562 tem—

2173 508 2267 578 τῆς
2297 504 2652 579 διορθώσεως,
2688 505 2783 559 καὶ
2808 504 3008 559 διδόναι
3040 501 3176 576 μετὰ
3198 504 3296 575 τὴν
3331 502 3601 576 προτέραν
3624 504 3724 558 ὁδδν

500 617 631 675 pore
662 611 917 671 accepto,
965 610 1021 655 et
1049 601 1102 655 in
1130 602 1218 657 die
1249 601 1507 657 salutis“
1537 620 1556 653 ι
1593 601 1723 656 dare
1753 609 1874 671 post
1918 601 2067 670 prio-

2166 602 2259 656 καὶ¹
2291 600 2427 672 μετὰ
2455 599 2552 670 τὴν
2585 597 2854 670 προτέραν
2878 596 3103 669 καρδίαν
3127 596 3242 650 ὁδὸν
3272 594 3469 668 ἑτέραν
3497 597 3591 650 καὶ
3617 614 3728 670 καρ-

502 711 616 751 rem
645 694 790 749 viam
823 701 877 748 et
918 692 1083 766 6M
1132 694 1283 763 prius
1316 708 1430 748 cor.
1476 692 1653 762 Atque
1699 693 1815 748 bam
1844 691 2062 763 quidem

2173 693 2281 747 δίαν
2305 691 2495 763 ἑτέραν
2521 709 2538 741 ι
2570 687 2745 761 καιρῷ
2770 686 2942 759 δεκτῷ
2964 687 3060 741 καὶ
3084 689 3142 741 ὲν
3172 689 3354 761 ἡμέρᾳ
3380 689 3672 762 σωτηρίας.
3704 707 3720 741 ι

498 788 653 856 juxta
680 798 842 838 unam
870 785 1267 855 expositionem
1313 800 1476 856 super
1511 784 1676 840 libelli
1712 784 1922 855 repudii
1950 784 2066 855 lege

440 924 445 931 ,
500 875 645 932 dicta
679 874 809 929 sint.
1800 935 1809 943 ι

567 962 659 1019 2|.
700 961 1021 1031 Quzesiverit
1052 972 1235 1019 autem
1269 964 1467 1035 aliquis
1495 980 1565 1019 an
1606 964 1844 1018 humana
1884 963 2066 1018 anima

496 1055 698 1125 conjux
721 1095 737 1121 ,
780 1065 834 1111 et
860 1056 910 1111 ei
943 1056 1230 1126 praefectus
1275 1056 1532 1123 angelus,
1573 1058 1853 1127 ipsiusque
1892 1057 2067 1127 impc-

501 1147 644 1202 rium
673 1162 866 1217 gerens
887 1189 902 1215 ,
930 1163 1054 1204 cum
1081 1164 1191 1219 quo
1221 1163 1340 1203 eam
1375 1156 1591 1219 regente
1618 1148 2067 1203 consuetudinem

500 1238 662 1293 habet
704 1239 794 1295 illa
819 1279 835 1305 ,
866 1240 952 1295 vir
984 1241 1190 1310 tropice
1235 1240 1343 1296 dici
1388 1249 1589 1310 queat;
1624 1239 1759 1295 adeo
1791 1248 1849 1293 ut
1897 1254 2070 1294 unus-

496 1330 730 1401 quisque
751 1330 907 1400 juxta
932 1331 1007 1397 id,
1041 1332 1277 1387 animam
1304 1347 1427 1402 quae
1445 1331 1614 1386 divini
1645 1332 1819 1401 angeli
1847 1330 2065 1385 tutelam

500 1421 691 1475 merita
726 1419 928 1487 fuerit,
976 1422 1212 1494 legitime
1241 1423 1436 1489 ducat;
1467 1433 1522 1478 at
1548 1432 1670 1494 post
1696 1424 1911 1493 longam
1938 1437 2070 1478 con—

500 1513 841 1569 suetudinem
871 1524 922 1569 et
957 1516 1278 1572 diuturnum
1314 1518 1702 1571 commercium
1750 1515 1866 1571 ﬁeri
1898 1514 2072 1586 possit

498 1609 559 1657 ut
604 1602 827 1660 fmditas
868 1606 1048 1676 aliqua
1099 1607 1153 1661 in
1212 1607 1395 1662 anima
1430 1614 1641 1676 reperta
1671 1622 1893 1663 causam
1934 1621 2070 1677 prae-

496 1693 641 1761 beat,
671 1711 769 1752 cur
791 1699 1020 1768 gratiam
1049 1713 1232 1755 coram
1260 1700 1455 1769 angelo
1479 1708 1693 1756 rectore
1722 1715 1824 1757 suo
1849 1714 1913 1756 ac
1933 1700 2071 1755 duce

497 1800 607 1840 non
634 1786 912 1856 inveniat;
946 1798 1059 1845 tum
1086 1804 1214 1844 vero
1243 1790 1605 1861 chirographa
1644 1792 1807 1847 scribi
1857 1792 2071 1862 possint

496 1884 559 1932 ut
586 1877 868 1943 assolent,
915 1895 1130 1935 necnon
1158 1889 1204 1936 et
1249 1881 1412 1936 scribi
1446 1882 1659 1938 libellus
1691 1882 1940 1953 repudii,
1974 1881 2065 1953 qui

494 1970 554 2023 in
585 1984 780 2027 manus
821 1973 1008 2028 uxoris
1054 1974 1349 2044 repudiata:
1392 1975 1656 2041 tradatur,
1707 1982 1766 2028 nt
1798 1990 1907 2029 non
1954 1989 2070 2028 am-

496 2061 642 2136 plius
686 2062 884 2133 prioris
933 2064 1163 2120 rectoris
1194 2063 1482 2121 familiaris
1540 2066 1611 2120 sit
1646 2074 1702 2120 et
1747 2065 2067 2133 domestica,

498 2162 787 2229 postquam
816 2156 883 2211 de
911 2156 1079 2212 domo
1110 2157 1258 2213 illius
1305 2158 1478 2228 ejecta
1506 2166 1625 2224 est;
1668 2158 1860 2212 deinde
1883 2173 2011 2212 vero
2038 2173 2070 2214 e

498 2248 671 2323 priori
716 2248 882 2305 domo
909 2257 1133 2305 extrusa
1162 2251 1315 2305 alteri
1350 2251 1468 2306 viro
1500 2251 1704 2306 nubere
1755 2252 1960 2321 possit,
2016 2261 2070 2306 et

500 2342 644 2411 apud
684 2354 810 2397 eum
855 2356 968 2397 rem
998 2357 1152 2398 suam
1185 2341 1472 2399 infeliciter
1506 2358 1729 2413 gerere;
1767 2359 1875 2398 non
1904 2344 2068 2401 modo

496 2435 728 2508 gratiam
770 2448 955 2490 coram
993 2450 1059 2491 eo
1102 2450 1214 2491 non
1258 2435 1575 2503 inveniens,
1609 2437 2067 2505 quemadmodum

496 2540 599 2581 nec
627 2524 767 2595 apud
790 2525 1032 2597 priorem
1054 2567 1069 2591 ,
1101 2527 1246 2598 quod
1281 2527 1339 2583 in
1381 2543 1448 2583 ea
1494 2527 1712 2585 foeditas
1741 2529 2065 2596 inveniatur,

499 2618 593 2675 sed
615 2617 744 2673 odio
765 2617 931 2673 etiam
963 2618 1150 2674 abillo
1180 2619 1392 2682 habita;
1435 2633 1646 2675 necnon
1669 2618 1740 2674 ab
1768 2619 1872 2674 hoc
1899 2619 2068 2676 altero

496 2708 711 2765 libellus
737 2709 814 2763 illi
841 2710 1053 2779 repudii
1080 2710 1267 2776 scribi,
1304 2720 1360 2767 et
1382 2726 1413 2765 a
1444 2719 1722 2781 postremo
1750 2712 1870 2768 viro
1900 2728 1932 2767 a
1958 2728 2068 2783 quo

496 2814 565 2855 ex
610 2800 783 2870 ipsius
812 2801 976 2856 domo
1002 2800 1291 2857 detnrbata
1318 2812 1433 2869 est,
1482 2802 1531 2857 ei
1581 2803 1636 2857 in
1678 2818 1877 2859 manus
1918 2804 2057 2859 dari.

497 2892 566 2949 At
590 2891 841 2961 quamvis
873 2890 1052 2946 audax
1078 2891 1151 2947 sit
1175 2902 1229 2948 et
1267 2895 1554 2949 temeraria
1581 2894 1837 2965 questio,
1864 2910 1932 2950 an
1964 2910 2063 2950 an-

495 2983 740 3056 gelorum
759 2984 869 3040 vita
892 3000 1055 3055 quam
1074 3000 1197 3040 cum
1234 2985 1549 3042 hominibus
1569 2996 1760 3058 agunt,
1776 2987 2067 3044 mutationi

496 3074 569 3134 sit
609 3075 844 3131 obnoxia
866 3114 883 3142 ,
930 3077 1065 3133 adeo
1092 3089 1152 3132 ut
1178 3086 1450 3147 quatenus
1475 3078 1585 3134 illis
1612 3080 1900 3135 nobiscum
1929 3095 2064 3136 con-

2166 785 2275 837 Καὶ
2304 783 2476 837 ταῦτα
2509 783 2605 853 μὲν
2634 780 2773 834 κατὰ
2805 780 2931 850 μίαν
2961 779 3208 850 διήγησιν
3238 779 3477 851 λελέχθω
3524 782 3605 846 είς
3648 781 3727 836 τὸν

2167 878 2295 949 περὶ
2326 874 2422 929 τοῦ
2456 873 2659 945 βιϐλίου
2688 872 2788 942 τῆς
2816 870 3152 934 άποστασίας
3177 871 3358 943 νόμον.

2240 969 2477 1040 Ζητήσαι
2516 965 2560 1019 δ’
2600 965 2665 1019 ἄν
2709 981 2792 1029 τις
2839 966 2887 1017 εί
2919 962 3138 1017 δύναται
3169 965 3201 1034 ἡ
3235 962 3556 1035 ἀνθρωπίνη
3599 961 3729 1037 ψυχὴ

2166 1059 2439 1132 τροπικῶς
2477 1055 2730 1125 λέγεσθαι
2770 1054 2927 1127 γυνὴ,
2963 1056 3057 1109 καὶ
3087 1057 3115 1108 6
3144 1056 3548 1126 προϊστάμενος
3581 1055 3731 1126 αὐτῆς

2168 1151 2396 1221 ἄγγελος
2444 1151 2538 1204 καὶ
2588 1150 2769 1221 ἄρχων
2826 1148 3012 1219 αὐτῆς,
3068 1147 3201 1221 πρὸς
3246 1148 3304 1201 ὃν
3345 1149 3378 1218 ή
3428 1146 3730 1219 ἀναστροςὴ

2166 1244 2379 1315 γίνεται
2394 1243 2562 1313 αὐτῆς
2596 1240 3057 1313 κατακυριεύοντα
3090 1239 3280 1310 αὐτῆς,
3310 1238 3473 1312 ἀνὴρ,
3505 1239 3584 1303 ὡς
3608 1240 3731 1291 κατὰ

2166 1335 2322 1389 τοῦτο
2361 1335 2588 1389 ἕκαστον
2635 1332 2879 1404 νομίμως
2925 1333 3187 1385 συνοικεῖν
3225 1333 3291 1402 τῇ
3335 1330 3487 1401 ψυχῇ
3521 1329 3631 1401 (67)
3676 1332 3731 1401 τῇ

2169 1427 2294 1498 ἀξίᾳ
2310 1425 2642 1499 προστασίας
2664 1423 2809 1477 θείου
2830 1422 3082 1492 ἀγγέλουο
3102 1422 3308 1490 γένοιτο
3327 1421 3372 1475 δ’
3391 1420 3459 1475 άν
3482 1437 3614 1474 ποτε
3638 1419 3730 1492 (68)

2173 1518 2312 1591 μετὰ
2339 1518 2437 1591 τὴν
2468 1518 2561 1571 ἐπὶ
2592 1516 2772 1570 πλεῖον
2812 1514 3090 1587 διατριϐὴν
3120 1515 3213 1568 καὶ
3252 1513 3576 1585 συνοίκησιν
3603 1511 3731 1565 αἰτία

2170 1612 2227 1664 ὲν
2247 1610 2391 1682 ψυχῇ
2413 1610 2506 1664 τοῦ
2537 1608 2610 1681 μὴ
2626 1607 2897 1681 εὑρίσκειν
2923 1607 3080 1678 χάριν
3102 1605 3338 1659 ἐναντίον
3353 1604 3449 1658 τοῦ
3469 1603 3735 1676 κυριεύον-

2169 1720 2260 1767 τος
2292 1703 2385 1758 καὶ
2430 1704 2689 1775 ἄρχοντος
2718 1699 2888 1770 αὐτῆς
2919 1698 3167 1767 ἀγγέλου,
3200 1698 3261 1750 τὸ
3288 1697 3642 1768 εὑρίσκεσθαι
3682 1697 3732 1747 έν

2170 1796 2305 1866 αὐτῇ
2337 1796 2581 1865 ἄσχημον
2614 1794 2864 1865 πρᾶγμα,
2898 1791 2991 1845 καὶ
3024 1791 3285 1861 γράφοιτο
3319 1789 3406 1853 ἂν,
3438 1789 3523 1853 ὡς
3552 1788 3733 1861 γρὰςε-

2170 1904 2279 1951 ται,
2327 1885 2684 1957 χειρόγραφα,
2736 1882 2999 1955 γράφοιτο
3049 1881 3108 1935 δὲ
3151 1880 3353 1951 βιϐλίον
3387 1879 3731 1941 ἀποστασίου,

2168 1977 2439 2049 διδόμενον
2477 1978 2557 2039 είς
2585 1974 2682 2038 τὰς
2711 1977 2901 2045 χεῖρας
2926 1972 3027 2042 τῆς
3058 1970 3478 2042 ἐκϐαλλομένης,
3515 1972 3605 2023 ἵνα
3638 1987 3731 2040 μγ,-

2170 2070 2284 2123 κέτι
2316 2068 2489 2123 οἰκεία
2578 2066 2671 2120 τοῦ
2717 2058 2980 2138 προτέρου
3015 2064 3315 2137 προστάτου
3343 2066 3376 2136 ἡ
3418 2062 3734 2131 ἐξαποστελ-

2168 2159 2367 2231 λομένη
2419 2161 2483 2212 ὲκ
2520 2158 2621 2228 τῆς
2668 2158 2845 2221 οἰκίας
2889 2155 3053 2210 αὑτοῦ
3077 2173 3091 2186 ·
3126 2155 3221 2210 καὶ
3262 2156 3466 2224 γένοιτο
3511 2156 3562 2209 δ’
3600 2154 3664 2208 ἂν
3702 2154 3731 2223 ἡ

2166 2251 2474 2305 ἀπελθοῦσα
2498 2250 2606 2304 άπὸ
2625 2249 2727 2320 τῆς
2756 2249 3026 2322 προτέρας
3055 2249 3227 2311 οἰκίας
3253 2249 3420 2319 ἑτέρῳ
3447 2248 3626 2319 ἀνδρὶ,
3649 2247 3733 2299 καὶ

2168 2343 2412 2414 ἀτυχήσῃ
2459 2341 2526 2395 ἂν
2558 2341 2687 2412 παρ’
2719 2339 2888 2411 αὐτῷ,
2920 2340 2982 2393 οὐ
3015 2339 3170 2410 μόνον
3202 2338 3277 2402 ὡς
3305 2339 3396 2391 ἐπὶ
3425 2337 3521 2392 τοῦ
3550 2337 3732 2407 πριιτέ-

2168 2453 2262 2508 ρου
2300 2435 2373 2506 μὴ
2416 2433 2744 2505 εὑρίσκουσα
2782 2434 2941 2504 χάριν
2971 2432 3199 2489 ἐνώπιον
3229 2429 3416 2493 αὐτοῦ,
3451 2428 3548 2483 τοῦ
3596 2429 3733 2500 εὖρὶ-

2169 2527 2396 2581 σκεσθαι
2436 2526 2493 2578 ὲν
2518 2525 2654 2596 αὐτῇ
2688 2524 2937 2596 ἄσχημον
2966 2526 3215 2594 πρᾶγμα,
3249 2522 3383 2577 ἀλλὰ
3414 2524 3510 2576 καὶ
3558 2538 3730 2593 μισου-

2167 2618 2306 2690 μένη
2333 2619 2424 2673 ὑπ’
2453 2616 2617 2670 αὐτοῦ
2638 2635 2665 2647 ν
2683 2618 2778 2670 καὶ
2798 2615 3062 2688 γράφοιτο
3087 2615 3129 2669 δ’
3156 2614 3224 2669 ἂν
3251 2615 3342 2668 κα)⁸
3375 2613 3483 2667 ἀπὸ
3504 2614 3598 2667 τοῦ
3629 2613 3730 2665 δευ-

2164 2713 2329 2784 τέρου
2353 2713 2487 2782 αὐτῇ
2512 2710 2715 2781 βιϐλίον
2739 2709 3091 2773 ἀποστασίου,
3116 2707 3209 2763 καὶ
3237 2704 3423 2778 διδῷτο
3447 2706 3513 2761 ἂν
3539 2708 3618 2769 εἰς
3639 2704 3729 2767 τὰς

2166 2806 2354 2874 χεῖρας
2386 2803 2556 2874 αὐτῆς
2586 2802 2694 2855 ἀπὸ
2731 2800 2824 2853 τοῦ
2855 2800 3083 2871 ἐσχάτου
3109 2799 3298 2871 ἀνδρὸς
3330 2796 3727 2865 ἐξαποστέλλου-

2164 2912 2257 2959 τος
2288 2894 2457 2967 αὐτὴν
2487 2895 2551 2948 ὲκ
2579 2894 2676 2964 τῆς
2702 2893 2880 2955 οἰκίας
2912 2892 3095 2947 αὐτοῦ.
3132 2894 3195 2946 El
3226 2892 3284 2946 δὲ
3328 2892 3549 2945 δύναται
3589 2885 3727 2956 γενέα

2166 2984 2289 3041 σθαι
2336 2985 2667 3056 μετάστασις
2699 2983 2848 3055 ζωῆς
2873 2984 2973 3055 τῆς
3007 2985 3102 3037 σὺν
3134 2982 3444 3054 ἀνθρώποις
3478 2981 3726 3051 ἀγγέλων,

2164 3076 2241 3140 ὡς
2267 3074 2502 3130 τοιοῦτον
2528 3072 2666 3129 εἶναι
2692 3075 2786 3127 καὶ
2815 3075 2908 3128 τὸν
2940 3074 3140 3141 αὐτῶν,
3172 3075 3296 3129 ὅσον
3329 3075 3466 3145 πρὸς
3493 3073 3586 3145 τὴν
3611 3070 3724 3125 καθ’

495 3166 676 3232 venit,
714 3174 942 3223 eatenus
989 3167 1312 3234 moriantur,
1342 3163 1462 3222 eam
1506 3174 1690 3224 tamen
1725 3168 1925 3239 aliquis
1957 3168 2068 3225 for—

2173 3166 2318 3235 ήμᾶς
2351 3165 2551 3234 σχέσιν,
2587 3163 2835 3229 θάνατον,
2858 3163 3141 3236 τολμηρῶς
3169 3164 3286 3235 μὲν,
3312 3162 3452 3234 πλὴν
3474 3163 3615 3233 ὅμως
3638 3158 3725 3229 ζη-

498 3263 647 3316 tasse
685 3266 971 3327 proponat.
1018 3256 1523 3329 Quomodocunque
1556 3268 1735 3315 autem
1780 3276 1839 3316 se
1876 3260 2072 3316 habeat

501 3358 639 3407 uxor
663 3362 786 3417 quae
813 3349 988 3405 virum
1019 3350 1251 3419 priorem
1276 3351 1445 3407 semel
1467 3352 1671 3416 amisit,
1707 3353 1773 3407 ad
1805 3368 1931 3411 eum
1960 3367 2069 3407 non

501 3436 732 3504 redibit;
764 3456 783 3489 ι
813 3434 932 3493 Non
968 3439 1113 3494 enim
1147 3442 1342 3509 poterit
1391 3441 1540 3511 prior
1584 3441 1848 3510 maritus,
1889 3458 1918 3497 a
1961 3458 2071 3513 quo

502 3525 729 3582 dimissa
773 3536 894 3593 est,
936 3543 1191 3585 reversus
1235 3530 1515 3600 suscipere
1553 3548 1673 3588 eam
1722 3533 1776 3587 in
1813 3549 2067 3602 uxorem,

502 3628 787 3688 postquam
823 3620 1028 3690 polluta
1056 3631 1142 3678 est
1163 3621 1228 3676 ¹³.
1264 3640 1283 3675 ι
1335 3620 1431 3677 Sin
1477 3623 1544 3678 ad
1586 3623 1641 3678 id
1684 3626 2070 3683 emolliendum

501 3710 642 3766 libro
686 3710 765 3765 uti
794 3712 1154 3778 audebimus,
1197 3713 1290 3782 qui
1334 3714 1387 3768 in
1433 3712 1673 3771 Ecclesia
1712 3717 1929 3787 quidem
1965 3718 2073 3773 cir-

501 3800 824 3870 cumfertur,
860 3802 954 3858 sed
988 3803 1058 3860 ab
1094 3804 1349 3865 omnibus
1382 3822 1480 3876 pro
1533 3807 1720 3864 divino
1763 3825 1871 3865 non
1909 3810 2072 3866 habe-

499 3900 613 3960 tur,
655 3892 788 3949 illud
839 3893 1197 3955 adhibeamus
1237 3896 1383 3965 quod
1438 3896 1491 3950 in
1540 3896 1680 3952 libro
1721 3896 1962 3953 Pastoris
2006 3900 2073 3955 de

499 3981 826 4051 quibusdam
877 3984 1140 4049 traditur,
1176 3986 1270 4057 qui
1307 3987 1492 4041 statim
1538 3998 1702 4057 atque
1748 3988 1905 4045 tidem
1952 4006 2071 4046 am-

501 4071 645 4145 plexi
677 4083 839 4142 sunt,
870 4073 1119 4130 Michaeli
1153 4076 1543 4147 subjiciuntur,
1585 4079 1678 4134 sed
1716 4089 1936 4151 propter
1971 4097 2072 4138 vo-

502 4165 724 4236 luptatis
740 4154 980 4225 studium
1001 4167 1148 4222 illius
1180 4168 1345 4225 tutela
1368 4184 1432 4231 ac
1461 4170 1766 4238 patrocinio
1791 4172 2071 4239 excidunt,

498 4266 556 4321 et
585 4258 634 4314 ei
670 4258 764 4330 qui
810 4259 961 4316 luxui
1003 4269 1057 4315 et
1086 4260 1335 4328 deliciis,
1380 4262 1576 4317 deinde
1618 4278 1749 4317 vero
1791 4264 1945 4323 alteri
1977 4266 2072 4336 qui

502 4365 679 4422 pmnae
709 4365 774 4406 ac
798 4351 1078 4422 suppliciis
1095 4392 1111 4419 ,
1136 4363 1298 4423 atque
1322 4354 1371 4408 ei
1395 4355 1741 4423 postmodum
1767 4356 1861 4425 qui
1895 4358 2071 4426 poeni-

504 4441 686 4496 tentiae
712 4440 997 4511 praefectus
1027 4451 1108 4498 est
1134 4482 1149 4507 ,
1195 4443 1520 4517 subdantur.
1568 4442 1730 4505 Vides
1761 4448 1906 4503 enim
1939 4464 2074 4505 uxo-

2171 3258 2332 3331 τήσαι
2371 3275 2455 3321 τις
2500 3255 2601 3310 ἄν’
2642 3256 2789 3318 ὅπως
2833 3255 2880 3309 δ’
2925 3254 2990 3309 ἂν
3021 3255 3261 3326 γένηται,
3289 3258 3322 3326 ἡ
3371 3253 3520 3320 ἅπαξ
3543 3254 3725 3307 ἀποπε-

2174 3349 2344 3404 σοῦσα
2375 3348 2639 3421 προτέρου
2672 3347 2867 3418 ἀνδρὸς
2898 3348 2999 3401 οὐκ
3033 3347 3449 3401 ὲπανελεύσεται
3480 3345 3609 3416 πρὸς
3640 3342 3725 3395 αὖα

2169 3441 2287 3495 τόν·
2328 3457 2348 3492 ι
2374 3439 2449 3492 Οὐ
2475 3440 2585 3508 γάρ
2622 3436 2906 3509 δυνήσεται
2935 3438 2964 3490 6
2992 3437 3127 3509 ἀνὴρ
3155 3439 3183 3491 6
3215 3437 3480 3510 πρότερος
3506 3439 3534 3489 6
3555 3434 3725 3501 ἐξαπο-

2174 3530 2385 3594 στείλας
2409 3529 2599 3600 αὒτὴν,
2630 3528 3045 3601 ὲπαναστρέψας
3105 3525 3291 3581 λαϐεῖν
3341 3526 3510 3599 αὐτὴν
3544 3525 3630 3579 τοῦ
3658 3518 3723 3576 εἶ-

2170 3640 2259 3678 ναι
2290 3621 2437 3694 αὐτῷ
2464 3623 2696 3691 γυναῖκα
2731 3620 2868 3693 μετὰ
2897 3620 2960 3674 τὸ
3011 3617 3303 3691 μιανθῆναι
3348 3619 3534 3689 αὐτήν.
3558 3634 3575 3667 ι
3594 3613 3651 3666 Ei
3674 3613 3719 3669 δὲ

2172 3715 2278 3789 χρὴ
2306 3714 2653 3785 τολμήσαντα
2683 3714 2775 3771 καὶ
2804 3712 2911 3768 ἀπό
2939 3728 3085 3775 τινος
3117 3709 3425 3782 φερομένης
3458 3710 3553 3779 μὲν
3580 3707 3633 3758 ὲν
3666 3704 3720 3773 τῇ

2184 3806 2477 3879 Ἐκκλησία
2504 3805 2614 3878 (69)
2641 3806 2878 3878 γραφῆς,
2907 3804 2968 3857 οὐ
3002 3803 3150 3874 παρὰ
3193 3804 3326 3856 πᾶσι
3359 3800 3416 3855 δὲ
3460 3798 3722 3869 ὁμολογου-

2176 3898 2341 3970 μένης
2391 3893 2527 3951 εἶναι
2585 3895 2767 3960 θείας,
2818 3895 2880 3949 τὸ
2930 3894 3171 3949 τοιοῦτον
3225 3886 3720 3965 παραμυθήσασθαι.

2172 3989 2399 4061 ληφθείη
2428 3988 2493 4043 ἂν
2518 3988 2578 4042 τὸ
2610 3987 2718 4041 ἀπὸ
2742 3987 2839 4042 τοῦ
2938 3981 3224 4050 Ποιμένος
3293 3982 3423 4056 περί
3447 3998 3597 4035 τινων
3620 3978 3723 4048 ἅμα

2176 4081 2276 4152 μὲν
2305 4081 2381 4153 τῷ
2414 4079 2689 4135 πιστεύειν
2720 4079 2825 4133 ὑπὸ
2856 4077 2934 4149 τῷ
2977 4075 3197 4148 Μιχαὴλ
3221 4075 3538 4147 γινομένων,
3561 4071 3642 4125 διὰ
3674 4067 3724 4123 δὲ

2174 4174 2484 4245 φιληδονίαν
2542 4171 2958 4228 ἁποπιπτόντων
3014 4169 3244 4234 ἐκείνου,
3298 4168 3392 4222 καὶ
3452 4162 3725 4234 γινομένων

2175 4265 2279 4325 ὑπὸ
2306 4265 2399 4320 τὸν
2426 4265 2526 4336 τῆς
2556 4265 2785 4337 τρυφῆς,
2812 4260 2930 4318 εἶτα
2954 4260 3058 4316 ὑπὸ
3080 4260 3173 4314 τὸν
3194 4261 3293 4332 τῆς
3315 4258 3592 4331 τιμωρίας,
3617 4248 3725 4323 μεθ’

2172 4356 2230 4412 ὃν
2256 4356 2360 4411 ὑπὸ
2386 4356 2476 4409 τὸν
2502 4356 2603 4428 τῆς
2637 4356 2923 4427 μετανοίας
2946 4372 2959 4385 θ
2994 4355 3129 4433 ὁρᾷς
3160 4352 3286 4429 γὰρ,
3315 4353 3397 4411 ὅτι
3426 4349 3597 4410 οὐκέτι
3632 4346 3723 4416 μὲν

2174 4449 2537 4520 ἐπανέρχεται
2560 4450 2651 4501 ἐπὶ
2675 4448 2764 4502 τὸν
2789 4448 3003 4521 πρῶτον
3031 4448 3268 4520 ἄρχοντα
3298 4450 3330 4518 ἠ
3368 4445 3512 4512 ἅπαξ
3539 4444 3724 4517 τρυφήο

502 4543 618 4612 rem
651 4544 773 4598 quae
820 4530 985 4587 semel
1035 4531 1189 4586 luxui
1220 4548 1278 4587 se
1305 4532 1487 4598 dedit,
1521 4533 1759 4591 animam
1789 4536 2069 4601 videlicet,

2178 4558 2320 4594 σασα
2352 4540 2509 4612 γυνὴ,
2541 4541 2659 4611 ἦτοι
2689 4539 2853 4611 ψυχὴ,
2900 4540 3036 4594 ἀλλὰ
3064 4543 3159 4594 καὶ
3192 4539 3328 4611 μετὰ
3359 4537 3615 4611 τιμωρίας
3633 4534 3726 4588 ὑπό

503 4608 571 4677 ad
619 4619 855 4687 priorem
903 4620 1138 4689 amplius
1181 4633 1444 4678 rectorem
1485 4639 1592 4680 non
1639 4626 1848 4693 redire,
1883 4628 1976 4683 sed
2016 4636 2072 4687 et

504 4708 705 4765 inﬂicta
752 4726 913 4780 parua
960 4712 1119 4769 alicui
1171 4714 1328 4769 subdi
1381 4715 1475 4786 qui
1523 4715 1786 4781 Michaele
1848 4718 2073 4775 inferior

502 4801 608 4870 sit;
657 4817 722 4857 eo
764 4803 858 4858 sed
907 4804 1052 4861 enim
1082 4803 1305 4861 inferior
1342 4815 1426 4861 est
1471 4807 1559 4862 ille
1589 4808 1684 4878 qui
1742 4811 2074 4879 pmnitentiaz-

500 4894 665 4974 645
694 4911 882 4951 curam
920 4896 1078 4968 gerit.
1114 4896 1301 4954 Danda
1348 4898 1514 4969 igitur
1556 4900 1715 4956 nobis
1760 4916 1923 4975 opera
1969 4913 2071 4970 est,

573 5073 620 5105 ³⁸
647 5071 691 5127 ll
714 5073 839 5131 Cor.
870 5091 945 5139 vr,
972 5074 1027 5130 2.
1108 5075 1153 5106 ⁸³
1182 5072 1397 5147 Denter,
1426 5093 1571 5143 xxrv,
1601 5079 1653 5133 4.

849 5251 1054 5332 ψυχῇ.
1082 5253 1264 5332 C_odex
1294 5253 1516 5325 Regius,
1545 5275 1657 5332 τινι
1685 5259 1854 5332 ψυχῇ,

726 5320 973 5395 Γένθιτὸ
992 5320 1170 5400 δίᾷν
1207 5320 1402 5400 riora:
1423 5320 1528 5381 etc.
1567 5320 1830 5399 Origenes
1876 5331 1974 5387 lib.
2010 5350 2072 5400 ιι,

661 5380 880 5463 ᾆρχῷν,
899 5408 1022 5463 cap.
1056 5394 1115 5447 Η
1140 5406 1153 5444 :
1174 5413 1193 5445 ι
1222 5380 1406 5451 Potest
1430 5380 1695 5454 anteme?
1707 5380 2071 5458 iéEiio’Eéné'd

510 5456 892 5538 Illudnintelligi
917 5456 990 5538 de
1012 5464 1441 5538 divisioneista,
1476 5476 1531 5520 ut
1562 5470 1821 5538 quoniam
1862 5456 2077 5527 unicui1

2174 4649 2297 4687 τινα
2347 4632 2736 4703 ὑποδεέστερον
2781 4632 2989 4700 γίνεται
3029 4631 3179 4702 παρὰ
3221 4632 3311 4685 τὸν
3341 4631 3584 4702 Μιχαήλο
3613 4628 3724 4679 ὑπο-

2172 4722 2450 4794 δεέστερος
2482 4723 2591 4797 γάρ
2636 4723 2844 4779 ἐκείνου
2886 4724 2916 4777 6
2953 4722 3053 4794 τῆς
3081 4723 3388 4795 μετανοίας.
3419 4717 3724 4794 Προσεκτέον

2175 4809 2269 4867 οὖν
2299 4816 2431 4885 ἡμῖν
2480 4817 2688 4887 μήποτε
2717 4813 2912 4886 εὑρεθῇ
2963 4816 3021 4871 ὲν
3047 4818 3180 4888 ἡμῖν
3212 4816 3457 4886 ἄσχημον
3500 4813 3720 4884 πρᾶγμαν

2184 4905 2276 4967 καὶ
2309 4906 2383 4978 μὴ
2411 4906 2660 4979 εὕρωμεν
2701 4907 2859 4984 χάριν
2888 4906 3115 4965 ἐνώπιον
3144 4907 3332 4979 ἀνδρὸς
3359 4906 3455 4959 τοῦ
3494 4898 3721 4978 Χριστοῦ.

2179 5276 2270 5322 tur
2295 5287 2307 5341 ς
2336 5277 2390 5322 et
2421 5279 2548 5341 tunc
2579 5286 2708 5339 pars
2731 5271 2871 5341 ejus,
2904 5270 2956 5341 id
2979 5278 3081 5341 est,
3101 5268 3366 5341 humanae
3389 5276 3592 5323 natura:
3613 5276 3721 5335 pars

2182 5340 2372 5393 avulsa
2398 5355 2429 5394 a
2453 5340 2543 5395 Dei
2568 5338 2741 5409 parte,
2762 5338 2906 5395 cum
2936 5338 3242 5393 inﬁdelibus
3274 5338 3589 5409 deputatur,
3607 5348 3722 5403 quo-

2184 5410 2328 5481 niam
2369 5406 2719 5465 commonitio
2765 5410 3035 5481 appositi_
3051 5409 3154 5481 sibi
3200 5423 3229 5463 a
3272 5406 3383 5464 Deo
3427 5406 3594 5481 angeli
3630 5417 3720 5457 non

2185 5480 2414 5548 lideliter
2438 5495 2562 5535 eum
2598 5477 2911 5535 custodivit.
2943 5499 2961 5531 ι
2994 5477 3195 5548 Eadem
3243 5477 3622 5548 propemodum
3650 5487 3719 5526 re-

506 5526 900 5621 ggfjidflijnn,
923 5526 1535 5621 etiamsi_minimus'sit,
1555 5526 1608 5593 in
1625 5538 1863 5621 Ecclesia
1883 5526 2079 5621 adesse
2182 5526 2377 5621 5563;”
2391 5526 2581 5615 héﬁiii.
2602 5526 2911 5605 ’ἒῖῐῑεᾟεὶὶὶξ
2939 5526 3105 5621 juxta
3115 5526 3533 5620 ᾖἷεῖοῆξᾶίῦὦῂ
3545 5526 3721 5601 saeuu-

504 5598 1009 5679 angelusdicitur,
1056 5606 1149 5673 qui
1189 5598 1599 5679 etiamsemper
1641 5610 1822 5665 videre
1879 5611 2074 5666 faciem

505 5664 600 5751 uel
628 5664 808 5751 Patris
834 5686 864 5724 a
894 5664 1176 5751 Salvatore
1204 5664 1537 5751 perhibetur.
1561 5678 1628 5733 Et
1653 5681 1740 5735 hic
1766 5664 1861 5751 qui
1888 5664 2073 5751 inique

505 5749 673 5820 unum
693 5748 815 5820 erat
840 5755 964 5820 cum
988 5758 1060 5820 eo
1081 5746 1166 5797 cui
1195 5756 1444 5820 praeerat,
1477 5750 1524 5803 si
1560 5751 1606 5804 is
1633 5765 1729 5820 per
1752 5746 2072 5806 inobedien-

510 5807 633 5870 lium
656 5807 917 5883 cjlicialur
953 5807 1228 5887 indignus,
1260 5807 1462 5874 auferri
1494 5820 1563 5875 ab
1596 5807 1660 5876 eo
1686 5822 1912 5897 angelus
1940 5822 2072 5879 dici-

2182 5621 2269 5673 da.
2301 5619 2563 5677 HUETIUS.

2182 5691 2365 5827 6‘55?)
2403 5690 2488 5759 Τῇ
2521 5692 2870 5762 Ἐκκλησία.
2899 5690 3083 5747 Codex
3109 5688 3329 5765 Regius,
3362 5692 3479 5753 ταῖς
3519 5682 3719 5752 Ἐκκλη-
