3954 6526
522 317 658 375 1243

1955 324 2281 384 ORIGENIS

3624 328 3752 387 12“

504 437 574 491 ad
602 440 933 490 senectutem
992 448 1169 504 usque
1225 435 1531 492 castissime
1575 437 1893 494 traduxerit.
1944 439 2077 507 Quis

2186 429 2268 496 τὸν
2295 441 2391 514 μὲν
2406 441 2605 497 τοιόνδε
2629 440 2860 513 δίγαμον
2881 442 2942 496 οὐ
2964 426 3298 514 καθίσταμεν
3311 438 3402 495 διὰ
3425 438 3527 505 τὰς
3550 438 3650 495 τοῦ
3668 443 3751 510 γά-

507 539 638 595 ergo
659 524 784 594 jure
816 524 1009 581 merito
1050 526 1294 583 incertus
1328 543 1435 582 non
1483 528 1702 596 haereat,
1735 530 1865 600 quid
1894 531 1966 585 sit
1986 548 2084 587 cur

505 631 631 672 cum
665 615 922 673 Ecclesia:
967 617 1212 688 principe
1259 634 1399 689 opus
1437 620 1527 687 sit,
1579 621 1724 676 hunc
1753 621 1918 695 646
1949 623 2083 679 dua-

506 724 629 764 rum
660 725 892 764 uxorum
927 710 1126 774 virum,
1172 719 1393 780 propter
1424 712 1525 766 ista
1556 713 1815 768 connubii
1851 715 2085 769 vocabu-

506 797 580 865 la,
631 814 741 854 non
788 801 1145 869 praeﬁcimus;
1197 801 1360 857 unius
1412 811 1590 856 autem
1646 804 1835 859 uxoris
1880 805 2079 869 virum,

505 889 719 945 etiamsi
752 889 818 943 ad
850 899 1183 947 senectutem
1224 908 1397 963 usque
1441 893 1596 951 uxori
1634 895 1957 962 convixerit,
1981 910 2085 953 nec

406 1049 421 1057 ἢ
508 997 570 1039 se
599 981 831 1039 fortasse
866 999 1129 1052 unquam,
1177 985 1243 1040 ad
1279 986 1583 1042 castitatem
1614 995 1669 1042 et
1696 988 2081 1043 continentiam

506 1075 834 1138 exercuerit,
866 1074 1162 1144 principem
1215 1075 1511 1145 eligimus?
1553 1075 1672 1131 Jam
1725 1093 1854 1132 vero
1898 1079 1967 1132 ab
2018 1079 2084 1132 iis

507 1177 629 1231 qua:
661 1162 804 1217 dicta
834 1172 981 1228 sunt,
1011 1163 1077 1217 ad
1106 1163 1275 1235 legem
1311 1164 1377 1235 de
1403 1164 1581 1220 libello
1610 1166 1818 1236 repudii
1851 1176 2082 1222 mentem

507 1264 786 1320 converto,
824 1255 1157 1326 quasiturus
1185 1272 1367 1311 annon
1397 1259 1837 1330 quandoquidem
1870 1260 2081 1329 episeo-

507 1363 633 1417 pus.
666 1349 945 1421 presbyter
975 1357 1029 1405 et
1054 1350 1319 1406 diaconus
1347 1366 1525 1405 rerum
1562 1367 1812 1406 verarum
1841 1353 2082 1424 symbola

510 1450 658 1503 sunt,
703 1456 824 1511 quae
853 1442 938 1496 his
970 1443 1284 1503 nominibus
1311 1445 1681 1507 continentur,
1722 1459 1843 1500 esse
1884 1445 2084 1500 debere

509 1532 632 1590 ilfos
661 1536 823 1591 unius
854 1536 1042 1593 uxoris
1068 1537 1366 1609 symbolice
1398 1539 1547 1594 viros
1584 1538 1799 1593 sancire
1827 1537 2081 1603 voluerit,

510 1635 572 1681 ut
603 1626 695 1692 qui
742 1627 905 1681 rebus
952 1628 1196 1682 animum
1232 1629 1513 1685 intendere
1545 1637 1746 1700 potest,
1778 1630 1894 1699 lege
1922 1629 2085 1700 spiri-

507 1716 645 1772 tuali
673 1717 899 1773 edoctus
919 1718 1287 1774 ecclesiastico
1311 1719 1624 1790 magistratu
1655 1718 1934 1789 indignum
1958 1734 2081 1774 eum

503 1805 731 1878 judicet.
767 1808 924 1879 cujus
969 1810 1151 1865 anima
1201 1826 1384 1866 coram
1417 1810 1534 1865 viro
1565 1826 1665 1865 suo
1693 1810 1919 1882 gratiam
1972 1825 2080 1866 non
2116 1791 2154 1843 Β

506 1897 794 1968 repererit,
828 1898 973 1968 quod
1020 1898 1073 1952 in
1126 1898 1217 1953 illa
1255 1899 1474 1953 inventa
1523 1900 1593 1955 sit
1638 1899 1879 1965 faiditas,
1910 1915 2084 1970 eaque

507 1990 749 2046 libellum
806 1991 1015 2060 repudii
1072 1993 1264 2047 merita
1317 1991 1476 2047 fuerit
1534 2011 1548 2046 :
1593 2001 1880 2063 postquam
1937 1992 2082 2047 enim

506 2082 776 2153 ejusmodi
830 2085 1011 2138 anima
1061 2083 1216 2140 alteri
1251 2084 1368 2139 viro
1407 2085 1610 2154 nupsit,
1640 2085 1708 2137 ab
1732 2074 1929 2154 'eoque
1959 2084 2086 2139 odio

509 2175 694 2231 habita
745 2185 827 2231 est
860 2216 874 2241 ,
929 2186 1051 2246 post
1098 2176 1397 2231 secundum
1456 2176 1663 2245 repudii
1723 2176 1963 2231 libellum
2018 2175 2087 2230 ad

508 2267 745 2336 priorem
782 2267 958 2321 virum
993 2268 1170 2322 redire
1192 2268 1305 2337 jam
1342 2268 1576 2337 amplius
1601 2283 1707 2322 non
1740 2277 1934 2338 potest.
1964 2266 2086 2323 Veri

509 2370 690 2415 autem
722 2360 900 2415 simile
929 2370 1012 2416 est
1042 2362 1181 2431 apud
1206 2361 1515 2431 peritiores,
1544 2370 1597 2415 et
1627 2362 1679 2415 in
1712 2361 1977 2431 ejusmodi
2002 2376 2090 2415 re-

508 2452 613 2508 bus
636 2451 792 2507 nobis
816 2452 1264 2523 perspicaciores,
1297 2454 1432 2508 alias
1460 2463 1736 2525 repertum
1771 2454 1836 2507 iri
1860 2468 2085 2522 enarra-

510 2543 706 2608 tiones,
739 2543 851 2598 sive
900 2558 1061 2613 super
1107 2544 1274 2599 libelli
1326 2546 1536 2616 repudii
1587 2545 1724 2616 lege,
1769 2545 1882 2600 sive
1925 2560 2089 2615 super

509 2634 825 2705 apostolicis
854 2636 1156 2705 przeceptis,
1189 2637 1388 2707 quibus
1422 2638 1770 2710 magistratus
1805 2639 1858 2693 in
1898 2637 2086 2694 Eccle-

508 2727 591 2785 sia
625 2742 842 2798 gerere,
880 2736 934 2782 et
976 2728 1031 2782 in
1082 2744 1145 2783 ea
1200 2730 1489 2799 antepositi
1534 2730 1845 2800 praesidere,
1887 2730 2089 2801 digami

507 2821 906 2891 prohibentur;
958 2836 1057 2875 nos
1103 2830 1284 2875 autem
1317 2822 1491 2876 donec
1518 2831 1810 2877 occurrant
1840 2822 2086 2886 meliora,

506 2922 562 2968 et
599 2929 721 2984 quae
745 2913 948 2985 ingenti
973 2914 1236 2969 doctrinae
1258 2913 1465 2967 lumine
1497 2930 1662 2985 supra
1693 2929 1724 2969 a
1749 2914 1906 2970 nobis
1939 2915 2084 2970 dicta

506 3005 802 3060 obscurare
835 3005 1073 3068 valeant,
1112 3019 1175 3059 ea
1224 3005 1553 3074 protulimus
1599 3021 1720 3076 quae
1766 3021 1887 3062 sese
1932 3006 2090 3062 nobis

507 3110 674 3166 super
700 3096 784 3152 his
815 3096 953 3152 locis
985 3095 1323 3165 objecerunt.

2188 552 2286 606 μου
2330 534 2537 601 λέξεις·
2584 536 2676 591 τὸν
2725 537 2783 591 δὲ
2823 535 3148 608 μονόγαμον,
3190 534 3286 588 καὶ
3317 535 3366 587 εἰ
3408 533 3566 604 τύχοι
3601 534 3749 606 μέχρι

2183 625 2367 696 γήρως
2384 642 2446 678 συ
2454 625 2690 697 μϐιῶσαι
2708 629 2773 698 τῇ
2791 625 3029 695 γυναικὶ,
3046 623 3353 697 κρατοῦμεν
3367 624 3611 696 ἄρχοντα
3629 623 3750 694 (75b

2184 716 2292 770 ἐσθ’
2320 719 2408 772 ὅτε
2434 720 2569 790 μηδὲ
2593 718 3009 790 γυμνασάμενον
3039 720 3118 781 είς
3163 716 3385 786 ἁγνείαν
3428 717 3525 769 καὶ
3555 732 3751 787 συρρο-

2186 808 2382 878 σύνην;
2429 811 2522 864 Ἐκ
2563 811 2620 864 δὲ
2668 812 2775 865 τῶν
2803 810 3106 882 εἰρημένων
3148 810 3228 873 είς
3262 808 3354 863 τὸν
3384 808 3515 879 περὶ
3555 806 3658 860 τοῦ
3686 807 3752 877 βιι

2186 899 2333 954 ϐλίόυ
2358 903 2454 973 τῆς
2492 903 2828 967 ἀποστασίας
2862 902 3023 974 νόμον
3062 902 3343 973 ὲφίστημι,
3378 901 3617 972 μήποτε,
3647 902 3749 954 ἐπεὶ

2186 994 2451 1066 σύμϐολόν
2482 998 2596 1049 ἐστι
2626 994 2720 1049 καὶ
2753 997 2780 1048 ὁ
2816 980 3131 1058 ἐπίσκοπος,
3172 994 3265 1048 καὶ
3300 995 3330 1046 ὁ
3369 990 3751 1064 πρεσϐύτερος,

2185 1089 2279 1143 καὶ
2327 1091 2354 1142 ὁ
2403 1088 2643 1152 διάκονος
2697 1087 2965 1158 ἀληθινῶν
3012 1086 3151 1141 κατὰ
3195 1085 3265 1139 τὰ
3311 1086 3557 1155 ὀνόματα
3600 1082 3753 1137 ταῦτα

2186 1180 2545 1251 πραγμάτων,
2578 1177 2843 1250 ἐϐουλήθη
2886 1178 3083 1241 αὐτοὺς
3133 1176 3478 1248 συμϐολικῶς
3532 1174 3754 1246 μονογά-

2188 1289 2320 1343 μους
2366 1271 2739 1342 καταστῆσαι,
2774 1271 2840 1325 ἵν’
2883 1272 2912 1324 ὁ
2955 1269 3249 1342 δυνάμενος
3300 1270 3603 1341 ἐπιστῆσαι
3655 1268 3754 1330 τοῖς

2144 1363 2504 1435 ’πράγμασιν
2532 1363 2668 1437 εὕρῃ
2695 1364 2760 1416 ὲκ
2800 1360 2896 1415 τοῦ
2937 1359 3306 1431 πνευματικοῦ
3342 1362 3513 1432 νόμου
3547 1357 3754 1423 ἀνάξιον

2184 1455 2311 1509 ὄντα
2338 1455 2512 1526 ἀρχῆς
2540 1453 2997 1525 ἐκκλησιαπικῆς
3029 1453 3254 1516 ἐκεῖνον,
3281 1445 3342 1505 οὗ
3389 1454 3421 1523 ἡ
3472 1450 3629 1522 ψυχὴ
3669 1448 3755 1520 οὐχ

2185 1542 2309 1619 εὗρε
2347 1547 2505 1620 χάριν
2546 1534 2785 1601 ἐναντίον
2814 1545 2909 1599 τοῦ
2951 1544 3144 1617 ἀνδρὸς
3171 1544 3361 1616 αὐτῆς,
3389 1543 3470 1615 τῷ
3499 1541 3755 1615 εὑρῆσθαι

2186 1641 2244 1693 ὲν
2268 1640 2403 1711 αὐτῇ
2437 1640 2679 1709 ἄσχημον
2704 1639 2952 1709 πρᾶγμα,
2976 1637 3070 1691 καὶ
3096 1634 3251 1700 ἀξίαν
3277 1636 3447 1707 αὐτὴν
3479 1635 3758 1704 γεγονέναι

2184 1731 2278 1785 τοῦ
2306 1732 2403 1803 τῆς
2435 1730 2783 1794 ἀποστάσεως
2823 1729 3028 1801 βιϐλίου
3051 1747 3065 1760 ι
3099 1729 3335 1800 δευτέρῳ
3371 1727 3486 1801 γὰρ
3514 1726 3758 1797 συνοική-

2186 1841 2326 1879 σασα
2354 1826 2386 1896 ἡ
2416 1823 2636 1895 τοιαύτη
2672 1823 2837 1896 ψυχὴ,
2868 1823 2961 1876 καὶ
3004 1821 3156 1895 παρὰ
3197 1820 3275 1893 τῷ
3316 1820 3549 1890 τοιούτῳ
3602 1835 3757 1891 μισησ-

2185 1917 2358 1981 θεῖσα,
2386 1916 2569 1971 οὐκέτι
2596 1916 2817 1970 δύναται
2867 1914 3004 1987 μετά
3033 1915 3094 1969 τὸ
3140 1914 3389 1985 δεύτερον
3430 1911 3642 1983 βιϐλίον
3670 1910 3756 1963 τοῦ

2185 2010 2515 2063 ἀποστασίου
2544 2007 2857 2063 ἐπανελθεῖν
2884 2008 2978 2061 ἐπὶ
3017 2007 3110 2060 τὸν
3147 2006 3407 2078 πρότερον
3448 2005 3644 2076 ἄνδρα.
3671 2000 3751 2056 Εἷ-

2184 2120 2279 2167 κος
2335 2101 2433 2173 μὲν
2487 2096 2579 2154 οὖν
2631 2100 2725 2153 καὶ
2771 2099 2963 2163 ἄλλους
3015 2098 3166 2170 παρά
3214 2100 3327 2162 τοῖς
3373 2095 3559 2167 πολλῷ
3611 2097 3754 2166 ἡμῶν

2187 2194 2535 2266 σοφωτέροις,
2571 2194 2663 2246 καὶ
2707 2190 2905 2263 μᾶλλον
2930 2190 3152 2262 βλέπειν
3187 2189 3256 2243 τὰ
3282 2189 3585 2261 τηλικαῦτα
3610 2190 3755 2242 Euva-

2190 2286 2371 2358 μένοις
2398 2284 2786 2357 εὑρεθήσεσθαι
2807 2282 3019 2351 λόγους,
3039 2283 3147 2336 εἴτε
3170 2284 3250 2345 είς
3272 2281 3363 2333 τὸν
3392 2281 3524 2352 περὶ
3548 2280 3641 2334 τοῦ
3664 2281 3752 2351 τῆς

2186 2378 2521 2441 ἀποστασίας
2557 2375 2759 2447 βιϐλίου
2806 2374 2989 2445 νόμον,
3039 2374 3148 2426 εἴτε
3195 2374 3276 2436 είς
3316 2372 3385 2426 τὰ
3428 2372 3750 2425 ἀποστολικά

2187 2467 2461 2523 κωλύοντα
2490 2465 2749 2537 διγάμους
2774 2464 2961 2537 ἄρχειν
2984 2461 3082 2533 τῆς
3120 2461 3460 2532 Ἐκκλησίας,
3486 2463 3522 2533 ἢ
3554 2479 3751 2533 προκα-

2189 2558 2438 2624 θέζεσθαι
2492 2554 2992 2629 προτετιμημένους
3033 2554 3091 2606 έν
3134 2553 3306 2624 αύτῇο
3342 2554 3505 2624 ἡμεῖς
3552 2553 3628 2618 δὲ,
3658 2552 3753 2615 ἕως

2188 2650 2384 2724 εὑρεθῇ
2422 2650 2492 2704 τὰ
2524 2649 2824 2721 κρείττονα,
2854 2647 2949 2702 καὶ
2971 2644 3244 2717 δυνάμενα
3268 2648 3333 2717 τῇ
3358 2644 3454 2699 τοῦ
3490 2645 3596 2716 τῆς
3620 2644 3750 2714 γνῶς-

2189 2758 2327 2804 σεως
2357 2740 2532 2810 φωτὸς
2559 2737 2725 2809 πολλῇ
2758 2738 2998 2809 ὑπεροχῇ
3022 2734 3347 2807 ἀμαυρῶσαι
3383 2735 3452 2789 τὰ
3477 2735 3570 2806 ὑφ’
3607 2734 3752 2805 ἡμῶν

2189 2830 2474 2903 εἰρημένα,
2519 2826 2743 2899 εἴπομεν
2786 2827 2855 2882 τά
2902 2825 3241 2880 ὑποπεσόντα
3280 2825 3361 2889 είς
3396 2825 3521 2888 τοὺς
3567 2824 3751 2889 τόπους

2190 2923 2341 2992 ἡμῖν.
2449 2923 2462 2937 ⁸

578 3193 670 3250 23.
717 3193 910 3250 Verum
943 3192 1160 3249 etiamsi
1213 3209 1301 3249 res
1349 3206 1509 3265 captu
1538 3204 1731 3250 nostro
1769 3196 2004 3265 majores
2030 3212 2085 3252 ac

2264 3197 2328 3251 Εἰ
2369 3194 2462 3249 καὶ
2515 3191 2776 3263 ἐδόξαμεν
2817 3190 2875 3245 δὲ
2929 3186 3238 3260 βαθυτέρων
3281 3185 3315 3258 ἢ
3359 3184 3503 3240 κατά
3542 3183 3750 3254 δύναμιν

509 3287 787 3358 graviores
816 3286 888 3340 ibi
916 3286 1181 3356 attingere
1226 3285 1329 3339 visi
1364 3302 1577 3352 sumus,
1609 3287 1965 3341 nihilominus
2000 3290 2082 3342 ta-

508 3394 635 3432 men
664 3385 880 3447 propter
914 3375 1208 3446 Scriptura:
1236 3378 1415 3444 verba,
1453 3377 1567 3433 haec
1598 3394 1817 3449 quoque
1867 3380 2087 3450 insuper

511 3470 740 3524 dicenda
772 3476 919 3535 sunt,
947 3468 1084 3523 latas
1113 3467 1280 3524 fuisse
1317 3470 1583 3540 quasdam
1620 3471 1783 3540 leges,
1810 3484 1915 3524 n0n
1947 3485 2084 3540 qua-

511 3559 559 3618 εἰ
609 3562 917 3632 priestantia
973 3560 1155 3631 aliqua
1203 3568 1257 3615 et
1306 3561 1621 3616 excellentia
1667 3562 1960 3632 praeditas,
1995 3561 2091 3616 sed

511 3656 669 3726 quasi
706 3656 770 3709 ad
805 3670 995 3710 eorum
1044 3655 1138 3726 qui
1169 3654 1273 3725 legi
1301 3654 1502 3709 subditi
1537 3664 1685 3719 sunt,
1723 3654 2087 3710 inﬁrmitatem

520 3746 959 3804 accommodatas
1012 3757 1066 3803 et
1110 3746 1478 3817 compositas;
1525 3763 1650 3802 nam
1687 3747 1890 3818 aliquid
1943 3748 2093 3819 ejus-

517 3840 665 3897 modi
713 3840 799 3894 liis
840 3839 1017 3895 verbis
1046 3839 1487 3912 signiﬁcatur”:
1529 3858 1549 3892 ι
1590 3839 1801 3912 Moyses
1844 3840 1911 3896 ad
1939 3840 2092 3895 duri—

505 3933 641 3991 tiam
672 3932 853 3989 cordis
897 3933 1061 3988 vestri
1103 3934 1352 4003 permisit
1390 3933 1544 3987 vobis
1575 3932 1845 3988 dimittere
1886 3947 2085 3988 uxores

508 4032 754 4090 vestras;
793 4042 812 4075 ι
869 4023 1145 4094 praecipua
1191 4032 1371 4079 autem
1408 4023 1538 4092 legis
1576 4034 1795 4092 propter
1827 4023 2083 4078 duritiem

509 4116 690 4173 cordis
714 4115 855 4182 latae,
886 4125 937 4171 et
962 4117 1410 4186 praestantissima
1442 4132 1568 4186 pars
1592 4117 1644 4171 in
1675 4117 1791 4172 istis
1824 4117 2086 4186 proponi-

510 4210 659 4263 tur"
690 4227 703 4263 :
734 4227 753 4260 ι
782 4208 865 4262 Ab
899 4208 1053 4263 initio
1085 4216 1265 4263 autem
1303 4223 1411 4263 non
1449 4208 1550 4262 fuit
1580 4209 1676 4264 sic.
1710 4227 1728 4260 ι
1759 4207 1824 4263 Et
1850 4208 1901 4262 in
1933 4207 2085 4265 Novo

512 4300 731 4368 quidem
782 4298 1132 4355 Testamento
1159 4300 1405 4370 quaidam
1442 4300 1637 4355 borum
1673 4300 1845 4356 instar
1877 4302 2086 4357 sancita

510 4399 639 4447 sunt
667 4410 681 4446 :
722 4410 740 4443 ι
770 4390 1037 4458 Quoniam
1066 4391 1279 4463 Moyses
1307 4393 1373 4446 ad
1405 4393 1662 4447 duritiam
1697 4393 1878 4448 cordis
1919 4394 2088 4449 vestri

508 4483 759 4552 permisit
821 4484 975 4539 vobis
1022 4484 1293 4539 dimittere
1346 4499 1544 4540 uxores
1590 4494 1832 4553 vestras;
1876 4505 1896 4538 ι
1961 4502 2087 4541 nam

2188 3284 2360 3363 ἧφθαι
2400 3290 2479 3351 εἰς
2519 3286 2645 3350 τοὺς
2686 3283 2889 3347 τόπους
2922 3278 3285 3352 πραγμάτων,
3316 3277 3471 3330 οὐδὲν
3496 3271 3651 3349 ἦττον
3680 3275 3751 3327 ἔτι

2190 3383 2277 3436 διὰ
2302 3380 2401 3452 τὴν
2424 3377 2569 3444 λέξιν
2601 3378 2695 3432 καὶ
2718 3375 2890 3431 ταῦτα
2912 3372 3153 3437 λεκτέον,
3187 3372 3269 3425 ὃτι
3292 3370 3436 3434 τινὲς
3461 3369 3567 3423 τῶν
3590 3368 3755 3439 νόμων

2192 3471 2507 3546 ἐγράφησαν
2551 3472 2648 3542 οὐχ
2674 3470 2750 3533 ὡς
2775 3467 3136 3540 διαφέροντες,
3164 3465 3278 3521 ἀλλ’
3311 3464 3389 3528 ὼς
3433 3478 3752 3535 συμπεριφεο

2196 3564 2411 3635 ρόμενοι
2449 3564 2515 3634 τῇ
2560 3561 2813 3631 ἀσθενείᾳ
2856 3556 2965 3612 τῶν
3004 3555 3504 3628 νομοθετουμένων·
3533 3552 3752 3606 τοιοῦτον

2193 3656 2300 3731 γάρ
2324 3674 2377 3710 τι
2401 3654 2653 3728 δηλοῦται
2693 3655 2751 3707 ὲν
2772 3650 2850 3723 τῷ
2870 3667 2887 3684 ο
2919 3671 2939 3704 ι
2978 3650 3218 3721 Μωῦσῆς
3244 3650 3380 3722 πρὸς
3409 3648 3509 3721 τὴν
3540 3645 3751 3717 σκληρο-

2193 3748 2419 3821 καρδίαν
2473 3747 2624 3818 ὑμῶν
2675 3744 2972 3818 ἐπέτρεψεν
3038 3742 3305 3797 ἀπολῦσαι
3362 3740 3464 3805 τὰς
3507 3740 3750 3808 γυναῖκας

2197 3842 2379 3914 ὑμῶν·
2440 3859 2459 3893 ι
2504 3840 2565 3894 τὸ
2607 3840 2664 3893 δὲ
2708 3836 3116 3911 προηγούμενον
3164 3837 3259 3890 καὶ
3302 3833 3555 3906 διαφέρον
3599 3832 3747 3902 νόμου

2188 3934 2284 3988 τοῦ
2337 3932 2425 3988 διὰ
2473 3932 2571 4005 τὴν
2615 3930 3051 4003 σκληροκαρδίαν
3096 3928 3479 4001 γεγραμμένου
3518 3922 3750 3997 δηλοῦται

2190 4027 2248 4080 ὲν
2272 4024 2350 4096 τῷ
2369 4043 2382 4056 ·
2408 4044 2426 4077 ‹
2459 4026 2577 4078 Ἀπ’
2606 4022 2779 4096 ἀρχῆς
2802 4022 2858 4076 δὲ
2881 4022 2940 4076 ού
2966 4021 3186 4091 γέγονεν
3211 4019 3406 4084 οὕτως.
3439 4038 3458 4071 ι
3484 4019 3589 4073 Καὶ
3616 4019 3671 4070 ὲν
3688 4015 3746 4085 τῇ

2190 4119 2349 4189 καινῇ
2376 4117 2434 4170 δὲ
2459 4115 2697 4188 Διαθήκῃ
2722 4115 2838 4168 ἐστί
2864 4130 2986 4169 τινα
3015 4111 3484 4185 νενομοθετημένα
3510 4108 3749 4175 ἀνάλογον

2191 4211 2305 4283 τῷ·
2347 4228 2365 4261 ι
2404 4210 2523 4263 Ὅτι
2564 4208 2805 4275 Μωῦσῆς
2829 4205 2964 4277 πρὸς
2985 4205 3084 4277 τὴν
3134 4201 3565 4275 σκληροκαρδίαν
3607 4198 3746 4270 ὑμῶν

2187 4302 2483 4375 ἐπέτρεψεν
2526 4302 2653 4372 ὑμῖν
2712 4297 2976 4353 ἀπολῦσαι
3024 4296 3124 4361 τάς
3184 4299 3452 4365 γυναῖκας
3501 4291 3677 4365 ὑμῶν’
3723 4305 3741 4338 ι

2188 4394 2350 4448 οἱονεὶ
2405 4392 2514 4465 γὰρ
2554 4390 2691 4463 πρὸς
2738 4390 2836 4463 τὴν
2890 4389 3321 4461 σκληροκαρδίαν
3373 4386 3526 4459 ὑμῶν
3570 4382 3747 4453 γέγρα-

2193 4504 2325 4540 πται
2376 4486 2465 4540 διὰ
2518 4484 2618 4558 τὴν
2666 4483 2948 4539 ἀσθένειαν
3006 4482 3096 4536 τό·
3152 4500 3171 4533 ε
3229 4479 3327 4534 Διά
3384 4479 3441 4533 δὲ
3492 4476 3586 4540 τὰς
3631 4488 3747 4542 πορ-

513 4571 669 4642 quasi
702 4574 1010 4643 pro'cordis
1042 4590 1230 4631 eorum
1265 4576 1463 4633 duritie
1509 4578 1563 4633 id
1608 4578 1940 4635 inﬁrmitatis
1965 4595 2085 4650 gra-

2192 4580 2341 4644 νείας
2365 4578 2594 4643 ἕκαστος
2618 4577 2713 4650 τὴν
2738 4574 2930 4632 ἑαυτοῦ
2955 4576 3189 4645 γυναῖκα
3226 4571 3419 4644 ἐχέτω,
3448 4569 3541 4625 καὶ
3564 4564 3745 4632 ἑκάστη

1712 4724 1948 4783 VETUS
1984 4722 2565 4780 INTERPRETATIO.

584 4835 679 4913 23.
704 4835 999 4913 Posthac
1027 4840 1350 4899 accedamus
1377 4845 1443 4900 ad
1474 4844 1700 4899 verbum
1727 4842 2132 4899 Phariszeorum
2163 4843 2307 4910 quod
2337 4841 2591 4897 dixerunt
2615 4839 2682 4895 ad
2720 4838 2904 4913 {esum
2936 4855 2952 4894 :
2984 4856 3003 4890 ι
3035 4835 3176 4904 Quid
3206 4847 3336 4905 ergo
3375 4830 3737 4913 Moysesgﬁg:

512 4907 816 4985 cepitdarc
833 4911 1083 4985 libellum
1107 4898 1341 4983 repudii,
1381 4898 1436 4970 et
1462 4898 1765 4970 dimittere?
1805 4934 1823 4966 ι
1861 4898 2131 4980 Quoniam
2176 4898 2387 4985 Moyses
2430 4913 2600 4985 legem
2636 4910 2881 4985 scribens
2911 4924 3020 4963 non
3047 4898 3515 4985 tantumiaspexit
3543 4898 3745 4985 quifit

512 4972 640 5055 vera
667 4978 902 5055 justitia,
937 4984 1031 5038 sed
1062 4972 1359 5039 secundum
1394 4985 1762 5055 inﬁrmitatem
1792 4972 1981 5039 eorwum
2013 4994 2232 5055 propter
2259 4972 2419 5055 quos
2444 4972 2529 5037 1er
2562 4982 2903 5055 ponebatur,
2933 4972 3381 5055 condescendeus
3412 4972 3560 5055 plura
3584 4977 3739 5055 inatt-

514 5045 684 5125 davit,
714 5051 858 5125 sicut
890 5045 985 5125 est
1025 5062 1079 5109 et
1120 5056 1202 5109 lex
1235 5055 1396 5110 dandi
1438 5056 1669 5124 repudii.
1705 5053 1973 5120 Quoniam
2002 5045 2183 5109 autem
2219 5045 2537 5125 secundum
2560 5045 2928 5106 infirmitatem
2964 5063 3155 5125 eorum
3179 5046 3432 5125 dabatur,
3459 5051 3517 5125 ει
3540 5045 3741 5125 neti

514 5109 754 5196 cundum
779 5123 1071 5193 justitiam,
1102 5109 1390 5196 subjectus
1410 5109 1591 5180 ser'mo
1617 5109 1963 5179 demonstrat
1990 5124 2227 5196 dicens:
2266 5123 2398 5196 «Ab
2422 5123 2785 5196 initio_autem
2819 5135 2930 5196 non
2963 5117 3187 5196 l_uit_s_ic.
3219 5135 3238 5168 ι
3274 5113 3340 5168 Ει
3371 5115 3426 5196 in
3459 5109 3742 5196 ῌοῑξυεςξξςς

514 5203 621 5256 que
651 5182 999 5264 Testamento
1046 5182 1173 5251 sunt
1202 5182 1462 5264 'quaidam
1493 5210 1599 5249 non
1631 5198 1929 5250 secundum
1959 5209 2141 5249 veram
2180 5194 2470 5264 justitiam,
2503 5193 2596 5264 sed
2629 5191 2929 5264 secundum
2965 5188 3222 5264 duritiam
3259 5184 3442 5240 cordis
3481 5182 3735 5264 homini}?

516 5247 818 5317 carnalium
850 5247 1171 5333 constituta,
1200 5247 1944 5336 uiduus,’piobtei‘duiiitidiu
1975 5247 2156 5336 cordis
2180 5247 2358 5317 'vestri
2406 5247 2492 5317 lex
2513 5247 2674 5336 :data
2694 5271 2776 5336 est
2802 5261 2991 5316 dicens
3024 5276 3037 5313 :
3075 5278 3094 5311 (
3127 5258 3335 5312 Bonum
3367 5264 3451 5309 est
3483 5247 3736 5336 mulieri?

517 5340 625 5407 non
654 5339 873 5407 tangere
910 5353 922 5388 :
953 5324 1172 5405 propter
1223 5324 1637 5407 fortiir'ationEm
1689 5344 1869 5390 autem
1916 5334 2294 5407 unusquisque
2342 5334 2619 5407 propriam
2662 5333 2860 5407 habeat
2903 5344 3151 5407 uxorem,
3181 5336 3235 5383 et
3268 5324 3740 5407 unaquiequeitjrg:

515 5396 695 5520 frium
731 5378 1649 5467 Voirum';
1682 5378 2328 5476 boevpro‘p't'e-rv‘durviiia‘m
2343 5378 2541 5459 ‘covr'dis
2571 5402 2743 5457 nostri
2773 5400 3088 5456 mandatum
3122 5378 3226 5461 est,
3264 5378 3470 5465 quan'to
3499 5378 3663 5465 magis.
3688 5378 3741 5435 Π·-

541 5465 611 5519 ud
646 5479 867 5520 nronter
902 5474 1157 5520 duritiam
1197 5476 1378 5520 (innatis
1407 5476 1576 5520 nnslri
1607 5485 1706 5520 est,
1738 5476 1881 5520 mmd
1909 5475 2034 5520 alibi
2063 5475 2194 5520 dicit
2221 5475 2289 5520 de
2317 5474 2497 5520 viduis
2524 5473 2830 5520 volentibus
2873 5473 3070 5520 iterum
3100 5469 3305 5520 nubere
3336 5483 3352 5520 :
3395 5482 3415 5517 ι
3445 5459 3595 5520 Quod
3625 5469 3668 5512 Si
3692 5462 3740 5506 5°

541 5465 611 5519 ud
645 5479 867 5539 propter
902 5459 1583 5541 duritiaiii‘udﬂis'uos’tri
1607 5459 1711 5544 est,
1731 5459 1883 5548 quad
1901 5459 2038 5531 a'libi
2063 5475 2194 5531 dicit
2221 5475 2289 5532 de
2317 5474 2497 5531 viduis
2524 5473 2830 5530 volentibus
2872 5473 3071 5528 iterum
3100 5459 3305 5524 nubere
3336 5483 3352 5522 ε
3395 5482 3415 5517 ι
3445 5459 3595 5530 Quod
3625 5459 3668 5512 si
3692 5462 3740 5506 se

612 5582 659 5614 ιε
685 5582 877 5646 Matth.
901 5606 1016 5660 XIX,
1052 5592 1108 5650 8.
1148 5626 1151 5627 κ
1180 5596 1226 5629 ιθ
1250 5596 1381 5652 ibid.

747 5701 1053 5788 Ἄρχοντα.
1077 5709 1259 5769 Codex
1282 5712 1504 5787 Regius,
1555 5714 1879 5788 ἀρέσκοντα.
1926 5713 2085 5774 lbidei

2186 5716 2258 5782 εἰς
2294 5713 2549 5788 ἀνδρείαν
2584 5714 2679 5771 καὶ
2721 5710 3094 5788 σωφροσύνην.
3124 5706 3297 5767 Paulo
3328 5710 3472 5778 post,
3495 5698 3591 5773 τῆς
3622 5672 3739 5747 ἀπ’·⁸

526 5762 733 5837 τάσεως
760 5762 942 5848 vagam
