3954 6542
201 427 211 435 .
268 377 411 435 ﬁt?)

1219 376 1571 437 COMMENT.
1615 377 1684 434 IN
1716 378 2132 442 MATTHEUM
2167 382 2404 441 TOMUS
2425 381 2566 442 XIV.

3373 393 3511 450 1246

260 497 357 551 τὸν
406 496 538 552 ἴδιον
578 494 749 569 ἄνδρα
790 495 979 569 ἐχέτω,
1043 514 1063 550 ι
1114 498 1210 553 καὶ
1239 496 1334 553 τόδ
1377 516 1397 551 ι
1441 498 1520 571 Τοῇ
1564 500 1785 567 γυναικὶ
1814 500 1842 553 ὁ

1946 500 2018 556 tia
2052 500 2314 571 scriptum
2344 508 2426 556 est
2450 501 2495 534 ³⁸
2521 519 2535 556 :
2569 518 2588 553 ι
2616 498 2844 574 Propter
2870 502 3290 562 fornicationem
3325 518 3511 566 autem

215 656 229 668 _
260 590 406 661 bri}?
436 588 534 661 τὴν
565 589 787 661 ὀφειλὴν
817 590 1113 645 ἀποδιδότω
1151 592 1285 663 (76),
1336 592 1537 662 ὁμοίως
1573 590 1631 645 δὲ
1673 593 1766 646 καὶ
1807 594 1840 663 η

216 713 229 726 ο
258 680 405 752 γυνὴ
430 679 511 751 τῷ
546 680 717 753 ἀνδρί.
763 700 783 734 ι
833 682 1181 755 Ἐπιφέρεται
1206 683 1335 753 γοῦν
1362 685 1565 748 αὐτοῖς·
1615 703 1634 736 ι
1674 683 1843 739 Τοῦτο

257 768 323 824 δὲ
347 769 491 840 λέγω
511 770 656 825 κατὰ
685 772 1031 845 συγγνώμην,
1071 774 1131 827 οὐ
1161 774 1281 828 κατ’
1311 774 1582 845 ἐπιταγήν
1600 791 1613 804 ·
1650 793 1669 826 ι
1706 772 1844 828 ἀλλὰ

259 862 366 917 καὶ
389 860 485 916 τό·
531 880 551 914 ι
586 861 725 934 Γυνὴ
763 863 972 917 δέδεται
1006 866 1092 934 ἐφ’
1122 865 1247 921 ὅσον
1284 865 1473 937 χρόνον
1504 867 1615 939 (77)
1645 868 1673 920 ὁ
1702 868 1842 940 ἀνὴρ

259 953 438 1022 αὐτῆς
482 951 587 1024 ζῇ·
634 953 729 1007 ἐὰν
764 952 823 1007 δὲ
875 954 1110 1027 κοιμηθῇ
1166 955 1305 1027 ἀνὴρ
1349 956 1540 1028 αὐτῆς,
1583 956 1841 1030 ἐλευθέρα

259 1045 437 1107 ἐστὶν,
467 1038 512 1112 ᾧ
548 1043 689 1098 θέλει
730 1045 1066 1116 γαμηθῆναι,
1112 1047 1271 1117 μόνον
1302 1049 1358 1102 ὲν
1392 1048 1601 1120 Κυρίῳ,
1645 1068 1665 1101 ι
1705 1048 1842 1121 πρὸς

256 1136 365 1208 τὴν
392 1135 819 1208 σκληροκαρδίαν
844 1137 877 1209 ἢ
911 1137 1191 1193 ἀσθένειαν
1220 1141 1349 1210 ἡμῖν
1377 1141 1530 1213 παρὰ
1549 1141 1744 1212 Παύλῳ
1766 1140 1843 1194 εί-

260 1244 430 1299 ρηται
460 1230 575 1292 τοῖς
606 1227 680 1301 μὴ
723 1227 1065 1301 βουλομένοις
1098 1229 1295 1303 ζηλοῦν
1324 1232 1393 1286 τὰ
1433 1233 1745 1305 χαρίσματα
1773 1234 1841 1288 τὰ

260 1320 514 1390 μείζονα,
548 1320 644 1375 καὶ
679 1322 1115 1395 μακαριωτέροις
1141 1323 1413 1392 γενέσθαι.
1452 1326 1590 1398 Ἤδη
1618 1327 1674 1379 δὲ
1692 1326 1841 1399 παρὰ

254 1411 628 1485 γεγραμμένα
663 1414 757 1468 καί
795 1432 941 1479 τινες
969 1415 1077 1471 τῶν
1114 1415 1430 1487 ἡγουμένων
1461 1418 1561 1489 τῆς
1612 1418 1841 1489 Ἐκκλη-

257 1504 390 1570 σίας
431 1505 736 1577 ὲπέτρεψάν
772 1522 915 1571 τινα,
966 1506 1104 1561 ὥστε
1151 1505 1351 1572 ζῶντος
1383 1508 1475 1562 τοῦ
1504 1510 1715 1581 ἀνδρὸς,
1742 1527 1843 1579 γα-

261 1597 487 1668 μεῖσθαι
511 1600 745 1667 γυναῖκα
766 1636 783 1661 ,
824 1597 975 1670 παρὰ
1006 1598 1068 1652 τὸ
1097 1601 1476 1672 γεγραμμένον
1504 1601 1600 1672 μὲν
1629 1601 1843 1657 ποιοῦν-

255 1709 359 1757 τες
390 1694 448 1747 ὲν
474 1685 519 1761 ᾧ
542 1692 792 1745 λέλεκται
810 1708 824 1722 ⁸
867 1710 887 1743 ι
916 1692 1060 1763 Γυνὴ
1081 1692 1138 1745 δὲ
1163 1694 1247 1761 ἐφ’
1276 1692 1398 1746 ὅσον
1431 1693 1541 1764 (78)
1564 1693 1754 1765 χρόνον
1773 1693 1838 1766 ζῇ

254 1785 289 1837 ὁ
310 1782 454 1855 ἀνὴρ
484 1783 677 1854 αὐτῆς,
708 1803 728 1834 ι
761 1784 852 1836 καί
873 1782 934 1836 τό
953 1799 967 1813 ο
1005 1801 1024 1835 ι
1066 1784 1206 1855 Ἀρα
1230 1778 1323 1837 οὖν
1358 1784 1601 1856 μοιχαλὶς
1621 1801 1839 1857 χρημα-

1943 593 2325 663 unusquisque
2349 607 2501 647 suam
2529 607 2754 649 uxorem
2785 593 3513 669 habeat,6ﬁ7et~unaquaa-

1941 698 2046 754 que
2095 699 2254 739 suum
2302 684 2478 740 virum
2525 684 2739 749 habeat,
2773 704 2792 739 ι
2822 692 2878 741 et
2901 685 3032 740 illud
3055 687 3098 718 ³¹
3128 705 3141 741 :
3181 704 3200 737 ι
3232 686 3398 743 Uxori
3428 691 3511 745 vir

1939 776 2181 832 debitum
2235 776 2459 845 reddat;
2514 777 2764 833 similiter
2792 786 2971 833 autem
3021 785 3076 833 et
3125 793 3262 833 uxor
3306 781 3445 836 viro.
3482 800 3504 836 ι

1941 867 2037 925 Bis
2061 869 2246 939 itaque
2270 869 2678 939 subjungitur"
2713 887 2729 923 :
2767 887 2784 919 ι
2816 867 2932 924 Hoc
2957 876 3137 924 autem
3164 869 3287 923 dico
3312 884 3511 925 secun-

1940 962 2068 1017 dum
2100 962 2515 1032 indulgentiam,
2549 975 2657 1015 non
2684 961 2980 1016 secundum
3010 961 3352 1029 imperium.)
3369 959 3511 1027 Quin

1938 1062 1995 1108 et
2029 1052 2161 1108 illud
2175 1053 2221 1086 ⁸⁸
2252 1071 2265 1108 :
2313 1072 2331 1106 ι
2360 1052 2549 1108 Mulier
2575 1053 2791 1124 alligata
2815 1062 2898 1108 est
2927 1060 3135 1121 quanto
3165 1060 3408 1122 tempore
3430 1053 3513 1108 vir

1940 1145 2059 1214 ejus
2088 1144 2251 1210 vivit;
2281 1144 2427 1215 quod
2470 1144 2517 1200 si
2553 1143 2838 1200 dormierit
2868 1144 2954 1198 vir
2981 1144 3120 1213 ejus,
3150 1143 3376 1199 liberata
3406 1152 3509 1208 est,

1941 1237 2029 1292 cui
2069 1237 2185 1291 vult
2229 1237 2428 1303 nubat;
2467 1246 2675 1292 tantum
2722 1236 2776 1290 in
2826 1216 3076 1300 Domi-uo,
3108 1256 3127 1288 ι
3162 1251 3262 1306 pro
3310 1236 3513 1290 duritie

1940 1328 2120 1383 cordis
2143 1336 2196 1383 et
2226 1328 2539 1384 inﬁrmitate
2567 1327 2707 1397 apud
2731 1326 2956 1382 Paulum
2997 1328 3152 1383 nobis
3176 1327 3384 1398 potiora
3415 1326 3512 1381 do-

1941 1434 2011 1473 na
2045 1419 2242 1475 sectari
2266 1427 2320 1474 et
2339 1418 2611 1474 beatiores
2632 1418 2767 1474 etlici
2790 1419 3096 1475 nolentibus
3116 1419 3321 1475 dictum
3342 1425 3426 1472 est
3442 1417 3509 1474 ⁸⁸.

1939 1508 2060 1565 Jam
2092 1524 2222 1565 vero
2266 1520 2453 1565 contra
2497 1509 2789 1580 Scripturze
2822 1511 3017 1582 legem,
3052 1509 3268 1565 mulieri
3295 1510 3513 1565 vivente

1939 1602 2060 1657 viro
2092 1603 2295 1657 nubere
2323 1601 2542 1671 quidam
2580 1602 2834 1675 Ecclesia:
2858 1615 3098 1658 rectores
3124 1602 3508 1672 permiserunt,

1941 1707 2162 1766 agentes
2191 1702 2379 1751 contra
2414 1696 2465 1750 id
2494 1696 2640 1766 quod
2661 1696 2923 1765 scriptum
2950 1703 3050 1760 est,
3079 1695 3133 1749 in
3155 1709 3264 1765 quo
3303 1695 3383 1749 sic
3412 1694 3513 1748 ha-

1943 1786 2156 1842 betur"
2186 1802 2201 1841 :
2234 1806 2251 1839 ι
2281 1786 2473 1843 Mulier
2521 1787 2737 1860 alligata
2789 1797 2873 1843 est
2922 1795 3125 1859 quanto
3159 1795 3398 1857 tempore
3424 1786 3511 1841 vir

253 1874 405 1928 τίσει
441 1875 473 1945 ἡ
506 1873 641 1946 γυνὴ
685 1874 949 1945 γενομένη
992 1873 1148 1945 ἀνδρὶ
1181 1874 1350 1946 ἑτέρῳ
1383 1874 1585 1940 ζῶντος
1616 1874 1709 1929 τοῦ
1742 1876 1838 1929 άν-

1946 1879 2060 1950 ejus
2087 1881 2238 1948 vivit,
2270 1900 2290 1934 ι
2326 1890 2376 1936 et
2406 1888 2594 1936 contra
2624 1880 2753 1935 illud
2769 1880 2814 1913 ”
2850 1899 2863 1935 :
2900 1898 2918 1932 ι
2949 1879 3116 1951 Igitur
3155 1878 3369 1933 vivente
3391 1878 3510 1933 viro

253 1965 413 2038 δρὸς,
470 1984 490 2017 ι
538 1966 599 2019 οὑ
647 1964 753 2037 μὴν
783 1964 958 2035 πάντη
992 1965 1200 2033 ἀλόγως
1220 1983 1233 1996 ’
1263 1966 1410 2030 εἰκὸς
1427 1967 1534 2040 γὰρ
1565 1966 1662 2037 τὴν
1706 1984 1842 2040 συμ-

255 2058 570 2130 περιφορὰν
617 2055 819 2128 ταύτην
875 2056 1158 2129 συγκρίσει
1225 2058 1484 2128 χειρόνων
1546 2058 1839 2130 ἐπιτρέπε-

257 2149 394 2204 σθαι
440 2149 592 2223 παρὰ
630 2149 699 2203 τά
731 2149 825 2203 ἀπ’
871 2149 1048 2220 ἀρχῆς
1093 2148 1561 2221 νενομοθετημένα
1609 2152 1703 2205 καὶ
1746 2168 1840 2221 γε-

253 2242 588 2316 γραμμένα.

336 2413 493 2486 Τάχα
548 2415 605 2469 δὲ
661 2414 770 2469 τῶν
816 2415 1137 2487 τολμώντων
1196 2435 1282 2482 τις
1362 2418 1649 2483 Ἰουδαῖκὸς
1702 2418 1843 2492 ἀνὴρ

255 2506 636 2561 ἐναντιοῦσθαι
665 2511 731 2580 τῇ
764 2506 858 2561 τοῦ
884 2509 1134 2580 Σωτῆρος
1161 2509 1317 2581 ήμῶν
1345 2510 1688 2583 διδασκαλίᾳ,
1738 2514 1843 2584 φή-

257 2614 384 2662 σει,
418 2598 502 2651 ὄτι
534 2597 628 2651 καὶ
660 2598 689 2651 ό
746 2597 972 2669 Ἰησοῦς,
1017 2598 1219 2654 είπών·
1258 2620 1277 2652 ι
1332 2598 1539 2675 Ὀςθᾶν
1585 2602 1845 2658 ἀπολύσει

253 2690 364 2760 τὴν
410 2688 521 2761 (79)
576 2691 809 2757 γυναῖκα
839 2689 1005 2744 αὑτοῦ
1052 2692 1324 2764 παρεκτὸς
1363 2692 1521 2762 λόγου
1569 2695 1841 2768 πορνείας,

256 2786 410 2836 ποιεῖ
440 2782 607 2854 αὐτὴν
640 2782 1009 2854 μοιχευθῆναι,
1053 2803 1071 2836 ι
1096 2785 1395 2857 ἐπέτρεψεν
1434 2786 1702 2841 ἀπολῦσαι
1744 2786 1844 2860 τὴν

256 2878 500 2944 γυναῖκα
550 2874 748 2946 ὁμοίως
778 2877 1023 2947 Μωῦσεῖ,
1047 2875 1106 2930 ὃν
1143 2872 1263 2930 εἷπε
1297 2877 1433 2951 πρὸς
1468 2877 1566 2950 τὴν
1612 2879 1845 2952 σκληροπ-

255 2967 494 3039 καρδίαν
538 2967 631 3021 τοῦ
671 2966 801 3022 λαοῦ
849 2968 1355 3040 νενομοθετηκέναι,
1411 2970 1506 3023 καὶ
1550 2970 1744 3025 ταύτόν
1779 2988 1844 3040 γε

257 3062 426 3132 φήσει
449 3056 585 3115 εἶναι
617 3059 698 3131 τῷ
720 3060 863 3132 λόγῳ
895 3060 996 3131 τῆς
1019 3061 1297 3133 πορνείας,
1322 3062 1393 3117 δι’
1421 3062 1479 3116 ὃν
1508 3062 1744 3133 εὐλόγως
1777 3062 1844 3117 ἂν

254 3153 398 3226 γυνὴ
418 3153 707 3226 ἐκϐληθείη
729 3152 838 3207 ἀπὸ
855 3152 1066 3221 ἀνδρὸς,
1096 3154 1157 3206 τό
1177 3170 1191 3184 ’
1234 3173 1253 3205 ι
1297 3154 1419 3207 ὐτι
1448 3150 1604 3227 εὗρεν
1625 3156 1683 3208 ὲν
1704 3155 1841 3227 αὐτῇ

254 3216 511 3317 άσχημον
553 3216 802 3317 πρᾶγμα.
848 3263 868 3297 ι
1118 3245 1339 3300 λεκτέον
1366 3216 1714 3319 πρὺςάὐτὺν,
1738 3216 1841 3314 ὅτι,
1867 3216 1914 3279 c

255 3341 419 3411 εῐπερ
446 3342 479 3412 ἡ
514 3340 655 3394 κατά
680 3339 773 3394 τὸν
804 3340 968 3411 νόμον
1008 3340 1319 3413 μοιχωμένη
1356 3340 1464 3411 (80)
1496 3341 1844 3415 λιθοϐοληθή-

256 3450 436 3499 σεται,
489 3432 730 3504 δηλονότι
776 3433 837 3486 οὐ
880 3431 1021 3487 κατὰ
1052 3433 1210 3487 τοῦτο
1251 3438 1449 3489 νοεῖται
1487 3435 1549 3489 τὸ
1594 3436 1840 3508 ἄσχημον

256 3528 526 3598 πρᾶγμα·
580 3527 643 3579 οὐ
688 3520 797 3597 γὰρ
854 3526 946 3579 ἐπὶ
992 3526 1207 3599 μοιχείᾳ
1253 3528 1335 3583 δεῖ
1361 3528 1594 3600 γράφειν
1636 3529 1837 3601 βιϐλίον

142 3608 145 3609 ν
226 3658 229 3661 ι
254 3619 615 3683 ἀποστασίου,
651 3620 746 3673 καὶ
764 3617 964 3673 διδόναι
993 3617 1073 3681 είς
1097 3616 1195 3682 τὰς
1223 3622 1411 3690 χεῖρας
1440 3621 1538 3692 τῆς
1563 3621 1837 3691 γυναικὸς,

254 3710 291 3782 ἡ
316 3728 426 3765 τινι
453 3709 752 3782 τηλικαύτῃ
785 3708 1162 3783 ἀσχημοσύνῃ.
1212 3711 1371 3766 Ἀλλὰ
1403 3713 1512 3784 γὰρ
1543 3713 1683 3784 τάχα
1707 3716 1840 3768 Μω-

202 3834 209 3839 ι
257 3804 362 3867 σῆς
384 3804 494 3857 πᾶν
524 3804 827 3879 ἁμάρτημα
868 3807 1118 3880 ἄσχημον
1147 3804 1267 3861 εἶπε
1301 3808 1549 3877 πρᾶγμα,
1580 3807 1716 3877 ὅπερ
1746 3805 1840 3860 ἐὰν

254 3895 459 3967 εὑρεθῇ
483 3896 588 3952 ὑπὸ
612 3896 708 3951 τοῦ
730 3898 924 3971 ἀνδρὸς
952 3901 1009 3954 ὲν
1042 3898 1263 3968 γυναικὶ
1288 3896 1363 3970 μὴ
1395 3896 1724 3970 εὑρισκούσῃ
1751 3898 1842 3968 χά-

1942 1972 2137 2027 mulier
2164 1972 2448 2028 vocabitur
2469 1972 2733 2038 adultera,
2762 1973 2807 2028 si
2837 1971 2999 2027 fuerit
3023 1986 3146 2027 cum
3175 1969 3281 2025 alio
3308 1969 3457 2036 viro;
3483 1989 3503 2021 ι

1940 2079 2048 2119 non
2083 2065 2307 2135 omnino
2336 2072 2516 2119 tamen
2566 2067 2685 2121 sine
2735 2065 2964 2131 ratione,
3002 2063 3115 2118 haec
3140 2063 3284 2117 enim
3315 2072 3508 2117 contra

1940 2155 2110 2226 legem
2162 2156 2317 2210 initio
2349 2157 2513 2210 latam
2541 2164 2596 2211 et
2638 2157 2916 2227 scriptam,
2956 2155 3024 2210 ad
3050 2154 3267 2211 vitanda
3300 2153 3508 2224 pejora,

1941 2245 2119 2300 alieno
2144 2245 2371 2301 arbitrio
2397 2261 2601 2301 morem
2629 2255 2878 2318 gerentes
2903 2260 2996 2302 eos
3020 2245 3334 2316 permisisse
3360 2244 3507 2300 veri-

1943 2337 2119 2393 simile
2147 2347 2252 2394 cst.
2563 2345 2567 2350 ’

2010 2430 2100 2485 24.
2146 2430 2298 2487 Dicet
2343 2447 2474 2487 vero
2519 2430 2752 2488 fortasse
2792 2430 3052 2489 Iudaicus
3095 2432 3367 2503 quispiam
3400 2433 3507 2497 vir,

1941 2537 2006 2577 ex
2052 2523 2119 2579 iis
2172 2526 2265 2593 qui
2321 2523 2674 2594 Sospitatoris
2720 2525 2889 2579 nostri
2939 2525 3199 2580 doctrina:
3244 2524 3508 2597 refragari

1943 2617 2177 2684 audent,
2226 2615 2411 2672 Jesum
2458 2616 2635 2687 ipsum
2679 2631 2804 2671 cum
2857 2616 2991 2671 dixit
3011 2615 3359 2672 ":cOmnis
3413 2617 3509 2687 qui

1942 2709 2209 2765 dimiserit
2242 2724 2463 2764 uxorem
2498 2723 2675 2773 suam,
2713 2715 2933 2778 excepta
2970 2707 3346 2765 fornicationis
3379 2723 3511 2763 cau-

1943 2815 2026 2867 sa,
2060 2799 2188 2856 facit
2217 2815 2336 2855 eam
2368 2800 2656 2860 mmchari,
2687 2818 2706 2851 ι
2743 2801 3093 2871 repudianda:
3129 2800 3319 2855 uxoris
3349 2808 3508 2870 pote-

1943 2902 2134 2949 statem
2170 2891 2364 2949 fecisse
2395 2893 2539 2948 haud
2586 2908 2744 2949 secus
2787 2908 2853 2948 ac
2895 2891 3165 2963 Moysem,
3210 2907 3371 2961 quem
3411 2906 3510 2961 pro

1941 2986 2141 3041 duritie
2165 2984 2345 3041 cordis
2372 2986 2554 3055 populi
2577 2986 2746 3056 legem
2772 2986 2960 3040 tulisse
2992 2985 3162 3039 dixit:
3188 2992 3242 3040 et
3273 2984 3402 3038 illud
3422 2982 3468 3016 ⁸⁸
3492 3001 3507 3039 :

1950 3095 1968 3128 ι
1993 3076 2131 3143 Quia
2178 3075 2471 3132 foeditatem
2519 3077 2573 3131 in
2606 3092 2668 3132 ea
2710 3076 2937 3143 invenit,
2968 3095 2987 3128 ι
3025 3076 3165 3130 idem
3215 3090 3336 3131 esse
3367 3075 3551 3142 dicet,

1944 3183 2010 3224 ac
2044 3166 2422 3224 fornicationis
2448 3184 2692 3233 causam,
2719 3176 2936 3238 propter
2967 3184 3129 3238 quam
3157 3167 3281 3237 jure
3312 3165 3511 3220 mulier

1945 3277 1977 3316 a
2010 3260 2127 3316 viro
2157 3260 2427 3330 repudiari
2456 3260 2629 3329 possit
2657 3278 2669 3313 ε
2702 3273 2888 3314 verum
2918 3258 3047 3313 huic
3074 3256 3510 3328 respondendum

1945 3364 2048 3422 est,
2087 3352 2297 3408 etiamsi
2325 3366 2392 3407 ex
2430 3352 2563 3423 legis
2609 3352 2867 3406 mandato
2897 3350 3090 3405 mulier
3125 3348 3375 3405 adulterii
3415 3362 3512 3404 rea

1946 3445 2218 3515 lapidibus
2244 3444 2483 3499 necanda
2525 3444 2615 3507 sit,
2657 3459 2765 3498 non
2810 3444 2884 3497 ita
2934 3441 3230 3498 foeditatem
3264 3455 3387 3497 esse
3422 3440 3510 3495 in-
3552 3480 3571 3495 .

1946 3536 2327 3607 telligendam;
2389 3551 2489 3591 nec
2537 3534 2685 3591 enim
2742 3542 2964 3605 pr0pter
3007 3532 3373 3600 adulterium,
3426 3530 3513 3586 vel

1947 3630 2179 3684 similem
2205 3629 2441 3699 aliquam
2476 3628 2862 3699 turpitudinem
2896 3626 3110 3681 libellus
3136 3624 3347 3696 repudii
3375 3622 3515 3677 scri-

1944 3721 2156 3776 bendus
2207 3733 2321 3788 est,
2374 3732 2426 3776 et
2459 3721 2674 3791 conjugi
2720 3720 2773 3774 in
2805 3733 3002 3774 manus
3043 3716 3372 3780 tradendus;
3419 3712 3514 3769 sed

1944 3811 2223 3882 quodlibet
2271 3809 2521 3867 forsitan~
2554 3819 2874 3881 peceatum,
2942 3809 3239 3865 fmditatem
3302 3820 3515 3861 nuncu-

1944 3917 2105 3972 passe
2130 3901 2296 3973 648
2326 3901 2584 3974 Moysem,
2620 3902 2763 3973 quod
2800 3902 2849 3958 si
2892 3917 2924 3956 a
2964 3901 3082 3956 viro
3115 3899 3514 3970 deprehensum

1492 4014 1720 4072 VETUS
1756 4011 2332 4070 INTERPRETATIO.

256 4122 375 4165 non
406 4108 707 4175 continent,
739 4111 977 4178 nubant;
1007 4111 1201 4167 melius
1241 4118 1324 4167 est
1357 4111 1500 4166 enim
1531 4110 1757 4173 nubere,
1792 4123 1954 4178 quam
1987 4108 2093 4162 uri.
2150 4127 2168 4159 ι
2204 4105 2330 4162 Scio
2361 4107 2505 4161 enim
2537 4104 2803 4178 quosdam
2832 4104 2923 4175 qui
2959 4110 3200 4178 praesunt
3228 4095 3509 4178 Ecclesiis:

255 4189 419 4251 extra
450 4165 788 4251 Scripturam
819 4165 1136 4251 permisisse
1158 4165 1392 4250 aliquam
1422 4181 1647 4247 nubere,
1676 4165 2011 4251 viro'priori
2032 4178 2244 4251 vivente
2276 4195 2289 4231 :
2325 4185 2380 4231 et
2406 4165 2596 4251 contra
2631 4165 2982 4251 Scripturam
3007 4172 3226 4243 quidem
3268 4165 3516 4251 fecerunf

257 4249 535 4322 dicentem
570 4244 589 4305 Ξ
620 4270 637 4302 ι
674 4244 865 4305 Mulier
894 4252 1166 4322 ligatacst
1190 4244 1394 4321 quanto
1428 4244 1670 4320 tempore
1696 4244 1943 4322 vivit'vir
1966 4249 2103 4322 ejus.
2136 4267 2154 4299 ι
2190 4247 2322 4300 Item
2355 4264 2375 4322 _:
2412 4266 2429 4298 ι
2462 4245 2689 4322 Vivente
2716 4248 2831 4322 viro
2860 4246 3102 4322 adultera
3137 4244 3438 4322 vocabitur,
3469 4244 3517 4292 sl

258 4319 405 4393 facta
439 4318 601 4393 fuerit
628 4322 784 4393 alteri
818 4310 1001 4375 viro?»
1039 4320 1154 4376 Non
1187 4310 1369 4377 tamen
1417 4310 1639 4393 omnino
1689 4321 1807 4393 sine
1854 4310 2020 4374 causa
2068 4317 2171 4370 hoc
2198 4316 2564 4393 permiserunt
2592 4335 2605 4371 :
2632 4315 2862 4393 forsitan
2894 4316 3039 4369 enim
3069 4320 3289 4393 propter
3322 4310 3519 4393 hujus-

257 4390 409 4444 modi
445 4389 813 4446 inﬁrmitatem
846 4393 1297 4447 incontinentium
1344 4391 1650 4457 hominum,
1686 4389 1931 4459 pejorum
1970 4378 2395 4459 comparatione,
2430 4402 2551 4459 qua:
2585 4387 2724 4440 mala
2758 4396 2893 4459 sunt
2917 4378 3282 4459 permiserunt
3323 4378 3518 4433 adver-

258 4475 365 4532 sus
388 4475 451 4532 ea
484 4476 606 4530 quae
642 4462 710 4515 ab
742 4461 897 4532 initio
939 4462 1155 4517 fuerant
1184 4463 1385 4532 scripta
1424 4480 1437 4516 :
1480 4479 1498 4512 ι
1530 4459 1660 4515 Dico
1686 4456 1874 4515 autem
1924 4459 2079 4513 vobis
2126 4457 2384 4526 quoniam
2416 4457 2728 4527 quicunque
2769 4456 3039 4511 dimiserit
3071 4466 3296 4508 uxorem
3336 4462 3515 4512 suam,

257 4530 717 4604 nisi‘oh_cau_sam
746 4531 1144 4604 fornicationis,
1173 4543 1227 4587 et
1257 4530 1418 4604 aliam
1453 4532 1688 4604 duxerit,
1722 4532 2046 4604 mtpchatur.
2078 4549 2120 4604 ι-
2252 4598 2262 4604 ἢ
2403 4598 2433 4604 __
2478 4598 2488 4604 _
2657 4596 2667 4604 .
2899 4598 2911 4604 _
3000 4595 3035 4604 __
3116 4603 3120 4604 ν
3311 4590 3322 4602 ⁸

330 4600 425 4655 24.
462 4600 716 4672 Forsitan
754 4604 931 4657 audax
958 4594 1177 4672 aliquis,
1212 4611 1266 4656 et
1311 4601 1572 4657 Judaicns
1623 4601 1707 4655 vir
1745 4601 2044 4655 adversans
2091 4598 2352 4654 doctrina:
2401 4596 2702 4672 Salvatoris
2735 4598 2951 4672 nostri,
2985 4595 3129 4651 dicet
3158 4594 3437 4672 quoniam
3464 4594 3517 4642 et

252 4668 425 4726 Jesus
453 4670 683 4727 dicens:
723 4691 741 4723 ι
773 4661 1094 4741 Quicunque
1132 4661 1401 4728 dimiserit
1433 4688 1658 4725 uxorem
1708 4687 1864 4727 suam
1886 4710 1901 4736 ,
1944 4680 2165 4740 excepta
2199 4686 2365 4741 causa
2400 4668 2801 4741 fornicationis,
2845 4661 3133 4741 far-itjeam
3159 4661 3463 4741 jumchari,
3496 4676 3516 4710 ι

257 4741 518 4815 permisit
555 4730 1093 4815 uxoremwdiniittere
1122 4743 1584 4815 quemadmodum
1623 4741 1855 4815 Moyses,
1888 4730 2267 4815 quern_ret_ulit
2303 4748 2521 4810 prepter
2564 4740 2822 4815 duritiam
2855 4730 3522 4815 cordis_Jud:eorum_h0¢

259 4806 593 4881 praecepisse
621 4831 634 4867 :
668 4821 723 4867 et
756 4814 897 4868 hanc
926 4814 1100 4883 ipsam
1131 4806 1345 4882 inquiet
1372 4828 1495 4870 esse
1543 4806 1766 4867 causam
1817 4806 2199 4866 furuicationis
2234 4806 2520 4883 perquam
2562 4809 2713 4878 juste
2766 4824 2905 4883 uxor
2937 4826 2965 4861 ιι
3014 4808 3134 4883 viro
3162 4806 3516 4883 dimittitur:

258 4873 567 4937 Secundum
607 4898 773 4953 quam
807 4892 861 4939 et
891 4873 1108 4955 Moyses
1134 4873 1389 4954 praecepit
1421 4882 1696 4939 dimittere
1726 4898 1975 4947 uxorem,
2005 4882 2050 4936 si
2092 4873 2308 4937 inventa
2342 4873 2501 4935 fuerit
2527 4873 2614 4935 res
2640 4880 2816 4949 turpis
2848 4880 2901 4933 in
2947 4893 3033 4932 ea.
3072 4876 3175 4931 Sed
3208 4875 3273 4928 ad
3311 4873 3413 4925 hoc
3442 4873 3521 4923 ita

331 4995 382 5027 ³⁸
412 4993 433 5048 Ι
460 4992 587 5049 Cor.
611 5011 710 5061 vn,
734 4995 789 5050 2.
883 4996 927 5029 ³¹
950 4995 971 5049 l
995 4995 1125 5051 Cor.
1150 5011 1248 5059 vn,
1281 4995 1334 5049 '5.
1411 4994 1455 5026 ³¹
1481 4994 1612 5049 ibid.
1643 4995 1698 5050 6.
1772 4993 1842 5045 ³⁸]

1946 4994 1975 5052 l.
2004 4992 2095 5049 59.
2168 4991 2215 5024 ³⁸
2246 4991 2263 5044 Ι
2290 4990 2416 5047 Cor.
2448 5006 2544 5058 xu,
2572 4991 2662 5045 51.
2719 4993 2763 5024 ³⁸
2794 4991 2963 5046 ICor.
2998 5004 3091 5052 vu,
3126 4985 3215 5040 59.
3292 4982 3336 5014 ³⁸
3358 4979 3518 5033 Rom.

258 5082 359 5132 vlt,
384 5067 438 5120 3.
516 5066 560 5099 ³⁷
590 5065 780 5123 Matth.
808 5082 864 5134 v,
899 5066 989 5122 59..
1068 5066 1113 5097 ⁸⁸
1136 5064 1355 5119 Denter.
1389 5081 1539 5132 xxrv,
1575 5066 1626 5121 1.

334 5187 452 5258 (76)
491 5187 553 5242 '0
574 5186 729 5257 ἀνὴρ
751 5187 866 5258 τὴν·
903 5184 1156 5258 ὀφειλὴν
1180 5184 1543 5258 ᾀποδιδόεω,
1575 5184 1728 5258 Hanc
1764 5185 1841 5258 le-_

260 5255 504 5316 ctionem
540 5255 786 5328 sequitur
822 5255 1083 5328 Vulgata,
1118 5255 1137 5309 Ι
1168 5256 1294 5312 Cor.
1321 5273 1417 5325 vu,
1445 5257 1501 5321 2,
1532 5256 1641 5328 ὃς(
1675 5255 1842 5310 Uxori

260 5332 347 5385 vir
378 5326 632 5384 debitum'
652 5329 861 5393 reddat,
890 5348 908 5380 ›
932 5326 998 5382 ὀι
1021 5326 1300 5395 Ᾰεὶιιιὶορδ,
1331 5335 1385 5382 et
1419 5326 1667 5382 eamdem
1699 5341 1841 5396 quo-

260 5416 377 5471 que
404 5402 625 5455 exhibet
658 5415 800 5471 unus
828 5399 1172 5471 bibliothecae
1202 5397 1337 5471 Reg.
1354 5470 1357 5471 ν
1376 5399 1580 5462 codex;
1621 5406 1676 5451 et
1717 5397 1848 5471 _Ale-

261 5466 606 5536 iandrinus,
648 5481 700 5525 et
731 5469 905 5524 Clem.
938 5485 996 5522 ιιι
1033 5466 1232 5523 Strom.
1279 5466 1429 5523 Alias
1471 5482 1687 5537 semper
1716 5467 1848 5538 legi-

265 5552 375 5606 tur,
405 5541 508 5612 τὴν
529 5540 884 5612 ὀφειλομένην
911 5538 1147 5612 εὔνοια-ν.
1180 5538 1446 5612 ΙΙυετιυς.

339 5609 473 5684 (77)
494 5609 663 5684 Γυνὴ
701 5609 931 5684 δέδεξαι
965 5611 1057 5680 ἐφ’
1081 5609 1233 5684 ὅσον
1267 5609 1699 5684 χρόνονδιιιᾼοί
1724 5624 1845 5684 pag.

1945 5184 2153 5238 δέδεται
2186 5181 2362 5253 νόμῳ,
2395 5181 2482 5250 ἐφ’
2515 5182 2639 5253 ὅσον
2677 5178 2888 5253 χρόνον.
2931 5174 3023 5231 Sic
3067 5172 3318 5241 vulgatus
3354 5168 3523 5224 inter-

1947 5270 2092 5325 pres,
2118 5262 2177 5325 et
2209 5249 2403 5325 Syrus,
2426 5252 2700 5325 etAArabs.
2721 5249 2804 5303 ’ln.

2021 5309 2135 5395 (7's)
2173 5309 2346 5391 ιἰῖνὴ
2375 5309 2444 5376 δὲ
2477 5322 2571 5391 ἐφ’
2613 5320 2783 5375 ὅσον.
2828 5318 2969 5388 Lege
3006 5314 3149 5383 Γυνὴ
3188 5312 3397 5367 δέδεται
3434 5309 3521 5380 ιφ*

1951 5396 2138 5536 amab)
2174 5467 2280 5531 Ὃς
2319 5461 2396 5517 ἂν
2416 5461 2712 5518 ἀπολύσει
2751 5457 2893 5536 τῆς,
2914 5468 3019 5512 etc.
3042 5453 3400 5536 Haunclocum
3429 5450 3524 5522 qui

1953 5525 2096 5607 apud
2120 5525 2318 5607 Matth.
2344 5542 2743 5607 exstat‘capwv,
2768 5531 2800 5599 ᾖ
2829 5529 2928 5594 52,
2970 5525 3251 5607 confundit
3289 5538 3414 5607 cum
3457 5536 3525 5607 eo

1951 5591 2127 5680 altero
2157 5606 2345 5680 Matth.
2378 5602 2574 5680 x1x,__9,
2600 5591 2677 5680 de
2699 5591 2809 5680 quo
2843 5591 3112 5680 agendum
3135 5606 3289 5651 erat:
3325 5596 3423 5680 ξος
3457 5591 3526 5680 a3

267 5659 388 5766 seq:
411 5659 1479 5766 ἰίυῑέιιέῆατάέέιιιέιῑειςιιάίριῖξῇῳῆ
1498 5659 1697 5766 sese:
1717 5659 1842 5734 aa

2354 5659 2583 5766 γυναίκέ
2619 5659 2806 5766 aur-2;"),
2842 5659 2906 5722 εἴ
2921 5668 2995 5766 μη
3027 5669 3120 5721 ἐπὶ
3152 5665 3398 5739 πορνείᾳ,
3429 5659 3527 5718 καὶ

309 5750 484 5825 ρόνον.
523 5751 600 5807 Ita
627 5761 682 5808 et
714 5768 817 5825 mis.
850 5751 1147 5825 Alexandr.
1176 5761 1231 5805 et
1262 5750 1517 5825 Ethiops
1560 5751 1847 5825 interpres,

309 5773 484 5825 ρονον.
524 5773 600 5807 ιω
627 5773 682 5808 Cl
714 5773 817 5808 IIIS.
850 5773 1147 5807 Alexanur.
1176 5773 1231 5805 CI.
1262 5773 1517 5822 ωιιιιυρε
1560 5773 1654 5805 ιιιιι

268 5773 452 5883 ἔασι.
496 5839 591 5894 vn,
619 5824 708 5880 59.
746 5824 814 5881 At
864 5823 1024 5887 codd.
1053 5837 1246 5882 omnes
1290 5824 1370 5879 sic
1413 5824 1654 5880 habent:

1749 5823 1849 5893 υνὴ

1954 5740 2691 5823 γαμήσῃᾊλληνκμοιχᾶται.
2730 5740 2991 5823 Hus'rtus.

2030 5810 2358 5891 {80)"Code'x
2396 5810 2616 5888 Regius,
2655 5810 3035 5885 μοιχευομένη.
