3954 6546
529 348 670 406 1255

1965 346 2127 405 ORIG
2140 344 2293 404 ENIS

3650 358 3771 415 £256

527 465 791 535 locutum,
841 476 896 525 et
947 468 1141 539 spiritu
1183 470 1327 526 dicta
1377 485 1530 539 esse,
1573 469 1834 542 majorem
1890 470 1942 522 in
1998 469 2095 523 hoc

2204 468 2302 540 μὲν
2344 469 2630 542 νενοήκασι
2674 470 2744 524 τὰ
2778 471 2919 526 κατά
2947 473 3040 527 τὸν
3086 475 3271 541 τόπον,
3312 477 3426 539 τοῖς
3459 473 3769 547 ὁμολογοῦσι

523 562 848 633 explicando
893 563 1012 618 loco
1058 565 1464 635 consequentia:
1505 564 1768 619 rationem
1821 562 2097 627 habuisse,

525 663 690 726 atque
718 671 814 711 eos
848 656 941 727 qui
976 657 1186 728 priores
1217 658 1354 714 duas
1398 657 1757 713 castrationes
1795 656 1862 711 ad
1898 670 2101 725 corpus

528 748 845 804 referendas
875 766 996 806 esse
1028 750 1160 806 fassi
1185 759 1313 806 sunt
1343 769 1357 806 :
1385 751 1661 821 prioribus
1691 751 1834 806 enim
1884 750 2098 805 duobus

528 841 749 894 tertium
792 853 1186 912 consequenter
1232 850 1588 914 exaequarunt
1616 862 1631 911 ;
1662 857 1771 897 non
1821 842 1877 896 in
1926 841 2098 897 tribus

526 933 745 1002 quidem
781 933 907 1000 illis,
937 934 1113 1003 quoad
1145 936 1614 1005 consequentiam,
1638 943 1928 1005 peccantes
1957 952 1971 1001 ;
2001 934 2097 989 sed

527 1024 671 1093 quod
701 1025 768 1079 ad
819 1041 883 1080 ea
925 1041 1047 1096 quae
1090 1027 1192 1082 hoc
1236 1028 1352 1082 loco
1395 1036 1705 1092 narrantur,
1743 1027 1855 1097 jam
1894 1027 2019 1083 inde
2065 1042 2097 1082 a

530 1115 797 1188 principio
855 1133 961 1171 non
1017 1119 1152 1174 satis
1201 1120 1562 1185 attenderint.
1608 1120 1916 1175 necessario
1958 1120 2097 1189 lapsi

527 1218 656 1263 stmt
680 1225 695 1274 ;
728 1225 850 1263 nam
878 1211 924 1265 si
946 1209 1012 1265 ad
1036 1226 1235 1281 corpus
1258 1210 1569 1267 referuntur
1592 1212 1733 1279 duae,
1754 1228 2097 1284 consequens

529 1310 611 1354 est
643 1298 833 1355 referri
866 1310 920 1356 et
945 1302 1180 1356 tertiam.
1210 1303 1318 1357 Alii
1350 1318 1483 1359 vero
1519 1306 1733 1359 tertiam
1761 1313 1907 1360 recte
1948 1321 2098 1361 asse-

529 1393 642 1446 cuti
675 1401 825 1458 sunt,
857 1409 980 1448 eum
1008 1394 1354 1449 aﬁ‘ectionum
1387 1396 1456 1449 ab
1479 1396 1659 1451 anima
1690 1406 1959 1466 peractam
1982 1412 2097 1453 ser-

528 1485 706 1539 monis
733 1500 834 1555 ope
856 1487 1211 1542 resectionem
1235 1489 1335 1543 hac
1361 1488 1655 1559 significari
1680 1489 1923 1544 arbitrati
1946 1504 2093 1558 sunt;

528 1587 583 1632 at.
610 1592 717 1633 non
746 1579 1108 1634 observarunt
1143 1580 1269 1635 huic
1299 1582 1645 1650 cxplicationi
1670 1591 2096 1639 consentaneum

2197 560 2324 624 τοὺς
2359 560 2655 631 προτέρους
2702 561 2794 615 δύο
2832 563 3217 636 εύνουχισμοὺς
3261 567 3599 638 σωματικῶς
3636 567 3767 620 λελέο

2197 650 2324 721 χθαι
2342 668 2355 681 ·
2386 651 2727 723 ἐξωμάλισαν
2758 654 2866 725 γάρ
2898 655 3202 721 ἀκολούθως
3231 660 3346 722 τοῖς
3376 658 3665 730 προτέροις
3689 659 3768 712 δύο

2200 742 2292 795 τὸν
2332 744 2535 815 τρίτον,
2564 745 2623 797 ού
2659 746 2942 809 πταίοντες
2976 749 3075 818 μὲν
3106 748 3183 813 ὼς
3224 749 3362 820 πρὸς
3394 749 3458 802 τὸ
3489 749 3767 805 ἀκόλουθον

2201 838 2313 898 τοῖς
2341 836 2540 906 τρισὶν,
2572 837 2881 906 ἀναγκαίως
2910 838 2966 892 δὲ
2997 840 3322 904 πταίσαντες
3351 840 3433 912 τῷ
3471 842 3578 913 τὴν
3612 842 3765 914 ἀρχὴν

2198 929 2307 983 τῶν
2337 929 2477 984 κατὰ
2502 931 2593 984 τὸν
2620 931 2783 985 τόπον
2812 932 3228 1005 παρεωρακέναι
3251 950 3265 962 ⁸
3292 933 3373 1004 τῷ
3402 933 3515 1006 γὰρ
3548 950 3767 1004 ccupat:-

2198 1022 2311 1087 κῶς
2331 1022 2575 1094 λελέχθαι
2600 1026 2727 1089 τοὺς
2752 1024 3046 1079 δύοέπεται
3064 1027 3160 1079 καὶ
3182 1026 3275 1078 τὸν
3294 1027 3480 1097 τρίτον
3499 1022 3648 1080 εἶναι
3679 1044 3766 1081 ω-

2202 1116 2427 1188 ματικὸν
2450 1133 2462 1146 ·
2498 1118 2546 1169 οἱ
2573 1116 2631 1169 δὲ
2653 1115 2895 1188 δεύτεροι
2931 1116 3010 1187 τῷ
3052 1118 3151 1188 μὲν
3182 1118 3350 1189 τρίτῳ
3390 1118 3566 1187 ὑγιῶς
3596 1120 3765 1173 ἐπιϐε-

2199 1208 2450 1277 ὅλήκασι,
2477 1207 2574 1279 τὴν
2612 1209 2719 1262 ἀπὸ
2747 1207 2905 1277 λόγου
2945 1209 3264 1280 νομίσαντες
3290 1209 3595 1280 δηλοῦσθαι
3626 1213 3762 1265 ἐκτο-

2202 1298 2307 1371 μὴν
2336 1299 2430 1353 τοῦ
2465 1298 2763 1371 παθητικοῦ
2789 1300 2896 1353 ἀπὺ
2921 1300 3021 1371 τῆς
3043 1301 3247 1372 ψυχῆς
3283 1302 3468 1355 οὐκέτι
3495 1302 3556 1355 δὲ
3587 1302 3763 1356 τεθεω-

2200 1393 2451 1465 ρήκασιν,
2481 1392 2561 1445 ὅτι
2590 1390 2830 1463 ἁρμόζον
2856 1388 2923 1464 ἦν
2949 1395 3016 1464 τῇ
3044 1392 3265 1465 τοιαύτῃ
3285 1393 3504 1464 ὲκδοχῇ,
3530 1394 3632 1447 καὶ
3658 1397 3763 1459 τοὺς

2197 1485 2494 1558 προτέρους
2521 1482 3031 1557 δύο·εύνουχισμοὺς
3060 1486 3259 1557 ὁμοίως
3294 1487 3374 1558 τῷ
3404 1489 3582 1559 τρίτῳ
3620 1488 3764 1559 ἄλλη.

2197 1577 2447 1649 γορῆσαι,
2482 1577 2515 1649 ἢ
2548 1576 2861 1649 ὲξομαλίσαι
2908 1578 3302 1650 παραπλησίως
3334 1584 3453 1644 τοῖς
3489 1580 3765 1652 προτέροις

528 1684 649 1725 esse
677 1670 886 1739 priores
906 1670 1044 1727 duas
1063 1673 1419 1729 castrationes
1439 1673 1744 1745 allegorice,
1774 1675 1914 1730 haud
1939 1692 2095 1733 secus

2199 1669 2318 1722 δυσὶ
2354 1672 2447 1724 καὶ
2481 1669 2572 1724 τὸν
2613 1670 2814 1742 τριτον.
2847 1669 3019 1742 Εἴπερ
3069 1665 3161 1724 οὖν
3186 1673 3272 1724 ἐπ’
3306 1670 3483 1726 ἄλλων
3518 1672 3686 1726 τινῶν
3712 1674 3765 1724 οὔ

529 1776 593 1815 ae
629 1762 865 1829 tertiam,
898 1763 1119 1831 exponi,
1161 1765 1243 1818 vel
1275 1775 1420 1820 certe
1448 1767 1721 1837 prioribus
1749 1768 1960 1823 duabus
1988 1775 2095 1823 ter-

2202 1759 2359 1829 μόνον
2390 1760 2491 1831 τῆς
2528 1760 2802 1832 Διαθήκης
2844 1761 2944 1832 τῆς
2988 1761 3224 1827 παλαιᾶς
3266 1763 3467 1835 ῥητῶν,
3514 1764 3657 1818 ἀλλά
3684 1765 3767 1817 καὶ

532 1854 663 1907 tiam
717 1868 934 1923 quoque
985 1854 1279 1925 exaequari.
1319 1856 1460 1912 Sane
1510 1858 1557 1914 si
1608 1874 1770 1928 super
1822 1859 1942 1914 aliis
1988 1875 2095 1914 non

2199 1850 2296 1921 τῆς
2324 1850 2517 1920 καινῆς
2539 1850 2764 1921 ἁρμόζει
2788 1850 2965 1920 λέγειν
2985 1867 3000 1881 ⁸
3031 1871 3050 1903 ι
3084 1853 3156 1906 Τὸ
3178 1855 3412 1925 γράμμα
3438 1855 3765 1919 ἀποκτείνει,

528 1944 727 1999 veteris
761 1952 994 2012 tantum,
1028 1947 1120 2001 sed
1153 1956 1205 2001 et
1238 1945 1373 2002 Novi
1406 1947 1739 2004 Testamenti
1774 1950 1908 2005 locis
1933 1967 2095 2021 quam

2199 1941 2259 1995 τὸ
2289 1941 2347 1994 δὲ
2383 1941 2599 2013 πνεῦμα
2628 1942 2897 2006 ζωοποιεῖ,
2937 1962 2957 1995 ι
2988 1944 3146 1999 τοῦτο
3170 1945 3227 1999 δὲ
3258 1946 3353 2000 καὶ
3384 1947 3478 2000 ἐπὶ
3510 1948 3660 2001 κατά
3688 1947 3767 2001 τὸν

527 2035 776 2105 plurimis
807 2037 987 2092 dicere
1020 2053 1117 2108 par
1140 2048 1223 2093 est
1257 2058 1269 2093 :
1309 2058 1327 2091 ι
1358 2038 1562 2095 Littera
1604 2041 1835 2106 occidit,
1877 2044 2101 2112 spiritus

527 2138 709 2182 autem
739 2128 971 2184 vivificat
992 2130 1059 2195 “,
1092 2148 1111 2181 ι
1150 2131 1291 2185 idem
1325 2132 1379 2185 in
1409 2133 1474 2188 iis
1501 2148 1623 2203 quae
1667 2133 1734 2189 ad
1786 2136 1930 2190 hunc
1957 2151 2097 2206 quo-

528 2233 633 2288 que
686 2219 863 2274 locum
917 2222 1222 2290 pertinent,
1273 2220 1548 2278 fatendum
1597 2233 1679 2280 est
1708 2242 1722 2293 ;
1756 2226 2097 2282 observatam

526 2314 728 2382 quippe
773 2313 839 2368 de
893 2314 1106 2370 duabus
1150 2316 1572 2373 castrationibus
1626 2318 1857 2373 litteram
1906 2321 2101 2375 dixerit

530 2404 729 2474 aliquis
759 2419 854 2460 eos
889 2405 1189 2472 occidisse,
1234 2408 1328 2478 qui
1378 2409 1591 2463 tertiam
1642 2412 2098 2481 quemadmodum

524 2505 581 2551 et
606 2496 819 2566 priores
856 2497 1257 2566 intellexerunt,
1281 2508 1336 2553 et
1368 2499 1547 2556 dicere
1591 2503 1711 2557 ausi
1754 2513 1879 2558 sunt
1929 2520 1988 2559 se
2032 2505 2100 2560 ad

526 2587 778 2641 cutmlem
813 2589 1035 2644 modum
1074 2606 1184 2660 quo
1213 2591 1423 2661 priores
1460 2594 1683 2649 castrati
1725 2607 1886 2664 sunt,
1931 2595 2101 2655 fuisse

524 2690 796 2747 exsectos,
830 2691 1015 2752 utpote
1040 2683 1131 2752 qui
1159 2682 1315 2750 juxta
1351 2699 1654 2741 sermonem
1692 2686 1784 2743 Dei
1831 2689 1883 2745 id
1925 2688 2101 2747 facere

527 2774 821 2843 potuerint,
843 2774 914 2829 ob
940 2775 1071 2830 illud
1096 2776 1141 2807 δ’
1168 2795 1181 2830 :
1212 2795 1231 2827 ι
1262 2775 1488 2847 Propter
1510 2795 1732 2850 regnum
1759 2783 2043 2838 caelorum.
2074 2804 2093 2836 ι

600 2866 655 2921 2.
698 2865 851 2933 Quod
879 2867 923 2923 si
955 2868 1078 2938 quis
1112 2868 1232 2924 aliis
1254 2860 1418 2924 etiam
1451 2874 1711 2943 exemplis
1740 2877 1955 2945 probari
1989 2878 2102 2933 vult

524 2953 735 3012 Novum
793 2956 1202 3015 Testamentum
1258 2961 1492 3016 litteram
1546 2966 1877 3022 Occidentem
1938 2968 2100 3042 653

522 3049 824 3115 continere,
856 3053 1059 3121 audiat,
1096 3058 1328 3127 exempli
1358 3060 1551 3129 gratia,
1584 3061 1861 3129 quomodo
1906 3059 2102 3117 Serva-

2200 2034 2555 2104 προκείμενον
2595 2036 2793 2106 τρόπον
2826 2035 2935 2107 (90)
2970 2037 3326 2109 ὁμολογητέον
3344 2056 3358 2069 ·
3391 2039 3638 2111 τηρηθὲν
3669 2041 3764 2111 γὰρ

2196 2126 2259 2180 τὺ
2289 2127 2523 2199 γράμμα
2572 2126 2680 2182 τῶν
2723 2127 2817 2182 δύο
2864 2129 3237 2202 εύνουχισμῶν
3268 2131 3412 2186 εῐποι
3450 2150 3538 2197 τις
3570 2133 3664 2194 ἂν,
3692 2135 3762 2187 ὅτι

2198 2218 2483 2273 ἀπέκτεινε
2510 2220 2637 2285 τοὺς
2674 2220 2980 2285 ἀκολούθως
3020 2225 3131 2287 τοῖς
3160 2224 3442 2297 προτέροις
3470 2225 3563 2278 τὸν
3592 2226 3765 2297 τρίτον

2198 2312 2515 2383 νοήσαντας,
2540 2314 2634 2367 καὶ
2657 2313 3032 2385 τολμήσαντας
3058 2316 3250 2380 εἰπεῖν,
3281 2315 3358 2378 ὡς
3390 2317 3535 2369 κατά
3562 2319 3659 2370 τὸν
3685 2316 3763 2369 ὶύο

2197 2419 2294 2471 γον
2322 2402 2416 2456 τοῦ
2441 2405 2645 2476 Κυρίου
2672 2404 2980 2476 χωροῦντας
3006 2406 3138 2459 αὐτὸ
3164 2411 3337 2462 ποιεῖν
3363 2411 3458 2463 ἐπὶ
3484 2409 3567 2481 τῷ
3586 2427 3601 2441 °
3637 2429 3657 2460 ι
3675 2409 3764 2463 Διά

2197 2494 2295 2567 τὴν
2324 2494 2595 2565 βασιλειαν
2624 2497 2731 2552 τῶν
2756 2497 3022 2569 οὐρανῶν,
3052 2519 3071 2551 ι
3105 2500 3306 2571 ὁμοίως
3329 2505 3442 2568 τοῖς
3465 2505 3761 2577 προτέροις,

2200 2586 2643 2659 εὐνουχισθεῖσιν,
2672 2590 3010 2663 εύνουχίσθαι
3036 2593 3281 2657 ἑαυτούς.

2269 2889 2332 2944 Et
2372 2889 2429 2944 δὲ
2472 2890 2717 2963 βούλεταί
2751 2910 2835 2958 τις
2882 2894 2993 2965 (91)
3037 2895 3132 2950 καὶ
3173 2894 3306 2950 ἀλλα
3357 2899 3761 2970 παραδείγματα

2200 2979 2384 3037 λαϐεῖν
2420 2985 2521 3055 τῆς
2562 2985 2753 3056 καινῆς
2780 2986 3051 3059 Διαθήκης
3093 2988 3323 3061 ἐχούσης
3356 2991 3589 3062 γράμμα
3630 2992 3760 3045 ἁπο-

2200 3078 2432 3140 κτεϊνον,
2465 3076 2707 3130 ἀκουέτω
2744 3077 3182 3151 παραδείγματος
3230 3079 3391 3152 χάριν
3425 3081 3544 3135 τίνα
3572 3082 3761 3153 τρόπον

524 3149 612 3195 ιοι·
646 3144 908 3213 apostolis
949 3146 1025 3200 ait
1047 3147 1135 3203 5':
1177 3168 1195 3201 ι
1227 3148 1456 3217 Quando
1502 3152 1627 3207 misi
1677 3169 1773 3208 vos
1816 3154 1934 3209 sine
1980 3171 2095 3211 sac-

2200 3171 2229 3223 ὀ
2269 3169 2459 3241 Σωτὴρ
2492 3170 2627 3241 πρὸς
2660 3170 2784 3233 τοὺς
2825 3144 3152 3237 ἀποστύλους
3194 3144 3347 3228 εἶπεν
3364 3190 3379 3204 ·
3414 3194 3433 3225 ι
3478 3144 3761 3229 Ὅτε-ἀά-

523 3232 668 3300 culo,
696 3243 750 3289 et
776 3250 922 3304 pera,
949 3246 1002 3292 et
1036 3240 1437 3311 calceamentis,
1469 3244 1728 3313 numquid
1765 3245 1966 3315 aliquid
1998 3247 2095 3301 de-

524 3323 629 3379 fuit
656 3327 843 3382 vobis?
879 3347 896 3380 ι
926 3329 1125 3399 quibus
1155 3333 1538 3404 subjungitur:
1568 3353 1587 3386 ι
1620 3334 1687 3389 At
1711 3335 1785 3390 illi
1807 3336 2093 3392 dixerunt:

527 3414 692 3470 Nihil.
729 3437 748 3471 ο
777 3418 922 3474 Dixit
951 3435 1079 3492 ergo
1106 3423 1186 3478 eis
1220 3423 1379 3480 Jesus
1404 3445 1417 3480 :
1453 3445 1471 3479 ι
1503 3425 1607 3483 Sed
1637 3444 1782 3485 nunc
1810 3431 1902 3500 qui
1936 3432 2097 3487 habet

527 3509 828 3573 sacculum,
863 3512 1014 3569 tollat
1042 3514 1294 3570 similiter
1328 3527 1383 3573 et
1411 3534 1593 3590 peram
1621 3539 1634 3575 :
1659 3530 1711 3576 et
1736 3523 1829 3593 qui
1865 3538 1971 3578 non
2006 3524 2098 3578 ha-

525 3600 634 3667 bet,
669 3602 860 3659 vendat
893 3605 1127 3662 tunicam
1160 3625 1337 3677 suam,
1367 3619 1420 3665 et
1442 3620 1587 3666 emat
1618 3613 1877 3684 gladium.
1906 3634 1924 3667 ›
1960 3614 2093 3670 Nam

525 3694 572 3748 si
607 3695 732 3765 quis
779 3696 942 3766 hujus
981 3698 1082 3754 loci
1130 3715 1349 3755 sensum
1392 3718 1499 3757 non
1533 3713 1844 3774 penetrans,
1889 3717 2093 3761 vestem

525 3801 680 3841 suam
729 3790 985 3844 sensilem
1019 3792 1343 3858 vendiderit,
1377 3805 1431 3849 et
1480 3794 1807 3852 homicidam
1854 3797 2093 3869 gladium

523 3883 736 3947 emerit,
765 3894 1049 3954 propterea
1077 3886 1222 3956 quod
1258 3887 1371 3943 haec
1413 3904 1442 3943 a
1477 3886 1603 3944 Iesu
1638 3890 1782 3945 dicta
1817 3901 1963 3959 sunt,
2004 3910 2098 3963 pe-

524 3973 653 4029 ribit
697 3976 815 4039 ille,
864 3978 1008 4047 quod
1064 3978 1332 4046 ejusmodi
1378 3982 1613 4050 gladium
1664 3988 1991 4054 sumpserit,
2042 3993 2096 4040 ct

523 4076 719 4135 praeter
754 4068 1083 4124 voluntatem
1116 4069 1267 4137 Jesu,
1306 4073 1446 4127 male
1479 4073 1750 4131 intellecto
1778 4078 1950 4147 ipsius
1978 4095 2093 4134 scr-

526 4171 707 4223 mone,
737 4160 939 4229 egerit;
976 4160 1210 4217 fortasse
1239 4179 1366 4217 vero
1395 4172 1451 4219 et
1487 4164 1540 4219 in
1574 4166 1751 4235 gladio
1779 4170 1975 4238 peribit
2000 4189 2012 4224 :
2040 4179 2095 4226 at

524 4252 703 4318 qualis
729 4253 798 4307 sit
827 4254 916 4308 ille
945 4255 1156 4325 gladius
1184 4272 1290 4310 non
1321 4272 1466 4311 nunc
1491 4259 1650 4315 nobis
1679 4261 2092 4330 disquirendum

2199 3262 2381 3316 στειλα
2418 3263 2561 3334 ὑμᾶς
2588 3263 2719 3336 ἄτερ
2745 3263 3049 3335 βαλαντίου,
3079 3268 3173 3320 καὶ
3203 3267 3409 3338 πήρας,
3445 3268 3537 3321 καὶ
3568 3268 3755 3338 ὑποδη-

2202 3356 2407 3427 μάτων,
2450 3356 2523 3426 μή
2568 3371 2711 3420 τινος
2752 3357 3121 3430 ὑστερήσατες
3152 3379 3171 3412 ι
3214 3354 3298 3423 οἷς
3329 3360 3753 3432 ὲπιφέρεταιτό“

2204 3468 2222 3500 ι
2262 3448 2326 3500 Οἱ
2369 3447 2426 3500 δὲ
2462 3446 2613 3500 εἶπον
2638 3464 2651 3477 ·
2688 3448 2932 3513 υύδενός.
2970 3469 2989 3503 ι
3027 3446 3194 3505 Εἶπεν
3230 3447 3324 3505 οὖν
3347 3453 3550 3516 ἀὐτοῖς
3582 3456 3610 3506 ὁ
3653 3454 3755 3521 ‘11;-

2199 3533 2356 3596 σοῦς·
2398 3557 2415 3587 ι
2469 3536 2627 3591 Ἀλλά
2661 3536 2755 3591 νῦν
2797 3541 2825 3592 ὁ
2860 3537 2999 3609 ἔχων
3025 3539 3307 3610 βαλάντιον
3334 3541 3540 3612 ἀράτω,
3566 3541 3758 3612 ὁμοίως

2198 3626 2290 3678 καὶ
2319 3627 2533 3698 πήραν·
2559 3628 2653 3683 καὶ
2680 3630 2708 3681 ὁ
2739 3630 2812 3700 μὴ
2840 3628 2978 3700 ἔχων
3011 3630 3315 3703 πωλησάτω
3346 3632 3407 3685 τὺ
3438 3633 3639 3704 ἱμάτιον
3659 3634 3753 3685 αύ-

2194 3714 2311 3779 τοῦ,
2342 3717 2437 3769 καὶ
2469 3718 2790 3791 ἀγορασάτω
2822 3720 3092 3791 μάχαιραν
3115 3736 3127 3751 ο
3167 3713 3275 3774 {et
3311 3739 3398 3786 τις
3421 3723 3547 3796 γὰρ,
3574 3721 3651 3776 διὰ
3698 3720 3755 3773 τὸ

2196 3806 2367 3860 ταῦτα
2410 3807 2689 3879 εἰρηκέναι
2726 3808 2817 3862 τὸν
2860 3809 3085 3881 Ἰησοῦν,
3123 3810 3196 3881 μὴ
3240 3811 3428 3866 ἐνιδὼν
3472 3813 3753 3885 βουλήματι

2194 3898 2303 3952 τῶν
2347 3898 2704 3970 λελεγμένων,
2734 3900 2972 3972 πωλήσει
3010 3900 3072 3954 τὸ
3113 3901 3367 3974 αἰσθητὸν
3410 3905 3592 3958 ἑαυτοῦ
3630 3904 3751 3973 ἱμάς

2196 4007 2330 4054 τιον,
2370 3990 2464 4043 καὶ
2502 3990 2763 4062 ἀγοράσει
2797 3991 3068 4064 μάχαιραν
3099 3993 3445 4066 ἀνδροφόνον,
3472 3997 3547 4060 ὡς
3586 3995 3753 4048 inﬁda

2203 4084 2472 4158 μάχαιραν
2507 4085 2778 4155 τοιαύτην,
2825 4086 2920 4139 καὶ
2952 4086 3104 4159 παρά
3133 4086 3193 4140 τὸ
3242 4088 3490 4162 βούλημα
3533 4089 3621 4143 τοῦ
3652 4090 3751 4141 Ἰτ-

2201 4176 2294 4231 σοῦ
2328 4179 2577 4249 ποιήσας,
2620 4177 3091 4250 παρεκδεξάμενος
3128 4182 3289 4236 αύτοῦ
3320 4182 3412 4236 τὸν
3445 4183 3594 4252 λόγον
3624 4182 3748 4235 ἀπο-

2199 4269 2371 4323 λεΐται
2415 4270 2512 4340 μέν
2535 4285 2549 4299 ο
2581 4269 2722 4340 τάχα
2753 4268 2808 4322 δὲ
2835 4271 2930 4323 καὶ
2957 4273 3015 4324 ὲν
3049 4272 3291 4345 μαχαίρᾳ.
3320 4273 3595 4327 ἀπολεῖται
3615 4290 3628 4303 ’
3659 4287 3745 4323 πο-

522 4352 626 4399 est.
660 4343 967 4412 Quinetiam
1002 4348 1133 4406 illud
1153 4352 1201 4384 ³⁸
1229 4371 1243 4407 :
1275 4371 1294 4404 ι
1335 4350 1618 4409 Neminem
1643 4369 1741 4424 per
1765 4355 1904 4411 viam
1950 4359 2095 4413 salu-

2200 4361 2344 4433 δαπὴ
2369 4361 2426 4415 δὲ
2447 4363 2479 4433 ή
2512 4362 2775 4433 μάχαιρα,
2801 4361 2863 4415 οὐ
2885 4363 2980 4416 τοῦ
3009 4343 3276 4436 παρόντος
3293 4365 3412 4420 ἐστὶ
3438 4363 3623 4438 καιροῦ
3643 4363 3743 4433 διῃ-

1719 4492 1950 4551 VETUS
1988 4495 2571 4557 INTERPRETATIO.

524 4597 771 4681 carnales
795 4612 917 4655 esse
949 4600 1223 4681 dixerunt3
1255 4612 1310 4657 et
1338 4603 1474 4658 nihil
1505 4604 1819 4681 spiritaliter
1854 4608 2261 4681 intelligendum
2295 4613 2349 4667 in
2382 4612 2463 4666 eis
2491 4629 2505 4668 :
2536 4608 2748 4665 tertiam
2771 4621 2949 4668 autem
2977 4615 3489 4675 eunuchizationem
3516 4620 3739 4675 dixerunt

524 4684 591 4722 ex
622 4669 810 4749 verbo,
843 4684 948 4760 non
974 4674 1335 4760 corporalem,
1379 4669 1599 4760 quando
1642 4692 1738 4747 spe
1784 4681 1937 4749 regni
1985 4669 2307 4760 célestisa
2352 4680 2700 4760 severissima
2752 4683 2917 4760 verbo
2948 4669 3738 4760 praeciduntconcupiscentia;

526 4739 855 4827 passionem;
886 4737 1149 4827 Et‘priini‘
1168 4737 1546 4827 q'uidetn'facti
1578 4737 1706 4801 sun't
1733 4737 2594 4827 amatoresevangelicazplitterte,
2618 4760 2672 4805 et
2695 4767 2801 4827 non
2827 4737 3734 4827 ᾖιιιθιῖἰέέιῖιξξήᾲιιοῖΙῙῖἰῖιῖιι-ἶιξιξξίἶ

525 4809 803 4896 parabolis
828 4809 1041 4867 locutus
1073 4821 1157 4896 est
1188 4809 1371 4881 Iesus,
1408 4827 1806 4885 consequenter
1836 4820 2106 4896 prioribus
2135 4809 2684 4896 eunuchizationibus
2714 4809 2931 4896 duabus
2957 4809 3360 4896 corporalibus
3386 4809 3736 4886 ἰιῆἒῇέὶἆῖιέέί

523 4892 576 4970 et
605 4881 842 4970 tertiam;
874 4882 1227 4970 nonrquidettt
1265 4894 1551 4970 peccantes
1580 4881 1847 4957 quantum
1872 4892 1938 4970 ad
1974 4894 2423 4970 consequentiam
2450 4911 2478 4970 :_
2497 4893 2802 4947 necessarie
2850 4905 3032 4951 autem
3053 4881 3732 4970 'peccaveruntrquoniam

523 4953 593 5005 ab
625 4951 951 5033 initioduas
978 4952 1099 5007 illas
1127 4951 1611 5041 eunuchizationes'
1637 4960 1993 5028 corporaliter
2019 4951 2226 5041 tantum
2260 4964 2481 5033 intelligi
2504 4971 2831 5041 putaverunt
2860 4984 2873 5019 :
2904 4951 3244 5041 consequens
3270 4951 3734 5041 éjn'ﬁ'érsi'isgb

523 5037 689 5104 quam
721 5022 933 5104 priores
966 5022 1765 5104 corporaliter_intellexerunt",
1805 5039 1863 5104 ut
1911 5033 2123 5087 tertiam
2171 5049 2389 5104 quoque
2432 5022 2781 5101 corporalem
2838 5022 3233 5093 existimarent.
3282 5022 3541 5097 secundi
3547 5022 3563 5026 ⁷
3580 5022 3732 5095 suum

524 5096 970 5177 interpretatores
999 5095 1213 5177 tertiam
1244 5096 1464 5177 quidem
1494 5099 2000 5177 eunuchizationem
2025 5095 2315 5177 salubriter
2337 5095 2716 5177 exposuerunt
2735 5104 2849 5177 fieri
2879 5108 3026 5163 verbi
3061 5110 3419 5177 praecisione:
3447 5095 3552 5165 non
3580 5120 3732 5164 autem

522 5164 1450 5243 consideraveruntquoniamutalis
1498 5169 1769 5243 expositio
1817 5174 2145 5230 conveniens
2193 5164 2500 5231 eratetiam
2552 5172 2604 5226 in
2636 5173 2915 5241 prioribus
2946 5164 3503 5237 eunuchizationibus
3528 5164 3732 5243 duabus,

523 5235 822 5290 secundum
855 5235 1264 5291 similitudinem
1296 5236 1443 5293 illius
1471 5235 1658 5294 tertiae.

591 5304 645 5359 2.
687 5304 897 5371 Quibus
947 5315 1131 5362 autem
1170 5307 1441 5378 displicet,
1498 5310 1754 5380 quoniam
1786 5320 1952 5367 estet
1986 5313 2297 5384 evangelica
2321 5315 2497 5370 littera
2533 5318 2808 5383 occidens,
2857 5318 3076 5383 audiat,
3119 5319 3353 5389 exempli
3381 5321 3575 5392 gratia,
3613 5318 3733 5391 quod

594 5421 638 5453 ³⁸
669 5420 713 5474 ll
741 5423 868 5478 Cor.
899 5441 984 5493 tu,
1020 5426 1073 5481 6.
1150 5429 1195 5461 "
1222 5428 1412 5486 Matth.
1443 5447 1555 5496 xu,
1592 5430 1680 5487 l2.
1755 5432 1800 5464 ⁵³
1823 5431 1956 5488 Luc.
1991 5450 2095 5489 χχιι

2200 5436 2255 5504 5,
2288 5437 2377 5493 56.
2453 5438 2500 5471 “
2527 5437 2660 5496 Luc.
2690 5457 2747 5508 x,
2775 5439 2830 5496 4.

750 5519 999 5593 Ϊρόζτον,
1026 5521 1335 5593 Legendum
1367 5524 1602 5582 fortasse
1632 5527 1815 5585 τόπον.

594 5584 706 5655 (9-1)
742 5590 812 5641 Et
856 5591 924 5662 δὲ
959 5584 1250 5656 ,ϐούλεταί
1290 5612 1401 5662 τις,
1446 5607 1550 5652 etc.
1595 5595 1712 5652 Non
1760 5601 1880 5654 sine
1915 5616 2082 5656 causa

524 5654 640 5710 haec
685 5654 930 5740 exempla
963 5654 1102 5740 qua;
1152 5654 1488 5740 sequuntur,
1539 5670 1741 5739 profert
1785 5654 2080 5740 Origenes}

525 5726 978 5809 ttttettradtttoduttt
999 5726 1156 5809 enim
1192 5726 1294 5809 hoc
1321 5726 1523 5809 Christi
1541 5726 1718 5795 ‘ellato
1740 5726 2081 5809 quodultabe;

526 5804 614 5852 tur
646 5794 833 5853 Matth.
870 5816 981 5868 nx,
1017 5803 1102 5868 12,
1140 5805 1206 5860 ad
1252 5808 1611 5866 voluntariam
1654 5794 1955 5883 stti'ipsius
1991 5828 2083 5867 ca-

2192 5526 2510 5607 strationem
2559 5534 2741 5592 fuerat
2792 5536 3091 5607 impulsus;
3135 5537 3212 5591 ita
3257 5552 3385 5592 eum
3429 5537 3586 5592 etiam
3632 5544 3728 5589 tum

2190 5604 2702 5684 adolescensesset,
2737 5623 2800 5663 ex
2836 5604 2916 5684 iis
2941 5623 3064 5684 quae
3101 5607 3324 5674 subjieit
3361 5622 3393 5684 _e
3433 5606 3582 5684 Luca;
3602 5621 3729 5684 αλιι.

2191 5673 2280 5753 55,
2315 5675 2405 5738 36,
2434 5679 2635 5753 petitis,
2666 5673 2826 5753 uuam
2852 5673 2974 5735 sihi'
2986 5673 3226 5753 servarat
3252 5680 3511 5741 tunicam,
3536 5678 3729 5753 abiectis

2190 5748 2607 5818 calceamentis,
2644 5749 2870 5818 pedibus
2918 5748 3077 5818 nudis
3119 5749 3449 5814 incesserat,
3488 5763 3647 5818 neque
3684 5748 3729 5797 it:

2191 5816 2488 5871 crastinum
2513 5816 2884 5889 prospexerat.
2922 5817 3180 5875 llus'rws.

3124 6522 3210 6530 ._-_.
3276 6517 3744 6530 ———-—*———ﬁ——
