3954 6528
276 387 419 458 te73

1227 407 1579 466 COMMENT.
1618 366 1685 468 IN
1725 409 2143 470 ιιιττιιιιευιι
2183 406 2419 469 TOMUS
2456 411 2572 468 xv.

3396 417 3533 475 1274

269 500 702 595 ἐξουδενωμένα,
745 527 843 582 καὶ
889 527 959 582 τὰ
989 528 1181 604 ἀγενῆ,
1219 535 1316 588 καὶ
1344 534 1435 591 διὰ
1488 535 1645 591 τοῦτο
1669 535 1843 607 λεχθη·

1961 535 2119 591 ιιιιιΙιί
2148 535 2404 592 nobiles:
2447 534 2541 591 sed
2576 549 2698 605 qua:
2746 534 2908 590 stulta
2961 545 3089 591 sunt
3136 514 3325 593 mundi
3372 539 3531 611 elegit

274 614 482 686 σύμενα
511 615 580 671 ἂν
618 619 713 672 καὶ
734 620 941 685 παιδία,
972 623 1073 676 ικαὶ
1126 623 1339 694 βλέπων
1391 627 1726 699 ὲπιτιμάτω,
1772 628 1850 694 ὡς

269 707 515 779 ἀκρίτως
551 710 818 777 ποιοῦντι,
862 713 942 784 τῷ
994 715 1355 787 προσφέροντι
1399 718 1702 792 τηλικούτῳ
1735 721 1850 773 Σω-

268 800 402 871 τῆρι
439 802 534 855 καὶ
564 802 868 876 διδασκάλῳ
905 805 1079 879 βρέφη
1106 810 1202 863 καὶ
1235 810 1442 866 παιδία·
1477 813 1572 866 καὶ
1614 812 1850 885 πρόσχες

265 894 322 945 εί
357 892 434 965 μὴ
466 896 698 968 ἁρμόζει
719 898 1013 972 ἀναφέρειν
1039 901 1108 956 τὰ
1137 901 1235 956 νῦν
1271 901 1630 979 ἐξεταζόμενα
1661 906 1754 960 ἐπὶ
1780 906 1851 960 τὰ

261 981 517 1048 τοιαῦτα,
550 986 659 1040 τῶν
692 986 791 1058 μὲν
819 991 1234 1064 προσφερόντων
1264 993 1473 1057 παιδία,
1502 994 1589 1049 ἵνα
1606 996 1707 1059 τὰς
1745 998 1852 1066 χεῖ.-

268 1092 373 1146 ρας
408 1075 591 1141 αὐτοῖς
623 1078 785 1152 ἐπιθῇ
823 1081 1049 1154 Ἰησοῦς,
1097 1086 1192 1138 καὶ⁸
1230 1086 1616 1159 προσεύξηται,
1650 1086 1758 1141 τῶν
1791 1088 1850 1142 δὲ

265 1169 537 1240 μαθητῶν
583 1170 965 1243 ἐπιτιμώντων
1000 1176 1203 1240 αὐτοῖς·
1236 1178 1378 1231 εἴποι
1399 1177 1443 1231 δ’
1464 1177 1530 1233 ἂν
1564 1179 1700 1249 πρὸς
1725 1181 1850 1243 τοὺς

259 1260 638 1332 ἐπιτιμῶντας
661 1264 754 1316 ἐπὶ
788 1265 1020 1330 παιδίοις
1074 1269 1504 1339 προσαγομένοις
1538 1258 1618 1341 τῷ
1675 1271 1848 1343 Ἰησοῦ

258 1352 610 1419 διδάσκαλος,
659 1354 753 1410 καὶ
786 1356 997 1429 Σωτὴρ,
1047 1359 1141 1415 καὶ
1194 1359 1415 1430 Κύριοςο
1481 1381 1500 1413 ι
1536 1361 1735 1431 Ἅφετε
1781 1363 1850 1417 τὰ

261 1447 483 1511 παιδία,
507 1449 603 1503 καὶ
626 1448 711 1521 ιμὴ
744 1449 981 1504 κωλύετε
1007 1451 1149 1506 αὐτὰ
1179 1451 1352 1507 ἐλθεῖν
1387 1452 1525 1525 πρὸς
1561 1455 1683 1526 μέ.»
1716 1450 1848 1509 Εἶτα

273 1538 608 1610 προτρέπων
631 1538 742 1610 (16)
765 1542 891 1604 τοὺς
922 1540 1169 1613 μαθητὰς
1207 1541 1366 1607 ὄντας
1414 1543 1613 1618 ἄνδρας
1642 1561 1847 1615 συγκα-

255 1627 547 1683 ταϐαίνειν
584 1633 652 1702 τῇ
682 1630 921 1703 ὠφελείᾳ
950 1631 1058 1687 τῶν
1107 1632 1357 1701 παιδίων,
1397 1635 1546 1699 ὅπως
1584 1636 1846 1706 γένωνται

256 1722 382 1784 τοῖς
410 1720 646 1786 παιδίοις
681 1722 889 1783 παιδία.
929 1723 1017 1778 ἵνα
1052 1724 1122 1778 τὰ
1175 1724 1362 1781 παιδία
1390 1726 1719 1799 κερδήσωσι,
1757 1727 1848 1781 λε-

257 1812 417 1879 γέτω
463 1815 493 1867 ὁ
537 1813 728 1886 Σωτὴρ
754 1816 834 1869 τό·
877 1834 895 1867 ι
919 1815 1041 1869 Τῶν
1071 1816 1180 1887 γὰρ
1215 1817 1472 1872 τοιούτων
1502 1820 1653 1874 ἐστὶν
1680 1820 1713 1891 ἡ
1748 1819 1846 1891 βα-

1955 628 2121 694 Deus,
2152 637 2207 685 et
2227 644 2291 684 ea
2317 643 2442 699 qua:
2474 643 2581 682 non
2612 634 2759 693 sunt,
2787 635 2843 682 ut
2871 641 2934 681 ea
2958 643 3078 697 quae
3104 639 3249 697 sunt,
3278 631 3528 688 destruc-

1953 731 2052 777 ret.
2101 739 2122 774 ι
2160 720 2362 777 Eorum
2416 720 2582 793 igitur
2628 719 2720 789 qui
2764 719 3135 776 ecclesiastica
3169 734 3433 795 praecepta
3476 734 3531 783 et

1951 813 2254 869 doctrinam
2284 814 2496 869 tradere
2538 829 2597 869 se
2630 813 2983 885 profitentur,
3018 816 3329 886 quempiam
3378 818 3530 889 aspi-

1951 905 2059 962 ciat
2080 906 2298 976 aliquis,
2326 906 2487 961 stulta
2519 906 2730 970 mundi,
2755 915 2810 961 et
2838 915 3148 977 contempta
3168 948 3183 971 ,
3226 918 3279 964 et
3316 909 3528 980 ignobi-

1951 998 2044 1063 lia,
2072 1007 2126 1053 et
2162 1013 2456 1069 puerorum
2489 1007 2779 1070 propterea
2832 1000 3052 1055 nomine
3083 1000 3365 1056 alIicienda
3398 1002 3532 1057 οσο-

1950 1098 2193 1157 rentem;
2224 1100 2278 1145 et
2320 1091 2593 1162 aspiciens
2627 1092 2867 1162 increpet
2901 1107 3025 1146 eum
3053 1133 3068 1159 ,
3120 1094 3279 1163 quasi
3330 1102 3532 1151 temere

1949 1195 2218 1256 agentem,
2248 1204 2372 1244 cum
2404 1197 2555 1243 tanto
2578 1190 2896 1259 sospitatori
2922 1201 2975 1245 et
3007 1191 3270 1261 magistro
3297 1191 3533 1249 infantes

1948 1285 2003 1330 ct
2041 1294 2237 1347 pueros
2267 1278 2426 1333 oﬂ'ert
2458 1299 2470 1333 :
2508 1295 2573 1335 ac
2601 1281 2721 1336 vide
2747 1296 2929 1338 annon
2962 1299 3083 1352 qua:
3113 1292 3412 1341 tractamus
3442 1301 3530 1341 re-

1949 1366 2091 1424 ferre
2110 1384 2211 1439 par
2239 1370 2309 1424 sit
2363 1370 2429 1426 ad
2463 1386 2548 1426 res
2574 1372 2883 1441 ejusmodi,
2936 1389 3122 1429 eorum
3159 1374 3378 1445 quidem
3435 1377 3530 1448 qui

1949 1474 2150 1529 pueros
2181 1460 2437 1525 oll'erunt,
2475 1472 2535 1517 ut
2570 1479 2766 1519 manus
2805 1463 2938 1536 ipsis
2981 1467 3223 1536 imponat
3259 1465 3440 1535 Jesus,
3476 1477 3532 1525 et

1948 1560 2098 1618 oret;
2144 1550 2537 1622 discipulorum
2567 1570 2697 1610 vero
2734 1555 2825 1626 qui
2871 1556 3019 1627 ipsos
3054 1558 3372 1630 increpant:
3410 1578 3528 1616 ma-

1948 1644 2116 1712 gister
2136 1653 2317 1699 autem
2351 1656 2405 1702 et
2436 1646 2714 1713 Servatur,
2738 1658 2793 1704 et
2823 1648 3087 1705 Dominus
3120 1652 3204 1707 his
3238 1653 3405 1719 dicat,
3433 1652 3529 1722 qui

1947 1741 2170 1803 propter
2209 1746 2409 1805 pueros
2460 1734 2588 1792 Jesu
2641 1737 2853 1793 oblatos
2898 1738 3330 1810 objurgationem
3368 1738 3526 1793 adhi-

1951 1827 2077 1882 bent
2109 1826 2157 1860 “
2193 1843 2206 1881 :
2248 1847 2267 1879 ι
2310 1826 2482 1884 Sinite
2512 1829 2787 1898 parvulos,
2820 1837 2873 1885 ct
2921 1829 3088 1885 nolite
3110 1845 3206 1885 eos
3238 1828 3529 1900 prohibere

256 1904 442 1958 σιλεία
501 1904 610 1960 τῶν
642 1906 944 1977 οὐρανῶνοο
984 1908 1078 1962 καὶ
1134 1908 1241 1980 γὰρ
1286 1909 1447 1973 αὐτὸς
1500 1927 1520 1957 ι
1556 1911 1613 1966 ὲν
1662 1913 1843 1982 μορφῇ

1947 1920 2013 1974 ad
2046 1935 2132 1976 me
2157 1922 2371 1989 venire;
2411 1940 2430 1973 ι
2471 1920 2667 1977 deinde
2722 1938 2850 1977 vero
2882 1921 3181 1992 discipulos
3228 1923 3528 1978 adhortans

252 1993 402 2049 Θεοῦ
454 1998 737 2070 ὑπάρχων,
794 2000 891 2070 οὐχ
949 2000 1238 2071 ἁρπαγμὸν
1268 2002 1611 2073 ἡγησάμενος
1640 2002 1754 2075 (17)
1785 2005 1845 2058 τὸ

250 2084 405 2142 εἷναι
437 2089 529 2143 τσα
554 2089 724 2161 Θεῷ,ι
790 2091 978 2160 γέγονε
1009 2092 1244 2158 παιδίον,
1280 2092 1418 2147 ὥστε
1456 2094 1703 2166 λελέχθαι
1731 2099 1846 2161 τοῖς

249 2181 476 2252 Μάγοις
504 2181 608 2237 ὑπὸ
635 2182 731 2237 τοῦ
772 2183 1011 2256 Ἡρώδου
1043 2185 1173 2257 περὶ
1198 2184 1383 2240 αὐτοῦ’
1425 2205 1443 2237 ι
1481 2186 1844 2259 Πορευθέντες

252 2273 512 2344 ἀκριϐῶς
551 2276 843 2343 ἐξετάσατε
876 2279 1004 2350 περὶ
1032 2277 1129 2333 τοῦ
1160 2279 1426 2345 παιδίου,ι
1466 2279 1562 2334 καὶ
1591 2279 1697 2334 ὑπὸ
1748 2278 1843 2335 τοῦ

252 2366 561 2421 Ματθαίου·
595 2368 699 2431 ὅτι,
744 2389 762 2423 ι
814 2369 872 2423 ’0
923 2370 1102 2442 ἀστὴρ
1130 2370 1188 2425 δν
1220 2367 1360 2426 εἶδον
1386 2372 1446 2425 ὲν
1471 2371 1538 2439 τῇ
1568 2370 1841 2444 Ἀνατολῇ,

255 2458 506 2529 προῆγεν
541 2460 758 2524 αὐτοὺς,
790 2460 895 2526 ἕως
919 2456 980 2517 οὗ
1011 2462 1179 2517 ἐλθὼν
1199 2462 1402 2535 ἐστάθη
1433 2457 1495 2517 οὖ
1524 2458 1594 2536 ἦν
1619 2463 1679 2517 τὸ
1718 2482 1845 2519 παι-

248 2547 426 2602 δίον·›
460 2550 554 2603 καὶ
587 2550 705 2621 μετ’
728 2550 907 2622 ὀλίγα,
938 2570 956 2604 ι
994 2552 1326 2618 Ἐλθὸντες,ι
1365 2554 1550 2626 φησὶν,
1591 2573 1609 2606 ι
1633 2557 1714 2620 είς
1741 2554 1843 2628 τὴν

248 2640 461 2704 οὶκίαν,
502 2638 639 2696 εἶδον
678 2644 743 2698 τὸ
769 2644 980 2698 παιδίον
1024 2644 1137 2717 (18)
1176 2646 1314 2717 μετὰ
1350 2647 1569 2718 Μαρίας
1599 2646 1701 2718 τῆς
1734 2664 1840 2720 μη-

249 2734 390 2802 τρὸς
412 2732 630 2790 αὑτοῦ.»
667 2738 775 2790 Καὶ
811 2737 840 2789 ὁ
892 2739 1082 2807 φανεὶς
1132 2736 1189 2790 δὲ
1227 2737 1325 2809 τῷ,
1373 2738 1569 2810 Ἰωσὴφ
1609 2738 1840 2809 ἄγγελος

252 2826 474 2881 παιδίον
503 2828 730 2882 ἐκάλεσε
786 2830 878 2884 τὸν
914 2829 1233 2901 τηλικοῦτον
1284 2830 1441 2902 ἡμῶν
1494 2832 1722 2905 Σωτῆρα
1762 2837 1840 2890 εἰ·

252 2917 400 2973 πῶν·
441 2938 460 2970 ι
495 2920 774 2992 Ἐγερθεὶς
837 2923 1122 2995 παράλαϐε
1191 2923 1252 2977 τὸ
1313 2923 1525 2978 παιδίον
1588 2925 1681 2979 καὶ
1741 2927 1840 2999 τὴν

253 3012 474 3083 μητέρα
507 3013 693 3079 αὐτοῦ,
723 3015 817 3068 καὶ
859 3015 1025 3085 φεῦγε
1060 3016 1139 3080 εἰς
1169 3014 1460 3084 Αἴγυπτον.
1511 3035 1530 3067 ι
1572 3016 1743 3073 Πάλιν
1779 3035 1838 3073 τε

220 3100 323 3167 αὖ
361 3104 782 3177 τελευτήσαντος
798 3105 894 3159 τοῦ
929 3104 1171 3180 Ἡρώδου
1200 3107 1430 3176 ἄγγελος
1481 3110 1686 3181 Κυρίου
1717 3111 1837 3164 κατ’

247 3194 390 3269 ᾶναρ
425 3196 676 3266 φαίνεται
698 3197 776 3268 τῷ
803 3199 1000 3270 Ἰωσὴφ
1019 3200 1077 3252 ὲν
1097 3198 1371 3278 Αἰγύπτῳ.
1384 3199 1576 3268 λέγων’
1602 3217 1621 3252 t
1656 3201 1838 3274 Ἐγερά
1866 3264 1901 3279 Η

250 3289 372 3355 θεὶς
402 3290 682 3362 παράλαϐε
697 3292 757 3345 τὸ
782 3293 994 3347 παιδίον
1013 3294 1108 3347 καὶ
1128 3292 1224 3365 τὴν
1244 3292 1457 3365 μητέρα
1484 3293 1649 3348 αὑτοῦ
1667 3295 1799 3367 (l9).
1813 3314 1833 3350 ι

249 3383 369 3437 Καὶ
403 3386 434 3438 ὁ
468 3384 672 3458 Ἰησοῦς
701 3380 795 3441 οὖν
820 3386 880 3439 οὑ
915 3386 1075 3459 μόνον
1108 3387 1249 3441 κατὰ
1282 3385 1378 3458 τὴν
1414 3388 1677 3459 ἱστορίαν,
1702 3387 1838 3444 ἀλλὰ

248 3477 351 3531 καὶ
390 3477 532 3531 κατὰ
585 3478 688 3550 τὴν
755 3477 1068 3552 ἀναγωγὴν,
1124 3479 1485 3535 ἐταπείνωσεν
1524 3481 1718 3535 ἑαυτὸν
1763 3479 1841 3547 ὡς

247 3568 488 3634 παιδίον,
523 3568 652 3624 ὥστ’
688 3570 754 3625 ἂν
782 3571 961 3625 εἰπεῖν
996 3570 1073 3635 ὼς
1116 3571 1196 3625 τό’
1240 3590 1258 3624 ι
1294 3571 1509 3626 Μάθετε
1546 3573 1643 3626 ἀπ’
1678 3572 1837 3644 ἐμοῦ,

1946 2010 2014 2064 ad
2045 2011 2451 2081 obsequendum
2481 2027 2773 2082 puerorum
2819 2012 3121 2067 commodis
3162 2020 3240 2077 ut,
3272 2012 3528 2082 quamvis

1952 2103 2054 2157 viri
2090 2112 2291 2167 essent,
2340 2104 2405 2158 ad
2443 2120 2641 2174 pueros
2678 2102 3120 2168 lucrifaciendos,
3144 2103 3328 2174 pueris
3374 2104 3526 2173 pueri

1946 2192 2137 2249 flerent
2169 2195 2238 2260 ⁸³,
2273 2195 2420 2251 dicat
2454 2194 2710 2251 Servatdr
2734 2196 2780 2228 ”
2813 2215 2825 2250 :
2865 2214 2882 2248 t
2918 2186 3133 2251 Talium
3161 2205 3244 2251 est
3272 2196 3416 2251 enim
3442 2211 3530 2251 re-

1944 2304 2112 2359 gnum
2144 2289 2406 2344 ctelorum
2432 2307 2449 2356 ;
2484 2308 2501 2341 ι
2528 2305 2654 2344 nam
2685 2301 2740 2345 et
2767 2289 2883 2359 ipse
2915 2308 2934 2341 ι
2978 2305 3102 2344 cum
3132 2289 3185 2344 in
3221 2286 3395 2343 forma
3433 2287 3528 2344 Dei

1942 2387 2117 2445 esset,
2179 2397 2289 2436 non
2345 2381 2590 2452 rapinam
2639 2380 2937 2436 arbitratus
2985 2396 3108 2437 esse
3154 2396 3215 2436 se
3260 2380 3527 2453 aequalem

1946 2469 2060 2527 Deo
2088 2472 2133 2504 ⁸⁷
2157 2513 2175 2539 ,
2213 2490 2231 2525 ι
2278 2472 2458 2528 factus
2480 2481 2565 2528 est
2588 2489 2741 2543 puer,
2776 2474 2915 2529 adeo
2949 2482 3007 2528 ut
3026 2474 3093 2528 de
3121 2473 3213 2529 illo
3253 2474 3429 2542 magis
3461 2473 3531 2528 ab

1944 2562 2157 2621 Herode
2195 2564 2399 2621 dictum
2435 2566 2507 2621 sit
2534 2566 2579 2597 ⁸⁸
2618 2584 2631 2621 :
2665 2585 2682 2617 ι
2721 2564 2814 2632 Ite,
2853 2575 2906 2621 et
2944 2569 3273 2637 interrogate
3308 2565 3532 2635 diligen-

1942 2664 2027 2712 ter
2062 2658 2130 2715 de
2162 2674 2353 2729 puero,
2387 2679 2406 2712 ι
2440 2670 2493 2715 et
2519 2676 2550 2715 a
2580 2658 2832 2714 Matthazo
2865 2676 2877 2711 :
2920 2678 2938 2712 ι
2974 2659 3137 2714 Stella
3186 2675 3350 2729 quam
3384 2657 3565 2712 vide-‘

1941 2759 2065 2805 rant
2088 2750 2142 2805 in
2164 2750 2405 2818 Oriente,
2432 2752 2785 2808 antecedebat
2813 2768 2930 2819 eos,
2954 2768 3127 2822 usque
3143 2751 3273 2806 dum
3305 2749 3533 2805 veniens

1941 2850 2112 2898 staret
2148 2858 2313 2913 supra
2341 2843 2430 2899 ubi
2460 2853 2577 2899 erat
2613 2859 2787 2914 puer;
2826 2864 2845 2896 ι
2878 2853 2932 2900 et
2969 2844 3133 2914 paulo
3180 2852 3304 2913 post
3340 2861 3354 2899 :
3398 2862 3415 2894 ι
3448 2841 3533 2897 ln-

1940 2940 2170 2997 trantes,
2209 2934 2407 3003 inquit,
2446 2934 2693 3000 domum,
2729 2932 3233 3003 vidcrnntpuerutn
3267 2948 3390 2986 cum
3420 2930 3532 2986 Ma-

1941 3023 2021 3079 ria
2059 3033 2232 3079 matre
2266 3023 2431 3095 662
2470 3023 2610 3092 ejus.
2653 3043 2671 3073 ι
2703 3022 2845 3089 Quin
2867 3032 2920 3077 et
2949 3024 3178 3093 angelus
3217 3038 3244 3075 a
3293 3019 3532 3092 Josepho

1939 3116 2110 3180 visus,
2157 3124 2366 3170 tantum
2424 3124 2671 3169 nostrum
2708 3114 3052 3169 Servatorem
3086 3129 3311 3183 puerum
3351 3112 3533 3182 appel-

1941 3206 2092 3271 lavit,
2128 3206 2315 3263 dicens
2338 3208 2382 3240 ⁸⁹
2422 3226 2435 3261 :
2475 3226 2492 3259 ι
2535 3208 2729 3279 Surge,
2758 3217 2810 3262 et
2840 3207 3023 3278 accipe
3049 3217 3276 3261 matrem
3312 3217 3365 3259 et
3396 3219 3529 3275 pue-

1939 3316 2062 3355 rum
2095 3300 2238 3371 ejus,
2274 3309 2327 3355 et
2382 3299 2507 3370 fuge
2541 3300 2595 3354 in
2650 3299 2970 3370 ASgyptutn.
3017 3318 3034 3351 ι
3100 3296 3338 3351 Rursum
3394 3313 3524 3351 vero

1941 3399 2183 3447 mortuo.
2209 3388 2421 3447 Herode
2449 3391 2675 3462 angelus
2712 3389 2926 3445 Domini
2971 3388 3024 3442 in
3057 3383 3292 3459 Egypto
3325 3388 3523 3443 iterum

1940 3486 1995 3542 in
2027 3483 2237 3540 somnis
2267 3482 2506 3553 .losepho
2539 3490 2766 3554 apparet
2795 3483 2983 3538 dicens
3018 3498 3030 3533 :
3072 3500 3091 3532 ι
3126 3480 3319 3552 Surge,
3353 3486 3406 3535 et
3431 3494 3526 3533 ac-

1940 3577 2060 3647 cipe
2111 3591 2338 3647 pucrum
2391 3584 2447 3632 et
2480 3585 2713 3632 matrem
2745 3574 2885 3646 ejus.
2923 3593 2941 3628 ι
2978 3573 3044 3629 Et
3093 3572 3339 3644 profecto
3366 3571 3532 3627 Jesus

244 3661 334 3715 ὅτι
366 3662 539 3733 πρᾶός
567 3664 703 3734 εἰμι,
743 3664 838 3716 καὶ¹
867 3662 1124 3726 ταπεινὸς
1150 3666 1217 3735 τῇ
1269 3663 1519 3736 καρδίᾳ,ι
1544 3663 1718 3728 οὕτως
1746 3667 1840 3721 καὶ

1948 3682 2058 3724 non
2111 3669 2267 3739 juxta
2324 3669 2612 3724 historiam
2650 3668 2938 3734 duntaxat,
2999 3666 3090 3721 sed
3126 3675 3180 3720 et
3226 3666 3530 3719 secundum

242 3754 330 3806 τό·
378 3754 597 3809 Μάθετε
656 3756 751 3810 ἀπ’
800 3752 1263 3826 ἐμοῦγενομὲνου
1311 3756 1387 3821 ὼς
1444 3756 1690 3823 παιδίον,
1726 3756 1842 3821 πῶς

1947 3762 2305 3830 anagngicum
2331 3775 2578 3827 sensum,
2605 3761 2846 3829 seipsutn
2878 3759 3018 3812 haud
3038 3773 3196 3813 secus
3213 3774 3276 3811 ac
3303 3772 3531 3826 puerum

242 3845 397 3915 λέγω
426 3846 506 3900 τόο
548 3866 569 3900 ι
591 3847 714 3902 Τῶν
744 3846 856 3920 γὰρ
882 3834 1138 3902 τοιούτων
1169 3848 1319 3901 ἐστὶν
1379 3851 1411 3921 ὴ
1447 3848 1693 3920 βασιλεία
1730 3848 1839 3903 τῶν

1947 3851 2165 3922 abjecit,
2195 3850 2331 3906 adeo
2368 3860 2427 3906 ut
2469 3851 2931 3922 quemadmodum
2966 3849 3104 3903 dixit
3146 3850 3229 3900 ὀε
3270 3867 3287 3897 ι
3328 3847 3531 3902 Discite

245 3937 553 4012 οὐρανῶν,ι
608 3940 866 3995 τοιούτων
894 3939 1055 3994 ὁποῖά
1089 3939 1206 3993 ἐστι
1239 3939 1311 3997 τὰ
1365 3941 1573 4007 παιδία,
1610 3941 1738 4014 περὶ
1766 3935 1842 3997 ὧν

1948 3958 1979 3996 a
2012 3956 2096 3997 me
2122 3941 2249 4011 quia
2283 3940 2429 3997 mitis
2458 3956 2581 3998 sum
2619 3951 2674 3998 et
2700 3941 2925 3997 humilis
2951 3940 3141 4007 corde,
3173 3958 3191 3993 ι
3218 3939 3290 3993 ita
3321 3945 3373 3993 et
3398 3938 3537 4001 illud.

1457 4052 1685 4109 VE'I'US
1723 4050 2312 4108 INTERPRETATIU.

248 4146 529 4211 Salvatori
557 4161 758 4217 pueros
804 4154 860 4202 et
897 4145 1154 4202 infantes.
1218 4144 1330 4201 Nec
1369 4146 1514 4217 enim
1550 4154 1781 4215 possunt
1817 4147 1991 4216 magis
2033 4145 2347 4216 spocialiori
2396 4161 2648 4202 sermone
2677 4160 2773 4202 eos
2814 4146 3046 4209 nutrire,
3079 4160 3241 4215 quam
3274 4146 3519 4215 postulat

247 4227 435 4274 status
468 4216 684 4287 angusti
724 4232 921 4273 sensus
963 4233 1178 4283 eorum,
1210 4216 1524 4287 quiudicere
1553 4224 1784 4287 possunt
1824 4217 1969 4272 sicut
2004 4217 2094 4287 ille
2117 4217 2210 4286 qui
2246 4217 2383 4272 dixit
2418 4233 2433 4269 :
2478 4236 2496 4268 ι
2542 4218 2746 4272 Griecis
2785 4234 2849 4271 ac
2883 4217 3154 4287 barbaris,
3187 4217 3531 4285 sapientibus

248 4298 308 4344 et
346 4285 729 4358 insipientibus
776 4288 985 4343 debitor
1033 4303 1179 4344 sum.
1222 4285 1242 4339 ἱ
1295 4285 1391 4342 His
1441 4285 1570 4357 ergo
1610 4286 1964 4358 offerentibus
2012 4285 2278 4358 Salvatori
2330 4287 2642 4358 hujusmodi
2695 4302 2894 4357 pueros
2941 4296 2995 4342 et
3043 4285 3313 4358 infantes,
3359 4288 3409 4340 id
3450 4294 3536 4342 est

248 4356 492 4429 ιιι)νίιίοε
527 4357 651 4420 ﬁdei
675 4366 728 4411 et
758 4358 941 4429 ntinus
971 4358 1213 4429 eruditos
1236 4358 1435 4421 adhuc,
1471 4356 1564 4427 qui
1594 4357 1847 4412 videntur
1877 4372 2002 4429 esse
2045 4356 2417 4429 perfectiores
2432 4356 2747 4429 doctoribus
2805 4358 2913 4412 illis
2937 4356 3387 4429 simplicioribus
3414 4375 3427 4429 ς
3476 4366 3533 4413 et

248 4426 378 4485 ideo
410 4439 536 4483 sunt
556 4429 808 4498 discipuli
841 4427 991 4495 Jcsu,
1022 4428 1341 4499 priusquam
1374 4426 1588 4499 discant
1606 4428 1871 4499 rationem
1898 4426 2124 4497 justitiae
2156 4429 2224 4483 de
2253 4428 2435 4499 pueris
2470 4437 2526 4483 et
2552 4427 2851 4499 infantibus
2881 4426 3099 4495 talibus,
3130 4426 3536 4499 reprehendunt

246 4502 457 4569 eosqui
485 4497 803 4568 simpliciter
829 4497 1045 4563 docent,
1089 4511 1141 4553 et
1173 4497 1267 4567 per
1300 4498 1600 4568 simplicem
1630 4498 2162 4569 doctrinampueros
2188 4509 2244 4554 et
2282 4497 2517 4555 infantes
2540 4498 2775 4553 offerunt
2819 4499 3060 4555 Christo.
3116 4497 3399 4569 Manifeste
3431 4514 3532 4553 au-

180 4610 184 4614 Α
250 4584 361 4625 tem
387 4567 700 4634 intelligere
728 4569 929 4640 poteris
967 4571 1091 4636 hoc,
1121 4569 1167 4624 si
1195 4569 1628 4624 consideraveris
1654 4568 1798 4637 quod
1824 4568 1901 4640 ait
1930 4567 2226 4640 Apostolus
2261 4585 2274 4622 :
2323 4588 2342 4622 t
2379 4569 2563 4624 Videte
2616 4570 2959 4640 vocationem
2989 4579 3264 4632 vestram,
3308 4568 3531 4636 fratres,

246 4642 380 4712 quia
410 4657 519 4712 non
552 4640 703 4712 multi
738 4639 1011 4710 Sapientes
1043 4640 1341 4712 secundum
1370 4654 1615 4703 carnem,
1656 4654 1763 4694 non
1796 4639 1950 4694 multi
1986 4641 2177 4706 fortes,
2225 4655 2334 4695 non
2388 4640 2544 4695 multi
2581 4641 2813 4706 nobiles,
2851 4639 2965 4712 sed_
3003 4657 3143 4710 quze.
3177 4640 3342 4694 stulta
3405 4648 3536 4712 sunt

246 4709 442 4766 mundi
469 4711 630 4793 elegit
659 4709 825 4793 Deus,
857 4721 909 4765 'et
938 4726 1060 4793 qua:
1090 4709 1328 4793 infirma,
1379 4720 1433 4765 et
1479 4724 1601 4793 qua:
1628 4725 1759 4793 ‘nou
1792 4719 1941 4793 sunt,
1974 4718 2036 4793 ut
2063 4726 2124 4766 ea
2151 4727 2276 4793 quae
2330 4720 2461 4767 sunt
2491 4712 2816 4793 destrueret.
2857 4730 2875 4762 ι
2934 4710 2991 4765 Si
3018 4709 3535 4793 videatergoquis

246 4798 443 4837 eorum
479 4781 574 4851 qui
599 4782 906 4852 doctrinam
931 4779 1358 4852 ecclesiasticam
1389 4779 1737 4852 profitentur,
1766 4779 2081 4852 oﬂ’erentem
2115 4779 2353 4852 aliquem
2389 4782 2656 4852 quosdam
2688 4783 2887 4836 stultos
2918 4783 3126 4843 mumli,
3186 4791 3240 4836 et
3266 4779 3536 4850 ignobiles

247 4863 304 4908 et
338 4848 610 4916 inﬁrmos,
635 4851 727 4922 qui
762 4862 981 4921 propter
1010 4848 1407 4922 hoc_appellat_i
1432 4858 1563 4905 sunt
1590 4851 1744 4922 pueri
1769 4858 1823 4904 et
1850 4848 2087 4907 infantes
2123 4870 2138 4905 :
2180 4848 2369 4907 videns
2401 4848 2508 4908 non
2548 4852 2832 4922 prohibeat
2862 4853 3021 4921 quasi
3059 4848 3409 4922 sinejud'icio
3446 4851 3529 4906 fa-

246 4924 483 4978 cientem
505 4939 631 4978 eum
654 4920 937 4991 ‘qui’oﬂ'ert
953 4922 1089 4977 tales
1113 4920 1381 4975 Salvatori
1409 4928 1573 4991 atque
1594 4920 1871 4991 magistro
1922 4936 2120 4991 pueros
2166 4932 2221 4978 et
2249 4922 2508 4978 infantes.
2540 4920 2600 4976 Et
2630 4923 2751 4977 vide
2798 4923 2843 4978 si
2884 4920 2998 4977 non
3032 4923 3291 4977 convenit
3324 4920 3530 4978 referre

246 5009 375 5059 qua:
409 5002 729 5055 tractamus,
761 4994 828 5046 ad
866 4991 1167 5063 discipulos
1200 5009 1215 5047 :
1244 4992 1512 5062 quosdam
1540 4991 1763 5063 quidem
1804 4991 2093 5048 offerentes
2124 5009 2343 5063 pueros,
2390 5003 2449 5048 ut
2486 5009 2682 5047 manus
2711 4994 2789 5048 eis
2830 4993 3070 5061 imponat
3104 4991 3264 5046 Jesus
3282 5000 3365 5063 _et
3380 5002 3524 5058 oret,
3630 4992 3635 4997 ’

247 5068 391 5119 alios
418 5073 600 5118 autem
632 5063 981 5134 prohibentes
1009 5059 1126 5129 eos,
1160 5071 1219 5117 ut
1241 5059 1387 5134 dicat
1409 5062 1477 5116 ad
1506 5059 1724 5134 eosgqui
1756 5063 2048 5134 prohibent
2077 5062 2366 5134 offerentes
2394 5081 2590 5134 pueros
2621 5064 2863 5124 Christo,
2903 5059 3163 5132 magister
3195 5072 3242 5134 ct
3277 5059 3535 5134 Salvator

246 5144 303 5189 et
334 5134 597 5189 Dominus
630 5130 647 5188 Ξ
684 5152 703 5186 ι
740 5132 911 5187 Sinite
939 5149 1158 5204 pueros,
1189 5143 1245 5189 et
1271 5133 1439 5188 nolite
1472 5130 1773 5204 prohibere
1789 5147 1884 5188 eos
1918 5133 2103 5188 venire
2134 5133 2202 5187 ad
2231 5150 2338 5188 me.
2382 5130 2408 5186 ἰ
2433 5133 2564 5189 Post
2604 5136 2710 5188 hoc
2736 5130 3034 5187 cohortatus
3072 5133 3390 5200 discipulos,
3415 5130 3530 5199 jam

249 5206 401 5260 viros
428 5205 790 5275 constitutos,
818 5203 1254 5260 condescmdere
1295 5203 1624 5275 utilitatibus
1670 5218 1987 5275 puerorum,
2017 5212 2075 5258 ut
2121 5204 2252 5259 fiant
2274 5206 2465 5275 pueris
2494 5205 2649 5274 quasi
2689 5204 2862 5275 pueri,
2892 5213 2950 5257 ut
2984 5218 3185 5272 pueros
3228 5204 3529 5275 lucrentur,

246 5276 383 5331 dicit
413 5273 615 5330 Jesus:
655 5294 672 5325 ι
708 5274 922 5331 Talium
962 5283 1047 5329 est
1077 5274 1222 5329 enim
1259 5290 1484 5345 regnum
1521 5272 1809 5328 caelorum.
1850 5293 1870 5326 ι
1899 5273 2034 5327 Nam
2071 5292 2090 5325 ι
2121 5290 2246 5329 cum
2274 5272 2329 5330 et
2362 5276 2476 5345 ipse
2504 5272 2555 5328 in
2593 5272 2767 5328 forma
2806 5273 2894 5327 Dei
2926 5283 3103 5338 esset,
3136 5272 3529 5345 non,__rapinam

248 5347 551 5402 arbitratus
577 5354 803 5401 estesse
840 5361 899 5401 se
927 5346 1193 5415 aequalem
1231 5342 1363 5410 Deo,
1402 5365 1421 5397 ι
1454 5345 1549 5399 sed
1580 5345 1756 5399 factus
1776 5353 1859 5400 est
1881 5359 2038 5415 puer,
2060 5345 2281 5400 utdicat
2309 5342 2464 5402 de'eo
2494 5346 2797 5409 Matllneus,
2826 5345 3084 5413 quoniam
3122 5364 3141 5393 ‹
3177 5342 3332 5397 stella
3364 5358 3530 5411 quam

249 5436 1392 5576 infigauktmilyh,Esico"“’22'
1460 5435 1979 5503 "M““h"‘”"‘-
2046 5438 2343 5511 “Philipp.
2370 5439 2504 5508 11.6.
2567 5438 2613 5472 ει
2638 5435 2825 5495 Matth.
2857 5454 2916 5504 ιι,
2944 5436 2998 5504 8,
3033 5435 3193 5502 9,ιο.
3269 5434 3529 5492 “Matth.

325 5599 836 5671 (‘16)7Hpotpéxwr.
867 5599 957 5656 Sic
988 5602 1151 5661 habet
1181 5602 1348 5658 editio
1386 5600 1587 5670 ﬂuetii,
1620 5602 1746 5659 licet
1779 5604 1832 5660 in

251 5670 434 5747 codd:
450 5670 619 5747 “Aegio
640 5672 1022 5747 et_An_g|ica_no
1051 5674 1260 5747 legatur
1286 5673 1618 5747 προτρέπον.

351 5741 442 5815 Π)
467 5741 650 5815 βρείθι
681 5741 901 5815 “iisiis.
917 5741 1294 5815 studeam:-

354 5812 438 5883 l8)
472 5808 652 5866 Εἶδον
691 5808 1055 5867 τιῗπαιδῖοιλ.
1085 5808 1157 5867 Ιίςι
1186 5815 1408 5883 antiqua
1436 5814 1620 5871 omnia
1650 5829 1836 5869 eamn-

255 5882 435 5954 plaria'
477 5882 667 5938 Matth.
713 5899 773 5953 ιι,
805 5884 906 5955 ll;
961 5884 1033 5942 ita
1089 5884 1437 5961 lintliymius,
1484 5896 1535 5942 et
1567 5886 1839 5958 interpres

1941 5606 2134 5678 Syrus,
2187 5616 2242 5678 et
2296 5605 2495 5668 Arabs,
2516 5614 2588 5678 _ct
2621 5602 2807 5678 Persa,
2842 5611 2903 5678 et
2929 5601 3202 5678 Ethiops
3235 5618 3248 5654 :
3282 5611 3337 5655 at
3369 5601 3532 5672 vulgo

1938 5669 2139 5742 editur,
2166 5669 2351 5749 εὗρον,
2383 5674 2528 5749 quod
2557 5675 2804 5743 sequitur
2842 5669 3387 5749 vulgata._llus'rtus.

2012 5750 2124 5818 (19)
2137 5742 2333 5821 ⁸(ὶοὶιοιι
2368 5742 2720 5821 Anglicanus,
2752 5744 3038 5821 παράλαϐε
3066 5742 3162 5819 τήν
3195 5744 3409 5820 μητέρα
3435 5745 3529 5801 καὶ
3632 5786 3637 5791 ,

1942 5820 2000 5873 τὸ
2032 5817 2243 5877 παιδίον
2272 5817 2463 5877 αὑτοῦ.
