3954 6598
403 404 543 464 1273

1885 410 2212 470 ORIGENIS

3525 410 3669 467 1276

399 523 581 578 dicere
625 522 818 593 possit,
864 522 1065 582 Discite
1108 541 1138 582 a
1167 543 1276 596 me,
1308 530 1404 601 qui
1448 529 1625 589 factus
1672 546 1794 588 sum
1839 532 1972 588 sicut

2082 532 2180 586 οὐκ
2200 533 2486 607 ἐπιτρέπει
2516 535 2642 601 τοὺς
2677 535 2924 609 μαθητὰς
2969 537 3226 609 ἐπιτιμᾷν
3251 537 3366 600 τοῖς
3416 532 3668 606 προσφέ-

396 627 556 684 puer.
586 617 863 685 quomodo
898 617 1011 674 haec
1039 620 1215 675 dicam
1248 638 1260 675 :
1295 640 1313 674 ι
1354 621 1568 678 Talium
1598 636 1683 681 est
1701 625 1848 680 enim
1887 640 1976 680 re-

397 721 564 778 gnum
596 707 883 774 caelorum,
917 727 935 761 ι
992 710 1181 766 talium
1215 728 1407 784 nempe
1456 715 1647 786 quales
1682 725 1811 772 sunt
1844 729 1975 787 pue-

393 798 534 864 ruli,
567 813 801 869 quorum
835 801 1008 870 gratia
1043 803 1312 874 increpari
1356 821 1464 862 non
1513 807 1645 863 sinit
1673 822 1704 863 a
1737 807 1977 879 discipu-

395 888 483 955 lis,
517 891 610 962 qui
651 906 746 948 eos
804 892 1060 950 oﬂerunt.
1098 895 1410 962 Quinetiam
1469 896 1674 956 Paulus
1713 901 1759 934 "
1793 901 1976 960 sciens

393 1003 414 1039 ι
452 983 640 1038 talium
671 999 791 1040 esse
822 1001 1046 1056 regnum
1075 987 1357 1054 caelorum,
1394 1005 1414 1040 ι
1444 1002 1570 1044 cum
1603 997 1791 1060 posset
1815 989 1971 1047 oneri

388 1090 531 1140 esse,
568 1083 628 1131 ut
654 1073 852 1131 Christi
878 1074 1172 1148 apostolus,
1200 1077 1376 1132 factus
1397 1086 1481 1134 est
1506 1093 1662 1148 puer,
1688 1089 1746 1135 et
1768 1078 1968 1134 nutrici

390 1166 600 1233 similis,
629 1166 833 1223 foventi
866 1166 1034 1221 ﬁlium
1064 1182 1246 1237 suum,
1273 1177 1329 1224 et
1365 1183 1658 1240 puerorum
1686 1183 1970 1225 sermones

390 1257 548 1329 pueri
576 1272 740 1314 causa
763 1257 1025 1330 loquenti.

464 1350 517 1404 8.
551 1347 632 1404 Ad
661 1348 777 1407 haec
813 1365 944 1423 ergo
985 1351 1274 1423 diligenter
1322 1350 1708 1406 attendendum
1761 1361 1868 1416 est,
1904 1366 1973 1408 ne

391 1439 671 1509 sapientiae
688 1449 742 1498 et
768 1442 1106 1499 excellentiae
1131 1441 1411 1514 opinione,
1444 1441 1536 1514 qui
1567 1444 1720 1514 parvi
1761 1450 1890 1499 sunt
1917 1444 1971 1498 in

394 1529 636 1587 Ecclesia
691 1541 746 1588 et
775 1534 1012 1605 pueruli,
1060 1550 1178 1600 eos.
1212 1535 1372 1607 quasi
1425 1535 1601 1593 simus
1629 1536 1971 1606 grandiores,

393 1634 772 1689 aspernemur,
801 1622 897 1679 sed
924 1623 1118 1680 horum
1155 1624 1446 1680 verborum
1483 1640 1707 1682 sensum
1754 1627 1974 1696 capien-

391 1718 470 1762 tes
496 1710 542 1743 θ’
574 1727 589 1765 ι
627 1729 645 1763 ι
687 1710 901 1770 Talium
923 1729 1005 1771 est
1038 1717 1184 1772 enim
1203 1732 1431 1789 regnum
1463 1717 1753 1784 caelorum,
1792 1738 1811 1772 ι
1839 1719 1974 1779 tales

392 1802 605 1866 ﬁamus,
635 1812 694 1860 ut
723 1821 818 1875 per
850 1822 949 1864 nos
981 1809 1145 1865 etiam
1173 1809 1326 1881 pueri
1355 1809 1490 1865 salvi
1533 1811 1687 1866 liant.
1735 1809 1854 1868 Non
1883 1827 1975 1868 so-

2084 637 2270 692 ρουσιν
2295 623 2456 678 αὑτά.
2492 625 2601 678 Καὶ
2654 626 2866 690 Παῦλος
2911 627 2970 680 δέ
3023 628 3100 692 ὡς
3152 628 3523 698 ἐπιστάμενος
3582 626 3665 678 τό·

2089 739 2107 770 ι
2140 719 2260 772 Τῶν
2285 719 2394 791 γὰρ
2413 719 2670 774 τοιούτων
2695 721 2844 774 ἐστὶν
2869 723 2903 792 ἡ
2929 720 3176 791 βασιλεία
3199 721 3310 774 τῶν
3331 721 3613 792 οὐρανῶν,
3645 739 3666 775 ο

2080 811 2375 882 δυνάμενος
2411 814 2469 866 ἐν
2508 811 2661 884 βάρει
2699 807 2860 878 εἶναι,
2899 813 2975 877 ὡς
3015 813 3251 885 Χριστοῦ
3302 813 3671 879 ’Δπόοτολος,

2085 906 2300 972 ἐγένετο
2339 906 2531 976 νήπιος
2571 905 2714 977 (20),
2753 906 2848 960 καὶ
2885 906 3267 978 παραπλήσιος
3303 907 3494 980 τροφῷ
3535 908 3673 962 θαλ-

2088 997 2262 1070 πούσῃ
2302 997 2363 1051 τὸ
2414 999 2610 1071 ἑαυτῆς
2657 999 2909 1079 παιδίον,
2948 1002 3041 1054 καὶ
3086 1001 3321 1074 λαλούσῃ
3357 1000 3560 1071 λόγους
3596 1003 3673 1066 ὡς

2087 1090 2298 1146 παιδίον
2332 1091 2420 1148 διὰ
2458 1092 2520 1147 τὸ
2557 1092 2788 1148 παιδίον.

2151 1343 2369 1399 Τούτων
2399 1343 2456 1397 δέ
2478 1340 2753 1415 ἐπιμελῶς
2801 1340 3118 1405 ἀκουστέον,
3145 1340 3235 1396 ῐνα
3264 1339 3342 1412 μὴ
3391 1337 3673 1409 φαντασία

2082 1435 2293 1506 σοφίας,
2318 1437 2412 1490 καὶ
2441 1435 2535 1490 τοῦ
2584 1432 2985 1504 διαδεόηκέναι,
3009 1431 3442 1504 καταφρονῶμεν
3458 1430 3539 1494 ὡς
3585 1447 3675 1503 με-

2079 1528 2232 1598 γάλοι
2256 1527 2366 1583 τῶν
2397 1529 2456 1584 ἐν
2487 1529 2552 1600 τῇ
2588 1525 2887 1598 Ἐκκλησία
2910 1523 3120 1597 μικρῶν
3151 1524 3246 1577 καὶ
3275 1522 3504 1576 παιδίων
3528 1519 3668 1591 (21),

2078 1621 2194 1675 ἀλλ’
2236 1620 2436 1684 είδότες
2482 1619 2600 1684 πῶς
2647 1619 2865 1691 εἴρηται
2908 1618 2988 1671 τό·
3041 1635 3060 1670 ι
3094 1617 3214 1672 Τῶν
3241 1615 3352 1689 γὰρ
3405 1615 3674 1669 τοιούτων

2079 1712 2228 1767 ἐστὶν
2257 1714 2290 1784 ἠ
2317 1711 2565 1783 βασιλεία
2608 1711 2717 1766 τῶν
2744 1711 3043 1784 ούρανῶν,ι
3081 1709 3315 1764 τοιοῦτοι
3353 1706 3672 1779 γενώμεθα,

2080 1807 2168 1862 ἵνα
2194 1807 2289 1863 καὶ
2317 1807 2384 1862 δι’
2405 1808 2564 1880 ήμῶν
2593 1804 2833 1878 σώζηται
2855 1805 2923 1860 τὰ
2949 1805 3154 1859 παιδία.
3190 1805 3265 1858 Οὐ
3302 1803 3465 1875 μόνον
3484 1802 3542 1856 δέ
3568 1803 3674 1854 οὐκ

390 1891 499 1945 lum
535 1903 716 1949 autem
755 1911 817 1950 ea
852 1895 981 1952 Jesu
1021 1890 1205 1955 oﬂ‘erri
1241 1899 1513 1967 sinentes,
1551 1915 1652 1957 nec
1683 1915 1749 1956 ea
1780 1902 1972 1957 dunta-

2082 1901 2331 1972 ἀφιέντες
2363 1901 2430 1954 τὰ
2468 1900 2660 1954 παιδία
2704 1899 3112 1971 προσφέρεσθαι
3156 1897 3236 1969 τῷ
3300 1895 3504 1966 Ἰησοῦ,
3547 1896 3672 1948 οὐδὲ

390 1996 476 2037 xat
511 1987 637 2041 huic
667 1988 848 2043 offerri
881 2004 986 2044 non
1017 1990 1396 2061 impedientes,
1419 1991 1514 2047 sed
1539 1991 1641 2062 ipsi
1663 1992 1826 2048 etiam
1850 2009 1975 2049 cum

391 2077 573 2142 pueris
603 2078 774 2134 eﬂ‘ecti
804 2082 978 2149 pueri,
1011 2082 1279 2138 voluntati
1301 2081 1429 2138 Jesu
1462 2097 1670 2139 morem
1697 2100 1972 2157 geramus,

388 2177 446 2221 ut
477 2170 658 2237 pueris
697 2187 789 2241 per
818 2189 916 2229 nos
953 2174 1088 2230 tales
1123 2175 1348 2232 effectos
1375 2176 1608 2234 salutem
1641 2181 1972 2248 consecutis,

387 2273 510 2312 cum
539 2275 639 2314 nos
666 2261 767 2330 ipsi
805 2261 1262 2332 depresserimus,
1299 2280 1329 2320 a
1359 2265 1468 2321 Deo
1514 2269 1875 2340 extollamur;
1921 2272 1973 2327 id

386 2352 530 2404 enim
558 2352 630 2406 ita
663 2355 833 2423 accipi
868 2366 1046 2424 potest
1071 2358 1115 2389 ’³
1147 2377 1159 2412 :
1208 2378 1226 2410 ι
1261 2359 1364 2426 Qui
1403 2377 1460 2418 se
1495 2363 1782 2431 liumiliat,
1827 2366 1976 2420 exal-

386 2443 590 2496 tabitur
619 2483 634 2506 ,
672 2463 690 2496 ι
724 2461 847 2500 cum
888 2450 1193 2516 przesertim
1249 2467 1415 2521 supra
1461 2455 1730 2526 scriptum
1783 2457 1854 2511 sit
1882 2457 1972 2511 “z

391 2550 410 2581 ‹
448 2533 771 2605 Quicunque
803 2553 932 2608 ergo
968 2541 1336 2598 humiliaverit
1386 2561 1466 2609 se,
1513 2547 1656 2602 sicut
1713 2549 1976 2618 parvulus

389 2624 511 2689 iste,
548 2627 636 2681 llic
664 2629 838 2698 major
870 2641 952 2685 est
983 2633 1035 2686 in
1065 2650 1231 2704 regno
1279 2637 1564 2693 C(elorum.
1600 2659 1619 2692 ι
1656 2641 1832 2712 Atque
1859 2643 1976 2698 haec

388 2717 607 2786 quidem
642 2717 926 2788 discipulis
957 2724 1110 2778 utilia
1150 2725 1280 2792 sint,
1314 2743 1410 2782 eos
1441 2728 1848 2800 increpantibus
1878 2733 1972 2803 qui

387 2805 585 2876 pueros
613 2807 741 2862 Jesu
772 2809 1025 2866 oﬂerunt.
1056 2811 1319 2878 Quamvis
1350 2824 1531 2870 autem
1565 2817 1755 2885 pueri,
1787 2828 1975 2889 utpote
2018 2832 2020 2834 '

387 2899 478 2969 qui
512 2901 664 2969 pueri
696 2902 823 2967 sint,
858 2919 1200 2975 quaecunque
1248 2906 1514 2962 dicuntur
1555 2909 1719 2981 663
1749 2913 1974 2969 minime

363 2994 661 3070 intellectu
695 2996 956 3066 consequi
985 2997 1216 3067 possint,
1251 3000 1425 3054 sciant
1467 3001 1544 3055 illi
1577 3001 1761 3057 Jesum
1791 3005 1974 3074 pueris

383 3085 604 3155 quidem
638 3102 831 3142 manus
865 3089 1216 3159 imposuisse,
1248 3101 1302 3146 at
1337 3107 1462 3148 cum
1511 3094 1861 3165 imposuisset
1893 3098 1973 3156 eis

383 3195 580 3236 manus
616 3182 819 3238 abiisse
854 3184 997 3248 inde,
1022 3195 1075 3240 et
1097 3201 1194 3254 per
1214 3196 1526 3241 contactum
1559 3187 1739 3244 infusa
1760 3187 1814 3242 in
1842 3204 1972 3258 pue-

382 3289 472 3330 ros
496 3276 712 3339 virtute,
763 3291 791 3328 a
822 3279 1009 3347 pueris
1051 3277 1237 3335 Jesum
1271 3282 1414 3336 haud
1456 3283 1683 3352 perinde
1716 3294 1773 3340 ut
1801 3284 1972 3338 disci-

380 3369 492 3439 puli
535 3369 688 3437 sequi
727 3369 1056 3436 valeutibus,
1095 3374 1412 3429 recessisse.
1462 3374 1742 3446 Siquidem
1789 3384 1971 3431 autem

387 3477 408 3512 ι
448 3462 666 3530 eloquia
697 3463 912 3517 Domini
947 3484 965 3517 ι
993 3476 1121 3519 sunt
1160 3475 1214 3520 et
1243 3469 1579 3538 evangelica,
1612 3478 1665 3524 et
1700 3487 1719 3521 ι
1755 3470 1974 3541 eloquia

381 3560 554 3614 casta,
607 3563 892 3622 argentum
941 3555 1065 3626 igne
1101 3559 1498 3625 examinatum,
1541 3561 1855 3631 probatum,
1918 3562 1974 3617 in

383 3650 586 3697 terram
620 3645 874 3712 missum,
910 3647 1146 3716 perfecte
1176 3663 1486 3722 purgatum,
1519 3663 1572 3708 et
1601 3655 1799 3723 septies
1830 3654 1875 3686 ⁵⁵
1902 3671 1918 3721 ;
1945 3671 1963 3706 i

383 3751 451 3790 an
485 3736 666 3806 aliqua
700 3738 924 3793 subesse
952 3747 1129 3809 potest
1163 3758 1319 3812 aequa
1351 3745 1513 3808 ratio.
1545 3755 1764 3815 propter
1807 3761 1971 3816 quam

383 3840 704 3898 praesentem
762 3831 1047 3888 historiam
1105 3850 1339 3891 narrans
1390 3836 1701 3906 Mattliaeus,
1755 3839 1970 3896 duabus

383 3923 601 3991 quidem
632 3924 697 3980 de
726 3927 908 3982 causis
940 3928 1156 3987 oblatos
1183 3928 1353 3986 fuisse
1386 3929 1515 3986 Jesu
1561 3947 1763 4002 pueros
1807 3934 1968 4000 dixit,

383 4027 570 4069 verum
605 4031 726 4086 qua:
756 4030 1062 4087 sequuntur
1087 4020 1153 4075 ad
1191 4022 1437 4092 geminas
1469 4024 1588 4078 illas
1624 4040 1822 4081 causas
1864 4025 1971 4080 mi-

383 4107 530 4164 nime
575 4110 800 4165 retulit?
856 4109 974 4167 Non
1019 4113 1165 4168 enim
1226 4125 1515 4187 propterea
1567 4119 1746 4173 solum
1804 4119 1971 4174 oblati

2081 1991 2242 2064 μόνον
2270 1991 2344 2064 μὴ
2378 1991 2677 2055 κωλύοντες
2720 1990 2860 2045 αὐτὰ
2887 1986 3295 2061 προσφέρεσθαι
3330 1985 3505 2056 αὐτῷ,
3535 1983 3672 2038 ἀλλὰ

2077 2084 2173 2138 καὶ
2197 2083 2352 2138 αὐτοὶ
2387 2083 2524 2154 μετὰ
2571 2081 2681 2136 τῶν
2740 2080 2972 2135 παιδίων
3019 2079 3300 2149 γενόμενοι
3342 2077 3557 2138 παιδία,
3609 2075 3672 2127 τὸ

2079 2175 2329 2248 βούλημα
2356 2175 2448 2229 τοῦ
2469 2175 2719 2247 Σωτῆρος
2746 2174 3085 2245 ποιήσωμεν,
3115 2172 3201 2226 ἵνα
3219 2169 3550 2241 σωζομένων
3571 2169 3670 2222 καὶ

2075 2269 2143 2324 δι’
2172 2271 2322 2339 ἡμᾶς
2342 2267 2616 2331 τοιούτους
2655 2267 2984 2338 γενομένους
3016 2265 3124 2318 τῶν
3176 2264 3433 2324 παιδίων,
3464 2262 3544 2325 ὡς
3567 2279 3669 2316 τα-

2081 2361 2449 2425 πεινώσαντες
2482 2360 2724 2422 ἑαυτοὺς.
2758 2357 2862 2411 ὑπὸ
2895 2357 2986 2411 τοῦ
3038 2355 3173 2409 Θεοῦ
3215 2353 3546 2425 ὑψωθῶμενι
3575 2353 3669 2406 καὶ

2074 2454 2311 2510 τοιοῦτον
2339 2456 2446 2525 γάρ
2466 2472 2519 2508 τι
2547 2450 2805 2507 δύνασθαι
2827 2450 2938 2520 (22)
2963 2448 3201 2502 νοεῖσθαι
3225 2449 3304 2512 είς
3329 2446 3408 2500 τό·
3436 2465 3456 2496 ι
3494 2446 3611 2507 Πᾶς
3635 2445 3664 2495 ὁ

2075 2545 2345 2603 ταπεινῶν
2384 2544 2576 2599 ἐαυτὸν
2613 2543 3016 2614 Matutino-stat,»
3055 2540 3288 2611 μάλιστα
3310 2540 3433 2592 ἐπεὶ
3458 2539 3519 2592 ἐν
3553 2538 3663 2594 τοῖς

2076 2639 2335 2711 ἀνωτέρω
2367 2637 2676 2709 γέγραπται
2707 2634 2786 2688 τόο
2817 2653 2834 2685 ε
2863 2635 3051 2697 Ὅστις
3068 2627 3160 2687 οὖν
3188 2629 3517 2688 ταπεινώσει
3547 2629 3666 2681 ἐαυ-

2076 2732 2186 2794 τὸν,
2227 2731 2303 2793 ὡς
2327 2729 2387 2783 τὸ
2420 2727 2636 2782 παιδίον
2668 2725 2848 2787 τοῦτο,
2885 2719 3038 2786 οὗτός
3065 2726 3213 2777 ἐστιν
3247 2725 3266 2776 5
3290 2721 3491 2792 μείζων
3516 2722 3574 2772 ἐν
3599 2721 3663 2790 τῇ

2077 2823 2324 2896 βασιλείᾳ
2342 2819 2730 2891 τῶνόύρανῶν.
2746 2838 2764 2870 ι
2791 2819 2900 2872 Καὶ
2920 2817 3092 2872 ταῦτα
3131 2816 3227 2888 μὲν
3253 2816 3391 2868 ἔστω
3413 2814 3675 2885 χρήσιμα

2078 2916 2216 2988 πρὸς
2241 2916 2366 2979 τοὺς
2393 2912 2760 2984 ἐπιτιμῶντας
2798 2909 3045 2982 μαθητὰς
3094 2905 3320 2962 παιδίον
3355 2921 3660 2977 προσφερο-

2079 3010 2256 3083 μένων
2287 3007 2363 3079 τῷ
2404 3006 2578 3079 Ἰησοῦ
2629 3008 2741 3070 τοῖς
2801 3003 3219 3075 προσφέρουσιν.
3281 3002 3444 3054 Ἴστω
3482 2999 3540 3052 δέ
3595 2997 3662 3051 τὶ

2075 3103 2285 3166 παιδία,
2312 3099 2414 3155 κᾶν
2446 3099 2520 3172 μὴ
2549 3100 2734 3162 πᾶσιν,
2776 3099 2855 3162 ὡς
2877 3095 3080 3160 παιδία,
3113 3091 3542 3165 παρακολουθεῖν
3572 3089 3658 3143 δύ-

2076 3213 2237 3268 νηται
2283 3198 2396 3260 τοῖς
2428 3193 2763 3264 λεγομένοις,
2804 3191 2884 3244 ὅτι
2907 3189 3141 3260 ἐπέθηκε
3168 3189 3263 3258 μὲν
3290 3188 3402 3251 τοῖς
3430 3185 3662 3249 παιδίοις

2077 3288 2106 3341 ὁ
2146 3284 2352 3358 Ἰησοῦς
2388 3283 2485 3347 τὰς
2512 3285 2720 3354 χεῖρας,
2773 3279 2987 3344 ἐπιθεὶς
3031 3279 3088 3333 δέ
3119 3277 3388 3349 ἐπορεύθη
3432 3275 3658 3339 ἐκεῖθεν,

2076 3378 2172 3432 καὶ
2220 3377 2447 3448 δύναμιν
2496 3375 2719 3443 ἐναφεὶς
2765 3375 2877 3436 τοῖς
2938 3371 3169 3435 παιδίοις
3214 3369 3302 3424 διὰ
3363 3369 3461 3440 τῆς
3496 3367 3654 3439 ἁφῆς,

2079 3469 2350 3543 ἐπορεύθη
2385 3467 2494 3522 ἀπὸ
2527 3466 2634 3520 τῶν
2692 3466 2943 3528 παιδίων,
2983 3463 3056 3535 μὴ
3077 3463 3413 3534 δυνηθέντων
3462 3462 3657 3535 ὁμοίως

2075 3567 2190 3627 τοῖς
2215 3561 2483 3633 μαθηταῖς
2502 3558 2819 3614 ἀκολουθεῖν.
2849 3555 2924 3627 τῷ
2971 3555 3167 3628 Ἰησοῦ.
3221 3556 3394 3628 Εἴπερ
3423 3555 3478 3609 δὲ
3516 3575 3533 3604 ι
3571 3553 3658 3606 λό-

2079 3674 2174 3725 για
2193 3655 2398 3728 Κυρίου
2430 3674 2448 3706 ι
2520 3653 2636 3706 ἐστὶ
2671 3653 2766 3706 καὶ
2811 3652 2880 3705 τὰ
2916 3649 3263 3720 εύαγγελικὰ,
3297 3651 3392 3704 καὶ
3447 3669 3464 3699 ε
3506 3649 3656 3718 λόγια

2077 3746 2236 3816 ἁγνὰ,
2272 3765 2288 3796 ι
2317 3744 2412 3797 καὶ
2452 3762 2469 3795 ι
2500 3741 2762 3814 ἀργύριον
2807 3732 3221 3813 πεπυρωμένον,
3251 3739 3518 3810 δοκίμιον,
3555 3740 3657 3792 ἀπ-

2075 3837 2407 3909 εσταλμένον
2434 3839 2500 3908 τῇ
2525 3838 2651 3906 γῇ,›
2677 3835 2771 3889 καὶ
2811 3854 2829 3886 ι
2864 3836 3048 3906 ἄκρως
3097 3833 3504 3905 κεκαθαρμένον
3527 3833 3656 3904 (25),

2073 3932 2170 3988 καὶ
2197 3929 2633 3993 ἐπταπλασίως,›
2667 3927 2870 3997 ὀφείλει
2893 3946 2977 3991 τις
3000 3922 3139 3980 εἶναι
3165 3926 3385 3996 εὔλογος
3411 3928 3575 3992 αἰτία,
3593 3928 3656 3981 δι’

2072 4025 2142 4097 ἢν
2176 4019 2523 4094 ἐκτιθέμενος
2554 4022 2623 4075 τὰ
2675 4021 2816 4100 κατᾲ
2845 4021 2935 4074 τὸν
2964 4021 3126 4074 τόπον
3181 4022 3208 4073 ὁ
3241 4021 3542 4085 Ματθαῖος,
3569 4019 3657 4074 δύο

2087 4118 2186 4191 μὲν
2221 4112 2340 4170 εἶπε
2372 4115 2440 4169 τὰ
2475 4113 2790 4188 βουλήματα
2838 4111 2931 4167 τοῦ
2981 4112 3407 4186 προσενηνέχθαι
3440 4114 3519 4184 τῷ
3561 4115 3658 4182 ’1η-

1593 4207 1824 4292 VETUS
1866 4231 2462 4290 INTERPRETATIO.

383 4322 632 4397 viderant
652 4324 705 4379 in
719 4324 956 4388 Oriente,
997 4325 1338 4397 przecedehat
1376 4341 1494 4392 eos,
1521 4327 1693 4382 donec
1726 4345 1952 4384 vemens
1981 4330 2127 4384 stetit
2151 4330 2240 4385 ubi
2265 4336 2384 4385 erat
2415 4342 2568 4397 puer.
2609 4345 2628 4380 ι
2661 4324 2779 4382 Νοη
2805 4325 2980 4380 solum
3013 4323 3320 4397 Mattlimus,
3367 4324 3463 4378 sed
3498 4324 3652 4397 etiam

384 4395 500 4463 ipse
526 4397 750 4467 angelus
781 4398 872 4466 qui
905 4394 1149 4466 apparuit
1176 4396 1397 4467 Josepli,
1431 4399 1590 4452 talem
1613 4408 1666 4453 et
1691 4408 1900 4454 tantum
1935 4399 2273 4454 Salvatorem
2311 4394 2585 4461 nostrum,
2618 4412 2845 4467 puerum
2873 4397 3185 4467 appellavit,
3211 4396 3398 4449 dicens
3429 4414 3442 4448 :
3468 4415 3495 4467 Α(
3523 4394 3652 4450 Sur-

385 4481 518 4535 gens
565 4465 751 4541 accipe
797 4465 1026 4541 puerum
1064 4476 1117 4521 et
1170 4465 1398 4541 matrem
1429 4471 1568 4541 ejus,
1603 4477 1657 4523 et
1704 4471 1839 4524 vade
1890 4471 1943 4524 in
1981 4468 2298 4541 IEgyptum.
2338 4488 2355 4521 ι
2391 4465 2697 4541 llumilians
2729 4484 2858 4541 ergo
2891 4483 2949 4521 se
2985 4465 3160 4522 factus
3208 4474 3290 4541 est
3317 4465 3477 4534 quasi
3505 4481 3652 4535 puer,

383 4538 706 4616 recte-dicat
738 4555 751 4591 :
785 4557 800 4588 ε
842 4536 1039 4616 Sinite,
1074 4545 1127 4591 et
1169 4539 1337 4616 nolite
1362 4536 1651 4616 prohibere
1679 4555 1879 4610 pueros
1903 4536 2307 4616 venire'adune
2341 4555 2353 4592 :
2395 4538 2583 4616 talium
2620 4549 2702 4593 est
2730 4537 2873 4616 enim
2909 4552 3135 4616 regnum
3171 4536 3460 4616 ccelgrum.
3499 4555 3518 4588 ι
3564 4605 3575 4616 θ
3613 4605 3624 4616 .

454 4606 508 4679 8.
549 4605 674 4679 llmc
702 4622 833 4676 ergo
865 4608 1125 4664 debemus
1159 4605 1444 4678 diligenter
1471 4605 1746 4664 attende-re
1770 4620 1829 4664 ut
1858 4627 1923 4665 ne
1951 4611 2316 4666 aestimatione
2342 4610 2630 4679 sapientia:
2663 4605 3064 4679 excellentiOris
3097 4617 3152 4679 et
3176 4605 3450 4679 profectus
3498 4605 3653 4679 spiri-

384 4676 593 4730 talioris
631 4686 1045 4748 contemnamus
1073 4680 1227 4747 quasi
1263 4675 1447 4748 magni
1480 4681 1707 4748 pusillos
1732 4681 1991 4736 Ecclesia!
2030 4698 2045 4736 :
2078 4681 2172 4737 sed
2207 4675 2444 4736 scientes
2475 4681 2622 4748 quod
2649 4677 2856 4733 dictum
2898 4686 2980 4733 est
3009 4696 3022 4731 :
3060 4696 3077 4728 ι
3111 4675 3320 4730 Talium
3373 4685 3479 4748 est!
3513 4677 3654 4748 enim

385 4761 612 4815 regnum
649 4747 934 4822 cmlorum,
964 4765 983 4798 ›
1024 4746 1159 4822 tales
1185 4746 1503 4822 elliciainur,
1548 4759 1600 4822 ut
1629 4752 1792 4804 etiam
1823 4752 2038 4822 parvuli
2066 4767 2232 4822 sensu
2262 4746 2538 4822 salventtir
2562 4764 2794 4822 per__nos
2822 4764 2834 4801 :
2867 4764 2973 4822 non
3007 4748 3184 4802 solum
3215 4762 3323 4822 n_on
3363 4746 3656 4822 prohiben-

383 4824 468 4892 tes
489 4830 686 4885 pueros
717 4817 785 4870 ad
831 4815 1015 4892 Jesum
1045 4818 1141 4882 ire,
1171 4820 1265 4892 sed
1293 4821 1454 4892 etiam
1489 4820 1591 4889 ipsi
1634 4835 1757 4875 cum
1791 4815 1976 4891 pueris
2000 4821 2176 4877 ell‘ecti
2209 4822 2386 4892 pueri,
2417 4815 2807 4892 iniliuniilitale
2841 4820 3174 4892 Voluntatem
3228 4815 3454 4892 Domini.
3479 4818 3652 4870 adim-

383 4887 649 4969 pleamus,
691 4897 751 4941 ut
775 4889 1076 4969 exaltemur
1106 4888 1298 4969 a.Deo.
1333 4889 1480 4969 Scito
1505 4887 1684 4969 autem
1723 4887 1983 4969 quoniam
2016 4893 2172 4969 pueri
2203 4887 2542 4969 huiusmodi,
2573 4889 2984 4969 quamvisnuon
3007 4889 3201 4969 _omu_ia
3245 4903 3376 4969 quae
3405 4887 3658 4969 dicuntur

381 4957 538 5024 sequi
564 4970 792 5037 possunt
821 4959 980 5037 quasi
1016 4959 1190 5028 pueri,
1220 4968 1400 5037 tamen
1435 4957 1805 5037 imposuit‘eis
1827 4957 2033 5037 manus
2057 4962 2237 5037 Iesus.
2278 4957 2497 5016 Ponens
2520 4957 2734 5037 __aiitem
2763 4958 3076 5037 abiituinfle,
3112 4967 3167 5012 et
3208 4958 3464 5037 virtutem
3496 4957 3658 5037 relin:

425 5043 558 5105 μεηε
592 5030 644 5105 ill
683 5029 887 5105 Pueris.
915 5031 1389 5105 Perﬂqpmpbiit
1413 5045 1442 5084 a
1466 5032 1671 5100 pueris,
1698 5033 1950 5105 videlicet
1979 5035 2163 5104 pueris
2193 5048 2302 5088 non
2333 5029 2660 5105 potentibus
2687 5030 2838 5099 sequi
2877 5029 3184 5093 Christum,
3224 5029 3370 5082 sicut
3395 5037 3450 5082 et
3479 5029 3656 5082 caeteri

425 5043 558 5083 uens
592 5046 644 5083 in
683 5045 887 5100 pueris,
956 5046 1012 5084 er
1046 5043 1225 5084 actum
1257 5043 1389 5084 aunt
1413 5045 1442 5084 a
1466 5046 1671 5100 pueris,
1698 5043 1950 5088 Videlicet
1979 5043 2163 5104 pueris
2193 5048 2302 5088 non
2333 5043 2644 5101 potentibus
2687 5043 2838 5099 sequt
2877 5043 3184 5093 unrisuim,
3224 5043 3370 5082 srcut
3395 5043 3450 5082 et
3479 5043 3656 5082 caetera

381 5043 635 5179 discipuli
666 5102 785 5171 ejus
812 5044 1058 5179 pellecti.
1094 5093 1374 5171 Siquidem
1402 5110 1595 5179 autem
1621 5121 1652 5179 _¢_
1676 5102 1891 5174 eloquia
1920 5104 2134 5179 Domini
2172 5124 2191 5157 ι
2225 5101 2533 5173 evangelica
2560 5119 2587 5179 ι⁸
2611 5100 2828 5179 eloquia
2855 5118 2875 5179 ι
2901 5108 3030 5154 sunt
3061 5118 3078 5149 ι
3108 5107 3388 5179 οοειοδρι
3417 5116 3435 5151 ι
3466 5113 3656 5179 argen-

384 5179 498 5225 tum
524 5169 647 5242 igue
671 5169 1063 5244 examinatum,
1097 5169 1710 5244 argentumprobaliile,
1747 5169 2134 5230 transmissum
2166 5183 2325 5229 terra:
2345 5169 2391 5237 ,’
2411 5179 2476 5244 et
2503 5171 2660 5244 valde
2710 5172 3055 5235 mundatuui,
3090 5178 3156 5244 _et
3186 5169 3386 5244 septies
3421 5169 3652 5244 munda-

385 5249 500 5298 tum
530 5238 569 5308 ς’
589 5261 608 5295 ι
647 5243 765 5301 sine
788 5242 956 5300 dubio
980 5243 1138 5300 debet
1161 5238 1282 5300 esse
1330 5238 1514 5314 aliqua
1545 5243 1738 5300 idonea
1773 5259 1941 5301 causa
1969 5253 2191 5317 propter
2217 5260 2380 5316 quam
2429 5240 2717 5296 Matthaeus
2753 5255 3037 5312 exponens
3090 5240 3237 5294 hunc
3278 5240 3486 5309 locum,
3518 5238 3652 5292 duas

457 5406 500 5438 ⁹¹
534 5406 553 5460 l
585 5405 781 5465 Thess.
810 5424 872 5477 ii,
898 5409 953 5464 7.
1029 5413 1077 5444 "
1108 5395 1299 5467 Matth.
1331 5426 1449 5480 nx,
1487 5410 1572 5469 14.
1642 5411 1688 5444 ⁸³
1713 5410 1848 5468 Luc.
1878 5427 1969 5467 xw

2093 5452 2106 5466 .
2187 5411 2229 5446 9‘
2259 5409 2451 5464 Matth.
2491 5422 2647 5473 xvm,
2684 5406 2738 5461 4.
2812 5405 2859 5438 ⁰³
2894 5403 3039 5459 Psnl.
3072 5420 3148 5470 xi,
3179 5405 3234 5460 7.

459 5550 573 5625 (ΞΟ)
614 5553 1144 5625 Ἐγένετοίνήπιος.
1174 5555 1194 5611 1
1219 5557 1412 5612 Thess.
1448 5572 1484 5610 ll
1506 5598 1521 5622 ,
1548 5555 1580 5609 7
1613 5574 1627 5611 :
1671 5555 1809 5610 Ἀλλ’
1842 5557 1962 5625 ἐγε-

387 5621 630 5698 νήθημεν
665 5621 849 5698 ﬁniet.
879 5624 958 5698 ita
997 5621 1190 5698 Syrus,
1222 5637 1276 5682 et
1307 5629 1480 5682 Arabs
1510 5621 1522 5680 ξ
1563 5628 1746 5697 allqua
1778 5621 1961 5681 tamen

388 5693 721 5770 exemplaria
768 5693 1406 5770 εξὴίιοθηῐέγενήθημεν
1439 5693 1964 5770 νήπιοιξρεψθηφ

385 5764 666 5842 duplicatp
697 5781 746 5818 ν.
781 5763 871 5820 Sic
910 5763 1394 5842 legunt'Etlii'ops
1445 5763 1715 5840 interpres
1759 5763 1813 5825 et
1844 5768 1964 5824 vul-

389 5844 570 5906 gatus.
605 5833 875 5902 Hunnus,

2142 5556 2258 5626 (21)Δ
2283 5553 2524 5623 Μικρῶν
2551 5551 2651 5606 καὶ
2678 5530 2949 5604 παιδίων.
2986 5548 3042 5604 In
3076 5549 3263 5604 codice
3307 5544 3478 5618 Regio
3507 5543 3652 5600 deest

2071 5629 2255 5768 καὲἐῖ)
2285 5697 2622 5768 Δύναονραι.Δ
2637 5693 2778 5768 Lege
2800 5691 3053 5768 δύναται.

2145 5758 2257 5842 (25)
2281 5768 2461 5824 Codex
2495 5758 2994 5836 Βεδὶιιεξάκριϐῶς
3027 5758 3516 5833 κεκαθαρισμένον.
