3954 6594
104 436 295 494 1277
1135 428 1491 501 COMMENT.
1528 428 1598 487 ΙΝ
1624 430 1741 488 MA'

1855 431 2050 491 ΙΛΕΙῚΜ
2081 429 2323 492 TOMUS
2346 429 2466 489 XV.
3299 430 3446 489 1278

110 553 243 609 σοῦ
270 554 356 610 τὰ
392 550 606 619 παιδία,
630 550 816 608 οὐκέτι
838 549 896 606 δὲ
917 550 1055 624 πρὸς
1078 549 1149 607 τὰ
1180 551 1275 607 δύο
1303 552 1372 607 τὰ
1409 551 1539 625 ἑξῆς
1566 552 1741 624 ἐπιφέ-

1859 561 1988 609 sunt
2011 553 2188 625 pueri.
2242 561 2302 609 ut
2325 566 2524 610 manus
2574 549 2710 621 ipsis
2763 546 2923 610 Iesus
2972 548 3298 624 imponent,
3347 552 3485 608 sed.

114 665 269 721 ρει;
306 646 740 720 Προσενηνέχθη
789 646 888 718 μὲν
935 646 1046 719 γὰρ
1076 647 1147 701 τὰ
1195 648 1386 703 παιδία
1416 648 1550 721 (24),
1579 649 1740 704 οὐκέτ

1863 654 2127 717 praeterea
2153 644 2320 700 etiam
2349 651 2408 698 ut
2434 657 2532 715 pro
2557 640 2664 697 illis
2688 634 2892 705 oraret.

112 742 238 795 ἴνα
270 742 451 813 μόνον
477 740 578 805 τὰς
627 742 815 812 χεῖρας
868 741 1051 806 αὐτοῖς
1082 740 1248 815 ἐπιθῇ
1296 743 1326 797 6
1370 743 1599 815 Ἰησοῦς,
1626 743 1764 799 ἀλλὰ
2286 774 2289 781 ·

114 834 299 908 πρὸς
327 832 513 905 τούτῳ
541 832 629 887 ἴνα
652 834 747 887 καὶ
771 830 1158 906 προσεύξηται.

215 928 561 1000 Γέγραπται
597 925 675 991 δὲ,
711 926 815 990 ὅτι,
855 946 875 978 ι
915 927 1013 981 καὶ
1045 926 1258 993 ἐπιθεὶς
1300 926 1397 994 τὰς
1435 931 1624 1002 χεῖρας
1660 931 1760 985 αὐ-

117 1023 293 1084 τοῖς,
335 1018 622 1091 ἐπορεύθη
653 1016 881 1072 ἐκεῖθενο
929 1037 948 1070 ›
986 1018 1047 1072 οὐ
1095 1018 1204 1090 γὰρ
1237 1019 1568 1091 προσέθηκε,
1604 1040 1623 1073 ι
1663 1020 1759 1076 καὶ

118 1111 614 1184 προσευξάμενος
636 1129 651 1142 ο
688 1130 708 1163 ι
735 1109 965 1180 ἠδύνατο
984 1110 1092 1184 γὰρ
1116 1110 1383 1182 λελέχθαι’
1415 1114 1526 1167 Καὶ
1549 1112 1759 1178 ἐπιθεὶς

122 1206 255 1270 τὰς
329 1208 525 1279 χεῖρας
580 1206 676 1259 καὶ
729 1203 1171 1277 προσευξάμενος
1216 1205 1420 1271 αὐτοῖς,
1485 1207 1756 1280 ἐπορεύθη

124 1297 402 1354 ἐκεῖθεν.
442 1299 585 1372 Ὅρα
624 1294 720 1353 οὖν
754 1300 802 1351 εί
831 1296 1055 1351 δύνασαι
1092 1296 1302 1370 μείζοσι
1338 1299 1437 1371 μὲν
1469 1298 1580 1353 τῶν
1625 1317 1755 1353 παι-

125 1390 287 1444 δίων
322 1392 517 1463 τηρεῖν
560 1390 661 1462 τὴν
693 1379 1005 1463 προσευχὴν
1050 1390 1143 1444 τοῦ
1200 1390 1397 1463 Ἰησοῦ,
1436 1392 1756 1464 δυναμένοις

124 1483 415 1555 χωρῆσαι
446 1483 540 1538 καὶ
567 1483 666 1555 τὴν
701 1482 943 1537 ἐπίθεσιν
970 1482 1080 1536 τῶν
1122 1482 1325 1556 χειρῶν
1352 1482 1518 1538 αὐτοῦ
1546 1485 1633 1537 ἐπ’
1658 1484 1756 1538 αὐ-

126 1578 309 1640 τοὺς,
343 1576 441 1630 καὶ
473 1575 569 1648 τὴν
603 1577 730 1649 περὶ
768 1574 946 1630 αὐτῶν
979 1574 1115 1648 πρὸς
1153 1576 1245 1630 τὸν
1290 1576 1511 1649 Πατέρα
1559 1578 1748 1650 εὐχήν

127 1670 274 1732 τοῖς
306 1667 367 1722 δὲ
402 1668 634 1733 παιδίοις
664 1668 852 1740 ἀρκεῖν
887 1667 1200 1740 λέγεινιτὴν
1227 1660 1473 1722 ἐπίθεσιν
1503 1667 1611 1723 τῶν
1642 1686 1741 1741 χει-

1855 1676 1982 1716 vero
2013 1662 2157 1732 quod
2181 1662 2249 1717 ad
2281 1676 2344 1717 ea
2367 1662 2602 1733 pertinet
2628 1663 2674 1696 ’⁷
2708 1681 2722 1718 :
2762 1680 2781 1715 ι
2822 1661 3037 1718 Talium
3066 1672 3151 1719 est
3178 1664 3323 1718 enim
3354 1679 3442 1720 re-

138 1759 272 1831 ρῶν
302 1760 494 1814 αὐτοῦ.
530 1761 624 1825 El;
655 1760 711 1814 δὲ
742 1761 809 1814 τὰ
844 1760 1212 1833 ἀποδεδομένα
1254 1762 1381 1834 περὶ
1415 1761 1507 1816 τοῦ
1529 1779 1542 1794 ·
1572 1780 1591 1814 ι
1630 1760 1741 1816 Τῶν

1855 1768 2018 1823 gnum
2061 1754 2325 1810 caelorum
2347 1797 2363 1822 ,
2415 1773 2434 1807 ι
2469 1769 2591 1825 quae
2615 1754 2704 1811 vel
2743 1754 3209 1826 sapientissimum
3241 1757 3442 1812 adhor-

130 1852 269 1925 γὰρ
312 1854 570 1908 τοιούτων
595 1853 799 1925 ἐστὶνὴ
832 1854 1077 1925 βασιλεία
1118 1855 1227 1909 τῶν
1257 1854 1523 1929 οὐρανῶν,
1554 1874 1572 1908 ι
1611 1872 1741 1928 προ-

1855 1854 2058 1913 tantur,
2084 1856 2142 1902 ut
2173 1848 2267 1918 qui
2301 1847 2356 1902 in
2386 1847 2627 1904 Ecclesia
2654 1849 2807 1920 parvi
2839 1856 2968 1905 sunt
3002 1849 3225 1903 minime
3255 1849 3440 1919 despi-

1856 1937 1956 1960 -2...
2017 1952 2114 1960 ..-Α
2150 1938 2406 1960 _---..--I__
2438 1946 2484 1960 ,Α
2515 1938 2563 1960 2..
2595 1938 2809 1960 l‘l__:-n-
2839 1938 3070 1960 ε-ρ--.--
3109 1948 3412 1960 --...-..Α--Α

133 1944 479 2014 τρεπόμενα
515 1946 606 1997 καὶ
637 1945 727 1998 τὸν
770 1945 1077 2015 σοφώτατον
1118 1947 1192 2018 μὴ
1225 1948 1595 2020 ὑπερηφανεϊν
1623 1949 1741 2012 τοὺς

1855 1937 1981 2004 ciat,
2017 1952 2116 1993 nec
2147 1938 2408 2009 puerulos
2433 1946 2488 1994 et
2515 1938 2568 1993 in
2595 1938 2815 1995 Christo
2838 1938 3073 1995 infames
3103 1948 3437 2008 contemnat,

138 2035 213 2088 ὲν
268 2039 338 2106 τῇ
398 2037 694 2109 Ἐκκλησία
744 2040 993 2111 μικροὺς,
1050 2039 1184 2110 μηδὲ
1228 2042 1586 2113 καταφρονεῖν
1641 2041 1741 2096 τῶν

1855 2030 1986 2085 utile
2028 2029 2195 2086 fuerit
2242 2030 2297 2085 id
2342 2045 2409 2085 ex
2462 2029 2755 2104 Evangelio
2803 2033 2963 2089 Luce
3017 2032 3434 2102 depromere":

1932 928 1986 985 9.
2022 929 2091 984 At
2118 928 2377 1000 scriptum
2407 937 2492 985 est
2517 928 2584 995 ",
2623 946 2645 981 ι
2676 928 2812 985 Cum
2839 926 3192 999 imposuisset
3217 927 3298 985 eis
3322 940 3443 986 ma-

1860 1036 2000 1087 nus,
2026 1022 2227 1079 abiisse
2250 1021 2431 1087 inde,»
2471 1036 2571 1077 nec
2585 1021 2731 1077 enim
2761 1020 2988 1088 addidit,
3025 1039 3042 1070 ι
3072 1029 3265 1076 etcum
3287 1036 3442 1077 oras-

1859 1120 1973 1179 set;
1996 1132 2015 1165 ι
2056 1121 2266 1184 poterat
2298 1114 2446 1169 enim
2469 1113 2651 1168 dicere
2687 1131 2700 1168 :
2739 1111 2807 1167 Et
2834 1127 2959 1168 cum
2984 1111 3335 1183 imposuisset
3360 1113 3441 1169 eis

1857 1218 2076 1273 manus,
2110 1215 2165 1261 et
2191 1212 2423 1271 orasset,
2449 1204 2584 1260 abiit
2616 1203 2760 1260 inde.
2793 1203 2929 1259 Vide
2954 1218 3083 1275 ergo
3115 1220 3246 1258 num
3278 1220 3444 1276 gran-

1857 1294 2103 1352 dioribus
2122 1297 2327 1367 pueris,
2351 1298 2444 1367 qui
2473 1305 2528 1352 et
2552 1312 2814 1352 manuum
2847 1296 3021 1367 ipsius
3054 1297 3440 1367 impositionis,

1855 1395 1909 1443 et
1934 1401 2153 1456 precum
2182 1402 2282 1458 pro
2317 1403 2377 1443 se
2416 1387 2483 1443 ad
2515 1386 2731 1443 Patrem
2764 1387 3009 1444 fusarum
3053 1402 3281 1459 capaces
3309 1388 3440 1456 sint,

1855 1476 2159 1532 orationem
2202 1475 2331 1534 Jesu
2363 1493 2684 1545 reservare;
2736 1479 2983 1549 puerulis
3021 1494 3153 1536 vero
3197 1478 3442 1535 sufﬁcere

1855 1584 2117 1624 manuum
2165 1570 2337 1642 ipsius
2387 1570 2790 1641 impositionem
2846 1571 3028 1627 dicere
3077 1587 3266 1642 queas.
3317 1570 3439 1627 Jam

146 2128 405 2183 παιδίων
445 2130 540 2183 καὶ
573 2131 782 2202 νηπίων
818 2133 874 2185 ὲν
907 2132 1147 2202 Χριστῷ,
1196 2132 1463 2203 χρήσιμον
1502 2130 1750 2203 παραλα-

141 2222 275 2275 6εἰν
304 2221 418 2275 ἀπὸ
450 2221 541 2276 τοῦ
581 2223 722 2276 κατὰ
753 2224 968 2276 Λουκᾶν
1007 2221 1100 2276 τό·
1145 2243 1163 2274 ι
1214 2222 1389 2294 Ἀμὴν
1426 2222 1570 2291 λέγω
1597 2223 1744 2294 ὑμῖν,

142 2315 212 2378 ὃς
243 2314 345 2368 ἐὰν
396 2315 469 2387 μὴ
500 2315 717 2387 δέξηται
749 2315 851 2388 τὴν
894 2314 1172 2386 βασιλείαν
1202 2314 1294 2368 τοῦ
1328 2314 1464 2368 Θεοῦ
1490 2314 1567 2379 ὡς
1620 2332 1747 2370 παι·-

140 2405 292 2467 691w,
325 2426 345 2458 ι
373 2406 400 2458 6
421 2407 482 2459 οὐ
505 2407 713 2461 παιδίον
752 2407 849 2478 μὲν
875 2407 972 2474 ὢν,
1003 2406 1137 2461 ἀλλὰ
1166 2405 1306 2478 ἀνὴρ
1330 2406 1397 2460 τὰ
1423 2405 1517 2461 τοῦ
1546 2406 1744 2480 νηπίου

140 2499 538 2569 καταργήσας,
573 2498 855 2568 γινόμενος
885 2497 941 2551 δὲ
974 2500 1087 2562 τοῖς
1121 2496 1356 2561 παιδίοις
1384 2496 1620 2563 παιδίον,
1649 2496 1746 2551 καὶ

141 2587 333 2657 λέγων
359 2590 541 2656 αὐτοῖς
561 2606 575 2621 ⁸
606 2588 767 2643 ιὐὑκ
787 2588 1062 2662 ἠδυνήθην
1084 2589 1211 2660 ὑμῖν
1238 2588 1467 2660 λαλῆσαι
1489 2588 1566 2654 ὡς
1592 2606 1749 2643 πνευ-

150 2685 437 2753 ματικοῖς,
466 2681 579 2735 ἀλλ’
610 2682 686 2746 ὡς
718 2682 1015 2753 σαρκίνοις,
1052 2681 1128 2747 ὼς
1158 2681 1373 2753 νηπίοις
1408 2683 1464 2735 ὲν
1497 2679 1741 2754 Χριστῷ,

147 2775 305 2845 γάλα
343 2776 487 2846 ὑμᾶς
519 2775 767 2840 ἐπότισα,
792 2776 852 2829 οὐ
898 2775 1116 2849 βρῶμα.
1148 2795 1166 2829 ι
1207 2775 1340 2849 Ὅλη
1371 2774 1502 2846 γοῦν
1533 2779 1566 2849 ὴ
1609 2776 1747 2849 σύμ-

148 2885 367 2940 φρασις
393 2868 501 2940 (ἓῦ)
525 2866 616 2923 τοῦ
643 2867 784 2923 κατὰ
804 2870 1021 2923 Λουκᾶν
1051 2869 1273 2942 τοιαύτη
1303 2869 1471 2924 ἐστίν’
1509 2889 1527 2923 ι
1561 2870 1743 2943 Προσ-

150 2960 358 3034 έφερον
403 2961 459 3015 δὲ
492 2960 640 3032 αὑτῷ
684 2961 781 3016 καὶ
813 2961 987 3034 βρέφη
1010 3003 1024 3026 ,
1059 2962 1147 3016 ἵνα
1190 2961 1367 3017 αὐτῶν
1402 2963 1679 3033 ἅπτηται,
1718 2981 1737 3015 ι

147 3054 254 3108 καὶ
286 3054 356 3109 τὰ
380 3053 525 3126 ἑξῆς,
554 3053 658 3119 ἕως
680 3052 796 3107 τοῢο
831 3074 850 3106 ι
887 3057 982 3120 Ὃς
1004 3054 1098 3108 ἐὰν
1128 3052 1201 3127 μὴ
1223 3055 1440 3126 δέξηται
1460 3054 1560 3126 τὴν
1584 3054 1740 3126 βασι-

146 3146 309 3199 λείαν
338 3145 430 3201 τοῦ
454 3146 588 3200 Θεοῦ
611 3146 685 3212 ὠς
714 3147 1018 3211 παιδίον,οὑ
1046 3146 1121 3219 μὴ
1142 3146 1356 3225 είσέλθῃ
1378 3149 1457 3212 είς
1485 3148 1676 3221 αὑτήν.
1714 3167 1734 3201 ι

146 3238 349 3308 Σχεδὸν
382 3238 438 3292 δὲ
471 3241 591 3303 ταῖς
620 3239 811 3303 αὑταῖς
841 3238 1021 3307 λέξεσι
1052 3240 1145 3293 καὶ
1185 3241 1215 3294 6
1245 3240 1472 3313 Μάρκος
1507 3239 1741 3313 μάλιστα
1766 3270 1809 3330 c

149 3332 221 3386 τὰ
247 3331 530 3386 τελευταῖα
559 3332 821 3397 ὡσαύτως
846 3331 1081 3399 ἐξέθετο.

152 3445 297 3516 Περὶ
325 3446 432 3502 τοῦ
459 3446 957 3517 ἐπερωτήσαντα
983 3447 1287 3503 πλουσίου
1320 3449 1428 3503 τὸν
1470 3450 1741 3518 Ἰησοῦν,

177 3520 279 3574 καὶ
306 3519 596 3585 εἰπόντος·
630 3537 648 3569 ι
710 3518 1046 3572 Διδάσκαλε
1077 3518 1278 3588 ἀγαθὲ,
1319 3539 1337 3572 ›
1369 3521 1463 3574 καὶ
1488 3521 1556 3575 τὰ
1583 3522 1729 3595 ἑξῆς.

229 3631 251 3664 ι
280 3611 390 3666 Καὶ
430 3611 535 3665 ἰδοὺ
579 3605 660 3676 εἷς
697 3609 1012 3683 προσελθὼν
1038 3605 1190 3681 εἶπεν
1220 3611 1387 3684 αὐτῷ·
1418 3613 1735 3680 Διδάσκαλε,

1858 2140 1877 2173 ι
1896 2121 2068 2176 Amen
2091 2120 2214 2177 dico
2243 2121 2418 2188 vobis,
2438 2123 2751 2194 quicunque
2782 2139 2888 2179 non
2920 2123 3189 2194 acceperit
3206 2138 3435 2193 regnum

1851 2213 2134 2279 Dei,sicut
2164 2229 2320 2284 puer,
2356 2234 2383 2267 .›
2422 2215 2516 2286 qui
2549 2230 2686 2286 puer
2713 2217 2931 2287 quidem
2964 2232 3070 2273 non
3100 2226 3202 2283 est,
3226 2217 3319 2271 sed
3351 2220 3437 2272 vir

1851 2308 1944 2379 qui
1976 2307 2201 2378 puerilia
2235 2308 2491 2375 abolevit,
2510 2324 2645 2379 puer
2671 2310 2855 2381 pueris
2876 2310 3134 2378 factus”,
3152 2321 3205 2366 et
3226 2311 3331 2367 illis
3348 2310 3436 2366 di-

1851 2398 1982 2456 cens
2012 2401 2028 2432 ¹
2056 2419 2068 2456 :
2105 2419 2124 2454 ι
2156 2398 2273 2455 Non
2298 2401 2449 2471 potui
2479 2402 2634 2457 vobis
2661 2402 2809 2473 loqui
2840 2405 2995 2473 quasi
3031 2403 3431 2473 spiritualibus,

1852 2490 1946 2545 sed
1981 2491 2142 2561 quasi
2170 2490 2514 2560 carnalibus,
2548 2502 2804 2563 tanquam
2838 2494 3078 2565 parvulis
3105 2494 3158 2548 in
3189 2494 3431 2560 Christo,

1852 2582 1935 2638 lac
1962 2584 2114 2638 vobis
2146 2592 2331 2654 potum
2361 2583 2506 2651 dedi,
2552 2600 2659 2639 non
2688 2599 2892 2641 escam.
2935 2603 2954 2637 ι
2993 2584 3163 2641 Totus
3183 2601 3312 2656 ergo
3344 2585 3434 2640 ille

1850 2676 2005 2733 locus
2054 2676 2138 2731 his
2182 2676 2324 2746 apud
2364 2674 2569 2732 Lucam
2616 2678 2928 2733 continetur
2959 2680 2980 2710 ⁸
3013 2698 3026 2734 :
3066 2697 3084 2730 ι
3126 2678 3437 2734 Ali'erebant

1851 2776 2032 2823 autem
2065 2768 2132 2823 ad
2163 2767 2313 2822 illum
2334 2777 2388 2822 et
2415 2766 2672 2841 infantes,
2698 2778 2758 2823 ut
2789 2785 2883 2826 eos
2911 2779 3174 2843 tangeret,
3219 2790 3237 2824 ι
3269 2769 3437 2845 684

1848 2868 1903 2916 et
1929 2867 2144 2927 caetera,
2183 2875 2359 2929 usque
2386 2861 2452 2915 ad
2494 2861 2546 2915 id
2575 2860 2596 2892 ³
2625 2876 2639 2915 :
2676 2881 2695 2913 ι
2729 2860 3050 2932 Quicunque
3082 2878 3186 2916 non
3210 2866 3436 2932 accepe-

1847 2952 1920 3006 rit
1948 2965 2172 3021 regnum
2205 2949 2298 3004 Dei
2337 2950 2479 3004 sicut
2506 2965 2661 3020 puer,
2699 2966 2807 3005 non
2858 2951 3081 3005 intrabit
3124 2950 3177 3004 in
3214 2950 3365 3004 illud.
3402 2966 3426 3004 ι

1848 3043 1907 3096 1n
1950 3041 2142 3097 iisdem
2175 3047 2355 3095 autem
2402 3041 2795 3110 prOpemodum
2831 3040 3033 3106 verbis,
3067 3050 3120 3095 et
3163 3036 3430 3111 posteri-a-

1846 3149 1961 3190 rem
1989 3133 2332 3206 potissimum
2364 3143 2570 3205 partem
2605 3132 2822 3191 Marcus
2851 3135 3119 3206 exposuit.

1987 3451 2066 3507 De
2102 3452 2379 3525 dirt't_e_qui
2408 3451 2746 3525 interrogavit
2777 3451 2980 3518 Iesum,
3018 3462 3066 3506 et
3092 3451 3229 3507 dixit
3259 3467 3280 3508 .·

2167 3542 2186 3574 ι
2224 3522 2479 3593 Magister
2505 3522 2667 3592 bone,
2708 3544 2726 3577 ι
2764 3535 2818 3580 et
2846 3533 3068 3579 caetera.

1910 3614 1999 3669 10.
2051 3633 2072 3667 ι
2123 3613 2189 3669 Ει
2224 3631 2351 3671 ecce
2399 3631 2542 3671 unus
2590 3614 2853 3671 accedens
2897 3614 2972 3669 ait
3002 3614 3080 3683 illi
3123 3633 3135 3668 :
3172 3611 3428 3685 Magister
3460 3667 3481 3678 κ

148 3705 203 3759 τί
231 3704 435 3774 ἀγαθὸν
453 3705 661 3775 ποιήσω
678 3704 766 3759 ἵνα
793 3703 905 3775 σχῶ
921 3703 1064 3774 ζωὴν
1090 3703 1307 3758 αἰώνιον
1335 3702 1468 3778 (26);
1511 3724 1530 3758 ι
1557 3707 1738 3762 καὶτὰ

1855 3723 1997 3775 )one,
2045 3708 2176 3780 quid
2220 3707 2347 3762 boni
2405 3707 2623 3774 faciam,
2673 3717 2733 3761 ut
2778 3705 3004 3760 habeam
3051 3706 3216 3759 vitam
3266 3714 3424 3760 acter-

150 3797 307 3871 ιξῆς,
348 3798 452 3871 ἕως
485 3796 577 3852 τοῦ
602 3815 615 3829 ο
659 3816 678 3849 ι
721 3797 914 3852 Πολλοὶ
945 3798 1002 3852 δὲ
1029 3797 1239 3853 ἔσονται
1263 3798 1469 3870 πρῶτοι
1496 3797 1733 3871 ἔσχατοι,

149 3890 249 3945 καὶ
292 3890 505 3960 ἔσχατοι
567 3890 794 3963 πρῶτοι.
839 3910 858 3942 ι
915 3891 1002 3944 Ἐν
1054 3891 1150 3962 μὲν
1206 3880 1475 3960 Ψαλμοῖς
1527 3892 1733 3964 γέγρα-

148 3999 306 4048 πται,
351 3981 425 4046 ὡς
469 3981 766 4054 δυναμένου
797 3980 895 4036 τοῦ
944 3982 1233 4054 ἀνθρώπου
1282 3984 1456 4035 ποιεῖν
1498 3983 1725 4051 ἀγαθὸν,

149 4076 257 4140 ὅτι,
291 4094 309 4127 ι
356 4076 414 4129 '0
468 4073 638 4129 θέλων
686 4072 852 4147 ζωὴν,
904 4074 1134 4146 ἀγαπῶν
1168 4076 1382 4147 ἡμέρας
1421 4075 1547 4128 ἰδεῖν
1588 4079 1727 4146 ἀγα-

1834 3817 1960 3856 nam
1991 3800 2052 3856 ⁸7
2096 3820 2116 3854 ι
2150 3809 2203 3855 et
2244 3800 2450 3869 reliqua
2484 3799 2548 3853 ad
2587 3798 2637 3852 id
2674 3813 2848 3868 usque
2883 3797 2904 3829 ⁵
2947 3817 2960 3851 :
2995 3816 3013 3848 ι
3052 3795 3206 3850 Multi
3240 3805 3420 3850 autem

1832 3901 1993 3947 erunt
2036 3892 2237 3961 primi,
2293 3890 2616 3954 novissimi;
2677 3897 2731 3942 et
2770 3888 3093 3952 novissimi,
3155 3889 3338 3958 primi.
3396 3905 3417 3939 υ

1836 3983 2108 4055 Scriptum
2161 3989 2339 4037 exstat
2391 3984 2445 4035 in
2484 3980 2720 4035 Psalmis
2749 4021 2764 4045 ,
2816 3997 2881 4036 ac
2917 3982 2963 4037 si
3005 3981 3168 4035 homo
3216 3982 3421 4035 bonum

1835 4074 2013 4130 facere
2050 4073 2223 4144 possit
2260 4092 2275 4129 :
2315 4091 2334 4125 ι
2370 4071 2474 4139 Qui
2502 4073 2617 4127 vult
2654 4074 2841 4136 vitam,
2876 4081 2930 4129 et
2970 4072 3145 4143 diligit
3190 4073 3305 4127 dies
3339 4073 3419 4127 vi-

1352 4185 1583 4242 VETUS
1620 4186 2205 4244 INTERPRETATIO.

146 4307 592 4379 quidemeausas
616 4309 854 4364 ostendit
879 4308 1137 4365 afferendi
1173 4323 1395 4379 pueros,
1433 4324 1537 4364 non
1568 4318 1749 4365 autem
1800 4310 1865 4365 ad
1917 4310 2054 4365 duas
2111 4308 2478 4379 praecedentes
2519 4322 2717 4365 causas
2765 4307 2951 4363 intulit
2995 4323 3119 4379 quae
3152 4322 3399 4379 sequun-

147 4386 258 4451 tur.
292 4376 462 4451 thati
495 4388 624 4433 sunt
646 4379 790 4433 enim
824 4382 973 4449 pueri
1008 4395 1112 4433 non
1145 4376 1319 4434 solum
1348 4389 1406 4434 ut
1436 4395 1630 4435 manus
1653 4382 1734 4436 eis
1765 4383 2034 4451 imponat,
2066 4376 2160 4435 sed
2189 4381 2353 4451 etiam
2389 4388 2444 4433 ut
2470 4389 2612 4451 oret.

218 4447 577 4520 9.AScriptum
610 4457 694 4504 est
718 4447 897 4504 autem
935 4459 1056 4520 post
1090 4451 1213 4513 hoc,
1237 4451 1494 4520 quoniam
1527 4469 1546 4502 ι
1583 4447 1869 4519 imponens
1896 4452 1976 4507 eis
2008 4465 2203 4505 manus
2236 4450 2369 4504 ahiit
2394 4450 2536 4514 inde,
2570 4469 2588 4501 ι
2617 4458 2670 4504 et
2693 4466 2799 4505 non
2830 4448 3001 4514 addit,
3038 4467 3057 4502 ι
3084 4457 3139 4505 et
3163 4463 3355 4517 orans;
3389 4467 3411 4505 ι

146 4518 321 4590 potuit
345 4520 485 4573 enim
508 4519 688 4574 dicere
724 4538 738 4571 :
772 4520 838 4573 Et
860 4518 1145 4590 imponens
1168 4518 1471 4575 eis—manus
1501 4529 1553 4574 et
1586 4518 1753 4576 orans
1780 4522 1913 4575 abiit
1945 4523 2087 4576 inde.
2116 4520 2181 4575 Et
2208 4521 2330 4576 vide
2356 4520 2401 4576 si
2438 4531 2590 4590 potes
2617 4521 2798 4576 dicere
2824 4520 3080 4590 quoniam
3114 4520 3416 4590 majoribus
3446 4524 3463 4537 '

147 4589 365 4661 quidem
392 4604 682 4658 puerorum
709 4589 956 4661 servatur
985 4592 1169 4661 oratio
1186 4591 1412 4657 Christi,
1435 4591 1529 4660 qui
1564 4602 1795 4661 possunt
1817 4608 2011 4660 capere
2038 4608 2145 4645 non
2174 4594 2349 4646 solum
2378 4591 2776 4660 impositionem
2818 4589 3078 4645 manuum
3107 4589 3226 4661 ejus
3250 4606 3417 4661 super

147 4673 225 4744 se,
256 4659 347 4713 sed
380 4660 541 4713 etiam
572 4661 871 4744 orationem
898 4660 1017 4730 ejus
1048 4660 1358 4743 ad.Patrem
1397 4659 1495 4731 pro
1528 4659 1614 4744 se;
1647 4659 1953 4744 minaribus
1993 4674 2172 4716 autem
2210 4663 2392 4731 pueris
2426 4659 2643 4744 suilicit.
2663 4662 2941 4744 impositip
2974 4659 3234 4744 manuum
3256 4659 3412 4744 ejus.

148 4728 341 4803 D_ice_ns
372 4740 551 4803 autem
581 4748 595 4785 :
632 4749 649 4780 ι
691 4729 902 4786 Talium
928 4728 1023 4803 est
1047 4731 1192 4803 enim
1229 4728 1453 4803 regnum
1485 4732 1774 4803 canorum,
1820 4750 1844 4787 ο
1875 4734 2124 4788 hortatur
2158 4728 2223 4786 ut
2242 4749 2402 4787 nemo
2429 4733 2680 4802 quamvis
2707 4728 2779 4788 sit
2805 4733 3022 4803 sapiens
3057 4733 3110 4787 in
3145 4728 3411 4802 Ecclesia,

147 4798 407 4866 glorietur
447 4801 714 4875 adversus
759 4802 1016 4875 parvulos
1048 4800 1255 4875 Christi
1284 4798 1313 4855 ι’
1335 4802 1596 4875 quoniam
1643 4817 1752 4875 non
1787 4818 1978 4860 eorum
2023 4804 2213 4858 talium
2251 4798 2545 4875 puerorum
2592 4812 2676 4875 est
2707 4798 2934 4875 regnum
2974 4804 3238 4859 calorum
3263 4844 3278 4867 ,
3316 4798 3413 4860 sed

146 4883 328 4923 eorum
371 4870 462 4945 qui
508 4874 604 4940 per
637 4870 1184 4945 humilimtemfacti
1233 4870 1371 4927 sunt.
1398 4872 1724 4945 sicutipueri
1757 4889 1895 4929 eum.
1919 4884 2107 4931 essent
2139 4870 2302 4930 sensu
2337 4873 2581 4945 perfecti.
2618 4870 2983 4930 Hanc'autem
3012 4875 3408 4944 expositionem

146 4942 651 5016 Commendatapud
680 4941 885 4999 Lucam
920 4942 1131 5016 positus
1153 4941 1659 5016 Δεειιῐιο,-ιιιιοιιίῐιιιι
1689 4959 1814 4999 eum
1829 4945 2061 5016 dixisset
2098 4964 2113 5000 :
2148 4965 2175 4997 ι
2206 4941 2519 5016 Olferebant
2544 4947 2594 4999 ei
2629 4960 2828 5016 pueros
2853 4954 2908 5000 et
2937 4941 3171 5000 infantes
3201 4953 3260 4999 ut
3291 4955 3410 4999 tan-

145 5018 293 5085 geret
317 5026 429 5077 eos,
458 5012 702 5085 videntes
725 5022 907 5068 autem
924 5012 1188 5085 discipuli
1219 5012 1582 5082 prohibebant
1612 5030 1731 5082 eos;
1768 5033 1795 5069 ις
1820 5014 1980 5073 Jesus
2012 5026 2193 5071 autem
2220 5016 2358 5071 dixit
2387 5033 2401 5070 :
2436 5033 2456 5066 ι
2495 5012 2669 5070 Sinite
2720 5032 2921 5085 pueros
2962 5017 3148 5069 venire
3188 5017 3254 5069 ad
3298 5030 3405 5078 me,

146 5081 325 5156 talium
350 5090 434 5156 est
461 5084 607 5156 enim
641 5098 866 5154 regnum
899 5081 1189 5156 caelorum,
1220 5081 1243 5134 ι
1281 5085 1464 5156 statim
1492 5087 1649 5154 quasi
1681 5081 2058 5141 cOnvenientia
2094 5088 2277 5141 sensui
2316 5086 2637 5156 praecedenti
2673 5081 2899 5154 addidit,
2928 5087 3154 5142 dicens:
3184 5103 3202 5136 ι
3231 5085 3407 5140 Amen

144 5150 269 5225 dico
292 5152 460 5225 vobis,
488 5150 727 5222 quianon
744 5155 1012 5225 receperit
1038 5168 1275 5225 regnum,
1297 5152 1413 5213 Dei.
1437 5150 1583 5211 sicut
1606 5170 1760 5225 puer,
1796 5172 1903 5211 non
1935 5158 2157 5212 intrabit
2188 5158 2243 5211 in
2278 5150 2433 5211 illud.
2468 5175 2491 5208 ι
2884 5150 2893 5154 ⁷
3206 5178 3209 5185 π

209 5222 301 5277 10.
345 5240 365 5274 ι
402 5221 783 5298 ΔΙιιιὶειίᾮεξινὶι
830 5221 1014 5298 Jesmn
1065 5221 1210 5298 unus
1243 5224 1510 5298 deturba
1535 5221 1724 5298 dicens
1752 5244 1767 5281 :
1791 5227 2057 5298 Magister
2083 5234 2247 5292 bone,

2330 5228 2420 5281 uid
2467 5226 2596 5282 boni
2627 5226 2844 5293 faciam,
2887 5237 2946 5282 ut
2976 5227 3204 5282 habeam
3232 5224 3401 5281 vitam

145 5293 425 5347 teternam?
448 5291 553 5365 Qui
581 5291 715 5351 dicit
736 5294 789 5350 ei
827 5312 842 5350 :
867 5295 1010 5362 Quid
1033 5310 1121 5350 me
1150 5295 1288 5351 dicis
1324 5295 1566 5351 bonum?
1591 5291 1968 5356 Nemobon'us
1992 5298 2101 5354 nisi
2130 5291 2272 5353 unus
2303 5291 2469 5353 Deus.
2503 5316 2522 5350 ι
2550 5296 2689 5352 Cum
2719 5291 2989 5368 scriptum
3016 5299 3089 5354 sit
3125 5297 3275 5377 etde
3299 5297 3401 5353 ho-

205 5414 255 5486 ’ἦ
272 5412 457 5486 Blatth.
486 5430 602 5479 xix,
634 5415 724 5477 15.
767 5415 842 5486 ξ’
870 5413 1013 5486 ibid.
1037 5414 1125 5470 M.
1200 5415 1247 5448 ”
1281 5414 1417 5471 Luc.
1445 5431 1605 5482 xvm,
1643 5416 1730 5471 17.

1883 5416 2065 5475 ICor.
2099 5431 2224 5486 xm,
2251 5416 2338 5472 11.
2418 5416 2434 5448 ⁸
2469 5414 2491 5471 l
2522 5414 2650 5473 Cor.
2687 5431 2770 5483 ιιι,
2806 5416 2859 5482 1,
2886 5416 2949 5477 2.
3020 5418 3041 5449 ¹
3072 5414 3206 5472 Luc.
3238 5431 3394 5484 xvut,

196 5485 280 5541 i5.
353 5485 374 5518 ³
406 5483 540 5543 Luc.
567 5502 726 5549 xvnt.
752 5483 841 5542 17.
921 5484 1155 5551 ‘Matth.
1188 5484 1421 5552 xtx,‘l6.
1508 5486 1683 5542 'ibid.
1723 5486 1816 5544 50.

207 5603 318 5676 (24)
349 5601 529 5659 Cadex
584 5601 813 5675 Regius,
844 5602 1191 5676 προσηνέχθη
1243 5603 1353 5676 γὰρ
1408 5603 1590 5669 αὐτοῖς
1639 5604 1711 5659 τὰ

1862 5620 1913 5659 Ix
1970 5608 2027 5676 in
2068 5602 2270 5676 Joann.
2304 5618 2400 5658 vm
2435 5618 2447 5655 :
2487 5601 2672 5676 Οὕτως
2712 5599 2949 5676 οὖνκαὶ
2992 5603 3090 5660 ἐπὶ
3126 5601 3191 5661 τὺ
3224 5601 3400 5676 παρὸν

148 5675 482 5818 ῗαὲξιξὶῗ⁸¹οςζη
511 5743 661 5818 γοιξν
693 5745 1147 5818 ῄμσύμφρασις.
1173 5742 1460 5799 Postrema
1504 5758 1573 5818 ea
1600 5758 1710 5801 vox

148 5810 196 5869 in
214 5810 364 5873 codd.
403 5810 477 5869 Η.
501 5810 556 5872 et
586 5815 630 5869 ll
675 5810 977 5871 deformata
1015 5810 1134 5871 erat
1165 5831 1179 5868 :
1210 5829 1329 5869 eam
1366 5816 1706 5872 asseruimus

152 5882 309 5956 ipsius
332 5885 580 5958 Origenis
616 5888 939 5961 auctoritate
974 5885 1228 5959 nixi,qui
1261 5900 1329 5955 ea
1358 5885 1533 5953 utitur
1569 5898 1704 5943 tom.

1581 6073 1617 6098 κ

1858 5677 1947 5746 μῖν
1980 5674 2326 5748 ζητουμένων
2369 5675 2433 5728 ὲκ
2476 5675 2575 5745 τῆς
2613 5673 2980 5746 συμφράσεως
3012 5673 3394 5750 κατανοητέον.

1869 5761 2204 5895 gallae“
2236 5815 2461 5889 Regius,
2488 5813 2633 5889 ζωὴν
2665 5812 2883 5873 αἰώνιον
2909 5816 3319 5892 κληρονομήσω.

1823 6055 1877 6096 ἐν
