3954 6602
558 395 697 453 128⁸5

2028 378 2352 451 ORICENIS

2746 337 2936 351 ’.-__‘,JM
2958 334 2969 340 ~
2984 328 3087 341 ‘M’

3683 385 3798 447 1286

556 515 653 574 Dei
689 517 748 575 in
796 527 1094 589 conspectu
1138 515 1329 584 fuerit;
1378 517 1451 574 ita
1506 530 1689 575 coram
1718 517 1863 574 bono
1892 516 2120 573 Deobo-

2225 513 2359 569 Θεοῦ
2401 514 2737 586 δικαιοσύνη·
2780 513 2953 578 οὖτως
2998 513 3121 568 οὐδὲ
3170 512 3373 584 ἀγαθὸς
3417 508 3798 584 χρηματίσειεν

555 625 686 666 num
715 626 1060 681 nequaquam
1085 611 1412 682 appellatum
1444 611 1530 679 iri,
1564 611 1659 682 qui
1701 625 1827 666 cum
1858 608 2130 665 inferiori—

554 700 657 756 bus
691 710 1060 772 comparatus,
1092 702 1220 758 boni
1251 716 1448 757 nomen
1484 701 1795 757 meruisset.

625 792 712 847 ﬂ.
752 792 831 848 Ac
863 793 1008 848 dicat
1050 792 1284 850 fortasse
1327 793 1524 864 aliquis
1561 799 1975 865 cognoscentem
2002 789 2129 846 Ser-

552 893 796 940 vatorem
849 884 1238 954 interrogantis
1285 884 1626 941 affectionem
1674 895 1729 939 et
1768 884 2125 949 voluntatem,

550 991 673 1047 quae
712 978 943 1033 multum
987 978 1174 1032 aberat
1220 984 1282 1031 ut
1334 977 1537 1031 bonum
1596 989 1758 1031 omne
1796 974 1848 1029 in
1891 973 2128 1030 hominis

549 1077 817 1140 potestate
868 1068 1107 1139 positum
1158 1074 1460 1137 praestaret,
1515 1066 1867 1136 interroganti
1915 1066 1964 1120 ei
2024 1066 2064 1097 "
2109 1083 2124 1121 ι

555 1179 574 1212 ι
607 1158 750 1227 Quid
780 1161 909 1217 boni
942 1159 1179 1216 faciam?
1218 1178 1238 1212 ι
1272 1159 1621 1230 respondisse
1657 1176 1670 1212 :
1707 1176 1725 1209 ι
1757 1156 1898 1224 Quid
1935 1173 2021 1212 me
2051 1157 2129 1211 in-

551 1261 794 1324 terrogas
839 1254 906 1309 de
956 1253 1136 1308 bono?
1191 1271 1211 1305 ›
1250 1265 1315 1307 ac
1357 1252 1403 1306 si
1444 1250 1717 1306 dixisset:
1755 1248 1823 1304 lis
1860 1249 2126 1305 obeundis

548 1344 834 1413 praeceptis
863 1358 986 1412 qum
1017 1343 1084 1397 de
1115 1342 1261 1397 bono
1297 1341 1397 1396 tibi
1434 1341 1664 1409 tradam,
1701 1340 2125 1411 haudquaquam

547 1441 794 1502 paratus,
836 1433 1041 1503 quazris
1087 1431 1221 1503 quid
1268 1432 1396 1487 boni
1428 1431 1634 1490 faciens
1667 1434 1830 1489 vitam
1868 1444 2125 1490 aeternam

546 1526 921 1595 consequeris.
954 1524 1161 1580 Deinde
1193 1540 1361 1580 unum
1393 1541 1519 1581 vere
1551 1526 1753 1581 bonum
1784 1541 1905 1582 esse
1945 1527 2123 1591 docet,

546 1618 614 1673 de
639 1632 750 1688 quo
778 1618 829 1673 id
854 1618 931 1672 ait
961 1618 1047 1672 lex
1078 1618 1124 1651 ³⁸
1160 1635 1173 1673 :
1211 1636 1229 1670 ι
1260 1618 1424 1685 Audi,
1457 1617 1643 1685 Israel,
1676 1617 1941 1676 Dominus
1980 1617 2123 1676 Deus

543 1716 750 1773 noster,
785 1707 1052 1764 Dominus
1076 1724 1219 1764 unus
1251 1719 1370 1775 est;
1410 1726 1428 1761 ι
1457 1710 1672 1780 proprie
1699 1713 1844 1765 enim
1870 1709 2125 1767 Servator

541 1799 633 1854 ille
658 1810 760 1866 est,
792 1801 1012 1872 proprie
1034 1799 1321 1868 Dominus,
1365 1810 1419 1856 et
1455 1802 1672 1872 proprie
1702 1802 1899 1871 bonus,
1938 1817 1969 1857 a
2010 1799 2127 1873 quo

2229 603 2459 658 ἐνώπιον
2487 604 2581 657 τοῦ
2612 603 2817 673 ἀγαθοῦ
2865 602 2999 658 Θεοῦ
3024 606 3132 670 πᾶς
3162 605 3220 668 ὸς
3256 605 3395 676 πρὸς
3427 600 3552 674 (35)
3590 599 3660 654 τὰ.
3689 600 3801 654 ὑπο-

2225 694 2481 768 δεέστερα
2515 696 2799 768 συγκρίσει
2832 697 3053 752 ἐκείνων
3076 696 3281 766 ἀγαθὸς
3306 697 3373 751 ἂν
3394 694 3654 766 λεχθείη.

2295 787 2519 858 Λέγοιτο
2549 788 2594 841 δ’
2625 788 2692 843 ἂν
2721 788 2827 842 ύπό
2857 807 3020 855 τινος,
3060 789 3135 854 ὼς
3173 789 3281 863 ἄρα
3309 788 3616 860 γινώσκων
3657 789 3685 843 6
3707 788 3801 842 Σω-

2225 880 2330 953 τὴρ
2371 881 2471 954 τὴν
2521 881 2615 935 τοῦ
2685 881 3087 953 πυνθανομένου
3144 881 3259 949 ἕξιν
3313 883 3412 936 καὶ
3466 880 3794 953 προαίρεσιν,

2226 971 2368 1027 πάνυ
2411 972 2743 1029 ἀποδέουσαν
2783 974 2875 1027 τοῦ
2915 976 3090 1030 ποιεῖν
3130 972 3192 1026 τὸ
3234 973 3466 1042 ἐφικτὸν
3508 970 3799 1043 ἅνθρωπος

2224 1065 2428 1135 ἀγαθὸν
2451 1106 2465 1132 ,
2528 1061 2680 1121 εἶπεν
2729 1065 2878 1137 αὐτῷ
2932 1066 3346 1138 πυνθανομένῳ·
3416 1086 3435 1116 ι
3496 1056 3570 1118 Τί
3617 1066 3796 1133 ἀγαθὸν

2226 1160 2465 1230 ποιήσω;
2506 1177 2525 1210 ι
2561 1158 2653 1212 τόδ
2690 1178 2709 1210 ι
2736 1159 2801 1212 Τί
2825 1177 2893 1231 με
2909 1161 3189 1232 ὲπερωτᾷς
3216 1161 3347 1231 περὶ
3375 1158 3478 1212 τοῦ
3509 1156 3791 1227 ἁγαθοῦςι

2223 1239 2354 1304 ὡσεὶ
2384 1250 2557 1320 ἔλεγε·
2584 1252 2675 1322 Μὴ
2705 1253 3220 1323 παρεσκευασμένος
3248 1251 3325 1305 ὢν
3355 1252 3503 1323 πρὸς
3530 1252 3608 1305 τὰ
3628 1250 3797 1320 λεχθη-

2225 1341 2427 1415 σόμενα
2486 1344 2552 1398 ἂν
2596 1346 2724 1417 περὶ
2763 1345 2857 1399 τοῦ
2905 1345 3140 1414 ἀγαθοῦ,
3170 1334 3448 1420 πυνθάνῃ
3502 1344 3565 1399 τί
3618 1344 3796 1411 ἀγαθὸν

2224 1437 2475 1508 ποιήσας,
2519 1435 2662 1508 ζωὴν
2702 1435 2919 1490 αἰώνιον
2968 1436 3431 1510 κληρονομήσεις.
3482 1430 3634 1489 Εἶτα
3674 1434 3796 1487 διδά-

2225 1546 2363 1593 σκει,
2408 1531 2489 1584 ὅτι
2537 1528 2753 1602 ἀληθῶς
2795 1530 2997 1600 ἀγαθὸς
3038 1526 3119 1597 εἷς
3163 1532 3301 1598 ἐστι,
3352 1532 3484 1602 περὶ
3537 1523 3606 1584 οὗ
3650 1527 3737 1580 καὶ
3773 1527 3796 1579 6

2222 1620 2384 1692 νόμος
2411 1620 2563 1689 λέγει
2593 1620 2683 1673 τό·
2743 1638 2762 1671 ι
2799 1622 3019 1686 Ἀκουε,
3076 1620 3311 1694 Ἰσραὴλ’
3348 1620 3567 1692 Κύριος
3615 1621 3645 1672 6
3684 1617 3796 1679 Θεὸς

2220 1714 2377 1786 ἡμῶν
2406 1713 2607 1787 Κύριός
2632 1716 2747 1768 ὲστι
2775 1714 2885 1785 (55)
2906 1732 2920 1745 ο
2960 1734 2979 1767 ι
3011 1715 3215 1786 κυρίως
3247 1715 3359 1787 γὰρ
3385 1717 3415 1768 6
3449 1712 3673 1784 Σωτὴρ,
3718 1711 3798 1764 καὶ

2221 1806 2422 1879 κυρίως
2454 1807 2677 1879 Κύριος,
2707 1806 2802 1860 καὶ
2838 1807 3043 1876 κυρίως
3080 1805 3282 1877 ἀγαθὸς
3326 1802 3486 1869 οὗτός
3532 1807 3709 1869 ἐστιν,
3744 1804 3798 1857 ὃν

541 1893 725 1948 omnia
756 1903 815 1948 ut
850 1894 996 1949 bona
1030 1894 1145 1949 fieri
1193 1909 1513 1964 persuasum
1547 1895 1738 1950 habeo.
1771 1894 1991 1963 Quaeres
2024 1913 2120 1951 au-

2226 1897 2481 1969 πείθομαι
2516 1898 2692 1952 πάντα
2719 1897 2795 1961 ὼς
2821 1896 3021 1966 ἀγαθὸν
3051 1900 3242 1951 ποιεῖν.
3276 1898 3548 1969 Ζητήσεις
3593 1896 3655 1950 δὲ
3694 1893 3797 1957 πῶς

542 1987 948 2075 temquomodo
976 1987 1273 2041 bonitatem
1300 1988 1445 2043 illius
1469 2001 1533 2042 ea
1559 1986 1719 2043 etiam
1743 1990 1970 2075 spiizent,
1997 2005 2119 2059 quae

539 2080 609 2135 ab
635 2080 704 2135 iis
741 2079 967 2134 minime
1001 2078 1399 2151 intelliguntur,
1431 2094 1526 2150 qui
1565 2078 1736 2135 Deum
1766 2080 1920 2150 legis,
1944 2078 2120 2152 quail-

539 2182 653 2227 tum
687 2172 742 2227 in
776 2187 835 2228 se
879 2180 987 2237 est,
1036 2172 1463 2238 calumniantur,
1501 2186 1739 2244 eumque
1779 2172 1883 2227 hoc
1932 2172 2119 2229 crimi-

538 2272 741 2319 nantur
763 2262 1003 2329 nomine,
1024 2267 1156 2332 'quo
1184 2276 1252 2316 ne
1281 2260 1558 2316 hominem
1580 2261 1800 2331 quidem
1835 2244 2124 2332 reprehen-

536 2362 664 2416 dere
684 2368 996 2430 promptum
1033 2357 1193 2415 foret.
1235 2359 1328 2415 Sic
1356 2359 1501 2414 enim
1530 2358 1775 2413 animum
1822 2372 2004 2413 meum
2035 2358 2119 2413 in-

536 2454 701 2521 duco,
744 2435 852 2508 non
897 2453 1081 2508 minus
1124 2452 1180 2507 id
1210 2451 1305 2507 Dei
1354 2451 1652 2505 bonitatem
1688 2448 1996 2519 signiﬁcare
2027 2449 2115 2504 "z

541 2564 561 2599 ι
603 2530 714 2616 Ego
736 2544 1005 2611 occidam,
1056 2562 1075 2597 ι
1132 2552 1295 2613 atque
1329 2542 1459 2597 illud
1491 2558 1505 2597 :
1543 2559 1568 2593 ι
1604 2539 1669 2595 Et
1698 2555 1798 2611 ego
1825 2541 2006 2597 vivere
2038 2541 2118 2597 fa-

537 2636 713 2702 ciam;
751 2654 770 2688 ι
826 2637 953 2691 item
996 2635 1232 2691 ethoc:
1278 2650 1297 2685 ι
1349 2633 1687 2700 Percutiam;
1728 2652 1746 2685 ι
1787 2634 1928 2689 haud
1958 2648 2117 2689 secus

538 2745 604 2785 ac
634 2747 650 2783 :
678 2748 699 2782 ι
742 2729 806 2784 Et
844 2744 944 2802 ego
993 2729 1218 2783 sanabo.
1272 2747 1293 2780 ι
1326 2725 1483 2794 Quod
1517 2728 1562 2784 si
1610 2728 1815 2783 doloris
1851 2728 1940 2783 ille
1978 2742 2116 2782 non-

537 2828 1038 2894 nunquam’auctor
1077 2832 1178 2886 est,
1226 2820 1510 2876 sciendum
1543 2829 1626 2877 est
1676 2820 1947 2876 medicum
1977 2835 2116 2892 quo-

536 2932 644 2986 que
674 2930 815 2985 saepe
851 2913 1055 2969 doloris
1090 2922 1366 2968 auctorem
1401 2928 1522 2968 esse
1542 2913 1588 2945 ’θ
1623 2931 1636 2966 :
1670 2921 1728 2966 at
1758 2911 1999 2967 dolorem
2032 2911 2115 2966 in-

535 3010 748 3063 cutiens
776 3007 938 3071 Deus,
969 3022 1165 3061 rursus
1195 3004 1418 3061 sanitati
1459 3005 1732 3073 restituit;
1777 3004 1849 3059 ita
1896 3013 1952 3060 et
1976 3019 2113 3074 quos

534 3101 822 3170 percussit,
875 3099 1119 3155 bonitate
1163 3112 1270 3154 sua
1310 3098 1581 3154 adductus
1620 3098 1911 3168 percussit.
1962 3097 2153 3164 Quos-

2221 1987 2319 2060 τῆς
2343 1988 2677 2060 ἀγαθότητος
2710 1988 2875 2042 αὑτοῦ
2910 1991 3034 2042 πνεῖ
3062 1989 3156 2043 καὶ
3194 1989 3262 2043 τὰ
3297 1988 3373 2061 μὴ
3402 1988 3680 2059 νοούμενα
3700 1984 3796 2039 ὑπὸ

2218 2078 2327 2132 τῶν
2355 2080 2479 2133 ὅσον
2512 2081 2597 2149 ἐφ’
2623 2080 2837 2144 ἑαυτοῖς
2865 2079 3343 2149 συκοφαντούντων
3378 2080 3470 2134 τὸν
3513 2078 3616 2133 τοῦ
3640 2078 3793 2149 νόμον

2219 2168 2351 2225 Θεὸν
2375 2170 2509 2244 (56),
2561 2171 2656 2226 καὶ
2707 2172 3155 2246 κατηγορούντων
3196 2169 3359 2227 αὑτοῦ
3408 2172 3446 2228 ἃ
3495 2174 3625 2227 οὐδὲ
3677 2170 3794 2243 περὶ

2218 2262 2506 2335 ἀνθρώπου
2532 2265 2737 2336 ταχέως
2764 2265 2873 2336 (57)
2903 2265 3080 2334 λέγειν
3105 2264 3326 2319 εὔκολόν
3354 2267 3473 2320 ἐστι
3494 2282 3509 2295 ·
3541 2264 3793 2335 πείθομαι

2217 2354 2327 2426 γὰρ
2357 2352 2492 2409 Θεοῦ
2523 2355 2859 2429 ἀγαθότητος
2907 2360 3063 2412 πνεῖν
3122 2358 3219 2412 καὶ
3263 2357 3359 2411 τό·
3404 2376 3423 2410 ‹
3472 2355 3619 2427 Ἐγὼ
3666 2359 3791 2411 ἁπο-

2218 2444 2411 2514 κτενῶ,
2437 2467 2456 2501 ι
2487 2448 2587 2503 οὐκ
2609 2443 2828 2504 ἔλαττον
2844 2450 2958 2504 τοῦ·
2982 2470 3001 2503 ι
3024 2451 3134 2505 Καὶ
3155 2449 3254 2522 ζῇν
3286 2450 3520 2523 ποιήσω⁸
3545 2470 3563 2502 ι
3592 2450 3787 2521 ὁμοίως

2215 2538 2272 2593 δὲ
2304 2540 2399 2593 καὶ
2430 2539 2519 2593 τό*
2567 2560 2586 2593 c
2618 2540 2871 2608 Πατάξω,
2913 2560 2933 2594 ι
2967 2542 3064 2613 ούχ
3090 2537 3251 2615 ἦττον
3282 2540 3376 2595 τοῦ
3398 2558 3412 2572 ·
3463 2559 3484 2592 ι
3521 2539 3695 2610 Κάγὼ
3716 2539 3788 2593 ξά-

2218 2648 2402 2704 σομαι.
2449 2652 2467 2685 ι
2514 2634 2577 2687 Ei
2610 2633 2668 2687 δὲ
2708 2635 2801 2688 καὶ
2848 2634 3012 2699 αὐτὸς
3057 2634 3243 2703 ἀλγεῖν
3278 2634 3443 2700 ποιεῖ,
3497 2633 3672 2687 ἰστέον
3710 2632 3787 2684 im

2215 2724 2472 2790 πολλάκις
2498 2725 2593 2780 καὶ
2621 2725 2804 2797 ἰατρὸς
2834 2724 3020 2795 ἀλγεῖν
3054 2729 3215 2779 ποιεῖ·
3246 2728 3478 2799 ποιήσας
3514 2724 3572 2778 δὲ
3590 2724 3774 2792 ἀλγεῖν

2212 2819 2242 2872 ὁ
2274 2819 2425 2885 Θεὸς,
2464 2819 2625 2874 πάλιν
2653 2817 3107 2893 ἀποκαθίστησιψ
3153 2817 3295 2871 οὕτω
3318 2817 3375 2870 δὲ
3401 2817 3499 2871 καὶ
3528 2816 3633 2869 ἀπὸ
3654 2816 3783 2883 ἁγαο

2215 2909 2459 2983 θότητος,
2488 2906 2582 2974 οὓς
2612 2909 2859 2974 ἔπαισεν,
2892 2909 3134 2963 ἐπαισεψ
3171 2926 3191 2960 ι
3236 2908 3323 2971 Ὠς
3360 2907 3472 2980 γὰρ
3502 2908 3629 2970 υἱοῖς
3676 2906 3780 2967 τοῖς

2214 3002 2630 3075 παιδευομένοις
2659 3000 3029 3075 προσφέρεται
3069 3002 3097 3053 6
3135 3000 3265 3064 Θεὸς
3286 3016 3301 3030 ’
3332 2999 3416 3062 τίς
3458 2999 3563 3072 γὰρ
3591 2999 3701 3062 υίὸς
3723 2998 3777 3051 ὃν

2210 3093 2274 3149 οὐ
2294 3093 2541 3149 παιδεύει
2569 3095 2788 3166 πατήρ;
2824 3112 2843 3145 ι
2882 3091 3045 3146 Ἀλλὰ
3072 3092 3166 3146 καὶ
3193 3109 3211 3143 ι
3235 3093 3385 3144 πᾶσα
3414 3090 3627 3145 παιδεία
3646 3090 3776 3161 πρὸς

530 3193 678 3246 enim
708 3191 931 3262 corripit
956 3208 969 3245 :
994 3208 1014 3242 ι
1043 3188 1327 3258 Tanquam
1355 3187 1481 3244 filiis
1511 3204 1569 3244 se
1594 3188 1753 3243 offert
1786 3187 1960 3254 Deus;
1987 3188 2113 3260 quis

2221 3185 2272 3239 τὸ
2301 3186 2473 3258 παρὸν
2503 3187 2564 3240 ού
2603 3186 2751 3240 δοκεῖ
2779 3186 2953 3256 χαρᾶς
2979 3180 3142 3249 εἶναι,
3182 3183 3321 3238 ἀλλὰ
3343 3174 3543 3254 λύπης·
3566 3182 3775 3255 ὕστερον

530 3286 677 3339 enim
710 3285 853 3339 ﬁlius
878 3298 1040 3354 quem
1074 3296 1184 3337 non
1214 3281 1441 3351 corripit
1470 3280 1698 3351 pater?)
1718 3278 1922 3335 Verum
1944 3297 1963 3332 ι
1989 3294 2110 3336 om-

2221 3278 2270 3333 Βὲ
2303 3279 2513 3353 καρπὸ)
2548 3278 2823 3353 εἰρηνικὸν
2854 3281 2967 3343 τοῖς
3009 3278 3076 3333 δι’
3111 3278 3279 3349 αὐτῆς
3320 3276 3773 3348 γεγυμνασμένοις

533 3378 619 3431 nis
646 3375 933 3446 disciplina
970 3375 1024 3429 in
1056 3373 1312 3444 praesenti
1353 3372 1571 3444 quidem
1605 3370 1822 3427 videtur
1850 3387 1954 3427 non
1985 3388 2108 3429 esse

531 3461 695 3534 367
731 3461 933 3533 gaudii.
964 3461 1058 3517 sed
1085 3461 1341 3517 maroris
1374 3480 1389 3515 :
1426 3469 1611 3530 postea
1654 3468 1836 3516 autem
1869 3461 2106 3518 fructum

532 3556 939 3623 pacatissimum
966 3552 1276 3608 exercitatis
1297 3566 1390 3622 per
1405 3566 1528 3607 eam
1555 3551 1731 3608 reddit
1747 3552 1973 3621 justitiae
2002 3553 2103 3610 ³⁸.»

531 3644 741 3700 Idcirco
764 3645 1223 3714 quemadmodum
1251 3644 1517 3716 percussit
1547 3642 1711 3713 Deus,
1756 3645 1829 3701 ita
1865 3657 1918 3701 et
1945 3662 2108 3702 sana-

2211 3371 2502 3427 ἀποδίδωσι
2525 3372 2889 3445 δικαιοσύνης.
2926 3390 2945 3424 ι
2982 3370 3184 3443 Διόπερ
3207 3370 3282 3434 ὡς
3305 3369 3532 3425 ἔπαισεν
3572 3372 3600 3425 6
3627 3370 3768 3434 Θεὸς,

2212 3460 2387 3526 οὕτως
2428 3463 2522 3517 καὶ
2567 3463 2774 3517 ίάσατο’
2818 3460 3014 3532 ἀληθὲς
3053 3460 3162 3531 γὰρ
3201 3458 3288 3513 τό·
3339 3477 3358 3510 ι
3400 3457 3645 3521 Ἐπαισε,
3680 3456 3770 3511 καὶ

2213 3555 2269 3608 αί
2318 3556 2499 3625 χεῖρες
2540 3552 2705 3608 αὑτοῦ
2752 3552 2990 3607 ίάσαντο.
3021 3569 3039 3602 ι
3076 3552 3139 3605 Et
3174 3551 3269 3604 καὶ
3303 3550 3602 3622 παράδοξον
3628 3549 3678 3601 δὲ
3711 3545 3767 3598 τὸ

2211 3646 2627 3720 λεχθησόμενον,
2661 3648 2811 3717 ὅμως
2837 3645 3177 3718 λεχθήσεται.
3233 3642 3468 3711 ’Δγαθοῦ
3498 3641 3627 3696 Θεοῦ
3661 3643 3767 3694 ὀνο-

528 3737 640 3803 vit;
666 3753 851 3791 verum
885 3738 1029 3792 enim
1062 3737 1195 3794 illud
1229 3746 1314 3794 est
1335 3737 1380 3768 “
1409 3753 1422 3793 :
1454 3754 1473 3790 ι
1504 3735 1800 3804 Percussit,
1827 3747 1881 3793 et
1912 3754 2106 3796 manus

2221 3739 2522 3812 μαξάμενος
2550 3738 2721 3810 θυμὸς
2752 3738 2912 3810 ἔργον
2947 3736 3210 3808 σωτήριον
3235 3738 3383 3788 ποιεῖ
3409 3734 3655 3806 ἐλέγχων,
3679 3730 3765 3785 καὶ

531 3830 651 3900 ejus
678 3838 1024 3886 sanaverunt.
1065 3848 1084 3884 ι
1123 3830 1194 3886 At
1217 3831 1468 3902 quamvis
1496 3838 1689 3901 prater
1718 3832 1960 3886 omnium
1989 3832 2109 3902 Opi-

2221 3834 2248 3904 η
2293 3830 2559 3903 λεγομένη
2609 3831 2749 3903 ὀργὴ
2790 3829 2979 3894 αὑτοῦ,
3023 3830 3144 3883 ἐπεί
3188 3831 3337 3883 ἐστιν
3376 3828 3577 3899 ἀγαθοῦ
3620 3828 3761 3893 Θεοῦ,

531 3921 751 3976 nionem
778 3921 849 3978 sit
877 3922 1024 3993 quod
1077 3922 1311 3991 dicetur,
1343 3922 1557 3978 dicetur
1598 3930 1814 3988 tamen;
1849 3922 1977 3978 boni
2010 3922 2105 3978 Dei

2221 3924 2478 3979 παιδεύει.
2514 3923 2692 3979 Πολλὰ
2721 3924 2766 3979 δ’
2805 3923 2872 3979 ἂν
2904 3923 3113 3993 λέγοιτο
3144 3923 3279 3997 πρὸς
3303 3922 3432 3987 τοὺς
3459 3921 3763 3995 δυναμένους

1735 4038 1970 4097 VETUS
2003 4041 2587 4103 INTERPRETATIO.

527 4168 712 4282 specto
746 4157 1159 4285 Deihéluantum
1189 4162 1258 4218 ad
1286 4162 1750 4288 coirliptarationem
1792 4160 2054 4218 bonitatis
2082 4160 2248 4231 illius,
2282 4163 2534 4235 quamvis
2575 4169 2843 4235 quantum
2869 4160 2939 4218 ad
2968 4160 3438 4233 comparationem
3467 4169 3758 4216 ceterorum

550 4246 814 4284 nominum
922 4247 1025 4286 nus
1053 4248 1178 4288 (IIIIS
1217 4248 1352 4288 anne
1399 4250 1427 4288 e
1456 4249 1540 4288 αι’.

550 4246 814 4284 1011111111111
850 4243 1025 4286 ῡοιιιιε
1053 4248 1178 4289 (IIIIS
1217 4243 1540 4289 appelletur.

568 4248 814 4284 ominum
850 4248 1025 4286 nonus
1053 4248 1178 4298 quis
1217 4248 1540 4303 appelletur.

561 4370 571 4380 _
601 4300 690 4385 l.
727 4298 920 4385 Dicere
951 4310 1132 4385 autem
1158 4303 1525 4385 poteritquis,
1555 4304 1817 4385 quoniam
1856 4302 2037 4385 sciens
2067 4302 2728 4385 Dominus.proposi_tum_
2748 4301 3307 4385 interrogantissatis
3342 4300 3633 4385 abesse.“
3654 4295 3757 4385 fs-

525 4370 635 4424 ciat
658 4370 743 4424 vel
766 4371 1065 4448 humanum
1100 4369 1325 4448 bonum,
1361 4369 1508 4448 dixit
1546 4369 1596 4428 ei
1631 4373 1991 4448 interroganti
2024 4391 2039 4427 :
2088 4392 2120 4448 ι
2149 4373 2290 4439 Quid
2331 4369 2479 4448 boni'
2496 4373 2729 4448 faciam?
2772 4372 2912 4448 Quid
2961 4369 3052 4427 ine
3086 4374 3393 4448 interrogas
3423 4373 3495 4427 de
3542 4369 3754 4448 honolg

525 4441 856 4514 tanquamsi
892 4442 1037 4496 dicat
1066 4460 1079 4496 :
1115 4442 1251 4498 Cum
1279 4445 1356 4498 sis
1397 4445 1696 4514 imparatus
1724 4444 1790 4498 ad
1819 4440 1883 4498 ea
1920 4459 2042 4513 qua:
2070 4444 2327 4500 dicuntur
2364 4446 2530 4509 bona,
2564 4442 2699 4514 quid
2745 4459 2832 4498 me
2864 4444 3167 4514 interrogas
3195 4443 3263 4497 de
3294 4440 3460 4508 bono,
3487 4441 3611 4512 quid
3648 4440 3756 4514 boni

524 4508 731 4585 faciens
768 4511 934 4585 vitam
976 4521 1233 4585 aeternam
1260 4508 1567 4584 posside'bis
1594 4532 1608 4568 :
1632 4523 1688 4570 et
1719 4514 1799 4570 sic
1826 4508 2269 4585 docétquoniam
2291 4530 2418 4570 vere
2448 4508 2596 4570 unus
2617 4522 2700 4570 est
2726 4515 2926 4569 bonus.
2963 4508 3267 4585 Considera
3297 4522 3481 4585 autem
3504 4508 3755 4582 quomodo

532 4579 829 4655 bonitatem
861 4580 982 4650 ejus
1003 4582 1189 4639 omnia
1219 4579 1440 4653 sperant
1466 4585 1631 4655 etiam
1678 4599 1744 4638 ea
1775 4600 1899 4655 quae
1917 4579 2170 4640 videntur
2198 4585 2472 4641 contraria
2507 4600 2629 4640 esse
2654 4602 2668 4639 :
2694 4584 2856 4654 quale
2881 4592 2964 4639 est
2991 4604 3021 4655 :7
3042 4603 3060 4635 ι
3101 4582 3217 4655 Ego
3254 4579 3637 4655 percutiam,et
3673 4592 3755 4655 ego

535 4650 781 4728 occidam
804 4667 820 4710 ;
853 4669 872 4701 ι
900 4665 1008 4728 non
1035 4656 1217 4709 minus
1242 4650 1407 4728 quam
1433 4654 1581 4728 quod
1603 4655 1734 4711 dicit
1768 4650 1834 4728 εξ(
1860 4654 1927 4728 Et
1956 4657 2140 4728 vivere
2160 4656 2376 4728 faciam,
2401 4665 2455 4711 et
2473 4671 2574 4728 ego
2602 4650 2865 4728 sanaboa
2889 4655 2961 4728 _Et
2981 4654 3028 4709 si
3056 4650 3171 4728 ipse
3194 4650 3327 4708 facit
3352 4653 3615 4728 dolorem,
3636 4651 3754 4728 scire

524 4718 786 4794 debemus
812 4720 1065 4794 quoniam
1089 4732 1144 4776 et
1172 4718 1417 4779 medicus
1442 4718 1757 4794 frequenter
1787 4724 1920 4780 facit
1949 4726 2218 4782 dolorem.
2254 4718 2486 4783 Fac'iens
2506 4718 2668 4780 ver-im
2696 4723 2845 4781 Deus
2872 4718 3116 4780 dolorem
3148 4724 3342 4779 iterum
3386 4724 3633 4779 restituit.
3667 4720 3753 4794 ῥίς

522 4796 578 4873 et
603 4803 672 4843 ex
700 4790 942 4873 bonitate
962 4805 1115 4873 quos
1139 4794 1393 4873 percutit,
1422 4789 1659 4865 percutit
1682 4796 1861 4873 quasi
1894 4795 2058 4852 filios.
2096 4815 2116 4850 ι
2141 4796 2290 4873 Quis
2317 4798 2464 4873 enim
2492 4804 2581 4873 est
2604 4795 2750 4851 filius
2798 4810 2961 4873 quem
2997 4810 3107 4849 non
3143 4794 3369 4873 corripit
3401 4805 3551 4873 pater
3566 4794 3640 4873 31
3663 4789 3751 4845 Sed

521 4867 578 4913 et
601 4875 620 4939 ε
642 4861 824 4939 9mni_s
841 4861 1128 4939 disciplina
1144 4861 1224 4919 ad
1247 4861 1486 4939 praesens
1513 4879 1623 4919 non
1643 4861 1858 4939 videtur
1872 4881 1993 4922 esse
2016 4861 2222 4939 gaudii,
2249 4869 2343 4924 sed
2360 4867 2615 4939 mmrgris
2639 4884 2655 4923 :
2678 4861 3023 4939 postmodum
3042 4873 3222 4939 autem
3237 4861 3476 4921 fructdm
3500 4863 3749 4939 pacilich

522 4929 716 5015 reddet
752 4931 833 4985 eis
861 4930 959 5015 qui
979 4927 1073 5001 per
1100 4946 1222 5015 eam
1247 4927 1639 5015 esercitantur.
1674 4953 1693 4987 ι
1721 4927 2045 5007 Propterea:
2078 4927 2225 5015 sicu_t
2243 4940 2480 5015 percutit
2511 4927 2787 5015 Deus,_'sic
2817 4945 2873 4991 et
2905 4943 3086 5015 sanat.
3117 4933 3317 5015 Verum
3346 4944 3433 5015 est
3464 4927 3605 4990 enim
3624 4927 3750 5015 quod

521 5001 824 5077 scribi-tur:
862 5019 881 5053 ι
918 5000 1215 5077 Percussit,
1246 5013 1302 5060 et
1335 5020 1532 5077 manus
1578 5006 1698 5077 ejus
1728 5000 2082 5064 sanaverunt.
2130 5028 2150 5062 ι
2185 5000 2260 5064 Εἰ
2288 5009 2335 5065 si
2366 5022 2569 5066 novum
2593 5000 2809 5062 videtur
2845 5005 2989 5077 quod
3015 5004 3198 5061 dicere
3223 5005 3370 5073 volo,
3397 5014 3576 5060 tamen
3596 5000 3749 5077 dico:

516 5069 775 5159 Bonipei
803 5080 899 5159 est;
916 5072 1032 5159 ipse
1064 5069 1285 5159 quoque
1304 5077 1416 5159 .qu
1435 5069 1643 5159 .dicitu'r
1671 5075 1827 5159 furor
1861 5078 1981 5147 ejus
2013 5096 2033 5159 _:
2078 5081 2359 5159 quoniam.
2379 5095 2521 5150 opus
2552 5069 3029 5159 salutisope'ratpr
3057 5090 3295 5159 arguens
3322 5069 3748 5159 {etqugdiritur

517 5146 598 5200 ira
632 5143 775 5222 ejus,
800 5142 1060 5222 quoniam
1082 5142 1171 5201 est
1193 5142 1321 5201 boni
1339 5142 1473 5222 'Dei,
1495 5148 1725 5222 corripit
1741 5157 1807 5222 ut
1832 5142 2113 5222 emendet;
2140 5149 2207 5205 Et
2232 5142 2434 5222 inulta"
2453 5142 2833 5222 possunt‘dici
2863 5146 2932 5202 de
2955 5142 3201 5222 bonitate
3223 5142 3344 5215 ejus
3364 5145 3448 5222 ad
3462 5142 3747 5201 aedificatio-

517 5231 640 5271 nem
671 5214 979 5282 hominum,
1007 5224 1067 5270 ut
1090 5230 1200 5272 non
1222 5217 1621 5274 conturbentur
1646 5214 1715 5274 de
1741 5218 1981 5274 bonitate
2005 5220 2199 5290 ipsius.
2229 5220 2397 5277 Multa
2425 5214 2571 5276 e'nim
2597 5216 3063 5290 justeeabscondit
3088 5231 3118 5270 a
3165 5214 3488 5273 timentibus
3517 5223 3752 5283 senum.-

2653 5332 2828 5392 η’]οῢ
2892 5351 2950 5401 v,
2983 5333 3072 5390 18.
3178 5333 3223 5379 υ
3250 5331 3416 5389 Hebr.
3474 5349 3574 5398 xu,
3604 5329 3651 5398 7,
3682 5328 3748 5383 “-

624 5336 667 5407 "_
691 5332 886 5407 Matth.
924 5347 1039 5404 xxx,
1071 5334 1160 5404 16,
1206 5335 1294 5392 17.
1406 5335 1451 5370 ⁸⁸
1476 5334 1635 5393 Deut.
1678 5354 1757 5407 Vl,
1804 5338 1860 5394 4.
1968 5329 2011 5373 ¹⁹
2037 5338 2120 5397 Dei

2243 5356 2421 5407 χχχιι,
2450 5339 2541 5396 59.

516 5403 564 5436 ³³
587 5402 690 5460 Job
715 5421 768 5474 v,
795 5403 888 5461 f8.

591 5537 848 5616 (3911134‘
875 5539 947 5609 ὃς
973 5542 1144 5616 πρός,
1173 5549 1278 5597 etc.
1316 5539 1395 5596 Ita
1434 5541 1500 5616 ad
1542 5556 1694 5616 oram
1729 5540 1894 5616 habet
1922 5541 2091 5616 codex

2276 5544 2387 5616 (56)
2414 5546 2964 5616 Συκοφαντούντων
2994 5545 3102 5600 τὸν
3138 5543 3246 5599 τοῦ
3277 5544 3469 5614 νόμον
3681 5535 3754 5594 Si-

518 5610 874 5709 Anglicanus,
901 5622 962 5671 at
993 5612 1052 5667 in
1086 5620 1367 5677 contextu,
1402 5612 1511 5676 πᾶς
1549 5614 1599 5672 ὁ,
1632 5612 2092 5677 αιιεωύιιιοιιυιῐι
2205 5610 2593 5709 inoiiianornm'
2632 5617 2914 5684 videlicet,
2966 5610 3467 5673 Saturnilianoium
3517 5613 3746 5668 aliorum-

517 5679 949 5829 ἶιέἓξηὶἕῦῥέδς
991 5753 1410 5829 ἐστικρρυιετ.
1453 5769 1539 5829 γι,
1567 5752 1633 5818 4,
1852 5752 2056 5808 habent
2083 5770 2095 5806 :

2221 5685 2678 5828 Ιυῗέῦυἲαχέως.
2703 5758 2888 5816 Codex
2910 5722 3110 5829 Regius
3137 5756 3296 5827 τάχα,
3328 5770 3439 5811 ιιοιι
3468 5754 3624 5810 male.

518 5816 719 5892 Κύριος
742 5816 833 5887 εἷς
855 5816 990 5892 ἐστι,
1019 5816 1086 5883 et
1105 5824 1375 5882 editiones
1407 5816 1694 5881 universae.
1728 5823 1988 5880 llusrius.

1406 5335 1451 5370 ⁸⁸
1476 5334 1635 5393 Deut.
1678 5354 1757 5407 Vl,
1804 5338 1860 5394 4.
