3954 6604
254 336 399 402 1Ξ85

1220 350 1575 409 COMMENT.
1616 351 1683 407 IN
1722 340 2138 411 MATTHEUM
2178 351 2419 414 TOMUS
2448 354 2564 414 XV.

3368 366 3409 431 ,1
3419 364 3527 423 286

252 463 330 536 μῆ
358 462 691 535 βλάπτεσθαι
718 467 846 539 περὶ
875 467 1211 541 ἀγαθότητος
1236 471 1395 538 Θεοῦ,
1417 473 1511 527 καὶ
1542 492 1560 525 ι
1584 471 1677 526 τοῦ
1702 472 1824 544 πλή-

1939 471 2111 542 furor,
2171 475 2252 530 uti
2304 477 2468 547 vulgo
2493 477 2817 548 appellatur,
2866 494 2983 535 rem
3023 479 3155 539 facit
3203 483 3523 553 salutarem,

247 555 376 620 θους
402 557 503 629 τῆς
534 558 900 630 χρηστότητος
937 561 1124 629 αὐτοῦ,
1163 582 1181 616 ι
1212 565 1277 634 ἥν
1301 564 1538 634 εὐλόγως
1580 584 1597 616 ι
1635 564 1824 639 ἔκρυψε

1945 579 2069 619 cuni
2094 565 2321 637 corripit
2346 584 2360 621 :
2390 579 2442 622 et
2468 584 2590 638 quas
2618 568 2791 638 ipsius
2814 568 2895 623 ira
2921 569 3142 638 dicitur,
3176 576 3527 647 quandoqui-

245 651 363 714 τοῖς
397 650 753 723 φοϐουμένοις
770 653 952 718 αὐτὸν,
980 655 1066 710 ἵνα
1092 656 1165 727 μὴ
1198 655 1291 711 τοῦ
1325 657 1552 712 πλούτου
1582 660 1679 729 τῆς
1704 676 1838 731 χρη-

247 741 514 811 στότητος
538 741 726 810 αὑτοῦ,
750 744 843 797 καὶ
859 744 956 815 τῆς
974 746 1196 816 ἀνοχῆς,
1219 762 1311 800 και
1337 747 1436 818 τῆς
1455 748 1839 820 μακροθυμίας

242 836 781 908 καταφρονήσαντες,
817 836 958 891 κατὰ
988 837 1083 910 τὴν
1104 839 1310 892 ἑαυτῶν
1334 839 1698 912 σκληρότητα,
1734 843 1828 895 καὶ

242 926 621 999 ἀμετανόητον
672 927 898 999 καρδίαν
942 928 1348 1002 θησαυρίσωσιν
1400 932 1613 995 ἑαυτοῖς
1659 933 1828 1005 ὀργὴν

242 1019 498 1087 πλείονα,
535 1040 554 1073 ι
581 1021 647 1091 ἢν
673 1020 773 1074 οὐκ
817 1021 882 1074 ἂν
913 1020 1273 1095 ἐθησαύριζον
1315 1024 1692 1096 κρυπτομένου
1738 1024 1828 1078 τοῦ

240 1110 486 1184 πλήθους
521 1111 622 1183 τῆς
647 1115 1018 1186 χρηστότητος
1049 1115 1142 1170 τοῦ
1168 1114 1303 1169 Θεοῦ
1329 1116 1534 1180 αὐτοῖς.
1563 1117 1700 1188 Περὶ
1733 1117 1831 1187 μὲν

236 1200 343 1258 οὖν
365 1204 458 1258 τοῦ
478 1222 493 1235 ·
530 1225 549 1257 ι
590 1206 685 1270 Τίς
710 1209 738 1260 6
761 1207 984 1277 ἀγαθὸς,
1016 1229 1033 1260 ι
1062 1209 1155 1263 καὶ
1179 1208 1316 1281 πρὸς
1337 1209 1427 1262 τό·
1467 1228 1485 1261 ι
1530 1209 1595 1261 Τί
1626 1207 1831 1277 ἀγαθὸν

238 1302 494 1371 ποιήσως
522 1320 539 1352 ι
578 1300 815 1373 λελέχθω
836 1301 872 1356 ἃ
901 1301 1238 1373 δεδυνήμεθα
1262 1303 1343 1365 είς
1363 1301 1453 1355 τὸν
1480 1302 1644 1355 τόπον
1679 1300 1828 1355 ἰδεῖν.

1945 652 2067 709 dem
2103 655 2230 710 boni
2277 654 2374 711 Dei
2419 665 2523 723 est,
2569 658 2637 712 ad
2685 659 3121 717 emendationem
3158 666 3405 737 castigat.
3447 668 3527 722 Ac

1944 748 2116 804 multa
2154 748 2374 819 quidem
2408 750 2476 806 iis
2509 766 2648 820 quos
2696 766 2760 807 ea
2797 768 2888 809 res
2926 755 3151 810 minime
3205 757 3523 829 oﬂ‘enderet,

1936 838 2003 893 de
2054 838 2297 896 bonitate
2340 839 2435 896 Dei
2491 842 2600 898 dici
2640 853 2880 914 possent,
2923 854 2979 900 et
3016 847 3083 902 de
3120 865 3140 899 ι
3177 849 3527 905 multitudine

1935 929 2241 995 dulcedinis
2265 931 2519 1001 ipsius",
2556 952 2576 986 ι
2608 950 2773 1005 quam
2804 953 2914 991 non
2956 938 3072 1000 sine
3101 940 3312 995 ratione
3343 959 3363 992 ι
3401 944 3528 999 abs-

1935 1024 2123 1079 condit
2182 1024 2501 1080 timentibus
2525 1041 2604 1093 se,
2633 1040 2701 1081 ne
2726 1027 2931 1084 divitiis
2958 1028 3219 1085 bonitatis
3244 1029 3363 1101 ejus
3396 1047 3527 1087 eon-
3572 1104 3575 1105 ν

1936 1116 2180 1187 templis,
2211 1126 2266 1171 et
2308 1116 2590 1186 patientia,
2655 1128 2710 1173 et
2758 1120 3172 1190 longanimitate
3223 1126 3524 1178 secundum

1938 1209 2197 1263 duritiam
2247 1224 2404 1263 suam
2463 1218 2519 1263 et
2569 1209 2918 1280 impaznitens
2970 1227 3095 1278 cor,
3153 1214 3526 1271 tbesaurizent

1941 1299 2046 1356 sibi
2072 1300 2334 1370 majorem
2365 1299 2504 1355 iram
2531 1303 2574 1336 ²⁸
2596 1320 2796 1375 squam
2820 1302 3156 1360 absconditis
3182 1306 3286 1360 sibi
3316 1307 3522 1363 divitiis

240 1395 511 1452 bonitatis
559 1396 686 1464 Dei,
743 1398 971 1454 minime
1031 1398 1518 1455 thesaurizasscnt.
1560 1396 1640 1453 Ad
1688 1397 1830 1453 hanc
1867 1411 1997 1467 ergo
2039 1395 2424 1467 quaestionem,
2483 1397 2736 1467 quisnam
2786 1398 2967 1455 bonus
3018 1400 3122 1467 sit,
3168 1410 3283 1456 tum
3346 1401 3414 1456 ad
3463 1403 3525 1458 il-

237 1493 340 1549 lud
374 1513 389 1549 :
437 1513 454 1546 ι
493 1493 631 1561 Quid
674 1495 801 1550 boni
842 1494 1073 1551 faciam?
1115 1515 1133 1549 ι
1178 1512 1241 1553 ea
1278 1512 1308 1551 a
1344 1496 1500 1551 nobis
1545 1495 1688 1551 dicta
1721 1493 1830 1550 sint
1864 1508 1986 1565 quae
2010 1508 2175 1563 super
2204 1493 2308 1547 hoc
2336 1492 2458 1547 loco
2484 1494 2795 1565 excogitare
2824 1495 3124 1566 powimus.

329 1589 488 1663 Ἑξῆς
523 1591 580 1645 δέ
628 1593 744 1645 ἐστι
778 1591 1053 1665 θεωρῆσαι
1093 1592 1211 1658 πῶς
1243 1594 1456 1665 εἴρηται
1490 1592 1582 1645 τό·
1627 1610 1646 1643 ι
1676 1592 1739 1645 El
1772 1590 1829 1643 δὲ

2010 1587 2100 1644 l2.
2140 1587 2405 1658 Deinceps
2432 1604 2561 1644 vero
2591 1589 2724 1645 illud
2754 1590 3144 1661 disputandum
3172 1596 3338 1658 venit,
3365 1611 3518 1665 qua:-

236 1681 423 1747 θέλεις
451 1685 529 1747 εἰς
561 1685 660 1757 τὴν
692 1684 835 1757 ζωὴν
862 1685 1397 1757 είσελθεῖν,τήρησον
1427 1684 1526 1749 τὰς
1555 1682 1824 1747 ὲντολὰς,›

1939 1697 2065 1738 nam
2099 1682 2172 1738 sit
2210 1681 2406 1737 borum
2437 1683 2709 1740 sententia
2735 1699 2748 1736 :
2786 1702 2804 1735 ι
2836 1683 2893 1739 Si
2921 1694 3102 1740 autem
3140 1687 3221 1741 vis
3251 1687 3316 1741 ad
3347 1692 3514 1744 vitam

233 1774 301 1828 ἐν
334 1769 380 1844 ᾧ
409 1764 646 1849 πρόσχες
669 1820 684 1845 ,
720 1778 801 1832 ὅτι
829 1778 905 1842 ὡς
939 1776 1044 1844 ἔξω
1071 1779 1170 1849 τῆς
1200 1777 1346 1850 ζωῆς
1388 1778 1469 1832 ἔτι
1510 1777 1824 1848 τυγχάνοντι

1934 1771 2177 1852 ingredi,
2211 1787 2365 1827 serva
2403 1775 2658 1827 mandata
2675 1773 2756 1838 ",
2788 1792 2806 1825 ι
2843 1774 2897 1829 in
2928 1775 3126 1845 quibus
3158 1776 3209 1830 id
3244 1778 3475 1833 observa
3498 1819 3514 1845 ,

234 1863 322 1935 τῷ
361 1865 742 1939 πυνθανομένῳ
777 1868 905 1943 περὶ
933 1866 1029 1921 τοῦ
1061 1867 1268 1938 ἀγαθοῦ
1313 1885 1447 1940 φησι
1475 1868 1536 1922 τό
1555 1886 1567 1898 ·
1608 1887 1624 1918 ι
1653 1869 1716 1921 Εἰ
1745 1867 1833 1921 θέ-

234 1956 364 2021 λεις
386 1960 466 2021 είς
485 1959 583 2031 τὴν
602 1960 744 2032 ζωὴν
774 1960 1055 2015 εἰσελθεῖν.
1073 1982 1091 2015 ι
1124 1961 1293 2016 Ἔνθα
1310 1961 1373 2033 δὴ
1404 1961 1684 2033 apes-sxa);
1713 1962 1830 2014 ἐστι

236 2047 438 2118 νοῆσαι
462 2046 573 2121 (58)
606 2049 686 2115 τὸ,
715 2050 818 2117 ἔξω
846 2052 943 2122 τῆς
973 2051 1117 2123 ζωῆς
1149 2046 1309 2114 εἶναι,
1337 2053 1432 2105 καὶ
1458 2050 1540 2115 τὸ,
1570 2051 1829 2105 εἰσελθεῖν

233 2142 323 2205 εἰς
362 2141 457 2212 τὴν
495 2141 663 2214 ζωήν.
696 2144 921 2213 Μήποτε
964 2139 1058 2198 οῦν
1089 2143 1213 2198 καθ’
1237 2144 1337 2199 ’ἐνα
1369 2144 1468 2215 μὲν
1494 2144 1696 2216 τρόπον
1726 2143 1830 2208 ἔξω

222 2233 342 2304 ,τῆς
368 2231 513 2304 ζωῆς
535 2235 682 2287 ἐστιν
703 2236 731 2288 ὁ
758 2234 862 2300 ἔξω
887 2236 1171 2307 τυγχάνων
1198 2237 1292 2290 τοῦ
1321 2236 1564 2300 εἰπόντος
1584 2254 1596 2266 ·
1627 2256 1645 2288 ι
1690 2236 1829 2307 Ἐγώ

232 2327 359 2397 είμι
392 2329 427 2398 ἡ
596 2367 611 2391 ,
647 2347 665 2380 ι
711 2329 804 2383 καὶ
834 2328 1112 2401 ἀλλότριος
1140 2328 1215 2383 ὣν
1254 2328 1449 2384 αὐτοῦ·
1489 2329 1610 2384 καθ’
1643 2330 1829 2402 ἕτερον

231 2420 293 2481 δὲ
326 2421 438 2483 πᾶς
476 2423 504 2473 6
534 2423 626 2475 ἐπὶ
656 2422 799 2494 γῆς,
842 2422 946 2476 κᾶν
977 2423 1317 2487 δικαιότατος
1349 2417 1417 2497 ᾖ,
1456 2423 1682 2478 δύναται
1730 2425 1828 2496 μὲν

152 2550 157 2553 -
233 2507 381 2565 εἶναι
419 2513 477 2565 ὲν
626 2515 752 2585 σκιᾷ
785 2514 884 2585 τῆς
917 2513 1081 2586 ζωῆς,
1112 2514 1312 2582 λέγων·
1343 2535 1361 2566 ι
1392 2513 1614 2586 Πνεῦμα
1647 2533 1820 2588 προσ-

232 2602 395 2657 ώπου
447 2605 601 2675 ήμῶν
634 2606 868 2678 Χριστος
909 2605 1150 2678 Κύριος,
1194 2601 1256 2661 οὗ
1295 2608 1556 2679 εῖπομεν’
1622 2609 1709 2662 Ἐν
1758 2611 1823 2682 τῇ

236 2700 374 2768 σκιᾷ
405 2698 567 2752 αὑτοῦ
602 2698 878 2770 ζησόμεθα
918 2700 976 2751 ὲν
1013 2702 1125 2762 τοῖς
1174 2697 1418 2765 ἔθνεσιν,
1460 2718 1479 2751 ι
1520 2698 1579 2752 οὺ
1622 2698 1728 2772 μὴν
1767 2702 1826 2754 ἐν

234 2791 381 2862 αὐτῇ
409 2794 475 2862 τῇ
509 2790 620 2863 ζωῇ
643 2834 657 2858 ,
695 2791 787 2845 ἅτε
827 2792 984 2864 σῶμα
1018 2790 1250 2845 θανάτου
1282 2791 1662 2862 περικείμενος
1682 2830 1697 2855 ,
1729 2791 1825 2845 καὶ

231 2881 443 2951 λέγων’
476 2902 494 2933 ι
518 2884 615 2947 Τίς
644 2900 713 2954 με
741 2882 964 2955 ῥύσεται
987 2885 1053 2938 ὲκ
1078 2881 1172 2937 τοῦ
1196 2882 1447 2954 σώματος
1466 2882 1562 2937 τοῦ
1592 2882 1823 2937 θανάτου

228 2974 459 3040 τούτους
489 2995 507 3027 ι
544 2974 667 3028 καί·
705 3000 724 3026 ι
752 2974 1074 3047 Καθήμενος
1101 2976 1159 3029 ὲν
1186 2974 1340 3047 χώρᾳ
1376 2976 1470 3029 καὶ
1510 2976 1636 3046 σκιᾷ
1662 2973 1825 3029 θανά-

1933 1864 2089 1933 quasi
2117 1873 2272 1919 extra
2300 1864 2466 1920 vitam
2498 1866 2798 1920 constituto
2847 1866 2895 1921 ci
2921 1867 3015 1937 qui
3061 1870 3127 1923 de
3174 1868 3316 1924 bono
3347 1870 3516 1926 inter-

1931 1966 2126 2026 rogat,
2160 1956 2367 2012 dictum
2411 1956 2581 2013 fuisse
2613 1977 2625 2012 :
2660 1978 2678 2009 ι
2708 1956 2765 2013 Si
2795 1958 2877 2014 vis
2904 1960 2970 2013 ad
3020 1962 3182 2015 vitam
3219 1961 3449 2034 ingredi.
3488 1984 3508 2017 ι

1929 2044 2031 2101 Hic
2074 2057 2256 2102 autem
2296 2056 2504 2103 attente
2536 2050 2844 2120 perspicere
2879 2052 3004 2107 licet
3034 2053 3163 2122 quid
3209 2053 3315 2116 sit,
3357 2066 3512 2111 extra

1930 2137 2092 2193 vitam
2124 2155 2245 2196 esse
2268 2180 2285 2206 ,
2321 2149 2375 2196 et
2409 2142 2538 2211 quid
2561 2182 2577 2208 ,
2629 2143 2685 2197 in
2732 2143 2895 2198 vitam
2953 2144 3184 2215 ingredi.
3218 2144 3351 2202 Vide
3381 2162 3511 2218 ergo

1928 2245 2111 2287 annon
2130 2244 2247 2287 una
2270 2233 2492 2305 quidem
2535 2235 2747 2291 ratione
2777 2245 2932 2291 extra
2956 2238 3131 2293 vitam
3179 2240 3511 2295 constitutus

1928 2323 2023 2387 sit,
2048 2325 2142 2394 qui
2166 2335 2319 2381 extra
2349 2342 2476 2382 eum
2505 2335 2590 2382 est
2621 2328 2716 2398 qui
2740 2328 2880 2385 dixit
2901 2330 2967 2385 ’δε
2997 2348 3016 2382 ι
3043 2329 3156 2402 Ego
3189 2348 3310 2387 sum
3340 2330 3504 2400 vita.)

1926 2423 1981 2471 et
2020 2417 2089 2472 ab
2120 2417 2214 2473 illo
2244 2418 2456 2474 alienus
2500 2428 2621 2488 est;
2657 2420 2761 2476 alia
2797 2436 2928 2477 vero
2959 2422 3205 2487 ratione,
3254 2424 3510 2494 quisquis

1928 2522 2093 2585 super
2121 2518 2320 2563 terram
2356 2510 2524 2581 degit,
2552 2510 2770 2567 etiamsi
2792 2511 3140 2581 justissimus
3167 2514 3260 2581 sit,
3307 2515 3362 2569 iu
3394 2530 3511 2570 um-

1927 2599 2024 2655 bra
2061 2600 2279 2670 quidem
2311 2601 2432 2656 vita:
2464 2617 2587 2659 esse
2629 2612 2828 2675 potest,
2884 2604 3072 2661 dicens
3090 2606 3133 2636 "
3162 2624 3174 2659 :
3216 2624 3236 2657 ι
3270 2604 3509 2676 Spiritus

1926 2690 2039 2747 oris
2060 2692 2233 2747 nostri
2265 2690 2518 2750 Christus
2550 2693 2839 2764 Dominus,
2873 2696 2963 2752 cui
2991 2697 3231 2754 diximus
3257 2714 3270 2750 :
3294 2694 3352 2753 In
3386 2715 3509 2753 um-

1929 2781 2027 2838 bra
2063 2792 2154 2840 tua
2185 2784 2435 2842 vivemus
2460 2786 2513 2841 in
2546 2788 2819 2858 gentibus,
2848 2808 2867 2841 ι
2904 2797 2960 2843 at
2994 2804 3102 2844 non
3138 2791 3192 2844 in
3223 2791 3340 2861 ipsa
3370 2791 3504 2856 vita,

1925 2881 2112 2944 utpote
2155 2877 2249 2947 qui
2280 2878 2472 2935 mortis
2502 2895 2733 2950 corpore
2766 2881 2993 2937 indutus
3034 2885 3133 2948 sit,
3160 2890 3215 2939 et
3246 2885 3391 2939 dicat
3414 2885 3458 2916 ’⁸
3487 2902 3500 2938 :

1929 2964 2093 3033 «Quis
2123 2984 2208 3023 me
2235 2969 2485 3025 liberabit
2504 2971 2571 3027 de
2603 2987 2830 3041 corpore
2857 2974 3049 3028 mortis
3073 2974 3269 3043 hujus?
3291 2994 3310 3027 ι
3341 2975 3462 3031 et"
3488 2995 3503 3031 :

230 3081 355 3129 του,
388 3084 405 3118 ι
436 3067 530 3120 καὶ
564 3067 790 3137 μηδέπω
822 3066 993 3120 ἐλθὼν
1028 3067 1121 3120 ἐπὶ
1153 3066 1251 3139 τὴν
1283 3066 1392 3121 τῶν
1423 3064 1642 3131 ζώντων
1674 3066 1779 3138 γῆν
1805 3083 1818 3097 ·

1930 3075 1953 3112 ι
1990 3057 2188 3115 Sedeat
2232 3061 2286 3115 in
2320 3063 2541 3132 regione
2583 3073 2636 3119 et
2670 3065 2859 3119 umbra
2891 3065 3104 3135 mortis,
3131 3083 3148 3117 ι
3196 3075 3250 3120 et
3273 3067 3327 3121 in
3356 3067 3506 3122 vivo-

230 3155 333 3208 καὶ
360 3154 469 3227 γάρ
499 3158 531 3227 ὴ
565 3154 677 3228 ζωὴ
714 3157 775 3209 ού
811 3156 971 3227 μόνον
1002 3156 1112 3211 τῶν
1157 3156 1375 3227 φαύλων
1398 3196 1414 3221 ,
1442 3155 1578 3211 ἀλλὰ
1608 3157 1702 3211 καλ⁸
1730 3154 1821 3211 τοῦ

1930 3170 2048 3209 rum
2082 3164 2281 3211 terram
2309 3157 2551 3212 nondum
2584 3159 2924 3227 pervenerit;
2961 3158 3066 3211 \ita
3096 3158 3365 3229 siquidem
3393 3175 3502 3214 non

230 3247 332 3301 ἐπὶ
368 3249 471 3318 γῆς
512 3248 725 3302 Παύλου
751 3291 765 3317 ,
800 3249 894 3303 καὶ
925 3248 1035 3303 τῶν
1073 3249 1417 3314 ἀποστόλων,
1464 3248 1825 3321 κεκρυμμένη

227 3336 303 3414 ἦν
332 3343 390 3395 ἐν
419 3340 497 3412 τῷ
524 3341 663 3413 Θεῷ.
689 3344 827 3415 Φησὶ
855 3343 986 3412 γοῦν
1006 3360 1018 3372 ·
1053 3362 1070 3395 ι
1110 3344 1175 3396 Ἥ
1199 3341 1312 3415 ζωὴ
1342 3341 1495 3414 ὑμῶν
1518 3342 1823 3413 κέκρυπται

229 3433 335 3487 σὺν
360 3432 439 3505 τῷ
455 3433 675 3506 Χριστῷ
696 3435 753 3488 ὲν
775 3434 853 3507 τῷ
871 3434 991 3507 Θεῷ
1005 3453 1017 3466 ·
1038 3436 1165 3489 ὅταν
1193 3436 1221 3488 ό
1244 3434 1478 3507 Χριστὸς
1510 3433 1819 3507 φανερωθῇ,

228 3528 269 3599 ἡ
300 3527 417 3600 ζωὴ
450 3529 637 3600 ἡμῶν,
678 3529 799 3582 τότε
831 3528 927 3583 καὶ
971 3529 1128 3599 ὑμεῖς
1171 3528 1267 3582 σὺν
1317 3526 1466 3599 αὐτῷ
1504 3525 1820 3597 φανερωθή-

230 3617 395 3673 σεσθε
418 3619 477 3672 ὲν
497 3617 642 3691 δόξῃ.
659 3639 676 3671 ι
701 3619 779 3690 Tr,
788 3620 976 3691 ρήσεις
988 3619 1045 3673 δὲ
1061 3618 1240 3673 πάντα
1259 3617 1330 3671 τά
1347 3634 1413 3671 πε
1425 3617 1477 3689 ρὶ
1492 3614 1586 3669 τοῦ
1610 3636 1628 3667 ι
1640 3614 1782 3686 Fato,
1794 3633 1812 3667 ι

229 3711 332 3766 καὶ
360 3710 455 3764 τοῦ
491 3731 508 3762 ι
530 3710 655 3779 ἔξω,
683 3731 701 3762 ι
735 3712 822 3764 ἵνα
859 3710 1092 3785 άναλέξῃ
1121 3710 1189 3765 τά
1217 3708 1530 3780 κατάλληλα
1563 3707 1642 3780 τῷ
1663 3724 1676 3738 ·
1703 3726 1729 3759 ,ι
1754 3708 1818 3761 ΕΞ

228 3802 411 3868 Θέλεις
441 3805 519 3868 είς
548 3802 645 3875 τὴν
680 3803 822 3875 ζωὴν
848 3802 1139 3868 εἰσελθεῖν,
1173 3822 1191 3854 ι
1224 3796 1335 3855 οἷον
1354 3818 1367 3831 ·
1403 3819 1421 3852 ι
1459 3798 1699 3872 Δεήθητε
1725 3793 1818 3853 οῦν

226 3895 326 3951 τοῦ
365 3895 569 3969 Κυρίου
610 3894 703 3949 τοῦ
739 3892 1000 3966 θερισμοῦ
1024 3934 1038 3959 ,
1087 3895 1173 3947 ἴνα
1218 3892 1426 3967 ἐκϐάλῃ
1470 3891 1707 3963 ἐργάτας
1738 3891 1819 3954 είς

227 3988 326 4042 τὸν
376 3986 633 4059 θερισμὸν
682 3987 875 4042 αὑτοῦ·
906 4007 924 4039 ι
981 3986 1238 4059 ζητήσεις
1265 3984 1426 4056 ⁵γάρ,
1469 3981 1674 4056 ἐκϐάλῃ
1722 3980 1819 4035 πό-

230 4080 330 4135 θεν
359 4079 472 4152 (59)
496 4096 511 4147 ;
537 4081 630 4133 καὶ
657 4080 813 4151 εἴπερ
841 4077 1031 4132 ἐνθάδε
1057 4077 1196 4131 εἰσὶν
1219 4077 1269 4130 οἱ
1303 4075 1530 4148 ἐργάται
1556 4072 1818 4145 ὲκσεδλη-

233 4172 391 4245 μένοι
424 4173 507 4236 είς
524 4171 616 4226 τὸν
642 4171 903 4243 θερισμὸν
935 4169 1031 4224 τοῦ
1066 4168 1297 4241 Κυρίου,
1322 4166 1426 4234 ἔξω
1452 4167 1588 4222 εἰσὶν
1618 4159 1680 4220 οῦ
1703 4165 1820 4231 ἐξε-

1923 3246 2219 3318 impiorum
2254 3250 2602 3306 solummodo
2626 3291 2643 3318 ,
2691 3250 2785 3306 sed
2814 3248 2967 3305 Pauli
2996 3251 3161 3306 etiam
3201 3266 3365 3322 super
3393 3261 3503 3307 ter-

1923 3355 2043 3396 ram
2088 3339 2335 3412 degentis
2359 3383 2375 3408 ,
2422 3350 2477 3397 et
2517 3342 2891 3413 apostolorum
2925 3343 2982 3397 in
3024 3341 3136 3399 Deo
3176 3353 3294 3411 erat
3336 3346 3505 3418 668

1921 3432 2261 3489 abscondita.
2285 3433 2374 3489 Ait
2402 3448 2534 3505 ergo
2559 3432 2604 3466 '°
2629 3452 2643 3488 :
2673 3452 2691 3486 ι
2720 3432 2838 3488 Vita
2864 3444 3041 3490 vestra
3070 3442 3155 3490 est
3184 3436 3502 3493 abscondita

1924 3540 2048 3580 eum
2072 3524 2291 3602 Christo
2323 3526 2378 3580 in
2409 3524 2520 3581 Deo
2542 3567 2559 3593 ,
2582 3541 2707 3581 cum
2739 3524 2992 3580 Christus
3015 3528 3361 3595 apparuerit,
3392 3528 3501 3583 vita

1923 3626 2134 3686 nostra,
2161 3628 2291 3674 tunc
2314 3627 2367 3674 et
2400 3632 2499 3673 vos
2523 3618 2854 3688 apparebitis
2880 3633 3006 3674 cum
3037 3620 3154 3690 ipso
3184 3621 3239 3674 in
3269 3623 3496 3693 gloria.»

1922 3704 2273 3777 Quaecunque
2298 3715 2478 3762 autem
2509 3710 2578 3762 ad
2610 3726 2629 3759 ι
2661 3708 2802 3763 intra
2832 3726 2852 3761 ι
2884 3717 2939 3763 et
2964 3709 3031 3763 ad
3067 3729 3086 3761 ι
3122 3723 3276 3767 extra
3314 3731 3333 3765 ι
3374 3728 3500 3783 per-

1922 3799 2097 3854 tinent
2128 3784 2447 3855 ohservabis
2470 3837 2486 3863 ,
2540 3807 2603 3853 ut
2631 3815 2754 3870 qua:
2780 3799 2865 3855 bis
2894 3812 3207 3872 congruunt
3235 3821 3248 3858 :
3282 3822 3301 3854 ι
3332 3802 3390 3859 Si
3416 3805 3500 3862 vis
3537 3866 3543 3871 ,

1924 3892 1990 3947 ad
2025 3891 2191 3947 vitam
2242 3890 2476 3963 ingredi,
2507 3911 2526 3945 ι
2564 3893 2730 3948 simul
2759 3893 3019 3963 colligas;
3046 3896 3196 3950 verbi
3228 3912 3392 3953 causa
3408 3897 3453 3932 ³¹
3480 3940 3495 3955 .

1929 4002 1948 4035 ι
1980 3981 2185 4055 Rogate
2214 3999 2344 4055 ergo
2366 3974 2660 4040 Dominum
2691 3985 2908 4049 messis,
2937 3993 2996 4040 ut
3019 3986 3499 4069 mittatoperarios

1917 4076 1973 4132 in
2004 4092 2235 4134 messem
2268 4093 2458 4145 suam;
2491 4097 2510 4131 ι
2547 4094 2763 4150 quaeres
2787 4080 2957 4146 enim,
2993 4080 3139 4137 unde
3187 4081 3405 4150 mittat;
3442 4092 3499 4140 et

1919 4168 2187 4239 siquidem
2209 4169 2300 4225 hic
2321 4170 2431 4226 sint
2455 4172 2690 4242 operarii
2722 4170 2877 4228 missi
2915 4172 2969 4227 in
2998 4187 3230 4228 messem
3257 4172 3491 4244 Domini,

230 4264 514 4339 ϐλήθησαν
541 4265 739 4338 χωρίου
763 4281 778 4296 '
812 4264 906 4319 καὶ
938 4262 1009 4317 τὰ
1029 4261 1122 4318 τοῦ
1149 4260 1413 4336 θερισμοῦ
1443 4260 1628 4325 καλῶς
1657 4260 1817 4331 ποιή-

1930 4270 2073 4317 extra
2100 4277 2227 4317 eum
2263 4262 2442 4319 locum
2479 4271 2609 4319 sunt
2640 4278 2672 4321 e
2713 4279 2824 4336 quo
2878 4263 3102 4320 fuerunt
3142 4265 3396 4334 dimissi,
3437 4276 3494 4323 et

1430 4368 1666 4435 VETUS
1702 4373 2292 4432 INTERPRETATIO.
2701 4371 2707 4379 ’

235 4504 514 4586 (divitias
540 4504 801 4586 bonitatis
828 4505 968 4586 ejus,
995 4512 1049 4560 et
1072 4502 1506 4586 longanimitatis
1545 4521 1563 4555 ι
1600 4509 2089 4586 contemnentes“
2126 4500 2430 4586 secundum
2467 4499 2725 4586 duritiam
2756 4500 2939 4586 cordis
2969 4498 3075 4586 sui,
3113 4508 3169 4586 et
3205 4500 3486 4586 sinapis.-

230 4577 463 4657 nitentia
488 4576 668 4657 cordis
700 4569 1069 4632 thesauriient
1098 4569 1202 4632 sibi
1224 4575 1384 4641 iram,
1418 4593 1437 4626 ι
1475 4588 1640 4644 quam
1671 4585 1780 4628 non
1820 4570 2266 4628 thesaurizabunt
2297 4572 2344 4627 si
2382 4572 2649 4629 abseonsa
2692 4569 2858 4626 fuerit
2897 4570 3189 4657 multitudo
3226 4569 3493 4629 bonitatis

228 4647 363 4719 ejus
382 4647 579 4719 ab‘eis.

305 4717 396 4772 12.
438 4716 570 4772 Post
596 4716 700 4772 hoc
732 4725 913 4772 autem
957 4715 1126 4772 dicit:
1161 4735 1180 4769 ι
1210 4713 1268 4771 Si
1296 4713 1378 4770 vis
1404 4712 1472 4768 ad
1501 4712 1668 4768 vitam
1699 4713 1937 4776 intrare,
1973 4728 2130 4770 serva
2171 4713 2443 4769 mandata.
2483 4733 2504 4766 ι
2538 4710 2644 4767 Ubi
2691 4713 2976 4768 considera
3003 4712 3262 4782 quoniam
3306 4713 3487 4770 adhuc

230 4789 394 4860 quasi
424 4797 577 4843 extra
602 4789 781 4860 vitam
813 4788 1111 4860 constituto
1158 4785 1207 4860 ei
1235 4784 1328 4855 qui
1364 4783 1733 4860 interrogabat
1768 4784 1836 4840 de
1860 4783 2039 4860 bono3
2071 4784 2147 4860 ita
2173 4784 2499 4860 respondit:
2532 4802 2551 4836 ι
2583 4782 2641 4838 Si
2672 4783 2755 4839 vis
2785 4783 2992 4860 intrare
3025 4785 3078 4837 in
3106 4784 3294 4860 vitam.
3327 4803 3347 4836 ι
3392 4784 3491 4840 llic

229 4852 416 4914 autem
463 4857 684 4927 requiro
711 4859 984 4928 quomodo
1010 4856 1134 4927 quis
1162 4855 1235 4912 sit
1252 4852 1414 4928 extra
1454 4852 1619 4928 vitam
1645 4894 1662 4921 ,
1705 4862 1759 4908 et
1801 4852 2281 4928 quomodointret
2303 4854 2359 4909 in
2398 4854 2567 4928 Xitam
2595 4872 2608 4907 :
2636 4863 2692 4909 et
2719 4868 2786 4928 ne
2815 4852 3286 4928 forteseeundum
3319 4870 3489 4928 unum

228 4929 453 4999 quidem
489 4922 709 4983 modum
728 4922 812 4983 'sit
842 4928 1005 4984 homo
1028 4922 1183 4999 extra
1205 4926 1406 4999 vitam,
1429 4924 1521 4996 qui
1548 4935 1631 4980 est
1671 4922 1833 4999 extra
1854 4940 1979 4979 eum
2005 4923 2101 4994 qui
2128 4924 2264 4980 dixit
2290 4940 2315 4999 :_
2340 4943 2364 4999 ι
2397 4922 2509 4999 Ego
2538 4925 2822 4999 sum_vita.
2851 4943 2871 4977 ι
2905 4924 3056 4999 Alias
3084 4934 3264 4979 autem
3303 4924 3486 4979 omnis

230 4993 326 5069 qui
359 5013 526 5068 super
557 5010 755 5055 terram
787 5008 888 5065 est,
922 4997 1173 5069 quamvis
1196 4993 1538 5069 iustissimus
1570 5009 1692 5069 esse
1718 4995 1986 5069 videatur,
2016 4993 2197 5065 potest
2225 4993 2549 5069 quidem'in
2576 4996 2768 5069 umbra
2802 5009 2925 5069 esse
2954 4993 3108 5057 vitae,
3153 5008 3262 5048 non
3294 5002 3476 5069 autem

323 5063 447 5151 ipsa
473 5068 767 5151 vita;neu_in
804 5063 882 5151 sit
899 5063 1130 5151 corpore
1158 5063 1352 5151 mortis
1380 5065 1774 5151 circumdatus,
1802 5063 2079 5151 etudicens
2110 5083 2125 5121 :
2167 5085 2186 5119 ι
2216 5063 2352 5151 Quis
2379 5065 2746 5151 mehliberabit
2791 5063 3488 5151 decorpore'mortiihu-

225 5130 364 5209 jus‘i
395 5157 413 5191 ι
448 5147 502 5215 et
525 5157 541 5215 :_
572 5130 789 5215 (Sedes
817 5138 879 5215 in_
899 5130 1119 5215 regione
1145 5146 1200 5193 et
1225 5138 1284 5215 in
1313 5135 1751 5215 umbra_morti_s_,
1779 5153 1799 5188 ι
1826 5150 1892 5191 eo
1917 5134 2063 5215 quod
2091 5130 2331 5191 nondum
2359 5136 2511 5215 venit
2533 5136 2588 5190 in
2613 5144 2815 5214 terram
2835 5130 3101 5215 vivorum.
3120 5130 3369 5187 introibit
3389 5146 3488 5186 au-

230 5204 502 5283 teqiquis
529 5209 581 5263 in
606 5211 798 5283 vitam,
827 5204 1111 5283 abstinens
1146 5206 1367 5283 quidem
1394 5221 1454 5263 se
1478 5205 1547 5261 ab
1561 5204 1823 5283 operibus
1852 5204 2104 5283 mortuis,
2128 5216 2394 5283 appetens
2426 5214 2607 5283 autem
2641 5204 2978 5283 opera_viva.
3005 5204 3172 5283 etiam
3203 5216 3484 5272 nunquam

231 5273 453 5350 quidem
482 5289 695 5335 mortua
728 5273 978 5351 loquens,
1009 5280 1101 5335 sed
1134 5273 1434 5337 séeundum
1463 5273 1688 5332 verbum
1719 5273 1815 5331 Dei
1867 5276 2054 5331 vivum
2090 5273 2280 5331 vive—ns
2302 5314 2317 5341 ,
2361 5285 2415 5332 et
2449 5291 2557 5332 non
2587 5273 2924 5345 habensjam
2952 5273 3309 5343 cogitationes
3334 5287 3485 5328 mor-

303 5420 349 5453 ³³
370 5417 513 5478 Psal.
540 5437 668 5485 xxx,
693 5421 785 5479 20.
857 5420 905 5453 "
938 5419 1097 5475 Rom.
1131 5435 1190 5485 ιι,
1224 5419 1277 5482 4,
1305 5418 1356 5473 5.
1450 5417 1496 5450 ’⁸
1534 5416 1722 5472 Matth.
1760 5430 1878 5481 xu,
1911 5415 1995 5472 t7.

2098 5416 2146 5448 "
2180 5415 2340 5475 Joan.
2376 5432 2465 5483 xi,
2491 5417 2581 5481 25,
2613 5425 2666 5471 et
2706 5430 2816 5484 xiv,
2847 5415 2902 5471 6.
2959 5414 3023 5445 '"
3054 5411 3254 5469 Thren.
3292 5427 3364 5479 tv,
3391 5411 3481 5469 ΞΟ.

232 5492 279 5523 ³⁸
311 5490 472 5571 Rom.
504 5508 600 5559 vn,
632 5492 722 5548 24.
802 5492 846 5524 ’⁸
887 5489 1076 5546 Matth.
1110 5484 1183 5555 IV,
1225 5488 1315 5546 16.
1389 5488 1435 5521 ⁸⁰
1468 5487 1588 5544 Col.
1619 5502 1701 5553 ιιι,
1728 5487 1782 5552 5,
1812 5509 1824 5541 4

1944 5487 1986 5519 ³¹
2016 5484 2205 5542 Matth.
2242 5503 2318 5555 ιι,
2346 5486 2436 5542 58.

303 5607 415 5678 (58)
471 5607 654 5678 Codex
700 5606 901 5678 Regius
945 5606 1170 5678 :H'EvOa
1218 5606 1287 5678 6i)
1335 5604 1488 5678 Cnidi
1520 5602 1808 5678 arpocsxé'i;

232 5675 347 5750 εστι
374 5675 581 5750 νοῆσαιἒ
618 5677 722 5734 Sed
748 5675 838 5743 τδ,
870 5676 1016 5750 ζητῶ
1037 5718 1051 5744 ,
1084 5675 1368 5749 παρέλκει.
1392 5675 1492 5733 Vel
1517 5675 1804 5747 legendum

232 5747 844 5821 gqcob’vﬁJlnsrms,
927 5747 970 5821 V_
1038 5818 1087 5821 __
1168 5747 1177 5749 ”
1282 5819 1289 5821 ξ
1455 5816 1484 5821 _

307 5819 419 5893 (59)
458 5819 749 5891 Ζητήσεις
782 5818 914 5890 γὰρ,
945 5817 1172 5889 ἐκϐάλῃ
1211 5819 1414 5876 πόθεν.
1445 5815 1618 5875 Codd.
1652 5811 1721 5872 Β.
1754 5825 1807 5870 et

1917 5603 2009 5671 R.,
2042 5602 2205 5659 πόθεν
2239 5603 2621 5677 παροξυτόνως
2650 5602 2883 5677 habent,
2925 5602 3070 5674 quod
3102 5601 3488 5677 interrogatio-

1913 5692 2039 5732 nem
2077 5684 2249 5731 notat.
2283 5673 2385 5731 sed
2417 5675 2469 5746 si
2488 5673 2781 5746 βαρύτονον
2809 5675 2902 5746 sit,
2933 5673 3045 5734 non
3071 5673 3214 5733 male
3243 5687 3369 5730 cum
3399 5688 3487 5730 se-

1915 5746 2211 5819 quentibus
2242 5743 2661 5803 eobzrebit.'ln.
