3954 6548
545 390 679 447 ιειοι

2015 370 2173 430 ORIG
2182 369 2337 427 ENIS
3675 366 3789 421 ιεεεξ

541 508 699 579 quasi
732 522 840 562 non
873 520 903 561 a
938 500 1227 560 Servatore
1268 499 1357 556 hic
1386 506 1670 570 usurpata,
1712 496 1804 553 sed
1841 494 1908 550 ab
1938 494 2120 564 aliquo

2239 489 2444 543 Ξύναται
2463 526 2479 554 ,
2512 488 2588 553 ὡς
2618 485 2718 559 οὐχ
2747 484 2853 541 ὑπὸ
2876 484 2969 541 τοῦ
2996 486 3246 559 Σωτῆρος
3275 485 3515 541 ἐνταῦθα
3547 502 3681 558 παρε
3693 484 3780 554 ιλῆ·

540 599 862 655 subtilitatis
894 596 1189 653 verborum
1240 591 1493 664 imperito
1536 590 1716 645 addita
1768 586 1991 642 fuerint.
2029 583 2127 639 Ea-

540 693 795 748 rumdcm
820 705 950 746 vero
981 702 1164 744 rerum
1193 686 1335 757 apud
1369 684 1610 740 Marcum
1636 691 1690 737 et
1715 680 1921 735 Lucam
1951 692 2121 749 expo-

544 789 673 846 sitio
706 785 972 857 majorem
1022 797 1124 838 nos
1158 781 1212 836 iu
1250 779 1617 851 suSpicionem
1642 776 1856 832 vocabit
1905 774 1995 829 hic
2037 773 2123 828 in-

543 886 696 934 trusa
742 876 833 931 illa
879 873 1092 931 fuisse:
1131 891 1151 924 ι
1182 871 1384 942 Diliges
1421 869 1731 941 proximum
1782 876 1938 922 tuum
1984 865 2126 921 sicut

544 971 803 1040 teipsum,
833 987 852 1021 ι
894 983 1016 1024 cum
1051 975 1243 1022 neuter
1268 979 1459 1019 corum
1493 961 1765 1018 mandatis
1800 976 1832 1016 a
1858 957 1988 1016 Jesu
2021 959 2125 1013 hoc

545 1065 667 1121 loco
718 1062 1011 1133 propositis
1054 1058 1387 1116 addiderit“
1434 1076 1446 1111 :
1501 1076 1519 1109 ι
1560 1054 1761 1126 Diliges
1813 1054 2122 1125 proximum

545 1165 701 1212 tuum
734 1154 877 1210 sicut
906 1153 1161 1223 teipsum.
1198 1170 1217 1203 ι
1258 1149 1323 1204 Ει
1351 1164 1483 1212 sane
1512 1149 1605 1219 qui
1636 1147 1742 1202 hoc
1766 1144 2082 1200 mandatum
2111 1161 2124 1196 :

552 1266 572 1299 ι
606 1248 806 1319 Diliges
859 1246 1172 1318 proximum
1212 1253 1369 1299 tuum
1398 1242 1541 1298 sicut
1575 1241 1805 1310 teipsum
1828 1280 1843 1306 ,
1875 1255 1895 1290 ι
1933 1238 2129 1293 intem-

546 1339 757 1411 pestive
791 1336 961 1394 fuisse
988 1337 1263 1409 adjectum
1299 1333 1591 1391 defendere
1621 1331 1784 1398 volet,
1812 1347 1918 1386 nou
1953 1330 2002 1385 ei
2035 1329 2129 1400 qui

548 1431 601 1487 id
646 1446 705 1485 se
762 1439 1093 1501 praeceptum
1146 1442 1394 1484 servasse
1440 1424 1835 1497 proﬁtebatur:
1879 1442 1897 1474 ι
1929 1423 2130 1492 Diliges

546 1524 858 1595 proximum
890 1532 1039 1577 tuum
1089 1522 1232 1578 sicut
1264 1520 1530 1590 teipsum,
1576 1538 1594 1569 ι
1643 1517 1919 1572 dicturum
1957 1514 2132 1570 fuisse

544 1615 733 1672 Jesum
764 1614 1065 1686 inquiet“:
1103 1633 1120 1665 ι
1151 1612 1332 1669 Unum
1363 1611 1457 1667 tibi
1486 1609 1688 1675 deﬁcit,
1713 1629 1730 1661 ι
1758 1610 1863 1673 vel,
1895 1628 1913 1659 ι
1941 1608 2132 1663 Adhuc

547 1725 718 1764 unum
755 1709 852 1763 tibi
883 1707 1036 1763 deest
1062 1750 1075 1775 ,
1108 1726 1127 1760 ι
1169 1705 1216 1763 si
1267 1719 1355 1761 res
1392 1704 1580 1761 eadem
1609 1702 1842 1758 diversis
1882 1701 2061 1756 verbis
2100 1717 2131 1756 ει

548 1805 727 1859 tribus
769 1803 964 1859 tradita
1002 1803 1231 1871 fuisset;
1285 1816 1409 1857 cum
1443 1797 1745 1871 praesertim
1788 1796 1945 1867 juxta
1987 1796 2132 1866 Apo-

550 1899 748 1955 stolum
770 1905 814 1935 δδῖ
847 1915 860 1952 :
892 1915 910 1949 ι
934 1894 1052 1952 Non
1082 1893 1319 1960 occides,
1349 1903 1403 1949 et
1430 1893 1475 1947 si
1504 1891 1649 1962 quod
1678 1898 1762 1945 est
1790 1889 1937 1944 aliud
1970 1904 2128 1943 man-

548 1994 736 2047 datum
763 1992 815 2045 in
845 1992 950 2047 hoc
975 1990 1142 2045 verbo
1174 1989 1504 2045 iustauretur
1537 2003 1551 2039 :
1583 1984 1787 2057 Diliges
1818 1982 2129 2054 proximum

549 2094 703 2139 tuum
759 2083 906 2140 sicut
950 2082 1207 2152 teipsum.
1253 2098 1273 2133 ι
1324 2077 1431 2133 Sed
1482 2075 1927 2149 quandoquidem
1976 2076 2131 2145 juxta

547 2176 819 2240 Marcum,
843 2175 1065 2230 divitem
1093 2172 1238 2227 hunc
1265 2172 1361 2241 qui
1384 2170 1599 2226 dixerat
1621 2168 1671 2201 ‘7
1699 2186 1712 2223 :
1752 2185 1772 2220 ι
1792 2165 1920 2223 Haec
1948 2166 2131 2222 omnia

549 2268 837 2324 observavi
864 2283 895 2323 a
921 2268 1211 2338 juventute
1238 2279 1358 2320 mea
1394 2304 1408 2331 ,
1439 2282 1456 2315 ι
1492 2261 1724 2317 intuitus
1755 2259 1917 2316 Iesus
1946 2259 2135 2323 dilexit

549 2372 700 2428 cum,
732 2368 944 2416 servata
970 2357 1156 2413 abillo
1177 2356 1348 2411 fuisse
1375 2353 1631 2409 mandata
1664 2352 1819 2407 fateri
1850 2352 2003 2408 visus
2025 2358 2130 2414 est,

555 2469 677 2524 qua:
698 2468 728 2507 a
756 2467 815 2507 se
844 2458 1056 2506 servata
1090 2463 1213 2504 esse
1242 2446 1421 2502 fuerat
1450 2442 1754 2515 professus.
1785 2441 1959 2514 Hujus
1986 2444 2132 2499 enim

554 2552 792 2596 mentem
831 2547 1036 2594 attente
1060 2538 1379 2607 inspiciens,
1413 2533 1690 2589 hominem
1714 2532 1849 2588 vidit
1874 2532 1967 2603 qui
1992 2533 2134 2587 bona

554 2629 897 2687 conscientia
939 2628 1143 2694 fretus,
1180 2641 1239 2682 se
1272 2624 1549 2697 proposita
1597 2622 1854 2677 mandata
1887 2637 2136 2678 servasse

557 2724 719 2795 671
753 2724 931 2793 palam
966 2720 1208 2791 jactabat
1237 2736 1251 2787 ;
1285 2726 1341 2774 at
1390 2718 1436 2774 si
1479 2725 1673 2788 praeter
1716 2715 1926 2787 reliqua
1978 2731 2136 2770 man-

558 2818 705 2882 data,
743 2816 794 2869 id
815 2815 978 2870 etiam
1015 2812 1258 2869 additum
1286 2825 1396 2867 non
1437 2810 1671 2866 fuisset:
1710 2826 1728 2859 ι
1763 2807 1959 2880 Diliges
2008 2823 2134 2879 pro—

560 2912 767 2966 ximum
804 2919 955 2965 tuum
1012 2908 1154 2965 sicut
1188 2907 1477 2978 teipsum,»
1510 2904 1845 2975 praecipuum
1879 2918 1944 2959 ac
1994 2918 2137 2974 pra:~

559 3004 959 3060 stautissimum
987 3001 1304 3056 mandatum
1350 2997 1567 3053 Marcus
1612 3004 1667 3052 et
1711 2995 1891 3052 Lucas
1916 3005 2140 3068 praeter-

557 3098 855 3154 misissent.
907 3093 1025 3152 Nisi
1055 3095 1179 3165 quis
1220 3092 1453 3149 fortasse
1500 3090 1647 3146 dicat
1678 3089 1876 3145 similia
1918 3087 2138 3160 quidem

2229 578 2394 650 φθαι,
2442 579 2559 634 ἀλλ’
2605 578 2709 633 ὑπό
2755 596 2899 643 τινος
2942 578 3039 652 τὴν
3088 579 3372 652 ἀκρίϐειαν
3412 580 3494 653 μὴ
3526 580 3793 652 νοήσαντος

2228 669 2335 723 τῶν
2378 669 2687 742 λεγομένων
2724 670 3158 741 προστεθεῖσθαι.
3201 671 3606 744 Συναγορεύσει
3643 671 3699 725 δὲ
3738 675 3790 741 τῇ

2230 763 2517 835 ὑπονοήσει
2548 760 2644 817 τοῦ
2674 761 3087 833 προστεθεῖσθαι
3119 762 3351 817 ἐνταῦθα
3371 764 3436 817 τό
3456 780 3472 794 ο
3518 782 3538 815 ι
3575 764 3794 834 ’Δγαπήο

2231 875 2344 923 σεις
2376 858 2467 912 τὸν
2498 856 2727 929 πλησίον
2767 874 2861 911 σου
2919 858 2996 921 ὡς
3038 856 3284 922 σεαυτὸν,
3325 876 3343 909 ι
3377 859 3412 930 ἡ
3456 856 3576 912 τῶν
3617 859 3791 929 ὁμοίων

2232 952 2381 1024 παρὰ
2404 950 2481 1023 τῷ
2505 950 2717 1024 Μάρκῳ
2745 954 2841 1005 καὶ
2863 950 2943 1023 τῷ
2970 953 3154 1025 Λουκᾷ
3182 952 3418 1020 ἐκθεσις,
3437 946 3519 1007 ὧν
3540 952 3791 1025 οὐδέτερκ

2231 1041 2584 1114 προστέθεικε
2615 1044 2736 1107 ταῖς
2766 1041 2907 1097 κατὰ
2938 1043 3032 1098 τὸν
3049 1044 3213 1099 τόπον
3242 1044 3347 1099 ὑπὸ
3368 1044 3469 1099 τοῦ
3508 1044 3681 1116 Ἰησοῦ
3698 1044 3791 1114 (45)

2230 1134 2706 1207 παραληφθείσαις
2734 1134 2977 1199 ἐντολαῖς
3008 1135 3070 1189 τό
3087 1152 3101 1165 ·
3143 1154 3160 1187 ι
3203 1137 3543 1208 ’Δγαπήσεις
3566 1135 3655 1189 τὸν
3678 1135 3791 1207 πλη-

2232 1227 2346 1280 σίον
2378 1244 2471 1281 σου
2502 1225 2579 1290 ὡς
2614 1227 2857 1280 σεαυτόν.
2896 1246 2914 1278 ι
2954 1227 3066 1282 Καὶ
3097 1230 3260 1298 φήσει
3286 1245 3350 1297 γε
3378 1230 3407 1282 6
3439 1228 3717 1300 κρατύνων
3741 1230 3789 1281 :6

2232 1318 2485 1391 περὶτοῦ
2533 1318 2933 1392 προσερρίφθαι
2979 1321 3224 1393 ἀκαίρως
3267 1322 3367 1375 τόο
3410 1343 3430 1375 ι
3486 1324 3792 1394 Ἀγαπήσεις

2229 1409 2321 1464 τὸν
2350 1409 2576 1483 πλησίον
2624 1428 2716 1465 σου
2749 1412 2826 1475 ὼς
2862 1411 3084 1466 σεαυτὸν
3103 1453 3118 1478 ,
3160 1433 3179 1465 ι
3214 1412 3446 1487 ’ἐντολὴν
3466 1455 3482 1480 ,
3516 1415 3634 1480 ὅτι,
3663 1419 3705 1468 εξ
3736 1416 3791 1468 τὰ

2192 1520 2195 1525 '
2232 1505 2371 1560 αὐτὰ
2392 1506 2668 1579 διαφόροις
2687 1505 2863 1573 λέξεσι
2885 1506 3036 1579 παρὰ
3051 1510 3164 1572 τοῖς
3178 1509 3357 1579 τρισὶν
3377 1509 3792 1582 ἀναγέγραπται,

2232 1599 2333 1652 οὑκ
2361 1597 2426 1652 ἂν
2460 1598 2552 1652 τό·
2590 1617 2608 1651 ι
2631 1598 2727 1653 Ἕν
2762 1615 2842 1653 σοι
2873 1600 3109 1671 ὑστερεῖ,
3153 1619 3171 1652 ι
3194 1601 3227 1672 ἡ
3253 1618 3267 1631 ·
3302 1620 3319 1651 ι
3355 1601 3479 1655 Ἔτι
3508 1601 3571 1655 ἓν
3606 1619 3683 1655 σοι
3708 1600 3796 1655 λεί-

2234 1710 2345 1756 πει,
2378 1712 2396 1744 ι
2433 1693 2644 1765 εἰρήκει
2669 1694 2698 1747 6
2734 1692 2940 1763 Ἰησοῦς
2965 1692 3046 1765 τῷ
3089 1694 3547 1771 ἐπαγγειλαμένῳ
3577 1694 3686 1766 (46)
3715 1710 3799 1749 π·

2239 1787 2344 1860 πλη
2354 1786 2589 1859 ρωκέναι
2604 1787 2723 1860 τὴν,
2754 1804 2771 1838 ι
2804 1786 3135 1859 Ἀγαπήσεις
3148 1787 3241 1841 τὸν
3265 1787 3490 1860 πλησίον
3520 1805 3616 1841 σου
3637 1788 3706 1851 Co;
3726 1804 3797 1841 σεο

2232 1879 2414 1932 αυτόν.
2438 1897 2457 1930 ι
2514 1877 2653 1932 Ἀλλ’
2686 1878 2807 1932 ἐπεὶ
2844 1879 2938 1932 καὶ
2968 1879 3106 1933 κατὰ
3136 1878 3229 1933 τὸν
3258 1881 3509 1951 Μάρκον,
3541 1879 3799 1952 ὲμϐλέξας

2230 1972 2309 2044 τῷ
2360 1971 2601 2043 πλουσίῳ
2650 1971 2828 2044 τούτῳ
2881 1973 3088 2027 είπόντι
3114 1990 3127 2003 ·
3166 1992 3185 2025 ι
3223 1975 3409 2029 Πάντα
3452 1974 3632 2028 ταῦτα
3674 1974 3787 2041 ἐφύ-

2231 2062 2365 2128 λαξα
2396 2064 2462 2117 ὲκ
2510 2063 2759 2134 νεότητός
2813 2080 2949 2135 μου,
2981 2082 3000 2118 ι
3058 2064 3345 2135 ἠγάπησεν
3412 2065 3608 2129 αὑτὸν,
3675 2065 3795 2117 ἔοικε

2236 2153 2749 2225 συγκατατεθεῖσθαι
2794 2153 2873 2226 τῷ
2928 2156 3285 2228 πεποιηκέναι
3345 2156 3383 2211 ἃ
3453 2156 3799 2226 ἐπηγγείλατο

2235 2248 2669 2320 πεπληρωκέναι.
2735 2247 3034 2321 [Ἐντολήν
3058 2267 3072 2280 ·
3133 2250 3368 2321 μάλιστα
3431 2253 3481 2305 εί
3534 2250 3674 2309 κατὰ
3723 2250 3799 2301 τὺν

2249 2340 2565 2394 Ἀπόστολον
2585 2340 2645 2394 τό
2662 2358 2674 2370 ·
2707 2340 2812 2394 (οὑ
2837 2341 3135 2410 φονεύσεις,
3151 2361 3169 2394 ι
3186 2343 3281 2397 καὶ
3303 2343 3365 2397 τό
3383 2359 3399 2374 ο
3429 2342 3530 2397 «Εἴ
3553 2360 3638 2407 τις
3655 2341 3799 2415 ἑτέρα

2236 2433 2445 2506 ἐντολὴ,
2485 2435 2544 2487 ὲν
2568 2433 2647 2505 τῷ
2678 2433 2822 2506 λόγῳ
2866 2434 3042 2507 τούτῳ
3072 2436 3604 2507 ἀνακεφαλαιοῦται,
3641 2456 3660 2489 ι
3698 2434 3798 2506 τῷ⁶

2242 2545 2260 2579 ι
2286 2528 2616 2600 ’Δγαπήσεις
2648 2527 2738 2581 τὸν
2773 2526 3001 2600 πλησίον
3031 2545 3124 2584 σου
3286 2530 3535 2585 σεαυτόν.
3571 2529 3620 2604 ι]
3661 2530 3799 2583 Ἐνα-

2234 2619 2452 2683 τενίσας
2479 2619 2589 2693 γάρ
2608 2619 2775 2674 αὐτοῦ
2807 2623 2873 2693 τῇ
2905 2620 3134 2694 διανοίᾳ,
3158 2603 3295 2677 εἶδεν
3322 2603 3612 2696 ἄνθρωπον
3627 2623 3798 2677 εὐσυν-

2236 2712 2461 2786 ειδήτως
2510 2712 2661 2784 (47)
2713 2713 3185 2786 ἐπαγγειλάμενον
3249 2716 3670 2789 πεπληρωκέναι
3716 2715 3799 2777 τὰς

2240 2806 2612 2878 προκειμένας
2635 2804 2873 2871 ἐντολάς.
2898 2807 3014 2862 Οὐκ
3049 2807 3113 2861 ἂν
3134 2808 3191 2861 δὲ
3219 2808 3514 2880 εἰρημένου
3545 2810 3675 2880 πρὸς
3698 2810 3801 2869 ταῖς

2238 2902 2454 2975 ἑτέραις
2489 2900 2729 2965 ἐντολαῖς
2762 2902 2856 2955 καὶ
2887 2901 3003 2956 τοῦ·
3043 2921 3062 2955 ι
3111 2905 3444 2976 Ἀγαπήσεις
3473 2906 3566 2959 τὸν
3596 2904 3802 2975 πλησίον

2242 3010 2333 3046 σου
2366 2991 2442 3057 ὡς
2466 2991 2709 3057 σεαυτὸν,
2755 3010 2773 3044 ι
2806 2992 2904 3065 τὴν
2929 2994 3474 3067 κεφαλαιωδεστέραν
3502 2997 3594 3051 καὶ
3632 2995 3800 3064 διαφέ-

2242 3102 2441 3159 ρουσαν
2474 3085 2773 3157 παρέλιπον
2816 3086 3035 3159 ἐντολὴν
3065 3089 3093 3142 6
3120 3088 3349 3159 Μάρκος
3396 3090 3499 3159 καὶ,
3523 3092 3552 3144 ὁ
3590 3090 3799 3151 Λουκᾶς.

556 3206 680 3247 esse
708 3204 829 3261 quae
858 3189 1060 3260 scripta
1091 3195 1239 3252 sunt,
1269 3194 1326 3240 at
1359 3199 1468 3239 non
1512 3183 1581 3238 ad
1633 3181 1885 3238 eumdem
1924 3179 2134 3238 referri.

2253 3170 2378 3232 Ἐὰν
2417 3178 2492 3250 μὴ
2514 3176 2622 3250 ἆρα
2651 3196 2736 3243 τις
2763 3180 2927 3249 ὃμοια
2955 3180 3052 3252 μὲν
3091 3181 3260 3253 φήσαι
3303 3178 3443 3236 εἶναι
3480 3182 3803 3255 τὰγεγραμ-

560 3282 761 3339 Vcrum
801 3282 1076 3354 quomodo
1123 3278 1330 3335 homini
1380 3292 1438 3335 se
1492 3284 1687 3348 praeter
1742 3275 1949 3346 reliqua
2006 3275 2135 3331 illud

2249 3269 2406 3343 μένα,
2452 3271 2514 3324 οὺ
2563 3271 2817 3344 περὶτοῦ
2864 3273 3030 3327 αὐτοῦ
3073 3274 3339 3346 λελέχθαι’
3385 3276 3508 3342 πῶς
3535 3277 3589 3330 δὲ
3614 3277 3699 3331 καὶ
3734 3276 3800 3338 ὡς

557 3379 723 3433 etiam
750 3388 998 3432 servasse
1019 3371 1339 3436 mandatum
1367 3372 1640 3442 proﬁtenti
1678 3391 1691 3427 :
1731 3390 1750 3424 ι
1792 3370 1990 3441 Diliges
2015 3386 2140 3441 pro-

561 3472 771 3525 ximum
801 3477 953 3524 tuum
999 3467 1143 3523 sicut
1197 3465 1486 3537 teipsum,»
1519 3464 1678 3534 quasi
1715 3462 1941 3517 minime
1967 3461 2140 3531 perle-

562 3570 648 3617 cto
670 3560 895 3615 dixisset
924 3557 1084 3615 Jesus
1106 3558 1153 3590 ⁸⁸
1181 3577 1194 3613 :
1234 3575 1252 3610 ι
1279 3556 1337 3612 Si
1380 3556 1462 3612 vis
1501 3555 1772 3627 perfectus
1804 3570 1945 3618 esse,
1981 3554 2138 3617 vade,

2246 3364 2459 3419 οὐδέπω
2486 3364 2675 3438 τελείῳ
2701 3365 2781 3438 τῷ
2810 3367 2949 3440 πρὸς
2982 3367 3190 3440 ἑτέροις
3227 3369 3670 3442 ὲπαγγειλαμένῳ
3701 3368 3798 3441 (48)

2247 3459 2342 3515 καὶ
2366 3458 2486 3532 τὴν,
2516 3477 2535 3511 ι
2578 3459 2908 3535 Ἀγαπήσεις
2926 3459 3017 3514 τὸν
3040 3460 3265 3532 πλησίον
3292 3478 3387 3514 σου
3417 3462 3495 3525 ὡς
3520 3460 3743 3524 σεαυτὸν,
3776 3477 3793 3511 ι

2247 3549 2465 3622 ἐντολὴν
2497 3549 2880 3622 πεπληρωκότι
2911 3549 3015 3622 ἔφη
3047 3553 3076 3604 6
3119 3550 3326 3624 Ἰησοῦς
3365 3551 3451 3606 τόο
3494 3572 3513 3604 ι
3552 3554 3612 3606 Ei
3650 3551 3797 3613 θέλεις

561 3653 735 3709 vende
756 3667 877 3723 qua:
905 3651 1093 3718 habes,
1121 3659 1177 3706 et
1203 3649 1271 3706 da
1296 3647 1678 3719 pauperibus,»
1729 3654 1782 3701 et
1833 3653 2048 3702 Caetera.
2076 3644 2137 3699 Et

2248 3643 2450 3706 τέλειος
2501 3637 2669 3711 εἶναι,
2729 3640 2927 3712 ὕπαγε,
2980 3641 3230 3716 πώλησόν
3280 3661 3375 3699 σου
3414 3644 3484 3699 τὰ
3515 3645 3797 3718 ὑπάρχοντα

1777 3756 2011 3816 VETUS
2047 3756 2628 3816 INTERPRETATIO.

563 3883 739 3949 coelts,
773 3890 827 3937 et
850 3882 996 3950 veni,
1023 3895 1387 3952 sequereime.
1428 3899 1447 3932 ι
1492 3878 1525 3934 ι’
1533 3879 1616 3935 ide
1642 3894 1773 3952 ergo
1799 3878 1843 3935 si
1874 3892 2172 3952 possumus
2205 3877 2645 3952 ad_p_r_opusitam_
2678 3878 3374 3952 quaestionemgsecundum
3403 3895 3573 3936 unum
3602 3879 3789 3951 quidem

563 3947 788 4009 modum
820 3947 999 4008 taliter
1041 3947 1371 4020 respondere
1397 3966 1410 4002 :
1440 3953 1568 4022 quia
1593 3965 1662 4005 ne
1689 3947 1829 4022 forte
1863 3947 2021 4022 quod
2066 3949 2139 4022 ait
2170 3965 2182 4001 :
2214 3967 2233 4000 ι
2264 3947 2465 4022 Diliges
2494 3947 2991 4022 proxim—umtuum
3021 3950 3165 4006 sicut
3190 3952 3426 4022 teipsum
3449 3994 3464 4018 ,
3496 3971 3517 4005 ι
3554 3947 3790 4022 suspicari

562 4034 740 4095 potest
761 4038 869 4079 non
895 4039 926 4078 a
951 4017 1184 4078 Domino
1208 4017 1527 4095 positum—in
1555 4021 1660 4076 hoc
1688 4020 1828 4095 loco,
1852 4017 1946 4076 sed
1973 4019 2041 4074 ab
2072 4020 2258 4091 aliquo
2291 4017 2477 4095 nescio
2501 4017 2776 4095 quotnou
2810 4017 3532 4095 intelligentesubiilitatem
3549 4017 3788 4079 dictorum

565 4090 821 4162 istorum,
858 4090 1276 4173 additumessc.
1305 4091 1627 4173 [iocantem
1663 4092 2088 4173 adjectumesse
2120 4090 2485 4173 commendat,
2515 4090 2868 4173 quodnipsum
2901 4090 3079 4148 locum
3113 4090 3333 4173 Marcus
3366 4102 3418 4149 et
3462 4092 3630 4173 bucas
3650 4105 3793 4173 expo-

564 4176 776 4233 nentes,
807 4160 998 4221 neuter
1019 4163 1227 4220 addidit
1255 4180 1268 4216 :
1306 4182 1324 4216 ι
1358 4162 1561 4235 Diliges
1592 4160 1902 4235 proximum
1941 4169 2094 4235 turum
2127 4160 2559 4235 sicututeipsum'.
2592 4182 2610 4214 ι
2647 4160 2798 4235 Dicet
2826 4172 3007 4218 autem
3033 4163 3126 4233 qui
3155 4163 3429 4235 adjectum
3465 4160 3792 4222 hocessede-

563 4238 784 4293 feudere
826 4237 939 4292 vult
971 4252 986 4265 ο
1026 4235 1084 4290 Si
1108 4235 1300 4290 eadem
1337 4232 1739 4305 ipsajdivcrsis
1773 4233 2119 4305 sermonibus
2148 4248 2178 4288 a
2213 4232 2389 4305 tribus
2424 4243 2550 4288 sunt
2593 4233 2837 4303 exposita
2860 4275 2875 4299 ,
2920 4232 3201 4305 nunquam
3223 4232 3478 4291 'dixisset
3519 4236 3792 4305 Dominus:

562 4309 757 4363 Adhuc
782 4323 951 4363 unum
976 4306 1075 4362 tibi
1107 4315 1301 4373 restat,
1325 4302 1420 4360 aut
1450 4303 1629 4361 Unum
1662 4304 1759 4359 tibi
1793 4303 1971 4371 deest,
2002 4303 2053 4359 ei
2087 4305 2180 4374 qui
2201 4303 2598 4376 professuscst
2626 4302 2697 4376 se
2716 4305 3031 4376 implevisse
3055 4302 3371 4360 mandatum
3398 4308 3544 4376 quod
3571 4308 3667 4361 ait:
3694 4302 3793 4357 «Di-

563 4380 697 4450 liges
734 4376 1670 4458 proximum.tuum_sic_ut‘teipsum
1695 4376 2034 4458 “maxime
2066 4381 2112 4430 si
2145 4375 2446 4458 secundum
2475 4375 3022 4458 A'pqstolum’xuquod
3058 4376 3259 4458 dicitur
3287 4394 3302 4432 :
3339 4395 3358 4429 ι
3385 4375 3506 4432 Non
3537 4378 3746 4458 occides,
3771 4391 3788 4425 ι

562 4444 857 4515 ειόιοίετιι,
895 4467 914 4502 ι
942 4457 998 4504 et
1029 4448 1077 4504 si
1110 4447 1258 4519 quod
1284 4447 1433 4503 aliud
1457 4444 1540 4503 est
1567 4444 1888 4505 mandatum
1919 4446 1976 4501 in
2002 4446 2109 4502 hoc
2134 4447 2303 4502 verbo
2333 4447 2732 4517 recapitulatur
2757 4462 2771 4500 :
2798 4444 3001 4520 Diliges
3035 4449 3349 4519 proximum
3388 4459 3541 4506 tuum
3570 4451 3698 4506 sicut
3720 4456 3789 4501 te-

636 4589 683 4622 “
721 4588 915 4645 Matth.
940 4605 1053 4655 xix,
1085 4589 1175 4646 19.
1250 4591 1296 4623 ⁸⁸
1320 4587 1490 4646 Marc.
1519 4606 1575 4659 x,
1600 4590 1665 4645 21
1687 4608 1702 4659 ;
1721 4587 1854 4647 Luc.
1890 4605 2047 4658 xvnt,
2077 4588 2137 4644 29

2248 4590 2294 4622 “
2315 4588 2476 4645 Rom.
2501 4606 2625 4661 xm,
2651 4590 2705 4647 9.
2784 4590 2829 4625 ⁸⁷
2857 4590 3022 4649 Marc.
3058 4609 3115 4664 ι,
3143 4592 3234 4649 20.
3310 4593 3358 4627 ⁸⁸
3378 4593 3569 4653 Matth.
3600 4591 3788 4663 xix,2l.

661 4712 750 4788 ιδ)
801 4713 1016 4788 tam
1049 4712 1232 4788 codex
1264 4715 1489 4788 Regius.
1509 4715 1792 4788 Σωτῆρος.

660 4784 749 4856 46)
789 4785 1031 4853 Εἰρήκει
1058 4788 1091 4839 ὁ
1122 4783 1372 4855 Ἰησοῦς-⁷
1393 4785 1472 4851 τῷ
1495 4783 1999 4856 ὲπατῇειλαμένῳ.
2043 4783 2146 4841 Lo-

565 4871 691 4913 cum
720 4857 866 4910 bunc
896 4858 1157 4927 intactum
1190 4857 1528 4927 reliquimus,
1547 4872 1709 4927 quem
1734 4866 1916 4912 tamen
1942 4856 2145 4925 insigni

566 4926 891 4999 trajectioue
948 4926 1313 4983 deformatum
1344 4942 1467 4983 esse
1495 4926 1792 4999 ex’veteris
1823 4928 2147 4997 interpreta-

2182 4720 2225 4775 D
2252 4714 2614 4789 ermwsiila'ro
2664 4713 3135 4789 mnlquqtévat:
3160 4715 3478 4789 ὲνατενίσας
3528 4718 3661 4789 γάρ,
3706 4726 3789 4770 etc.

2260 4732 2614 4785 επηγγειλατο
2664 4732 3116 4839 πεπληϐωκεναν
3160 4732 3478 4781 ενατενισας
3528 4732 3661 4789 γαρ,
3706 4732 3789 4770 CIC.

2260 4784 2427 4860 Yetus
2463 4787 2689 4860 interpr.
2722 4802 2735 4837 :
2776 4805 2794 4860 ι
2870 4787 3077 4860 Λὶχίεδοι
3105 4786 3675 4860 Dominus.....geiqui
3695 4799 3795 4860 pro-

2257 4856 2437 4912 fessus
2461 4865 2544 4929 est
2579 4872 2639 4911 se
2665 4857 2976 4929 implevisse
3005 4858 3323 4912 mandatum
3354 4858 3503 4929 quod
3538 4856 3648 4914 ait:
3683 4856 3792 4910 Diti»

2256 4942 2341 4998 ges
2389 4928 2692 4999 proximum
2734 4938 2881 4981 tuum
2910 4928 3045 4982 sicut
3078 4931 3335 4999 teipsum,
3376 4928 3613 4999 maxime
3646 4931 3687 4986 si
3724 4944 3792 4982 se-

565 4997 753 5064 tiouis,
775 5008 829 5053 et
843 5013 911 5053 ex
932 4999 1215 5054 sententia:
1235 4999 1567 5054 obscuritate
1600 4997 1802 5067 liquet:
1831 5012 2147 5068 quanquam

565 5072 691 5135 hic,
742 5077 806 5126 ut
846 5069 903 5124 in
945 5069 1069 5124 aliis
1115 5068 1230 5125 fere
1258 5070 1513 5125 omnibus
1552 5068 1898 5124 consentiant
1933 5068 2149 5124 codices

561 5141 763 5206 nostri,
795 5148 854 5196 ut
877 5139 1347 5215 es_eodem__fonte
1371 5149 1662 5215 utrumque
1684 5138 2012 5215 proﬂuxisse
2038 5153 2149 5215 non

565 5227 707 5268 vana
760 5212 1003 5283 suspicio
1034 5211 1125 5283 sit.
1157 5209 1314 5283 Hunc
1342 5226 1473 5283 ergo
1501 5209 1790 5283 locum’sic
1818 5210 2097 5283 sanaveris
2132 5226 2147 5262 :

568 5284 795 5353 Είρήκει
823 5279 1093 5353 ὁ”Ιησοῦς
1123 5281 1203 5353 τῷ
1228 5279 1681 5353 ὲπαγγὲιλαμένῳ
1727 5279 2149 5353 πεπληρωκέναι
2187 5306 2193 5313 ο

567 5335 1091 5426 Ῥγῆζθέἦλτάπῇσειξ
1133 5335 1242 5426 τὸν
1282 5335 1697 5426 πλῆσιογέ-σοῇ
1743 5352 1825 5426 ὠς
1852 5335 2147 5426 σὲαιλτὸκ,

568 5421 817 5510 ἐντοληνξ
869 5423 1101 5510 μάλιστα
1139 5425 1195 5510 εί
1237 5426 1379 5510 κατά
1406 5423 1511 5510 ’τὸν
1537 5421 1888 5510 ’Ἄπιξστολον
1920 5422 1982 5503 τό
2001 5438 2025 5510 ξ
2047 5423 2149 5510 Ὀὐ

569 5491 921 5566 φονεύσειέ,
972 5495 1066 5548 καὶ
1107 5495 1160 5547 εί
1203 5511 1290 5559 τις
1332 5495 1493 5566 ἑτέρα
1533 5491 1748 5566 ἐντολὴ,
1797 5494 1854 5546 ὲν
1891 5492 1970 5566 τῷ
2006 5491 2151 5566 λόγῳ

568 5564 745 5636 τούτῳ
773 5565 1267 5635 ἀνακεφαλαιοῦται
1284 5585 1297 5600 ·
1334 5563 1445 5638 «qr
1474 5563 1832 5638 Ἀγαπήσεις
1858 5563 1967 5617 τὸν
1989 5565 2151 5638 ’πλη-

1381 5634 1518 5691 mw
1570 5636 1691 5688 ἐπεὶ
1738 5636 1832 5687 καὶ
1872 5635 2014 5689 κατὰ
2059 5634 2151 5687 τὸν

570 5639 712 5689 alar
749 5652 865 5691 σου
919 5639 999 5703 ὡς
1038 5639 1315 5693 σεαυτόν.

568 5707 829 5777 Μάρκον*
877 5707 1207 5777 Ὲμόλέψας
1247 5707 1327 5774 τῷ
1360 5708 1600 5776 πλησιῳ
1647 5706 1834 5771 τούτῳ
1881 5707 2109 5759 εἰπόντι
2133 5721 2146 5735 ·

570 5776 775 5832 Πάντα
800 5776 985 5832 ταῦτα
1008 5778 1282 5847 ἐφύλαξα
1307 5780 1374 5832 ἐκ
1404 5777 1685 5847 νεότητός
1698 5794 1837 5846 μου,
1867 5776 2151 5847 ἠγάπησεν

573 5849 767 5917 αὑτὸν,
816 5848 961 5904 ἔοικε
1015 5844 1533 5917 συγκατατεθεῖσθαι
1584 5846 1660 5918 τῷ
1700 5844 2068 5920 ’πεποιηκέναι
2116 5844 2154 5899 ὂ.

2256 4994 2497 5053 cundum
2526 4998 2850 5067 Apostolum
2872 5038 2888 5063 ,
2916 4998 3063 5069 quod
3090 4994 3293 5055 dicitur
3320 4994 3333 5051 ἑ
3368 4994 3493 5055 Νοη
3518 5002 3733 5059 occides.
3754 5007 3793 5050 et

2259 5076 2475 5132 caetera,
2495 5078 2550 5123 et
2571 5069 2617 5123 si
2637 5070 2783 5139 quod
2812 5071 2959 5124 aliud
2986 5078 3069 5125 est
3093 5071 3436 5138 mandatum,
3455 5073 3512 5127 in
3543 5074 3641 5128 hoc
3664 5069 3794 5125 verbo

2259 5139 2648 5210 recapitulatur
2689 5157 2703 5193 :
2760 5139 2959 5210 Diliges
3016 5142 3319 5209 proximum
3380 5151 3532 5196 tuum
3574 5146 3698 5198 sicut
3741 5152 3794 5191 lt-

2257 5208 2450 5279 ipsuin.
2469 5208 2605 5264 Nam
2634 5208 2934 5265 secundum
2960 5208 3199 5266 Marcum
3232 5212 3313 5268 sic
3346 5212 3479 5268 dicit
3506 5229 3520 5266 :
3549 5212 3793 5268 Ιιιιειιάιιυ

2258 5285 2313 5335 in
2348 5297 2467 5335 eum
2498 5283 2589 5352 qui
2614 5280 2824 5353 dixerat
2849 5298 2867 5337 :
2898 5280 3093 5335 Omnia
3114 5285 3316 5337 servari
3340 5302 3371 5336 (ι
3391 5283 3661 5353 juventute
3689 5300 3794 5353 mea.

2258 5353 2449 5407 dilexit
2477 5368 2625 5417 etim,
2653 5352 2774 5419 vel,
2816 5353 3097 5408 osculatus
3131 5362 3216 5408 est
3249 5352 3400 5409 eum.
3445 5352 3657 5410 Videtur
3680 5352 3795 5408 enim

2260 5421 2559 5495 alIirmasse
2588 5423 2981 5493 professionem
3010 5424 3129 5494 ejus
3153 5424 3247 5495 qui
3277 5426 3413 5480 dixit
3457 5441 3517 5481 sc
3544 5425 3712 5482 omnia
3747 5438 3796 5476 ea

2258 5494 2587 5564 implevisse.
2617 5495 2907 5551 lntendens
2937 5495 3104 5561 enim,
3136 5494 3288 5551 rete.
3322 5494 3586 5554 Hunnus.

2328 5564 2443 5634 (47)
2471 5566 2653 5620 Codex
2685 5564 2905 5635 Regius,
2939 5566 3341 5631 εὐσυνειδότως.

2333 5634 3020 5707 (48))Επαγγειλαμένφ.
3068 5636 3159 5692 Sic
3222 5652 3453 5707 uterque
3500 5639 3661 5695 codex
3704 5651 3796 5691 ma-

2262 5705 2430 5761 nusc.
2450 5705 2628 5782 Editio
2657 5705 2850 5782 autem
2887 5706 3089 5782 liuetii,
3120 5705 3594 5782 ἁπαγγειλαμένῳ.
3625 5708 3790 5768 Ibidem

2259 5791 2359 5847 pro
2383 5776 2788 5852 πεπληρωκότι,
2815 5777 2952 5835 forte
2973 5776 3259 5852 legendum
3284 5776 3708 5855 πεπληρωκέναι.
