3954 6560
120 472 123 475 -
239 435 396 494 {297

1245 435 1602 495 COMMENT.
1642 434 1709 492 IN
1742 434 2161 497 MATTH/EUM
2196 438 2435 497 TOMUS
2470 438 2586 496 XV.

3383 446 3521 505 i298

235 554 294 605 at
343 552 741 618 πιστεύσαντες
768 553 861 608 ἑπὶ
892 552 953 609 τὸ
976 554 1130 622 αὐτὸ,
1173 551 1321 629 εἶχον
1362 557 1579 614 ἅπαντα
1610 558 1832 625 κοινὰ,ἰ

1950 559 2201 617 ctendam
2236 562 2419 629 (idem,
2447 569 2504 619 et
2537 560 2706 617 vitam
2750 560 3069 634 perfectam,
3101 574 3153 621 ct
3181 565 3522 625 documentis

232 645 343 698 καὶ
364 644 434 699 τὰ
455 644 608 716 ἑξῆς,
628 646 731 709 ἕως
752 644 868 700 τοῦ’
882 665 900 700 ι
939 648 1224 713 Αίνοῦντες
1246 647 1338 704 τὸν
1353 649 1506 715 Θεὸν,
1527 650 1624 705 καὶ
1634 650 1832 722 ἔχοντες

1945 651 2075 709 Jesu
2127 670 2426 712 consonam
2481 654 2873 713 instituendam
2937 660 3262 718 auctoritate
3312 678 3412 719 sua
3468 672 3523 718 et

231 736 412 809 χάριν
439 737 579 808 πρὸς
604 736 723 790 ὅλον
749 736 839 791 τὸν
870 737 1019 794 λαόνο
1060 759 1080 792 ι
1114 740 1209 795 καὶ
1239 741 1355 812 μετ’
1396 740 1553 811 ὀλίγα
1596 742 1759 797 πάλιν
1785 742 1845 796 ὲν

230 830 309 899 τῇ
364 827 505 899 αὐτῇ
558 827 869 899 γέγραπται
916 828 1106 903 βίϐλῳ,
1138 832 1218 885 ὅτι
1261 850 1281 884 ι
1336 830 1431 886 τοῦ
1466 832 1701 906 πλήθους
1736 832 1844 887 τῶν

236 920 620 974 πιστευόντων
646 916 714 993 ἦν
741 920 940 994 καρδία
968 924 1063 977 καὶ⁸
1087 922 1232 996 ψυχὴ
1264 923 1381 997 μία,
1421 943 1440 977 ι
1478 927 1573 981 καὶ
1600 925 1671 980 τὰ
1694 924 1841 997 ἑξῆς,

232 1010 354 1073 ἕως
384 1008 499 1062 τοῦο
539 1029 558 1061 ι
604 1011 817 1082 Ἤγαγε
860 1013 923 1067 τὸ
960 1014 1169 1087 χρῆμα,
1208 1015 1304 1071 καὶ
1345 1015 1509 1091 ἔθηκε
1540 1018 1695 1092 παρά
1717 1020 1845 1085 τοὺς

230 1100 583 1167 ἀποστόλους
612 1102 746 1176 (55).
779 1123 798 1157 ι
827 1102 961 1162 Εἶτα
993 1108 1315 1181 ἐπιφέρεται
1359 1110 1569 1178 τούτοις
1606 1112 1674 1169 τὰ
1713 1113 1841 1186 περὶ

228 1193 339 1247 τοῦ
389 1195 632 1250 Ἀνανίου
676 1198 768 1251 κα)⁸
817 1200 918 1273 τῆς
964 1201 1302 1276 Σαπφείρας,
1343 1204 1693 1278 ἀποδομένων
1741 1209 1840 1281 μὲν

233 1288 437 1359 κτῆμα
453 1290 688 1358 ἑαυτῶν,
717 1295 1132 1367 νοσφισαμένων
1158 1295 1217 1350 δὲ
1250 1297 1359 1352 ἀπὸ
1390 1299 1491 1372 τῆς
1517 1301 1708 1373 τιμῆς,
1746 1303 1841 1358 καὶ

229 1380 345 1453 οὐχ
362 1380 506 1447 ὅλον,
531 1383 667 1438 ἀλλὰ
697 1385 863 1459 μέρος
894 1387 1249 1461 ἀποθεμένων
1270 1390 1422 1463 παρὰ
1439 1394 1552 1458 τοῖς
1572 1392 1681 1447 τῶν
1706 1394 1842 1447 ἀπο-

232 1475 449 1528 στόλων
478 1478 626 1542 ποσὶ,
661 1480 754 1532 καὶ
795 1479 884 1535 διὰ
925 1479 1084 1535 τοῦτο
1131 1481 1225 1535 ἐπὶ
1269 1481 1518 1556 ἁμαρτίᾳ
1559 1483 1838 1541 παθόντων

229 1567 312 1621 τὰ
369 1570 873 1645 ἀναγεγραμμένα·
928 1574 1068 1643 ἄξιοι
1112 1574 1220 1647 γὰρ
1266 1571 1408 1648 ἦσαν
1438 1575 1532 1630 τοῦ
1583 1579 1648 1631 ὲκ
1689 1576 1839 1645 θείας

231 1662 553 1736 ἐπισκοπῆς
589 1666 885 1721 ἀπολαϐεῖν
941 1667 1177 1723 ἐνταῦθα
1228 1668 1289 1723 τὸ
1320 1670 1707 1743 ἡμαρτημένον
1748 1671 1838 1726 διὰ

230 1756 561 1828 νοσφισμὸν,
609 1758 695 1812 ἴνα
748 1758 1122 1832 καθαρώτεροι
1165 1761 1552 1832 ἀπαλλαγῶσιν
1586 1762 1695 1817 ἀπὸ
1738 1762 1833 1817 τοῦ

233 1845 382 1918 βίου,
407 1849 812 1922 τιμωρηθέντες
836 1854 903 1924 τῇ
933 1853 1295 1926 ἀπαντησάσῃ
1331 1855 1518 1921 αὐτοῖς
1555 1854 1834 1910 παιδεύσει

1947 745 2151 803 virtute
2177 749 2577 821 compellehant
2605 766 2618 803 :
2656 748 2738 807 sic
2763 755 2946 806 autem
2988 766 3047 808 se
3079 751 3281 809 habent
3311 754 3399 809 illa
3428 756 3471 788 ’ί
3504 772 3516 807 :

1954 853 1973 888 ι
2008 834 2212 895 Omnes
2240 839 2404 895 etiam
2437 840 2534 912 qui
2580 840 2925 903 crediderant
2966 842 3204 914 pariter,
3251 844 3522 901 habebant

1944 934 2127 989 omnia
2151 935 2489 1005 communia,
2525 957 2544 990 ι
2570 944 2624 993 et
2644 946 2838 994 caetera
2864 951 3039 1008 usque
3062 937 3131 993 ad
3161 936 3213 993 id
3238 938 3283 971 "
3314 957 3327 992 :
3351 956 3369 989 ι
3397 936 3522 994 Col-

1943 1026 2229 1083 laudantes
2280 1025 2450 1084 Deum
2473 1069 2487 1093 ,
2530 1037 2585 1085 et
2629 1028 2889 1086 habentes
2927 1027 3158 1101 gratiam
3194 1027 3262 1084 ad
3301 1043 3519 1084 omnem

1942 1118 2175 1190 plebem.
2212 1138 2231 1172 ι
2271 1117 2338 1176 Ει
2380 1135 2602 1178 rursum
2654 1121 2818 1191 paulo
2862 1128 2990 1193 post
3039 1120 3095 1179 in
3142 1120 3333 1177 eodem
3381 1120 3521 1177 libro

1941 1212 2206 1282 scriptum
2254 1220 2340 1269 est
2369 1212 2457 1270 "z
2498 1232 2517 1266 ι
2556 1214 2921 1271 multitudinis
2971 1214 3308 1269 credentium
3349 1212 3521 1271 fuisse

1940 1318 2036 1361 cor
2062 1315 2117 1361 et
2146 1305 2384 1361 animam
2430 1322 2617 1376 unam,
2652 1326 2672 1360 ι
2702 1316 2757 1364 et
2803 1306 3013 1379 reliqua
3041 1307 3112 1363 ad
3150 1307 3265 1363 haec
3298 1322 3472 1378 usque
3501 1326 3516 1362 :

1945 1414 1965 1449 ι
2013 1396 2210 1458 Attulit
2250 1396 2519 1469 pretium,
2558 1409 2613 1455 et
2645 1400 2827 1470 posuit
2871 1412 2998 1457 ante
3035 1400 3332 1471 apostolos.
3368 1419 3387 1453 ι
3423 1399 3519 1456 llis

1938 1486 2196 1560 deinceps
2242 1489 2472 1547 Ananiae
2512 1500 2567 1547 et
2614 1489 2898 1563 Sapphira:
2955 1492 3186 1548 historia
3243 1493 3520 1549 subnecti-

1940 1590 2048 1651 tur,
2081 1583 2177 1654 qui
2221 1584 2625 1655 possessionem
2673 1586 2891 1655 quidem
2942 1601 3097 1641 suam
3140 1586 3515 1653 vendiderant,

1936 1673 2177 1745 aliquam
2222 1686 2403 1733 autem
2450 1677 2612 1747 pretii
2661 1688 2866 1748 partem
2917 1678 3367 1744 interverterant;
3417 1694 3519 1735 nec

1935 1761 2171 1832 pretium
2199 1771 2395 1830 totum,
2426 1763 2520 1819 sed
2547 1766 2854 1836 portionem
2884 1766 3057 1836 ipsius
3096 1767 3364 1822 duntaxat
3389 1776 3518 1824 ante

1936 1853 2101 1923 pedes
2161 1856 2535 1925 apostolorum
2602 1857 2999 1927 deposuerant;
3048 1868 3102 1913 et
3152 1859 3355 1916 idcirco
3414 1874 3517 1931 pro

231 1938 297 1991 ἐν
326 1938 492 2011 κοινῷ
532 1932 766 2014 θανάτῳ,
803 1942 893 1998 διὰ
925 1942 987 1997 τὸ
1011 1944 1105 1999 κα)⁵
1141 1946 1587 2013 πεπιστευκέναι,
1616 1946 1712 2002 καὶ
1742 1946 1832 2018 μέ-

1939 1956 2160 2017 peccato
2189 1947 2243 2003 id
2275 1947 2491 2004 fuerant
2524 1949 2765 2020 perpessi
2810 1950 2957 2021 quod
3005 1950 3200 2007 litteris
3255 1952 3514 2008 traditum

234 2046 337 2101 ρος
360 2048 413 2085 τι
459 2031 608 2105 παρὰ
635 2035 762 2098 τοὺς
800 2034 967 2100 πόδας
1006 2035 1115 2090 τῶν
1148 2036 1460 2092 ἀποστόλων
1507 2038 1831 2095 τεθεικέναι.

232 2125 407 2178 Δοκεῖ
437 2124 496 2179 δέ
540 2143 652 2198 μοι,
686 2126 768 2181 ὅτι
806 2126 1021 2183 ἀκούων
1065 2131 1313 2197 Ἀνανίας
1339 2131 1465 2196 τοὺς
1494 2132 1687 2202 λόγους
1710 2132 1835 2187 τού-

231 2233 401 2298 τους..
441 2218 529 2273 διὰ
568 2217 728 2273 τοῦτο
767 2219 948 2276 πεσὼν
989 2221 1285 2293 exesus“,
1339 2225 1461 2278 ἐπεὶ
1496 2225 1597 2279 ούκ
1635 2226 1835 2297 ἧνεγκε

231 2309 334 2362 τὸν
362 2308 604 2382 ἔλεγχον,
633 2311 767 2366 ἀλλὰ
804 2312 1225 2386 βασανιζόμενος
1255 2316 1507 2372 τοσοῦτον
1541 2318 1831 2390 ἐκολάσθη,

234 2401 338 2454 καὶ
363 2400 440 2466 ὡς
467 2402 717 2474 ἑκψύξαι,
754 2404 1128 2478 καθικομένων
1158 2406 1262 2462 τῶν
1293 2408 1465 2479 λόγων
1493 2409 1702 2483 Πέτρου
1734 2411 1834 2482 τῆς

230 2492 424 2566 ψυχῆς
451 2496 637 2551 αὐτοῦ.
672 2498 781 2551 Καὶ
814 2499 875 2552 ού
924 2499 1127 2571 Πέτρον
1166 2517 1231 2571 γε
1278 2502 1563 2574 νομιστέον
1600 2502 1833 2558 ἐνταῦθα

231 2585 577 2659 ἀνηρηκέναι
615 2588 705 2643 τὸν
749 2589 1016 2658 Ἁνανίαν,
1046 2591 1163 2647 ἀλλ’
1196 2593 1404 2649 ἐκεῖνον
1446 2594 1520 2666 μὴ
1556 2594 1835 2667 ὑπομεμε-

231 2678 466 2750 νηκέναι
489 2679 589 2753 τὴν
611 2681 950 2758 σφοδρότητα
976 2682 1070 2737 τοῦ
1095 2684 1340 2750 εἰπόντος
1370 2686 1507 2759 πρὸς
1539 2687 1704 2742 αὑτὸν
1729 2688 1834 2742 Πέ-

233 2786 394 2843 τρου·
443 2790 462 2824 ι
503 2772 604 2826 Διὰ
633 2773 697 2826 τί
733 2775 1053 2847 ἐπλήρωσεν
1095 2778 1124 2830 ὀ
1167 2778 1412 2843 Σατανᾶς
1455 2778 1554 2852 τὴν
1604 2780 1831 2853 καρδίαν

233 2879 367 2930 σου;
399 2883 418 2915 ι
456 2866 549 2919 καὶ
575 2866 642 2921 τὰ
677 2867 824 2939 ἑξῆς,
852 2867 959 2933 ἕως
980 2866 1094 2922 τοῦο
1121 2888 1140 2922 ι
1164 2871 1275 2924 Καὶ
1304 2871 1523 2942 ἐγένετο
1551 2872 1715 2943 φόϐος
1745 2873 1835 2947 μέ-

232 2978 344 3030 γας
374 2962 469 3015 ἐπὶ
496 2961 701 3029 πάντας
730 2966 857 3030 τοὺς
876 2967 1193 3033 ἀκούοντας.
1235 2988 1254 3021 ι
1278 2970 1441 3035 Εἰκὸς
1468 2969 1526 3024 δὲ
1562 2970 1700 3043 πρὸς
1731 2969 1831 3043 τὴν

233 3054 335 3109 τοῦ
373 3056 617 3113 Ἀνανίου
649 3059 923 3127 ἀπόδοσιν,
953 3062 1011 3117 ἑν
1102 3063 1232 3135 περὶ
1271 3062 1363 3117 τοῦ
1394 3063 1602 3137 Πέτρου
1631 3065 1830 3120 ἀπελο-

233 3147 554 3221 γησάμεοα,
572 3151 935 3224 ἑνστήσασθαί
962 3153 1071 3226 (56)
1091 3172 1213 3211 τινα
1234 3155 1322 3210 διὰ
1341 3157 1677 3229 Σάπφειραν,
1707 3160 1830 3214 ἐπεὶ

233 3240 403 3345 αὕτη,
442 3261 470 3345 ι.
602 3243 773 3345 eid-uia
799 3246 860 3299 τὸ
880 3248 1124 3345 γεγονὸς,
1152 3249 1388 3321 εἰσῆλθε.
1421 3250 1531 3306 Καὶ
1554 3252 1827 3345 ἀπεκρίθη
1856 3282 1901 3345 c

237 3333 380 3406 πρὸς
414 3335 582 3408 αὐτὴν
612 3339 641 3391 ὁ
672 3337 875 3411 Πέτρος
907 3339 1098 3411 λέγων·
1148 3342 1211 3396 El
1255 3342 1512 3397 τοσούτου
1544 3344 1605 3398 τὸ
1631 3346 1829 3418 χωρίον

237 3428 540 3497 ἀπέδοσθε;
571 3431 844 3503 Είπούσης
871 3434 1061 3505 αὐτῆς,
1090 3436 1380 3491 Τοσούτου·
1414 3438 1443 3491 ὁ
1469 3437 1676 3510 Πέτρος
1695 3439 1830 3512 πρὸς

236 3523 412 3594 αὐτὴν
460 3540 611 3595 φησι·
647 3525 713 3579 Τί
755 3526 837 3580 ὅτι
872 3528 1226 3601 συνεφωνήθη
1276 3530 1405 3601 ὑμῖν
1459 3531 1719 3603 πειράσαι
1767 3532 1831 3587 τὸ

244 3614 473 3686 Πνεῦμα
495 3614 724 3687 Κυρίου;
756 3617 886 3674 Ἰδοὺ
914 3619 964 3674 οἱ
991 3619 1152 3685 πόδες
1169 3620 1279 3675 τῶν
1306 3621 1592 3692 θαψάντων
1620 3622 1713 3678 τὸν
1735 3624 1830 3679 ἀν-

236 3708 341 3779 δρα
376 3725 469 3762 σου
518 3709 611 3763 ἑπί⁵
640 3712 708 3782 τῇ
751 3709 892 3785 θύρᾳ
923 3712 1054 3784 (57),
1096 3714 1191 3768 καὶ
1239 3713 1508 3781 ἐξοίσουσι
1554 3732 1634 3769 σε’
1667 3715 1829 3771 ἔπεσε

236 3802 350 3873 γὰρ
376 3803 717 3875 παραχρῆμα
742 3806 834 3859 καὶ
856 3806 994 3877 αὐτὴ
1028 3807 1310 3880 πρὸςθτοὺς
1335 3808 1499 3873 πόδας
1519 3808 1706 3872 αὑτοῦ,
1735 3813 1829 3864 καὶ

237 3893 513 3965 ἐξέψυξεν.
560 3916 578 3948 ι
625 3897 783 3952 Ἀλλὰ
805 3898 1020 3971 λεχθείη
1056 3899 1140 3964 ἂν,
1174 3900 1256 3954 ὅτι
1280 3900 1527 3973 κάκείνη,
1558 3903 1827 3976 ἑπιπλησ-

240 3988 445 4061 σομένη
497 3990 591 4043 καὶ
638 3990 938 4063 βαρηθειῖσα
968 3990 1066 4064 τὴν
1096 3991 1297 4065 ψυχὴν,
1336 3992 1412 4065 πὴ
1448 3994 1546 4065 μὲν
1592 3994 1697 4048 ὑπὸ
1732 3995 1828 4051 τοῦ

239 4083 334 4135 ἐπὶ
385 4084 451 4154 τῇ
497 4084 746 4157 ἁμαρτίᾳ
782 4083 1034 4155 ἐλέγχου,
1072 4084 1150 4155 πὴ
1201 4084 1259 4138 δὲ
1288 4086 1381 4139 ἐπὶ
1410 4088 1476 4159 τῇ
1507 4086 1603 4141 τοῦ
1637 4087 1829 4161 ἀνδρὸς

242 4173 517 4245 συμφορᾷ,
565 4172 659 4226 καὶ
713 4172 856 4246 λύπῃ
910 4176 977 4246 τῇ
1035 4176 1164 4246 περὶ
1214 4174 1403 4241 αὑτοῦ,
1441 4176 1518 4251 πὴ
1557 4176 1614 4231 δὲ
1642 4177 1733 4231 ἐπὶ
1760 4180 1826 4252 τῇ

239 4262 381 4318 κατὰ
404 4263 496 4317 τὸν
524 4264 656 4319 Θεὸν
692 4264 858 4338 λύπῃ,
886 4263 1133 4337 aestues,
1164 4268 1580 4341 προεωρακότος
1609 4268 1703 4324 τοῦ
1733 4269 1829 4324 Πέ-

237 4370 369 4426 τρου
412 4353 491 4426 τῷ
532 4355 800 4426 πνεύματι
834 4354 893 4409 τὸ
939 4356 1386 4428 ἀπαντησόμενον
1434 4360 1592 4431 αὐτῇ.
1642 4359 1830 4413 Ταῦτα

238 4449 298 4503 δὲ
350 4452 483 4522 ἡμῖν
527 4449 624 4503 ὅλα
660 4450 897 4523 εἴρηται,
937 4449 1277 4521 βουλομένοις
1325 4452 1734 4507 κατασκευάσαι
1767 4453 1829 4506 τὸ

244 4542 470 4596 δυνατὸν
502 4536 641 4595 εἶναι
670 4541 1000 4613 βουληθέντα
1034 4539 1157 4595 τινά
1188 4541 1389 4596 τέλειον
1408 4543 1682 4613 γενέσθαι,
1717 4562 1828 4598 πει-

1937 2046 2054 2106 est;
2091 2055 2217 2095 nam
2250 2041 2394 2111 quod
2423 2041 2802 2109 credidissent,
2846 2051 2900 2097 et
2940 2051 3148 2113 partem
3174 2044 3414 2115 aliquam
3444 2044 3516 2101 ad

1937 2128 2102 2201 pedes
2126 2131 2498 2201 apostolorum
2527 2130 2872 2200 detulissent,
2894 2132 3075 2187 meriti
3101 2142 3247 2189 certe
3272 2132 3515 2202 fuerant,

1939 2230 1998 2278 ut
2023 2222 2077 2278 in
2107 2237 2203 2279 cos
2228 2223 2668 2280 animadvertens
2692 2223 2834 2281 Deus
2860 2224 2971 2280 illic
3005 2226 3213 2295 peccati
3248 2242 3343 2297 per
3365 2226 3515 2283 frau-

1935 2312 2208 2371 dationem
2244 2314 2471 2372 admissi
2497 2317 2670 2372 vicem
2705 2318 3041 2387 rependeret,
3072 2328 3132 2374 ut
3178 2319 3383 2377 inﬂicto
3409 2321 3514 2377 sibi

1935 2422 2032 2478 per
2057 2418 2285 2464 mortem
2321 2422 2668 2465 communem
2714 2412 2983 2481 supplicio
3021 2413 3219 2482 puniti,
3261 2415 3516 2471 mundio-

1935 2514 2027 2554 res
2054 2514 2122 2554 ex
2156 2498 2260 2556 hac
2285 2499 2393 2556 vita
2434 2500 2753 2572 migrarent.
2784 2500 3079 2573 Propterea
3109 2514 3292 2561 autem
3325 2508 3517 2563 audito

1934 2589 2041 2647 hoc
2076 2606 2331 2648 sermone
2362 2592 2664 2664 collapsum
2710 2593 2982 2651 Ananiam
3029 2598 3338 2669 exspirasse
3363 2615 3511 2665 reor,

1934 2684 2082 2755 quod
2129 2684 2391 2741 indicium
2448 2686 2698 2745 criminis
2744 2688 2885 2745 ferre
2937 2705 3047 2746 non
3101 2695 3366 2764 potuerit,
3417 2700 3511 2753 sed

1934 2778 2235 2848 quaestione
2260 2778 2330 2835 de
2368 2779 2461 2835 illo
2489 2779 2669 2836 habita
2712 2796 2887 2852 usque
2926 2783 3064 2839 adeo
3091 2787 3392 2859 castigatus
3418 2791 3511 2857 sit,

1934 2880 1994 2925 ut
2039 2879 2312 2943 pungente
2361 2871 2532 2942 ipsius
2575 2873 2815 2928 animam
2857 2871 3003 2930 Petri
3046 2890 3299 2937 sermone
3328 2883 3515 2954 exspi-

1933 2965 2087 3019 rarit.
2109 2960 2220 3019 Nec
2246 2979 2377 3020 sane
2398 2965 2665 3021 Ananiam
2695 2982 2726 3022 a
2751 2966 2913 3023 Petro
2940 2970 3102 3024 morti
3132 2972 3318 3028 datum
3343 2973 3513 3031 fuisse

1930 3056 2355 3114 existimandum
2381 3066 2484 3124 est,
2521 3058 2615 3113 sed
2653 3057 2794 3117 ferre
2831 3078 2956 3118 eum
2993 3080 3101 3119 non
3138 3065 3383 3135 potuisse
3413 3082 3519 3123 ve~‘

1935 3146 2259 3204 hementiam
2292 3146 2438 3204 Petri
2467 3147 2763 3206 dicentis“
2792 3170 2805 3206 :
2833 3171 2852 3205 ι
2880 3153 2992 3209 Cur
3020 3156 3248 3211 tentavit
3276 3154 3510 3216 Satanas

1935 3253 2034 3294 cor
2068 3237 2259 3293 tuum?
2300 3256 2319 3291 ι
2356 3247 2410 3294 ct
2454 3238 2684 3310 reliqua,
2728 3256 2903 3312 usque
2942 3243 3009 3299 ad
3046 3243 3102 3300 id
3135 3262 3151 3300 :
3181 3263 3202 3299 ι
3234 3243 3303 3300 Et
3332 3244 3521 3303 factus

1932 3340 2017 3387 est
2047 3330 2212 3386 timor
2240 3346 2470 3401 magnus
2492 3345 2655 3401 super
2685 3346 2876 3389 omnes
2899 3336 2994 3405 qui
3019 3334 3331 3393 audierunt.
3367 3356 3387 3389 ι
3413 3335 3512 3394 liis

1930 3436 2113 3484 autem
2140 3442 2263 3499 qua;
2292 3428 2361 3484 de
2381 3428 2590 3484 Anania
2626 3428 2794 3501 674
2826 3430 3023 3487 tradita
3046 3441 3193 3501 sunt,
3223 3434 3278 3488 in
3309 3433 3522 3503 quibus-

1931 3520 2078 3577 Petri
2128 3534 2352 3575 causam
2400 3519 2778 3590 defendimus,
2809 3521 3237 3580 intercessurum
3270 3525 3510 3596 aliquem

1930 3624 2153 3687 propter
2202 3613 2527 3686 Sapphiram
2572 3616 2871 3673 verisimile
2911 3627 3015 3685 est,
3063 3619 3509 3692 quandoquidem

1931 3706 2044 3775 illa,
2075 3725 2095 3758 ι
2145 3706 2395 3763 nesciens
2436 3706 2583 3777 quod
2628 3705 2832 3762 factum
2877 3706 3088 3777 fuerat,
3143 3712 3410 3768 introivit.
3442 3712 3509 3768 Et

1927 3798 2208 3869 respondit
2232 3799 2281 3853 ei
2310 3797 2504 3857 Petrus
2533 3800 2721 3857 dicens
2750 3820 2762 3854 :
2801 3796 2859 3853 Si
2884 3801 3017 3855 tanti
3047 3816 3239 3872 agrum
3263 3803 3511 3859 vendidi-

1928 3891 2063 3947 stis?
2092 3893 2161 3946 At
2202 3908 2327 3947 cum
2372 3892 2601 3949 dixisset
2646 3892 2776 3948 illa:
2817 3891 3014 3960 Tanti;
3046 3891 3240 3949 Petrus
3272 3895 3349 3949 ait
3381 3896 3456 3950 illi
3489 3910 3505 3952 τ

1930 3982 2072 4049 Quid
2120 3983 2308 4053 utique
2342 3984 2598 4039 convenit
2630 3985 2786 4041 vobis
2830 3991 3042 4039 tentare
3081 3985 3346 4055 Spiritum
3394 3986 3504 4042 Do-

1923 4075 2101 4131 mini?
2148 4073 2287 4131 Ecce
2334 4076 2496 4145 pedes
2548 4091 2739 4132 eorum
2798 4076 2893 4146 qui
2947 4076 3277 4148 sepelierunt
3323 4076 3507 4134 virum

1929 4178 2085 4223 tuum
2140 4168 2207 4224 ad
2252 4167 2475 4236 ostium,
2519 4177 2573 4225 et
2619 4166 2846 4225 eﬂ‘erent
2883 4178 2954 4225 te.
3012 4168 3315 4226 Confestim
3353 4171 3502 4226 enim

1930 4260 2126 4317 cecidit
2166 4269 2223 4318 et
2270 4260 2361 4315 illa
2415 4268 2539 4316 ante
2571 4260 2738 4331 pedes
2784 4260 2924 4332 ejus,
2956 4269 3012 4318 et
3043 4261 3342 4332 exspiravit
3374 4262 3440 4317 ".
3480 4281 3500 4315 ι

1933 4353 2135 4410 Verum
2158 4353 2265 4409 dici
2311 4362 2489 4425 potest
2517 4354 2703 4409 animo
2734 4355 3113 4411 conturbatam
3149 4355 3290 4411 hanc
3316 4364 3371 4411 et
3405 4369 3506 4426 op—

1932 4463 2197 4519 pressam,
2225 4454 2341 4502 tum
2386 4446 2531 4518 quod
2559 4447 2769 4517 peccati
2795 4446 3088 4503 manifesta
3116 4447 3275 4516 foret,
3304 4453 3506 4519 partim

1931 4551 2151 4614 propter
2181 4542 2286 4597 viri
2318 4541 2685 4598 calamitatem
2716 4550 2772 4599 et
2798 4552 3118 4614 conceptum
3149 4542 3274 4599 inde
3307 4556 3509 4599 maero-

244 4634 433 4706 σθῆναι
462 4631 540 4704 τῷ
581 4631 754 4705 Ἰησοῦ
786 4632 1013 4702 λέγοντι·
1044 4650 1062 4683 ι
1102 4631 1338 4703 Ὕπαγε,
1364 4632 1611 4704 πώλησόν
1644 4652 1737 4689 σου
1761 4635 1829 4690 τὰ

1936 4651 2073 4702 rem,
2104 4634 2303 4706 partim
2345 4634 2509 4691 etiam
2549 4633 2698 4705 quod
2729 4634 2937 4705 peccati
2979 4636 3033 4690 iu
3076 4634 3245 4693 Deum
3287 4633 3509 4692 conscia

244 4728 579 4799 ὑπάρχοντα,
615 4726 709 4779 καὶ
728 4725 818 4789 δὸς
841 4729 1096 4797 πτωχοῖς.
1126 4746 1144 4779 ι
1166 4726 1433 4781 Γενναίων
1463 4726 1510 4780 δ’
1534 4722 1707 4798 οἶμαι,
1732 4729 1827 4783 καὶ

241 4818 472 4889 ἑχόντων
520 4819 589 4874 τὰ
638 4817 1109 4893 χαρακτηρίζοντα
1155 4819 1245 4875 τὸν
1272 4818 1569 4875 ἐπίσκοπον
1618 4820 1819 4889 πάντα,

1927 4729 2277 4785 vehementer
2325 4736 2637 4800 angeretur,
2662 4727 2830 4785 vitam
2876 4744 3002 4786 cum
3046 4738 3219 4785 morte
3261 4743 3509 4784 commu-

1925 4832 2102 4891 tasse;
2138 4837 2262 4877 cum
2293 4820 2445 4892 prius
2474 4837 2638 4879 casus
2668 4823 2744 4878 illi
2775 4822 3149 4893 impendentes
3175 4821 3372 4878 Petrus
3398 4821 3510 4892 spi-

1440 4936 1674 4996 VETUS
1722 4934 2305 4994 INTERPBETATIO.

245 5028 442 5105 fecisse
463 5038 691 5105 propter
720 5031 1031 5105 libertatem
1061 5033 1258 5105 anima:
1287 5048 1420 5105 suae,
1454 5042 1510 5089 et
1529 5033 1840 5105 exemplum
1861 5032 1997 5105 vita:
2052 5032 2315 5089 facilioris
2346 5053 2364 5105 ς
2417 5042 2474 5090 et
2501 5036 2764 5089 volentem
2792 5049 2851 5089 se
2880 5031 3508 5105 beatum_det_nonstrare

245 5100 517 5183 gentibus,
541 5100 594 5157 et
618 5102 754 5157 nihil
785 5103 977 5183 m_und_i
1000 5104 1159 5160 istius
1190 5119 1327 5183 opus
1360 5103 1670 5183 habentem,
1689 5100 1995 5183 tradidisse
2021 5119 2239 5183 omnem
2273 5104 2639 5183 substantiam
2668 5119 2824 5183 suam
2856 5104 3055 5183 populo
3096 5100 3503 5183 Thebanorum.

246 5172 305 5254 _Si
326 5187 458 5242 ergo
483 5183 700 5254 propter
733 5173 1057 5254 sapientiam
1084 5170 1348 5254 gentium.
1374 5184 1427 5228 et
1454 5174 1707 5254 dogm_ata
1733 5175 2025 5254 liberantia
2075 5175 2340 5254 animam,
2360 5174 2504 5232 sicut
2543 5174 2618 5227 illi
2667 5170 2972 5254 putabant}.
2994 5172 3097 5254 hoc
3128 5170 3307 5254 facere
3334 5172 3509 5254 potuit

246 5239 415 5328 home?
441 5239 679 5328 gentilis,
702 5239 980 5328 quomodo
1021 5239 1128 5328 non
1161 5243 1377 5328 facilius
1404 5239 1584 5327 potest
1598 5244 1781 5328 facere
1811 5244 1906 5314 qui
1937 5239 2381 5328 concupiscitu'in
2420 5258 2508 5328 se_
2530 5239 2813 5328 suscipere
2842 5239 3509 5328 ρὴιςξειιὶῃρςτςεοιὶοηειφ’ξ

335 5310 515 5395 autem
543 5323 599 5395 et
618 5313 696 5395 de.
715 5310 916 5395 divinis
947 5314 1246 5395 Scripturis
1280 5310 1485 5395 placari
1518 5316 1645 5395 quis
1668 5316 1786 5371 vult
1827 5310 2091 5395 quoniam
2118 5310 2405 5395 ’possibile
2432 5324 2516 5395 est
2544 5310 2703 5395 quod:
2727 5312 2984 5395 pracepit
3008 5310 3293 5395 ‘tlliristus,
3313 5310 3508 5395 audiat

249 5383 535 5464 historiam
561 5383 630 5439 de
660 5384 882 5464 Actibus
912 5381 1300 5464 apostolorum
1326 5386 1396 5440 ita
1420 5381 1785 5464 conscriptam
1813 5381 2123 5464 :‘t_anes
2145 5381 2337 5464 autem
2360 5386 2465 5464 qui
2518 5381 2940 5464 crediderautin
2971 5382 3204 5452 idipsum
3238 5381 3508 5464 habebant

248 5455 438 5536 omnia
449 5455 790 5536 communia,
817 5467 871 5511 et
894 5452 1303 5536 possessiones,
1318 5464 1371 5511 et
1394 5452 1748 5536 substantias
1766 5453 2095 5536 vendebant,
2142 5465 2198 5511 et
2229 5452 2563 5536 dividebant.
2594 5462 2748 5524 prout
2795 5452 3029 5523 quisque
3059 5467 3226 5536 opus
3251 5452 3503 5536 habebat.

247 5525 495 5592 Quotidie
518 5534 699 5581 autem
725 5524 1106 5597 permanemes
1140 5526 1197 5582 in
1232 5527 1468 5597 idipsum
1500 5527 1554 5582 in
1586 5527 1808 5597 templo,
1838 5533 1896 5580 et
1935 5525 2249 5597 frangentes
2302 5528 2355 5582 in
2399 5524 2650 5582 domibus
2683 5538 2898 5595 panem,
2926 5524 3298 5595 percipiebant
3322 5524 3506 5579 cibum

312 5660 354 5692 "
387 5658 509 5716 Act.
545 5676 606 5729 It,
639 5663 729 5718 Η.
806 5664 853 5697 ⁸³
880 5664 1010 5720 ibid.
1033 5664 1125 5720 47.
1199 5664 1248 5706 '-’
1271 5664 1392 5721 Act.
1421 5681 1494 5732 Iv,
1527 5663 1718 5721 52-57.
1796 5664 1832 5697 "

1936 5673 1984 5720 τι.
2012 5680 2065 5730 v,
2099 5664 2151 5729 '5,
2174 5662 2228 5718 5.
2304 5663 2351 5694 ⁵⁸
2385 5660 2515 5715 ibid.
2546 5661 2599 5728 7,
2625 5659 2659 5717 8
2687 5670 2740 5716 et
2763 5675 2876 5731 seq.

312 5780 426 5853 (55)
468 5783 681 5856 Ἦγατε
726 5785 794 5840 τὸ
843 5784 1060 5856 χρῆμα,
1104 5787 1201 5840 καὶ
1249 5788 1424 5856 ἔθηκε
1473 5787 1633 5856 παρὰ
1684 5787 1824 5852 τοὺς

247 5852 647 5932 rimati/'16“.
681 5852 970 5932 Ach-liv,"
996 5852 1063 5932 ξἹ
1090 5852 1370 5932 εβιινεγκε
1413 5858 1473 5911 τὸ
1514 5852 1699 5932 χρῆμα
1732 5860 1824 5912 καὶ

250 5924 403 5995 εθηκε
436 5925 590 5997 παρὰ
615 5928 740 5993 τοὺς
766 5927 933 5995 πόδας
961 5928 1067 5985 τῶν
1099 5924 1431 5984 ἀποστόλων.

2004 5786 2116 5858 (56)
2169 5783 2626 5851 Ἐνστήσασθαι.
2681 5780 2846 5838 Forte
2892 5780 3209 5853 legendum,
3254 5780 3502 5856 ἐνστήσερ

1933 5857 2120 6000 cr(“Etsi-7)
2144 5925 2324 5984 Codex
2360 5923 2584 5997 Regius,
2617 5923 2715 5997 τὴν
2745 5921 2935 5997 θύραν.
