3954 6542
525 316 547 370 l
560 314 664 371 303

2000 305 2323 366 ORIGENIS

3634 305 3739 365 13M

523 406 773 478 apostoli,
808 413 866 460 ut
899 402 1117 474 sapiens
1141 401 1193 457 in
1218 400 1455 467 Christo,
1484 408 1537 457 et
1571 398 1747 467 fortis,
1771 407 1826 456 et
1860 400 2098 470 prudens

2207 400 2293 455 καὶ
2322 399 2372 454 οί
2406 397 2691 455 ἀπόστολοι
2716 395 2811 452 τοῦ
2853 393 3109 469 Χριστοῦ,
3136 394 3276 468 πρὸς
3310 384 3389 448 τὸ⁸
3418 395 3647 464 γενέσθαι
3676 418 3741 455 σο-

418 558 423 563 ,
522 507 577 553 et
614 497 761 551 omni
800 495 992 552 aﬂ‘ectu
1033 509 1240 549 vacuus
1268 494 1552 548 efﬁciatur.
1588 496 1659 548 At
1689 493 1782 563 qui
1827 493 2096 565 ejusmodi

519 590 938 663 explicationem
972 586 1155 643 luendi
1184 587 1347 657 hujus
1374 587 1473 642 loci
1505 586 1678 658 gratia
1709 584 1967 657 proferet,
1990 586 2092 641 mi-

524 685 670 740 nime
701 682 1066 738 necessarium
1118 695 1240 736 ess«
1270 680 1433 743 dicet.
1466 689 1525 736 ut
1568 680 1687 751 ipso
1718 679 1805 734 die
1828 693 1939 750 quo
1975 677 2100 750 quis

522 778 663 834 bona
695 791 792 832 sua
821 775 1083 833 vendidit.
1111 783 1164 829 et
1196 773 1527 845 pauperibus
1561 772 1861 839 distribuit,
1886 772 1937 827 id
1963 787 2100 828 con-

523 868 729 937 tingere
766 865 923 921 nobis
970 863 1153 919 animo
1201 864 1491 935 ﬁngamus,
1523 864 1616 919 sed
1648 864 1717 918 ab
1748 864 1840 919 illo
1871 862 2100 918 fortasse

522 960 610 1016 die
642 960 787 1015 hunc
817 959 882 1013 ad
911 973 973 1014 ea
1011 958 1276 1014 deducere
1306 958 1488 1013 divina
1517 973 1648 1012 cura
1679 957 1936 1027 incipiet;
1982 957 2102 1012 lau-

520 1052 754 1108 dabilem
790 1052 937 1106 illam
978 1051 1047 1105 ab
1099 1050 1383 1106 aiiectibus
1436 1049 1832 1104 immunitatem
1878 1048 2001 1104 dico
2047 1055 2102 1104 et

520 1146 868 1217 omnigenum
916 1143 1168 1198 virtutem
1203 1160 1216 1195 :
1250 1140 1445 1197 deinde
1478 1155 1607 1195 vero
1637 1149 1896 1209 tanquam
1948 1137 2101 1195 Isaac

521 1240 810 1311 proficiens
839 1246 895 1293 ct
929 1236 1258 1300 crescens",
1283 1246 1501 1305 propter
1526 1233 1780 1288 collatum
1810 1232 1909 1303 ipsi
1939 1248 1967 1287 a
1991 1231 2102 1288 Deo

520 1335 576 1390 in
610 1332 829 1388 Christo
855 1331 1251 1401 adjumentnm,
1283 1328 1457 1397 major
1480 1328 1604 1391 erit,
1631 1326 1804 1382 donec
1846 1326 1901 1381 iu
1948 1325 2099 1380 omni

518 1426 720 1481 virtute
748 1426 1143 1479 incrementum
1170 1421 1415 1490 capiens,
1444 1436 1600 1476 erasa
1624 1434 1687 1474 ex
1720 1418 1890 1489 ipsius
1919 1418 2099 1474 anima

518 1518 668 1573 omni
707 1516 972 1585 nrquitia,
1010 1514 1166 1567 valde
1216 1512 1373 1568 valde
1422 1527 1653 1579 magnus
1693 1509 1938 1565 exsistat.
1990 1507 2101 1566 Nec

520 1624 651 1664 vero
677 1609 769 1679 qui
796 1606 1191 1678 expositionem
1225 1605 1367 1659 hanc
1399 1602 1702 1669 tradiderit,
1734 1601 1917 1659 dicere
1943 1618 2101 1675 coge-

520 1713 611 1757 tur
639 1701 913 1758 hominem
948 1698 1152 1769 alioqui
1182 1696 1421 1769 peccatis
1464 1696 1705 1753 deditum
1732 1711 1797 1753 eo
1820 1695 1941 1766 ipso
1978 1710 2100 1767 per~

523 1796 723 1852 fectum
762 1794 1011 1849 evadere.

592 1888 682 1943 l8.
727 1886 879 1941 Alter
919 1893 1102 1941 autem
1143 1883 1198 1939 in
1243 1882 1348 1938 ﬁde
1398 1880 1629 1939 fortasse
1660 1897 1768 1939 non
1809 1888 2098 1947 constans,

519 1996 717 2038 sensus
744 1978 1058 2035 reconditos
1087 1973 1405 2048 penetrandi
1434 1973 1636 2038 studio,
1674 1972 1901 2030 forsitan
1937 1972 2101 2028 etiam

521 2073 914 2144 cegilatiouum
946 2070 1058 2125 Deo
1102 2069 1394 2139 dignarum
1446 2065 1781 2123 sublimitate
1819 2080 1985 2136 super
2018 2062 2104 2119 his

521 2167 660 2223 locis
691 2164 919 2235 qutesita
948 2163 1019 2217 ab
1045 2177 1110 2217 eo
1136 2170 1190 2216 et
1218 2169 1447 2231 reperta,
1478 2159 1667 2216 relicta
1692 2159 1874 2214 littera
1903 2157 1969 2213 ad
1994 2166 2106 2212 tro-

521 2260 797 2333 pologiam
837 2255 1115 2323 ascendet,
1146 2264 1200 2309 et
1228 2253 1374 2310 dicet
1404 2254 1544 2309 bona
1573 2250 2012 2321 uniuscujusque
2039 2264 2104 2304 ea

521 2363 646 2405 esse
670 2347 835 2420 677
867 2361 990 2415 quae
1016 2344 1170 2399 illum
1201 2354 1325 2414 post
1345 2359 1634 2399 excessum
1661 2350 2103 2411 consequuntur;

521 2445 660 2504 adeo
691 2454 748 2498 ut
786 2440 923 2511 justi
956 2440 1118 2495 bonis
1144 2438 1372 2493 allluaut
1404 2436 1781 2503 facultatibus,
1812 2434 2107 2490 contrariis

520 2551 652 2590 vero
686 2531 943 2603 improbi.
983 2528 1084 2583 llic
1110 2545 1241 2599 ergo
1271 2528 1492 2583 divitem
1540 2527 1708 2581 multa
1738 2525 2104 2597 possidentem

523 2629 666 2682 bona
717 2635 903 2696 typum
950 2624 1071 2692 ejus
1113 2637 1236 2677 esse
1283 2621 1428 2676 dicet
1474 2620 1570 2690 qui
1615 2618 1875 2690 nequitiis
1920 2616 2109 2673 multis

524 2720 799 2786 abundat;
826 2718 970 2771 inter
994 2731 1132 2786 quas
1161 2714 1473 2769 divitiarum
1519 2727 1695 2779 amor,
1734 2712 1921 2782 gloria:
1953 2711 2107 2781 cupi-

522 2815 687 2876 ditas.
716 2821 773 2867 et
802 2826 888 2867 res
914 2810 1037 2865 aliae
1065 2818 1295 2864 terrena:
1320 2808 1478 2864 bonis
1508 2805 1957 2877 vituperabilibus
1985 2804 2105 2859 ani—

524 2922 667 2961 mam
722 2904 896 2975 ipsius
948 2902 1217 2972 replentes
1274 2899 1485 2955 censeri
1534 2907 1780 2969 possunt.
1834 2897 2105 2966 Quoniam

522 3013 653 3069 ergo
693 2997 788 3067 qui
823 3011 887 3052 ea
924 2995 1136 3050 ratione
1177 2993 1330 3050 dives
1363 3002 1467 3059 est,
1502 3008 1533 3047 a
1577 2990 1936 3062 pravitatibus
1980 2989 2106 3060 qui-

2202 490 2303 561 φὺς
2333 491 2392 546 ὲν
2433 489 2679 563 Χριστῷ,
2725 490 2821 544 καὶ
2848 487 3113 560 ἀνδρεῖος,
3142 487 3239 541 καὶ
3280 485 3515 553 δίκαιος,
3544 488 3629 541 καὶ
3664 490 3743 545 σώ-

2202 600 2376 657 φρων,
2409 582 2505 637 κα)⁵
2539 582 2696 646 ἐκτὸς
2727 580 2929 645 παντὸς
2969 579 3192 643 πάθους.
3236 579 3420 649 θήσει
3463 579 3522 632 δὲ
3556 582 3583 633 ό
3611 581 3744 646 οὕτως

2200 677 2656 751 ἀπολογούμενος,
2698 676 2781 731 ὃτι
2810 676 2912 730 οὐκ
2939 675 3156 748 ἀνάγκη
3200 674 3377 729 τοῦτο
3413 674 3655 747 νοηθῆναι
3678 679 3748 731 αὑ-

2199 771 2299 844 τῆς
2352 770 2567 844 ἡμέρας
2611 768 2923 840 ἀπαντῆσαι
2970 768 3049 840 τῷ
3087 766 3483 838 ἀποδεδομένῳ
3520 768 3584 821 τὰ
3621 769 3737 841 sua?

2201 882 2384 939 χοντα,
2431 866 2528 920 καὶ
2577 863 2773 918 διδόντι
2820 864 3077 933 πτωχοῖς.
3112 860 3225 916 ἀλλ’
3272 860 3415 924 ἴσως
3454 860 3548 913 ἀπ’
3580 861 3747 935 ἐκείνης

2204 960 2303 1033 μὲν
2335 959 2433 1031 τῆς
2463 956 2676 1031 ἡμέρας
2704 955 2928 1030 ἄρξεται
2946 957 2982 1027 ἡ
3014 954 3136 1010 θεία
3162 953 3453 1025 ὲπισκοπὴ
3478 955 3567 1007 ἐπὶ
3588 955 3649 1008 τὰ
3670 974 3750 1009 τοι.

2202 1051 2341 1108 αῦτα
2369 1051 2533 1107 αὐτόν
2575 1051 2727 1121 ἄγειν
2746 1067 2762 1081 ο
2797 1049 2943 1119 λέγω
2974 1048 3033 1102 δὲ
3063 1048 3160 1120 τὴν
3186 1047 3495 1119 ἐπαινετὴν
3532 1047 3751 1105 ἀπάθειαν

2202 1146 2295 1201 καὶ
2342 1146 2528 1199 πᾶσαν
2556 1142 2652 1215 τὴν
2698 1143 2901 1215 ἀρετήν
2925 1159 2938 1173 ·
2975 1140 3289 1214 προὸαίνων
3335 1140 3399 1194 δὲ
3438 1139 3516 1204 ὡς
3554 1142 3583 1194 ὁ
3611 1143 3751 1197 Ἰσιθα

2201 1238 2290 1294 διὰ
2316 1238 2415 1310 τὴν
2442 1237 2551 1292 ἀπὸ
2582 1234 2676 1290 τοῦ
2700 1236 2835 1290 Θεοῦ
2862 1236 2943 1298 είς
2971 1234 3133 1288 αὑτὸν
3165 1236 3223 1289 ὲν
3252 1231 3493 1304 Χριστῷ
3530 1232 3751 1304 βοήθειαν,

2206 1328 2402 1402 μείζων
2446 1328 2619 1391 ἔσται,
2663 1328 2768 1391 ἓως
2798 1322 2859 1382 οὗ
2889 1328 3135 1392 αὐξάνων
3175 1326 3362 1397 μέγας
3407 1325 3625 1395 γενηται
3653 1328 3752 1396 σφό-

2202 1423 2303 1494 δρα
2349 1422 2556 1494 σφόδρα
2594 1422 2654 1475 ὲν
2692 1420 2848 1494 πάσῃ
2884 1422 3075 1493 ἀρετῇ,
3116 1419 3301 1492 πάσης
3348 1417 3757 1491 ὲξαφανισθείςης

2202 1515 2301 1586 τῆς
2341 1514 2540 1578 κακίας
2571 1514 2680 1569 ἀπὺ
2711 1513 2812 1585 τῆς
2841 1512 3021 1585 ψυχῆς
3047 1510 3236 1568 αὐτοῦ.
3278 1512 3402 1567 Καὶ
3432 1512 3536 1566 οὐκ
3565 1512 3757 1581 ἀναγκα-

2204 1607 2461 1681 σθήσεταί
2492 1624 2558 1680 γε
2596 1610 2626 1662 ὁ
2657 1607 2859 1681 ταύτην
2893 1604 3252 1671 ἀποδεδωκὼς
3295 1604 3403 1677 τὴν
3447 1604 3681 1677 διήγησιν
3702 1608 3760 1659 sl-

2204 1704 2325 1757 πεῖν
2358 1701 2561 1756 τέλειον
2600 1701 2732 1773 παρ’
2767 1699 2898 1755 αὐτὸ
2930 1699 3090 1754 τοῦτο
3120 1698 3386 1769 γενέσθαι
3415 1697 3682 1771 ἄνθρωπον
3707 1698 3761 1753 τὰ

2133 1758 2175 1814 Β
2202 1794 2338 1850 ἄλλα
2370 1758 2770 1868 ἁμαρτάνοντα.

2276 1888 2502 1960 ’Έτερος
2535 1887 2617 1952 δὲ,
2657 1886 2759 1941 οὐκ
2801 1880 2922 1941 οἶδα
2974 1886 3073 1957 μὲν
3123 1887 3171 1939 εί
3219 1884 3452 1952 σκάζων
3497 1887 3563 1958 τῇ
3596 1887 3760 1948 πίστει,

2204 1981 2473 2053 φαντασίᾳ
2503 1979 2599 2034 τοῦ
2634 1978 2935 2034 διαϐαίνειν
2967 1979 3062 2033 ἐπὶ
3093 1979 3195 2053 τὴν
3228 1979 3530 2053 φρόνησιν,
3560 1977 3652 2032 οὐκ
3672 1974 3762 2031 οἶδα

2204 2072 2262 2127 δὲ
2291 2075 2339 2128 εί
2363 2072 2458 2126 καὶ
2491 2070 2718 2144 μέγεθός
2740 2088 2794 2125 τι
2820 2069 3067 2142 ζητήσας
3096 2072 3189 2125 καὶ
3222 2070 3411 2145 εὑρὼν
3460 2072 3681 2138 slew);
3698 2071 3761 2123 τό·

2207 2186 2341 2233 πους
2372 2167 2660 2240 νοημάτων
2687 2166 2853 2235 ἀξίων
2876 2165 2971 2219 τοῦ
2995 2165 3153 2233 Θεοῦ,
3181 2163 3510 2219 καταλιπὼν
3534 2166 3627 2234 τὴν
3648 2163 3764 2227 λέξιν

2206 2262 2298 2315 ἐπὶ
2356 2258 2713 2332 τροπολογίαν
2761 2258 3091 2330 ἀναϐήσεται
3116 2299 3131 2324 ,
3179 2257 3274 2313 καὶ
3323 2259 3449 2330 ἐρεῖ
3491 2258 3762 2329 ὑπάρχοντα

2206 2353 2422 2424 ἑκάστῳ
2452 2348 2594 2407 εἶναι
2619 2351 2688 2406 τὰ
2720 2351 2963 2422 ἑπόμενα
2997 2348 3146 2421 αὐτῷ
3182 2350 3325 2422 μετά
3363 2349 3468 2420 τὴν
3500 2346 3685 2413 ἔξοδον,
3705 2347 3763 2410 ὡς

2207 2441 2345 2499 εἶναι
2372 2444 2480 2499 τῶν
2506 2443 2860 2517 ὑπαρχόντων
2890 2443 3120 2507 δικαίοις
3159 2442 3258 2514 μὲν
3293 2441 3518 2512 ἀγαθὴν
3545 2439 3760 2511 ὓπαρξιν,

2210 2537 2432 2608 φαύλοις
2464 2537 2522 2591 δὲ
2552 2538 2651 2609 τὴν
2682 2537 2950 2592 ἐναντίαν.
2990 2535 3249 2590 Ἐνταῦθα
3273 2531 3375 2589 οὖν
3406 2552 3540 2606 φησι
3564 2533 3665 2604 (64)
3690 2530 3764 2586 τὸν

2210 2630 2378 2686 πολλά
2413 2631 2603 2702 ἔχοντα
2634 2632 2889 2703 κτήματα
2936 2630 3187 2685 πλούσιον
3221 2628 3502 2701 σύμϐολον
3540 2623 3665 2681 εἶναι
3689 2625 3762 2680 τοῦ

2210 2725 2379 2781 πολλά
2413 2725 2752 2797 κεκτημένου
2786 2724 2988 2796 φαῦλα,
3020 2726 3079 2779 ὲν
3103 2718 3184 2788 οἷς
3216 2718 3364 2777 εἶναι
3394 2721 3611 2775 δύναται
3638 2718 3764 2787 καὶὴ

2211 2817 2581 2889 φιλοπλουτία,
2615 2819 2710 2872 καὶ
2741 2818 2775 2889 ἡ
2814 2815 3106 2887 φιλοδοξία,
3142 2817 3235 2871 καὶ
3265 2816 3411 2872 ἀλλα
3454 2816 3610 2887 γήῖνα
3650 2810 3754 2884 πρό

2210 2927 2395 2982 γματα
2434 2909 2833 2982 πεπληρωκότα
2861 2909 3025 2964 αὑτοῦ
3057 2910 3155 2982 τὴν
3181 2908 3366 2981 ψυχὴν
3399 2906 3600 2979 ψεκτοῦ
3628 2905 3743 2959 πλού

2211 3020 2325 3058 του.
2363 3003 2513 3058 Ἐπεὶ
2537 2999 2629 3057 οὖν
2658 3000 2883 3057 δύναταί
2931 3019 3062 3056 ποτε
3091 3004 3119 3056 ὁ
3147 3000 3319 3066 οὕτως
3372 3002 3618 3064 πλούσιος
3650 2997 3757 3053 ἀπέο

523 3084 752 3140 busdam
798 3082 1011 3139 alienus
1043 3097 1165 3137 esse
1206 3090 1405 3153 potest,
1434 3081 1585 3137 velut
1622 3081 1691 3137 ab
1733 3080 2027 3149 adulterio,
2052 3089 2103 3137 et

2208 3092 2395 3165 χεσθαι
2444 3093 2545 3165 μέν
2582 3110 2744 3147 τινων
2773 3092 3012 3164 φαύλων,
3054 3092 3131 3158 ὼς
3173 3092 3450 3164 μοιχείας,
3484 3092 3573 3145 καὶ
3606 3089 3759 3159 φόνου.

525 3176 840 3241 homicidio,
869 3184 925 3230 et
962 3173 1127 3240 furto,
1170 3182 1223 3230 et
1261 3173 1384 3231 falsi
1422 3173 1723 3231 testimonii
1761 3173 2025 3240 dictione,
2053 3182 2109 3229 et

522 3284 649 3326 eum
684 3269 896 3324 honore
929 3267 1114 3338 aliquo
1150 3283 1278 3339 erga
1323 3277 1577 3338 parentes
1612 3266 1790 3324 oliieio
1830 3266 2104 3338 per-fungi,

522 3372 641 3417 tum
686 3371 741 3418 et
790 3363 844 3417 in
893 3364 1176 3431 proximos
1222 3363 1496 3418 humanus
1542 3377 1685 3426 esse,
1731 3369 2105 3417 verumtamen

523 3471 633 3512 non
660 3454 971 3526 perfectus;
1010 3456 1275 3524 ejusmodi
1320 3456 1530 3511 homini
1565 3470 1663 3527 per
1690 3455 1935 3526 symbola
1966 3470 2107 3526 pra:-

522 3549 654 3621 eipit
700 3547 959 3605 Servator
1006 3557 1066 3603 ut
1108 3548 1316 3606 nefaria
1364 3549 1479 3604 haec
1528 3548 1671 3603 bona
1722 3547 2000 3613 divendat,
2052 3556 2108 3603 et

520 3642 681 3712 quasi
718 3641 896 3697 tradat
934 3642 1296 3712 potestatibus
1343 3657 1405 3698 ea
1451 3641 1827 3712 operantibus,
1855 3643 2103 3697 omnium

520 3736 710 3808 egenis
736 3736 1029 3803 bonorum,
1060 3745 1456 3807 proptereaque
1480 3736 1660 3792 minas
1692 3749 1802 3790 non
1834 3734 2111 3790 sustineno

521 3830 693 3897 tibus,
717 3829 879 3901 juxta
926 3829 978 3885 id
1011 3828 1156 3899 quod
1192 3828 1457 3899 scriptum
1502 3838 1586 3885 est
1607 3827 1690 3883 ὀι
1727 3846 1746 3880 ι
1786 3827 1892 3895 Qui
1923 3835 2105 3883 autem

2207 3186 2302 3242 καὶ
2348 3184 2575 3256 κλοπῆς,
2602 3186 2698 3240 καί⁹
2737 3184 3231 3257 ψευδομαρτυρίας,
3263 3185 3365 3239 καὶ
3395 3184 3691 3257 καθήκοντα
3713 3180 3758 3234 δι

2208 3277 2517 3334 ἀποδιδόναι
2537 3277 2674 3349 πρὸς
2701 3279 2880 3347 γονεῖς
2912 3276 3052 3349 μετά
3074 3294 3220 3341 τινος
3245 3278 3443 3349 τιμῆς,
3467 3272 3600 3331 εἷναι
3620 3274 3671 3329 δέ
3694 3286 3759 3337 τις

2210 3371 2306 3425 καὶ
2340 3368 2718 3443 φιλάνθρωπος
2748 3370 2885 3443 πρὸς
2923 3370 3015 3424 τὸν
3049 3370 3297 3441 πλησίον,
3346 3370 3411 3426 ού
3456 3370 3561 3443 μὴν
3588 3369 3672 3423 καὶ
3696 3367 3756 3422 τέ-

2209 3463 2372 3527 λειος,
2411 3461 2757 3534 συμϐολικῶς
2786 3462 2863 3535 τῷ
2890 3462 3115 3534 τοιούτῳ
3160 3464 3498 3536 προστάσσει
3536 3465 3566 3517 ὁ
3601 3461 3760 3533 Σωτὴρ

2211 3553 2505 3608 ἀποδόσθαι
2545 3554 2613 3608 τά
2647 3554 2894 3626 μοχθηρὰ
2925 3555 3255 3627 ὑπάρχοντα,
3283 3555 3384 3610 καὶ
3418 3555 3650 3628 ὡσπερεὶ
3672 3569 3757 3607 πα·

2210 3644 2466 3719 ραδοῦναι
2512 3645 2652 3700 αὑτά
2700 3649 2821 3711 ταῖς
2876 3642 3256 3720 ὲνεργηκυίαις
3308 3647 3455 3702 αὑτά
3509 3646 3757 3718 δυνάμεσι,

2207 3740 2614 3810 πτωχευούσαις
2652 3738 2853 3803 παντὸς
2884 3739 3071 3806 καλοῦ,
3114 3740 3208 3794 καὶ
3235 3738 3328 3794 διά
3365 3740 3528 3796 τοῦτο
3565 3739 3634 3811 μὴ
3660 3738 3760 3809 ὑφι-

2212 3830 2506 3902 σταμέναις
2565 3829 2663 3903 τὴν
2724 3829 2951 3903 ἀπειλὴν
2971 3870 2986 3896 ,
3042 3831 3183 3885 κατά
3244 3832 3306 3885 τὸ
3360 3829 3723 3905 γεγραμμένον
3743 3845 3755 3859 ’

520 3937 728 3994 pauper
774 3930 884 3989 est,
934 3919 1366 3991 increpationem
1424 3935 1534 3975 non
1587 3919 1844 3976 sustinet.
1878 3938 1897 3971 ι
1957 3917 2103 3975 Hanc

2216 3938 2235 3972 ι
2263 3920 2482 3991 Πτωχὸς
2520 3920 2578 3974 δὲ
2617 3920 2716 3992 οὐχ
2752 3921 3042 3991 ὑφίσταται
3089 3922 3340 3994 ἀπειλήν.
3376 3942 3397 3975 ι
3449 3921 3584 3977 Ἀλλ’
3608 3914 3758 3974 εῦοῖδ

519 4029 685 4086 porro
706 4015 1124 4086 explicationem
1147 4013 1303 4067 valde
1324 4022 1568 4068 coactam
1606 4013 1785 4068 visum
1817 4013 1882 4068 iri
1907 4028 1972 4069 ac
1992 4012 2103 4068 vio-

2210 4014 2294 4068 ὅτι
2329 4014 2533 4086 σφόδρα
2580 4014 2754 4086 βίαιος
2797 4011 2935 4069 εἶναι
2983 4014 3124 4080 δόξει
3164 4018 3198 4089 ἠ
3248 4017 3475 4090 τοιαύτη
3519 4015 3757 4077 ἀπόδοσις,

519 4104 724 4161 lentam
749 4114 900 4164 arto
926 4105 1067 4172 scio,
1098 4120 1222 4176 qum
1250 4105 1589 4176 propositam
1620 4106 1843 4176 quidem
1883 4106 1951 4162 de
1982 4121 2103 4177 per-

2210 4108 2418 4162 λύουσςί
2448 4107 2547 4179 μὲν
2579 4107 2679 4161 ούκ
2719 4108 2960 4176 ἀγεννῶς
2984 4108 3054 4163 τά
3081 4110 3210 4183 περὶ
3242 4110 3581 4183 τελειότητος
3616 4108 3762 4178 ηὐπο-

519 4198 756 4256 fectione
782 4199 1143 4271 quastionem
1166 4214 1275 4253 non
1309 4200 1506 4255 inscite
1537 4200 1745 4267 solvat;
1787 4215 1895 4254 non
1921 4208 2103 4255 autem

2216 4200 2456 4272 ρημένα”
2512 4200 2575 4253 ού
2619 4202 2759 4255 πάνυ
2810 4202 2869 4255 δὲ
2914 4201 3176 4257 πείθουσά
3222 4220 3339 4267 πως
3389 4204 3455 4257 τὸ
3493 4197 3757 4258 ἀποθέσθαι

518 4292 819 4366 nequitiam
853 4293 1153 4364 deponere,
1194 4300 1251 4348 et
1271 4308 1394 4363 quae
1433 4308 1465 4346 a
1511 4293 1751 4363 nequitia
1775 4294 2103 4365 proveniunt

2210 4293 2308 4365 τὴν
2350 4294 2569 4360 κακίαν,
2600 4296 2693 4377 καὶ
2719 4296 2818 4369 τὴν
2845 4295 2955 4349 ἀπὸ
2987 4294 3182 4361 κακίας
3209 4296 3507 4352 ἀποδόσθαι
3533 4290 3756 4365 ὓπαρξινι

1730 4411 1962 4469 VETUS
1992 4411 2583 4471 INTERPRETATIO.

518 4510 605 4593 vis.
631 4509 852 4593 aliquas.
873 4507 1047 4593 (quod
1071 4507 1510 4593 humanumhest)
1542 4506 1797 4593 habuerit
1821 4509 2124 4593 passiones,
2152 4519 2207 4565 et
2232 4510 2277 4566 si
2318 4512 2442 4582 quis
2472 4511 2774 4593 aliu‘shanc
2802 4511 3036 4584 inopiam
3061 4527 3256 4584 passus
3287 4510 3477 4593 fuerit,
3506 4519 3558 4566 et
3586 4522 3754 4593 magno

517 4578 793 4652 adjutorio
826 4578 992 4654 fuerit
1021 4578 1333 4654 adjuva_tus_,
1366 4578 1480 4654 pec
1504 4579 1830 4635 exaudiente
1874 4589 2147 4654 tantorum
2173 4578 2472 4654 pauperum
2505 4578 2942 4654 refrigeratoruin
2973 4578 3159 4654 preces
3188 4602 3203 4637 :
3229 4584 3323 4653 qui
3367 4591 3548 4639 tamen
3579 4578 3755 4654 similes

517 4647 649 4734 sunt
676 4651 966 4734 apostolis!
984 4647 1269 4734 aut‘paulo
1297 4649 1605 4734 inferiores,
1630 4664 1906 4734 pauperes
1935 4651 2153 4734 quidem
2175 4647 2244 4706 'iu
2279 4647 2667 4734 corporalibus
2689 4655 2829 4710 sicut
2868 4647 3184 4734 illi,'divites
3209 4647 3391 4734 autem
3430 4654 3495 4734 in
3524 4647 3752 4734 spiritali-

520 4716 781 4806 μυεηᾼίιιι
813 4716 1043 4806 ἰιαλιιιε
1068 4716 1162 4804 qui
1198 4720 1427 4806 mutavit
1446 4735 1570 4806 Ipro-
1609 4716 1818 4806 divitiis
1850 4716 2230 4806 paupertatem
2255 4716 2437 4806 utﬁt-lat
2473 4724 2763 4806 perfectus,
2796 4716 3023 4806 credens
3061 4724 3405 4806 sermonibus
3433 4716 3648 4806 Christi,
3672 4716 3752 4806 ad:

512 4794 799 4867 juvabitur
828 4793 1041 4867 ratione
1079 4792 1224 4867 sicut
1252 4791 1485 4867 apostoli
1509 4791 1738 4867 Christi,
1763 4801 1823 4847 ut
1851 4793 2191 4867 sapienshat
2217 4795 2270 4848 in
2301 4791 2543 4867 Christo,
2577 4804 2637 4850 ut
2666 4797 3044 4867 magnanimis,
3076 4805 3135 4850 ut
3171 4796 3375 4867 justus,
3396 4803 3473 4867 Aut
3495 4800 3683 4856 castus,
3709 4795 3753 4843 et

519 4859 727 4938 absque
765 4865 916 4938 omni
959 4864 1186 4938 omnino
1232 4859 1513 4938 passione.
1534 4859 1660 4938 _Non
1697 4872 1877 4938 tamen
1917 4859 2009 4919 'sic
2056 4863 2324 4938 debemus
2355 4859 2674 4938 intelligere,
2707 4859 2783 4921 ιη’
2811 4868 2864 4921 in
2914 4868 3028 4937 ipsa
3055 4859 3281 4938 die,'vel
3306 4866 3361 4920 in
3394 4865 3516 4938 ipso
3541 4872 3753 4938 tempore

517 4931 945 5005 quo'tradiderit
971 4935 1127 5006 bona
1148 4931 1248 5006 sua
1272 4933 1624 5005 pauperibus,
1660 4933 1924 5006 ellieiatur
1951 4936 2179 4990 omnino
2204 4935 2495 5006 perfectus.
2531 4931 2650 4992 'Sed
2695 4931 3091 5006 consequenter
3120 4931 3183 4990 ex
3206 4936 3304 5006 illa
3338 4931 3555 5005 quidem
3586 4931 3752 5006 diein-

517 5000 683 5080 clplet
707 5007 1009 5080 speculati!)
1040 5004 1133 5061 Dei
1162 5000 1435 5080 adducere
1465 5021 1590 5080 eum
1622 5005 1688 5059 ad
1721 5020 1915 5061 omnes
1936 5007 2184 5080 virtutes,
2205 5000 2275 5061 ἰιι
2307 5006 2531 5080 incipiat
2564 5024 2642 5080 ex_
2658 5022 2722 5062 eo
2750 5000 3010 5080 proli-cere
3038 5007 3179 5063 sicut
3204 5000 3751 5080 lsaac‘proptergdju-

518 5072 718 5137 to'rlum
738 5072 845 5134 'ltei
877 5078 1135 5150 collatum
1154 5076 1334 5150 inse,
1366 5085 1421 5131 et
1446 5076 1622 5150 magis
1650 5084 1815 5147 atque
1865 5076 2040 5150 magis
2063 5088 2297 5150 crescet
2323 5072 2435 5150 per'
2467 5078 2714 5150 singulos
2750 5072 2896 5146 'dies,
2932 5079 3106 5134 donec
3120 5072 3555 5150 _adjutus'_s_iéut
3600 5072 3749 5129 lsaw.

517 5166 750 5221 magnus
770 5150 1032 5221 efﬁciatur
1049 5147 1286 5221 valdeiin
1316 5146 1467 5221 omni
1488 5148 1708 5213 virtute,
1733 5147 1885 5202 omni
1917 5149 2163 5221 videlicet
2192 5146 2401 5221 malitia
2434 5146 2621 5205 avulsa
2655 5149 2722 5205 de
2752 5150 2931 5205 anima
2953 5150 3090 5219 ejus.
3118 5147 3185 5203 Et
3213 5146 3293 5221 sic
3317 5146 3412 5218 qui
3433 5148 3579 5221 hanc
3604 5155 3748 5221 expo-

516 5214 774 5279 sitionem
808 5220 1101 5292 defendere
1130 5217 1480 5292 vult,qdieere
1515 5234 1625 5274 non
1651 5229 1876 5290 cogetur
1898 5218 2201 5290 perfectum
2239 5220 2358 5276 ﬁeri
2388 5220 2664 5278 hominem
2689 5235 2785 5292 per
2815 5220 2921 5277 hoc
2948 5214 3125 5291 ipsum
3150 5218 3297 5290 quod
3327 5214 3606 5274 tradiderit
3625 5214 3745 5268 bona

516 5310 616 5351 sua
644 5294 998 5362 pauperibus,
1026 5291 1161 5349 alias
1182 5290 1606 5362 delinquentem.

588 5309 998 5422 αδιωροτιυιιε,
1026 5309 1161 5349 81188
1182 5309 1606 5375 uettttquentem.
2029 5361 2041 5373 ο
3585 5357 3597 5369 .

588 5366 611 5423 1
714 5366 755 5421 Λ
784 5378 865 5423 ter
902 5374 1083 5443 autem
1115 5362 1343 5443 forsitan
1361 5360 1667 5443 abundans
1694 5360 1874 5443 fide‘et
1890 5361 2082 5443 studio
2109 5364 2431 5443 _t_ranseundi
2461 5365 2535 5443 a_d_
2562 5362 2879 5443 subtiliora,
2903 5372 2955 5417 et
2980 5361 3055 5443 ad
3083 5360 3508 5443 magnitudinem
3533 5358 3743 5443 aliquant

516 5436 896 5497 intellectumn
929 5435 1287 5493 eminentium
1320 5441 1373 5506 et
1416 5432 1731 5506 digniorum
1772 5432 2018 5506 Christo,
2049 5434 2362 5506 relinquens
2386 5437 2536 5490 verbi
2571 5425 2973 5506 simplicitatem
3010 5441 3064 5487 et
3085 5425 3481 5506 expositionem
3508 5425 3740 5506 moraient

518 5510 797 5579 truttslbit,
832 5509 1023 5565 dlcens
1066 5505 1433 5563 substantiam
1476 5499 1597 5559 esse
1626 5504 2064 5576 uniuscujusque
2099 5499 2297 5561 anima:
2324 5516 2480 5563 actus
2513 5499 2695 5579 ipsius'
2710 5513 2833 5577 post
2857 5504 3085 5570 exitum,
3128 5499 3186 5558 ut
3209 5502 3281 5557 sit
3308 5499 3603 5558 substantia
3631 5499 3739 5566 qui—

588 5630 634 5663 "
658 5626 793 5687 ﬂori.
820 5629 1074 5699 uvr,l5.
1163 5625 1207 5657 ”
1251 5624 1410 5680 Prov.
1446 5639 1567 5690 xm,
1604 5623 1656 5679 8.

589 5726 702 5801 (Μ)
755 5724 1039 5782 Ἐνταῦθα
1070 5719 1184 5779 οὖν
1214 5740 1384 5793 φησι,
1416 5730 1519 5779 ctc.
1563 5720 1702 5792 Lege
1741 5722 1922 5794 φήσει,
1954 5736 2103 5794 supr:

518 5798 1009 5859 Thinmhvluctutn.
1052 5793 1314 5851 llt'rz'rius.

2207 5723 2486 5779 ναὸήσεται
2529 5723 2620 5779 καὶ
2646 5721 2796 5794 ὲρετ.
2826 5721 3091 5778 Caeterum
3125 5717 3244 5775 vide
3282 5714 3648 5788 Hieronymum
3688 5706 3740 5762 et

621 5811 1009 5875 tupltylttcttttlt.
1052 5811 1314 5851 Ilt'tz'rtus.
