3954 6560
229 447 361 507 1505

1175 453 1533 513 COMMENT.
1559 456 1626 513 ΙΝ
1652 457 2069 518 MATTILEUM
2101 458 2344 519 TOMUS
2366 458 2480 520 XV.

3343 476 3363 532 Ι
3376 478 3482 535 506

227 572 316 627 καὶ
340 568 524 626 δοὸναι
559 574 813 644 πτωχοῖς.
858 573 944 627 Ἐν
975 573 1198 646 τοιούτῳ
1231 578 1794 653 προσ-κατειλημμένος

1904 581 2189 641 facultates
2224 586 2457 641 vendere
2506 593 2561 640 et
2611 587 2941 658 pauperibus
2985 595 3208 661 et‘egare
3253 612 3449 667 persua

223 664 368 735 τόπῳ
387 666 416 717 6
442 663 620 737 ταύτῃ
653 667 1056 739 παριστάμενος
1086 667 1197 739 (65)
1227 672 1292 742 τῇ
1325 671 1473 744 δόξῃ,
1510 674 1671 745 φήσει
1705 691 1803 728 πε-

227 752 538 825 πληρῶσθαι
573 754 665 808 τὸν
698 756 1017 827 ἁμαρτωλὸν
1041 760 1367 831 πνευμάτων
1389 761 1531 816 κατά
1556 764 1656 836 τήν
1678 765 1806 821 ἀνα-

225 847 404 917 λογίαν
430 847 540 901 τῶν
589 850 1028 924 ἀμαρτημάτωψ
1065 846 1176 909 οἷον
1213 855 1262 907 εἰ
1304 856 1500 928 πόρνος
1542 858 1625 931 εῖη
1646 899 1662 924 ,
1706 860 1799 915 τοῦ

222 937 514 1011 λεγομένου
548 943 609 995 ὲν
650 946 764 1008 τοῖς
808 948 1114 1018 προφήταις
1161 947 1469 1020 πνεύματος
1513 952 1797 1023 πορνείας·

223 1034 269 1086 εἰ
296 1032 351 1085 δὲ
379 1031 635 1105 θυμικὸς,
661 1035 969 1108 πνεύματος
998 1038 1170 1111 Θυμοῦ
1189 1057 1202 1070 ’
1234 1038 1376 1095 οὕτω
1408 1041 1466 1096 δὲ
1499 1044 1594 1097 καὶ
1618 1046 1665 1097 εἰ
1698 1063 1800 1100 κα-

221 1123 460 1188 τάλαλος,
494 1126 805 1199 πνεύματος
831 1130 1179 1196 καταλαλιᾶς.
1205 1132 1392 1189 Ταῦτα
1424 1130 1517 1190 οὖν
1538 1154 1623 1202 τις
1648 1138 1803 1211 ἐκτή-

224 1232 348 1269 σατο
367 1216 434 1270 τά
464 1216 783 1290 ὑπάρχοντα
800 1220 1001 1290 φαῦλος
1016 1221 1113 1286 ὢν,
1141 1222 1236 1277 καὶ
1262 1226 1552 1297 γενόμενος
1576 1230 1641 1299 τῇ
1674 1246 1801 1299 μετ-

218 1310 312 1379 οχῇ
359 1307 466 1362 τῶν
510 1312 770 1382 χειρόνων
807 1314 1135 1385 πνευμάτων
1162 1302 1421 1387 Τυφῶνος
1452 1318 1802 1374 πολυπλοκώ-

219 1416 369 1471 τερος
404 1399 537 1472 (66).
583 1402 794 1476 Ὥσπερ
840 1404 885 1457 δ’
924 1406 1197 1478 ἐκτήσατο
1244 1409 1406 1478 αὐτὰ,
1448 1410 1799 1484 ὠνησάμενος

223 1492 528 1563 προαιρέσει
562 1495 787 1568 εἰκούσῃ
819 1499 933 1561 τοῖς
961 1498 1206 1567 φαύλοις,
1241 1500 1415 1566 οὕτως
1445 1503 1698 1560 ἀποδοῖτο
1732 1504 1798 1560 ἂν

218 1577 293 1648 οἷς
315 1582 453 1638 θέλει
482 1586 512 1639 6
544 1586 703 1656 λόγος
725 1584 880 1654 οὗτος
909 1595 1145 1663 πτωχοῖς
1170 1594 1257 1648 διά
1280 1593 1375 1649 τοῦ
1410 1595 1691 1652 πείθεσθαι
1720 1598 1798 1673 τῷ

229 1675 393 1746 Ἰησοῦ
411 1693 425 1706 ·
454 1676 532 1741 ὡς
558 1676 669 1750 γάρ
691 1680 723 1750 ἡ
756 1682 946 1754 εἰρήνη
974 1682 1082 1763 τῶν
1110 1685 1423 1741 ἀποστόλων
1445 1689 1580 1761 πρὸς
1601 1691 1797 1756 αὐτοὺς

218 1770 578 1843 ἀνακάμπτει,
599 1773 694 1827 ἐὰν
719 1776 792 1848 μὴ
816 1777 929 1841 υἱὸς
951 1779 1175 1852 εἰρήνης
1197 1780 1346 1852 τύχοι
1365 1778 1500 1837 εἶναι
1526 1785 1555 1836 6
1583 1783 1795 1839 ἀκούων

217 1861 305 1915 τόδ
334 1882 352 1916 t
386 1865 596 1938 Εἰρήνη
626 1867 786 1938 ὑμῖν·
820 1889 838 1922 ι
869 1869 1040 1938 οὕτως
1065 1875 1098 1944 ή
1131 1875 1376 1946 πορνεία,
1404 1878 1498 1929 καὶ
1525 1877 1701 1931 πάντα
1723 1876 1795 1931 τὰ

1902 675 2047 731 deat.
2083 675 2185 743 Qui
2220 676 2461 748 opinioni
2496 677 2622 733 huic
2648 680 2956 737 assentiens
2988 683 3077 739 hic
3107 684 3481 760 [iteritdepre-

1902 771 2129 835 hensus,
2164 785 2264 840 pro
2294 782 2639 842 peccatorum
2691 788 2917 829 suorum
2949 776 3159 832 ratione
3193 780 3478 849 spiritibus

1902 863 2166 933 repletum
2210 879 2332 920 esse
2374 874 2718 936 peccatorem
2767 867 2940 935 dicet;
2992 877 3049 924 ut
3094 870 3140 924 si
3187 882 3476 943 scortator,

1899 955 2051 1011 verbi
2077 971 2264 1023 causa,
2308 957 2491 1025 fuerit,
2545 958 2894 1016 scortationis
2934 961 3078 1018 dicto
3121 979 3150 1018 a
3199 966 3478 1036 prophetis

1901 1045 2099 1115 spiritu
2130 1047 2205 1114 ‘°;
2247 1049 2292 1103 si
2341 1048 2659 1115 iracundus,
2710 1051 2905 1122 spiritu
2942 1054 3261 1123 iracundiae,
3294 1058 3339 1111 si
3379 1059 3481 1114 ob—

1904 1150 2184 1208 trectator,
2214 1143 2406 1213 spiritu
2434 1145 2870 1202 obtrectationis.
2912 1147 3023 1203 llas
3066 1164 3196 1219 ergo
3235 1150 3481 1221 possidet

1898 1231 2189 1289 facultates
2233 1235 2329 1305 qui
2376 1236 2554 1292 malus
2600 1247 2705 1305 est,
2755 1248 2812 1295 et
2854 1241 3175 1311 nequiorum
3226 1258 3480 1300 commu-

1899 1325 2065 1381 nione
2096 1325 2389 1396 spirituum
2433 1326 2697 1398 Typhone
2740 1328 3053 1384 mutabilior
3075 1338 3179 1385 est.
3203 1329 3270 1386 Et
3289 1348 3481 1403 quem-

1899 1415 2191 1471 admodum
2239 1418 2518 1473 voluntate
2550 1419 2709 1476 malis
2750 1420 3160 1492 obtemperante
3193 1439 3256 1478 ea
3288 1439 3478 1481 emeris

1898 1505 2003 1562 sibi
2042 1508 2408 1577 comparavit;
2440 1508 2515 1562 ita
2544 1506 2674 1564 Jesu
2706 1524 2913 1563 morem
2954 1511 3192 1580 gerendo
3224 1510 3308 1565 bis
3338 1526 3475 1580 pau-

1898 1600 2119 1669 peribus
2147 1600 2233 1654 illa
2261 1601 2537 1667 divendat,
2566 1602 2661 1672 qui
2695 1601 2799 1658 isto
2825 1602 2996 1673 678
3017 1603 3475 1674 sermone‘signi-

1896 1691 2150 1748 ficantur.
2183 1693 2253 1749 Ut
2280 1694 2424 1748 enim
2464 1695 2837 1765 apostolorum
2868 1710 2968 1765 pax
3009 1696 3075 1749 ad
3121 1696 3270 1766 ipsos
3296 1711 3479 1751 rever-

1899 1786 2050 1851 titur,
2080 1787 2125 1841 si
2167 1787 2317 1857 pacis
2347 1786 2484 1843 forte
2510 1788 2656 1845 ﬁlius
2705 1804 2813 1843 non
2850 1787 3033 1852 fuerit,
3066 1788 3161 1858 qui
3192 1787 3324 1842 illud
3372 1802 3476 1843 au-

1896 1880 1975 1935 dit
1999 1879 2074 1936 “:
2119 1899 2139 1932 ‹
2183 1879 2293 1936 Pax
2334 1882 2519 1949 vobis;
2558 1901 2576 1933 ι
2612 1882 2683 1937 ita
2712 1882 2995 1948 scortatio,
3028 1890 3083 1936 et
3114 1882 3318 1951 reliqua
3356 1895 3479 1935 om-

220 1954 427 2027 ἀμαρτή
437 1975 606 2028 ματα,
638 1961 812 2015 πάντα
836 1962 1155 2036 ἀνακάμψαι
1188 1966 1255 2021 ἂν
1280 1967 1415 2039 πρὸς
1439 1969 1566 2034 τοὺς
1587 1968 1794 2036 αἰτίους

1896 1973 1989 2029 nia
2026 1982 2247 2044 peccata
2287 1974 2355 2029 ad
2404 1990 2671 2047 pauperes
2713 1984 3079 2041 revertentur,
3122 1974 3217 2045 qui
3248 1990 3473 2031 causam

216 2047 315 2102 τῶν
360 2049 779 2125 ἁμαρτημάτων
812 2056 1080 2128 πτωχούς.
1129 2060 1241 2114 Καὶ
1279 2059 1393 2116 ἔστι
1437 2060 1514 2135 μὴ
1544 2061 1793 2119 διστάσαι

218 2143 336 2215 περὶ
353 2142 445 2197 τοῦ
474 2144 685 2200 τέλειον
711 2147 955 2216 γίνεσθαι
971 2149 1062 2203 τὸν
1089 2149 1233 2205 οὕτω
1261 2151 1588 2225 πωλήσαντα
1618 2154 1795 2209 πάντα

216 2234 279 2289 τὰ
316 2235 684 2308 ἀποδεδομένα
720 2240 1054 2311 ὑπάρχοντα,
1105 2244 1201 2296 καὶ
1230 2243 1389 2297 δόντα
1432 2247 1689 2317 πτωχοῖς.
1731 2245 1795 2302 Εἰ

216 2324 269 2381 δὲ
296 2327 467 2400 χρόνῳ
511 2330 695 2403 πολλῷ
727 2332 1036 2389 ἀποδίδοται
1064 2334 1135 2389 τά
1163 2336 1498 2410 ὑπάρχοντα,
1534 2339 1630 2393 καὶ
1663 2339 1793 2393 πολ-

218 2419 301 2473 λοῦ
330 2421 497 2476 δεῖται
543 2425 739 2495 χρόνου
770 2426 907 2497 πρὸς
948 2427 1007 2482 τὸ
1050 2427 1232 2483 δοῦναι
1269 2429 1408 2484 αὐτά
1445 2425 1527 2495 οἷς
1568 2432 1795 2504 εἴπομεν

172 2572 181 2581 _
218 2515 459 2582 πτωχοῖς,
493 2515 652 2570 οὐδὲν
696 2516 763 2571 ἂν
808 2517 1069 2573 κωλύοιτο
1116 2523 1145 2575 6
1189 2521 1346 2591 λόγος
1388 2522 1566 2595 χρόνῳ
1597 2524 1792 2591 διδοὺς,

218 2604 326 2656 κατ’
367 2606 665 2677 ἀναλογίαν
704 2602 781 2664 ὧν
811 2610 1128 2667 ἀποδέδοται
1161 2616 1276 2678 τοῖς
1301 2619 1559 2686 πτωχοῖς,
1590 2616 1795 2673 τέλειον

219 2694 445 2764 γίνεσθαι
471 2699 566 2755 τὸν
589 2700 765 2756 ταῦτα
791 2704 1047 2759 ποιοῦντα
1063 2722 1077 2736 ⁸
1114 2706 1300 2777 σαφῶς
1326 2707 1384 2761 δὲ
1411 2709 1440 2762 6
1461 2709 1633 2764 ταῦτα
1661 2712 1795 2783 πρά-

220 2787 304 2855 ξας
335 2791 443 2857 ἔξει
472 2793 750 2866 Θησαυρὸν
795 2796 854 2850 ὲν
894 2798 1130 2871 οὐρανῷ,
1172 2802 1264 2855 καὶ
1304 2803 1468 2869 αὐτὸς
1509 2806 1793 2878 γινόμενος

220 2883 554 2956 ὲπουράνιος’
590 2882 705 2954 οἷος
747 2890 847 2961 μὲν
887 2890 996 2963 γὰρ
1038 2893 1067 2946 6
1115 2894 1318 2966 χοῖκδς,
1348 2898 1377 2950 6
1428 2899 1662 2972 πονηρὸς
1694 2900 1791 2971 δη-

218 2975 356 3050 λαδὴ,
387 2979 623 3035 τοιοῦτοι
657 2983 751 3036 καὶ
792 2984 840 3036 οί
870 2984 1043 3054 χοϊκοί
1063 3002 1076 3015 ·
1110 2987 1205 3039 καὶ
1246 2982 1356 3053 οἷος
1385 2991 1413 3042 6
1446 2991 1790 3065 ἐπουράνιος,

217 3071 469 3126 τουτέστιν
494 3074 523 3127 6
559 3074 819 3145 Χριστὸς,
862 3074 1091 3129 τοιοῦτοι
1119 3077 1209 3131 καὶ
1239 3079 1287 3131 οἱ
1321 3080 1652 3153 ἐπουράνιοι.
1703 3084 1791 3138 Ἐν

217 3158 390 3233 τῷοῦν
416 3163 588 3218 αὐτοῦ
624 3165 779 3239 μέρει
825 3167 1040 3240 οὐρανῷ
1068 3167 1181 3234 ἕξει
1225 3167 1498 3243 Θησαυρὸν
1535 3173 1564 3226 6
1597 3172 1789 3246 βουλη-

219 3251 317 3316 Θεὶς
338 3253 538 3320 τέλειος
576 3256 852 3325 γενέσθαι,
888 3259 982 3312 καὶ
1022 3259 1280 3332 πωλήσας
1303 3260 1481 3316 πάντα
1507 3262 1577 3317 τὰ
1614 3264 1789 3338 ὐπάρ-

1892 2066 2001 2124 illis
2033 2069 2400 2138 priebuerunt.
2426 2066 2539 2125 Nec
2571 2069 2800 2125 dubium
2836 2084 2959 2126 esse
2988 2076 3169 2139 potest
3191 2068 3326 2138 quin
3357 2065 3476 2123 elli-

1893 2161 2072 2216 ciatur
2114 2159 2386 2232 perfectus
2426 2161 2521 2233 qui
2568 2162 2856 2218 facultates
2904 2176 3118 2222 omnes.
3150 2176 3289 2230 quas
3328 2157 3477 2216 dixi-

1895 2268 2038 2317 mus,
2075 2254 2395 2318 vendiderit,
2437 2261 2493 2310 et
2530 2258 2717 2325 egenis
2754 2253 2917 2309 fuerit
2958 2252 3208 2324 largitus.
3236 2250 3392 2319 Quod
3427 2251 3476 2308 si

1894 2345 2153 2401 diuturno
2181 2355 2423 2417 tempore
2450 2348 2755 2403 venduntur
2780 2345 3066 2403 facultates
3089 2355 3142 2402 et
3164 2347 3232 2401 ad
3255 2361 3319 2401 ea
3349 2361 3479 2417 pau-

1893 2439 2115 2509 peribus
2160 2455 2299 2510 quos
2343 2440 2606 2504 diximus,
2649 2441 2946 2510 eroganda,
2994 2440 3218 2512 longum
3264 2449 3479 2508 tempus

1892 2532 2263 2601 desideratur;
2309 2549 2419 2588 non
2465 2533 2720 2603 impediet
2764 2532 3013 2604 profecto
3056 2519 3183 2588 haec~
3220 2530 3480 2588 distribu—

1894 2620 2061 2677 tionis
2085 2621 2440 2689 diuturnitas,
2467 2622 2765 2693 quominus
2807 2622 2899 2694 qui
2931 2623 3032 2679 ista
3068 2621 3218 2688 facit,
3256 2637 3354 2693 pro
3392 2637 3480 2677 re—

1893 2728 2014 2767 rum
2048 2728 2077 2768 a
2130 2729 2190 2769 se
2225 2714 2411 2785 egenis
2457 2714 2875 2769 distributarum
2923 2713 3154 2779 ratione,
3202 2711 3480 2783 perfectus

1891 2804 2118 2871 evadat;
2159 2805 2405 2860 futurum
2441 2814 2620 2860 autem
2673 2812 2731 2858 ut
2767 2805 3086 2859 thesaurum
3120 2802 3174 2857 in
3210 2803 3349 2858 caelo
3380 2802 3479 2857 ha-

1891 2896 2034 2960 beat,
2062 2896 2301 2952 cmlestis
2340 2906 2395 2952 et
2439 2897 2555 2967 ipse
2584 2895 2834 2959 eﬂectus,
2871 2895 2965 2965 qui
3003 2896 3117 2950 haec
3151 2893 3322 2965 egerit
3352 2907 3480 2963 per-

1890 2988 2143 3059 spicuum
2191 2996 2318 3045 est:
2354 2988 2534 3060 qualis
2580 2989 2727 3044 enim
2764 2995 3015 3043 terrenus
3050 2996 3164 3053 est,
3190 2985 3369 3041 malus
3394 2982 3480 3040 vi-

1890 3078 2105 3146 delicet,
2138 3078 2276 3136 tales
2301 3089 2430 3136 sunt
2456 3088 2511 3136 et
2538 3079 2768 3146 terreni;
2801 3086 2855 3134 et
2881 3078 3059 3149 qualis
3090 3086 3177 3134 est
3212 3076 3471 3143 caelestis,

1891 3185 2085 3241 nempe
2116 3169 2391 3237 Christus,
2417 3169 2554 3225 tales
2583 3178 2713 3226 sunt
2742 3176 2796 3223 et
2833 3168 3103 3224 cmlestes.
3137 3167 3193 3222 lit
3229 3165 3477 3237 portione

1891 3278 2022 3335 ergo
2071 3279 2193 3326 sua,
2240 3264 2382 3319 caelo
2425 3263 2697 3329 videlicet,
2744 3262 3064 3317 thesaurum
3114 3258 3334 3315 habebit
3382 3259 3477 3329 qui

218 3363 382 3415 χοντα,
421 3349 513 3402 καὶ
557 3348 687 3414 δοὺς
728 3352 842 3415 τοῖς
891 3327 1346 3424 πτωχοῖς.”Αλλά
1393 3353 1468 3427 μὴ
1511 3327 1790 3433 ὐπολάϐής

1895 3354 2167 3426 perfectus
2192 3356 2306 3410 fieri
2331 3356 2583 3420 voluerit,
2610 3365 2662 3410 et
2701 3355 2844 3411 bona
2875 3371 2974 3411 sua
3014 3353 3197 3409 omnia
3224 3351 3483 3407 vendide-

217 3437 297 3490 τὸν
336 3440 653 3512 τηλικοῦτον
694 3441 954 3497 δύνασθαι
998 3447 1056 3498 ὲν
1106 3448 1218 3510 τοῖς
1269 3445 1408 3501 κατά
1453 3446 1524 3501 τά
1560 3447 1790 3520 βιωτικά

219 3528 468 3596 πλουσίοις
501 3532 564 3586 εὐ
576 3531 793 3605 ρεθῆναι
816 3550 829 3564 ο
856 3534 940 3599 τίς
967 3534 1077 3608 γὰρ
1110 3536 1289 3591 αὐτῶν
1313 3537 1541 3593 ἀπέδοτο
1570 3538 1670 3613 τὴν
1702 3558 1791 3612 φι-

219 3620 535 3688 λοπλουτίαν,
590 3625 685 3679 καὶ
730 3625 860 3698 τὴν,
911 3627 979 3681 ἵν’
1020 3627 1195 3693 οὕτως
1241 3629 1525 3702 ὀνομάσω,
1575 3631 1791 3704 φιλοκο-

222 3714 405 3785 σμίαν;
437 3716 534 3785 Τίς
568 3717 627 3770 δὲ
658 3716 834 3788 πάντη
864 3717 1094 3772 ἀπέδοτο
1120 3718 1180 3773 τὸ
1203 3718 1420 3792 πνεῦμα
1446 3721 1546 3794 τῆς
1573 3721 1786 3776 κενοδο-

1894 3445 1987 3511 rit,
2013 3456 2068 3501 et
2098 3446 2425 3518 pauperibus
2458 3446 2836 3517 impcrtiverit.
2869 3444 3071 3501 Verum
3113 3461 3180 3498 ne
3211 3443 3352 3497 inter
3381 3441 3454 3496 ho

1896 3537 2076 3595 mines
2101 3539 2290 3594 mundi
2318 3540 2482 3610 hujus
2507 3539 2712 3595 divitiis
2741 3538 3022 3594 alnuentes
3048 3545 3259 3593 tantum
3297 3534 3476 3590 virum

1897 3631 2124 3702 reperiri
2156 3646 2314 3702 posse
2342 3631 2659 3699 existimes;
2701 3631 2827 3702 quis
2858 3631 3004 3686 enim
3051 3630 3268 3684 illorum
3313 3626 3475 3697 cupi-

1893 3720 2117 3781 ditatem
2144 3722 2484 3790 divitiarum,
2515 3731 2570 3777 et
2613 3722 2800 3793 hujus,
2845 3730 2905 3776 nt
2945 3722 3017 3776 ita
3047 3720 3250 3786 dicam,
3288 3718 3477 3774 mundi

219 3800 343 3872 ξίας,
371 3807 454 3862 ἵνα
476 3810 706 3883 χωρήσῃ
735 3811 795 3865 ὲν
826 3809 904 3883 τῷ
941 3810 1133 3865 ἑαυτοῦ
1162 3811 1376 3885 οὐρανῷ
1411 3811 1682 3884 θησαυρὸν
1705 3812 1791 3867 δό-

1896 3827 2140 3867 amorem
2176 3812 2458 3869 vendidit?
2482 3812 2616 3880 Quis
2642 3814 2823 3870 inanis
2853 3812 3039 3885 gloria:
3059 3812 3301 3869 studium
3324 3809 3480 3880 peni-

1406 3905 1641 3962 VETUS
1692 3904 2277 3963 INTERPRETATIO.

217 3991 326 4068 dem
348 3994 627 4066 iustorum
654 3997 784 4052 boni
818 4006 995 4060 actus.
1018 3996 1263 4068 ipsorum
1301 4007 1484 4053 autem
1522 3999 1814 4065 malorum,
1841 3997 1993 4054 mali.
2028 3997 2127 4053 llic
2155 4013 2288 4067 ergo
2312 3997 2446 4052 dicit
2483 4012 2611 4053 eum
2640 3997 2733 4068 qui
2767 3997 2968 4052 multas
2997 3995 3233 4050 habebat
3255 4006 3477 4064 posses-

218 4065 406 4140 siones,
430 4068 660 4124 divitem
699 4068 870 4124 fuisse
905 4069 958 4123 in
989 4065 1250 4140 mysterio
1276 4069 1397 4139 ejus
1435 4070 1528 4140 qui
1562 4070 1735 4123 multa
1758 4069 1999 4138 possidet
2025 4084 2190 4138 opera
2219 4065 2472 4140 fnala.in
2506 4065 2706 4138 quibus
2733 4077 2910 4140 potest
2947 4082 3070 4140 esse
3103 4075 3157 4121 et
3187 4079 3344 4119 amor
3385 4078 3480 4133 pe-

220 4137 509 4211 cuniarum,
554 4149 612 4194 et
638 4137 1088 4211 concupiscentia
1121 4137 1327 4211 gloriae,
1371 4148 1427 4196 et
1455 4137 1592 4196 alia:
1623 4156 1710 4195 res
1742 4137 1975 4196 terrena:
2016 4137 2288 4211 replentes
2322 4137 2563 4211 animam
2610 4140 2753 4209 ejus.
2803 4137 3072 4211 Quoniam
3099 4150 3268 4211 __ergo_
3300 4142 3479 4211 po_te_st

220 4204 613 4281 aliquando'qui
644 4209 749 4265 hoc
776 4204 951 4281 modo
982 4204 1150 4266 dives'
1164 4218 1247 4265 est
1281 4204 1556 4267 abstinere
1582 4212 1801 4281 quidem
1831 4225 1890 4266 se
1916 4226 1948 4265 a
1976 4204 2134 4264 malis
2154 4210 2505 4280 quibusdam,
2532 4204 2743 4279 utputa,
2781 4210 2860 4281 ab_
2878 4204 3289 4271 homicidio,'ah
3314 4204 3475 4260 adul-

222 4280 367 4357 terio,
400 4295 429 4334 a
477 4279 649 4357 furto,
687 4279 909 4357 a_falso
955 4280 1373 4357 testiinonio,_et
1401 4298 1525 4357 qua;
1554 4279 1887 4338 conveniunt
1922 4279 2669 4357 parentibus_reddere_cum
2719 4279 2957 4357 quodam
3005 4281 3249 4357 honore:
3288 4284 3481 4357 potest

222 4347 368 4423 etiam
410 4365 534 4423 esse
576 4351 779 4420 aliquis
802 4360 858 4406 et
904 4351 1221 4408 misericors
1253 4352 1322 4406 ad
1366 4347 1669 4423 proximos,
1700 4368 1806 4406 non
1852 4347 2030 4406 tamen
2062 4360 2116 4405 et
2154 4354 2467 4421 perfectus:
2512 4352 2632 4406 ideo
2667 4347 2964 4423 coiisilians
3010 4348 3324 4423 hujnsinodi
3357 4347 3478 4400 viro

222 4418 433 4501 imperat
455 4418 715 4501 Christus
743 4422 981 4478 vendere
1008 4438 1227 4479 omnem
1276 4418 1642 4480 substantiam
1676 4424 1899 4501 malam,
1927 4424 1987 4477 et’
2010 4418 2174 4501 quasi
2202 4423 2413 4501 tradere
2440 4438 2558 4477 eam
2606 4421 2901 4501 virtutibus
2944 4418 3297 4501 operantibus
3328 4432 3473 4501 eam,

222 4504 332 4569 qua:
364 4493 430 4547 ab
474 4494 627 4549 omni
668 4494 814 4548 bono
845 4502 1300 4569 pauperessunt,
1336 4502 1405 4569 et_
1424 4505 1643 4569 propter
1691 4495 1795 4569 hoc
1824 4509 1932 4569 non
1967 4493 2234 4569 sulferunt
2283 4494 2482 4569 minas.
2524 4494 2823 4569 secundum
2859 4492 3005 4569 quod
3039 4492 3300 4569 scriptum
3335 4499 3475 4569 est:

227 4576 245 4635 ς
271 4558 471 4632 Pauper
499 4575 684 4620 autem
716 4579 831 4635 non
846 4558 1043 4620 suffert
1068 4558 1329 4635 minas.)
1371 4558 1479 4620 seu
1505 4558 1621 4621 s'cio
1645 4568 1773 4635 quia
1810 4565 1965 4618 valde
1994 4564 2230 4618 violenta
2260 4563 2530 4619 videbitur
2559 4558 2984 4635 expositioi'sta,
3014 4558 3234 4635 solvens
3254 4559 3478 4629 quidem

223 4628 429 4718 honeste
452 4635 676 4718 (intende
710 4634 1216 4718 perfectioneg'sunt
1240 4634 1405 4718 dicta,
1428 4651 1537 4690 non
1570 4628 1749 4718 autem
1781 4636 1936 4718 valde
1968 4635 2325 4718 persuadens,
2347 4643 2418 4718 _ut
2451 4628 2727 4718 deponens
2763 4634 2887 4718 quis
2916 4650 3037 4718 qua:
3072 4628 3306 4712 malitiae.
3326 4638 3476 4718 sunt,

223 4703 438 4778 vendere
459 4701 1213 4778 intelligatursubstantiam,
1241 4716 1295 4760 et
1315 4701 1448 4761 dare
1476 4707 1827 4778 pauperibus.
1857 4701 2025 4773 Qua—si
2055 4706 2108 4766 in
2140 4706 2233 4761 tali
2269 4713 2448 4778 autem
2491 4701 2797 4778 praeventus
2820 4701 3143 4760 loco—dicam
3169 4719 3184 4756 :
3216 4701 3312 4772 qui
3336 4701 3480 4756 hanc

219 4776 597 4860 fxpositionem
626 4776 1106 4860 defenditudicere
1132 4787 1307 4860 potest
1339 4776 1602 4860 quoniam
1632 4778 1935 4860 plenusest
1966 4785 2216 4860 peccator
2239 4777 2844 4860 spiritibussecupduni
2878 4790 3195 4860 mensuram
3216 4779 3481 4860 peceato-

221 4853 338 4926 ruin
362 4862 626 4926 suorum:
668 4842 1255 4926 utputa_fornicarius,_
1276 4842 1577 4926 secundum
1608 4842 1986 4926 quoddicitur
2012 4848 2065 4902 in
2091 4842 2413 4926 Scriptnris,
2451 4848 2645 4926 spiritu
2674 4846 3090 4926 fornicationis;
3126 4842 3488 4926 furibunndtlst.

222 4914 398 4983 spiritu
424 4917 625 4993 furoris
649 4937 662 4973 :
692 4912 746 4974 ei
773 4919 899 4993 mali
924 4919 1146 4993 loquax,
1176 4918 1371 4993 spiritu
1395 4912 1818 4993 criminationis.
1845 4918 2402 4993 lstamsuhstantiam
2428 4912 2722 4993 acquisivit
2747 4919 2843 4993 qui
2864 4917 3042 4972 malus
3066 4916 3190 4979 fuit,
3214 4922 3268 4967 et
3298 4912 3481 4993 factus

221 4993 302 5062 est
324 4989 731 5059 participatione
762 4989 1030 5062 malorum
1060 4988 1350 5058 spirituum
1382 4989 1748 5062 abundantior
1776 4998 1832 5044 et
1866 4989 2232 5062 Amultiplicior
2272 4991 2327 5043 in
2370 4990 2504 5059 ipsis
2535 4990 2715 5046 malis.
2765 4990 2920 5044 Sicut
2959 4995 3154 5062 autem
3178 4988 3476 5062 acquisivit

223 5053 476 5131 quiseam
507 5053 697 5115 entens
721 5061 951 5117 arbitrio
977 5053 1198 5130 proprio
1227 5061 1575 5131 complacens
1620 5062 1800 5125 malis,
1835 5060 1915 5116 sie
1941 5053 2126 5114 vendit
2146 5076 2287 5125 eain,
2318 5071 2371 5114 ct
2392 5053 2486 5131 dat
2520 5062 2720 5115 talibus
2746 5058 3101 5131 pauperibus,
3125 5057 3192 5109 de
3213 5053 3473 5123 qualibus

224 5123 655 5204 loquitnrsermo
682 5146 780 5204 per
814 5132 919 5204 hoc
944 5123 1101 5204 quod
1130 5123 1367 5204 credidit
1388 5123 1820 5204 verbis‘Christi,
1848 5142 1901 5187 et
1949 5132 2167 5201 reliquit
2193 5123 2347 5186 eain.
2385 5130 2535 5187 Sicut
2576 5132 2724 5187 enim
2746 5123 3260 5204 'pax'apostolorum
3289 5138 3487 5202 rever?

223 5198 342 5250 titur
362 5201 425 5254 ad
460 5202 623 5270 ipsos.
662 5198 769 5257 nisi
816 5198 992 5257 fuerit
1023 5202 1168 5259 filius
1199 5203 1391 5277 pacis:
1440 5203 1521 5277 sic
1565 5202 1878 5277 fornicatio,
1909 5210 1964 5257 et
2013 5198 2288 5277 universa
2315 5213 2534 5271 peccata
2582 5198 2935 5277 revertuntur
2962 5198 3029 5253 ad
3069 5209 3338 5277 paupef95
3382 5198 3490 5277 Si“?

225 5277 456 5351 auctores
479 5267 607 5351 sunt
634 5283 1007 5351 peccatorum,
1039 5289 1163 5328 cum
1199 5267 1320 5351 non
1335 5272 1497 5329 fuerit
1529 5284 1686 5351 utens
1717 5267 1876 5329 malis
1905 5271 2215 5351 coruinum
2244 5267 2332 5351 sic
2356 5289 2534 5344 neque
2564 5272 2828 5351 dubitatio
2860 5271 2965 5351 erit
2989 5269 3136 5351 quin.
3149 5267 3361 5351 statim
3384 5267 3489 5351 fiat.

226 5337 478 5403 perfectus
505 5344 597 5415 qui
634 5337 724 5400 'sic
756 5337 1002 5399 vendidit
1026 5359 1239 5415 omnes,
1278 5345 1421 5400 sicut
1458 5346 1804 5412 tradidimus,
1833 5344 2082 5415 proprias
2120 5342 2426 5411 facultates,
2443 5337 2516 5399 ὀι
2545 5346 2695 5399 dedit
2720 5341 3072 5415 pauperibus.
3105 5337 3163 5392 Si
3207 5343 3388 5415 autem
3419 5342 3482 5393 et

227 5416 449 5498 Ignipore
480 5408 651 5498 multo
688 5415 1000 5498 hujusmudi
1044 5408 1332 5498 facultates
1379 5417 1689 5498 venduntur
1732 5408 1800 5498 et
1824 5408 2054 5498 multum
2086 5423 2301 5498 tempus
2329 5408 2703 5498 necessarium
2720 5408 2913 5498 ’cst'ut
2950 5408 3487 5498 tradatituquun‘bus.

226 5479 323 5561 dixi
350 5486 694 5561 pauperibus,
723 5479 859 5541 nihil
885 5488 1224 5561 contrarium
1251 5496 1375 5561 es_t_:
1414 5487 1507 5561 sed
1546 5488 1848 5543 secundum
1877 5479 2295 5561 aastimation'cm
2322 5486 2650 5561 traditurum
2695 5485 2970 5561 malorum
3017 5479 3482 5561 pauperibus'per-

224 5550 525 5621 tempora—tit
551 5557 826 5628 perfectus
847 5558 944 5628 qui
976 5558 1100 5613 talia
1126 5557 1272 5614 fecit.
1307 5557 1660 5614 Manifestum
1688 5567 1773 5614 est
1806 5567 2013 5623 autem,
2048 5565 2107 5611 ut
2139 5556 2234 5627 qui
2264 5557 2392 5613 talia
2421 5558 2532 5629 egit
2551 5558 2752 5613 habeat
2780 5550 3098 5610 thesaurum
3136 5551 3195 5606 in
3221 5550 3385 5617 cmlo,
3419 5559 3483 5609 et

288 5644 329 5676 “’
364 5642 485 5704 Ose.
518 5666 593 5717 tv,
626 5651 713 5719 l2,
746 5659 801 5708 et
824 5668 876 5714 v,
907 5652 961 5706 4.
1038 5653 1079 5684 ⁸⁸
1122 5652 1257 5710 Luc.
1293 5670 1351 5721 ι,
1380 5654 1434 5709 6.

1894 5745 2155 5819 κώτερον,
2183 5745 2279 5800 καὶ
2306 5742 2615 5819 μᾶλλονμέτι
2646 5741 3057 5819 τετυφωμένον·
3096 5757 3278 5819 quem_
3293 5741 3481 5819 locum

1896 5812 2091 5888 repetit
2114 5812 2463 5888 Plutarchus,
2490 5815 2753 5888 Adversus
2790 5812 2970 5888 C0191.
3006 5812 3481 5888 Sex}u_s_Empir.,

1892 5884 1984 5943 lib'.
2013 5902 2087 5942 vn
2116 5887 2376 5959 Adversus
2401 5887 2619 5959 logicos,
2651 5900 2770 5959 cap.
2800 5887 2867 5942 de
2887 5885 3069 5956 Hom.,
3096 5884 3485 5955 Suidas,Apo-

1893 5960 2110 6023 stolius,
2137 5956 2430 6031 Gregorius
2457 5956 2626 6035 Cypr.
2666 5956 2931 6016 llusrtus.

289 5735 394 5811 (65)
433 5743 895 5815 Παριατάμενος.
935 5746 1118 5803 Codex
1160 5746 1385 5818 Regius,
1430 5748 1788 5821 παραστησάο

229 5821 706 5958 μεῖἕὲὶμπφῶνος
729 5888 1292 5958 πολυπλοκώτερος.
1323 5890 1494 5957 Plato,
1533 5892 1588 5945 in
1622 5888 1797 5945 PIId!-'

226 5957 352 6007 dm:
377 5953 571 6011 Εἴτετι
602 5956 787 6030 θηρίον
829 5958 905 6013 ὢν
941 5953 1196 6031 τυγχάνω
1228 5953 1491 6033 Τυφῶνος
1514 5962 1782 6016 πολυπλο-
