3954 6560
239 446 378 508 1305

1191 453 1548 513 COMMENT.
1574 455 1641 512 IN
1667 456 2084 517 MATTHEUM
2117 456 2359 517 TOMUS
2382 456 2495 518 XV.

3358 472 3379 529 1
3391 474 3497 531 506

236 572 332 626 καὶ
357 569 540 626 δοῦναι
574 575 828 645 πτωχοῖς.
873 573 960 627 Ἑν
990 574 1214 646 τοιούτῳ
1246 577 1813 652 προσ-κατειλημμένος

1919 580 2203 639 facultates
2240 583 2472 639 vendere
2521 590 2576 638 et
2626 584 2958 655 pauperibus
3000 592 3224 658 erogare
3268 608 3465 664 persua

232 664 435 736 τόπῳό
462 664 632 738 ταύτῃ
667 668 1071 740 παριστάμενος
1102 667 1212 739 (65)
1242 672 1307 742 τῇ
1340 670 1489 744 δόξῃ,
1526 674 1687 745 φήσει
1721 691 1819 727 πε-

235 752 555 825 πληρῶσθαι
588 755 679 809 τὸν
713 757 1032 828 άμαρτωλδν
1057 760 1383 831 πνευμάτων
1405 761 1546 815 κατὰ
1572 763 1672 836 τήν
1694 765 1822 820 ἀνα-

232 846 425 917 λογίαν
451 848 557 902 τῶν
604 851 1044 924 ἁμαρτημάτων
1081 847 1192 909 οἷον
1229 854 1277 907 εί
1320 856 1516 928 πόρνος
1557 857 1641 930 εἴη
1662 899 1678 923 ,
1722 859 1815 914 τοῦ

229 938 533 1012 λεγομένου
566 944 623 996 ὲν
665 946 780 1008 τοῖς
823 948 1129 1019 προφήταις
1176 947 1485 1020 πνεύματος
1528 951 1813 1023 πορνείας

229 1034 280 1086 εἰ
311 1032 372 1085 δὲ
400 1032 651 1105 Ουμικὸς,
677 1036 985 1108 πνεύματος
1013 1038 1185 1110 θυμοῦ
1205 1057 1218 1070 ·
1251 1038 1393 1096 οὕτω
1424 1040 1482 1095 δὲ
1515 1044 1610 1096 καὶ
1634 1045 1681 1097 εί
1714 1062 1816 1099 κα·-

226 1124 483 1190 τάλαλος,
514 1127 821 1200 πνεύματος
847 1130 1196 1196 καταλαλιᾶς.
1221 1132 1408 1188 Ταῦτα
1441 1130 1533 1189 οὖν
1554 1153 1639 1201 τις
1665 1138 1819 1210 ἐκτή-

230 1233 368 1270 σατο
389 1217 456 1271 τὰ
486 1218 799 1291 ὑπάρχοντα
816 1220 1018 1291 φαῦλος
1033 1222 1130 1287 ὣν,
1158 1222 1252 1277 καὶ
1279 1226 1568 1297 γενόμενος
1592 1229 1658 1298 τῇ
1691 1245 1816 1299 μετ-

221 1310 331 1381 οχῇ
381 1308 488 1363 τῶν
531 1312 787 1383 χειρόνων
824 1315 1151 1385 πνευμάτων
1178 1302 1437 1387 Τυφῶνος
1468 1317 1817 1373 πολυπλοκώ-

220 1416 391 1471 τερος
428 1400 557 1474 (66).
600 1403 810 1476 Ὠσπερ
856 1404 902 1458 δ’
940 1407 1214 1478 ἐκτήσατο
1261 1409 1422 1477 αὐτὰ,
1465 1410 1815 1483 ὠνησάμενος

225 1493 549 1564 προαιρέσει
582 1495 804 1569 είκούσῃ
835 1499 950 1561 τοῖς
978 1498 1223 1567 φαύλοις,
1258 1500 1431 1566 οὕτως
1462 1503 1714 1558 ἀποδοῖτο
1748 1503 1815 1558 ἂν

218 1578 311 1649 οἷς
333 1584 477 1639 θέλει
505 1587 534 1639 6
565 1586 720 1657 λόγος
742 1584 897 1654 οὗτος
926 1595 1163 1663 πτωχοῖς
1188 1593 1274 1648 διὰ
1298 1593 1392 1649 τοῦ
1427 1595 1707 1650 πείθεσθαι
1737 1596 1815 1671 τῷ

231 1676 417 1748 ’ῐησοῦ
435 1694 449 1707 ·
478 1677 554 1742 ὡς
579 1676 686 1751 γὰρ
708 1680 741 1751 ἡ
774 1682 963 1755 εἰρήνη
992 1683 1099 1763 τῶν
1128 1685 1440 1741 ἀποστόλων
1462 1688 1597 1760 πρὸς
1618 1690 1814 1755 αὐτοὺς

216 1770 598 1843 ἀνακάμπτει,
618 1774 712 1827 ἐὰν
737 1776 810 1848 μὴ
833 1777 946 1841 υίὸς
969 1779 1191 1852 εἰρήνης
1214 1780 1364 1852 τύχοι
1382 1777 1518 1836 εἶναι
1542 1784 1572 1836 ὁ
1600 1782 1812 1838 ἀκούων

214 1862 285 1916 τό
308 1880 322 1894 ⁸
355 1883 375 1917 ι
411 1866 616 1938 Εἰρήνη
644 1868 804 1939 ὑμῖν·
837 1889 856 1923 t
887 1870 1058 1938 οὔτως
1082 1875 1115 1944 ή
1148 1875 1394 1946 πορνεία,
1421 1878 1516 1929 καὶ
1542 1877 1717 1931 πάντα
1741 1875 1811 1930 τά

1918 674 2063 730 deat.
2099 673 2200 742 Qui
2236 675 2477 746 opinioni
2511 674 2637 731 huic
2663 677 2971 734 assentiens
3003 680 3093 736 hic
3122 682 3497 756 iueritdepre-

1918 769 2144 834 hensus,
2180 784 2280 839 pro
2309 779 2655 836 peccatorum
2707 786 2933 827 suorum
2965 774 3175 828 ratione
3209 777 3493 845 spiritibus

1918 862 2182 931 repletum
2226 877 2348 918 esse
2389 872 2733 934 peceatorem
2783 864 2956 932 dicet;
3008 874 3065 921 ut
3110 867 3155 921 si
3202 879 3492 940 scortator,

1915 953 2067 1009 verbi
2093 970 2280 1021 causa,
2324 955 2507 1023 fuerit,
2561 956 2911 1014 scortationis
2950 958 3093 1015 dicto
3136 976 3166 1015 a
3216 962 3494 1032 prophetis

1917 1044 2115 1113 spiritu
2146 1045 2221 1111 ‘°;
2263 1047 2308 1101 si
2357 1047 2675 1113 iracundus,
2726 1048 2921 1119 spiritu
2959 1052 3277 1119 iracundiae,
3310 1053 3356 1108 si
3396 1056 3498 1110 ob-

1920 1148 2199 1206 trectator,
2229 1140 2423 1211 Spiritu
2450 1142 2886 1200 obtrectationis.
2929 1144 3040 1200 Has
3083 1161 3212 1216 ergo
3252 1147 3498 1217 possidet

1914 1230 2205 1288 facultates
2249 1232 2345 1304 qui
2392 1234 2570 1289 malus
2616 1245 2721 1304 est,
2772 1245 2828 1292 et
2870 1238 3191 1308 nequiorum
3242 1254 3496 1297 commu-

1916 1323 2081 1379 nione
2112 1324 2406 1394 spirituum
2449 1324 2714 1396 Typhone
2757 1325 3069 1381 mutabilior
3091 1335 3196 1382 est.
3219 1325 3287 1382 Et
3305 1344 3497 1399 quem-

1915 1414 2207 1469 admodum
2256 1416 2535 1472 voluntate
2566 1417 2726 1474 malis
2767 1417 3177 1490 obtemperante
3209 1436 3273 1474 ea
3305 1436 3495 1477 entens

1916 1503 2019 1561 sibi
2058 1506 2424 1575 comparavit;
2458 1506 2532 1560 ita
2561 1504 2691 1562 Jesu
2723 1521 2930 1561 morem
2971 1508 3209 1578 gerendo
3240 1507 3325 1562 his
3355 1522 3492 1577 pau-

1915 1598 2135 1668 peribus
2164 1599 2250 1652 illa
2278 1599 2554 1664 divendat,
2584 1599 2679 1670 qui
2712 1599 2816 1655 isto
2843 1600 3012 1671 678
3034 1599 3493 1670 sermone‘signi-

1914 1690 2167 1746 ficatttur.
2200 1691 2271 1747 Ut
2297 1692 2441 1746 enim
2480 1692 2854 1762 apostolorum
2884 1708 2985 1762 pax
3026 1693 3092 1747 ad
3138 1692 3288 1763 ipsos
3314 1707 3496 1747 rever-

1916 1784 2067 1849 titur,
2097 1785 2142 1839 si
2185 1785 2334 1855 pacis
2364 1784 2501 1841 forte
2528 1786 2673 1843 filius
2722 1802 2829 1841 non
2867 1784 3051 1849 fuerit,
3082 1785 3179 1856 qui
3210 1784 3342 1839 illud
3389 1798 3494 1839 au-

1913 1878 1992 1934 dit
2016 1878 2092 1934 “:
2137 1897 2156 1929 ‹
2201 1878 2311 1933 Pax
2352 1880 2536 1947 vobis;
2575 1899 2594 1931 ι
2630 1880 2701 1935 ita
2730 1880 3013 1946 scortatio,
3045 1887 3101 1934 et
3131 1879 3336 1948 reliqua
3374 1891 3496 1932 om-

216 1955 451 2028 ἀμαρτή
461 1976 625 2029 ματα,
655 1962 829 2016 πάντα
853 1963 1173 2036 ἀνακάμψαι
1206 1966 1273 2021 ἂν
1298 1967 1433 2039 πρὸς
1457 1969 1584 2033 τοὺς
1604 1968 1812 2034 αἰτίους

1914 1972 2006 2028 nia
2044 1981 2265 2043 peccata
2304 1972 2372 2027 ad
2422 1988 2689 2044 pauperes
2731 1980 3096 2039 revertentur,
3139 1971 3234 2042 qui
3265 1986 3491 2027 causam

212 2049 334 2104 τῶν
383 2051 798 2126 ἁμαρτημάτων
830 2057 1098 2129 πτωχούς.
1147 2060 1259 2114 Καὶ
1297 2059 1411 2115 ἐστι
1454 2060 1531 2134 μὴ
1561 2061 1810 2118 διστάσαι

212 2146 355 2216 περὶ
375 2144 470 2198 τοῦ
500 2146 703 2201 τέλειον
730 2147 974 2217 γίνεσθαι
989 2149 1080 2203 τὸν
1108 2150 1251 2205 οὕτω
1279 2151 1606 2224 πωλήσαντα
1635 2153 1814 2208 πάντα

211 2235 290 2291 τὰ
335 2237 702 2309 ἀποδεδομένα
739 2240 1072 2312 ὑπάρχοντα,
1124 2244 1219 2296 καὶ
1249 2243 1406 2297 δόντα
1450 2247 1707 2317 πτωχοῖς.
1748 2244 1813 2301 Ei

210 2326 273 2383 δὲ
312 2328 492 2402 χρόνῳ
534 2331 713 2404 πολλῷ
745 2333 1054 2389 ἀποδίδοται
1083 2334 1154 2389 τά
1182 2336 1517 2410 ὑπάρχοντα,
1552 2339 1648 2392 καὶ
1681 2338 1811 2392 πολ-

212 2421 317 2476 λοῦ
349 2423 522 2477 δεῖται
566 2426 758 2497 χρόνου
789 2426 926 2497 πρὸς
966 2427 1026 2482 τὸ
1068 2427 1250 2483 δοῦναι
1287 2429 1426 2484 αὐτά
1463 2425 1545 2495 οἷς
1586 2431 1813 2503 εἴπομεν

154 2574 169 2585 ο
212 2516 484 2584 πτωχοῖς,
518 2516 671 2571 οὐδὲν
715 2518 781 2572 ἂν
827 2519 1088 2573 κωλύοιτο
1135 2523 1164 2575 6
1208 2521 1365 2591 λόγος
1407 2521 1585 2594 χρόνῳ
1615 2523 1810 2590 διδοὺς,

210 2605 344 2658 κατ’
388 2606 683 2678 ἀναλογίαν
723 2602 799 2664 ὧν
830 2611 1147 2668 ἀποδέδοται
1179 2616 1295 2678 τοῖς
1320 2618 1577 2686 πτωχοῖς,
1608 2616 1813 2672 τέλειον

210 2697 470 2767 γίνεσθαι
497 2701 590 2756 τὸν
611 2701 783 2757 ταῦτα
810 2705 1066 2760 ποιοῦντα
1082 2722 1096 2737 ο
1133 2706 1319 2777 σαφῶς
1345 2707 1402 2761 δὲ
1429 2708 1459 2762 6
1479 2708 1652 2763 ταῦτα
1679 2711 1814 2782 πράο

210 2789 318 2859 ξας
354 2792 469 2859 ἕξει
498 2794 769 2867 θησαυρὸν
814 2797 872 2852 ὲν
913 2798 1148 2871 οὐρανῷ,
1192 2801 1283 2854 καὶ
1322 2802 1487 2867 αὐτὸς
1528 2804 1813 2877 γινόμενος

209 2885 579 2958 ἐπουράνιος·
612 2882 724 2955 οἷος
766 2890 866 2961 μὲν
906 2890 1014 2963 γὰρ
1057 2893 1085 2946 6
1134 2893 1337 2965 χοῖκδς,
1367 2898 1395 2950 6
1447 2898 1681 2971 πονηρὸς
1712 2899 1810 2970 δη-

208 2979 377 3052 λαδὴ,
411 2979 643 3036 τοιοῦτοι
676 2983 770 3036 καὶ
812 2985 859 3036 oi
890 2984 1062 3054 χοϊκοί
1082 3001 1096 3015 ·
1129 2985 1224 3039 καὶ
1265 2982 1375 3052 οἷος
1404 2990 1432 3041 6
1465 2991 1809 3064 ἐπουράνιος,

208 3073 498 3127 τουτέστιν
523 3075 551 3128 6
585 3074 838 3147 Χριστὸς,
880 3075 1110 3130 τοιοῦτοι
1138 3076 1228 3131 καὶ
1257 3079 1307 3131 oi
1340 3079 1671 3153 ἐπουράνιοι.
1722 3083 1811 3137 Ἐν

207 3163 293 3236 τῷ
319 3160 416 3218 οὖν
445 3164 608 3218 αὐτοῦ
643 3166 798 3239 μέρει
845 3167 1059 3240 οὐρανῷ
1088 3166 1199 3234 ἕξει
1245 3167 1518 3242 θησαυρὸν
1554 3172 1584 3225 6
1616 3171 1809 3245 βουλη-

209 3255 335 3320 θεὶς
359 3254 566 3321 τέλειος
596 3256 872 3326 γενέσθαι,
908 3259 1001 3313 καὶ
1042 3259 1299 3333 πωλήσας
1323 3260 1500 3315 πάντα
1527 3261 1597 3317 τὰ
1634 3263 1809 3337 ὑπάρ-

209 3367 405 3421 χοντα,
448 3350 541 3403 καὶ
582 3349 706 3414 δοὺς
748 3353 861 3415 τοῖς
910 3326 1365 3424 πτωχοῖςίἋλλά
1412 3354 1488 3427 μὴ
1531 3326 1810 3432 ὐπολάὸιξιις
1836 3326 1878 3385 C

206 3442 307 3495 τὸν
353 3441 672 3514 τηλικοῦτον
714 3442 974 3498 δύνασθαι
1018 3447 1076 3499 ὲν
1126 3448 1237 3510 τοῖς
1288 3445 1428 3501 κατὰ
1473 3446 1543 3501 τά
1580 3447 1810 3520 βιωτικὰ

208 3532 495 3596 πλουσίοις
528 3532 813 3605 εὑρεθῆναι
836 3551 849 3564 ·
876 3534 961 3599 τίς
988 3535 1097 3608 γάρ
1131 3536 1308 3591 αὐτῶν
1334 3537 1561 3593 ἀπέδοτο
1589 3538 1689 3613 τήν
1721 3558 1812 3611 φι-

206 3626 562 3688 λοπλουτίαν,
610 3626 704 3680 καὶ
751 3625 881 3698 τὴν,
932 3628 999 3681 ἶν’
1041 3627 1215 3693 οὕτως
1262 3629 1545 3702 ὀνομάσω,
1595 3630 1811 3703 φιλοκο-

211 3718 389 3791 σμίαν
414 3733 430 3784 ;
464 3717 561 3785 Τίς
589 3718 648 3772 δὲ
678 3717 854 3789 πάντη
885 3717 1114 3772 ἀπέδοτο
1140 3718 1201 3773 τὸ
1224 3718 1441 3791 πνεῦμα
1467 3721 1567 3793 τῆς
1593 3720 1806 3775 κενοδο-

1910 2065 2019 2123 illis
2050 2067 2417 2137 praebuerunt.
2444 2064 2556 2123 Nec
2589 2067 2817 2123 dubium
2854 2081 2977 2123 esse
3005 2073 3187 2137 potest
3208 2065 3343 2135 quin
3374 2062 3493 2119 etii-

1911 2159 2090 2215 ciatur
2131 2157 2405 2231 perfectus
2444 2159 2539 2231 qui
2586 2160 2874 2216 facultates
2922 2173 3136 2219 omnes.
3167 2173 3306 2227 quas
3346 2154 3495 2212 dixi-

1912 2267 2056 2316 mus,
2093 2251 2413 2316 vendiderit,
2455 2260 2510 2308 et
2548 2255 2734 2323 egenis
2773 2250 2935 2307 fuerit
2976 2249 3225 2322 largitus.
3254 2248 3410 2316 Quod
3445 2248 3494 2305 si

1912 2344 2171 2400 diuturno
2199 2354 2441 2416 tempore
2467 2346 2773 2401 venduntur
2798 2342 3084 2401 facultates
3107 2352 3160 2399 et
3182 2343 3250 2398 ad
3273 2359 3339 2398 ea
3367 2357 3496 2413 pau-

1912 2438 2133 2508 peribus
2179 2454 2318 2509 quos
2361 2438 2625 2502 diximus,
2668 2439 2964 2508 eroganda,
3012 2437 3236 2509 longum
3282 2445 3497 2505 tempus

1911 2530 2282 2599 desideratur;
2327 2547 2438 2587 non
2483 2531 2738 2601 impediet
2783 2529 3031 2602 profecto
3075 2515 3201 2585 haec
3238 2527 3499 2585 distribu-

1913 2618 2080 2675 tionis
2104 2620 2458 2687 diuturnitas,
2485 2621 2784 2692 quominus
2826 2619 2919 2691 qui
2949 2621 3051 2676 ista
3087 2618 3236 2685 facit,
3276 2633 3373 2689 pro
3411 2634 3499 2673 re-

1911 2727 2034 2766 rum
2067 2728 2097 2767 a
2149 2728 2208 2767 se
2244 2713 2430 2784 egenis
2476 2711 2894 2767 distributarum
2941 2710 3173 2777 ratione,
3222 2708 3499 2780 perfectus

1911 2803 2137 2871 evadat;
2179 2803 2424 2859 futurum
2460 2812 2639 2858 autent
2692 2811 2749 2856 ut
2786 2802 3105 2857 thesaurum
3139 2799 3193 2853 itt
3229 2799 3367 2854 εωὶο
3399 2798 3498 2853 ha-

1910 2894 2053 2958 beat,
2081 2895 2321 2951 cmlestis
2359 2905 2413 2950 et
2458 2895 2575 2965 ipse
2603 2893 2853 2957 eilectus,
2890 2892 2984 2962 qui
3021 2893 3136 2947 haec
3170 2890 3341 2962 egerit
3372 2904 3499 2961 per—

1910 2987 2163 3058 spicuum
2210 2994 2338 3043 est:
2374 2986 2553 3058 qualis
2599 2987 2746 3041 enim
2783 2993 3035 3041 terrenus
3070 2992 3183 3051 est,
3209 2982 3388 3038 malus
3413 2979 3499 3036 vi-

1909 3077 2124 3145 delicet,
2157 3077 2295 3134 tales
2320 3087 2449 3134 sunt
2476 3087 2531 3133 et
2557 3077 2787 3144 terreni;
2820 3084 2875 3131 et
2900 3076 3078 3146 qualis
3109 3083 3196 3130 est
3231 3072 3490 3139 caelestis,

1910 3184 2104 3240 nempe
2136 3167 2411 3236 Christus,
2436 3167 2574 3223 tales
2603 3175 2732 3223 sunt
2762 3174 2815 3221 et
2852 3164 3122 3221 caelestes.
3157 3164 3212 3219 ltt
3247 3162 3497 3234 portione

1911 3276 2041 3333 ergo
2090 3277 2213 3324 sua,
2260 3262 2402 3317 caalo
2445 3260 2717 3327 videlicet,
2764 3260 3083 3315 thesaurum
3133 3254 3354 3312 habebit
3402 3256 3496 3326 qui

1914 3352 2186 3425 perfectus
2212 3354 2326 3408 fieri
2352 3353 2603 3418 voluerit,
2629 3363 2682 3407 et
2721 3352 2863 3408 bona
2895 3368 2993 3407 sua
3034 3350 3216 3406 omnia
3244 3347 3502 3403 vendide-

1914 3444 2007 3510 rit,
2033 3455 2088 3499 et
2118 3444 2445 3516 pauperibus
2478 3443 2856 3515 impertiverit.
2889 3441 3090 3498 Verum
3134 3458 3200 3495 tte
3231 3440 3372 3494 inter
3401 3438 3474 3492 lto

1916 3536 2096 3593 minos
2122 3537 2310 3593 mundi
2337 3537 2501 3608 hujus
2527 3536 2733 3592 divitiis
2760 3536 3041 3591 affluentes
3069 3542 3280 3590 tantum
3316 3531 3496 3586 virum

1917 3629 2144 3700 reperiri
2176 3644 2334 3700 posse
2362 3628 2679 3696 existimes;
2722 3628 2847 3699 quis
2878 3628 3023 3683 enim
3072 3627 3288 3681 illorum
3333 3623 3495 3694 cupi-

1913 3719 2137 3779 ditatem
2165 3720 2504 3789 divitiarum,
2535 3730 2591 3775 et
2633 3719 2821 3790 hujus,
2865 3728 2925 3774 ut
2965 3720 3037 3773 ita
3067 3717 3271 3783 dicant,
3309 3715 3496 3771 mundi

206 3807 359 3878 ξίας,
391 3809 480 3864 ἵνα
503 3810 727 3884 χωρήσῃ
756 3811 815 3866 ὲν
846 3809 925 3883 τῷ
961 3811 1153 3866 ἑαυτοῦ
1182 3811 1396 3885 οὐρανῷ
1432 3810 1703 3883 θησαυρὸν
1725 3811 1812 3866 δό-

1917 3826 2161 3865 amorem
2196 3810 2479 3867 vendidit?
2503 3810 2636 3879 Quis
2663 3811 2843 3867 inanis
2873 3809 3059 3882 gloriae
3080 3809 3321 3866 studium
3344 3806 3500 3877 peni-

1427 3904 1564 3959 VET
1576 3905 1661 3961 US
1713 3903 2297 3961 lNTERPRETATlO.

204 3998 340 4056 dem
365 3997 647 4068 iustorum
675 3998 806 4053 boni
838 4007 1016 4059 actus,
1040 3997 1285 4069 ipsorum
1321 4006 1505 4053 autem
1542 3998 1834 4064 malorum,
1861 3997 2014 4069 mali.
2048 3996 2148 4051 llic
2176 4012 2308 4066 ergo
2332 3994 2467 4069 dicit
2504 4011 2633 4069 eum
2661 3994 2755 4066 qui
2787 3994 2989 4049 multas
3018 3992 3254 4048 habebat
3276 4003 3498 4061 posses-

206 4067 430 4133 siones,
455 4069 680 4124 divitem
718 4069 891 4125 fuisse
925 4070 979 4123 in
1010 4067 1271 4140 mysterio
1297 4069 1418 4139 ejus
1456 4069 1550 4140 qui
1582 4069 1755 4122 multa
1779 4068 2019 4137 possidet
2046 4082 2211 4140 opera
2238 4067 2493 4140 tnala._in
2528 4068 2727 4140 quibus
2754 4074 2931 4140 potest
2968 4079 3091 4140 esse
3124 4072 3178 4118 et
3208 4077 3365 4116 amor
3406 4074 3500 4130 pe-

207 4141 536 4212 cuniarum,
578 4150 632 4195 et
658 4134 1110 4212 concupiscentia
1142 4134 1349 4212 gloriae,
1392 4148 1448 4212 et
1474 4134 1613 4195 'aliae
1644 4155 1731 4212 res
1764 4134 1996 4195 terrenae
2038 4134 2308 4212 replentes
2342 4134 2584 4212 animam
2631 4134 2774 4207 ejus;
2824 4134 3094 4212 Quoniam
3120 4147 3289 4212 __ergo_
3321 4140 3500 4212 potest

208 4201 633 4281 aliquandojqui
665 4211 769 4266 hoc
799 4201 972 4281 modo
1003 4201 1172 4266 dives“
1185 4218 1269 4265 est
1303 4201 1577 4266 abstinere
1603 4210 1822 4280 quidem
1852 4224 1911 4264 se
1937 4224 1968 4263 a
1997 4201 2526 4281 ntalisquibusdam,
2554 4201 2764 4277 utputa,
2801 4201 3309 4281 ab_bom_icidio,‘ab
3335 4201 3496 4281 adulf

210 4277 385 4347 terio,
422 4297 454 4336 a
502 4277 670 4354 furto,
708 4297 762 4354 a_
788 4280 930 4337 falso
976 4281 1394 4354 testimonio,_et
1423 4298 1546 4354 qua:
1575 4277 1908 4337 conveniunt
1944 4277 2544 4354 parentibusreddere
2567 4295 2690 4354 eum
2740 4277 2977 4354 quedam
3026 4278 3270 4354 honore:
3309 4280 3512 4354 potest

210 4345 388 4409 etiam
434 4366 560 4407 esse
598 4352 801 4421 aliquis
823 4360 878 4407 et
926 4351 1243 4408 misericors
1275 4352 1343 4406 ad
1388 4345 1690 4422 proximos,
1722 4367 1828 4405 non
1873 4345 2051 4404 tamen
2083 4359 2137 4404 et
2176 4352 2488 4422 perfectus:
2533 4345 2986 4422 ideocoitsilians
3031 4345 3345 4422 huiusmodi
3378 4345 3499 4397 viro

210 4426 458 4497 imperat
480 4415 736 4497 Christus
764 4423 1002 4478 vendere
1029 4438 1248 4479 omnem
1280 4415 1921 4497 'sulistatttiam’malam,
1949 4423 2008 4476 et’
2032 4415 2194 4497 quasi
2224 4421 2434 4497 tradere
2461 4436 2580 4475 eam
2627 4419 2923 4497 virtutibus
2965 4415 3319 4497 operantibus
3350 4428 3495 4497 eam,

210 4490 345 4566 quae
383 4495 454 4548 ab
499 4495 649 4550 omni
690 4495 834 4549 bono
866 4502 1322 4566 pauperesesunt,
1358 4502 1422 4566 et
1445 4504 1664 4565 propter
1712 4494 1816 4547 ltoc
1845 4508 1953 4566 non
1989 4492 2256 4566 sutl'erunt
2304 4492 2504 4566 minas.
2546 4491 2845 4566 secundum
2880 4490 3027 4566 quod
3060 4490 3322 4566 set-iptutn
3357 4496 3497 4566 est:

214 4556 249 4619 ἱ
272 4564 496 4635 Pauper
524 4576 706 4637 autem
737 4556 1065 4637 non'sutfert
1089 4556 1351 4637 minas.)
1393 4556 1501 4620 sed
1526 4556 1642 4620 s'cio
1667 4566 1795 4634 quia
1832 4563 1986 4637 velde
2014 4562 2251 4637 violenta
2282 4561 2552 4637 videbitur
2580 4556 3006 4637 expositioista,
3035 4556 3257 4637 solvens
3276 4556 3499 4637 quidem

210 4629 453 4709 honeste
477 4652 607 4709 quae
622 4636 697 4709 de
735 4634 1068 4709 perfectione
1108 4645 1237 4709 sunt
1262 4634 1426 4709 dicta,
1451 4650 1559 4689 non
1591 4629 1771 4709 autem
1802 4635 1958 4709 valde
1991 4633 2347 4709 persuadens,
2382 4642 2440 4687 ut
2473 4629 2748 4703 deponens
2785 4631 2909 4709 quis
2938 4647 3058 4709 qua:
3094 4629 3498 4709 malitiarsunt,

212 4707 461 4762 vendere
484 4698 816 4777 intelligatur
848 4706 1235 4769 substantiam,
1263 4716 1316 4760 et
1337 4698 1470 4761 dare
1499 4706 1849 4777 pauperibus.
1879 4698 2048 4771 Qua-si
2076 4705 2131 4765 in
2163 4703 2255 4759 tali
2290 4698 2470 4777 autem
2513 4698 2819 4777 praeventus
2842 4698 2971 4757 loco
2989 4704 3166 4758 dicam
3191 4715 3206 4752 :
3238 4698 3334 4768 qui
3358 4698 3501 4777 hanc

205 4778 620 4849 expositionem
648 4774 1128 4860 defendit,_tlicere
1154 4788 1329 4860 potest
1361 4774 1626 4860 quouiani
1653 4778 1957 4860 plenusest
1988 4784 2238 4860 peccator
2261 4775 2866 4860 spiritibussecuudunt
2900 4786 3217 4860 mensurapm
3239 4774 3503 4860 peccem.

208 4839 351 4923 tuine
379 4864 648 4923 suorum:
688 4839 1278 4923 utputagfernicarius,
1298 4839 1599 4923 secundum
1631 4839 1783 4923 quod
1806 4839 2008 4923 dieitur
2035 4847 2087 4900 in
2114 4839 2435 4923 Scripturis,
2472 4847 2667 4923 spiritu
2696 4844 3113 4923 fornicationis;
3148 4839 3510 4923 furibundus,

208 4920 419 4992 spiritu
446 4918 647 4992 furoris
671 4938 685 4973 :
715 4909 768 4974 ei
795 4919 921 4992 mali
945 4919 1168 4992 loquax,
1199 4909 1393 4992 spiritu
1417 4909 1840 4992 crimina-tionis.
1867 4909 2427 4992 Istamsubstantiam
2451 4909 2744 4992 acquisivit
2769 4916 2865 4992 qui
2887 4915 3065 4969 malus
3089 4913 3212 4976 fuit,
3236 4920 3291 4964 et
3320 4909 3505 4992 factus

209 4985 304 5046 est
335 4990 754 5060 participatione
785 4985 1053 5044 malorum
1082 4985 1373 5059 spirituum
1404 4989 1770 5045 abundantior
1798 4997 1854 5044 et
1901 4988 2255 5057 multiplicior
2295 4990 2350 5042 in
2393 4985 2737 5058 ipsis‘malis.
2787 4985 2942 5042 Sicut
2982 4992 3177 5060 autem.
3200 4985 3498 5060 acquisivit

209 5050 350 5132 quis
376 5076 499 5116 eam
530 5050 719 5116 étnens
743 5062 974 5117 arbitrio
999 5050 1220 5131 proprio
1249 5061 1597 5132 complacens
1641 5061 1823 5125 malis,
1858 5060 1937 5116 sic
1962 5050 2148 5132 vendit
2169 5074 2309 5124 eam,
2340 5069 2393 5113 et
2413 5050 2508 5132 uat
2543 5059 2743 5132 talibus
2769 5056 3123 5132 pauperibus,
3148 5053 3214 5107 de
3236 5050 3495 5121 qualibus

212 5125 468 5203 loquitur
496 5147 678 5187 sermo
707 5147 803 5203 per
835 5133 941 5203 hoc
979 5125 1123 5202 quod
1152 5125 1389 5187 credidit
1410 5131 1842 5203 VerbisCltristi,
1870 5141 1924 5186 et
1970 5131 2190 5199 reliquit
2216 5145 2370 5184 eam.
2407 5129 2558 5185 Sicut
2599 5131 2746 5185 enim
2770 5125 3283 5203 pax'apostolorum
3312 5134 3511 5198 rever?

210 5195 355 5258 titur
377 5203 445 5257 ad
483 5203 646 5271 ipsos,
685 5195 792 5257 nisi
839 5195 1014 5257 fuerit
1046 5203 1191 5259 filius
1222 5203 1414 5275 pacis:
1463 5202 1543 5275 sic
1588 5202 1901 5275 fornicatio,
1931 5209 1987 5256 et
2036 5195 2311 5275 universa
2337 5211 2557 5270 peccata
2604 5195 2961 5275 revertuntur:
2986 5195 3053 5250 ad
3092 5206 3360 5275 pauperes
3405 5195 3513 5275 gul-

212 5283 478 5350 auctores
501 5263 1030 5350 "suntpeccatorutu,
1062 5289 1186 5328 cum
1222 5263 1344 5350 non
1358 5272 1521 5329 fuerit
1551 5284 1709 5350 utens
1740 5263 1899 5329 malis
1927 5270 2239 5350 eorum._Et
2267 5263 2355 5350 sic
2379 5287 2556 5342 neque
2586 5270 2850 5350 dubitatio
2883 5269 2988 5350 erit.
3012 5263 3517 5350 (ιυίιξνειιιιγίξιιωιίεξξ

211 5344 500 5416 perfectus
528 5344 621 5415 qui
658 5338 747 5400 sic
779 5338 1023 5416 vendidit
1048 5359 1262 5416 omnes,
1300 5345 1443 5400 sicut
1481 5346 1827 5410 tradidimus,
1857 5343 2105 5416 proprias
2144 5341 2448 5409 facultates,
2465 5338 2539 5397 'et
2568 5343 2718 5416 dedit
2743 5338 3094 5416 pauperibus:
3127 5338 3185 5389 Si
3230 5340 3411 5416 autem
3442 5338 3507 5389 et

214 5405 470 5486 iempore
501 5405 675 5469 multo
711 5415 1023 5486 hujusmodi
1068 5405 1355 5471 facultates
1402 5416 1712 5471 venduntur
1755 5405 1824 5470 et-
1846 5405 2077 5469 titul—tum
2110 5422 2324 5487 tempus
2356 5405 2935 5487 ttecessariunt-esfut
2973 5408 3262 5487 tradantur
3274 5405 3509 5487 .qutbus.

212 5476 718 5559 dixi'pauperibus,
747 5476 883 5541 nihil
909 5489 1248 5559 contrarium
1274 5496 1398 5559 est:
1437 5487 1531 5559 sed
1570 5487 1871 5543 secundum
1900 5476 2318 5559 aestimationem
2344 5484 2673 5559 traditurum
2718 5482 2993 5559 malorum
3040 5476 3505 5559 pauperibus'pee
3568 5506 3569 5509 η

210 5547 548 5629 ιειηρόι-αἶὶι
576 5547 849 5629 perfectus
870 5558 966 5629 qui
998 5558 1124 5612 talia
1150 5557 1295 5614 fecit.
1330 5556 1684 5613 Manifestum
1711 5566 1797 5613 est
1830 5565 2036 5622 autem,
2070 5564 2131 5610 ut
2162 5555 2257 5625 qui
2287 5556 2416 5610 talia
2444 5555 2556 5627 egit
2575 5555 2775 5611 habeat
2804 5547 3122 5607 thesaurum
3156 5547 3217 5603 in
3244 5547 3409 5613 caelo,
3443 5556 3505 5605 eti

292 5653 339 5683 ⁸ο
377 5648 506 5707 Ose.
542 5667 617 5718 tv,
650 5651 736 5719 12,
769 5661 824 5708 et
848 5669 900 5715 v.
931 5653 985 5707 4.
1061 5653 1103 5684 ⁶¹
1146 5652 1280 5709 Luc.
1317 5671 1374 5722 x,
1404 5654 1485 5709 6.-

295 5744 409 5817 (65)
453 5744 919 5816 Παριστὰμενος.
959 5747 1142 5804 Codex
1184 5746 1409 5818 Regius,
1453 5747 1812 5820 παραστησά-

456 5885 730 5958 Τυφῶνος
753 5888 1317 5958 πολυπλοκώτερος.
1347 5890 1518 5957 Plato,
1556 5891 1611 5945 in
1646 5888 1819 5945 PItw—'

213 5970 323 6017 are
344 5973 364 6016 ε
388 5957 518 6013 Εἴτε
544 5975 595 6013 τι
626 5957 811 6031 θηρίον
854 5958 929 6014 ὢν
966 5957 1220 6032 τυγχάνω
1252 5961 1507 6033 Τυφῶνος
1538 5961 1805 6016 πολυπλο-

1918 5744 2179 5817 κώτερον,
2207 5744 2302 5798 καὶ
2330 5740 2639 5817 μᾶλλονλέτι
2670 5738 3080 5817 τετυφωμένοι·
3119 5737 3505 5817 quemdocum

1920 5809 2116 5887 repetit
2138 5809 2487 5887 Plutarchus,
2513 5812 2777 5887 Adversus
2814 5809 2994 5887 Co’l‘qt.
3030 5809 3505 5887 SexL'tusEmpir,

1916 5881 2008 5941 lib'.
2036 5901 2111 5940 vti
2139 5886 2400 5956 Adversus
2425 5884 2642 5956 logicos,
2674 5897 2793 5956 cap.
2823 5884 2890 5938 de
2910 5881 3092 5953 llom.,
3120 5881 3508 5951 Suidas,Apo-

1917 5958 2135 6022 stulius,
2161 5942 2453 6028 Gregorius
2478 5942 2650 6032 'Cypr,
2691 5942 2961 6012 ΙΙὺετιυε..
