3954 6550
101 381 221 437 1313

997 369 1352 428 COMMENT.
1393 370 1463 428 IN
1499 367 1917 427 MATTHASUM
1957 367 2203 437 TOMUS,
2227 366 2346 424 XV.

3225 372 3366 430 15M

95 500 144 553 δὲ
168 496 241 568 τῷ
261 492 382 566 Θεῷ
410 491 796 564 εἰσερχόμενον
821 492 900 555 εἰς
936 489 1035 562 τὴν
1071 490 1345 562 βασιλειαν
1371 490 1467 545 τοῦ
1491 490 1627 545 Θεοῦ
1652 506 1666 521 ο

1776 497 1884 544 tem
1916 502 2174 559 quaeres;
2211 488 2285 542 ita
2311 495 2364 541 et
2393 484 2462 540 de
2494 482 2763 543 foramine
2798 503 2954 557 acus,
2992 493 3253 562 quoniam
3294 497 3366 550 ab

95 590 249 655 οὕτως
291 588 348 643 δὲ
393 586 491 643 καὶ
519 585 617 640 ὲπὶ
659 585 758 657 τῆς
803 584 1111 657 τρυμαλιᾶς
1156 584 1271 657 (75)
1312 584 1555 656 ῥαφίδος,
1587 584 1672 638 ὄτι

76 684 338 740 ’ἀδύνατον
385 679 485 752 μὲν
530 677 863 750 ἀνθρώποις.
897 678 1050 742 ὅστις
1092 675 1289 733 ποτοῦν
1327 677 1425 732 ὲάν
1471 677 1668 751 εὑρεθῇ

98 775 340 849 κάμηλος.
381 772 477 827 καὶ
506 771 565 826 ετ
585 788 669 834 τις
692 765 785 825 οὖν
812 769 910 824 ὲάν
937 769 1134 842 εὐρεθῇ
1164 769 1431 842 κάμηλος,
1466 787 1675 843 τρυμα.

98 871 173 927 λιὰ
201 867 435 942 ῥαφίδος,
463 864 500 937 ἢ
531 863 899 919 εἰσελεύσεται
925 863 993 918 δι’
1019 863 1265 935 ἐκείνης·
1294 863 1447 937 παρά
1473 864 1531 918 δὲ
1552 863 1675 936 Θεῷ

100 959 352 1018 καὶτοῦτο
381 958 631 1013 δυνατόν.
661 958 725 1012 ΕΖ
769 956 828 1011 δὲ
869 957 1126 1029 ἐμφαίνει
1164 955 1340 1011 ταῦτα
1382 958 1477 1011 καὶ
1527 972 1672 1030 παρ-

103 1059 260 1126 ίστησι
299 1052 491 1106 τελικά
540 1068 664 1105 τινα
720 1051 997 1123 μυστήρια
1052 1050 1188 1121 (74),
1247 1050 1343 1105 καὶ
1373 1051 1466 1105 ἐπὶ
1520 1050 1673 1115 τέλος

100 1150 277 1219 ἄγοντα
319 1146 407 1200 διά
437 1162 607 1199 τινων
635 1144 771 1198 ὁδῶν
799 1143 922 1217 Θεῷ
955 1143 1102 1217 μόνῳ
1133 1143 1396 1209 δυνατῶν,
1428 1143 1463 1216 ἢ
1515 1144 1611 1216 μὴ,
1644 1146 1674 1198 6

100 1242 370 1312 δυνάμενος
404 1236 734 1304 ἐξεταζέτω.

169 1335 315 1405 Ἑξῆς
349 1335 498 1387 ἐστιν
535 1332 666 1386 ἰδεῖν
692 1330 761 1386 τὰ
793 1330 922 1403 περὶ
952 1328 1049 1384 τοῦ
1073 1346 1087 1360 ·
1126 1348 1147 1384 ι
1185 1330 1321 1385 Τότε
1354 1330 1673 1404 ἀποκριθεὶς

103 1431 127 1482 6
153 1429 341 1500 Πέτρος
365 1422 523 1481 εἶπεν
551 1424 703 1497 αὐτῷ
721 1442 735 1457 ο
779 1424 913 1478 Ἰδοὺ
945 1424 1106 1496 ἡμεῖς
1152 1424 1443 1498 ἀφήκαμεν
1472 1425 1671 1489 πάντα,

106 1525 181 1577 καὶ
204 1519 650 1593 ἠκολουθήσαμέν
697 1535 815 1571 σοι·
873 1517 927 1571 τί
961 1516 1070 1590 ἄρα
1100 1517 1252 1572 ἔσται
1292 1521 1454 1590 ἡμῖν;
1494 1538 1512 1569 ι
1561 1520 1673 1574 Καὶ

107 1613 251 1669 ταῦτα
278 1612 331 1666 δὲ
355 1613 384 1665 ὁ
417 1611 519 1682 μέν
563 1627 648 1674 τις
677 1610 908 1681 τηρήσει
940 1607 1084 1662 κατὰ
1113 1608 1214 1680 τὴν
1240 1607 1384 1675 λέξιν
1404 1625 1417 1638 '
1449 1610 1478 1661 6
1507 1607 1563 1661 δέ
1590 1626 1673 1673 τις

108 1704 455 1768 ἀνασκευάσας
471 1701 533 1755 τὸ
548 1702 650 1774 τῆς
672 1701 893 1769 λέξεως,
908 1700 985 1765 ὡς
1004 1700 1066 1755 οὐ
1100 1700 1461 1771 μεγαλοφυὲς,
1477 1717 1675 1773 τροπο-

1781 583 2098 639 hominibus
2125 582 2348 653 quidem
2378 577 2495 635 fieri
2534 580 2757 651 nequit;
2799 585 3115 656 quicunque
3142 589 3363 645 tandem

1775 675 2081 748 reperiatur
2109 674 2377 744 camelus,
2409 682 2466 732 et
2495 674 2738 730 foramen
2770 692 2923 742 acus,
2977 680 3022 735 si
3073 682 3236 736 modo
3264 684 3365 740 aii-

1773 771 1899 841 quis
1929 780 2180 841 repertus
2220 769 2385 826 fuerit
2427 771 2673 827 camelus
2718 771 2812 843 qui
2860 788 2958 843 per
2996 772 3125 829 illud
3162 775 3360 843 intret;

1773 873 1828 917 at
1859 879 1886 918 a
1924 863 2036 920 Deo
2060 864 2111 919 id
2150 864 2264 920 fieri
2298 874 2497 936 potest.
2538 864 2818 932 Disquirat
2847 874 3029 922 autem
3074 869 3168 939 qui
3208 881 3366 940 pote-

1776 959 1846 1013 rit
1892 974 1961 1014 an
1999 962 2253 1033 mysteria
2303 962 2552 1033 quaedam
2598 962 2664 1018 ad
2708 964 2871 1019 finem
2925 964 3275 1035 pertinentia,
3308 976 3367 1023 et

1773 1066 1870 1122 per
1900 1062 2078 1109 certas
2104 1053 2373 1125 quasdam
2414 1054 2533 1111 vias
2562 1055 2616 1110 in
2648 1054 2741 1111 Dei
2774 1057 2945 1113 solius
2987 1067 3253 1129 potestate
3287 1066 3365 1117 si-

1783 1154 1868 1200 tas
1907 1146 1972 1200 ad
2002 1147 2163 1201 finem
2194 1148 2518 1205 deducentia
2555 1150 2669 1205 haec
2714 1150 3029 1218 exhibeant,
3076 1169 3268 1220 necne,
3301 1170 3366 1209 ac

1775 1238 2103 1307 significent.

1844 1331 1934 1389 2i.
1982 1330 2242 1402 Deinceps
2275 1348 2405 1389 vero
2429 1347 2493 1389 ea
2522 1333 2863 1390 discutienda
2893 1337 3218 1409 sunt,682
3244 1355 3366 1408 qua:

1775 1425 1840 1479 ad
1873 1426 1922 1479 id
1960 1426 2337 1495 pertinent":
2372 1446 2391 1479 ι
2423 1427 2579 1484 Tunc
2610 1430 2947 1499 respondens
2985 1429 3180 1487 Petrus
3226 1432 3369 1488 dixit

1774 1516 1821 1571 ei
1855 1534 1868 1570 :
1899 1514 2038 1572 Ecce
2069 1532 2167 1572 nos
2202 1518 2526 1589 reliquimus
2554 1521 2762 1587 omnia,
2787 1529 2839 1576 et
2869 1522 3039 1576 secuti
3073 1536 3266 1577 sumus
3290 1532 3360 1577 te.

1775 1606 1915 1675 Quid
1943 1624 2075 1679 ergo
2101 1609 2205 1664 erit
2231 1610 2429 1665 nobis?
2459 1631 2478 1664 ι
2511 1612 2689 1683 Atque
2723 1614 2838 1669 haec
2872 1614 3090 1684 quidem
3124 1616 3189 1668 ad
3236 1630 3364 1668 ver-

1776 1700 1905 1755 bum
1937 1700 2389 1771 interpretabitur
2415 1703 2721 1774 quispiam;
2745 1706 2887 1762 alius
2913 1715 3094 1762 autem
3124 1707 3362 1764 litteram

108 1800 326 1871 λογήσει·
360 1800 388 1852 6
423 1798 524 1869 μὲν
568 1793 664 1851 οὖν
717 1798 783 1868 τῇ
820 1794 966 1862 λέξει
1015 1795 1417 1867 παριστάμενος
1449 1796 1669 1850 τοιαῦτα

1778 1804 2034 1865 tanquam
2081 1809 2189 1849 non
2236 1795 2371 1851 satis
2420 1796 2708 1851 sublimem
2760 1806 2814 1852 et
2857 1799 3113 1854 eximiam
3168 1801 3366 1855 confu-

108 1864 229 1965 ἐρεῖ-ι
261 1864 466 1963 Ὠσπερ
501 1890 597 1945 ἐπὶ
624 1890 727 1961 τῆς
759 1864 965 1953 δόσεως
1007 1889 1069 1942 οὐ
1098 1864 1179 1942 ’τὸ
1207 1864 1504 1960 διδόμενον,
1536 1888 1669 1943 ἀλλά

1776 1897 1917 1951 tans,
1960 1884 2028 1939 ad
2073 1885 2461 1958 tropologieam
2494 1888 2891 1957 expositionem
2939 1898 3205 1946 recurret.
3256 1890 3361 1958 Qui

110 1987 189 2058 τήν
238 1982 1001 2057 προαίρεσιν.ἀποδεχόμενος
1046 1981 1076 2034 6
1121 1980 1275 2047 Θεὸς,
1328 1981 1534 2035 δικαιοῖ
1576 1983 1671 2037 καὶ

111 2077 396 2147 ἀποδέχεται
443 2075 540 2130 τὸν
599 2076 663 2131 τὸ
711 2076 931 2131 ἔλαττον
987 2076 1307 2147 προαιρέσει
1360 2075 1671 2149 τελειοτέρᾳ

113 2169 365 2231 δεδωκότα,
402 2170 557 2239 παρὰ
583 2168 677 2224 τον
709 2168 989 2240 τὸυπλεῖον
1020 2171 1084 2223 ὲκ
1115 2169 1398 2236 πλειόνων,
1432 2171 1525 2226 καὶ
1554 2170 1669 2226 δια·-

114 2259 231 2314 θέσει
273 2260 658 2333 ὑποδεεστέρα,
701 2260 778 2325 ὡς
828 2259 987 2331 δῆλόν
1027 2260 1174 2314 ἐστιν
1214 2260 1279 2315 ὲκ
1316 2260 1427 2315 τῶν
1472 2262 1671 2332 ἀναγε-

116 2352 416 2425 γραμμένων
450 2353 584 2425 περὶ
609 2353 714 2424 τῆς
750 2352 953 2417 δόσεως
979 2352 1089 2406 τῶν
1116 2352 1408 2419 πλουσίων,
1435 2356 1529 2409 καὶ
1560 2355 1668 2409 τῶν

115 2445 190 2500 δύο
218 2446 438 2512 λεπτῶν,
478 2447 699 2518 ἃτιναή
736 2447 880 2519 χήρα
910 2448 990 2511 εἰς
1011 2445 1168 2516 λόγον
1201 2448 1450 2520 πενήτων
1479 2448 1670 2503 ἔϐαλεν

113 2541 176 2604 εἰς
208 2537 264 2591 rh
302 2537 708 2608 γαζοφυλάκιον
731 2554 748 2570 ’
784 2537 960 2602 οὕτως
1007 2537 1102 2592 καὶ
1147 2538 1242 2591 ἐπὶ
1287 2537 1396 2594 τῶν
1442 2538 1532 2593 διὰ
1569 2539 1669 2612 τὴν

116 2628 225 2700 πρὸς
262 2628 319 2681 τὺ
360 2628 514 2683 Θεῖον
564 2629 787 2701 ἀγάπην
834 2629 1245 2683 καταλιπόντων
1285 2628 1322 2684 ἃ.
1353 2630 1669 2701 κέκτηνται,

114 2720 185 2773 ἵνα
206 2720 619 2794 ἀπερισπάστως
647 2722 982 2777 ἀκολουθῶσι
1019 2721 1097 2793 τῷ
1129 2722 1349 2795 Χριστῷ
1381 2721 1476 2777 τοῦ
1506 2722 1664 2790 Θεοῦ,

117 2811 264 2864 πάντα
288 2813 619 2882 πράττοντες
660 2814 801 2868 κατά
829 2813 921 2868 τὸν
947 2813 1106 2884 λόγον
1132 2814 1295 2868 αὑτοῦ
1320 2833 1332 2846 ο
1354 2814 1415 2867 οὐ
1451 2815 1668 2879 πάντως

121 2902 291 2973 μᾶλλον
333 2906 635 2970 ἀπόδεκτος
675 2908 704 2960 6
735 2907 805 2961 τὰ
846 2906 1069 2962 πλείονα
1109 2905 1427 2962 καταλιπὼν
1465 2907 1560 2961 τοῦ
1600 2907 1667 2962 τὰ

120 2997 356 3059 ἐλάττονα.
387 3002 480 3056 καὶ
508 3000 747 3073 μάλιστα
776 3001 865 3054 ὅτε
897 3000 1050 3072 τύχοι
1078 3000 1175 3072 ὅλῃ
1201 2999 1347 3073 ψυχῇ
1375 3018 1461 3065 τις
1498 3017 1668 3054 καταο

120 3089 261 3146 λιπιέιν
303 3093 366 3148 τὰ
409 3094 694 3157 ἐλάττονα,
721 3093 872 3166 παρά
912 3092 1004 3147 τὸν
1030 3091 1291 3146 δοκοῦντα
1320 3108 1669 3164 καταπεφρο-

1773 1978 1940 2050 igitur
1973 1978 2166 2035 litterae
2196 1980 2463 2035 rationem
2511 1981 2749 2050 habebit,
2789 1984 2904 2039 haec
2945 1985 3128 2040 dicet:
3161 1984 3365 2054 Quem-

1770 2071 2065 2127 admodum
2102 2071 2156 2126 in
2185 2072 2479 2128 donatione
2504 2089 2609 2128 non
2647 2074 2824 2145 ipsum
2857 2090 3079 2140 munus,
3126 2077 3219 2133 sed
3268 2093 3364 2131 vo-

1771 2164 2038 2221 luntatem
2075 2179 2141 2220 ac
2171 2164 2415 2219 studium
2449 2164 2678 2221 laudans
2708 2176 2758 2222 et
2787 2168 3028 2239 probans
3073 2167 3234 2236 Deus,
3262 2186 3361 2225 ex-

1768 2267 1930 2316 cusat
1975 2268 2032 2314 et
2076 2258 2438 2329 acceptiorem
2490 2259 2657 2315 habet
2700 2261 2795 2332 qui
2829 2262 3085 2332 pauciora
3120 2263 3362 2334 quidem,

1773 2353 1868 2410 sed
1893 2350 2221 2425 perfectiore
2250 2351 2457 2421 studio,
2504 2368 2668 2424 quam
2717 2355 2814 2424 qui
2860 2356 3015 2425 plura
3055 2372 3122 2412 ex
3165 2358 3361 2427 majori

1768 2443 1962 2515 capia,
2013 2442 2108 2501 sed
2166 2443 2383 2499 minore
2432 2443 2628 2501 affectu
2679 2444 2858 2513 dedit;
2898 2456 2955 2501 ut
2989 2447 3157 2518 liquet
3193 2465 3259 2504 ex
3296 2450 3365 2506 iis

1769 2550 1895 2606 quae
1923 2535 1992 2591 de
2029 2534 2261 2590 divitum
2303 2534 2591 2606 largitione
2636 2538 2941 2609 conscripta
2978 2549 3129 2605 sunt,
3169 2548 3224 2595 et
3254 2544 3362 2596 mi-

1770 2627 1920 2683 nutis
1948 2626 2163 2683 duobus
2192 2642 2316 2697 qua:
2344 2626 2506 2682 vidua
2536 2628 2592 2682 in
2621 2629 3071 2701 gazophylacium
3108 2647 3206 2701 pro
3228 2648 3364 2703 pau-

1769 2721 1993 2791 peribus
2029 2720 2308 2786 mittebat;
2356 2719 2499 2776 idem
2528 2729 2585 2777 et
2623 2720 2692 2777 iis
2724 2723 3027 2794 contingit,
3060 2725 3151 2795 qui
3192 2725 3363 2782 facul-

1770 2809 1974 2864 tatibus
1998 2808 2114 2865 suis
2138 2808 2397 2865 omnibus
2419 2825 2530 2880 prae
2556 2825 2745 2868 amore
2772 2811 2866 2868 Dei
2897 2817 3147 2871 nuntium
3172 2819 3365 2875 remit-

1771 2911 1924 2971 tunt;
1950 2902 2089 2957 nihil
2118 2917 2227 2957 non
2247 2902 2405 2972 juxta
2434 2918 2742 2961 sermonem
2773 2904 2974 2963 Christi
2993 2908 3082 2963 Dei
3110 2919 3356 2982 agentes,

1768 3005 1831 3052 ut
1859 3012 1985 3052 eum
2030 2996 2399 3052 indissolubili
2431 3013 2572 3052 nexu
2615 2998 2883 3055 haerentes
2916 3001 3360 3073 subSequantur;

1772 3089 1933 3159 plane
1959 3090 2233 3160 acceptior
2260 3090 2351 3146 ille
2394 3105 2503 3146 non
2551 3101 2636 3148 est
2682 3094 2774 3163 qui
2820 3094 2997 3164 plura,
3050 3112 3214 3166 quam
3262 3101 3358 3167 qui

125 3185 315 3253 νηκέναι
356 3186 457 3241 τῶν
514 3186 800 3242 πλειόνων.
830 3187 893 3241 Εἰ
927 3187 1021 3240 καὶ
1059 3185 1230 3259 μικρά
1281 3181 1375 3240 οὖν
1421 3186 1517 3239 καὶ
1579 3186 1669 3241 εὑ-

1776 3182 2032 3254 pauciora
2062 3182 2364 3254 reliquerit,
2391 3185 2694 3255 praesertim
2728 3186 2774 3240 si
2804 3186 3131 3244 ferventiore
3176 3190 3362 3245 studio

123 3275 225 3347 τελῆ
264 3277 367 3348 (75)
405 3279 434 3331 6
479 3279 691 3352 Πέτρος
732 3277 1119 3332 καταλέλοιπεν
1176 3277 1291 3348 ἆμα
1337 3275 1415 3348 τῷ
1455 3275 1669 3349 ἀδελφῷ

1777 3275 2034 3344 pauciora
2089 3276 2402 3346 reliquerit,
2454 3293 2619 3348 quam
2674 3279 2767 3349 qui
2828 3280 2982 3349 plura
3037 3292 3363 3351 aspernatus

124 3368 255 3422 αὐτοῦ
277 3372 380 3442 (76)
426 3373 672 3445 Ἀνδρέᾳ,
710 3371 873 3444 ἡνίκα
903 3370 1237 3434 ἀκούσαντες
1265 3369 1566 3442 ἀμφότεροι
1583 3370 1665 3424 τό·

129 3463 317 3518 «Δεῦτε
365 3466 713 3521 ἀκολουθεῖτέ
758 3484 870 3539 μοι,
912 3464 1008 3520 καὶ
1047 3465 1257 3537 ποιήσω
1302 3464 1450 3535 ὑμᾶς
1501 3462 1671 3529 ἁλιεῖς

125 3552 415 3625 ἀνθρώπων,
455 3557 665 3623 εὐθέως
708 3557 939 3629 ἀφέντες
969 3556 1038 3611 τὰ
1069 3555 1259 3612 δίκτυα
1298 3554 1673 3628 ἠκολούθησαν

126 3643 263 3717 αὐτῷ,
297 3668 314 3700 ι
344 3649 455 3703 ἀλλ’
483 3650 548 3704 οὐ
582 3650 754 3723 μικρά
783 3649 1089 3720 λελόγισται
1115 3648 1267 3721 παρὰ
1294 3647 1373 3719 τῷ
1404 3646 1544 3719 Θεῷ,
1571 3665 1672 3703 κα-

126 3740 427 3812 τανοήσαντι,
454 3745 541 3800 ὅτι
574 3743 684 3798 ἀπὸ
719 3744 887 3811 ἕξεως
914 3743 1048 3800 αὐτὸ
1074 3744 1332 3816 τοιαύτης
1368 3744 1672 3814 πεποιήκα-

1777 3367 1949 3425 fuisse
1989 3368 2221 3425 videtur.
2269 3369 2531 3437 Quamvis
2564 3386 2695 3441 ergo
2732 3374 3022 3443 perexigua
3065 3384 3269 3443 essent,
3308 3388 3363 3433 et

1778 3464 1982 3520 nullius
2012 3462 2125 3520 fere
2151 3464 2312 3535 pretii
2341 3480 2464 3536 qua:
2486 3463 2683 3521 Petrus
2708 3481 2816 3521 una
2864 3481 2989 3521 cum
3033 3466 3203 3524 fratre
3247 3469 3364 3524 An-

1776 3556 1907 3612 drea
1939 3557 2176 3629 reliquit,
2208 3573 2333 3612 cum
2365 3566 2593 3629 uterque
2625 3558 2717 3614 his
2762 3559 2964 3615 auditis
2999 3561 3047 3594 '°
3076 3583 3089 3618 :
3119 3580 3139 3613 ι
3171 3559 3367 3619 Venite

1775 3658 1901 3721 post
1926 3665 2034 3718 me,
2062 3660 2116 3705 et
2157 3649 2356 3706 faciam
2401 3667 2501 3707 vos
2538 3652 2652 3708 fieri
2698 3652 2997 3722 piscatores
3042 3656 3357 3723 hominum,

1777 3743 2042 3798 continuo
2079 3742 2284 3799 relictis
2315 3744 2525 3801 retibus
2568 3745 2741 3801 secuti
2782 3756 2912 3801 sunt
2950 3763 3106 3816 eum;
3140 3767 3159 3801 ι
3186 3759 3242 3803 at
3271 3736 3360 3805 illa

1289 3856 1524 3914 VETUS
1557 3855 2143 3912 INTERPRETATIO.

131 3966 172 4021 in
196 3984 397 4048 regnum
425 3977 717 4048 ct'elorum,
754 3974 969 4034 facilius
997 3991 1119 4033 esse
1152 3976 1289 4032 dixit
1324 3975 1583 4046 primum.
1614 3973 1811 4048 Quaere
1854 3983 2036 4048 autem
2086 3975 2248 4048 inter,
2274 3973 2526 4048 homines
2548 4016 2564 4043 ,
2610 3976 2777 4032 alium
2829 3976 3049 4048 quidem
3084 3977 3356 4034 camelum

129 4043 443 4118 constitutum
468 4062 567 4118 per
591 4043 836 4104 foramen
856 4064 988 4105 acus
1012 4048 1303 4104 intrantem
1320 4043 1339 4102 Ξ
1349 4047 1516 4102 alium
1550 4056 1732 4101 autem
1757 4047 1984 4101 divitem
2005 4046 2417 4116 impossibiliter
2435 4048 2676 4117 quidem,
2702 4043 2965 4118 quantum
2993 4049 3061 4102 ad
3083 4048 3357 4115 homines,

130 4114 417 4190 possibilitcr
438 4114 650 4185 autem,
676 4128 943 4189 quantum
960 4119 1027 4175 ad
1053 4118 1247 4184 Deum,
1262 4119 1571 4190 intrantem
1599 4117 1655 4190 in
1684 4132 1924 4190 regnum
1944 4114 2231 4190 caelorum.
2261 4114 2587 4190 Quicunque
2608 4114 2741 4190 ergo
2767 4120 3017 4175 inventus
3044 4118 3211 4174 fuerit
3233 4114 3359 4177 esse

130 4185 356 4253 camelus,
402 4199 455 4244 et
488 4185 862 4261 quodcunque
887 4191 1220 4246 intellectum
1251 4188 1415 4246 fuerit
1440 4204 1576 4244 acus
1607 4185 1879 4261 foramen,
1913 4187 2141 4261 intrabit
2170 4203 2266 4258 per
2293 4189 2446 4261 illud.

2536 4198 2628 4244 uto
2671 4190 2912 4260 gentium
2947 4190 3236 4245 introitum
3299 4195 3355 4248 in

130 4266 320 4330 regnum
349 4257 612 4318 ctelorum
640 4257 936 4317 faciliorem
969 4262 1255 4316 ostendere
1286 4261 1496 4324 volens,
1528 4274 1693 4330 quam
1720 4257 2031 4330 intimorum
2065 4257 2296 4313 divitum
2317 4300 2334 4326 ,
2370 4259 2525 4330 hanc
2556 4257 2993 4327 _similitudinem
3032 4261 3355 4318 introduxit.

135 4320 380 4403 [aquibus
409 4343 593 4389 autem
624 4340 813 4403 gentes
843 4333 1163 4388 dicebantur
1190 4320 1565 4402 pauperes,'iti
1601 4329 1688 4385 his
1720 4327 1893 4403 σιυᾴῳί
1924 4330 2119 4403 divites
2152 4320 2330 4387 erant.
2369 4323 2565 4385 Utrum
2613 4341 2799 4403 autem
2839 4330 3187 4387 manifestent
3238 4334 3358 4390 haec

132 4392 246 4452 lines
265 4401 464 4475 aliquos
485 4392 790 4459 secundum
824 4404 1082 4475 mysteria
1108 4392 1358 4474 quaedam
1388 4392 1722 4458 adducentes
1748 4400 1818 4456 ad
1838 4402 1976 4457 lines
1997 4401 2211 4472 aliquos
2232 4417 2329 4472 per
2351 4404 2616 4473 quasdam
2638 4405 2755 4459 vias
2781 4401 2889 4457 Deo
2916 4403 3017 4458 soli
3039 4404 3352 4474 possibiles,

133 4479 291 4545 necne,
316 4471 570 4545 discutiat
598 4474 691 4545 qui
727 4471 999 4531 discutere
1026 4471 1221 4545 potest.

186 4535 284 4617 ξιξ
304 4560 321 4592 ι
351 4542 405 4598 1η
444 4546 536 4601 illo
573 4535 1244 4617 témpore,__dixit'Simon
1277 4543 1474 4600 Petrus
1504 4543 1569 4599 ad
1602 4542 1788 4617 Jesum
1814 4560 1828 4598 :
1861 4540 2001 4598 Ecce
2033 4558 2133 4617 nos
2165 4543 2486 4617 reliquimus
2514 4543 2721 4617 omnia,
2758 4554 2813 4599 et
2843 4544 3016 4600 secuti
3060 4560 3252 4602 sumus
3284 4555 3354 4602 te.

133 4602 388 4687 Quid__ergo
414 4617 519 4672 erit
552 4602 750 4673 nobis?
781 4636 800 4670 ι
821 4602 959 4671 Ἠοο
987 4618 1186 4687 poterit
1210 4617 1333 4687 quis
1365 4616 1688 4687 simpliciter
1717 4614 2086 4687 interpretari,
2112 4625 2171 4687 et
2208 4602 2516 4687 moraliter.

2564 4616 2670 4698 Qui
2721 4630 2851 4698 ergo
2891 4616 3214 4698 simpliciter
3244 4619 3359 4698 vult

137 4675 571 4760 intelligere,_talia
606 4688 790 4760 dicet:
820 4675 1143 4760 Sicut'enim
1173 4675 1397 4743 in'datis
1439 4675 1548 4741 non
1580 4687 1757 4760 ipsum
1786 4675 1999 4747 datum.
2032 4675 2127 4741 sed
2162 4685 2414 4742 affectum
2450 4675 2633 4760 dantis
2669 4675 2941 4760 aspiciens
2974 4675 3117 4744 Deus
3147 4688 3356 4760 justiti-

133 4757 220 4831 ςδι,
249 4762 296 4808 et
323 4757 512 4814 melius
541 4759 772 4831 suscipit
801 4774 964 4831 parva
1000 4759 1219 4814 dantem
1255 4772 1378 4813 cum
1407 4755 1868 4831 magno—affectu,
1916 4770 2082 4826 quam
2124 4772 2320 4828 magna
2363 4773 2430 4831 ex
2474 4758 2681 4831 aﬂectu
2706 4755 2945 4831 modico,
2990 4755 3356 4831 sicut'mani-

135 4818 297 4902 fastum
324 4837 405 4902 est
430 4830 629 4902 Aexhis
662 4818 1131 4902 q'uaa'scrihuntur
1174 4838 1394 4900 propter
1438 4818 1563 4902 data
1606 4828 1793 4902 divitis
1840 4818 2143 4902 magumet
2190 4818 2301 4902 ιιῖιυ
2350 4830 2561 4885 minuta
2602 4830 2778 4885 vidua?
2808 4847 2822 4884 :
2853 4818 2943 4884 sic.
2964 4838 3020 4884 et
3045 4830 3100 4885 in
3137 4830 3222 4885 his
3260 4832 3356 4901 qui

132 4897 319 4982 ιξξοιιιοιι
352 4896 442 4982 Dei
480 4896 826 4982 dilectionem
859 4901 1144 4957 dimittunt
1172 4896 1295 4982 quae
1326 4899 1626 4982 possident,
1660 4896 2499 4982 utinsepa’rabiliter.Christum
2552 4908 2874 4982 sequantur,
2908 4896 3356 4982 _om.uia__se_eu'n-

131 4959 238 5017 αυηι
265 4969 475 5026 verbum
507 4972 628 5042 ejus
658 4982 899 5045 agentes,
935 4987 1045 5027 non
1081 4959 1254 5041 magis
1287 4959 1639 5042 acceptabilis
1663 4969 1769 5026 erit
1797 4959 1893 5041 qui
1922 4971 2078 5040 plura
2112 4970 2415 5042 reliquerit,
2453 4986 2520 5027 eo
2554 4959 2650 5043 qui
2696 4959 2871 5042 parva
2888 4972 3179 5028 dimiserit.
3207 4970 3355 5043 Ergo

189 5056 225 5089 ⁸⁸
256 5057 434 5118 Matth.
464 5080 583 5130 ιιι,
611 5065 703 5121 2'7.
778 5066 824 5098 7°
863 5063 1054 5119 Matth.
1088 5080 1161 5131 ιν,
1191 5064 1280 5131 19,
1309 5062 1401 5117 20.

317 5156 491 5215 Codex
517 5157 740 5232 Regius,
767 5159 866 5231 τῆς
894 5158 1143 5230 καμήλου
1172 5156 1266 5211 καὶ
1294 5155 1388 5209 ἐπὶ
1417 5155 1515 5229 τῆς
1546 5173 1670 5229 τρυ-

192 5292 289 5370 (74)
324 5298 429 5353 Καὶ
496 5302 825 5370 παρίστησι
893 5296 1101 5354 τελικά
1152 5313 1307 5370 τινα,
1339 5293 1666 5370 μυστήρια.

135 5359 385 5442 Μ’·ῥστήρια
411 5359 600 5426 τελικᾶ
628 5359 758 5442 quid
795 5371 923 5442 sint
953 5372 1073 5442 ipse
1117 5359 1357 5442 exponit:
1377 5359 1665 5442 Origenes,

136 5432 210 5519 frti
226 5432 383 5519 Δτέλος
427 5432 660 5519 smmi
681 5432 987 5519 lta_d_t~{a0&'
1001 5432 1203 5519 τελικά
1223 5438 1413 5519 Stoici_
1433 5432 1670 5519 appella-

138 5499 260 5581 ἓξξηιι,
289 5499 417 5566 bona
444 5499 509 5569 ad
540 5513 701 5569 ﬁnem
733 5499 982 5568 ultimum
1014 5511 1349 5581 pertinentia.
1392 5499 1662 5581 Laertius,

137 5569 387 5653 lib._vlr_in
421 5582 757 5640 ΖειιοηεἜτι
788 5583 896 5639 τῶν
923 5569 1141 5653 ἀγαθῶν
1175 5580 1244 5636 τὰ
1275 5581 1373 5653 μὲν
1408 5575 1546 5634 εἶναι
1572 5569 1663 5633 τεέ

137 5638 257 5729 ne,
286 5650 423 5729 τὰδὲ
447 5638 1190 5729 ιτοιητικᾲΩυωέᾳιιῇῇειιιράἰ
1206 5638 1335 5729 sint
1364 5652 1661 5729 ipse_dein_-

138 5724 479 5794 @Ps_explicat
511 5746 526 5782 :
556 5721 611 5783 et
629 5721 843 5790 Cicero,
869 5721 968 5781 lib.
997 5741 1057 5780 ιιι
1090 5725 1164 5778 De
1191 5723 1339 5794 ﬁnib.
1367 5721 1433 5777 ί(
1468 5721 1663 5792 Sequi-

141 5791 213 5838 tur
243 5789 554 5863 illa'divisio,
587 5807 646 5853 ut
684 5789 954 5852 honorum
987 5797 1091 5851 alia
1127 5789 1237 5849 sint
1281 5795 1348 5849 ad
1387 5794 1515 5849 illud
1543 5789 1663 5848 ulti-

145 5869 263 5913 Illum
309 5868 653 5937 pertinentia;
695 5869 773 5926 sic
798 5868 945 5925 enim
977 5866 1190 5939 appello
1216 5880 1337 5937 qua:
1362 5864 1554 5920 τελικά
1579 5865 1662 5919 di-

1774 5162 1994 5236 cuntu_r.
2025 5151 2361 5236 {.Ornigenes,
2392 5154 2449 5211 in
2479 5154 2640 5236 'ngl.
2685 5171 2772 5236 ιγ,
2796 5157 2828 5211 6
2856 5174 2871 5212 :
2896 5155 3015 5236 Κάν
3061 5156 3227 5236 dictv
3271 5160 3354 5236 ict_-

1773 5228 1983 5296 τρικοῖς
2027 5224 2085 5278 δὲ
2135 5224 2444 5316 βοηθήμασι
2491 5225 2665 5280 ταῦτα
2716 5226 2939 5308 λέγοιτο,
2980 5227 3181 5297 ἀγαθὰ,

1774 5294 2155 5354 ἐκλαμϐάνειν.
2176 5296 2258 5350 ὅτι
2281 5312 2382 5351 ουκ
2405 5297 2498 5351 ἐπὶ
2519 5296 2708 5352 τελικά
2731 5300 2981 5354 ὶατοικης
2999 5298 3200 5354 ἀγαθὰ.
3216 5299 3251 5352 ἀ
3321 5317 3352 5354 α

1912 5314 2155 5366 μοανειν,
2176 5314 2258 5350 οτι
2281 5314 2382 5351 ουκ
2405 5314 2498 5351 επι
2519 5314 2708 5352 τελικα
2731 5314 2981 5371 ιατρικης
2999 5314 3200 5369 αγαυα,
3216 5314 3355 5355 ἀλλα

1912 5365 2065 5445 τικά’
2112 5367 2325 5445 τελικδν
2485 5368 2626 5421 κατὰ
2669 5368 2766 5440 τήν
2811 5371 3058 5443 ἰατρικὴν
3091 5369 3292 5441 ἀγαθὸν
3318 5374 3353 5445 ἠ

1773 5365 2065 5438 numma-
2112 5367 2325 5423 τελικὸν
2374 5368 2431 5421 δὲ
2485 5368 2626 5421 κατὰ
2669 5368 2766 5440 τήν
2811 5365 3058 5443 ἰατρικὴν
3091 5369 3321 5441 ἀγαθὸνλ

1843 5507 1957 5580 (75)
1979 5507 2179 5565 Εὶκαὶ
2200 5510 2381 5580 μικρὰ
2407 5507 2521 5566 οὖν
2545 5509 2644 5564 καὶ
2669 5509 2906 5579 εὐτελῆ,
2941 5519 3046 5567 etc.
3088 5510 3354 5582 Augusti-

1770 5594 1876 5665 nus
1924 5579 1976 5632 in
1995 5579 2151 5665 _psa_l.
2198 5595 2329 5662 cru,
2374 5579 2938 5665 conc..in;n(_}regor.
2990 5582 3246 5665 homil.._5
3295 5585 3348 5638 in

1773 5650 2051 5719 Evangel.;
2092 5650 2271 5705 Brevia
2326 5653 2616 5720 enarratio,
2674 5650 3065 5724 Chryéostomo
3125 5655 3349 5721 tributa,

1768 5719 2226 5793 Euthyrnius.ln.
2336 5792 2343 5793 ί

1838 5792 1951 5865 (76)
1990 5792 2176 5865 Codex
2215 5792 2418 5864 Regius
2474 5802 2530 5850 et
2575 5794 2908 5865 Anglicanus
2947 5796 3136 5854 αὑτοῦ.
3170 5795 3352 5854 Editio

1773 5860 1953 5920 Huetii
1982 5862 2154 5933 αὐτῷ,
2186 5860 2346 5920 male.
