3954 6526
202 362 365 422 ιδιτ
1166 363 1519 449 COMMENT.
1558 363 1625 421 lN
1663 362 1757 419 MA

1915 360 2078 419 EUM
2114 358 2356 418 TOMUS
2388 359 2506 418 XV.
3340 370 3476 429 1518

195 482 316 555 γῆς
348 481 606 554 κτήματα
641 480 736 537 τοῦ
765 483 969 549 τέλειος
1021 486 1079 539 ὲν
1108 486 1188 557 τῷ
1221 488 1342 559 Θεῷ
1375 487 1488 559 (80)
1515 488 1756 557 γενέσθαι

1918 487 2092 556 plures
2117 485 2338 541 divitias
2367 482 2689 557 perfectioni
2727 485 2781 540 in
2809 484 2920 543 Deo
2951 488 3313 559 adipiscendae
3341 510 3479 563 pra--

194 576 410 647 νοήσας
429 574 488 629 δὲ
519 575 611 629 καὶ
640 576 701 629 τὸ
730 576 985 633 δύσκολον
1013 581 1143 652 περὶ
1171 578 1266 634 τοῦ
1299 580 1559 634 εἰσελθεῖν
1586 583 1665 644 εἰς
1697 579 1755 650 ei:

1916 578 2108 633 tulerat
2147 596 2159 631 :
2211 592 2337 632 cum
2374 585 2651 648 praeterea
2701 579 2944 648 apprime
2972 592 3178 637 teneret
3223 599 3385 654 quam
3425 588 3477 641 in

193 665 319 719 τῶν
355 666 599 738 οὐρανῶν
649 666 928 738 βασιλείαν
958 671 1051 725 τοῦ
1099 670 1377 735 πλουσίου,
1423 666 1667 743 ὡσπερεὶ
1700 690 1754 726 κε

1917 684 2126 741 'egnunu
2174 670 2439 725 caelorum
2475 671 2682 726 intrare
2714 672 2865 726 diviti
2916 688 3202 743 operosum
3258 677 3396 734 foret
3426 691 3478 734 ct

194 760 374 824 αὐτὸς
399 759 499 814 ούκ
521 760 741 833 εὐχερὲς
765 764 996 835 πρᾶγμα
1039 763 1206 818 ποιῶν
1230 765 1288 817 ὲν
1314 762 1393 834 τῷ
1419 763 1597 819 πάντα
1629 781 1755 818 κατα

1912 762 2162 829 arduum,
2190 763 2345 833 quasi
2366 777 2480 818 rem
2508 771 2561 817 et
2590 762 2705 832 ipse
2735 777 2843 817 non
2868 761 3078 818 facilem
3104 766 3323 836 egisset,
3350 784 3473 824 cum

194 847 538 915 λελοιπέναι,
581 853 678 906 καί⁸
720 852 1149 924 ἠκολουθηκέναι
1186 853 1263 926 τῷ
1300 854 1537 925 Σωτῆρι,
1580 850 1700 908 εἰπε
1727 873 1755 909 τ

1912 858 2086 912 omnia
2112 857 2427 927 reliquerat,
2459 867 2513 911 et
2544 856 2889 912 Scrratorem
2929 856 3100 913 fuerat
3132 872 3373 925 secutus,
3409 879 3473 917 ea

196 944 580 1017 προκείμεναο
633 945 713 998 διὸ
759 947 854 1000 καὶ
907 948 1414 1020 παρῤησιασαμένῳ
1469 948 1549 1019 τῷ
1602 948 1757 1021 Πέτρ‹

1912 947 2108 1004 dixisse
2150 963 2273 1015 qua:
2309 964 2456 1002 nunc
2487 956 2804 1002 tractamus.
2840 946 3046 1003 Idcirco
3080 947 3243 1004 Petro
3276 952 3328 1005 id
3376 968 3473 1006 au-

195 1036 566 1107 ἀποκρίνεται
596 1037 665 1091 τὰ
694 1038 794 1108 τῆς
830 1041 1229 1112 ἐπιφερομένης
1274 1040 1516 1115 μεγάλης
1555 1044 1756 1112 ὲπαγγε

1908 1042 2084 1096 dactcr
2149 1042 2403 1108 elocuto,
2468 1056 2721 1113 magnam
2782 1040 2923 1097 hanc
2990 1042 3469 1113 pollicitationem,

196 1127 329 1195 λίας
355 1132 386 1184 ό
411 1130 604 1203 Σωτὴρ
641 1131 772 1205 περὶ
812 1131 904 1186 τοῦ
944 1132 1157 1203 μέλλειν
1192 1132 1289 1187 ἕνα
1318 1133 1428 1190 τῶν
1462 1134 1663 1206 κριτῶν
1697 1151 1757 1188 το

2011 1132 2065 1204 ﬁ.
2082 1148 2203 1204 qua:
2226 1133 2470 1188 subnexa
2495 1145 2599 1197 est,
2619 1132 2670 1186 in
2690 1146 3014 1202 responsum
3034 1133 3181 1188 dedit
3195 1133 3473 1201 Servator,
3566 1133 3572 1141 ’

211 1222 439 1295 Ἰσραήλ
465 1223 682 1280 ἔσεσθαι
709 1224 802 1279 τὸν
826 1225 1055 1298 Πέτρονί

1911 1226 2142 1282 futurum
2173 1241 2366 1297 nempe
2404 1226 2625 1283 Petrum
2659 1241 2828 1281 unum
2860 1241 2925 1281 ex
2972 1227 3251 1297 judicibus
3283 1229 3472 1285 Israel.

294 1315 353 1370 '0
398 1316 456 1370 δὲ
495 1318 594 1388 τῆς
626 1315 822 1384 λέξεως
866 1318 962 1388 οὐχ
1005 1318 1195 1389 ἱκανῆς
1244 1320 1430 1373 πεῖσαι
1475 1318 1790 1391 μεγαλοφυῆ

1967 1320 2059 1375 22.
2094 1320 2164 1375 At
2187 1320 2283 1391 qui
2326 1319 2521 1375 litterae
2552 1336 2772 1376 sensum
2819 1330 3059 1391 spernet,
3089 1331 3273 1392 utpOte
3305 1340 3334 1378 a
3365 1342 3476 1395 quo

200 1409 489 1482 ἀκροατὴν
537 1412 973 1486 καταφρονήσας,
1019 1411 1095 1475 ὡς
1123 1411 1217 1466 καί
1253 1411 1424 1467 ἄλλων
1472 1411 1667 1477 λέξεων
1695 1412 1759 1483 τῆ

1913 1427 2062 1468 sensu
2113 1413 2331 1468 auditor
2377 1415 2754 1485 praestantiore
2797 1414 3057 1485 praeditus
3103 1416 3318 1487 ingenio
3351 1434 3474 1488 pcr-

198 1502 437 1575 Γραφῆς
469 1503 529 1557 τὸ
562 1503 756 1575 σεμνὸν
785 1505 841 1557 ὲν
873 1506 940 1575 τῇ
972 1504 1230 1575 ἀναγωγῇ
1269 1502 1525 1575 ἐχουσῶν,
1567 1502 1759 1557 τοιαῦτι

1911 1505 2112 1560 suaderi
2160 1521 2268 1560 non
2320 1508 2514 1577 possit,
2548 1522 2672 1561 cum
2719 1516 2772 1563 et
2820 1507 2924 1561 alia
2963 1506 3263 1578 Scriptura?
3308 1513 3472 1567 verba

202 1596 400 1667 φήσει,
428 1596 510 1650 ὅτι
540 1597 673 1650 αὐτὸ
708 1596 801 1650 τόν
850 1616 867 1649 ι
919 1597 1048 1651 Ἰδοὺ
1078 1599 1234 1669 ἡμεῖς
1268 1597 1560 1669 ἀφήκαμεν
1595 1597 1763 1650 πάντα

1915 1597 2199 1667 graviorem
2259 1607 2314 1652 et
2372 1599 2694 1653 nobiliorem
2740 1614 2961 1654 sensum
3014 1599 3066 1652 in
3132 1602 3476 1672 expositione

198 1691 310 1744 καὶ
335 1688 779 1762 ἠκολουθήσαμέν
821 1709 924 1752 σοι.
963 1711 981 1744 ι
1014 1690 1284 1745 δικτυδίου
1318 1690 1759 1760 καταλειφθέντος

1908 1687 2176 1756 analogiea
2232 1690 2578 1755 contineant,
2618 1691 2665 1746 is
2716 1692 2859 1748 dicet
2914 1710 3223 1751 sermonem
3281 1696 3469 1752 hunc:

198 1783 312 1836 καὶ
349 1784 610 1854 πενιχρᾶς
641 1782 835 1846 οἰκίας,
863 1783 956 1836 καὶ
989 1782 1245 1836 ἐπιπόνου
1277 1784 1335 1837 ὲν
1368 1783 1528 1854 πενίᾳ
1557 1783 1695 1854 βίου,
1729 1799 1758 1835 ο

1906 1798 1921 1828 ι
1952 1777 2088 1833 Ecce
2116 1794 2215 1833 nos
2241 1781 2564 1850 reliquimus
2599 1784 2804 1852 omnia,
2829 1795 2882 1841 et
2926 1787 3100 1842 secuti
3128 1803 3320 1843 sumus
3344 1798 3417 1851 te,
3444 1807 3467 1842 ι

200 1877 357 1929 πάνυ
396 1893 449 1928 τι
479 1874 645 1941 ἀξίως
681 1873 1051 1929 λέλεκταιτοῦ
1097 1874 1415 1947 τηλικούτου
1453 1875 1718 1947 μαθητοῦ,
1751 1872 1761 1926 ε

1912 1873 2145 1938 'eticulo,
2173 1873 2338 1928 domo
2366 1876 2713 1945 paupertina,
2738 1887 2791 1932 et
2814 1896 3124 1936 :erumnosa
3158 1881 3211 1935 in
3235 1892 3473 1951 egestate

202 1970 356 2043 σὰρξ
381 1970 475 2024 καὶ
496 1964 633 2040 αἷμα
652 1969 751 2023 οὐκ
766 1968 1133 2039 ἀπεκάλυψεν,
1158 1969 1238 2022 ὅτι
1278 1968 1482 2039 Ἰησοῦς
1502 1968 1588 2038 εἴη
1610 1971 1638 2022 ὁ
1663 1970 1763 2041 Χρι

1911 1964 2004 2017 vita
2037 1965 2261 2031 relictis,
2323 1965 2468 2021 haud
2521 1969 2794 2038 prolatum
2836 1970 3006 2027 fuisse
3059 1988 3158 2042 pro
3207 1974 3472 2045 dignitate

199 2061 340 2127 στὸς
363 2065 393 2117 ὸ
415 2062 542 2127 rte;
564 2063 658 2117 τοῦ
692 2059 825 2116 Θεοῦ
852 2060 945 2114 τοῦ
974 2060 1193 2127 ζῶντος,
1217 2060 1330 2115 ἀλλ’
1357 2062 1385 2114 ὁ
1411 2062 1467 2113 ὲν
1493 2064 1605 2125 τοῖς
1630 2062 1760 2133 οὐρα

1911 2056 2030 2110 anti
2069 2056 2364 2129 discipuli,
2413 2061 2501 2114 cui
2552 2077 2681 2115 caro
2741 2073 2795 2118 et
2839 2065 3063 2134 sanguis
3117 2064 3301 2120 Jesum
3349 2081 3472 2121 esse

196 2155 325 2218 νοῖς
358 2155 546 2226 Πατήρ
575 2154 760 2218 αὐτοῦ,
796 2153 889 2208 καί
923 2146 967 2222 ᾧ
998 2152 1246 2207 λέλεκται
1266 2153 1360 2206 τό·
1393 2172 1412 2205 ι
1452 2154 1525 2208 Σὺ
1560 2148 1613 2206 εἷ
1640 2155 1668 2208 ό
1701 2154 1757 2207 lli

1910 2151 2170 2207 Shristum
2229 2151 2425 2207 Filium
2482 2152 2575 2207 Dei
2622 2154 2730 2208 vivi
2781 2171 2888 2210 non
2938 2158 3326 2217 revelaverant.
3375 2157 3471 2213 sed

198 2264 362 2319 τρος,
406 2246 500 2301 καὶ
532 2248 623 2301 ἐπὶ
657 2247 829 2321 ταύτῃ
863 2250 927 2319 τῇ
970 2247 1146 2319 πέτρᾳ
1184 2246 1519 2318 οἰκοδομήσω
1552 2264 1655 2318 μου
1695 2247 1759 2321 τὴ

1908 2242 2056 2299 Pater
2088 2244 2260 2315 ipsius
2302 2246 2397 2316 qui
2435 2245 2487 2300 in
2532 2246 2685 2302 caelis
2713 2257 2834 2315 est;
2880 2249 3077 2319 cuique
3107 2249 3314 2303 dictum
3348 2249 3469 2305 fue-

214 2337 575 2409 Ἐκκλησίαν,
596 2339 689 2393 καὶ
711 2339 874 2393 πύλαι
894 2339 1019 2411 ᾅδου
1036 2340 1096 2392 ού
1117 2338 1533 2409 κατισχύσουσιν
1551 2339 1741 2411 αὐτῆς.
1770 2359 1775 2391 1

1911 2336 2081 2392 rat":
2113 2356 2131 2389 ι
2161 2337 2241 2392 'l‘u
2272 2354 2331 2393 es
2362 2337 2576 2404 Petrus,
2611 2347 2665 2393 ct
2691 2354 2853 2409 super
2883 2340 3023 2394 hanc
3050 2349 3260 2410 petram
3296 2343 3472 2397 aedili-

214 2429 388 2483 Ἀλλά
454 2432 662 2503 μήποτε
716 2432 784 2485 τὰ
847 2431 1208 2503 ἀποδεδομένα
1258 2432 1340 2495 εἰς
1386 2432 1486 2502 τὴν
1541 2431 1775 2503 διήγησιπ

1914 2429 2032 2483 :abo
2061 2428 2360 2484 Ecclesiam
2396 2444 2604 2493 meam,
2637 2439 2691 2486 ct
2724 2440 2893 2501 portae
2922 2430 3080 2486 inferi
3126 2448 3234 2487 non
3266 2449 3475 2503 praeva-

198 2519 271 2573 τό
328 2520 459 2592 (81)*
511 2540 531 2573 ι
574 2522 811 2592 ’Ύπαγε,
847 2522 1097 2595 πώλησόν
1140 2540 1233 2577 σου
1276 2523 1344 2577 τὰ
1378 2522 1719 2595 ὑπάρχοντα,

1917 2521 2084 2574 ebunt
2121 2520 2385 2575 adversus
2414 2536 2553 2575 eam.
2592 2540 2609 2572 ι
2637 2520 2705 2576 At
2733 2538 2796 2576 ea
2823 2522 3053 2578 fortasse
3080 2524 3146 2577 ad
3178 2524 3279 2578 loci
3308 2526 3474 2596 hujus

203 2613 311 2669 καὶ
347 2613 417 2669 τὰ
458 2614 607 2686 ἑξῆς,
640 2617 884 2688 χρήσιμα
919 2617 1001 2681 εἰς
1028 2615 1098 2670 τὰ
1136 2616 1469 2689 προκείμενά
1499 2618 1649 2670 ἐστι·
1688 2614 1764 2672 Πέ

1913 2613 2312 2682 :xplicationcm
2346 2613 2696 2680 conducunt,
2729 2618 2849 2685 qua:
2882 2631 3046 2685 supra
3090 2632 3119 2670 a
3156 2618 3315 2674 nobis
3362 2628 3474 2675 tra-

200 2725 342 2780 τρος
373 2708 483 2779 γάρ
515 2709 693 2779 ἀφῆκε
734 2710 929 2773 πάντα,
971 2711 1055 2780 ἐφ’
1097 2704 1177 2775 οἷς
1218 2711 1539 2784 ἁμαρτωλὸς
1575 2708 1663 2783 ἦν,
1701 2729 1761 2767 κα

1912 2706 2011 2762 lita
2035 2714 2183 2773 sunt,
2220 2722 2343 2761 cum
2378 2706 2431 2760 id
2482 2707 2878 2763 illustraremus
2900 2710 2983 2762 ’τε
3035 2728 3052 2761 ι
3078 2707 3246 2778 Vade,
3301 2714 3473 2768 venda

202 2800 278 2853 δι’
324 2799 362 2856 ἀ
395 2797 577 2855 εἶπεν·
633 2821 651 2853 ι
695 2801 918 2868 Ἔξελθε
967 2804 1062 2858 ἀπ’
1106 2802 1259 2874 ἐμοῦ,
1304 2804 1497 2877 Κύριε,
1530 2806 1612 2859 ὅτι
1656 2805 1757 2864 ἀνῖι

1936 2814 2018 2855 ua:
2053 2800 2239 2865 habes,
2271 2819 2289 2850 ι
2323 2810 2375 2854 et
2411 2808 2604 2855 caetera
2634 2818 2648 2855 :
2696 2801 2956 2856 omnibus
3003 2800 3274 2872 siquidem
3332 2820 3474 2859 nun-

204 2891 539 2965 ἁμαρτωλὸς
567 2893 677 2963 ἐγώ
710 2896 856 2967 εἰμι’
894 2914 911 2947 ι
952 2895 1046 2950 καὶ
1073 2895 1244 2967 μέγας
1276 2896 1440 2949 αὑτοῦ
1475 2897 1695 2962 ἔπαινος
1726 2893 1762 2969 ἧ

1909 2894 2032 2946 tium
2069 2892 2281 2947 remisit
2321 2891 2536 2958 Petrus,
2565 2908 2686 2963 qua:
2734 2908 2792 2948 se
2824 2894 3030 2962 peccati
3077 2911 3231 2949 reum
3269 2896 3470 2951 elﬁcie—

203 2984 614 3058 τεθαρρηκότος
666 2989 758 3042 ἐπὶ
805 2988 884 3061 τῷ
936 2989 1133 3060 μηκέτι
1193 2988 1528 3060 ἁμαρτάνειν
1585 2989 1762 3059 λέγειν

1907 2985 2065 3051 bant,
2101 2993 2157 3039 et
2207 2996 2427 3056 propter
2464 3001 2586 3056 quze
2624 2987 2861 3042 dixit":
2909 3005 2928 3039 ι
2961 2986 3057 3042 Exi
3108 3004 3138 3043 a
3182 3005 3305 3053 me,
3341 2991 3468 3061 quia

209 3095 231 3129 ι
280 3078 598 3151 ’Δφήκαμεν
627 3080 824 3146 πάντα,
852 3101 869 3133 ι
899 3081 992 3135 καί
1006 3082 1067 3136 ού
1090 3081 1245 3152 μόνον
1273 3081 1339 3135 τὰ
1365 3080 1586 3152 χείρονα
1616 3099 1770 3135 κατα-

1910 3079 2066 3132 homo
2093 3086 2348 3147 peccator
2383 3094 2540 3141 sum,
2580 3078 2827 3139 Domine.
2860 3098 2878 3129 ι
2916 3089 2969 3134 et
3008 3096 3198 3151 magna
3228 3082 3471 3150 profecto

203 3168 576 3242 λελοίπαμεν,
623 3171 757 3226 ἀλλά
806 3173 900 3227 καὶ
954 3192 973 3225 ι
1017 3171 1459 3245 ἠκολουθήσαμέν
1509 3190 1609 3227 σοι.
1662 3192 1680 3224 ι
1723 3174 1764 3226 Τ

1909 3171 2046 3226 illius
2089 3171 2211 3227 laus
2259 3181 2377 3226 erat
2421 3172 2514 3242 qui
2566 3188 2625 3227 se
2677 3188 2784 3227 non
2843 3173 3078 3242 amplius
3121 3184 3470 3244 peccaturum

203 3265 300 3320 δέ’
346 3283 366 3316 ι
426 3259 517 3318 Σοὶ
547 3264 1011 3337 ἠκολουθήσαμέν,
1050 3284 1068 3316 ι
1100 3265 1212 3319 ἴσον
1239 3264 1460 3320 δύναται
1512 3262 1649 3319 εἶναι
1682 3264 1758 3337 τῷ

1913 3265 2180 3320 conlidens
2225 3264 2436 3320 dixerat
2458 3264 2547 3319 7’:
2606 3284 2624 3317 ι
2664 3264 3004 3336 Reliquimus
3047 3269 3251 3333 omnia,
3292 3287 3310 3319 ι
3373 3284 3474 3325 neu

216 3356 700 3429 ’Δποκαλύψαντος
720 3360 850 3430 ήμῖν
880 3358 1091 3431 Πατρὸς
1116 3359 1262 3422 ὅστις
1286 3354 1355 3423 εἷ,
1382 3359 1474 3413 καὶ
1493 3359 1573 3413 ὅτι
1591 3358 1777 3413 δικαιο-

1914 3359 2168 3414 lcteriora
2209 3358 2387 3413 solum
2436 3359 2777 3428 reliquimus,
2814 3360 2905 3414 sed
2935 3369 2989 3415 et
3031 3380 3049 3413 ι
3078 3363 3249 3415 secuti
3280 3377 3475 3417 sumus

206 3446 352 3519 σύν-η
398 3444 468 3514 εἴ,
514 3450 958 3522 ἠκολουθήσαμέν
1004 3467 1106 3514 σοι,
1142 3450 1276 3504 καθὸ
1315 3450 1628 3521 δικαιοσύνη
1665 3468 1767 3521 τυγ

1912 3469 1968 3509 c.
1999 3472 2018 3504 ι
2057 3452 2191 3507 Illud
2228 3462 2409 3507 autem
2439 3469 2453 3506 :
2489 3471 2507 3503 ι
2542 3451 2726 3507 Secuti
2759 3468 2952 3508 sumus
2980 3463 3051 3519 te,
3084 3473 3102 3507 ι
3140 3455 3280 3510 idem
3309 3463 3473 3511 sonat

205 3542 403 3614 χάνεις
431 3559 441 3571 ’
474 3540 617 3598 οὕτω
649 3542 706 3596 δὲ
754 3543 849 3597 καὶ
886 3542 1024 3598 καθὸ
1060 3542 1350 3615 ἁγιασμὸς,
1392 3544 1486 3597 καί
1528 3543 1663 3597 καθὸ
1708 3561 1766 3596 σο

1911 3541 2129 3601 f'ortasse
2176 3559 2240 3599 ac
2273 3545 2445 3599 illud:
2495 3542 2789 3615 Postquam
2840 3544 3000 3600 Pater
3048 3546 3207 3601 nobis
3248 3548 3472 3616 quinam

207 3634 338 3704 φία,
373 3634 468 3688 καὶ
498 3634 633 3689 καθὸ
670 3636 882 3707 εἰρήνη,
930 3635 1024 3688 καὶ
1066 3635 1200 3689 καθὸ
1242 3634 1487 3706 ἀλήθεια,
1534 3635 1630 3689 καί
1663 3635 1768 3688 καθ

1912 3637 1977 3692 sis
2008 3637 2239 3707 aperuit,
2269 3645 2428 3707 teque
2450 3636 2717 3707 justitiam
2743 3653 2863 3691 esse
2900 3639 3172 3702 rerelavit,
3203 3649 3473 3709 quatenus

205 3724 336 3789 ὁδὸς
379 3726 416 3796 ή
445 3724 683 3797 φέρουσα
728 3726 864 3797 πρὸς
902 3726 1055 3791 Θεὸν,
1091 3728 1187 3781 καὶ
1227 3727 1361 3781 καθὸ
1392 3727 1504 3799 ζωὴ
1534 3728 1760 3799 ἀληθινή

1913 3727 2109 3791 iustitia
2156 3742 2246 3792 es,
2281 3737 2331 3781 te
2374 3730 2546 3782 secuti
2596 3742 2820 3794 sumus;
2853 3729 2925 3783 ita
2954 3739 3009 3784 ct
3041 3740 3309 3799 quatenus
3345 3747 3474 3787 san-

206 3816 407 3889 διόπερ
451 3816 525 3881 ὼς
569 3816 808 3890 ἀθλητὴς
863 3819 1000 3890 μετά
1041 3820 1130 3874 τὸν
1172 3820 1358 3889 ἀγῶνα
1392 3820 1767 3891 πυνθανόμενο

1908 3820 2162 3875 ctilicatio
2183 3835 2265 3886 es,
2289 3828 2345 3875 et
2374 3830 2646 3890 quatenus
2673 3822 2960 3892 sapientia,
2983 3831 3036 3876 et
3066 3831 3338 3892 quatenus
3365 3839 3469 3894 pax

1426 3938 1653 3998 VETUS
1683 3937 2261 3995 INTERPRETATIO.

209 4030 443 4103 quimus
470 4030 673 4103 omnia,
706 4037 762 4086 et
792 4029 963 4087 secuti
992 4045 1185 4103 sumus
1210 4039 1280 4088 te.
1317 4050 1335 4086 ι
1368 4031 1607 4088 Observa
1647 4031 1879 4088 simulet
1908 4032 2032 4100 hoc,
2055 4032 2315 4103 quoniam
2353 4032 2569 4087 occasio
2599 4031 3007 4101 interrogationi
3049 4031 3363 4101 huiusmodi
3404 4050 3471 4089 ex

212 4100 311 4154 illo
342 4098 481 4174 facta
514 4098 696 4174 Petro,
724 4103 867 4172 quod
900 4103 1121 4174 verbum
1154 4102 1354 4159 Christi
1384 4103 1593 4174 audivit
1630 4102 1860 4159 dicentis
1892 4121 1903 4154 :
1939 4122 1975 4174 σν
1997 4098 2055 4158 Si
2073 4098 2168 4157 ‘vis
2196 4101 2471 4174 perfectus
2521 4117 2673 4169 esse,
2702 4098 3078 4174 vade,vende
3115 4098 3297 4159 omnia
3352 4121 3475 4174 qu:e

213 4170 581 4244 nissides,_et
608 4171 675 4227 da
711 4170 1059 4244 pauperibus,
1094 4181 1150 4228 et
1180 4174 1406 4230 habebis
1447 4173 1765 4230 thesaurum
1798 4175 1852 4228 in
1880 4173 2056 4237 cmlis,
2089 4183 2140 4228 et
2172 4170 2317 4237 v‘eni,
2354 4188 2581 4244 sequere
2611 4188 2773 4244 me.»
2804 4172 3009 4244 Deinde
3051 4174 3178 4243 quia
3212 4170 3471 4230 conside-

212 4241 362 4296 ravit
396 4241 794 4314 adolescentem
817 4241 963 4300 'cum
1005 4244 1223 4300 tristitia
1259 4246 1583 4308 abeuntem,
1630 4245 1889 4314 quoniam
1933 4243 2230 4314 prmposuit
2272 4241 2473 4298 multas
2511 4243 2885 4314 possessiones
2921 4241 3121 4314 habere
3165 4244 3219 4298 in
3267 4247 3431 4302 terris
3454 4286 3472 4314 ,

210 4326 538 4387 quamesse
576 4312 851 4387 perfectus
876 4314 932 4369 in
970 4314 1079 4387 Deo
1104 4316 1512 4387 :rconsiderans
1548 4312 1765 4387 quoque
1797 4326 1853 4370 et
1889 4312 2256 4387 difﬁcultatem
2298 4314 2525 4369 divitum
2564 4313 2897 4387 ingrediendi
2932 4313 2987 4367 in
3032 4328 3281 4387 regnum_
3301 4312 3474 4373 cmloé

213 4397 366 4456 rum,
396 4381 518 4456 ideo
549 4381 707 4453 quasi
740 4384 856 4456 ipse
886 4400 991 4440 non
1023 4384 1236 4441 facilem
1267 4402 1381 4442 rem
1410 4381 1875 4442 consummat-erit
1907 4387 1960 4441 in
1988 4401 2054 4456 eo
2078 4384 2223 4456 quod
2256 4387 2508 4456 universa
2543 4381 2781 4456 reliquit,
2816 4393 2875 4456 et
2900 4381 3120 4439 secutus
3151 4394 3235 4441 est
3252 4384 3468 4455 Jesum,

209 4452 358 4529 dixit
382 4470 397 4507 :
424 4471 443 4504 ς
466 4452 604 4529 Ecce
631 4469 733 4510 nos
762 4452 1082 4529 reliquimus
1103 4458 1391 4529 omniatet
1416 4458 1588 4529 secuti
1618 4473 1811 4529 sumus
1842 4465 1912 4511 te.
1950 4452 2292 4529 iAPro'pterea
2324 4454 2482 4529 Petro
2512 4454 2837 4509 tiducialiter
2863 4454 2969 4510 ista
2993 4456 3222 4524 dicenti,
3247 4452 3474 4529 respon¥

212 4523 313 4596 dit;
331 4523 752 4596 promissionem
784 4523 943 4581 istam
973 4526 1267 4581 maximam
1303 4526 1574 4593 Christus,
1604 4537 1665 4582 ut
1690 4528 1762 4582 sit
1792 4542 1934 4582 unus
1968 4526 2036 4582 de
2059 4523 2337 4596 iudicibus
2368 4526 2498 4581 illis.

286 4592 384 4649 22:.
426 4592 702 4660 Quoniam
737 4610 921 4669 autem
959 4598 1108 4669 verbi
1136 4597 1458 4667 simplicitas
1484 4592 1593 4653 non
1619 4607 1706 4653 est
1740 4598 1873 4654 satis
1900 4592 2097 4652 idonea
2123 4597 2424 4669 auditorem
2458 4595 2662 4664 ingenii
2700 4596 3076 4669 eminentioris
3106 4598 3340 4669 placare,
3371 4598 3473 4655 ho-

216 4672 493 4737 pestatem
529 4681 725 4723 sensus
751 4668 805 4722 in
834 4667 1138 4724 moralibus
1175 4666 1609 4737 expositionibus
1641 4668 2104 4732 considet-antem,
2142 4666 2308 4721 etiam
2359 4667 2710 4737 buuclocum
2756 4667 2829 4722 ita
2864 4666 3165 4734 trademus,
3195 4670 3473 4737 quomodo

214 4734 325 4810 hoc
363 4736 546 4804 ipsum
574 4739 720 4810 quod
750 4739 867 4793 ait:
900 4757 917 4790 ι
949 4738 1089 4794 Ecce
1126 4734 1576 4810 nos—reliquimus
1608 4740 1814 4804 omnia,
1846 4746 1903 4794 et
1933 4738 2104 4795 secuti
2134 4753 2328 4793 sumus
2352 4746 2422 4791 te.
2450 4735 2663 4810 rRetia
2690 4741 3117 4809 contemptibilia
3160 4734 3468 4810 reliquisse,

214 4807 310 4881 vel
342 4821 636 4881 pauperem
666 4809 912 4881 domum,
946 4819 1002 4864 et
1032 4810 1199 4864 vitam
1227 4808 1280 4863 in
1323 4807 1653 4881 paupertate,
1678 4810 1958 4865 doloribus
1986 4810 2232 4881 plenam,
2277 4824 2381 4881 non
2429 4809 2567 4863 adeo
2600 4824 2869 4881 magnum
2895 4807 2999 4877 est,
3043 4826 3217 4881 neque
3243 4807 3467 4881 dignum

216 4877 318 4951 tali
360 4877 667 4951 discipulo,
708 4879 935 4951 cuinon
982 4895 1110 4935 caro
1158 4888 1213 4933 et
1256 4877 1478 4951 sanguis
1516 4880 1849 4951 revelaverat
1875 4877 2003 4935 esse
2040 4877 2226 4951 Jesuﬁm
2270 4878 2551 4933 Christum
2596 4877 2795 4934 Filium
2844 4880 2959 4951 Dei_
2990 4882 3097 4935 vivi
3118 4877 3143 4945 ,“
3177 4882 3270 4936 sed
3311 4877 3473 4935 Pater

215 4948 502 5003 ctelestis:
537 4950 622 5004 cui
671 4953 834 5005 etiam
883 4950 1061 5006 fuerat
1090 4951 1331 5006 dictum:
1363 4948 1402 5002 ἰ
1434 4948 1515 5005 Tu
1544 4966 1603 5005 es
1634 4949 1848 5013 Petrus,
1877 4960 1932 5004 et
1967 4965 2129 5019 super
2167 4950 2307 5004 hanc
2353 4959 2557 5018 petram
2603 4950 2885 5006 mditicabo
2919 4949 3215 5006 Ecclesiam
3249 4966 3468 5013 meam,

214 5028 272 5091 et
300 5026 475 5091 portae
504 5019 803 5091 inferorum
838 5036 946 5077 non
979 5020 1346 5091 pnevalebunt
1375 5020 1446 5076 ei.
1478 5042 1496 5072 ι
1542 5020 1755 5091 Ergone
1800 5019 1941 5076 forte
1973 5035 2035 5074 ea
2069 5035 2191 5089 quae
2236 5024 2434 5074 tradita
2481 5029 2611 5074 sunt
2655 5022 2908 5090 superius
2945 5022 3011 5075 de
3042 5021 3221 5077 verbis
3262 5020 3468 5075 Clit-isti

216 5088 495 5162 dierntis:
539 5109 557 5141 ι
588 5088 766 5157 Vade,
819 5100 875 5147 et
920 5088 1092 5147 vende
1123 5091 1307 5146 omnia
1354 5106 1479 5161 qua:
1513 5088 1780 5162 possides,
1831 5098 1886 5145 et
1924 5091 1991 5162 da
2026 5088 2376 5162 pauperibus
2401 5129 2417 5154 ,
2459 5099 2514 5144 et
2556 5088 2781 5148 habebis
2809 5093 3124 5146 thesaurum
3167 5092 3220 5162 in
3281 5091 3469 5156 caelis,

216 5170 272 5215 et
302 5160 452 5224 veni,
484 5176 714 5232 sequere
747 5177 852 5229 me,
886 5180 905 5213 ι
945 5162 1096 5216 utilia
1145 5170 1201 5216 et
1247 5160 1555 5232 vera’sunt
1594 5163 1647 5215 in
1690 5160 1977 5232 praesenti?
2022 5160 2214 5232 Petrus
2253 5162 2398 5215 enim
2459 5165 2642 5215 omnia
2698 5162 2946 5230 reliquit,
3008 5162 3063 5215 in
3115 5161 3315 5232 quibus
3355 5169 3473 5215 erat

217 5241 499 5302 peccator.
534 5229 761 5303 Propter
796 5248 918 5303 qua:
964 5243 1015 5288 et
1055 5231 1303 5287 dixerat:
1358 5252 1377 5284 ι
1408 5231 1505 5286 Exi
1536 5248 1567 5286 a
1597 5229 1705 5296 me,
1738 5230 1983 5303 Domine,
2018 5231 2488 5303 quoniam_homo
2520 5241 2796 5303 peccator
2817 5229 2940 5285 sum
2977 5248 3097 5302 ego.
3122 5229 3145 5282 ι’
3177 5231 3243 5285 Ει
3275 5245 3470 5301 magna

218 5299 342 5357 laus
367 5312 488 5357 erat
511 5299 968 5372 ejus'confit'entis
1003 5311 1062 5358 ut
1085 5304 1151 5357 de
1182 5312 1378 5358 caetero
1415 5319 1523 5356 non
1576 5311 1843 5372 peccaret,
1883 5302 1976 5372 qui
2012 5299 2183 5355 dixit:
2236 5319 2254 5352 ι
2287 5299 2425 5355 Ecce
2470 5299 2569 5355 nos
2596 5301 2930 5372 reliquimus
2959 5299 3175 5356 omnia:
3207 5320 3225 5354 ι
3269 5310 3323 5356 et
3361 5299 3469 5354 non

218 5376 403 5428 solum
450 5370 589 5427 mala
641 5374 964 5443 reliquimus
987 5412 1002 5437 ,
1054 5374 1144 5443 sed
1196 5392 1214 5425 ι
1253 5385 1306 5429 et
1356 5383 1406 5428 te
1444 5370 1616 5428 secuti
1646 5388 1856 5443 sumus.
1879 5390 1897 5422 ι
1930 5371 2084 5443 ngd
2106 5381 2297 5443 autem
2332 5372 2461 5425 dicit
2494 5394 2500 5421 :
2542 5391 2559 5421 ι
2594 5370 2857 5443 Etsecuti
2895 5387 3086 5426 sumus
3122 5382 3187 5440 te,
3224 5392 3242 5424 ι
3292 5380 3474 5443 potest

197 5445 331 5499 'dici
375 5444 676 5499 secundum
716 5439 899 5499 omnia
949 5459 1071 5514 qua:
1118 5442 1277 5499 Pater
1328 5445 1588 5499 revelavit
1642 5441 1801 5514 Petro
1846 5457 1967 5514 esse
2014 5439 2212 5496 Filium
2254 5457 2452 5514 suum,
2505 5441 2681 5514 secuti
2731 5458 2935 5514 sumus
2971 5452 3022 5496 te
3052 5439 3341 5512 justitiam,
3388 5460 3475 5497 se-

219 5516 469 5570 cundum
504 5517 651 5585 quod
692 5516 901 5585 justitia
932 5511 1029 5569 es:
1082 5516 1250 5569 secuti
1302 5530 1494 5570 sumus
1537 5523 1589 5569 te
1616 5512 2155 5585 isanctilicationem,
2197 5511 2497 5585 sc_cundum
2542 5512 2685 5585 quod
2734 5511 3093 5585 sanctificatio
3132 5530 3229 5577 es,
3280 5522 3335 5568 et
3381 5530 3474 5567 sa-

220 5585 455 5656 pientia,
488 5581 542 5640 et
570 5581 707 5657 pax,
728 5596 782 5641 et
810 5587 1033 5652 veritas,
1059 5594 1115 5640 et
1135 5588 1244 5641 vita
1273 5585 1478 5641 ducens
1502 5587 1570 5641 ad
1610 5584 1801 5651 Deum,
1832 5593 1885 5639 et
1908 5584 2013 5638 vita
2048 5598 2194 5637 vera.
2244 5581 2470 5652 Propter
2501 5583 2647 5652 quod
2696 5584 2854 5652 quasi
2902 5584 3076 5640 victor
3114 5586 3316 5642 athleta
3349 5592 3478 5655 post

290 5708 342 5740 ⁷⁸
380 5705 573 5763 Matth.
618 5722 729 5773 xvr,
761 5705 849 5774 17,
886 5706 973 5761 18.
1048 5706 1092 5737 ⁷⁷
1131 5704 1324 5759 Matth.
1357 5705 1584 5771 x1x,‘:?.i.
1660 5703 1707 5736 ⁷⁸
1746 5702 1851 5759 Luc

1131 5704 1324 5759 Matth.
1357 5720 1472 5771 xix,
1494 5705 1584 5759 9-1.
1660 5703 1707 5736 ⁷⁸
1746 5702 1875 5760 Luc.
1910 5720 1962 5772 ν,
1995 5704 2047 5758 8.
2125 5705 2170 5737 ⁷⁸
2211 5703 2400 5758 Matth.
2431 5718 2546 5769 xu,
2575 5701 2664 5757 27.

296 5825 411 5897 (80)
458 5825 542 5893 Τῷ
573 5824 714 5891 Θεῷ.
756 5824 813 5880 ln
840 5825 1026 5881 codice
1058 5822 1224 5896 Regio
1251 5824 1400 5879 deest
1432 5824 1527 5895 τῷ.

1318 5834 1400 5879 est
1432 5824 1527 5895 τῷ.
1974 5824 2084 5894 (81)
2130 5825 2217 5879 Τό.
2260 5822 2420 5879 Forte
2446 5822 2731 5895 legendum
2758 5819 2878 5879 τοῦ.
