3954 6556
180 412 334 470 1321

1178 413 1531 472 COMMENT.
1569 414 1634 470 IN
1673 415 2089 475 MATTileUM
2127 417 2364 477 TOMUS
2404 418 2516 477 XV.

3298 433 3439 490 £322

173 547 338 588 νισιν
373 550 392 584 ι
432 531 606 597 οὐδείς
645 533 760 586 ἐστι
805 528 1043 605 καθαρὸς
1075 533 1183 587 άπὸ
1223 533 1416 605 ῥύπου,
1448 534 1556 588 οὐδ’
1588 536 1635 588 εί
1668 534 1756 606 μία

1864 535 1910 590 si
1942 535 2053 590 vita
2095 536 2313 606 quidem
2351 536 2472 607 eius
2504 538 2667 594 unius
2692 539 2796 596 diei
2842 541 3007 599 fuerit
3043 546 3111 612 “,
3151 566 3172 600 ι
3216 562 3437 623 propter

169 622 369 696 ἡμέρα
403 624 487 696 εἴη
518 625 552 695 ἠ
595 622 707 694 ζωὴ
736 623 922 688 αὐτοῦ,
960 644 979 677 ι
1009 624 1095 679 διὰ
1123 625 1185 679 τὸ
1219 626 1345 698 περὶ
1372 626 1473 697 τῆς
1496 627 1761 696 γ;νέσεως

174 719 507 791 μυστήριον,
537 717 619 788 ἐφ’
657 712 692 793 ᾖ
730 718 792 771 τὸ
826 718 931 771 ὑπὸ
974 717 1067 771 τοῦ
1101 716 1265 772 Δαυῒδ
1301 719 1359 771 ὲν
1408 720 1762 792 πεντηκοστῷ

169 808 385 882 ψαλμῷ
411 809 732 882 λελεγμένον
762 809 991 875 ἕκαστος
1038 811 1252 866 πάντων
1281 812 1361 875 είς
1388 811 1601 881 γένεσιν
1638 812 1759 885 ὲλη⁴

169 901 420 957 λυθότων
442 901 611 971 λέγοι,
641 901 762 973 ἔχον
793 901 991 966 οὕτως’
1028 921 1049 955 ι
1085 904 1207 957 Ὀτι
1233 904 1292 958 ὲν
1316 903 1566 975 ἁνομίαις
1605 921 1759 958 συνεο

170 992 418 1067 λήφθην,
446 995 541 1049 καὶ
560 996 618 1047 ὲν
636 992 930 1067 ἁμαρτίαις
945 994 1203 1067 ὲκίσσησέ
1231 1011 1297 1066 με
1323 995 1356 1067 ἡ
1378 996 1558 1067 μήτηρ
1582 1012 1703 1068 μουο
1733 1012 1753 1048 ι

170 1084 327 1139 κατὰ
349 1085 409 1140 δὲ
437 1085 535 1157 τὴν
559 1087 623 1138 ὲκ
645 1084 870 1159 λουτροῦ
899 1085 1316 1155 παλιγγενεσίαν
1340 1088 1448 1150 πᾶς
1475 1086 1575 1159 μὲν
1598 1086 1763 1143 καθα-

174 1176 273 1251 ρὸς
302 1177 420 1234 ἀπὸ
462 1177 654 1251 ῥύπου,
687 1179 717 1232 6
756 1178 1037 1251 γεννηθεὶς
1087 1178 1294 1234 ἄνωθεν
1327 1178 1387 1244 ἐξ
1430 1178 1618 1245 ὓδατος
1663 1179 1760 1233 καὶ

169 1270 511 1344 πνεύματος,
560 1272 645 1326 ἵνα
686 1272 962 1345 τολμήσας
1001 1273 1160 1338 εἴπω,
1190 1273 1430 1345 καθαρὸς
1469 1292 1489 1325 ι
1534 1273 1601 1327 δι’
1641 1272 1763 1326 ἐσό-

169 1382 388 1437 πτρου,
448 1366 543 1421 καὶ
593 1368 652 1421 ὲν
694 1366 1010 1439 αἰνίγματι·
1056 1386 1076 1418 ι
1126 1367 1266 1422 κατὰ
1332 1366 1389 1421 δὲ
1450 1365 1548 1438 τὴν
1594 1365 1759 1439 ἄλλην

169 1456 623 1526 παλιγγενεσίαν,
665 1475 684 1509 ι
724 1458 851 1513 ὅταν
884 1458 1084 1533 καθίσῃ
1112 1460 1142 1513 ό
1184 1456 1317 1523 Tib;
1344 1458 1438 1513 τοῦ
1469 1456 1757 1531 ἀνθρώπου

167 1549 265 1602 ἐπὶ
294 1548 491 1620 θρόνου
519 1549 678 1621 δόξης
715 1551 902 1619 αὐτοῦ,
950 1571 969 1604 ι
1007 1553 1117 1617 πᾶς
1147 1552 1177 1605 ό
1208 1553 1288 1615 είς
1319 1551 1418 1623 τὴν
1450 1552 1509 1605 ὲν
1536 1550 1758 1623 Χριστῷ

166 1639 600 1709 παλιγγενεσίαν
646 1640 862 1714 ἐκείνην
917 1643 1128 1713 φθάσας
1172 1642 1559 1716 καθαρώτατος
1610 1645 1757 1697 ἐστιν

160 1731 277 1786 ἀπὸ
309 1731 488 1804 ῥύπου
517 1750 536 1785 ι
577 1732 865 1804 πρόσωπον
901 1732 1038 1806 πρὸς
1068 1732 1376 1806 πρόσωπον,
1412 1753 1431 1787 t
1462 1734 1556 1788 nati.
1597 1732 1757 1797 αὐτὸς

160 1823 255 1879 διὰ
284 1821 519 1895 λουτροῦ
555 1822 971 1893 παλιγγενεσίας
1018 1823 1234 1894 φθάνων
1276 1824 1362 1880 ἐπ’
1403 1823 1618 1896 ἐκείνην
1658 1823 1756 1896 τὴν

1863 624 2231 696 generationis
2270 635 2472 683 nostra:
2525 629 2865 700 mysterium,
2897 647 3063 703 super
3108 653 3214 707 qua
3264 658 3437 699 unus-

1861 715 2095 787 quisque
2124 732 2357 775 nascens
2400 733 2666 790 usurpare
2712 731 2889 791 potest
2930 726 3076 796 quod
3132 729 3184 784 in
3228 734 3436 801 psalmo

1862 805 2312 878 quinquagesimo
2347 810 2426 864 ait
2456 808 2633 866 David.
2662 812 2746 868 his
2779 815 2958 873 verbis
2983 817 3029 851 ⁸⁸
3062 836 3077 875 :
3111 837 3130 872 ι
3163 821 3432 889 Quoniam

1859 899 2027 972 683
2046 900 2096 955 in
2119 901 2496 973 iniquitatibus
2525 917 2821 977 conceptus
2842 926 2984 976 sunt,
3025 920 3081 967 et
3106 914 3159 969 in
3196 918 3434 985 peccatis

1860 992 2107 1062 concepit
2132 1008 2221 1049 me
2244 1004 2418 1050 mater
2440 1011 2581 1063 mea;
2606 1015 2625 1049 ι
2647 1007 2704 1051 at
2735 999 2787 1053 in
2819 1003 3224 1070 regeneratione
3244 1021 3339 1075 per
3361 1008 3443 1065 la-

1859 1099 2103 1150 vacrum,
2125 1086 2438 1157 quicunque
2459 1098 2748 1159 generatus
2766 1090 2929 1148 fuerit
2951 1110 3185 1166 superne
3206 1114 3273 1154 ex
3294 1115 3438 1171 aqua

1860 1183 1914 1229 et
1941 1175 2160 1246 spiritu,
2188 1179 2426 1234 mundus
2458 1180 2562 1236 erit
2609 1197 2640 1236 a
2670 1183 2946 1251 sordibus,
2977 1197 3053 1253 et,
3084 1197 3142 1243 ut
3178 1186 3441 1247 audacter

1859 1266 2073 1338 loquar.
2103 1271 2343 1327 mundus
2370 1289 2390 1323 ι
2413 1288 2510 1343 per
2534 1275 2815 1342 speculum
2838 1286 2891 1332 et
2910 1277 2964 1332 in
2989 1276 3275 1352 amigmatc
3298 1282 3378 1351 ";
3409 1303 3431 1337 ο

1861 1373 2048 1413 verum
2082 1359 2138 1415 in
2168 1360 2272 1416 alia
2308 1366 2739 1433 regeneratione,
2788 1385 2808 1420 ι
2846 1383 2972 1423 cum
3016 1372 3218 1427 sederit
3264 1372 3437 1433 Filius

1861 1449 2101 1537 hominis
2119 1453 2171 1507 in
2191 1454 2390 1509 throno
2412 1456 2713 1526 maiestatis
2729 1475 2843 1515 sua:
2866 1461 2947 1529 ⁸⁸;
2987 1481 3005 1516 ι
3028 1465 3341 1537 quicunque
3366 1470 3437 1524 ad

1860 1536 2004 1602 hanc
2045 1542 2096 1594 in
2142 1540 2365 1599 Christo
2398 1549 2863 1617 regenerationem
2906 1557 3232 1622 pervenerit,
3256 1536 3438 1615 mun—

1859 1630 2122 1688 dissimus
2149 1634 2253 1690 erit
2274 1651 2304 1690 a
2334 1637 2590 1695 sordibus
2612 1658 2630 1692 ι
2662 1639 2799 1697 l‘acie
2824 1642 2892 1697 ad
2923 1642 3114 1700 faciem
3155 1647 3223 1715 ⁸⁸,
3257 1667 3275 1702 ι
3307 1666 3433 1707 cum

1858 1732 1913 1777 et
1944 1723 2058 1793 ipse
2092 1726 2234 1782 hanc
2273 1730 2733 1808 regenerationem
2764 1750 2861 1805 per
2901 1736 3177 1794 lavacrum
3208 1757 3435 1814 regene-

1861 1815 2091 1872 rationis
2122 1816 2287 1874 fuerit
2328 1820 2577 1891 adeptus.
2622 1822 2717 1881 Sin
2757 1827 3032 1885 lavacrum
3075 1832 3205 1888 illud
3245 1836 3434 1891 animo

164 1914 616 1985 παλιγγενεσίαν.
644 1917 708 1969 Εἰ
726 1915 781 1970 δὲ
808 1914 991 1986 βούλει
1012 1915 1073 1969 τὸ
1101 1914 1322 1988 λουτρὸν
1348 1917 1522 1970 ἐκεῖνο
1546 1916 1753 1988 νοῆσαι,

1858 1905 2161 1979 intelligere
2191 1910 2296 1976 vis,
2332 1912 2457 1968 vide
2492 1916 2769 1984 quomodo
2812 1917 3054 1978 Joannes
3098 1942 3118 1976 ι
3152 1924 3434 1996 baptizans

163 2005 331 2072 σύνες
358 2006 479 2072 πῶς
517 2007 790 2078 Ἰωάννης,
819 2026 838 2060 ι
873 2009 903 2061 ό
922 2006 979 2061 ὲν
1008 2007 1160 2062 ὕδατι
1193 2007 1468 2079 βαπτίζων
1490 2010 1571 2073 είς
1593 2009 1759 2080 μετά-

161 2117 345 2164 νοιαν,
379 2119 402 2154 ι
438 2100 586 2170 λέγει
611 2101 738 2173 περὶ
775 2100 870 2154 τοῦ
907 2100 1161 2172 Σωτῆρος
1197 2102 1287 2155 τό·
1343 2120 1361 2153 ι
1396 2101 1570 2166 Αὐτὸς
1613 2103 1759 2175 ὑμᾶς

160 2189 429 2264 βαπτίσει
458 2194 518 2248 ὲν
562 2192 840 2265 Πνεύματι
871 2191 1011 2264 ἁγίῳ
1035 2193 1130 2248 καὶ
1159 2192 1310 2265 πυρί.
1350 2212 1370 2246 ι
1421 2194 1508 2247 Ἐν
1538 2194 1635 2264 μὲν
1663 2190 1757 2248 οῦν

160 2286 227 2355 τῇ
262 2284 357 2339 διά
390 2284 618 2358 λουτροῦ
652 2283 1044 2356 παλιγγενεσία
1093 2286 1473 2358 συνετάφημεν
1506 2286 1584 2357 τῷ
1625 2288 1667 2339 Χ
1678 2304 1756 2360 ρι-

160 2374 297 2447 στῷ.
328 2395 349 2429 ι
387 2376 774 2449 Συνετάςρημεν
801 2375 910 2448 γὰρ
935 2376 1105 2449 αὐτῷ,
1147 2396 1166 2431 ι
1199 2377 1341 2432 κατά
1368 2378 1459 2433 τὸν
1503 2379 1758 2433 Ἀπόστο-

122 2511 127 2514 .
158 2468 272 2536 λον,
319 2487 341 2522 ι
373 2468 477 2525 διὰ
504 2468 601 2524 τοῦ
644 2469 1049 2544 βαπτίσματοςο
1090 2491 1109 2524 t
1142 2472 1200 2525 ἐν
1228 2471 1286 2525 δὲ
1312 2475 1378 2544 τῇ
1406 2471 1499 2526 τοῦ
1530 2472 1619 2527 διά
1653 2489 1758 2526 πυ-

160 2562 256 2635 ρδς
288 2564 391 2618 καὶ
420 2564 726 2636 πνεύματος
755 2564 980 2637 λουτροῦ
1013 2563 1419 2636 παλιγγενεσία,
1445 2564 1755 2638 σύμμορφοι

158 2656 436 2729 γινόμεθα
460 2657 539 2730 τῷ
584 2658 798 2729 σώματι
824 2660 923 2730 τῆς
950 2657 1108 2729 δόξης
1152 2658 1246 2713 τοῦ
1285 2657 1545 2731 Χριστοῦ,
1595 2657 1757 2713 καθε-

160 2746 385 2820 ζομένῳ
433 2749 527 2803 ἐπὶ
552 2749 742 2820 θρόνου
780 2748 939 2821 δόξης
978 2749 1167 2814 αὐτοῦ,
1214 2751 1309 2804 καὶ
1344 2751 1503 2804 αὐτοὶ
1532 2751 1758 2819 καθεζό-

163 2856 324 2911 μενοι
363 2839 459 2893 ὲπὶ
501 2838 567 2891 ιδ’
595 2838 846 2912 θρόνους·
886 2840 937 2893 εί
963 2838 1060 2894 καὶ
1095 2837 1326 2908 ἀφέντες
1354 2839 1531 2893 πάντα
1566 2840 1759 2893 ὁποτε-

163 2926 402 3000 ρωσοῦν,
438 2927 636 3000 μᾶλλον
675 2928 734 2982 δὲ
763 2927 904 2984 κατὰ
933 2926 995 2982 τὸ
1036 2924 1280 2998 λουτρὸν,
1313 2923 1757 2996 ἠκολουθήσαμέν

164 3035 268 3075 σοι.
307 3019 445 3074 Τότε
489 3020 546 3075 δὲ
584 3019 713 3074 ὅταν
745 3018 944 3094 καθίσῃ
975 3020 1005 3073 ό
1052 3019 1181 3082 Υἱὸς
1206 3017 1300 3072 τοῦ
1329 3014 1615 3091 ἀνθρώπου
1661 3016 1758 3070 ὲπί

161 3107 363 3182 θρόνου
386 3107 547 3182 δόξης
568 3109 757 3175 αὑτοῦ,
783 3109 1089 3182 πληροῦται
1111 3111 1145 3180 ή
1171 3108 1406 3177 λέγουσα
1431 3107 1753 3179 προφητεία·

166 3219 186 3252 ι
223 3194 407 3255 Εἶπεν
448 3201 477 3253 ὁ
510 3200 713 3274 Κύριος
743 3199 820 3272 τῷ
845 3200 1036 3274 Κυρίῳ
1076 3217 1205 3272 μου⁹
1247 3199 1432 3254 Κάθου
1460 3201 1525 3254 ὲκ
1567 3197 1757 3266 δεξιῶν

163 3309 294 3365 μου,
315 3292 424 3358 ἕως
451 3291 518 3348 ἂν
545 3293 623 3347 θῶ
648 3295 775 3358 τοὺς
813 3292 1043 3366 ἐχθρούς
1075 3309 1170 3348 σου
1204 3292 1490 3348 ὑποπόδιον
1519 3291 1630 3347 τῶν
1656 3309 1751 3346 πο-

161 3389 269 3445 δῶν
305 3406 439 3445 σου·
476 3408 498 3443 ι
536 3390 630 3445 καὶ
659 3389 746 3444 τό’
784 3408 804 3443 ι
837 3391 930 3445 Δεῖ
957 3388 1118 3445 αὐτὸν
1151 3388 1473 3461 βασιλεύειν,
1505 3387 1663 3461 ἄχρις
1692 3382 1752 3444 οῦ

158 3481 227 3536 ἂν
254 3483 330 3555 θῇ
362 3483 573 3547 πάντας
591 3483 718 3550 τοὺς
756 3481 985 3555 ἐχθροὺς
1026 3481 1131 3536 ὑπὸ
1156 3482 1282 3547 τοὺς
1315 3481 1482 3547 πόδας
1508 3480 1693 3546 αὐτοῦ,
1726 3499 1745 3534 ι

161 3572 267 3638 ἕως
299 3566 366 3627 οὗ
398 3592 418 3626 ι
454 3575 482 3627 ό
502 3573 726 3645 ἔσχατος
752 3573 863 3646 (85)
891 3573 1085 3647 ἐχθρὸς
1107 3572 1334 3637 θάνατος
1354 3572 1694 3645 καταργηθῇ,
1725 3592 1744 3627 ι

158 3660 222 3719 οὒ
252 3666 718 3738 καταργηθέντος,
761 3666 945 3721 οὐκέτι
986 3666 1139 3720 ἔσται
1183 3666 1290 3738 πρὸ
1321 3664 1616 3738 προσώπου
1642 3664 1751 3721 τῶν

165 3758 493 3829 σωζομένων
520 3758 748 3824 θάνατος
778 3759 912 3830 (86),
947 3758 1082 3814 ἀλλὰ
1121 3759 1255 3830 μόνη
1291 3756 1403 3829 ζωὴ
1438 3759 1471 3829 ἡ
1505 3774 1754 3811 πιστευο-

166 3849 345 3921 μένη·
407 3849 637 3907 θανάτου
688 3851 787 3923 μὲν
815 3850 921 3923 γὰρ
964 3850 1119 3915 hnc;
1169 3848 1279 3923 πρὸ
1322 3848 1644 3923 προσώπου.
1682 3848 1751 3902 δι’

163 3944 380 3998 ἐκεῖνον
407 3944 719 3999 ἀπιστεῖται
746 3944 852 4001 ὑπὸ
886 3943 995 3998 τῶν
1034 3942 1420 4016 κρατουμένων
1463 3943 1554 3995 ὑπ’
1588 3938 1751 3995 αὑτοῦ

1860 1996 1915 2052 in
1951 2013 2091 2069 aqua
2115 2000 2168 2054 in
2198 2002 2576 2071 ptrnitentiam
2602 2006 2670 2073 ’°,
2706 2025 2726 2060 ι
2755 2007 2823 2063 de
2855 2007 3146 2070 Servatore
3182 2014 3312 2072 dicit
3336 2017 3378 2050 "
3409 2034 3430 2074 :

1867 2108 1887 2143 ι
1925 2089 2045 2162 Ipse
2066 2108 2164 2149 vos
2190 2094 2486 2165 baptizabit
2514 2097 2571 2153 in
2604 2097 2810 2169 Spiritu
2840 2113 3032 2160 sancto
3060 2116 3114 2162 et
3147 2108 3279 2178 igni.
3312 2129 3332 2162 ι
3371 2108 3433 2166 ltt

1859 2184 2274 2252 regeneratione
2316 2201 2448 2257 ergo
2479 2203 2575 2258 per
2603 2189 2878 2247 lavacrum
2921 2210 3045 2250 cum
3078 2196 3300 2255 Christo
3338 2216 3431 2257 se-

1858 2273 1995 2342 pulti
2024 2290 2215 2331 sumus
2240 2294 2256 2345 ;
2288 2297 2307 2329 ι
2344 2280 2654 2350 consepulti
2674 2282 2820 2337 enim
2846 2300 3038 2341 sumus
3066 2302 3190 2343 eum
3221 2289 3314 2345 illo
3335 2304 3435 2361 per

1844 2367 2212 2437 baptismum,
2251 2391 2270 2423 ι
2299 2371 2455 2441 juxta
2487 2372 2808 2444 Apostolum
2836 2378 2903 2433 ⁸⁸.
2929 2378 2987 2433 lu
3021 2379 3220 2435 lavacri
3248 2391 3432 2441 autem

1856 2463 2269 2530 regeneratione
2315 2480 2412 2535 per
2461 2465 2662 2534 ignem,
2714 2478 2769 2524 ct
2811 2469 3073 2540 Spiritum
3120 2472 3186 2538 ’³,
3214 2480 3433 2547 corpori

1858 2552 2047 2623 gloriae
2066 2554 2293 2623 Christi,
2320 2557 2532 2612 sedenti
2562 2573 2728 2631 super
2750 2560 2934 2617 sedem
2962 2564 3265 2635 maiestatis
3295 2582 3431 2634 sua),

1858 2661 1960 2702 nos
1979 2662 2216 2720 quoque,
2250 2653 2499 2710 sedentes
2535 2669 2699 2724 super
2724 2656 3008 2712 duodecim
3033 2658 3280 2725 thronos,
3300 2676 3436 2717 con-

1858 2738 2062 2797 formes
2114 2741 2416 2811 ellicimur;
2470 2746 2516 2802 si
2580 2748 2745 2802 modo
2790 2750 3045 2808 omnibus
3102 2769 3437 2826 quacunque

1856 2834 2076 2889 tandem
2107 2832 2338 2901 ratione,
2363 2839 2455 2894 sed
2486 2842 2757 2912 praecipue
2786 2858 2882 2913 per
2906 2844 3176 2900 lavacrum
3207 2847 3430 2915 relictis,

1858 2934 1910 2982 te
1932 2925 2199 2984 fuerimus
2231 2930 2424 2985 secuti.
2470 2930 2625 2988 Tunc
2658 2942 2837 2989 autem
2875 2954 2895 2985 ι
2943 2951 3067 2990 cum
3103 2937 3307 2993 sederit
3339 2938 3435 2997 Fi-

1856 3018 1966 3076 lius
2000 3020 2238 3078 hominis
2264 3022 2315 3077 in
2357 3022 2487 3079 sede
2521 3025 2821 3094 majestatis
2845 3042 2959 3083 sua:
2982 3028 3048 3094 “,
3080 3048 3100 3080 ι
3134 3030 3432 3100 ettplicabi-

1858 3121 1947 3167 tur
1971 3115 2251 3185 prophetia
2297 3116 2486 3173 dicens
2526 3118 2617 3173 ":
2656 3136 2674 3169 ι
2717 3116 2862 3173 Dixit
2902 3118 3169 3175 Dominus
3199 3120 3434 3179 Domino

1783 3239 1825 3296 ο
1861 3222 1984 3262 meo
2015 3225 2028 3262 :
2067 3206 2205 3264 Sede
2248 3224 2278 3263 a
2308 3209 2515 3266 dextris
2558 3210 2713 3276 meis,
2743 3211 2918 3268 donec
2954 3228 3150 3282 ponam
3179 3212 3434 3272 inimicos

1861 3306 1983 3352 tuos
1999 3298 2296 3353 scabellum
2322 3300 2518 3369 pedum
2548 3309 2798 3369 tuorum;
2825 3322 2844 3356 ι
2872 3314 2926 3358 et
2949 3303 3078 3358 illud
3094 3304 3141 3336 “
3172 3323 3184 3359 :
3210 3322 3229 3355 ι
3254 3301 3434 3376 Opera

1856 3397 1932 3445 tet
1956 3390 2111 3444 illum
2143 3405 2393 3462 regnare,
2427 3392 2604 3448 donec
2632 3401 2800 3463 ponat
2830 3409 3020 3450 omnes
3052 3394 3306 3452 inimicos
3329 3397 3435 3454 sub

1856 3484 2085 3555 pedibus
2106 3487 2278 3556 ejus,i
2310 3486 2484 3542 donec
2506 3504 2525 3537 ι
2553 3487 2848 3542 ttovissima
2867 3487 3087 3543 inimica
3117 3488 3435 3547 destruatur

1855 3592 2043 3645 mors;
2083 3597 2103 3631 ι
2152 3593 2261 3648 qua
2302 3577 2582 3635 destructa
2626 3578 2741 3651 jam
2785 3595 2896 3634 non
2926 3581 3161 3651 amplius
3193 3580 3436 3638 ante't‘ao

1854 3667 1994 3722 ciem
2028 3683 2220 3723 eorum
2264 3669 2370 3724 erit
2403 3684 2574 3735 mors,
2614 3669 2710 3740 qui
2745 3669 2975 3725 salutem
3018 3671 3431 3741 adipiscuntur;

1855 3757 1950 3813 sed
1981 3757 2101 3813 sola
2142 3758 2252 3814 vita
2290 3773 2414 3829 quae
2438 3759 2682 3815 creditur
2715 3778 2729 3814 :
2767 3775 2893 3815 nam
2928 3776 3052 3815 cum
3079 3771 3206 3817 ante
3234 3761 3434 3818 facient

1854 3864 2004 3905 mors
2036 3858 2143 3915 est,
2190 3851 2300 3905 vita
2347 3860 2568 3922 propter
2607 3852 2755 3906 illam
2789 3852 2860 3907 ab
2899 3854 2966 3907 iis
3014 3868 3122 3908 non
3171 3856 3431 3919 creditur,

1853 3941 1949 4013 qui
2011 3941 2065 3995 in
2106 3941 2299 3997 mortis
2356 3952 2622 4012 potestate
2670 3951 2835 4011 sunt;
2890 3952 2946 3998 at
2999 3955 3171 4000 morte
3214 3946 3434 4004 destru-

165 4032 313 4107 ζωή·
372 4035 811 4108 καηργηθὲντος
860 4035 916 4091 δὲ
972 4034 1224 4100 θανάτου,
1278 4032 1591 4087 πιστεύεται
1649 4032 1755 4087 ὑπὸ

1858 4043 1945 4090 cta
1962 4074 1977 4100 ,
2002 4034 2167 4107 687
2197 4035 2306 4090 vita
2328 4035 2398 4090 ab
2420 4035 2678 4094 omnibus
2704 4037 2964 4092 creditur.
3021 4036 3078 4093 ιιι
3106 4038 3222 4110 lege
3250 4051 3433 4096 autem

1398 4149 1629 4207 VETUS
1660 4145 2236 4205 INTERPBETATIO.

166 4266 475 4348 secundum
506 4266 650 4337 quod
680 4266 759 4321 ait
791 4264 958 4348 David
993 4282 1056 4348 ex
1082 4282 1320 4348 persona
1347 4266 1592 4348 omnium
1626 4265 1966 4321 nascentium
1991 4265 2062 4320 ~ex
2091 4276 2268 4348 fame
2292 4271 2348 4348 et
2379 4263 2645 4334 sanguine
2677 4282 2747 4348 at
2780 4263 3049 4332 Quoniam
3083 4266 3430 4348 in_iniquita-

163 4341 319 4395 tibus
353 4334 650 4407 conceptus
679 4352 825 4403 sum,
856 4346 911 4392 et
930 4339 983 4393 in
1009 4334 1224 4394 delictis
1250 4337 1501 4408 concepit
1526 4349 1622 4391 me"
1645 4345 1820 4408 mater
1852 4351 1995 4390 mea.
2042 4354 2061 4387 ι
2091 4334 2403 4408 Secundum
2435 4335 2901 4408 regenerationem
2931 4346 3111 4391 autem
3138 4334 3433 4408 baptisma-

166 4412 261 4473 tis.
292 4410 475 4464 omnis
504 4404 720 4478 quidem
750 4416 835 4463 est
863 4408 1101 4480 mundus
1128 4423 1158 4462 a
1182 4409 1363 4480 sorde,
1392 4404 1483 4480 qui
1520 4414 1750 4480 renatus
1775 4405 2025 4480 fueritex
2059 4420 2200 4475 aqua
2240 4411 2295 4458 et
2321 4404 2519 4474 spiritu
2555 4422 2568 4458 :
2599 4411 2658 4480 ut
2691 4406 2950 4462 audacter
2993 4404 3428 4480 autenr'dicatu,

169 4480 416 4536 mundus
444 4475 538 4534 est
559 4499 578 4529 ι
618 4494 715 4549 per
742 4479 1020 4547 speculum
1052 4477 1108 4533 in
1139 4475 1445 4550 aenigmate.
1488 4496 1517 4550 r
1541 4476 1850 4550 Secundum
1886 4477 2099 4533 tertiam
2126 4486 2309 4550 autem
2344 4475 2837 4550 regenerationem,
2859 4479 3081 4550 quando
3110 4477 3312 4534 sederit
3340 4475 3433 4534 Pio

168 4552 279 4608 lius
321 4550 560 4604 hominis
586 4545 640 4603 in
677 4545 805 4620 sede
838 4550 1022 4620 gloriae
1054 4564 1187 4620 suae,
1223 4545 1403 4604 o'mnis
1429 4548 1523 4620 qui
1564 4549 1618 4602 in
1659 4547 1807 4620 illam
1839 4546 2303 4620 regenerationem
2331 4545 2692 4620 veneritqua:
2720 4556 2804 4601 est
2825 4545 2891 4620 in
2915 4546 3157 4620 Christo,
3183 4550 3434 4605 mundis~

167 4623 350 4677 simus
375 4622 478 4676 erit
509 4636 538 4675 a
568 4619 750 4691 sorde,
780 4615 1007 4691 et'l'acie
1034 4621 1087 4674 in
1114 4615 1306 4691 [aciem
1336 4615 1559 4683 videbit,
1586 4626 1642 4672 et
1678 4618 1795 4688 ipse
1819 4615 1924 4691 per
1939 4619 2222 4691 lavacrum
2253 4615 2683 4691 regenerationis
2718 4617 2943 4691 veniens
2967 4619 3239 4691 adipisan
3277 4634 3433 4691 rege-

170 4693 533 4748 nerationem.
576 4690 632 4746 Si
666 4698 847 4745 autent
876 4691 961 4761 vis
998 4690 1297 4761 intelligere
1329 4690 1459 4761 illud
1495 4683 1794 4761 lavacrum,
1820 4683 2064 4761 intelligo
2110 4683 2389 4761 quomodo
2414 4683 2691 4761 _Joannes,
2733 4705 2752 4738 ι
2790 4690 2842 4742 in
2873 4704 3014 4761 aqua
3048 4683 3431 4761 baptizans'in

84 4766 94 4774 ’
168 4764 579 4834 penitentiam,
625 4780 643 4814 ι
680 4761 810 4834 dicit
841 4762 915 4834 de
940 4755 1243 4834 Salvatore,
1278 4760 1538 4834 quoniam
1579 4778 1597 4810 ι
1637 4758 1879 4834 lpsevos
1908 4755 2204 4834 bap’tizabit
2238 4758 2291 4810 in
2320 4755 2540 4834 Spiritu
2572 4767 2763 4813 sancto
2785 4768 2853 4834 _et
2884 4755 2939 4834 iii
2986 4755 3133 4831 igne.
3172 4778 3214 4834 ιΔ
3236 4758 3433 4834 Ιιιᾼῇβια

169 4826 305 4904 Ergo
335 4826 744 4904 regenerationc
773 4832 1121 4902 baptismatis
1153 4826 1460 4904 consepulti
1496 4826 1699 4904 sumus
1718 4829 1940 4904 Christo
1968 4826 2271 4904 secundum
2305 4826 2624 4904 Apostolutn
2654 4826 3113 4904 perbaptism'um
3146 4830 3256 4904 :_in
3275 4829 3431 4904 illius

171 4897 359 4960 autem
399 4897 819 4972 regeneratione
846 4897 1230 4973 'baptismatis,
1255 4897 1401 4971 quod
1431 4902 1533 4956 erit
1565 4902 1619 4973 in
1667 4900 1874 4971 Spiritu
1905 4909 1976 4973 et_
2005 4900 2057 4954 in
2078 4901 2236 4973 igne,
2282 4897 2596 4973 conferuues
2636 4897 2935 4973 elﬁciem'ur
2977 4899 3193 4970 corpori
3239 4900 3433 4973 gloria:

169 4975 380 5031 Christi
409 4970 648 5029 sedentis
673 4974 727 5027 in
755 4974 882 5028 sede
907 4970 1093 5044 glorize
1117 4988 1248 5033 suae.
1272 4970 1325 5027 et
1352 4972 1457 5043 ipsi
1482 4970 1734 5044 sedentes
1766 4986 1929 5041 super
1947 4971 2233 5044 duodecim
2260 4970 2509 5044 thronos,
2543 4970 2591 5024 si
2623 4979 2801 5044 tamen
2828 4970 3194 5044 relinquentes
3223 4971 3430 5044 omnia,

173 5044 483 5101 secundum
508 5053 797 5113 utramque
827 5038 1328 5113 intérpretationem
1362 5038 1614 5112 superius
1641 5038 1862 5106 factam]
1895 5043 2068 5113 magis
2094 5050 2275 5095 autem
2304 5039 2461 5113 juxta
2490 5042 2809 5113 secundam,
2838 5041 3012 5113 secuti
3039 5055 3231 5095 sumus
3262 5038 3431 5113 Chri-

174 5126 346 5171 stum.
394 5114 549 5170 Tunc
587 5110 769 5169 autem
809 5129 935 5169 cum
971 5110 1155 5169 Ἐἰιίιις
1205 5110 1447 5168 hominis
1494 5113 1696 5169 sederit
1738 5113 1793 5166 in
1842 5113 1969 5167 sede
1994 5110 2200 5181 gloria:
2251 5127 2386 5176 suae,
2421 5110 2732 5179 implebitur
2765 5111 3046 5181 prophetia
3091 5124 3214 5179 quae
3247 5110 3377 5165 dicit
3409 5127 3427 5165 :

178 5204 200 5238 σ
220 5186 367 5241 Dixit
388 5184 649 5241 Dominus
673 5184 903 5240 Domino
927 5200 1084 5241 meo:
1112 5184 1250 5240 Sede
1279 5199 1307 5239 a
1326 5183 1533 5239 dextris
1559 5184 1714 5248 meis,
1738 5183 1911 5237 donec
1926 5179 2124 5251 ponam
2159 5181 2411 5236 inimicos
2432 5190 2556 5236 tuos
2588 5179 2885 5235 scabellum
2914 5179 3109 5250 pedum
3130 5190 3377 5251 tuorum;
3402 5196 3426 5233 ι

173 5267 224 5311 et
248 5275 263 5311 :
290 5275 309 5310 ι
343 5255 499 5310 Tum:
529 5263 743 5325 oportet
767 5270 893 5311 eum
920 5270 1169 5327 regnare,
1187 5254 1360 5327 donec
1389 5255 1721 5327 ponatiDeus
1751 5249 1943 5327 omnes
1963 5253 2213 5308 inimicos
2237 5266 2369 5327 suos
2397 5251 2500 5327 sub
2528 5252 2752 5327 pedibus
2769 5249 3105 5327 suis,’donec
3136 5249 3433 5327 novissima

174 5327 403 5383 inimica
450 5319 599 5382 mors
638 5319 1034 5383 destruaturf)
1072 5319 1191 5393 Qua
1222 5319 1519 5390 destructa,
1550 5326 1663 5395 jam
1694 5341 1801 5380 non
1828 5324 1932 5379 erit
1958 5338 2109 5379 mors
2151 5333 2277 5378 ante
2315 5319 2911 5387 iaciem'salvatorum,
2941 5321 3036 5376 sed
3075 5321 3192 5376 sola
3221 5319 3434 5376 credita

245 5424 293 5457 ⁸⁸
331 5420 440 5479 Job
490 5438 600 5488 xtv,
628 5423 682 5490 4,
719 5422 773 5479 5.
849 5422 897 5456 ⁸⁸
931 5421 1075 5477 Psal.
1106 5438 1159 5484 ι,
1196 5422 1250 5476 7.
1355 5421 1399 5454 ⁸⁷
1438 5421 1613 5477 lCor.
1646 5436 1756 5476 χιιι,

1858 5424 1886 5474 l.
1961 5420 2007 5452 ⁸⁸
2045 5417 2238 5490 Matth.
2267 5433 2382 5490 nx,
2405 5417 2532 5490 ᾷὸη
2572 5417 2617 5450 ⁸³
2657 5413 3075 5490 lCor.xttt_,_12.
3148 5414 3195 5447 ⁸⁸
3235 5412 3429 5490 Matth.

171 5509 258 5563 tn,
295 5495 387 5551 ll.
462 5483 680 5550 "ibid:
727 5492 1104 5561 "Rom.vt,4.
1150 5483 1153 5484 ⁷
1182 5491 1428 5564 "Philip.
1460 5509 1540 5558 ttt,
1568 5493 1660 5548 2i.
1737 5493 1783 5525 ’³
1801 5491 1989 5547 Matth.
2021 5506 2136 5555 χιχ,
2162 5489 2252 5544 ‘28.
2327 5489 2374 5521 ”
2410 5488 2558 5545 Psal.
2588 5502 2706 5553 εις,
2738 5488 2789 5541 l.
2865 5484 3090 5541 “lCor.
3116 5500 3205 5550 xv,
3233 5483 3430 5556 25,26_

249 5585 364 5659 (85)
384 5583 586 5659 Codex
615 5583 839 5659 Regius,
867 5583 973 5650 ἓως
997 5578 1058 5639 οὗ
1081 5586 1110 5638 ό
1128 5584 1374 5656 ἔσχατος.
1398 5584 1752 5655 Anglicanus,

1860 5591 2110 5659 vertunt,
2161 5600 2181 5633 ι
2211 5597 2390 5659 mors;
2438 5598 2483 5659 ι-
2504 5580 2725 5659 έςῃιὶιιι,
2774 5596 2794 5631 ι
2823 5580 3029 5659 pestis;
3068 5599 3089 5633 ι
3137 5577 3430 5659 ιοηιιιιιιῃ.

175 5649 627 5725 εωςδΕσχατος.
700 5649 726 5659 ⁷
825 5649 833 5652 ⁷
955 5649 963 5650 ί
1192 5649 1226 5656 ’⁷
1406 5649 1513 5725 ,⁷
1608 5722 1616 5725 Α
1716 5649 1748 5725 γ’

1866 5672 1887 5705 ι
1918 5653 2142 5725 angelus
2164 5652 2390 5725 mortis;
2422 5649 2603 5725 ιΙιΧΧ
2628 5649 2853 5725 autem}
2882 5651 2996 5725 Πρὸ
3020 5650 3313 5725 προσάξων
3338 5651 3437 5706 αὐ-

249 5727 364 5798 (86)
407 5720 616 5783 σῦκέτι
648 5728 821 5783 ἔσται
848 5725 963 5798 πρὸ
984 5725 1311 5798 ,προσώπου
1346 5724 1472 5798 τῶν
1505 5722 1756 5798 σωζῖιμέ-

1863 5724 1958 5798 τοῦ
1995 5720 2334 5798 πορεύσεται
2377 5722 2554 5791 λόγος,
2589 5720 3149 5791 ψιειιιιιιὶιιιοάιιιιιόι
3180 5720 3436 5798 Theodo-

180 5794 305 5853 rei?
332 5799 607 5865 θάνατος.
647 5798 854 5853 Allttdit
875 5797 941 5851 ad
981 5794 1183 5853 llabac.
1215 5813 1299 5863 ιιι,
1342 5797 1376 5853 5
1405 5814 1420 5851 :
1456 5814 1475 5847 ι
1506 5794 1756 5851 Anteia-

1867 5797 1943 5852 tio
1964 5838 1980 5864 ,
2030 5808 2084 5850 et
2114 5794 2308 5848 Arabs.
2336 5802 2450 5852 ἠε-ι
2479 5807 2693 5865 nempe,
2722 5808 2821 5862 pro
2846 5804 3171 5865 punctorum
3203 5794 3439 5850 varieta-

183 5869 321 5925 ciem
362 5869 485 5941 ejus
531 5862 649 5935 ibit,
691 5888 711 5920 ι
753 5878 867 5930 ’πε-ι
906 5862 1291 5940 Symmachus,
1318 5877 1368 5924 et
1396 5867 1756 5938 Hieronymus

1867 5876 1942 5935 te,
1966 5862 1997 5917 ⁷(
2027 5873 2278 5931 mortem,
2309 5883 2327 5916 ι
2362 5875 2418 5922 et
2447 5883 2467 5917 ι
2499 5864 2723 5921 verbum
2753 5883 2773 5917 ι
2802 5862 3093 5936 signiﬁcat.
3122 5862 3382 5921 Hum-ws.

507 5967 780 6029 PATROL.
825 5966 941 6029 Οιι.
976 5964 1151 6027 ΧΠΙ.
3046 5958 3125 6019 1ιὲ
3210 6046 3217 6053 ,
