3954 6544
225 470 247 526 Ι
261 470 377 529 329

1181 467 1539 526 COMMENT.
1581 468 1650 526 IN
1687 468 2102 527 MATTHASUM
2141 468 2379 527 TOMUS
2414 467 2530 526 XV.

3351 469 3372 522 1
3383 466 3492 524 350

217 587 377 661 ζωὴν
408 586 696 660 μακάριον,
728 587 1014 653 τοσούτους
1031 587 1250 660 ἔχοντας
1279 588 1646 662 κληρονόμους
1676 589 1795 660 (97)

1915 601 2022 656 tur,
2048 606 2172 646 cum
2206 587 2464 659 suscipiet
2497 585 2712 652 eam";
2747 605 2764 638 ι
2794 583 2867 640 ita
2900 593 2959 639 ut
2982 584 3266 640 domorum
3306 585 3396 642 hic
3417 585 3494 642 si-

219 679 327 733 καὶ
378 677 616 733 τοσαῦτα
671 679 862 751 δένδρα
905 681 1011 734 ὑπὸ
1050 681 1183 734 Θεοῦ
1239 684 1625 756 γεωργούμενα
1649 726 1663 750 ,
1716 686 1808 739 καὶ

214 769 403 836 (οἰκίας
455 771 521 823 ὲκ
571 770 731 825 λίθων
785 771 1022 838 ζώντων,
1071 773 1130 826 ὲν
1159 769 1247 840 αἷς
1295 777 1668 830 ἀναπαύσεται
1701 779 1805 842 πᾶς

213 860 374 926 ὅστις
410 862 622 934 ἀφῆκεν
643 862 921 933 ἀδελφοὺς,
950 865 982 935 ἢ
1015 865 1268 934 ἀδελφὰς,
1305 869 1398 921 καὶ
1424 869 1492 922 τὰ
1519 868 1699 923 λοιπά.

1913 691 2090 738 tarum
2141 682 2508 738 bzereditatem
2563 676 3003 734 nanciscentibus
3052 675 3157 731 dici
3203 676 3375 747 possit
3396 677 3441 709 ¹⁶
3470 690 3504 733 ιν

1919 794 1937 827 ι
1975 774 2126 830 Sicut
2161 773 2492 838 audivimus,
2523 773 2601 828 sic
2635 771 2869 827 vidimus
2921 771 2974 825 in
3023 769 3240 825 civitate
3274 767 3493 827 Domini

1914 869 2200 933 virtutum,
2245 867 2298 922 in
2339 867 2558 923 civitate
2603 865 2696 919 Dei
2740 864 2950 931 nostri;
2993 883 3011 916 ι
3046 863 3112 920 de
3141 878 3245 934 qua
3280 875 3332 919 et
3358 865 3489 919 illud

213 957 489 1012 dicitur"
523 977 536 1014 :
570 978 589 1012 ι
623 957 941 1015 Distribuite
981 960 1174 1017 domos
1207 964 1347 1033 ejus.
1397 984 1415 1016 ι
1474 963 1569 1020 His
1625 964 1868 1036 profecto
1906 964 2310 1019 conditionibus
2366 963 2529 1018 vitam
2577 970 2833 1017 aeternam
2885 961 3168 1030 consequi,
3231 975 3355 1015 cum
3413 969 3502 1016 tot‘

213 1062 485 1116 agrorum
523 1049 825 1118 adeptione,
879 1057 957 1104 tot
1006 1050 1263 1106 arborum
1303 1069 1332 1108 a
1365 1052 1477 1109 Deo
1508 1055 1800 1123 cultarum,
1842 1056 2239 1125 domorumque
2267 1071 2298 1110 e
2331 1055 2465 1109 vivis
2514 1054 2781 1125 lapidibus
2815 1055 3204 1121 constantium,
3261 1054 3315 1110 in
3369 1057 3494 1126 qui-

211 1139 329 1196 bus
366 1142 672 1212 requiescet
703 1143 1014 1216 quicunque
1042 1145 1258 1215 fratres,
1291 1165 1596 1218 sororesve,
1627 1160 1680 1207 et
1716 1152 1921 1224 reliqua
1956 1151 2250 1216 dimiserit,
2285 1150 2598 1206 beatissima
2632 1166 2717 1206 res
2751 1159 2852 1205 est.

290 1237 454 1291 Μετὰ
479 1237 634 1292 τοῦτό
669 1240 786 1293 ἐστι
832 1240 892 1294 τό
914 1259 928 1272 ο
981 1261 999 1294 ι
1047 1243 1238 1297 Πολ).οὶ
1275 1243 1333 1298 δὲ
1363 1245 1576 1300 ἔσονται
1608 1248 1812 1319 πρῶτοι

210 1327 463 1399 ἔσχατοι,
491 1333 586 1386 καὶ
621 1332 839 1404 ἔσχατοι
869 1337 1094 1408 πρῶτοι.
1125 1356 1143 1388 ›
1178 1339 1288 1392 Καὶ
1315 1339 1472 1394 τοῦτο
1500 1341 1558 1395 δὲ
1580 1342 1691 1413 ἔχει
1711 1342 1810 1413 μέν

209 1439 345 1476 τινα
376 1424 516 1479 κατὰ
549 1426 610 1479 τὸ
635 1427 1002 1500 ἁπλούστερον
1036 1427 1178 1495 νοῦν,
1205 1431 1612 1504 προτρέψασθαι
1647 1433 1808 1489 δυνά-

214 1531 390 1586 μενον
417 1519 544 1581 τοὺς
574 1520 695 1590 ἄρτι
727 1521 1202 1592 προσερχομένους
1247 1521 1324 1594 τῷ
1369 1521 1498 1596 θείῳ
1535 1523 1678 1597 λόγῳ
1717 1526 1810 1580 ἐπὶ

210 1609 276 1661 τὸ
313 1610 568 1664 σπεύδειν
596 1610 683 1664 διὰ
705 1611 811 1665 τῶν
837 1615 1322 1686 προστεταγμένων
1345 1617 1627 1689 ἀναῦῆναι,
1659 1619 1808 1690 παρὰ

212 1701 453 1768 πολλοὺς
471 1703 578 1757 τῶν
611 1703 977 1776 νομιζομένων
1019 1707 1455 1779 ὲγγεγηρακέναι
1504 1713 1570 1782 τῇ
1606 1711 1805 1775 πίστει,

213 1794 312 1846 ἐπὶ
350 1795 442 1848 τὸν
483 1795 620 1867 ὑπὲρ
657 1797 853 1861 αὐτοὺς
886 1797 998 1868 βίον
1033 1799 1127 1852 καὶ
1163 1798 1354 1868 λόγον·
1397 1800 1473 1866 ὡς
1504 1803 1604 1856 οὐκ
1636 1802 1808 1874 ἐμπο-

1988 1245 2079 1301 26.
2135 1245 2192 1300 ιιι
2245 1246 2499 1317 deinceps
2546 1246 2807 1315 scriptum
2871 1255 3126 1315 prseterea
3181 1245 3488 1301 exstat”:

1891 1344 1940 1390 ἰ
1971 1335 2121 1391 Multi
2141 1347 2320 1392 autem
2349 1345 2508 1391 erunt
2539 1335 2723 1406 primi,
2757 1336 3072 1400 novissimi:
3100 1347 3151 1391 et
3183 1336 3488 1400 novissimi,

1914 1431 2092 1501 primi.
2131 1449 2150 1482 ι
2187 1431 2363 1500 Atque
2403 1429 2516 1484 hate
2548 1429 2788 1500 quidem,
2816 1429 2967 1499 juxta
3000 1429 3386 1498 simpliciorem
3410 1429 3492 1483 in-

1911 1523 2379 1592 ter-pretationem,
2409 1537 2630 1577 sensum
2679 1521 2967 1591 quemdam
3020 1519 3326 1583 ‘contincnt,
3379 1535 3494 1591 quo

1911 1614 2060 1668 verbi
2103 1613 2195 1669 Dei
2246 1605 2450 1669 tirones
2483 1613 2709 1668 excitari
2744 1622 2972 1682 possunt
3007 1621 3064 1666 ut
3111 1611 3363 1667 mandata
3393 1627 3488 1666 ca-

1912 1707 2180 1777 pessendo
2206 1707 2272 1760 ad
2318 1707 2484 1761 vitam
2511 1722 2631 1778 quae
2655 1722 2818 1776 supra
2844 1707 2963 1761 illos
2983 1715 3066 1761 est
3099 1714 3152 1760 et
3177 1720 3484 1760 sermonem

1913 1799 2140 1854 evadere
2170 1799 2518 1866 contendant,
2546 1815 2654 1870 pra:
2687 1783 2873 1854 multis
2914 1799 3005 1869 qui
3048 1798 3102 1852 in
3152 1798 3256 1854 lide
3289 1813 3486 1854 conse-

207 1883 461 1948 δίζοντος
492 1885 614 1939 οὔτε
648 1886 842 1958 χρόνου
874 1890 984 1950 τοῖς
1015 1887 1240 1960 ὕστερον
1267 1892 1614 1946 πιστεύουσιν
1637 1933 1652 1958 ,
1683 1890 1795 1946 οὔτε

1911 1890 2096 1944 nuisse
2121 1890 2446 1956 creduntur;
2480 1905 2602 1944 eum
2642 1904 2814 1959 neque
2857 1897 3071 1958 tempus
3103 1887 3258 1942 ﬁdem
3296 1903 3487 1945 recens

207 1976 427 2044 γονέων
457 1976 745 2049 μοχθηρῶν
781 1980 894 2041 τοῖς
922 1980 1118 2044 αὐτοὺς
1153 1981 1499 2054 ἀνεγκλήτως
1543 1984 1805 2054 ἀγωνιζο-

211 2066 423 2137 μένους
459 2073 896 2142 παραστήσασιν·
934 2070 1082 2139 ἀγὼν
1133 2072 1191 2126 δέ
1241 2074 1356 2128 ἐστι
1407 2076 1500 2129 καὶ
1560 2075 1805 2130 καθελεῖν

204 2159 390 2231 οἴημα
421 2159 507 2214 διὰ
535 2161 596 2214 τὸ
631 2161 694 2216 ἐκ
732 2163 984 2235 πατέρων
1016 2164 1421 2237 ἀνατετράφθαι
1453 2169 1510 2220 ἐν
1541 2169 1803 2241 Χριστια-

205 2249 399 2321 νισμῷ
463 2252 965 2325 μεγαφρονοῦντας·
1027 2256 1122 2308 καὶ
1178 2256 1414 2326 μάλιστα
1479 2258 1630 2312 ἐπὰν·
1666 2260 1804 2334 τύχῃ

205 2343 491 2414 πατράσιν
537 2345 795 2416 ἐπαυχεῖν
845 2349 940 2403 καὶ
985 2349 1270 2422 προγόνοις
1325 2350 1613 2422 προεδρίας
1641 2351 1804 2422 ἠξιω-

207 2434 404 2505 μένοις
468 2438 524 2489 ὲν
581 2441 646 2510 τῇ
711 2439 1006 2512 Ἐκκλησία
1074 2443 1428 2496 έπυσκοπικοῦ
1489 2443 1712 2515 θρόνου,
1766 2446 1798 2517 ἣ

204 2529 612 2604 πρεσϐυτερίου
651 2534 849 2604 τιμῆς,
904 2535 936 2605 ἢ
975 2535 1249 2600 διακονίας
1292 2538 1369 2600 είς
1414 2535 1506 2590 τὸν
1547 2536 1674 2591 λαὸν
1706 2536 1799 2591 τοῦ

205 2618 350 2673 Θεοῦ
379 2637 392 2651 ο
430 2622 725 2694 ἀμφότεροι
753 2625 861 2696 γὰρ
883 2623 1220 2695 διδαχθέντες
1248 2625 1309 2678 τό
1327 2643 1340 2656 ο
1374 2645 1391 2676 ι
1420 2625 1611 2679 Πολλοὶ
1650 2626 1799 2679 ἔσον-

203 2729 298 2766 ται
327 2713 538 2785 πρῶτοι
560 2714 796 2786 ἔσχατοι,
833 2717 930 2771 καὶ
962 2718 1179 2790 ἔσχατοι
1205 2718 1445 2788 πρῶτοι,
1490 2737 1508 2770 ι
1554 2718 1798 2791 ὑπομνή-

209 2803 380 2874 σθητε
403 2805 512 2877 (98)
543 2807 677 2878 μήτε
712 2808 804 2860 ἐπὶ
827 2807 905 2879 τῷ
930 2808 1172 2880 νομίζειν
1205 2803 1344 2862 εἷνάι
1375 2807 1581 2878 πρῶτοι
1610 2808 1682 2880 μὴ
1705 2825 1799 2879 με·

205 2897 528 2967 γαρρονεῖν,
563 2899 701 2969 μήτε
739 2899 1118 2954 συστέλλεσθαι
1150 2901 1243 2954 καὶ
1282 2897 1687 2962 ταπεινοῦσθαι,
1723 2898 1797 2962 ὡς

206 2987 440 3041 ἔλαττον
466 2988 676 3059 ἔχοντες
705 2991 814 3044 τῶν
843 2992 1144 3064 προτέρων,
1185 2992 1274 3045 διὰ
1297 2991 1358 3044 τὸ
1395 2991 1612 3060 ἔσχατοι
1650 2991 1796 3043 ὲκεί-

204 3096 315 3134 νων
356 3079 432 3135 τὰ
469 3078 561 3134 τοῦ
600 3083 1029 3155 Χριστιανισμοῦ
1083 3083 1475 3156 παρειληφέναι
1526 3083 1792 3153 δόγματα.

210 3172 369 3243 Ἔχει
403 3173 468 3238 δ’,
491 3169 664 3246 οἶμαι,
703 3177 764 3228 τὸ
792 3176 951 3248 ῥητὸν
977 3175 1134 3245 λόγον
1163 3175 1374 3247 ἀθρόως
1397 3177 1541 3248 ἡμᾶς
1567 3174 1792 3245 ἐπιστῆ-

1913 1981 2199 2052 amplexis,
2235 1998 2411 2052 neque
2443 1983 2676 2054 improbi
2717 1993 2969 2053 parentes
2994 1983 3063 2040 iis
3087 1982 3179 2052 qui
3215 1981 3488 2052 inculpate

1912 2074 2190 2131 decertare
2223 2075 2475 2130 videntur
2501 2117 2516 2142 ,
2572 2077 2856 2132 obstaculo
2899 2076 3010 2131 sint
3043 2091 3057 2127 :
3099 2074 3395 2146 quinetiam
3429 2074 3484 2130 in

1911 2169 2221 2240 arrogantia
2250 2183 2348 2231 sua
2385 2169 2736 2239 deprimenda
2774 2184 2988 2225 summa
3034 2167 3101 2224 iis
3129 2184 3230 2239 ope
3257 2177 3484 2224 conten-

1911 2260 2145 2316 dendum
2180 2270 2281 2326 est,
2305 2261 2398 2332 qui
2426 2260 2568 2331 quod
2598 2276 2626 2315 a
2655 2259 3037 2331 parentibusin
3065 2259 3485 2316 Cliristianismo

1909 2350 2122 2406 educati
2158 2360 2304 2415 sunt,
2339 2353 2405 2406 de
2437 2368 2495 2407 se
2522 2352 2808 2423 magniﬁce
2844 2352 3119 2420 sentiunt;
3161 2360 3216 2408 et
3251 2366 3483 2424 praeser-

1911 2442 2006 2496 tim
2043 2444 2087 2497 si
2119 2443 2436 2512 parentibus
2461 2454 2514 2498 ct
2556 2443 2773 2515 proavis
2805 2443 3100 2499 eﬁ‘erantur
3139 2445 3232 2515 qui
3271 2443 3487 2514 episco-

1909 2534 2045 2603 palis
2077 2534 2128 2588 in
2160 2533 2400 2590 Ecclesia
2432 2535 2577 2590 St‘diS
2621 2536 3038 2606 prarrogativum
3081 2536 3208 2606 jus,
3245 2537 3327 2591 vel
3360 2550 3486 2606 pre-

1907 2623 2130 2696 sbyterii
2180 2625 2498 2695 dignitatem
2555 2626 2862 2696 tenuerint,
2905 2627 2989 2682 vel
3038 2627 3252 2682 diaconi
3305 2625 3483 2682 oﬁicio

1905 2730 2031 2786 erga
2063 2715 2318 2787 populum
2345 2716 2438 2772 Dei
2475 2717 2642 2774 functi
2676 2717 2805 2774 sint.
2840 2717 3067 2788 Utrique
3088 2717 3234 2774 enim
3263 2717 3314 2772 id
3347 2716 3483 2773 edo-

1905 2807 1976 2861 cti
2007 2821 2021 2858 :
2064 2825 2082 2858 ι
2117 2805 2269 2861 Multi
2305 2815 2466 2861 erunt
2496 2808 2679 2878 primi,
2711 2808 3035 2876 novissimi;
3083 2817 3136 2864 et
3174 2809 3479 2874 novissimi,

1905 2899 2084 2969 primi,
2119 2919 2136 2951 ι
2159 2915 2335 2970 neque
2364 2901 2507 2971 quod
2543 2901 2748 2972 primos
2773 2917 2832 2957 se
2860 2917 2980 2958 esse
3033 2911 3242 2973 putent,
3277 2903 3482 2957 nimios

1905 2990 2131 3060 Spiritus
2160 3005 2376 3047 sumere
2405 3005 2854 3059 commonentur;
2897 3008 3072 3064 neque
3110 2995 3309 3048 timore
3351 3009 3479 3063 per-

1903 3082 2021 3137 celli
2039 3098 2103 3138 ac
2131 3083 2383 3153 deprimi,
2405 3083 2562 3154 quasi
2581 3084 2848 3140 deteriore
2868 3085 2992 3156 jure
3017 3086 3125 3140 sint
3151 3101 3215 3142 ac
3239 3087 3476 3157 priores,

1902 3173 2045 3244 quod
2075 3182 2199 3243 post
2242 3174 2366 3230 illos
2397 3174 2518 3229 ﬁdei
2553 3174 2875 3231 Christianae
2905 3176 3158 3246 dogmata
3214 3175 3476 3250 postremi

208 3279 299 3316 σαι
324 3262 629 3334 δυνάμενον
651 3267 763 3328 τοῖς
796 3265 1010 3330 πολλοῖς
1053 3265 1158 3337 πρὸ
1210 3264 1369 3338 ήμῶν
1395 3263 1632 3336 πρώτοις
1658 3281 1795 3336 χρη-

1911 3265 2260 3334 susceperint.
2311 3263 2424 3320 Hoc
2465 3275 2644 3320 autem
2687 3264 2808 3321 loco
2837 3265 3161 3321 sententiam
3205 3265 3477 3320 contineri

208 3355 510 3427 ματίσασιν
538 3358 647 3411 ἀπὸ
677 3357 770 3411 τοῦ
835 3358 1070 3430 Ἰσραὴλ,
1098 3359 1410 3430 γενομένοις
1455 3357 1545 3411 διὰ
1592 3358 1690 3429 τὴν
1716 3359 1797 3421 είς

203 3447 298 3502 τὸν
343 3448 557 3520 Ἰησοῦν
590 3449 846 3506 ἀπιστίαν
894 3451 988 3505 καὶ
1034 3451 1326 3523 προδοσίαν
1375 3451 1644 3522 ἐσχάτοις,
1701 3450 1795 3503 καὶ

204 3540 339 3611 ἡμῖν
360 3543 477 3605 τοῖς
507 3541 756 3612 ἐσχάτοις
781 3542 848 3596 τὰ
869 3546 1112 3614 πρωτεῖα
1139 3544 1456 3615 δυναμένοις
1478 3541 1680 3606 λαϐεῖν,
1700 3543 1794 3596 ἐὰν

205 3630 565 3700 ἐπιμένωμεν
590 3634 654 3702 τῇ
686 3632 886 3697 πίστει,
946 3651 965 3681 ι
996 3633 1070 3705 μὴ
1114 3632 1632 3706 ὑψηλοφρονοῦντες,
1661 3633 1794 3687 ἀλλὰ

202 3724 318 3784 τοῖς
352 3726 628 3787 ταπεινοῖς
659 3725 1146 3796 συναπαγόμενοι.)
1190 3723 1253 3778 Τί
1286 3725 1362 3789 δὲ,
1386 3725 1501 3789 ἐὰν,
1530 3725 1792 3796 κοινωνή-

207 3827 413 3876 σαντες
442 3816 510 3884 τῇ
542 3814 664 3887 ῥίζῃ
697 3815 806 3870 τῶν
833 3815 1186 3888 πατριαρχῶν
1219 3817 1313 3871 καὶ
1339 3819 1404 3887 τῇ
1433 3816 1539 3869 ἀπὸ
1565 3816 1660 3870 τοῦ
1706 3815 1794 3869 λό-

203 3921 303 3974 γου
339 3904 454 3959 τῶν
487 3907 736 3979 πατέρων
762 3909 978 3979 πιότητι
1009 3909 1142 3980 (99),
1199 3912 1467 3980 συμφυεῖς
1505 3909 1792 3980 γενώμεθα

203 3997 281 4068 τῷ
309 3996 616 4068 βουλήματι
644 3998 739 4052 τοῦ
785 3999 1156 4071 πνευματικοῦ
1201 4001 1366 4072 νόμου
1400 4000 1494 4054 καὶ
1524 4001 1633 4054 τῶν
1665 4001 1796 4055 ἀνά-

203 4092 363 4162 λογον
401 4091 551 4163 αὐτῷ
577 4093 883 4165 νοουμένων
913 4094 1242 4164 προφητῶν;
1295 4096 1455 4166 ἡμεῖς
1497 4095 1546 4148 οἱ
1577 4093 1794 4164 ἔσχατοι

206 4187 452 4258 ἐσόμεθα
482 4186 710 4258 πρῶτοι,
746 4188 984 4242 κάκεῖνοι
1027 4187 1117 4242 διὰ
1156 4188 1252 4259 τὴν
1285 4188 1540 4242 ἀπιστίαν
1562 4188 1611 4241 οἱ
1641 4187 1794 4259 πρῶ-

203 4295 309 4344 τοι,
338 4280 664 4343 ὲκκοπέντες
691 4280 798 4333 ἀπο
821 4281 919 4350 τῆς
938 4280 1275 4351 καλλιελαίου
1305 4283 1590 4351 γεγόνασιν
1621 4281 1785 4352 ἐσχα-

1902 3357 2174 3425 existimo,
2209 3357 2370 3430 691
2427 3373 2550 3428 qua:
2582 3373 2683 3414 nos
2715 3357 2780 3413 ad
2814 3357 2866 3413 id
2911 3357 3310 3413 observandum
3343 3373 3476 3413 cou-

1903 3450 2079 3505 festim
2108 3451 2346 3507 excitare
2373 3459 2556 3521 queat,
2585 3449 2859 3506 lsraclitas
2884 3451 3191 3521 complures
3223 3449 3316 3518 qui
3349 3459 3475 3505 ante

1902 3559 2003 3598 nos
2040 3541 2200 3612 primi
2246 3543 2495 3613 appellati
2551 3551 2698 3610 sunt,
2762 3551 2984 3612 propter
3042 3541 3473 3597 incredulitatem

1901 3652 2027 3705 erga
2055 3634 2242 3691 Jesum
2271 3653 2334 3692 ac
2356 3637 2632 3705 perﬁdiam
2653 3645 2961 3708 postremus
2989 3650 3112 3692 esse
3139 3635 3346 3703 factos;
3374 3650 3474 3692 nos

1901 3739 2082 3783 autem
2107 3730 2200 3798 qui
2227 3729 2485 3799 postremi
2518 3745 2730 3796 sumus,
2768 3729 2973 3798 primas
3008 3727 3150 3782 ferre
3188 3741 3369 3797 posse,
3423 3725 3471 3780 si

1899 3822 2063 3876 modo
2092 3820 2248 3875 ﬁdem
2283 3829 2599 3876 constanter
2624 3822 2980 3883 retineamus,
3017 3837 3036 3870 ι
3082 3834 3190 3872 non
3225 3817 3332 3871 alta
3382 3831 3473 3871 sa-

1897 3912 2126 3981 pientes,
2168 3913 2261 3968 scd
2288 3911 2587 3967 humilibus
2621 3912 3023 3967 consentientes
3051 3911 3115 3964 ¹⁹.
3151 3928 3170 3961 ι
3209 3908 3348 3974 Quid
3371 3923 3472 3962 au-

1902 4011 2006 4058 tem
2063 4004 2107 4058 si
2165 4003 2364 4056 radicis
2420 4003 2860 4073 patriarcharum
2886 4009 2940 4056 et
2991 3996 3388 4070 pinguitudinis
3436 4011 3476 4051 α

1897 4095 2063 4148 verbo
2094 4101 2308 4164 patrum
2358 4094 2632 4147 manantis
2667 4091 2958 4162 participes
3010 4088 3138 4144 facti
3175 4089 3256 4153 ’°,
3307 4086 3469 4159 spiri-

1903 4187 2063 4243 tualis
2095 4187 2228 4259 legis
2271 4196 2323 4241 et
2367 4185 2754 4256 prophetarum
2790 4182 2945 4253 juxta
2985 4181 3131 4236 illam
3165 4179 3469 4236 intellecto-

1896 4297 2019 4336 rum
2047 4279 2328 4335 sententia:
2357 4277 2516 4347 quasi
2541 4275 2714 4331 innati
2737 4290 2799 4331 ac
2823 4275 3044 4345 ingeniti
3073 4273 3473 4329 adhaereamus?

204 4389 307 4426 τοι’
357 4373 454 4426 καὶ
501 4371 710 4444 γὰρῌ)
738 4372 823 4427 διὰ
882 4373 984 4445 τὴν
1037 4374 1276 4442 Χριστοῦ
1318 4375 1614 4446 ἐπιδημίαν
1647 4393 1664 4426 ι
1706 4375 1787 4438 είς

1911 4389 2002 4428 uos
2049 4368 2293 4442 profecto
2344 4370 2436 4440 qui
2467 4367 2728 4440 postremi
2780 4381 2971 4423 sumus
2997 4407 3012 4434 ,
3044 4365 3205 4437 primi
3232 4364 3483 4432 erimus;

1423 4514 1653 4570 VETUS
1694 4510 2277 4567 INTERPRETATIO.

205 4627 449 4698 intellige
485 4627 615 4682 mihi
654 4627 708 4682 in
740 4627 926 4698 requie
966 4626 1227 4697 paradisi,
1267 4635 1322 4682 et
1358 4627 1574 4682 civitate
1603 4625 1718 4690 Dei,
1750 4626 1816 4682 de
1848 4641 1955 4697 qua
1996 4625 2139 4680 dicta
2182 4634 2309 4680 sunt
2338 4625 2598 4750 gloriosa,
2654 4645 2676 4678 ι
2703 4625 2758 4680 in
2797 4625 2955 4696 cujus
2981 4606 3246 4694 gradibus
3276 4621 3468 4695 digno-

206 4709 396 4750 scetur
424 4696 566 4750 Deus
596 4714 720 4750 cum
764 4699 1025 4750 suscipiet
1067 4713 1221 4750 eam.
1255 4716 1275 4750 ι
1327 4705 1388 4750 ιιι
1425 4699 1638 4750 dicatur
1674 4697 1739 4750 ad
1765 4712 1860 4750 eos
1901 4695 1994 4750 (ιιιί
2041 4696 2151 4750 illic
2187 4695 2332 4750 Dossi
2374 4705 2464 4750 ent
2501 4697 2695 4750 domos
2723 4712 2738 4750 ι
2769 4714 2788 4748 ι
2821 4695 2976 4750 Sicut
3019 4694 3348 4750 audivimus.
3391 4694 3468 4748 ita

206 4695 566 4756 scetui‘Deus
596 4714 720 4753 cum
764 4695 1025 4768 suscipiet
1067 4713 1221 4761 eam,
1255 4716 1275 4750 ι
1327 4705 1388 4752 ιιι
1425 4699 1638 4753 dicatur
1674 4697 1739 4752 ad
1765 4695 1994 4768 eoslqui
2041 4695 2332 4768 illic_possi

2374 4705 2464 4750 ent
2501 4697 2695 4752 domos
2723 4712 2738 4751 :
2769 4714 2788 4748 ι
2821 4694 2976 4751 Sicut
3019 4694 3354 4760 audivimus,
3391 4694 3469 4748 ita

205 4779 259 4826 et
295 4770 536 4824 vidimus
579 4769 634 4823 in
678 4762 1153 4824 civitate-Domini
1194 4769 1482 4834 virtutum,
1525 4769 1578 4823 in
1627 4768 1844 4822 civitate
1872 4762 2220 4837 Deirnostri',
2251 4785 2269 4818 ι
2315 4766 2382 4822 de
2425 4782 2532 4837 qua
2575 4767 2774 4822 dicitur
2799 4783 2815 4820 ι
2842 4765 3230 4834 r_Distribuite
3269 4762 3469 4834 gradus

205 4841 352 4918 ejus.
395 4857 418 4893 ι
459 4838 636 4918 Super
671 4840 784 4894 haec
816 4850 995 4918 autem
1028 4837 1692 4918 omqia_vit_amzeter_narn
1721 4836 2101 4918 possidebit.“
2142 4907 2154 4918 _
2269 4906 2284 4918 _
2343 4907 2356 4918 _
2419 4836 2448 4918 "
2504 4907 2537 4918 η
2782 4916 2788 4918 Α
3012 4906 3027 4918 ἱ
3193 4903 3206 4916 ο
3304 4900 3339 4918 ν

273 4911 372 4965 26.
415 4928 435 4962 ι
464 4901 616 4964 Multi
646 4919 806 4964 erunt
839 4909 998 4979 primi
1040 4909 1342 4970 novissimi.
1373 4917 1426 4963 et
1452 4901 1738 4964 novissimi
1769 4907 1952 4979 primi.
1986 4926 2006 4979 ι
2043 4905 2108 4962 Ει
2141 4907 2247 4979 hoc
2269 4906 2435 4964 habet
2470 4907 2706 4978 aliquam
2745 4916 2797 4962 et
2825 4906 3129 4963 secundum
3162 4901 3479 4979 simplicem

207 4996 437 5055 sensum
455 4981 730 5055 ealiortari
760 4972 1056 5055 poientiam
1080 4994 1196 5044 eos,
1226 4979 1318 5048 qui
1338 4994 1510 5055 nuper
1535 4972 1798 5055 accedun}
1811 4977 1879 5055 ad
1903 4978 2125 5055 verbum
2143 4977 2409 5043 divinum,
2433 4987 2500 5055 _ut
2528 4972 2783 5055 festinent
2810 4993 2904 5055 per
2931 4991 2993 5030 ea
3015 4991 3142 5055 qua:
3166 4972 3466 5055 constituta

205 5063 338 5106 sunt
368 5051 720 5113 hominibus,
751 5045 817 5104 id
851 5057 1165 5120 provectum
1201 5045 1492 5105 ascendere
1523 5065 1634 5118 pra:
1670 5049 1856 5104 multis
1885 5048 1979 5118 qui
2009 5048 2267 5120 videntur
2292 5049 2538 5120 senuisse
2569 5048 2636 5120 in
2673 5048 2777 5103 ﬁde
2811 5045 2882 5102 ad
2918 5045 3140 5120 verbum
3191 5052 3246 5099 et
3272 5045 3463 5120 vitam,

205 5137 330 5194 qua;
370 5129 458 5178 est
501 5137 665 5194 super
712 5113 866 5194 illos,
894 5136 1017 5194 cum
1065 5135 1241 5189 neque
1289 5113 1540 5194 tempus;
1569 5135 1745 5188 neque
1788 5113 2332 5194 parentes‘iutideles
2381 5119 2682 5194 impediant
2726 5116 3151 5194 eosquimunc
3174 5113 3461 5194 accedunt.

204 5181 395 5248 Potest
453 5181 617 5264 etiam
648 5181 960 5264 hujusmodi
995 5181 1191 5264 sensus
1220 5198 1273 5244 ct
1301 5181 1581 5264 desiruere
1610 5181 1668 5246 et
1686 5181 1950 5264 estollere
1978 5187 2071 5258 qui
2108 5189 2411 5264 gloriantur
2447 5181 2513 5245 ἑο
2536 5188 2685 5264 quod
2726 5204 2757 5242 a
2788 5181 3114 5264 Eliristianis
3147 5181 3471 5264 parentibus

205 5273 334 5318 sunt
377 5262 602 5318 enutriti
653 5252 870 5331 in'ipsa
896 5261 1333 5333 Christianitate,
1376 5260 1614 5333 maxime
1654 5260 1700 5315 si
1732 5259 1943 5333 iuerint
1972 5252 2037 5333 ex
2063 5252 2681 5333 patribushsacerdotali
2730 5258 2856 5333 sede
2905 5252 3248 5333 digniﬁea'tis,
3294 5252 3346 5308 id
3366 5259 3463 5333 est

203 5337 585 5412 episcopatus,
630 5341 724 5388 aut
765 5326 1190 5412 presbyteratus,
1230 5326 1327 5385 aut
1364 5330 1684 5412 diaconatus
1729 5330 1784 5385 in
1822 5329 2024 5412 popqu
2061 5326 2182 5412 Dei.
2226 5329 2526 5412 Audientes
2564 5331 2706 5412 enim
2734 5328 2872 5412 quia
2911 5326 3462 5412 munierunt

205 5396 518 5471 novissimi,
558 5412 613 5458 et
656 5396 944 5458 novissimi
990 5401 1174 5473 primi,
1228 5401 1658 5458 recordabuntur
1707 5411 1767 5457 ut
1806 5396 1918 5456 non
1959 5399 2258 5471 glorientur
2306 5401 2362 5456 in
2410 5417 2477 5456 eo
2515 5400 2660 5472 quod
2695 5396 2948 5454 videntur
2994 5396 3229 5469 priores,
3283 5408 3464 5465 neque

277 5541 322 5574 ⁸⁸
359 5538 506 5594 Psal.
541 5553 708 5607 XLVII,
743 5537 794 5592 4.
876 5537 919 5568 ¹⁸
959 5535 1089 5592 ibid.
1120 5537 1172 5592 9.
1254 5537 1294 5568 ⁸⁷
1337 5535 1466 5593 ibid.
1500 5537 1584 5591 Η.
1665 5535 1710 5568 ¹⁸
1747 5533 1795 5590 Μ

1911 5556 1940 5591 ι.
1973 5550 2098 5600 xxx,
2119 5533 2212 5591 50.
2291 5536 2338 5568 "
2374 5534 2533 5591 Rom.
2561 5549 2658 5597 xu,
2703 5532 2784 5588 l6.
2863 5534 2909 5566 ὀ
2954 5533 3111 5588 Itum.
3149 5549 3224 5599 ιι,
3259 5532 3346 5588 I7.

275 5677 387 5751 (97)
411 5679 764 5751 rToo‘odtovc
801 5677 1515 5751 ἔχονταςκληρονόμουςἴ
1544 5677 1782 5733 Sensum

205 5748 331 5807 inde
352 5748 552 5818 aliquis
585 5751 840 5804 idoneum
871 5748 1155 5814 extundat,
1187 5758 1238 5803 et
1263 5750 1368 5804 erit
1388 5749 1519 5804 mihi
1549 5764 1780 5819 magnus

206 5824 416 5893 Apollo.
450 5822 758 5893 Legendum
790 5821 1042 5886 fortasse,
1070 5821 1293 5876 τοσοῦτο
1333 5819 1552 5893 ἔχοντας
1584 5820 1781 5893 κληρο-

309 5913 424 5959 ους,
456 5890 553 5965 vel.
567 5893 853 5956 τοσούτους
885 5893 1106 5965 έχοντας
1142 5893 1345 5965 ἀγροὺς
1386 5890 1778 5965 κληρονόμους,

206 5914 266 5950 νο
309 5914 424 5959 ους,
456 5914 539 5949 vel
567 5914 853 5956 τοσουτους
886 5914 912 5945 ε
947 5914 1106 5957 οντας
1142 5920 1146 5942 ‹

206 5914 310 6020 vci‘
327 5964 530 6037 aliquid
559 5965 844 6036 ejusmodi.
884 5914 1146 6022 libertus.

1959 5676 2070 5749 (98)
2111 5675 2293 5732 Codex
2330 5675 2557 5749 Degius,
2601 5674 3006 5745 ὑπομνήσθητε.
3046 5671 3348 5745 Legendum
3379 5670 3462 5728 vi-

1887 5747 2510 5818 deturbmpvijao'qqav.

1962 5819 2072 5890 (99)
2112 5812 2387 5890 Πίότήτιί
2412 5816 2572 5890 Rom.
2615 5831 2692 5880 xi,
2726 5816 2809 5870 l7.
2847 5815 3112 5870 Caeterum
3146 5813 3314 5868 codex
3344 5812 3462 5870 Au-

1887 5888 2131 5960 glicanus
2165 5888 2323 5960 habet
2352 5888 2614 5960 ποιότητι.

1960 5959 2035 6033 (Ι)
2072 5958 2179 6016 Καὶ
2211 5957 2340 6034 γάρ.
2383 5957 2441 6014 ln
2469 5955 2588 6016 eod.
2621 5957 2778 6030 Angl.
2807 5957 2952 6013 deest
2979 5955 3104 6028 γάρ.
