3954 6552
218 439 252 498 1
264 441 368 498 357

1187 439 1542 497 COMMENT.
1581 439 1647 496 IN
1684 439 2098 498 MATleEUM
2135 439 2373 498 TOMUS
2405 437 2524 496 XV.

3344 443 3482 502 1538

212 558 274 613 oi
302 557 516 627 ἔσχατοι
547 553 834 627 κληθέντες
861 555 954 609 ἐπὶ
979 555 1040 610 τὸ
1073 554 1232 628 ἔργον
1279 556 1528 628 λέγονται
1562 558 1713 630 παρὰ
1743 559 1798 612 τὸ

1908 559 2192 614 novissimi
2229 574 2337 613 una
2368 557 2502 613 hora
2537 555 2806 622 fecerunt,
2839 567 2893 614 et
2920 573 3077 628 pares
3109 560 3268 618 nobis
3304 559 3482 621 fecisti

214 651 476 722 πρώτους
509 647 705 712 αὐτοὺς
730 647 1008 718 εἰληφέναι
1039 649 1130 702 τὸν
1184 649 1392 720 μισθόν.
1418 649 1538 721 Θεῷ
1562 650 1618 703 δὲ
1645 648 1802 715 είδξά-

217 758 401 814 μενοι,
420 741 514 795 καὶ
535 739 987 811 ἐπικαλεσάμενοι
1019 741 1079 794 τὸ
1103 741 1272 813 ὄνομα
1298 741 1391 795 τοῦ
1420 742 1624 813 Κυρίου
1647 741 1803 813 ἡμῶν

227 833 412 907 Ἰησοῦ
439 834 696 908 Χριστοῦ,
721 833 1011 906 ἐκθώμεθα
1052 835 1150 908 τὴν
1193 834 1528 908 παραϐολὴν,
1558 836 1652 888 καὶ
1683 833 1804 887 ἴδω-

212 945 324 1000 μεν
346 929 468 982 τίνα
495 929 626 1000 ἡμῖν
657 927 908 995 ἐξετάσαι
958 927 1052 981 καὶ
1107 930 1280 982 εἰπεῖν
1310 931 1390 992 είς
1421 928 1613 1000 αὐτὴν,
1645 926 1680 998 ἦ
1707 924 1804 980 καὶ

207 1018 591 1093 ὑπαγορεῦσαι
612 1018 914 1090 δοθήσεται·
947 1019 1060 1091 ἔχει
1081 1019 1138 1073 δὲ
1165 1019 1325 1075 οὕτω.

1907 649 1998 720 qui
2057 651 2396 721 portavimus
2428 651 2642 720 pondus
2669 650 2775 706 diei
2807 659 2860 706 et
2892 658 3082 707 uastum
3103 654 3167 708 “.
3219 673 3238 708 ι
3284 654 3348 712 Et
3385 652 3479 729 qui

1907 742 2165 812 postremi
2201 742 2420 813 quidem
2451 743 2517 797 ad
2545 758 2684 814 opus
2715 744 2872 799 acciti
2903 753 3060 812 sunt,
3105 747 3247 816 quod
3279 765 3485 806 merce-
3557 792 3559 794 -

1909 834 2029 888 dem
2079 835 2290 904 priores
2338 840 2676 906 receperint,
2705 838 2866 908 primi
2899 838 3175 894 dicuntur.
3221 839 3483 899 Precibus
3545 837 3547 842 ’

1909 934 2089 979 autem
2121 927 2187 981 ad
2240 925 2406 982 Deum
2444 927 2583 984 fusis
2607 970 2622 993 ,
2651 941 2710 983 et
2744 928 2997 986 invocato
3050 933 3262 988 Domini
3309 935 3484 991 nostri

1909 1015 2037 1072 Jesu
2095 1016 2301 1075 Christi
2355 1021 2595 1087 nomine,
2627 1023 2944 1091 parabolam
3003 1026 3370 1095 explicemus,
3427 1036 3483 1083 et

208 1126 473 1180 quaenam
529 1110 688 1165 nobis
717 1111 1101 1183 pervestigare,
1135 1128 1201 1168 ac
1256 1129 1420 1185 super
1454 1112 1543 1168 illa
1601 1109 1867 1182 proferre,
1909 1125 2120 1165 necnon
2169 1120 2224 1166 et
2272 1113 2430 1184 quasi
2478 1114 2888 1174 adhortationes
2933 1132 3235 1190 preponere
3289 1121 3480 1194 liccat,

207 1203 522 1258 videamus.
559 1201 649 1258 Sic
670 1214 849 1260 autem
874 1205 962 1260 illa
992 1221 1051 1260 se
1084 1204 1268 1262 habet.

504 1298 643 1366 Περὶ
667 1296 785 1352 τῶν
797 1300 1216 1371 μισθουμένων
1235 1302 1519 1372 ἐργατῶν.

294 1411 312 1442 ι
367 1391 560 1462 Ὁμοία
595 1391 741 1444 ἐστὶν
767 1395 799 1464 ἡ
833 1393 1082 1464 βασιλεία
1113 1395 1222 1449 τῶν
1249 1396 1494 1468 οὐρανῶν
1526 1396 1800 1470 ἀνθρώπῳ

202 1482 592 1555 οἰκοδεσπότῃ,
626 1483 774 1546 ὅστις
821 1482 1042 1554 ἐξῆλθεν
1072 1486 1188 1558 ἃμα
1231 1485 1374 1560 πρωῒ
1425 1487 1801 1558 μισθώσασθαι

204 1576 511 1647 spring,»
549 1576 641 1628 καὶ
670 1576 738 1629 τὰ
773 1576 898 1648 ἑξῆς
945 1577 1051 1642 ἕως
1101 1577 1214 1632 τοῦ·
1275 1597 1292 1630 ι
1324 1579 1514 1633 Πολλοὶ
1554 1581 1662 1654 γάρ
1693 1582 1800 1634 είσι

204 1664 423 1736 κλητοὶ,
452 1665 620 1733 ὀλίγοι
644 1665 698 1720 δὲ
728 1667 992 1722 ἐκλεκτοί.
1026 1687 1044 1722 ι
1081 1667 1313 1724 Δύναται
1343 1670 1442 1740 μὲν
1465 1666 1556 1725 οὖν
1586 1673 1618 1742 ἡ
1650 1673 1798 1726 πᾶσα

200 1754 499 1827 παραϐολὴ
527 1755 614 1810 διὰ
642 1754 800 1810 τοῦτο
830 1758 1216 1830 παρειλῆφθαι,
1238 1762 1316 1824 εἰς
1346 1760 1407 1814 τὸ
1438 1762 1626 1833 μαθεῖν
1653 1764 1799 1834 ἡμᾶς

2226 1292 2564 1348 Demere-ede
2590 1293 2861 1349 conductis
2888 1299 3164 1366 operariis.

1973 1387 2066 1444 28.
2111 1405 2131 1440 ι
2165 1385 2355 1442 Simile
2391 1394 2475 1440 est
2505 1402 2732 1456 regnum
2781 1388 3043 1444 caelorum
3077 1389 3284 1445 homini
3315 1391 3484 1462 patri-

1902 1479 2174 1543 familias,
2223 1478 2316 1550 qui
2353 1477 2480 1533 exiit
2529 1481 2705 1548 primo
2737 1496 2896 1535 mane
2939 1481 3249 1538 conducere
3287 1499 3482 1554 opera-

1903 1573 2010 1628 rios
2034 1615 2048 1642 ,
2082 1593 2099 1626 ι
2135 1582 2188 1628 et
2231 1583 2456 1639 caetera,
2493 1588 2665 1644 usque
2697 1573 2760 1628 azl
2804 1574 2895 1629 id:
2931 1592 2950 1626 ι
2983 1573 3132 1629 Multi
3177 1576 3322 1630 enim
3353 1586 3481 1633 sunt

1903 1667 2114 1732 vocati,
2151 1666 2310 1737 pauci
2346 1681 2474 1721 vero
2499 1665 2654 1720 electi
2681 1667 2745 1721 ‘°.
2781 1686 2798 1718 ι
2831 1667 2910 1721 Ad
2961 1667 3011 1722 id
3047 1666 3281 1724 fortasse
3314 1683 3479 1724 usur-

1904 1769 2028 1832 pata
2059 1769 2143 1816 est
2173 1767 2282 1814 tota
2318 1759 2434 1815 hmc
2469 1759 2756 1830 parabola,
2805 1769 2864 1814 ut
2907 1759 3184 1816 discamus
3215 1760 3482 1832 quemad-

202 1847 336 1911 πῶς
361 1847 411 1900 οί
444 1847 660 1919 ἔσχατοι
691 1848 936 1914 ἐλθόντες
963 1852 1043 1915 είς
1098 1852 1157 1905 τδ
1196 1852 1376 1925 ἔργον.
1409 1852 1484 1917 ώς
1513 1855 1562 1908 οἱ
1597 1855 1798 1927 πρῶτοι

1907 1853 2126 1907 modum
2164 1853 2257 1923 qui
2301 1851 2366 1906 ad
2399 1866 2535 1921 opus
2581 1849 2889 1907 faciendum
2937 1853 3199 1923 postremi
3229 1869 3477 1911 accesse-

200 1939 528 2010 κληθέντες,
560 1940 651 1994 τὸν
689 1941 878 2012 μισθὸν
917 1943 1108 2000 ἔλαϐον
1134 1946 1357 2018 πρῶτοι·
1395 1947 1489 2001 καὶ
1521 1946 1642 2001 τίνα
1675 1949 1799 2021 τρό-

199 2049 316 2086 πον
345 2035 397 2086 οἱ
433 2034 637 2106 πρῶτοι
666 2035 952 2107 κληθέντες
986 2040 1042 2092 ἑν
1076 2041 1278 2113 ἐσχάτῃ
1324 2039 1474 2114 χώρᾳ
1520 2042 1671 2114 παρὰ
1721 2041 1799 2114 τῷ

197 2125 570 2201 οἰκοδεσπότῃ
593 2127 920 2200 ἐτάχθησαν,
950 2129 1028 2184 διὸ
1059 2132 1153 2186 καὶ
1173 2133 1469 2201 τελευταῖοι
1490 2135 1582 2188 τον
1608 2135 1798 2207 μισθὸν

196 2217 570 2289 ἀπειλὴτασι.
607 2220 727 2292 Χρὴ
777 2220 832 2274 δὲ
883 2223 1099 2288 εἰδέναι,
1133 2226 1236 2290 ὃτι,
1285 2225 1361 2290 ώς
1413 2227 1588 2298 Ἰησοῦ
1622 2245 1800 2298 παρα-

196 2309 364 2380 ϐολὴ,
407 2328 424 2361 ι
450 2311 506 2363 ἑν
533 2303 576 2378 ᾧ
605 2313 654 2364 οί
690 2311 953 2384 θησαυροὶ
998 2315 1096 2387 τῆς
1155 2317 1348 2386 σοφίας
1391 2317 1485 2372 καὶ
1541 2317 1798 2388 γνώσεώς

195 2404 351 2455 εἰσιν
392 2403 752 2476 ἁπόκρυφοι,ι
815 2405 1197 2480 ἐξεταζομένη,
1256 2409 1492 2464 τοσαῦτα
1553 2412 1797 2483 δόγματα

197 2497 310 2567 τῆς
363 2495 423 2550 ἐν
475 2497 756 2570 μυστηρίῳ
822 2499 1319 2574 ἀποκεκρυμμένης
1383 2504 1578 2574 σοφίας
1641 2505 1799 2578 εὑρε-

199 2588 441 2661 θήσεται
472 2593 584 2656 τοῖς
616 2591 684 2644 τὰ
713 2590 938 2646 τοιαῦτα
970 2594 1243 2666 εὑρίσκειν
1276 2595 1592 2668 δυναμένοις
1636 2600 1800 2652 αἰνισ-

200 2682 440 2752 σομένη,
491 2681 630 2736 ὥστε
691 2685 929 2754 εὐλόγως
987 2684 1051 2738 ἂν
1097 2687 1190 2740 ἐπὶ
1238 2687 1410 2762 ταύτῃ
1463 2685 1798 2760 μάλισταέξ-

200 2773 334 2825 πείν
394 2775 458 2843 τῇ
493 2773 773 2846 παραϐολῇ
829 2775 922 2828 τὸν
984 2776 1211 2849 Σωτῆρα
1268 2777 1350 2832 τόο
1401 2799 1418 2832 ι
1463 2781 1684 2848 Ἀνοίξω
1739 2784 1796 2835 ἑν

200 2864 547 2934 παραϐολαῖς
607 2865 669 2920 τὸ
727 2868 904 2938 στόμα
968 2886 1103 2940 μου,
1168 2870 1473 2942 φθέγξομαι
1553 2873 1797 2945 προϐλή-

161 3007 167 3013 .
203 2973 360 3027 ματα
392 2957 484 3010 ἀπ’
513 2958 740 3030 ἀρχῆς,›
768 2960 879 3013 καίο
908 2981 925 3012 ι
964 2960 1283 3034 Ἔρεύξομαι
1308 2965 1663 3036 κεκρυμμένα
1689 2965 1796 3019 ἀπὸ

199 3047 535 3120 καταϐολῆς.
564 3069 581 3101 ι
619 3052 935 3120 Ἀναγκαῖον
963 3051 1071 3124 γὰρ
1099 3053 1225 3105 ἰδεῖν
1261 3051 1353 3106 τὸν
1387 3053 1645 3124 μέλλοντα
1675 3054 1797 3126 νοή-

201 3157 264 3196 σε
275 3161 326 3196 ιν
353 3142 450 3213 τὴν
474 3142 805 3216 παραϐολὴν,
833 3146 932 3217 τὴν
961 3147 1018 3200 ἑν
1038 3145 1173 3216 αὐτῇ
1199 3145 1534 3218 δηλουμένην
1559 3147 1792 3220 ἡμέραν,

1902 1952 2050 2010 runt,
2083 1943 2386 1998 mercedem
2434 1945 2678 1998 eamdem
2731 1942 2893 2013 primi
2926 1945 3259 2014 receperint,
3287 1961 3350 2001 ac
3385 1946 3479 2017 qui

1899 2037 2110 2106 priores
2139 2034 2353 2090 fuerant
2389 2033 2582 2100 acciti,
2635 2051 2851 2104 quoque
2883 2034 3043 2090 modo
3074 2037 3167 2108 qui
3199 2037 3358 2108 primi
3388 2054 3482 2093 ac-

1899 2128 2081 2185 cersiti
2128 2136 2298 2191 sunt,
2346 2137 2621 2197 postremo
2670 2129 2788 2183 loco
2839 2129 2980 2198 apud
3027 2129 3478 2199 patremfamilias

1900 2222 2176 2279 constituti
2207 2222 2336 2288 sint,
2371 2221 2514 2278 unde
2536 2233 2588 2277 et
2617 2223 2920 2277 mercedem
2958 2225 3219 2294 postremi
3258 2242 3478 2297 recepe-

1900 2323 2046 2369 runt.
2082 2313 2376 2369 Sciendum
2405 2322 2490 2368 est
2517 2314 3047 2380 autem,discussam
3082 2315 3224 2373 hanc
3247 2319 3481 2388 parabo-

1899 2405 2049 2470 lam,
2103 2413 2285 2474 utpote
2331 2419 2453 2473 quae
2492 2403 2561 2458 sit
2606 2401 2760 2470 Jcsu,
2815 2423 2834 2457 ι
2881 2404 2934 2458 in
2965 2420 3073 2475 quo
3114 2415 3241 2460 sunt
3288 2421 3481 2464 omnes

1900 2492 2143 2546 thesauri
2194 2492 2474 2562 sapientiae
2519 2500 2572 2548 et
2619 2489 2864 2548 scientiae
2907 2495 3295 2564 absconditi“,
3328 2517 3346 2550 ι
3402 2506 3483 2554 tot

1900 2584 2141 2640 involuta
2205 2585 2670 2655 comprehendere
2729 2587 2989 2658 mysteria
3063 2589 3346 2659 sapienti-.8
3425 2590 3481 2646 in

1898 2681 2160 2749 mysterio
2222 2678 2548 2745 reconditte,
2608 2679 2678 2734 ab
2734 2679 2802 2735 iis
2860 2681 3063 2750 quibus
3138 2681 3254 2737 haec
3301 2682 3474 2738 extri-

1899 2768 2057 2824 candi
2101 2767 2333 2823 facultas
2385 2778 2488 2835 est,
2548 2768 2892 2840 reperienda,
2937 2781 2996 2825 ut
3045 2787 3210 2842 super
3251 2773 3354 2828 hac
3387 2787 3483 2844 po-

1900 2862 2174 2918 tissTmum
2251 2862 2512 2931 parabola
2583 2878 2648 2918 cx
2730 2879 2888 2934 aequo
2967 2863 3232 2921 Servator
3301 2866 3484 2924 dicere

1897 2954 2117 3025 queat"
2148 2969 2160 3006 :
2202 2973 2221 3006 ι
2250 2954 2504 3024 Aperiam
2538 2955 2590 3010 in
2627 2957 2903 3026 parabolis
2927 2973 2990 3011 os
3025 2971 3206 3011 meum
3233 2999 3248 3023 ,
3288 2958 3483 3027 loquar

1897 3045 2298 3118 propositiones
2339 3046 2408 3101 ab
2456 3046 2644 3113 initio;
2681 3067 2697 3100 ι
2757 3057 2811 3104 et
2835 3049 2924 3104 δέ
2963 3067 2982 3101 ι
3026 3048 3302 3105 Eructabo
3349 3051 3480 3108 abs-

1898 3140 2116 3196 condita
2169 3136 2336 3210 695
2380 3154 2409 3194 a
2480 3141 2892 3207 constitutione.
2955 3161 2973 3196 ι
3025 3142 3290 3214 Quisquis
3331 3145 3479 3199 enim

202 3235 306 3302 καὶ
337 3235 439 3299 τὰς
460 3235 518 3288 ἑν
547 3237 683 3308 αὐτῇ
708 3236 875 3308 ὥρας,
911 3237 1006 3291 καὶ
1037 3238 1118 3291 ὅτι
1150 3237 1210 3290 οὐ
1245 3239 1384 3292 κατὰ
1412 3239 1794 3312 ἀποκλήρωσιν

1903 3233 2214 3304 parabolam
2258 3232 2631 3289 intellecturus
2658 3241 2764 3298 est,
2811 3249 2934 3289 eum
2972 3235 3113 3291 scire
3151 3250 3373 3291 necesse
3396 3245 3484 3292 est

201 3327 232 3380 ὁ
261 3326 655 3399 οἰκοδεσπότης
689 3329 802 3400 (Η)
836 3329 995 3384 πέντε
1025 3331 1297 3402 τάγμασιν
1339 3332 1588 3404 ἐργατῶν
1612 3350 1796 3405 παρα·-

201 3418 396 3473 δίδωσι
429 3421 500 3474 τὰ
523 3421 659 3494 ἔργα
694 3423 788 3476 τοῦ
823 3423 1163 3495 ἀμπελῶνος.
1201 3425 1475 3491 Ἐξετάσει
1497 3427 1553 3480 δὲ
1576 3430 1604 3480 ό
1640 3428 1798 3482 δυνά-

207 3526 376 3582 μενος
405 3510 502 3581 τὴν
533 3512 708 3567 αἰτίαν
741 3513 833 3566 τοῦ
861 3513 1008 3586 πρωῒ
1038 3514 1414 3585 μισθώσασθαι
1447 3533 1600 3580 τινας
1630 3518 1796 3588 ἑργόι-

201 3618 309 3668 τας
346 3603 430 3665 είς
455 3603 546 3657 τὶν
566 3604 860 3676 ἀμπελῶνα
880 3646 894 3670 ,
937 3605 1030 3660 καὶ
1071 3605 1207 3678 μετὰ
1235 3606 1392 3660 τοῦτο
1423 3608 1483 3660 οὐ
1520 3607 1646 3680 περὶ
1680 3607 1800 3661 δευ-

204 3696 374 3768 τέραν
423 3696 542 3766 μὲν,
592 3699 718 3770 περὶ
768 3698 957 3770 τρίτην
985 3684 1049 3753 δὲ
1093 3697 1242 3767 ὥραν
1278 3697 1505 3764 ἄλλους,
1546 3699 1641 3754 κα)⁸
1673 3699 1798 3772 ἑξῆς

205 3788 386 3863 ταύτῃ
427 3790 488 3842 οὐ
529 3791 655 3856 περὶ
697 3791 1020 3863 τετάρτηνῆ
1058 3792 1335 3864 πέμπτην,
1373 3792 1508 3846 ἀλλὰ
1535 3795 1664 3865 περὶ
1705 3792 1800 3846 ἑκ-

205 3898 346 3952 την·
385 3876 502 3934 εἶτα
549 3881 685 3952 μετὰ
713 3882 872 3936 τοῦτο
912 3883 1040 3954 περὶ
1083 3882 1181 3955 τὴν
1228 3884 1553 3956 ἑνδεκάτηνο
1594 3885 1798 3954 ὀφείλει

207 3974 324 4046 γάρ
373 3991 459 4038 τις
497 3973 654 4043 λόγος
698 3970 835 4028 εἶναι
871 3973 1020 4039 ἄξιος
1065 3975 1238 4048 Ἰησοῦ
1281 3977 1360 4040 είς
1405 3975 1495 4029 τὸν
1541 3975 1680 4047 μετὰ
1707 3975 1800 4030 τὸν

211 4067 438 4122 ἑωθινὸν
466 4068 654 4140 καιρὸν
673 4068 802 4140 τρία
826 4068 913 4123 ῖσα
938 4069 1281 4140 διαστήματα
1305 4070 1494 4142 τρίτης
1520 4070 1614 4123 καὶ
1636 4068 1801 4142 ’ἐκτης

210 4161 307 4212 καὶ
339 4161 568 4233 ἑννόιτης
599 4162 776 4235 ὧρας,
807 4162 905 4216 καὶ
935 4163 1052 4234 μετ’
1086 4161 1250 4214 αὐτὸν
1280 4159 1499 4215 ἔλαττον
1526 4160 1799 4232 διάστημα

207 4252 322 4306 τῦν
347 4270 415 4306 πε
425 4254 477 4325 ρῖ
493 4255 590 4326 τὴν
607 4255 894 4326 ἑνδεκάτην
911 4253 1182 4319 ἑστώτων,
1218 4254 1412 4309 ὁπόσον
1435 4249 1501 4326 ἦν
1523 4253 1795 4326 διάστημα

211 4343 324 4397 ἀπὸ
356 4344 450 4397 τοῦ
481 4345 596 4417 ἅμα
637 4346 780 4419 πρωῒ
815 4347 906 4399 ἐπὶ
937 4347 1037 4419 τὴν
1069 4345 1280 4419 τρίτην.
1318 4347 1393 4400 Οὐ
1420 4346 1714 4418 παρέργως
1740 4347 1797 4400 δὲ

212 4437 549 4510 προσεκτέον
581 4440 674 4494 καὶ
701 4438 778 4512 τῷ
810 4439 1303 4512 συμπεφωνηκέναι
1341 4439 1439 4511 μὲν
1469 4439 1561 4492 τδν
1597 4438 1801 4491 οἰκοδε-

1897 3341 2148 3398 quaenam
2176 3325 2248 3382 sit
2280 3326 2333 3379 in
2371 3341 2433 3381 ea
2470 3336 2896 3382 commemorata
2929 3327 3069 3395 dies,
3104 3344 3353 3399 quamam
3378 3329 3480 3384 ho-

1900 3435 1994 3488 rae,
2045 3429 2208 3492 atque
2246 3420 2377 3475 illud
2419 3420 2583 3475 etiam
2617 3436 2800 3488 nosse,
2831 3422 3076 3492 quinque
3104 3421 3480 3492 Operariorum

1899 3514 2133 3570 catervis
2158 3514 2399 3570 colendzc
2419 3514 2589 3568 vineae
2617 3514 2761 3570 vices
2787 3514 3236 3587 patremfamilias
3257 3514 3482 3570 fortuito

1901 3622 2010 3661 non
2058 3607 2321 3662 tribuere.
2357 3605 2666 3673 Quinetiam
2718 3621 2942 3661 causam
2997 3605 3342 3677 investigahit
3383 3606 3481 3678 qui

1901 3699 2044 3768 potis
2078 3698 2201 3764 erit,
2239 3715 2339 3754 cur
2373 3709 2553 3753 certos
2593 3700 2857 3768 quosdam
2890 3701 3170 3769 operarios
3201 3700 3268 3754 ad
3297 3700 3482 3755 colen-

1899 3791 2026 3845 dam
2061 3791 2274 3846 vincam
2301 3805 2460 3846 mane
2487 3791 2840 3857 conduxerit;
2880 3791 3018 3847 alios
3049 3806 3174 3847 vero
3207 3806 3315 3846 non
3345 3791 3479 3846 hora

1904 3885 2123 3954 quidem
2177 3884 2440 3950 secunda,
2470 3883 2562 3939 sed
2594 3885 2782 3950 tertia;
2821 3891 2875 3938 et
2905 3891 3304 3954 consequenter
3329 3882 3479 3949 huic,

1904 3993 2012 4032 non
2039 3986 2254 4048 quarta,
2285 3977 2367 4031 vel
2403 3976 2615 4045 quinta,
2654 3975 2747 4030 sed
2795 3983 2982 4041 sexta;
3022 3984 3137 4029 tum
3166 3988 3296 4026 vero
3328 3971 3482 4026 dein-

1905 4068 1994 4134 de,
2017 4068 2324 4124 undecima.
2353 4067 2551 4137 Aliqua
2574 4065 2718 4120 enim
2745 4065 2973 4120 subesse
3000 4065 3159 4120 debet
3183 4064 3322 4118 ratio
3351 4061 3481 4117 Jesu

1903 4161 2063 4233 digna
2087 4172 2307 4232 propter
2345 4176 2508 4232 quam
2533 4168 2746 4229 tempus
2775 4157 2906 4213 illud
2937 4157 3080 4228 quod
3109 4167 3230 4228 post
3259 4155 3485 4211 matuti-

1901 4270 2033 4322 num
2063 4252 2284 4318 efﬂuxit,
2319 4253 2493 4308 tribus
2515 4251 2815 4321 mqualibus
2844 4249 3140 4304 intervallis
3165 4247 3482 4304 distinctum

1904 4346 1994 4410 sit,
2029 4346 2203 4401 tertiae
2246 4359 2460 4415 nempe,
2503 4353 2689 4404 sexta,
2719 4353 2774 4397 et
2798 4359 2953 4398 nonae
2989 4343 3168 4407 horae;
3206 4351 3320 4396 tum
3350 4355 3482 4395 vero
3533 4336 3539 4344 ’

1905 4438 2099 4493 deinde
2126 4439 2308 4494 minus
2355 4438 2426 4493 sit
2471 4436 2812 4491 intervallum
2845 4449 3036 4492 eorum
3083 4435 3178 4507 qui
3209 4439 3354 4491 circa
3382 4434 3484 4489 ho-

1425 4534 1656 4592 VETUS
1693 4532 2280 4597 lNTERPRETATIO.

213 4627 470 4699 pieantnr
498 4645 621 4698 qua:
649 4629 890 4698 peccatis
924 4629 1162 4699 propriis
1217 4637 1558 4685 meruerunt.
1594 4627 1862 4682 Parabola
1897 4637 2079 4684 autem
2107 4643 2229 4699 quae
2258 4626 2614 4699 subsequitur
2646 4625 2781 4681 istos
2828 4639 3113 4682 sermones
3137 4665 3152 4687 .
3211 4623 3486 4699 significat

213 4695 340 4754 esse
373 4695 666 4756 salva'ndos
691 4701 852 4754 etiam
887 4695 1240 4767 novissimos,
1281 4699 1372 4768 qui
1401 4700 1562 4770 primi
1593 4700 1813 4769 quidem
1841 4709 1970 4754 sunt
1999 4695 2229 4769 Operati,
2264 4695 2546 4770 novissimi
2582 4705 2763 4770 autem
2798 4695 3484 4770 acceperuntmercedem.

214 4780 270 4824 ct
295 4772 420 4826 ideo
448 4787 570 4826 cum
604 4771 764 4841 primi
798 4770 1050 4834 fuissent,
1087 4766 1372 4825 noviSsiini
1401 4766 1549 4825 'sunt
1579 4766 1875 4825 existimati
1915 4789 1929 4826 :
1965 4766 2219 4828 meliores
2267 4783 2448 4825 autem
2479 4769 2572 4841 eis;
2605 4767 2760 4833 dicit,
2795 4767 2888 4841 qui
2947 4767 3232 4841 novissimi
3262 4766 3483 4841 quidem

215 4842 283 4895 ad
316 4857 488 4917 opera
520 4836 646 4917 sunt
669 4843 870 4906 vocati,
908 4851 1234 4911 receperunt
1281 4849 1462 4917 autem
1489 4843 1806 4917 mercedem
1823 4857 1928 4895 non
1956 4843 2141 4917 solum
2164 4843 2348 4912 primi,
2383 4841 2474 4917 sed
2504 4839 2668 4917 etiam
2696 4836 2959 4908 aequalem
2995 4839 3076 4892 eis
3096 4836 3485 4917 quiadversus

214 4905 674 4986 patremfamilias
709 4905 1212 4986 murmuravernnt,
1244 4921 1299 4967 et
1315 4911 1577 4986 dixerunt
1605 4931 1618 4966 :
1659 4929 1677 4962 ι
1719 4913 2144 4986 Ιδιξμιιονὶεείιιιί
2167 4905 2342 4968 ἰιιιιιιῐι
2385 4913 2582 4986 horam
2606 4905 2888 4973 fecerunt,
2917 4919 3004 4986 _et_
3033 4905 3272 4986 aequales
3306 4905 3483 4986 fecisti

213 4979 312 5039 eos
343 4983 654 5054 nobis,iqui
690 4984 1026 5054 portavimus
1058 4985 1271 5053 pondus
1297 4982 1402 5036 diei
1431 4991 1485 5037 et
1515 4991 1733 5040 aestum.
1774 5002 1792 5043 ι
1824 4982 1890 5038 Et
1919 4983 2079 5054 primi
2115 4993 2384 5040 vocantur
2403 4982 2494 5052 qui
2516 4980 2587 5036 ad
2613 4995 2777 5051 opera
2805 4979 3088 5035 novissimi
3120 4986 3249 5032 sunt
3281 4979 3483 5042 vocati,

212 5067 386 5128 eero
415 5053 749 5128 quodprimi
781 5064 1108 5128 acceperunt
1137 5053 1466 5128 mercedem,
1627 5122 1662 5128 __
1735 5124 1745 5128 _
1830 5124 1861 5128 __
1922 5053 1925 5054 ⁷
1995 5126 2003 5128 _
2136 5126 2183 5128 __
2255 5126 2283 5128 η
2847 5121 2861 5128 _
3071 5117 3084 5128 _
3203 5115 3215 5127 .
3262 5115 3275 5128 O
3380 5122 3392 5128 _
3432 5113 3444 5126 ,

286 5125 387 5198 28.
421 5117 446 5176 ἱ
470 5124 524 5178 1η
558 5117 650 5198 illo
677 5117 940 5198 tempore,
975 5125 1110 5179 dixit
1137 5124 1402 5180 Dominus
1423 5122 1584 5180 Jesus
1611 5122 1896 5198 discipulis
1923 5126 2038 5181 suis
2068 5144 2082 5182 :
2130 5126 2322 5182 Simile
2361 5136 2445 5184 cst
2483 5141 2715 5197 regnum
2761 5121 3026 5198 caglorum
3071 5117 3276 5198 homini
3306 5117 3482 5198 patri-

218 5193 482 5269 familias,
512 5195 606 5265 qui
630 5196 766 5269 exiit
790 5185 971 5266 primo
997 5212 1157 5250 mane
1185 5199 1491 5269 conducere
1521 5185 1803 5264 operarios
1842 5197 1906 5269 in
1961 5197 2170 5266 vineam
2196 5213 2391 5269 suam.
2438 5218 2457 5251 ι
2489 5185 2719 5253 Videtur
2752 5192 2969 5264 quidem
3012 5188 3193 5269 omnis
3219 5185 3484 5269 parabole

222 5267 341 5342 haec
373 5277 600 5342 propter
629 5267 734 5322 hoc
758 5265 878 5322 esse
910 5279 1186 5342 suscepta,
1219 5275 1276 5321 ut
1310 5266 1892 5342 discamusquomodo
1924 5268 2208 5342 novissimi
2243 5268 2525 5342 venientes
2550 5269 2617 5342 ad
2647 5281 2832 5342 opera,
2873 5265 3030 5342 quasi
3065 5265 3234 5342 primi
3279 5265 3489 5342 νρεῇῐξν,

259 5330 395 5391 rimi
444 5330 773 5407 acceperunt
826 5330 1130 5410 mercedem
1175 5330 1212 5392 ἐ
1267 5346 1322 5392 et
1368 5330 1646 5410 quomodo
1686 5338 1802 5410 ‘qui
1843 5339 2025 5410 vocati
2091 5337 2310 5394 fuerant
2367 5339 2552 5410 primi,
2604 5330 3008 5410 in_'novissimo
3064 5330 3182 5410 loco
3239 5343 3270 5382 a
3304 5330 3487 5398 patres

259 5354 383 5391 runt
444 5351 773 5407 acceperunt
826 5351 1130 5392 mercedem
1198 5355 1212 5392 :
1267 5351 1322 5392 et
1368 5351 1646 5406 quomouo
1709 5355 1802 5407 qui
1850 5351 2025 5393 vocati
2091 5351 2310 5394 tuerant
2367 5351 2552 5410 primi,
2604 5351 2658 5393 in
2709 5351 3008 5390 novissimo
3064 5351 3182 5382 lucu
3239 5351 3270 5382 a
3305 5351 3487 5398 patr-9»

218 5351 458 5464 Familias
491 5417 618 5465 sunt
658 5409 867 5480 statuti,
927 5417 1213 5478 propterea
1269 5407 1416 5480 quod
1469 5416 1530 5480 et
1573 5407 1855 5463 novissimi
1908 5419 2237 5478 acceperunt
2290 5412 2616 5479 mercedem.
2654 5406 2805 5462 Scire
2837 5409 3018 5480 autem
3063 5399 3489 5480 depenwsqm‘.

223 5483 370 5534 niam
421 5481 464 5535 si
520 5481 778 5550 parabola
823 5468 953 5535 Jesu
993 5468 1099 5534 ιἰιι
1127 5494 1236 5549 quo
1289 5468 1536 5533 thesauri
1573 5479 1848 5548 sapientiae
1876 5489 1929 5534 et
1979 5468 2223 5536 scicntia:
2263 5477 2567 5538 absconditi
2603 5487 2753 5545 sunt,
2779 5493 2799 5527 ι
2838 5473 3090 5527 discussa
3118 5468 3306 5538 fuerit,
3331 5477 3489 5539 tanta

292 5574 336 5605 ”
379 5571 570 5626 Matth.
603 5588 696 5639 xx,
724 5571 812 5627 12.
889 5571 934 5601 ⁸ο
975 5570 1108 5626 ibid.
1145 5571 1196 5639 1,
1231 5571 1314 5628 16.
1391 5573 1434 5604 ⁸¹
1459 5571 1576 5628 Col.
1614 5589 1674 5636 ιι,
1706 5572 1759 5626 5.

1917 5571 2060 5628 Psal.
2091 5591 2299 5642 Lxxvn,
2321 5577 2378 5632 2.
2456 5574 2501 5608 ⁸³
2516 5572 2706 5628 Matth.
2733 5584 2854 5638 xm,
2878 5569 2968 5624 55.

295 5666 406 5742 (ff)
447 5664 556 5742 Καὶ
586 5665 686 5742 Δὅτι
734 5666 806 5742 of)
852 5664 1002 5742 κατὰ
1029 5665 1458 5742 ἀποκλήρωσιν
1505 5663 1798 5742 (5‘01;qu-

1915 5669 2044 5742 βοῦς
2063 5688 2078 5702 ·
2104 5671 2247 5725 κατὰ
2275 5670 2678 5742 ἀποκλήρωσιν.
2705 5667 2790 5742 his
2817 5665 2953 5721 locis
2987 5663 3238 5742 itlemﬂest
3262 5675 3327 5716 ac
3351 5659 3488 5742 ἀπρ-

223 5731 478 5814 σπῷτὴς.
509 5735 694 5814 _Infra,_
717 5735 834 5801 πῶς
866 5731 1520 5814 ob_xava‘t_dt1=o£).ﬁeo{ctv
1545 5738 1574 5790 ὁ
1603 5735 1798 5814 οἰκοδε-

1912 5731 2290 5814 κληρωτικῶς,
2328 5731 2589 5814 ὶιοιι-εὲἐιηι
2616 5737 2842 5814 fortuito
2862 5751 3042 5814 _casu.
3079 5753 3098 5786 ι
3125 5731 3404 5814 Caeterum
3418 5731 3490 5788 de

227 5801 441 5882 σπότης
456 5808 614 5882 πέντε
633 5809 909 5882 τάγμασιν
938 5808 1186 5880 ἑργατῶν
1211 5801 1798 5882 παραδίδωσιλτὰμέργα

1911 5801 2309 5882 signiﬁcatione
2341 5812 2488 5869 vocis
2517 5811 2682 5876 illius,
2715 5807 3121 5882 ἀποκλήρωσις,
3151 5803 3275 5860 vide
3319 5801 3484 5872 infra.

227 5879 319 5934 τοῦ
349 5879 703 5949 ἀμπελῶνος;
729 5878 783 5934 et
814 5879 907 5933 lib.
938 5878 980 5930 γ’
995 5889 1188 5949 contra
1214 5878 1452 5949 gelsum,
1480 5878 1574 5949 καὶ
1594 5878 1673 5949 μὴ
1706 5895 1798 5930 κα-

1911 5878 2174 5939 libertus.

228 5897 319 5934 του
349 5895 703 5949 αμπεΑωνος;
729 5895 783 5934 et
814 5895 907 5933 nu.
938 5895 969 5930 v
1005 5895 1188 5932 contra
1221 5895 1452 5941 celsum,
1480 5895 1683 6000 και
1706 5895 1800 5930 κα-

228 5950 297 6016 τὰ
341 5949 722 6023 ἀποκληρωσιν
774 5949 950 6004 σέϐειν
980 5947 1080 6014 όῖς,
1111 5949 1144 6021 ἢ
1179 5945 1356 6021 αἶγας,
1393 5947 1553 6035 ind;
1619 5967 1652 6021 η
1689 5949 1800 6029 sia;
