3954 6554
148 443 314 517 tm
1142 441 1502 511 tenuem.
1544 447 1610 505 IN
1648 436 2065 507 narrum:
2107 444 2343 504 renus
2377 443 2492 501 xv.
3306 442 3447 500 ista

135 576 275 646 γάρ
314 573 579 647 κεκίνηκε
627 572 720 628 τὸν
760 572 949 647 κύριον
983 571 1077 627 τοῦ
1118 572 1461 645 ἀμπελῶνος,
1489 571 1630 627 ῶστε
1673 588 1757 626 κε-

1868 567 2003 623 Nam
2044 584 2152 639 qua
2194 582 2253 623 re
2300 575 2585 637 permotus
2615 562 2788 620 vinea:
2830 563 3085 620 dominus
3112 565 3447 636 procuratori

134 665 367 722 λεῦσαι
390 666 468 738 τῷ
493 666 777 741 ἐπιτρόπῳ
804 664 1032 721 καλέσαι
1058 667 1185 730 τοὺς
1218 666 1477 739 ἐργάτας,
1511 666 1607 720 καὶ
1637 666 1757 720 ἀπο-

1862 661 2054 731 jussit,
2078 668 2138 715 ut
2166 667 2389 715 vocaret
2418 656 2703 728 operarios
2733 666 2787 711 et
2816 657 3122 712 mercedem
3152 657 3233 714 eis
3256 657 3447 713 redde-

133 759 359 815 δοῦναι
401 760 493 814 τὸν
552 759 765 831 μισθὸν,
820 758 1129 831 ἀρξάμενον
1175 758 1286 813 ἀπὸ
1338 758 1450 813 τῶν
1497 757 1763 829 ἐσχάτων,

138 853 253 909 καὶ
292 852 477 917 οὕτως
520 852 835 907 ἀναϐαίνειν
870 852 976 918 ἕως
998 852 1108 907 τῶν
1135 850 1367 925 πρώτων
1387 892 1402 917 ,
1436 852 1524 906 ἴνα
1559 851 1765 924 πρῶτοι

142 947 264 1018 μὲν
331 945 683 1001 ἀπολάϐωσιν
729 947 779 999 οί
824 946 927 1017 τὴν
975 936 1287 1018 ἑνδεκάτην,
1334 944 1575 1018 δεύτεροι
1620 944 1677 999 δέ
1715 945 1766 997 οἱ

139 1038 260 1110 τὴν
300 1037 556 1108 ἐννάτην,
594 1037 691 1092 καὶ
718 1036 891 1109 τρίτοι
920 1037 971 1091 οἱ
994 1037 1093 1109 τὴν
1125 1037 1314 1109 ἐκτην,
1349 1038 1442 1091 ml.
1474 1036 1612 1108 μετά
1642 1035 1767 1090 τού-

138 1143 294 1191 τους
329 1128 385 1181 οί
421 1127 521 1198 τὴν
561 1127 787 1200 τρίτην,
830 1128 926 1182 καὶ
969 1128 1266 1182 τελευταῖοι
1305 1130 1353 1182 οἱ
1390 1127 1571 1199 πρωῖς
1608 1127 1766 1182 τοῦτο

139 1219 269 1291 γάρ
310 1218 503 1290 σαφῶς
535 1218 788 1290 δηλοῦται
822 1220 933 1275 ἀπὸ
952 1220 1079 1275 τοῦδ
1110 1239 1129 1273 ι
1184 1220 1405 1284 ’Δπόδος
1429 1220 1521 1274 τὸν
1550 1219 1762 1291 μισθὸν,

142 1312 485 1385 ἀρξάμενος
514 1313 624 1367 ἀπὸ
642 1312 752 1368 τῶν
777 1313 1023 1385 ἐσχάτων
1058 1314 1163 1379 ἐως
1196 1314 1304 1368 τῶν
1327 1312 1578 1387 πρώτων.
1616 1333 1636 1367 ι
1669 1315 1765 1380 Τίς

144 1405 239 1470 δὲ,
260 1404 430 1478 παρά
455 1406 547 1460 τὸν
572 1406 760 1478 κύριον
778 1406 875 1459 τοῦ
891 1407 1233 1478 ἀμπελῶνος,
1255 1410 1284 1461 ὁ
1303 1407 1398 1461 τοῦ
1431 1408 1620 1479 κυρίου
1642 1408 1764 1463 ἐπί-

141 1511 397 1567 τροπος,
435 1495 609 1561 διδοὺς
643 1497 736 1550 τὸν
772 1497 963 1569 μισθὸν
1003 1497 1148 1551 κατά
1191 1497 1252 1552 τὸ
1299 1498 1488 1570 κυρίου
1526 1499 1765 1572 πρόστα-

145 1602 322 1657 γμας
391 1586 548 1640 ’Δλλά
600 1587 759 1660 εἴπερ
800 1590 848 1641 οἱ
898 1590 958 1643 ἐν
996 1591 1063 1661 τῇ
1099 1588 1295 1662 ἐννάτῃ
1323 1588 1613 1661 κληθέντες
1645 1588 1764 1661 ῶρᾳ

144 1677 260 1732 οὐκ
307 1677 622 1733 ἐϐάστασαν
665 1680 727 1732 τὸ
774 1679 939 1752 βάρος
981 1680 1081 1751 τῆς
1110 1681 1327 1752 ἡμέρας
1359 1682 1455 1735 καὶ
1493 1679 1586 1735 τὸν
1627 1680 1763 1736 καύ-

151 1787 320 1825 σωνα
339 1812 357 1836 ,
404 1771 647 1842 δηλονότι
684 1772 783 1844 οὐχ
808 1768 954 1827 οὗτοι
990 1771 1287 1843 ἐγόγγυζον
1320 1773 1462 1827 κατά
1490 1772 1584 1828 τοῦ
1614 1774 1760 1828 οίκο-

146 1861 434 1917 δεσπότου
485 1863 735 1933 λέγοντες
788 1866 893 1929 ὅτι,
958 1884 978 1917 ι
1038 1859 1196 1921 Οὗτοι
1256 1867 1305 1919 ol
1359 1864 1577 1935 ἔσχατοι
1630 1865 1759 1937 μίαν

148 1952 316 2025 ῶραν
341 1956 628 2029 ἐποίησαν,
658 1959 755 2012 καὶ
791 1957 939 2023 ἴσους
968 1960 1101 2030 ἡμῖν
1127 1959 1324 2023 αὐτοὺς
1352 1959 1614 2029 ἐποίησας
1645 1961 1754 2024 τοῐς

151 2046 479 2116 βαστάσασι
510 2048 570 2102 τὸ
595 2049 762 2122 βάρος
792 2047 893 2121 τῆς
922 2050 1138 2122 ἡμέρας
1170 2050 1265 2104 καὶ
1287 2049 1378 2105 τὸν
1410 2049 1695 2104 καύσωναο
1729 2068 1747 2100 ι

150 2138 275 2192 ἀλλ’
311 2139 441 2195 οὖδέ
463 2143 512 2194 cl
540 2142 638 2213 τὴν
665 2142 830 2213 ἕκτην
854 2141 1148 2214 κληθέντες
1172 2142 1232 2197 τδ
1254 2142 1420 2214 βάρος
1449 2142 1754 2197 ἐϐάστασαν

150 2224 260 2295 τῆς
284 2226 527 2298 ἡμέρας,
564 2226 679 2281 ἀλλ’
710 2231 759 2282 εί
790 2230 900 2301 ἄρα
940 2229 1036 2283 τοῦ
1079 2230 1312 2302 ἡμίσους
1357 2231 1458 2303 τῆς
1501 2232 1749 2303 ἡμέρων

151 2315 254 2371 καὶ
281 2318 336 2370 el
366 2320 438 2389 τῇ
479 2318 633 2391 τρίτῃ
672 2319 729 2372 δὲ
758 2319 1049 2391 κληθέντες
1076 2322 1136 2375 οὐ
1170 2322 1268 2393 τῆς
1288 2320 1416 2394 ὅλης
1447 2322 1753 2377 ἐϐάστασαν

151 2408 388 2483 ἡμέρας
419 2409 481 2463 τὸ
506 2409 672 2483 βάρος
690 2454 704 2477 ,
737 2412 858 2465 ἀλλ’
887 2414 936 2465 εί
969 2413 1049 2467 δεῖ
1073 2414 1316 2487 ἀκριϐῶς
1341 2415 1628 2487 ὀνομάσαι,
1657 2416 1752 2470 τοῦ

153 2500 408 2571 ἡμίσους
453 2504 548 2557 καὶ
586 2503 680 2558 τοῦ
713 2505 973 2577 τετάρτου
1004 2508 1103 2578 τῆς
1136 2508 1347 2581 ἡμέρας
1367 2526 1380 2539 ·
1434 2509 1584 2581 μόνοι
1613 2510 1671 2563 δὲ
1703 2513 1753 2565 οἱ

151 2592 270 2646 ἀπὸ
319 2594 420 2666 τῆς
456 2595 531 2648 ἒω
576 2598 982 2669 μεμισθωμένοι
1026 2599 1089 2653 τὸ
1134 2600 1299 2672 βάρος
1322 2601 1629 2657 ἐϐάστασαν
1653 2604 1753 2674 τῆς

154 2684 386 2756 ἡμέρας
416 2687 629 2742 καὶτὸν
674 2690 928 2745 καύσωνα
953 2708 968 2722 ·
1008 2691 1125 2746 ὅλον
1176 2692 1276 2765 μὲν
1323 2694 1372 2747 oi
1413 2694 1524 2748 ἀπὸ
1552 2695 1653 2767 τῆς
1679 2695 1755 2749 ἔω

161 2774 609 2847 μεμισθωμένοι·
650 2779 699 2833 οἱ
725 2778 782 2832 δὲ
829 2780 1007 2835 λοιποὶ⁸
1050 2780 1203 2855 παρὰ
1242 2783 1367 2847 τοὺς
1413 2783 1754 2848 τελευταίους

156 2866 435 2936 ἀνάλογον
469 2868 549 2940 τῷ
579 2871 757 2944 καιρῷ
793 2865 838 2942 ᾧ
862 2874 919 2926 ἐν
946 2873 1025 2945 τῷ
1053 2874 1334 2946 ἀμπελῶνι
1369 2878 1750 2948 πεποιήκασιν.

245 2961 411 3015 Ἐπεὶ
431 2961 491 3015 δὲ
520 2962 766 3035 διάφοροί
785 2966 894 3019 είσι
922 2966 1228 3039 παραϐολαὶ
1257 2968 1616 3040 όνομάζουσαι
1648 2972 1755 3042 ἀμ-

160 3048 391 3107 πελῶνα
415 3094 429 3119 ,
477 3051 735 3128 ζητηθείη
777 3056 842 3111 ἂν
876 3057 1106 3130 πότερον
1135 3057 1277 3113 κατά
1308 3059 1580 3133 διαφόρων
1610 3078 1753 3133 πρα-

161 3142 398 3214 γμάτων
435 3144 558 3200 καθ’
599 3147 830 3202 ἕκαστον
870 3151 899 3203 ό
947 3149 1206 3220 ἀμπελὼν
1239 3151 1752 3224 παραλαμϐάνεται,

160 3234 198 3308 ἢ
222 3234 375 3290 κατὰ
398 3237 494 3292 τοῦ
516 3239 682 3294 αὐτοῦ
713 3241 1059 3313 πράγματος.
1103 3241 1245 3312 Ἐγὼ
1272 3243 1480 3315 νομίζω
1508 3245 1618 3299 δεῖν
1647 3242 1757 3311 ἐξε-

160 3328 331 3383 ⁴ιιιὶσιιιι
361 3328 449 3383 διά
469 3330 521 3382 τί
547 3331 609 3384 οὐ
632 3331 768 3403 πρὸς
796 3332 1008 3397 πάντας
1037 3335 1164 3398 τοὺς
1196 3334 1452 3400 ἐλθόντας
1483 3335 1753 3408 πρώτους,

163 3419 257 3473 καὶ
291 3419 631 3491 νομίζοντας,
674 3424 756 3477 ὅτι
792 3423 953 3479 πλέον
984 3425 1277 3498 λήψονται,
1319 3430 1413 3482 καὶ
1450 3430 1757 3499 γογγύσαν-

163 3526 263 3574 τας
296 3512 440 3566 κατά
471 3513 565 3568 τοῦ
593 3516 1004 3583 οἰκοδεσπότου,
1035 3519 1371 3591 ἀπεκρίνατο
1396 3522 1425 3574 ὁ
1455 3521 1759 3576 οἰκοδεσπό-

162 3617 288 3672 της,
337 3604 455 3658 ἀλλ’
502 3608 584 3661 ἐνὶ
617 3609 764 3682 μόνῳ
792 3606 944 3664 εἶπεν
978 3611 1159 3666 αὐτῶν
1192 3613 1280 3667 τό·
1324 3631 1344 3665 ι
1387 3614 1625 3686 Ἑταῖρε,
1656 3615 1756 3668 οὐκ

164 3692 341 3747 ἀδικῶ
361 3712 422 3748 σε
444 3712 459 3727 ·
494 3698 614 3769 οὐχὶ
638 3699 896 3773 δηναρίου
924 3701 1310 3776 συνεφώνησάς
1335 3723 1424 3776 μοι
1446 3723 1459 3771 ;
1490 3705 1584 3760 καὶ
1616 3704 1757 3758 θέλω

164 3784 347 3857 τούτῳ
375 3785 453 3857 τῷ
484 3790 697 3863 ἐσχάτῳ
733 3792 918 3849 δοῦναι
950 3793 1026 3857 ὡς
1058 3796 1152 3849 καὶ
1175 3795 1278 3849 σοί.
1317 3814 1336 3847 ι
1375 3797 1497 3849 Ὀτι
1528 3798 1628 3869 μὲν
1662 3793 1755 3851 οῦν

165 3876 343 3931 ταῦτα
373 3881 472 3933 καὶ
503 3880 571 3935 τά
602 3882 812 3951 τούτοις
857 3888 1217 3962 παραπλήσια
1255 3888 1560 3960 ἐπιδέχεται
1598 3891 1632 3962 ἡ
1665 3892 1757 3943 ἐκ-

167 3968 398 4043 κειμένη
446 3972 730 4048 παραϐολὴ
761 3972 798 4032 ἀ
830 3976 1065 4051 ζητήσαι
1096 3998 1180 4045 τις
1208 3979 1275 4034 ἂν
1302 3983 1383 4044 είς
1411 3981 1604 4053 αὐτὴν,
1638 3982 1756 4037 δια-

169 4060 579 4137 ϐεϐαιωσαίμην
620 4067 716 4122 ἀν’
759 4071 842 4124 ὅτι
889 4072 948 4126 δὲ
978 4073 1079 4126 οὐκ
1122 4073 1270 4127 ἐστιν
1318 4075 1492 4127 εἰπεῖν
1533 4076 1611 4139 είς
1654 4074 1754 4148 τὴν

169 4154 293 4207 κατ’
314 4156 812 4236 ἀξίαν’παραϐολὴν
850 4164 1009 4219 ἀλλον
1048 4165 1081 4238 ἢ
1114 4165 1205 4220 τὸν
1238 4167 1487 4238 φήσαντα
1516 4166 1581 4221 ἂν
1618 4170 1754 4241 μετά

166 4246 262 4334 τοῦ
293 4248 581 4321 ἀληθεύειν
602 4254 663 4308 τό
681 4273 694 4286 ·
744 4276 762 4308 ι
804 4258 997 4331 Ἡμεῖς
1018 4260 1075 4314 δὲ
1099 4261 1224 4316 νοῦν
1238 4261 1476 4334 Χριστοῦ
1494 4263 1707 4334 ἔχομεν,
1729 4282 1748 4315 ι

169 4331 263 4395 καὶ
296 4343 455 4397 τοῦτο
500 4345 718 4420 θαρρῶν
764 4352 1173 4424 ἀποφανοῦμαι.
1206 4331 1304 4419 Τίς
1328 4350 1423 4408 οῦν
1474 4331 1600 4425 apd
1622 4355 1763 4430 ἔγνω

168 4432 259 4489 τὸν
324 4438 384 4489 ἐν
444 4441 511 4511 τῇ
556 4443 838 4516 παραϐολῇ
902 4445 1074 4518 ταύτῃ
1136 4445 1260 4501 νοῦν
1317 4447 1589 4519 Χριστοῦ,
1649 4448 1682 4520 ἢ
1735 4451 1763 4503 ό

170 4524 546 4617 ἐμπαρασχὼν
588 4534 780 4589 ἑαυτὸν
814 4536 891 4608 τῷ
923 4534 1292 4611 Παρακλήτῳ,
1341 4539 1471 4611 περὶ
1502 4533 1563 4593 οῦ
1600 4555 1763 4611 φησιν

167 4619 196 4672 ό
231 4621 448 4695 Σωτὴρ,
490 4625 573 4679 ὅτι
597 4668 612 4693 ,
648 4647 671 4679 ι
730 4628 967 4694 Ἐκεῖνος
1013 4631 1160 4702 ὑμᾶς
1193 4631 1397 4697 διδάξει
1432 4632 1632 4695 πάντα,
1667 4632 1762 4685 καὶ

171 4712 479 4785 ὑπομνήσει
519 4719 662 4788 ὑμᾶς
706 4721 1030 4777 πάντα-ὅσα
1067 4719 1222 4777 εἷπον
1263 4725 1430 4795 ὑμῖνς
1488 4743 1506 4776 ι
1543 4724 1635 4796 Μὴ
1678 4726 1755 4777 δι-

169 4803 460 4874 δάσκοντος
494 4810 603 4884 γάρ
630 4812 724 4867 τοῦ
751 4816 1113 4888 Παρακλήτου
1143 4818 1319 4872 πάντα
1352 4818 1387 4874 ἀ
1416 4812 1569 4873 εἶπεν
1589 4821 1618 4873 ό
1652 4820 1755 4892 Ἰη-

172 4897 297 4963 σοῦς
315 4937 331 4963 ,
366 4903 460 4955 καί⁸
490 4904 693 4975 ταύτην
724 4906 822 4978 τὴν
855 4908 1168 4982 παραϐολὴν
1188 4949 1204 4973 ,
1237 4910 1338 4963 οὐκ
1369 4910 1436 4964 ἂν
1466 4910 1679 4978 λέγοιτό
1709 4927 1762 4964 τι

1866 762 1971 821 ret,
2004 752 2161 808 initio
2194 768 2223 807 a
2256 751 2548 823 postremis
2580 749 2744 814 facto,
2796 757 2959 819 atque
3002 749 3075 803 ita
3131 750 3198 804 ad
3240 750 3451 819 primos

1866 861 2043 916 usque
2074 843 2506 916 progrediendo;
2544 851 2604 899 ut
2641 843 2854 914 priores
2890 841 3111 914 quidem
3144 842 3448 899 mercedem

1866 938 2172 1008 reciperent
2226 937 2321 1008 qui
2372 936 2506 991 hora
2547 936 2858 999 undecima,
2889 934 3117 990 secundi
3159 934 3253 1005 qui
3284 949 3449 1001 nona,

1868 1032 2011 1086 tertii
2041 1033 2134 1102 qui
2175 1039 2350 1095 sexta,
2380 1038 2504 1100 post
2536 1030 2655 1085 illos
2684 1030 2881 1086 deinde
2906 1028 3001 1100 qui
3036 1030 3214 1095 tertia,
3260 1037 3314 1083 et
3354 1043 3453 1098 po-

1867 1125 2053 1180 stremi
2087 1123 2304 1179 tandem
2335 1124 2427 1194 qui
2455 1139 2674 1178 summo
2700 1138 2860 1177 mane
2896 1121 3114 1178 fuerant
3158 1120 3453 1177 conducti?

1866 1216 1920 1272 id
1954 1218 2100 1272 enim
2135 1217 2220 1271 vel
2249 1217 2373 1271 inde
2410 1217 2579 1286 liquet
2613 1234 2625 1270 :
2664 1234 2682 1267 ι
2729 1215 2914 1271 lledde
2951 1216 3281 1279 mercedem,
3322 1212 3453 1269 inci-

1866 1310 2076 1381 pieusa
2126 1308 2444 1364 novissimis
2498 1323 2674 1378 usque
2719 1308 2786 1362 ad
2844 1308 3072 1377 primos.
3116 1323 3135 1359 ι
3186 1306 3449 1373 Quisnam

1876 1416 2027 1468 vero,
2063 1411 2260 1471 praeter
2280 1400 2460 1471 ipsum
2489 1400 2663 1454 vinea:
2691 1399 2998 1467 dominum,
3019 1399 3225 1455 domini
3255 1408 3452 1470 procu-

1868 1504 2018 1551 rator
2067 1497 2159 1552 ille
2202 1504 2305 1563 est,
2349 1494 2443 1566 qui
2493 1493 2801 1550 mercedem
2845 1510 2912 1549 ex
2955 1493 3162 1549 domini
3193 1492 3452 1548 mandato

1864 1589 2090 1661 pendit?
2125 1588 2230 1644 Sed
2271 1589 2318 1645 si
2348 1588 2458 1643 diei
2501 1586 2719 1658 pondus
2755 1594 2807 1642 et
2830 1596 3025 1642 aestum
3063 1601 3171 1640 non
3198 1596 3451 1656 portave-

1863 1693 1987 1739 rant
2032 1684 2126 1754 qui
2170 1685 2302 1738 hora
2345 1697 2487 1737 nona
2542 1681 2794 1737 accersiti
2832 1690 2981 1746 sunt,
3021 1696 3122 1735 nec
3156 1680 3275 1733 illos
3306 1687 3451 1740 certe

1863 1773 2127 1830 adversus
2163 1770 2621 1845 patremfamilias
2684 1784 3060 1825 murmurassc
3099 1769 3447 1839 perspicuum

1862 1879 1965 1938 est,
1999 1870 2243 1926 dicentes
2270 1869 2315 1901 ⁸³
2346 1887 2361 1924 :
2394 1885 2411 1920 ι
2453 1866 2519 1922 Hi
2548 1867 2833 1923 novissimi
2872 1882 2981 1922 una
3012 1867 3150 1922 hora
3178 1865 3447 1933 fecerunt,

1857 1970 1911 2017 et
1935 1972 2095 2033 pares
2120 1961 2243 2017 illos
2285 1960 2445 2016 nobis
2482 1960 2682 2027 fecisti,
2722 1960 2815 2029 qui
2859 1942 3203 2030 portavimus
3238 1958 3450 2030 pondus

1857 2052 1964 2108 diei
1999 2062 2055 2108 et
2089 2061 2321 2118 aestum;
2366 2037 2396 2103 ι’
2423 2067 2599 2121 neque
2636 2066 2800 2121 porro
2850 2052 3066 2123 pondus
3102 2050 3208 2106 diei
3259 2060 3448 2123 porta-

1854 2154 2054 2201 verunt
2075 2145 2170 2216 qui
2198 2153 2350 2200 sexta
2382 2144 2514 2200 hora
2538 2145 2697 2199 acciti
2723 2153 2870 2211 sunt,
2912 2144 3019 2199 nisi
3062 2144 3295 2199 fortasse
3320 2153 3451 2214 par-

1859 2245 1963 2294 tem
1991 2238 2097 2293 diei
2138 2237 2421 2293 dimidiam
2465 2255 2478 2290 :
2526 2251 2625 2292 nec
2672 2236 2800 2291 item
2827 2236 2919 2307 qui
2952 2238 3089 2291 hora
3138 2237 3294 2293 tertia
3322 2242 3451 2292 sunt

1854 2330 2104 2386 advocati
2140 2330 2355 2401 pondus
2400 2328 2568 2384 totius
2619 2328 2726 2384 diei
2780 2338 3155 2396 portaverunt,
3202 2336 3297 2384 sed
3339 2328 3448 2384 diei

1855 2422 2140 2479 semissem
2175 2421 2555 2477 tantummodo
2577 2437 2701 2477 cum
2729 2420 3055 2491 quadrante,
3095 2422 3142 2477 si
3167 2421 3329 2476 modo
3358 2434 3448 2477 res

1855 2523 2110 2572 accurate
2140 2514 2462 2585 explicanda
2491 2521 2610 2582 est;
2651 2529 2841 2568 verum
2872 2514 2906 2567 ii
2949 2513 3213 2568 duntaxat
3242 2513 3336 2583 qui
3364 2511 3450 2568 di-

1854 2608 2166 2663 lucescente
2208 2606 2449 2677 primum
2497 2605 2587 2662 die
2630 2605 2883 2662 conducti
2919 2614 3067 2669 sunt,
3094 2605 3204 2660 diei
3232 2605 3447 2675 pondus

1855 2712 1907 2756 et
1928 2709 2121 2756 mstqu
2156 2707 2543 2771 portaverunt;
2572 2714 2636 2755 ac
2660 2708 2833 2754 totum
2865 2699 3088 2769 quidem
3110 2700 3203 2770 qui
3230 2714 3450 2756 summo

1858 2808 2017 2847 mane
2041 2802 2171 2849 sunt
2203 2791 2504 2860 conducti;
2531 2791 2727 2862 reliqui
2751 2800 2954 2855 autem,
2980 2801 3175 2861 praeter
3201 2791 3445 2858 ultimos,

1856 2901 1956 2955 pro
1982 2884 2245 2954 temporis
2276 2884 2489 2940 ratione
2522 2900 2633 2954 quo
2666 2898 2807 2953 opus
2838 2883 2892 2937 in
2913 2884 3070 2937 vinea
3101 2883 3369 2939 fecerunt.

1925 2976 2090 3048 697
2125 2974 2215 3033 30.
2252 2974 2522 3042 Quoniam
2561 2984 2742 3030 autem
2776 2975 2829 3029 in
2863 2974 3029 3028 variis
3063 2973 3334 3044 parabolis
3365 2974 3446 3029 vi-

1859 3085 1974 3124 nea:
2005 3068 2206 3123 mentio
2250 3068 2514 3138 injicitur,
2562 3083 2629 3121 an
2667 3067 2733 3121 ad
2799 3067 3043 3122 diversas
3099 3082 3187 3121 res
3234 3065 3446 3137 signifi-

1858 3161 2062 3215 candas
2100 3158 2375 3231 sigillatim
2404 3159 2561 3214 vinea
2600 3165 2913 3227 usurpetur,
2958 3173 3025 3210 an
3057 3156 3124 3211 ad
3175 3157 3443 3219 eamdem,

1859 3250 2029 3322 quaeri
2084 3259 2282 3321 potest.
2332 3249 2445 3321 Ego
2501 3266 2629 3305 vero
2683 3248 3096 3319 disquirendum
3159 3262 3279 3303 esse
3330 3247 3447 3303 exi-

1859 3344 2022 3399 stimo
2048 3359 2148 3400 cur
2184 3359 2293 3399 non
2340 3330 2597 3400 omnibus
2622 3343 2716 3413 qui
2759 3342 2920 3414 primi
2969 3350 3253 3405 venerant,
3298 3347 3352 3396 et
3386 3355 3447 3397 se

1858 3435 2013 3506 plura
2044 3443 2364 3506 accepturos
2395 3434 2613 3491 fuerant
2635 3434 2905 3502 arbitrati,
2948 3442 3003 3489 et
3039 3432 3303 3488 adversus
3350 3448 3443 3504 pa-

1859 3526 2239 3584 tremfamilias
2281 3536 2777 3592 murmuraverant,
2827 3526 3169 3597 responderit
3211 3524 3448 3597 paterfa—

1859 3620 2060 3686 milias,
2093 3619 2187 3676 sed
2211 3620 2820 3676 uniduntaxatillorum
2839 3619 3039 3675 dixerit
3064 3619 3140 3675 “z
3178 3638 3197 3671 ι
3234 3619 3444 3688 Amice,

1862 3727 1970 3766 nou
2005 3711 2148 3767 facio
2181 3711 2278 3767 tibi
2325 3712 2619 3783 iniuriam;
2661 3726 2841 3768 nonne
2865 3727 2930 3767 ex
2977 3711 3204 3767 denario
3248 3727 3448 3768 conve-

1858 3804 1985 3859 nisti
2026 3819 2238 3858 mecum
2263 3804 2286 3858 ’ἒ
2313 3804 2435 3859 volo
2463 3812 2517 3859 et
2548 3804 2679 3859 huic
2706 3804 3009 3859 novissimo
3046 3803 3176 3859 dare
3219 3803 3359 3858 sicut
3392 3813 3448 3857 ct

1858 3897 1980 3952 tibi.
2015 3916 2033 3949 ι
2073 3890 2198 3952 Ilazc
2228 3896 2393 3967 igitur
2421 3907 2475 3951 et
2497 3896 2565 3952 iis
2593 3895 2898 3953 consimilia
2946 3896 3000 3950 in
3033 3896 3317 3967 proposita
3351 3911 3447 3965 pa-

1856 3989 2042 4044 rabola
2072 3989 2142 4045 ab
2173 3989 2361 4059 aliquo
2386 3988 2764 4060 investiganda
2808 3988 3079 4043 contineri
3102 3997 3251 4043 certo
3295 3986 3442 4041 afﬁr-

1864 4097 2012 4136 mare
2051 4097 2313 4152 possum;
2357 4097 2546 4137 verum
2600 4089 2650 4136 et
2706 4095 2870 4151 super
2916 4096 2980 4136 ea
3035 4093 3134 4151 pro
3184 4079 3445 4149 dignitate

1861 4174 2147 4241 disserere,
2198 4176 2266 4231 ad
2316 4176 2485 4229 alium
2529 4171 2753 4229 minime
2805 4174 3095 4243 pertinere,
3145 4188 3308 4242 quam
3348 4171 3445 4242 qui

1861 4282 1988 4323 vere
2019 4268 2158 4324 dixit
2184 4269 2230 4300 “°
2268 4285 2283 4322 :
2325 4285 2345 4320 ι
2383 4267 2495 4325 Nos
2533 4276 2714 4323 autem
2756 4282 2978 4323 sensum
3020 4265 3225 4322 Christi
3282 4265 3446 4321 habe-

1862 4374 2006 4426 mus,
2059 4379 2077 4412 ι
2113 4361 2165 4415 id
2215 4360 2496 4416 enimvero
2544 4359 2888 4430 prmﬁdcnler
2932 4374 3148 4431 quoque
3203 4372 3446 4428 pronun-

1863 4453 2030 4508 tiabo.
2083 4451 2218 4519 Quis
2261 4453 2426 4524 igitur
2482 4452 2740 4523 cognovit
2782 4465 3002 4508 sensum
3048 4449 3336 4506 Domini“
3386 4448 3443 4503 in

1861 4543 1966 4600 hac
2003 4544 2263 4615 paraboia
2314 4543 2743 4610 delitescentem,
2785 4551 3146 4614 praeterquam
3198 4539 3294 4612 qui
3340 4538 3447 4596 sei-

1862 4651 2019 4706 psum
2065 4636 2351 4691 Paracleto
2381 4636 2650 4707 permisit,
2684 4637 2752 4691 dc
2799 4651 2908 4707 quo
2953 4638 3028 4692 ait
3077 4634 3334 4691 Senator
3356 4634 3446 4691 ":

1868 4745 1887 4778 ι
1927 4725 2021 4782 llle
2051 4742 2150 4783 vos
2192 4726 2427 4793 docebit,
2473 4733 2527 4781 et
2567 4736 2819 4797 suggeret
2866 4727 3051 4783 omnia
3108 4740 3449 4797 quaecunque

1866 4819 2057 4876 dixero
2090 4819 2281 4874 vobis?
2315 4838 2334 4871 ι
2372 4811 2486 4873 Nisi
2520 4820 2666 4875 enim
2715 4834 3056 4889 quaecunque
3100 4819 3238 4874 dixit
3263 4815 3448 4881 Iesus,

1867 4920 1921 4965 et
1952 4912 2126 4982 ipsam
2154 4912 2295 4968 hanc
2320 4912 2658 4983 parabolam,
2682 4912 2929 4967 docuerit
2945 4910 3279 4976 Paracletus,
3304 4909 3448 4965 haud

1366 5000 1599 5060 VETUS
1638 5001 2215 5059 INTERPRETATIO.

177 5089 303 5177 simi
336 5107 471 5177 vero
501 5094 594 5177 qui
635 5093 969 5177 mane._lloc
1005 5097 1151 5151 enim
1179 5095 1627 5177 manifestissime
1657 5099 2059 5177 declaratur-ex
2084 5115 2150 5155 eo
2181 5099 2326 5177 quod
2356 5099 2525 5177 dicit;
2564 5120 2581 5151 ι
2610 5099 2807 5177 _R_edde
2829 5097 3154 5177 mercedem,
3183 5095 3449 5166 incipiens

172 5174 202 5240 ξ
233 5166 555 5240 novissimis
570 5182 762 5240 nsque
780 5167 849 5240 ad
877 5167 1104 5240 primos.
1136 5188 1155 5220 ι
1176 5167 1329 5240 _Quis
1352 5178 1534 5240 autem
1560 5182 1613 5224 et
1649 5179 1805 5225 extra
1838 5170 2122 5225 dominum
2164 5166 2337 5224 vineae
2380 5171 2454 5225 sit
2478 5172 2681 5226 domini
2720 5177 3042 5240 procurator
3077 5169 3215 5240 dans
3243 5181 3449 5240 merce-

173 5232 293 5310 dem
341 5236 497 5304 juxta
550 5232 759 5310 domini
795 5232 1122 5310 iussionem.
1171 5232 1275 5293 sed
1320 5247 1374 5293 et
1412 5239 1458 5295 si
1498 5240 1590 5309 qni
1617 5241 1793 5296 vocati
1820 5241 2036 5295 fuerant
2073 5240 2220 5295 circa
2256 5256 2459 5294 nonani
2490 5258 2597 5296 non
2634 5232 2988 5310 portaverunt
3018 5237 3231 5310 pondus
3258 5236 3362 5310 diei
3392 5244 3449 5290 et

172 5302 394 5380 atslum,
429 5307 778 5380 manifestum
795 5302 897 5364 vest
924 5309 1181 5380 quoniam
1212 5325 1321 5363 non
1356 5310 1431 5365 illi
1471 5302 1955 5367 m'urmuraverunt
1995 5311 2262 5367 adversus
2300 5302 2750 5380 patremfamilias
2783 5302 3067 5365 dicentes:
3109 5326 3128 5361 ι
3176 5307 3444 5374 Quoniam

177 5374 229 5462 iuvi
267 5375 753 5462 novissimihnam
790 5374 979 5462 horam
1010 5378 1295 5462 fecerunt,
1315 5391 1369 5435 et
1396 5383 1634 5462 {eqttales
1663 5390 1759 5439 eos
1790 5383 1965 5438 fecisti
1998 5381 2187 5462 nobis,
2211 5374 2317 5462 qui
2338 5383 2679 5462 portavimus
2701 5379 3061 5462 pondusndiei
3087 5387 3143 5461 et
3166 5387 3382 5460 aestum.
3419 5395 3439 5462 ι

174 5442 363 5529 Neque
382 5446 462 5502 illi
492 5449 587 5519 qui
610 5459 773 5529 sexta
783 5450 935 5529 _h_ora
963 5450 1140 5529 vocati
1172 5442 1323 5529 sunt,
1354 5442 1568 5521 pondus
1595 5462 1949 5529 portaverunt
1980 5454 2108 5518 diei,
2138 5442 2253 5529 nisi
2277 5442 2418 5508 forte
2441 5442 2889 5529 dieidimillium.
2919 5449 2985 5503 Et
3009 5450 3101 5520 qui
3129 5449 3286 5504 tertia
3319 5458 3448 5503 sunt

173 5520 374 5601 vocati,
404 5534 513 5601 non
540 5528 716 5575 totum
744 5521 850 5601 diei
879 5521 1097 5591 pondus
1124 5520 1526 5601 sustinuerunt,
1564 5520 1658 5581 scd
1692 5525 1738 5579 si
1773 5533 1984 5601 oportet
2005 5532 2164 5601 caute
2194 5523 2405 5601 dicere,
2436 5523 2720 5579 dimidium
2747 5520 2855 5601 diei
2876 5530 2935 5601 et
2958 5530 3210 5601 quartam
3224 5529 3445 5601 partem

174 5587 299 5644 diei.
331 5588 445 5666 Soli
475 5600 657 5646 autem
689 5592 783 5661 qui
843 5587 933 5647 ei.
962 5604 1121 5666 mane
1170 5594 1427 5666 conducti
1463 5587 1612 5658 sunt,
1664 5587 1880 5666 pondus
1924 5595 2032 5650 diei
2070 5587 2472 5662 sustinuerunt,
2510 5602 2564 5650 et
2588 5601 2783 5650 aestum
2810 5587 3022 5661 totum;
3056 5587 3444 5648 cancri—autem

183 5660 485 5734 secundum
519 5660 833 5734 mensuram
870 5663 1131 5734 temporis
1161 5665 1306 5733 quod
1338 5662 1587 5720 iecerunt
1610 5660 1935 5731 in'vineam,
1970 5673 2344 5734 portaverunt.

243 5729 334 5787 ‘50.
362 5730 641 5805 Quoniam
670 5741 850 5805 autem
883 5729 1112 5805 diversa:
1143 5729 1414 5804 parabolm
1441 5746 1569 5791 sunt
1598 5736 1814 5792 vineam
1846 5729 2211 5799 nominantes,
2249 5731 2602 5805 quaerendum
2638 5740 2725 5805 est
2768 5739 2955 5788 utrum
3004 5731 3310 5789 secundum
3362 5730 3448 5786 di-

177 5816 360 5885 versas
395 5818 480 5859 res
507 5803 750 5885 et_vin_ea
764 5804 1115 5885 intelligitur,
1144 5814 1239 5885 aut
1269 5806 1571 5885 sectindum
1613 5807 1785 5878 ipsam
1811 5823 1947 5885 rem.
1977 5806 2091 5885 Ego
2125 5803 2361 5885 arbitror
2390 5804 2980 5885 oportere_discutere,
3012 5813 3067 5860 et
3116 5818 3295 5885 quare,
3329 5816 3442 5885 non

179 5873 240 5927 ad
270 5889 463 5929 omnes
488 5873 581 5945 qui
619 5874 777 5944 primi
808 5883 1093 5939 venerunt,
1127 5884 1180 5931 et
1221 5873 1671 5933 existimaverunt
1708 5878 1965 5950 quoniam
2009 5873 2131 5948 plus
2175 5884 2354 5932 essent
2396 5874 2694 5946 accepturi,
2732 5885 2788 5932 ct
2819 5873 3303 5932 murmuraverunt
3339 5873 3442 5928 ad-

234 5962 493 6021 ”Malth.
517 5963 773 6035 xx,12."
800 5967 991 6026 Matth.
1026 5986 1117 6038 xx,
1157 5969 1241 6039 15,
1277 5970 1363 6028 l4.
1400 5971 1445 6005 ⁸ο
1484 5966 1658 6028 lCor.
1691 5988 1751 6038 ιι,
1789 5970 1873 6028 l6.
1947 5971 1991 6003 δι
2031 5968 2162 6025 ibid.
2240 5967 2283 5999 δ’
2317 5963 2480 6022 Joan.
2517 5982 2625 6031 xlv,
2664 5966 2754 6023 ‘26.
