3954 6542
106 365 275 422 ms

1076 363 1432 421 COMMENT.
1475 362 1542 418 IN
1581 359 2002 422 MATTIUEUM
2039 362 2277 420 TOML’S
2307 362 2425 422 XV.

3275 371 3415 428 iSitJ

101 485 250 544 ελον
281 485 401 558 (ιτ)
433 485 707 542 ἐνεστῶτα
733 486 902 541 αἰῶνα
935 487 1148 560 ἡμέραν
1168 488 1292 544 τινὰ
1325 489 1521 553 εἰπεῖν,
1549 489 1720 562 μεγά-

1826 496 1994 544 totam
2050 497 2371 560 praesentem
2426 497 2638 546 atatem
2695 489 2836 546 diem
2884 492 3174 563 quamdam
3233 495 3417 553 dicere

99 580 227 655 ὶην
268 581 377 653 μὲν
409 581 487 644 ὡς
522 581 660 654 πρὸς
701 582 869 653 ἡμᾶς,
917 580 1118 654 μικρὰν
1151 580 1208 635 δέ
1241 597 1364 635 τινα
1406 582 1501 636 καὶ
1545 582 1720 654 ὀλιγο-

99 671 352 745 χρόνιον
382 671 458 738 ὡς
488 670 627 744 πρὸς
654 671 751 745 τὴν
776 671 870 726 τοῦ
901 671 1058 737 Θεοῦ,
1087 671 1182 726 καί
1211 671 1307 727 τοῦ
1334 673 1593 747 Χριστοῦ,
1627 675 1722 728 καὶ

99 763 221 820 τοῦ
267 764 430 836 ὰγίου
465 763 784 835 Πνεῦματος
825 762 970 838 ζωήν
992 781 1006 796 ο
1045 765 1186 836 τάχα
1218 765 1328 839 γὰρ
1355 765 1448 822 καί
1471 784 1582 821 τισι
1611 766 1722 820 τῶν

107 855 428 927 μακαρίων
445 854 747 928 δυνάμεων,
780 857 876 910 καὶ
900 857 1407 930 ὲπαναϐεϐηκυιῶν,
1439 861 1721 935 συγκρίσει

104 947 237 1001 τῶν
291 947 504 1002 πολλῶν
545 949 788 1020 γενητῶν
840 949 975 1022 (18),
1023 950 1092 1006 τὰ
1144 951 1294 1006 κάτω
1341 952 1441 1025 τῆς
1486 954 1722 1027 ἀρχικῆς

107 1041 161 1093 Τ
166 1041 395 1113 ριάδος,
429 1041 583 1110 λόγον
617 1040 728 1113 ἔχει
750 1042 870 1106 ὅλος
890 1043 920 1095 ὁ
945 1042 1178 1108 ἐνεστὼς
1209 1045 1340 1099 αἰὼν
1361 1045 1435 1110 ὡς
1470 1047 1605 1120 πρὸς
1626 1047 1723 1120 τὴν

107 1131 283 1204 ζωὴν
313 1132 524 1198 αὐτῶν,
554 1134 616 1187 δν
647 1134 804 1203 λόγον
837 1134 1005 1206 ἔχειὴ
1044 1138 1174 1208 παρ’
1202 1135 1507 1208 ἀνθρώποις
1539 1140 1723 1210 ἡμέρα

107 1223 273 1294 πρὸς
318 1225 442 1279 ὅλον
486 1225 578 1280 τὸν
631 1225 855 1280 δυνατὸν
888 1227 1160 1300 ἀνθρώπῳ
1185 1227 1284 1300 ζῇν
1315 1230 1526 1302 χρόνον.
1576 1232 1639 1285 Εἰ
1663 1231 1722 1285 δὲ

109 1316 378 1371 τοιοῦτόν
420 1335 474 1372 τι
531 1319 827 1391 μυστήριον
894 1321 952 1373 ὲν
1004 1321 1408 1394 Δευτερονομίῳ
1468 1323 1723 1394 δηλοῦται

111 1405 277 1461 κατά
320 1408 422 1480 τὴν
448 1408 592 1481 ᾠδὴν
633 1403 754 1485 ὲν
789 1410 1126 1483 γέγραπται·
1177 1432 1196 1465 ι
1255 1413 1546 1486 Μνήσθητε
1589 1416 1724 1487 ἠμέ-

116 1518 231 1573 ρας
268 1500 472 1566 αἰῶνος
499 1543 514 1568 ,
567 1521 585 1554 ι
625 1503 658 1574 ἢ
695 1502 790 1575 μὴ,
835 1501 1060 1576 ζητήσει
1087 1505 1116 1558 6
1153 1504 1480 1576 δυνάμενοςο
1524 1503 1642 1560 εἶτα
1675 1509 1724 1561 εἰ

111 1593 383 1648 τοιαῦται
411 1595 468 1648 αἱ
501 1595 706 1667 ἡμέραι
746 1595 963 1660 αἰῶνος,
993 1596 1070 1660 ὼς
1097 1597 1390 1652 ἀκόλουθον
1415 1598 1480 1653 ἂν
1515 1599 1598 1672 εἴη
1625 1603 1724 1673 τὴν

116 1688 521 1760 παραπλήσιον
555 1688 780 1759 ἐκδοχὴν
819 1690 1019 1742 ἐννοεῖν
1055 1691 1135 1754 εἰς
1165 1689 1257 1743 τό”
1298 1709 1317 1742 ι
1365 1693 1499 1764 Ἔτη
1534 1692 1725 1748 αἰώνια

117 1780 457 1852 ἐμνήσθην,
509 1781 603 1834 καὶ
640 1781 949 1852 ὲμελὲτησα
999 1781 1197 1848 νυκτὸς
1258 1783 1398 1854 μετά
1443 1785 1541 1858 τῆς
1589 1803 1726 1859 καρ-

1822 580 2120 652 possimus,
2155 581 2329 636 nostri
2363 581 2582 652 quidem
2634 581 2845 638 ratione
2881 582 3085 650 habita,
3116 599 3411 656 magnam;

1822 673 2076 745 exiguam
2101 687 2234 730 vero
2266 682 2321 729 et
2343 674 2582 738 brevem,
2621 673 2665 730 si
2691 690 2816 730 cum
2857 673 2974 742 Dei,
3004 684 3059 729 et
3089 676 3315 744 Christi,
3358 687 3416 735 et

1825 764 2067 837 Spiritus
2115 766 2294 821 sancti
2342 764 2453 822 vita
2511 765 2919 824 contendatur:
2972 769 3240 839 siquidem
3277 787 3415 841 pra:-

1825 875 1953 916 sens
1987 869 2118 915 mlas
2145 859 2390 915 eamdem
2436 859 2670 916 fortasse
2711 860 2976 916 rationem
3023 861 3183 917 habet
3231 864 3296 918 ad
3328 864 3413 918 vi-

1825 961 1934 1008 tam
1962 953 2243 1008 beatarum
2277 952 2639 1023 quarumdam
2676 962 3028 1023 potestatum,
3057 969 3291 1026 qumque
3321 972 3414 1028 ge-

1825 1046 1956 1101 nitis
1985 1045 2362 1115 compluribus
2395 1046 2626 1111 collatae,
2664 1047 2978 1117 superiores
3003 1048 3087 1104 his
3117 1058 3416 1106 evaserunt

1826 1154 1950 1209 qua:
1983 1137 2123 1192 infra
2156 1153 2340 1193 rerum
2365 1139 2607 1193 omnium
2637 1140 3052 1197 moderatricem
3092 1141 3412 1200 Trinitatem

1823 1229 1999 1300 posita
2032 1240 2181 1294 sunt,
2233 1243 2396 1298 quam
2441 1231 2696 1285 humanae
2755 1230 2881 1286 vitae
2935 1232 3052 1288 dies
3109 1233 3176 1288 ad
3238 1243 3412 1290 totum

1825 1331 2040 1391 tempus
2063 1321 2330 1376 rationem
2373 1321 2556 1384 habet,
2584 1322 2650 1376 ad
2691 1323 2835 1392 quod
2871 1323 3109 1378 hominis
3140 1325 3246 1379 vita
3289 1342 3415 1396 pro-

1826 1413 1976 1484 gredi
2009 1421 2209 1483 potest.
2238 1411 2320 1466 An
2344 1422 2524 1467 autem
2548 1413 2654 1468 tale
2682 1414 2902 1484 aliquod
2935 1415 3252 1486 mysterium
3282 1432 3415 1488 ape-

1826 1503 2021 1566 riatur,
2072 1518 2264 1567 necne,
2326 1503 2379 1556 in
2435 1517 2500 1557 eo
2562 1501 2970 1559 Deuteronomii
3026 1505 3261 1571 cantico,
3320 1507 3414 1563 ubi

1826 1596 2087 1665 scriptum
2115 1605 2197 1650 est
2222 1597 2308 1649 "z
2347 1614 2366 1646 ι
2410 1595 2734 1652 Mementote
2779 1598 2883 1653 diei
2930 1599 3137 1663 szeeuli,
3179 1619 3197 1651 ι
3226 1599 3412 1670 inqui-

1827 1695 1908 1742 ret
1933 1685 2024 1756 qui
2049 1686 2276 1756 poterit;
2308 1695 2421 1740 tum
2461 1687 2657 1741 deinde
2693 1687 2738 1743 si
2795 1689 2932 1744 tales
2983 1699 3112 1744 sunt
3143 1691 3260 1745 dies
3309 1706 3412 1746 sae-

1827 1780 1958 1845 culi,
1995 1789 2054 1834 ut
2081 1780 2395 1835 necessario
2419 1789 2784 1849 consequatur
2827 1781 3076 1836 similiter
3127 1784 3410 1853 explicau-

115 1868 248 1937 δίας
297 1873 410 1944 (19)
449 1891 584 1944 μουο
622 1873 972 1946 ἡδολέσχουν,
1013 1877 1107 1930 καὶ
1149 1853 1376 1930 ἔσκαλλε
1414 1877 1475 1930 τὸ
1498 1853 1721 1951 πνεῦμά

1825 1871 1954 1926 dum
1979 1886 2102 1928 esse
2133 1872 2279 1926 hunc
2311 1871 2493 1927 locum
2517 1872 2596 1925 5‘:
2619 1890 2636 1924 ι
2667 1871 2856 1928 Annos
2883 1883 3116 1930 aeternos
3140 1874 3194 1929 in
3231 1883 3413 1932 mente

123 1981 233 2035 μου
264 2005 280 2029 ,
318 1965 416 2018 καί
459 1960 614 2017 εἰπαο
653 1965 744 2038 Μὴ
779 1967 860 2032 εἰς
885 1968 1012 2032 τοὺς
1053 1969 1258 2032 αἰῶνας
1293 1970 1574 2025 ἀπώσεται
1604 1972 1720 2028 Κύ-

124 2073 292 2129 ριοςς
337 2077 357 2108 ι
395 2058 504 2110 Καὶ
537 2056 698 2129 τάχα,
733 2058 818 2112 ῖνα
860 2059 1258 2134 τολμηρότερον
1294 2063 1454 2129 εἴπω,
1499 2067 1580 2130 εἰς
1622 2068 1721 2138 μὲν

120 2147 260 2211 τοὺς
297 2146 502 2212 αἰῶνας
522 2148 623 2201 οὐκ
655 2147 932 2202 ἀπώσεται
972 2151 1195 2222 Κύριος,
1226 2152 1357 2207 πολὺ
1381 2151 1488 2224 γὰρ
1516 2155 1611 2208 καί
1642 2157 1722 2220 εἰς

121 2239 226 2292 ἕνα
252 2240 430 2293 αἰῶνα
453 2239 774 2294 ἀπώσασθαι
797 2241 998 2314 Κύριον
1022 2260 1036 2274 ·
1073 2243 1353 2299 ἀπώσεται
1381 2245 1439 2299 δὲ
1468 2245 1606 2317 τάχα
1629 2248 1722 2301 καὶ

123 2332 209 2396 εἰς
241 2331 498 2404 δεύτερον
530 2331 700 2387 αἰῶνα
724 2373 739 2397 ,
772 2335 858 2387 ὅτε
893 2336 992 2389 οὐκ
1022 2337 1240 2407 ἀφίεται
1275 2338 1511 2410 ἡτοιάὸε
1540 2341 1720 2412 ἀμαρ-

123 2425 220 2478 τῖα
273 2423 400 2478 οὗτε
453 2427 510 2479 ὲν
561 2424 640 2496 τῷ
702 2426 796 2482 νῦν
838 2427 1016 2488 αἰῶνι.
1053 2428 1175 2482 οὔτε
1225 2431 1283 2483 ὲν
1327 2429 1406 2501 τῷ
1453 2431 1717 2502 μέλλοντι.

128 2516 233 2580 Τίς
277 2512 373 2571 οὖν
432 2515 540 2588 ἄρα
604 2518 786 2582 ἱκανὸς
832 2518 931 2583 τὰς
957 2518 1015 2584 ἒξ
1045 2519 1274 2592 ἡμέρας,
1310 2522 1402 2575 καὶ
1445 2523 1542 2594 τὴν
1592 2523 1722 2577 ἀνα-

131 2610 388 2673 στάσεως
430 2609 660 2680 ἑϐδόμην
702 2610 795 2662 ἐπὶ
838 2611 1092 2674 τοιαύτας
1139 2612 1436 2680 ἀναγαγεῖν
1485 2612 1718 2684 ἡμέρας,

129 2699 229 2752 καὶ
244 2699 386 2770 μετὰ
397 2698 464 2752 τά
488 2699 730 2754 σάϐϐατα
742 2699 839 2765 τὰς
850 2701 1166 2774 νουμηνίας,
1186 2702 1390 2766 καὶτὰς
1403 2705 1460 2756 ὲν
1476 2703 1554 2774 τῷ
1569 2703 1720 2775 πρώ-

129 2805 213 2859 τῳ
243 2791 377 2860 μηνί
411 2789 622 2862 ἑορτὰς,
665 2789 757 2843 καί
790 2793 856 2862 τῇ
890 2793 1458 2867 τεσσαρεσκαιδεκάτῃ
1487 2793 1582 2847 τοῦ
1614 2811 1721 2866 μη-

131 2879 227 2944 νὸς
256 2881 442 2954 ἡμέρᾳ
468 2883 680 2954 Πάσχα,
714 2885 806 2938 καὶ
829 2887 951 2948 ταῖς
989 2885 1117 2955 ἑξῆς
1156 2885 1265 2955 (‘20)
1300 2885 1408 2940 τῶν
1453 2885 1717 2957 ἀζύμων;

132 2972 295 3027 Οὕτω
319 2974 375 3028 δὲ
402 2975 660 3044 ἀνάλογον
687 2977 766 3040 εἰς
795 2976 1027 3030 ἀϐυσσόν
1059 2994 1142 3040 τις
1173 2979 1490 3048 ἐμπεσεῖται
1515 2981 1721 3050 νοημά-

132 3081 265 3132 των,
313 3067 538 3131 καὶτὰς
573 3067 764 3131 λοιπὰς
797 3069 990 3140 ἑορτὰς
1037 3069 1094 3121 ὲν
1136 3069 1413 3134 τοιαύταις
1459 3072 1722 3140 φανταζό-

137 3175 301 3228 μενος
327 3157 580 3231 ἡμέραις,
623 3160 716 3214 καί
746 3160 865 3214 ὅλον
893 3160 984 3213 τὸν
1016 3160 1364 3232 ἑϐδοματικὸν
1397 3162 1504 3235 (21)
1545 3165 1723 3218 ἐνιαυ-

133 3250 247 3318 τὸν,
273 3250 332 3304 ὲν
356 3243 402 3319 ᾧ
446 3255 679 3323 πτωχοῖς
706 3252 799 3306 καὶ
834 3252 1216 3325 προσηλύτοις,
1249 3256 1342 3309 καὶ
1371 3258 1482 3320 τοῖς
1513 3255 1722 3329 Θηρίοις

134 3337 235 3411 τῆς
267 3339 371 3411 γῆς
401 3341 681 3413 χαρίζεται
703 3345 731 3396 ὁ
755 3342 889 3407 Θεὸς
914 3343 1040 3407 τοὺς
1067 3346 1130 3398 ὲκ
1158 3346 1430 3417 προτέρας
1449 3347 1722 3420 γεωργίας

136 3429 525 3496 ἀνατέλλοντας
577 3434 854 3506 καρποὺς,
910 3436 969 3487 ὲν
1029 3435 1206 3508 καιρῷ
1258 3435 1332 3508 μὴ
1374 3441 1723 3512 γεωργουμέ-

135 3540 235 3596 νην
428 3525 524 3590 Τίς
569 3526 624 3580 δὲ
670 3527 892 3581 δύναται
927 3526 1196 3599 ἀναϐῆναι
1230 3529 1320 3582 ἐπὶ
1365 3530 1456 3583 τὸν
1489 3532 1720 3604 ἀριθμὸν

136 3615 246 3668 τῶν
291 3615 395 3687 τῆς
431 3617 670 3672 ἀϐύσσου
706 3620 764 3672 ὲν
805 3622 870 3690 τῇ
919 3621 1464 3694 πεντηκονταετηρίδι
1502 3623 1725 3695 ἡμερῶν

139 3706 401 3779 (ἀϐύσσου
435 3710 491 3764 δὲ
522 3712 665 3781 λέγω
699 3713 788 3766 διὰ
825 3713 886 3766 τὸ
923 3712 1086 3784 βάθος
1131 3714 1238 3768 τῶν
1272 3715 1603 3786 δογμάτων),
1638 3717 1724 3769 ἵνα

137 3818 222 3865 τις
251 3802 428 3874 ἀναϐῇ
457 3803 550 3858 καί
580 3805 665 3876 ἰίδῃ
705 3805 796 3859 τὸν
839 3805 1202 3877 πεντηκοστὸν
1230 3808 1497 3870 ἐνιαυτὸν,
1525 3807 1617 3861 καὶ
1655 3807 1726 3862 τά

141 3892 199 3945 ἑν
256 3893 403 3965 αὐτῷ
453 3895 922 3968 νενομοθετημένα
969 3896 1353 3968 πληρούμενα;
1413 3895 1572 3950 Ἀλλά
1617 3897 1724 3969 γὰρ

138 3983 429 4056 ζητοῦντες
454 3986 554 4056 τὴν
587 3986 713 4056 μίαν
740 3987 842 4057 τῆς
875 3987 1202 4058 ὲκκειμένης
1241 3986 1558 4059 παραϐολῆς
1580 3988 1719 4058 ἡμέ-

141 4093 260 4148 ραν,
284 4077 381 4129 καὶ
420 4075 741 4146 νομίσαντες
764 4077 935 4150 αὐτὴν
966 4077 1085 4132 ὅλον
1115 4079 1207 4131 τὸν
1229 4077 1501 4133 ἐνεστῶτα
1527 4077 1719 4143 αἰῶνα,

141 4169 402 4240 ἐλάθομεν
425 4170 689 4242 ἐμϐάντες
723 4173 803 4236 εἰς
837 4170 975 4244 βάθη
1009 4170 1169 4236 Θεοῦ,
1214 4169 1456 4242 δεόμενοι
1495 4188 1514 4221 ι
1556 4167 1721 4222 πνεύ-

1825 1963 2012 2030 habui,
2049 1972 2103 2019 et
2134 1962 2428 2018 meditatus
2457 1978 2578 2018 sum
2614 1975 2772 2018 nocte
2821 1979 2942 2019 cum
2985 1966 3150 2021 corde
3179 1982 3320 2034 meo,
3356 1975 3412 2024 et

1823 2053 2181 2120 exercitabar,
2217 2062 2272 2109 ct
2297 2053 2586 2124 scopcbam
2636 2053 2889 2123 spiritum
2921 2069 3126 2122 meum,
3159 2066 3214 2110 et
3245 2056 3355 2111 dixi
3390 2074 3406 2112 :

1822 2145 2076 2218 Nunquid
2105 2148 2157 2201 in
2185 2146 2384 2202 sarcula
2407 2145 2656 2217 projiciet
2689 2145 2871 2201 Deus?
2907 2165 2926 2199 ι
2968 2146 3032 2201 Et
3064 2145 3316 2216 fortasse,
3349 2157 3409 2203 ut

1823 2238 2117 2293 audentius
2155 2239 2357 2303 dicam,
2399 2236 2453 2292 in
2485 2236 2682 2293 sarcula
2718 2237 2933 2307 quidem
2983 2236 3247 2294 Dominus
3298 2254 3408 2296 non

1823 2331 2070 2402 projiciet
2112 2353 2124 2387 :
2155 2331 2382 2386 multum
2409 2332 2608 2401 quippe
2634 2340 2717 2385 est
2735 2330 2817 2384 vel
2848 2331 2901 2384 in
2939 2345 3108 2384 unum
3145 2331 3406 2387 sa‘culum

1828 2422 2121 2478 Dominum
2153 2423 2449 2493 projicere;
2475 2422 2568 2476 sed
2599 2429 2652 2474 et
2677 2422 2733 2474 in
2774 2421 3002 2476 alterum
3044 2420 3273 2476 fortasse
3301 2437 3407 2478 sae-

1824 2513 2007 2568 culum
2037 2513 2310 2584 projiciet,
2337 2527 2461 2568 eum
2485 2519 2694 2566 certum
2723 2510 2890 2566 hocce
2911 2520 3193 2580 peccatum
3230 2527 3328 2565 nee
3353 2513 3408 2591 in

1822 2607 2075 2676 praesenti
2117 2607 2318 2662 saeculo
2367 2605 2697 2670 remittatur,
2733 2619 2908 2674 neque
2941 2604 2994 2657 in
3040 2604 3238 2658 futuro.
3275 2602 3409 2670 Quis

1822 2713 1952 2770 ergo
1979 2700 2045 2753 ad
2077 2698 2346 2768 ejusmodi
2380 2697 2517 2762 dies,
2545 2712 2638 2752 sex
2663 2695 2802 2761 dies,
2822 2704 2876 2751 et
2909 2696 3200 2766 septimum
3225 2712 3410 2752 resur-

1824 2793 2082 2849 rectionis
2103 2793 2244 2848 diem
2270 2791 2470 2846 referre
2489 2789 2705 2860 poterit,
2723 2797 2772 2844 et
2792 2797 2913 2860 post
2935 2789 3172 2845 Sabbata
3186 2788 3420 2848 Neome-

1823 2886 1964 2951 nias,
1987 2884 2154 2957 699
2178 2892 2231 2939 et
2255 2884 2414 2954 primi
2445 2881 2650 2936 mensis
2677 2880 2996 2937 festivitates
3013 2923 3027 2947 ,
3069 2891 3123 2937 et
3145 2883 3288 2953 quod
3308 2884 3408 2939 de-

1823 2977 1967 3033 cimo
1995 2984 2191 3045 quarto
2224 2973 2426 3028 mensis
2450 2971 2536 3024 die.
2557 3011 2572 3035 ,
2599 2971 2932 3040 reliquisque
2952 2984 3265 3040 azymorum
3288 2970 3405 3024 die-

1825 3070 1924 3124 bus
1949 3067 2157 3123 Pascha
2181 3064 2530 3122 celebratur?
2561 3063 2816 3133 Reliquas
2851 3062 2978 3116 item
3007 3061 3325 3116 festivitates
3349 3061 3406 3116 in

1777 3226 1788 3241 ν
1822 3162 2087 3233 ejusmodi
2107 3161 2298 3215 diebus
2324 3158 2437 3229 pari
2471 3158 2680 3212 ratione
2713 3156 2920 3226 (lugens
2950 3155 3243 3226 quispiam,
3273 3169 3405 3209 nec-

1829 3273 1935 3311 non
1967 3264 2021 3311 et
2047 3253 2498 3310 hebdomadicum
2531 3265 2734 3304 annum
2762 3249 2816 3303 in
2847 3264 2956 3320 quo
3000 3248 3184 3318 egenis
3216 3256 3271 3302 et
3305 3247 3407 3302 ad-

1828 3349 2001 3413 venis,
2029 3356 2083 3402 et
2121 3346 2312 3402 bestiis
2351 3355 2507 3400 terra:
2543 3343 2607 3397 ad
2650 3352 2863 3412 tempus
2898 3341 3110 3397 cultura
3161 3340 3406 3396 vacantis

1826 3456 1891 3496 ex
1916 3443 2095 3510 priore
2129 3435 2515 3510 agricolatione
2537 3435 2914 3506 provenientes
2945 3432 3152 3487 fructus
3177 3431 3408 3502 largitur

1827 3530 1993 3596 Dens,
2024 3531 2078 3587 in
2109 3529 2499 3602 cogitationum
2542 3527 2856 3596 voraginem
2893 3524 3226 3580 devolvetur.
3268 3523 3404 3590 Quis

1823 3639 1952 3679 vero
1987 3637 2274 3679 numerum
2303 3622 2538 3688 dierum,
2569 3620 2660 3690 qui
2710 3621 2764 3674 in
2798 3619 2960 3689 spatii
3009 3617 3402 3688 quinquaginta

1822 3731 2089 3771 annorum
2118 3717 2308 3786 pelago
2338 3715 2668 3778 continetur,
2702 3721 2883 3768 mente
2911 3711 3172 3780 consequi
3227 3710 3406 3766 valeat

1823 3808 2068 3880 (pelagus
2097 3808 2242 3872 dico,
2269 3816 2488 3878 prapter
2513 3805 2904 3861 sententiarum
2932 3801 3398 3874 profunditatem).

1823 3914 1884 3958 ut
1932 3901 2443 3974 quinquagesimum
2489 3913 2733 3963 annum,
2781 3911 3011 3966 qmeque
3067 3895 3120 3948 in
3167 3907 3234 3948 eo
3282 3891 3400 3949 ﬁeri

1822 3997 2089 4053 sancitum
2127 4003 2229 4059 est,
2276 3992 2461 4047 animo
2496 3998 2714 4044 evectus
2748 3989 3012 4058 completa
3061 3982 3402 4058 cognoscat?

1820 4085 2022 4141 Verum
2067 4084 2344 4139 enimvero
2397 4081 2525 4136 dum
2579 4095 2743 4135 unam
2787 4078 3078 4149 proposita
3132 4076 3401 4146 parabola

1819 4179 1959 4236 diem
1987 4178 2414 4248 investigamus,
2451 4191 2678 4244 eamque
2722 4183 2893 4227 totum
2932 4173 3033 4227 hoc
3071 4187 3193 4227 esse
3224 4187 3396 4226 saecu-

144 4279 309 4333 ματος
333 4263 426 4316 τοῦ
453 4263 628 4318 πάντα
655 4267 1004 4338 ἐρευνῶντος,
1035 4263 1212 4318 καὶτὰ
1236 4261 1374 4333 βάθη
1393 4261 1488 4316 τοῦ
1514 4261 1669 4315 Θεοῦ.
1697 4281 1716 4314 ι

1825 4273 1936 4327 lum
1967 4287 2207 4344 praesens
2237 4270 2588 4333 arbitramur,
2619 4267 2672 4321 in
2708 4265 2800 4321 Dei
2849 4264 3243 4335 profunditates
3272 4277 3398 4317 nee-

155 4353 294 4423 Ἐγὼ
323 4354 367 4408 δ’
397 4352 570 4428 οἶμαι,
605 4358 708 4421 ὅτι,
739 4356 927 4428 ῶσπερ
968 4358 1052 4410 ἐπ’
1087 4355 1249 4426 ἐξόδῳ
1294 4355 1599 4419 συντελείας
1623 4353 1715 4407 τοῦ

1829 4365 1974 4436 opiui
2002 4363 2325 4430 decidimus,
2348 4377 2484 4432 opus
2517 4361 2778 4415 habentes
2808 4378 2825 4410 ι
2856 4359 3056 4426 Spiritu
3086 4356 3178 4428 qui
3213 4356 3395 4412 omnia

141 4447 381 4501 ἐνιαυτοῦ
415 4449 630 4522 εἴρηται
655 4467 778 4504 τινα
801 4449 910 4503 δεῖν
934 4449 1198 4519 γίνεσθαι,
1231 4448 1404 4512 οὕτως
1440 4449 1600 4502 οἰονεί
1625 4447 1718 4500 ἐπὶ

1826 4463 2119 4520 scrutatur,
2149 4454 2310 4508 etiam
2343 4450 2604 4523 profunda
2638 4449 2727 4505 Dei
2753 4449 2819 4503 "'.
2859 4467 2878 4500 ι
2916 4447 3027 4520 Ego
3050 4463 3178 4502 vero
3205 4446 3396 4502 ριιίήί-

145 4538 398 4592 πλειόνων
427 4539 638 4594 αἰώνων
670 4541 963 4612 συντελείᾳ,
996 4542 1104 4595 εἴτε
1137 4540 1382 4594 ἐνιαυτόν
1415 4556 1538 4593 τινα
1575 4555 1716 4610 συμ-

1826 4564 1938 4615 mo,
1970 4545 2428 4617 quemadmodum
2477 4543 2530 4599 in
2583 4543 2688 4597 ﬁne
2730 4539 3222 4597 consummationis
3268 4541 3395 4596 anni

144 4629 508 4704 πληρούντων,
538 4632 648 4688 εἴτε
676 4635 704 4688 ὅ
739 4652 792 4688 τι
827 4633 1047 4706 δήποτε,
1084 4652 1103 4688 ι
1139 4635 1220 4698 εἰς
1251 4632 1504 4703 ἀθέτησιν
1540 4633 1718 4706 ἀμαρ-

1825 4636 2072 4706 quaedam
2100 4634 2412 4705 contingere
2431 4632 2628 4688 debere
2653 4630 2859 4686 dictum
2889 4639 2994 4696 est,
3027 4629 3101 4685 ita
3141 4640 3395 4700 tauquam

1341 4770 1574 4864 VETUS
1612 4767 2204 4826 INTERPRETATIO.

145 4888 256 4965 fieri
284 4884 552 4965 oportere,
585 4893 686 4958 sic,
722 4893 871 4948 verbi
907 4904 1101 4965 gratia,
1128 4901 1181 4947 et
1206 4893 1257 4948 in
1293 4891 1768 4965 consummatione
1793 4889 2126 4965 saeculorum
2159 4888 2455 4942 multorum
2486 4887 2600 4944 sive
2625 4902 2828 4942 annum
2857 4886 3093 4965 aliquem
3119 4884 3395 4965 compleri-

147 4954 435 5026 tium,sive
456 4954 630 5038 aliud
646 4954 885 5038 aliquid,
900 4954 956 5038 i1.
990 4954 1296 5038 abjeetione
1327 4962 1532 5038 peccati
1581 4961 1833 5038 apparuit
1860 4959 2018 5038 Jesus
2043 4970 2244 5038 _noster
2279 4977 2293 5014 :
2326 4968 2384 5013 ut
2433 4968 2557 5038 post
2593 4954 3118 5038 consummationem
3167 4954 3396 5038 szecul‘o-

149 5046 284 5105 rum,
313 5035 469 5104 quasi
505 5035 632 5089 anni
662 5027 828 5089 unius
859 5027 1095 5102 dierum,
1125 5027 1339 5090 iterum'
1363 5027 1799 5105 aliudsuééedat
1831 5031 2176 5105 principium,
2208 5039 2262 5084 et
2299 5050 2315 5081 ι
2349 5027 2600 5105 ostendat
2634 5029 2685 5082 in
2722 5027 2947 5105 sarculis
2963 5027 3394 5105 supervenienti-

148 5095 746 5178 bus‘supereminentes
774 5107 993 5178 divitias
1028 5095 1289 5178 bonitatis
1324 5121 1437 5158 sure
1469 5123 1486 5178 ξ
1521 5103 1575 5157 in
1606 5117 1702 5157 eos
1732 5095 1869 5171 quos
1894 5095 2021 5178 ipse
2053 5101 2222 5164 novit,
2268 5103 2556 5178 ostendere
2601 5107 2869 5178 oportere.
3008 5095 3120 5150 hzec
3169 5095 3390 5178 quidem

147 5169 378 5232 diximus
411 5185 634 5247 propter
663 5177 808 5232 diem
837 5179 928 5247 qui
966 5177 1021 5231 in
1053 5177 1311 5247 parabola
1339 5175 1655 5230 nominatur
1688 5169 1961 5244 praesenti,
1993 5187 2154 5241 quem
2185 5180 2360 5242 potest
2385 5171 2509 5240 quis
2534 5169 2858 5225 conﬁrmare
2883 5169 3044 5222 etiam
3072 5182 3137 5220 ex
3164 5169 3394 5220 Joannis

213 5289 258 5323 ³³
298 5288 517 5346 Denter.
572 5304 748 5356 xxxii,
799 5290 854 5344 7.
931 5291 978 5323 ⁸⁸
1018 5288 1164 5344 Psal.
1197 5303 1384 5352 Lxxvt,
1418 5287 1473 5353 6,
1515 5288 1566 5351 7,
1598 5286 1653 5340 8.

1824 5284 1836 5336 l
1865 5282 1993 5337 Cor.
2029 5299 2086 5346 ιι,
2118 5283 2207 5340 10.

182 5383 317 5511 l(1'7)
333 5384 466 5508 ιΚαὶ
503 5383 611 5453 ὅρα
636 5387 688 5440 εἰ
715 5383 1017 5456 δυνάμεθα
1048 5383 1154 5439 τὸν
1181 5382 1350 5450 ὅλον,
1386 5390 1490 5437 etc.
1533 5379 1712 5436 Theo-

146 5471 245 5528 piy
270 5471 328 5512 ac
356 5471 468 5528 usa
576 5525 604 5528 Α
695 5527 702 5528 ί
1039 5524 1063 5528 _

1824 5373 1964 5498 ὗμὴν
2007 5375 2291 5446 objiciunt,
2335 5390 2457 5446 quae
2507 5373 2753 5446 sequitur
2800 5387 3011 5440 vocem,
3062 5372 3386 5444 ἐμελέτησε.

1866 5461 2079 5502 uerius.

243 5527 319 5600 t8)
355 5525 540 5581 Codex
575 5525 800 5600 Regius,
833 5524 1126 5600 γεννητῶν.
1199 5595 1210 5600 _
1257 5593 1269 5600 ἢ
1371 5597 1383 5600 _
1406 5591 1418 5600 .

1824 5517 2000 5600 "$20)
2041 5517 2148 5572 Kal
2198 5516 2327 5584 ταῖς
2374 5515 2538 5585 ἑξῆς.
2596 5514 2759 5570 Forte
2818 5513 3103 5584 legendum
3157 5514 3251 5570 καί
3292 5513 3391 5579 τὰς

243 5529 299 5581 t8
355 5529 540 5581 Codex
575 5529 800 5598 Regius,
833 5529 1126 5598 γεννητῶν.
1847 5589 1850 5594 γ
1887 5529 2000 5590 (20)
2041 5529 2064 5571 ι

215 5529 319 5724 ἓιθξ
363 5600 500 5665 Ἔτη
531 5597 736 5652 αἰώνια
763 5595 1091 5666 ἐμνήσθην,
1119 5595 1216 5649 καὶ
1245 5591 1579 5664 ἐμε.2ἐτησα
1601 5609 1708 5646 νυ-
1815 5586 1960 5660 ἑξῆς.

246 5690 276 5724 c
302 5667 444 5724 ιιετὰ
476 5668 584 5724 τῆς·
623 5667 888 5724 καρδίας.
920 5676 1024 5722 etc.
1067 5665 1230 5722 LXX.
1273 5665 1470 5724 psalm.
1523 5679 1706 5724 Lxxvt,
1888 5661 2000 5724 (ἳί)
2051 5661 2064 5680 '

150 5655 276 5736 κτός
296 5655 444 5740 λιετὰ
476 5655 584 5740 τῆς
623 5655 1027 5737 καρδίῖιςξεῑοξ
1067 5655 1489 5740 LXX._psaltn.‘
1523 5679 1706 5740 Lxxvt,

2049 5659 2492 5740 Ἐϐδοματικόν.
2535 5657 2676 5740 Lege
2701 5655 3072 5740 ὲϐδομαδικόν.

150 5742 180 5795 6
202 5760 213 5795 :
235 5733 359 5823 "Erg
411 5733 605 5823 αἰώνια
655 5733 981 5823 ὲιὶνήσθηῃ.
1009 5738 1102 5790 καὶ
1146 5733 1710 5823 ἐμελέτησαί

1885 5732 1999 5804 (29.)
2039 5728 2522 5804 Γεωργσοτίμένην.
2574 5728 2880 5802 Legendum
2931 5728 3073 5784 forte
3119 5743 3389 5803 γεωργου-

153 5811 274 5884 μετά
299 5801 393 5884 τῆς
427 5811 652 5884 καρδίας
690 5801 801 5881 ’μου
831 5801 1192 5880 ἠδολεσχουν.’
1223 5809 1292 5862 At
1324 5801 1565 5877 Vulgata:
1596 5821 1708 5858 στι-

1824 5801 2009 5876 μένης,
2043 5818 2235 5873 nempe
2259 5801 2321 5869 γῗ

1818 5804 2009 5876 μένης,
2043 5818 2235 5873 netnpe
2259 5804 2384 5872 γῆς.
