3954 6544
188 349 353 407 1555

1140 345 1497 405 COMMENT.
1529 346 1595 403 IN
1632 344 2048 404 ΜᾹΤΪΠΛΕΠΜ
2090 346 2324 405 TOMUS
2362 347 2477 403 XV.

3325 346 3462 402 £351

184 465 498 539 ἀμπελῶνα
538 466 589 520 oi
625 465 1041 540 τεθαρρηκότως
1084 468 1530 540 ἀπολογούμενοι,
1569 469 1665 524 καὶ
1698 468 1770 523 λέ‹

1890 482 2147 525 arcanam
2196 471 2520 527 sententiam
2556 470 2612 524 in
2655 470 2757 525 hac
2790 469 2957 525 totius
3005 469 3113 525 diei
3158 468 3226 525 ad
3269 468 3463 526 horam

184 573 412 626 γοντεςο
443 576 463 609 ι
493 558 683 623 οὐδεὶς
713 559 862 630 ἡμᾶς
890 556 1251 629 ἐμισθώσατο.
1293 578 1312 612 ι
1347 560 1538 631 Ἡμεῖς
1571 560 1671 632 μὲν
1694 556 1788 615 οὖν

183 649 578 723 ἐτολμήσαμεν
617 650 843 705 τοιαῦτά
885 668 1007 705 τινα
1051 651 1146 704 καὶ
1183 653 1249 706 ἐκ
1275 651 1486 706 πολλῶν
1516 652 1616 723 μὲν
1656 668 1790 722 φαν-

183 741 490 805 τασθέντες
521 741 773 814 Γραφῶν,
801 741 898 796 καὶ
920 743 986 795 ἐκ
1006 741 1109 812 τῆς
1137 742 1503 815 προκειμένης
1529 743 1585 796 δὲ
1616 759 1790 815 παρα-

181 830 364 904 ϐολῆς
392 835 593 899 εἰπεῖν,
620 835 702 898 εἰς
725 833 785 887 τὸ
825 834 1165 905 καταστῆσαι
1194 833 1312 898 πῶς
1349 834 1478 907 ὅλην
1510 836 1609 908 τὴν
1644 833 1786 906 ὴμέ-

187 939 303 993 ραν
328 924 627 995 ἑστήκασιν
656 924 817 996 ἀργοὶ
850 923 1002 996 παρά
1039 924 1101 977 τὸ
1132 916 1336 995 μηδένα
1375 925 1573 988 αὐτοὺς
1622 940 1789 995 μεμιο

184 1015 443 1072 σθῶσθαι
470 1017 521 1070 οἱ
552 1018 682 1089 περὶ
715 1017 812 1089 τὴν
838 1016 1129 1089 ἑνδεκάτην
1164 1017 1314 1091 ὥραν
1341 1016 1684 1088 κεκλημένοι.

1891 575 2067 631 usque
2098 560 2440 617 undecimam
2482 561 2791 617 cessatione
2822 560 3039 614 illorum
3067 576 3134 617 ac
3177 560 3291 617 otio
3329 559 3465 616 deli-

1889 660 2099 708 teseere
2142 654 2370 724 opinor;
2419 663 2670 726 prompto
2715 654 2859 710 enim
2907 665 3063 709 erant
3110 655 3177 710 ad
3221 654 3460 712 laborem

1888 744 2093 810 animo,
2121 759 2187 800 ac
2215 744 2489 816 expedito,
2521 746 2589 801 ad
2634 747 2849 801 vineam
2895 755 3077 801 autem
3106 747 3459 803 excolendam

1889 849 1999 889 non
2031 832 2479 890 conducebantur
2500 836 2591 904 qui
2616 837 2952 894 conﬁdenter
2977 853 3097 894 sese
3127 838 3462 894 excusabant

1890 925 2134 982 dicentes
2182 926 2229 956 ⁷¹
2267 944 2281 980 :
2325 945 2345 978 ι
2380 925 2553 982 Nemo
2594 944 2695 985 nos
2734 930 3015 987 conduxit.
3073 950 3091 983 ι
3139 928 3250 985 Nos
3300 930 3463 1002 igitur

1892 1021 2009 1068 tum
2034 1012 2202 1068 variis
2227 1012 2547 1086 Scripturis,
2563 1027 2676 1072 tum
2698 1012 2754 1073 et
2772 1021 3052 1091 proposita
3077 1021 3181 1075 hac
3205 1021 3460 1091 parabola

184 1110 432 1176 inducti,
464 1110 593 1165 talia
616 1111 865 1181 quaedam
890 1112 1136 1182 proferre
1158 1112 1277 1168 ausi
1313 1110 1539 1176 fuimus,
1564 1121 1625 1165 ut
1644 1120 1880 1180 quonam
1913 1114 2219 1176 pactototo
2242 1106 2329 1163 die
2355 1107 2515 1164 otiosi
2539 1110 2787 1166 steterint
2817 1113 2910 1182 qui
2939 1113 3085 1168 circa
3114 1112 3458 1170 undecimam

180 1201 450 1257 advocati
474 1209 624 1267 sunt,
652 1202 796 1272 quod
842 1219 874 1257 a
916 1203 1132 1258 nemine
1157 1204 1608 1267 conducerentur,
1645 1200 2069 1258 declararemus.

252 1296 327 1349 οἱ
354 1295 413 1348 δὲ
458 1295 533 1368 μὴ
577 1296 933 1368 ἀρεσκόμενοι
965 1300 1079 1361 τοῖς
1116 1298 1377 1363 τοιούτοις
1423 1298 1656 1370 δόγμασι
1684 1298 1776 1352 λε·-

179 1386 442 1454 γέτωσαν
482 1390 614 1460 ἡμῖν
649 1390 748 1462 τὴν
779 1390 907 1461 ὅλην
949 1391 1181 1463 ἡμέραν,
1231 1392 1324 1445 καὶ
1360 1391 1487 1456 τοὺς
1534 1390 1778 1455 ἑστῶτας

177 1477 320 1551 ὃλην
368 1479 586 1551 ἡμέραν
624 1482 848 1554 ἀργοὺς,
885 1481 1136 1547 θέλοντας
1182 1482 1538 1555 ἐργάσασθαι,
1577 1483 1650 1554 μὴ
1684 1500 1776 1537 κε-

1952 1295 2113 1367 703
2135 1295 2225 1352 55.
2261 1295 2471 1363 Quibus
2492 1306 2671 1355 autem
2698 1301 2922 1357 minimc
2957 1302 3200 1358 arrident
3225 1303 3309 1360 ha:
3329 1296 3460 1359 sent-

1884 1389 2085 1454 tentia,
2142 1389 2307 1445 totius
2352 1390 2519 1461 hujus
2561 1392 2666 1448 diei
2712 1394 3159 1464 signiﬁcationem
3213 1412 3314 1452 nos
3359 1397 3460 1452 do-

1880 1492 2062 1548 ceant,
2091 1497 2303 1539 necnon
2327 1492 2380 1539 et
2406 1498 2598 1539 eorum
2628 1485 2720 1555 qui
2745 1490 3092 1553 cum,animo
3122 1489 3189 1543 ad
3217 1488 3456 1545 laborem

180 1567 290 1639 κλη
300 1568 502 1638 μένους
528 1569 608 1634 εἰς
635 1570 728 1624 τὸν
756 1571 1074 1642 ἀμπελῶνα,
1106 1571 1202 1625 καὶ
1236 1571 1770 1645 παρρησιαζομένους

1880 1577 2076 1646 parati,
2123 1586 2237 1633 toto
2272 1577 2361 1633 die
2404 1578 2569 1633 otiosi
2594 1581 2863 1648 steterint,
2909 1581 2977 1636 ad
3028 1582 3240 1637 vineam
3296 1584 3456 1642 acciti

178 1662 242 1713 ἐν
274 1659 399 1731 τῷο
445 1679 466 1713 ι
515 1661 703 1726 Οὐδεὶς
749 1665 896 1735 ἡμᾶς
943 1664 1318 1735 ἐμισθώσατοο
1356 1684 1375 1717 ι
1426 1667 1474 1718 εὶ
1502 1666 1610 1738 γὰρ
1649 1682 1772 1719 συν-

177 1750 409 1826 εσπάρη
436 1757 471 1826 ἡ
500 1753 648 1826 ψυχὴ
692 1754 772 1826 τῷ
801 1755 1036 1828 σώματι,
1085 1756 1203 1820 πῶς
1245 1756 1378 1828 ὃλην
1416 1757 1516 1829 τὴν
1555 1756 1772 1828 ἡμέραν

178 1847 540 1919 εἱστήκεισαν
589 1848 779 1919 ἀργοι;
833 1849 866 1920 ἢ
920 1848 1226 1918 λεγέτωσαν
1279 1850 1412 1921 ἡμῖν
1465 1849 1549 1914 τίς
1589 1852 1621 1921 η
1674 1848 1770 1921 ὅλη

176 1938 398 2011 ἡμέρα,
449 1939 545 1992 καὶ
584 1941 643 1992 ἐν
689 1940 825 2011 αὐτῇ
869 1939 1134 2013 διάφοροι,
1163 1941 1303 1995 κατά
1343 1940 1444 2005 τὰς
1483 1941 1773 2013 διαφόρους

175 2027 363 2101 ὥρας,
386 2030 606 2101 κλήσεις
620 2030 995 2104 τῶνκὲργατῶν
1019 2048 1033 2063 ·
1063 2032 1293 2101 πότερον
1311 2031 1367 2086 δὲ
1395 2031 1651 2105 μακάριοι
1674 2032 1772 2103 μὲν

176 2122 229 2175 οἱ
271 2121 389 2176 ὑπὸ
419 2122 514 2176 τοῦ
549 2122 690 2177 κατά
716 2120 815 2195 τὴν
857 2122 1168 2196 παραϐολὴν
1193 2124 1569 2179 οἰκοδεσπότου
1606 2142 1770 2196 μεμι-

180 2212 486 2292 σθωμένοι,
515 2210 655 2287 ἦσαν
680 2214 738 2268 δὲ
779 2214 874 2268 καὶ
902 2215 1050 2270 ἄλλοι
1097 2215 1502 2287 μεμισθωμένοι
1543 2216 1771 2288 ἐργάται

174 2305 304 2378 ἢτοι
330 2307 444 2361 ὑπὸ
469 2307 669 2380 ἐτέρων
699 2306 1108 2372 οἰκοδεσποτῶν,
1137 2307 1171 2378 ἢ
1200 2305 1294 2360 τοῦ
1319 2304 1483 2361 αὐτοῦ
1503 2321 1516 2335 ·
1540 2308 1635 2361 καὶ
1653 2307 1771 2376 ἦτοι

175 2399 241 2453 οὺ
279 2400 545 2472 μακάριοι
575 2398 609 2471 ἢ
653 2399 754 2471 οὐχ
789 2397 964 2463 οὕτως
1001 2399 1279 2470 μακάριοι,
1306 2398 1449 2471 ὑπὲρ
1480 2400 1627 2470 ἡμᾶς
1652 2399 1770 2454 ἐστι

176 2493 316 2545 κατ’
345 2490 503 2558 ἀξίαν
533 2490 595 2544 τὸ
635 2490 875 2545 τοιοῦτον
911 2490 1124 2562 νοῆσαι,
1170 2489 1205 2561 ἢ
1249 2489 1346 2543 καὶ
1388 2489 1468 2554 ὡς
1520 2490 1768 2563 νοοῦμεν,

174 2589 377 2660 γραφῇ
431 2585 498 2640 τά
542 2584 809 2658 νοούμενα
861 2584 1168 2641 πιστεῦσαι.
1211 2583 1353 2654 Ἐγὼ
1390 2584 1538 2656 ζητῶ
1566 2585 1659 2639 καὶ
1699 2585 1770 2640 τά

177 2680 299 2747 ἔξω
320 2678 414 2732 τοῦ
439 2678 780 2750 ἀμπελῶνος,
805 2680 939 2734 ὅπου
966 2679 1310 2752 εὑρίσκονται
1336 2677 1389 2731 οἱ
1412 2679 1639 2750 ἐργάται
1666 2680 1770 2734 ύπὺ

177 2771 284 2826 τοῦ
334 2771 641 2838 ἐξελθόντος
675 2773 876 2838 αὐτοὺς
913 2771 1310 2844 μισθώσασθαι,
1356 2774 1452 2829 καὶ
1486 2773 1770 2827 ἐπισκοπῶ

184 2866 407 2937 μήποτε
433 2866 467 2934 ἡ
494 2863 646 2935 χώρα
671 2864 779 2919 τῶν
810 2863 916 2936 πρὸ
939 2864 1032 2918 τοῦ
1052 2863 1300 2936 σώματος
1325 2864 1513 2936 ψυχῶν
1538 2866 1708 2930 ἐστὶν,
1738 2866 1768 2919 ό

178 2956 299 3022 ἔξω
320 2955 423 3010 τοῦ
446 2954 766 3027 ἀμπελῶνος
795 2956 957 3020 τόπος
974 2973 989 2986 ο
1028 2955 1289 3028 ἅμπελὼν
1325 2956 1383 3011 δὲ
1418 2957 1478 3009 ού
1521 2956 1680 3027 μόνον
1699 2956 1769 3011 τά
1796 2984 1838 3043 C

177 3048 343 3119 τῇδε,
369 3047 509 3102 ἀλλά
530 3047 624 3102 καὶ
649 3048 716 3102 τά
737 3047 841 3115 ἔξω
869 3048 963 3104 τοῦ
989 3047 1259 3120 σώματος,
1293 3048 1441 3113 ἔνθα,
1472 3044 1643 3121 οἶμαι,
1675 3050 1768 3121 ἐρ-

175 3134 451 3209 γάζονται
476 3138 523 3189 οἱ
546 3135 802 3209 ἐργάταιο
829 3139 889 3191 ού
920 3138 1029 3209 γὰρ
1061 3139 1118 3192 ἐν
1147 3139 1316 3211 ἀργίᾳ
1345 3139 1484 3194 εἰσιν
1514 3140 1571 3194 αἱ
1599 3139 1771 3193 ἀπαλ-

180 3227 446 3296 λαγεῖσαι
481 3228 576 3281 τοῦ
615 3228 864 3300 σώματος
899 3231 1144 3303 ἐργατῶν
1190 3230 1651 3303 παραληφθέντων
1688 3234 1769 3297 εἰς

183 3321 244 3375 τὸ
271 3321 476 3393 χωρίον
502 3320 596 3375 τοῦ
619 3321 991 3377 οἰκοδεσπότου
1012 3323 1199 3395 ψυχαί.
1227 3325 1336 3377 Καὶ
1365 3323 1616 3396 Σαμουὴλ
1639 3324 1768 3393 γοῦν

184 3413 299 3482 ἔξω
343 3412 595 3486 σώματος
631 3416 925 3486 εἰργάσατο
957 3417 1319 3488 προφητεύων
1353 3417 1485 3488 (54),
1529 3417 1622 3471 καὶ
1668 3418 1756 3471 ἰεο

188 3503 391 3577 ρεμίας
422 3504 710 3575 εὐχόμενος
740 3506 881 3578 ὑπὲρ
910 3505 1004 3559 τοῦ
1033 3505 1183 3560 λαοῦ.
1224 3505 1635 3578 Φάοτιμιῦμεθα
1674 3502 1769 3563 οὖν

185 3596 288 3650 καὶ
340 3594 704 3669 ἐργαζώμεθα
750 3598 841 3652 τὸν
891 3598 1191 3670 ἀμπελῶνα
1231 3599 1343 3653 εἴτε
1388 3597 1766 3671 ἐνδημοῦντες,

184 3687 299 3740 εἴτε
320 3686 708 3759 ἐκδημοῦντες,
742 3686 1035 3761 ληψόμενοι
1060 3690 1089 3743 ὃ
1112 3686 1263 3763 ὲάν
1295 3689 1500 3744 δίκαιον
1525 3705 1539 3719 °
1565 3689 1659 3743 καὶ
1683 3689 1777 3744 οὑ-

1879 1686 1986 1727 non
2029 1681 2179 1739 sunt,
2203 1680 2258 1729 et
2288 1672 2342 1727 id
2388 1676 2721 1745 respondere
2756 1679 2876 1733 ausi
2923 1677 3179 1733 luerunt:
3236 1699 3255 1732 ι
3286 1678 3458 1737 Nemo

1878 1777 1979 1819 nos
2009 1764 2307 1820 conduxit:
2364 1782 2384 1818 ι
2433 1781 2557 1821 nam
2603 1767 2650 1823 si
2684 1784 2792 1824 una
2835 1785 2959 1825 cum
3006 1785 3235 1841 corpore
3269 1773 3455 1829 anima

1877 1867 1995 1912 sata
2014 1865 2118 1922 est,
2147 1856 2424 1927 quomodo
2445 1867 2555 1914 toto
2578 1859 2666 1915 die
2692 1868 2957 1918 steterunt
2982 1862 3183 1918 otiosi?
3207 1864 3290 1918 vel
3310 1874 3457 1921 certe

1876 1945 2061 2002 dicant
2090 1946 2246 2003 nobis
2280 1948 2409 2019 quid
2454 1948 2526 2004 sit
2568 1956 2714 2003 totus
2749 1949 2841 2006 ille
2869 1950 3006 2017 dies,
3047 1950 3316 2021 variaque
3353 1966 3452 2021 pro

1875 2038 2042 2093 variis
2059 2038 2209 2095 horis
2231 2038 2610 2109 operariorum
2637 2040 2987 2096 vocationes:
3011 2056 3078 2096 an
3105 2052 3285 2097 autem
3309 2041 3450 2098 beati

1876 2129 2078 2185 fuerint
2104 2145 2244 2200 quos
2266 2131 2520 2187 laudatus
2550 2131 2603 2186 in
2624 2132 2882 2203 parabola
2909 2132 3299 2203 paterlamilias
3319 2147 3453 2190 con-

1875 2220 2058 2286 duxit;
2090 2232 2144 2276 et
2187 2231 2369 2278 utrum
2404 2223 2498 2278 alii
2548 2231 2734 2280 essent
2779 2224 3033 2281 conducti
3076 2228 3332 2297 operarii,
3364 2228 3453 2283 vel

1876 2312 1946 2367 ab
1974 2312 2095 2369 aliis
2137 2313 2644 2383 patribusl'amilias,
2682 2315 2767 2370 vel
2807 2315 2877 2371 ab
2909 2317 3136 2383 eodem;
3167 2326 3222 2374 et
3252 2333 3320 2373 an
3360 2334 3452 2377 es-

1876 2415 1998 2460 sent
2031 2405 2196 2473 beati,
2241 2405 2325 2462 vel
2373 2422 2481 2462 non
2524 2421 2678 2477 mue
2715 2406 2882 2473 beati,
2925 2422 3024 2477 pro
3066 2408 3144 2464 rei
3189 2408 3452 2480 dignitate

1876 2493 2295 2565 haudquaquam
2338 2503 2521 2552 mente
2566 2496 2851 2566 consequi,
2893 2497 2977 2551 vel
3024 2496 3167 2553 sicut
3196 2500 3448 2570 assequi-

1876 2601 2021 2651 mur,
2054 2587 2124 2641 ita
2160 2587 2378 2657 scriptis
2412 2587 2630 2644 tradere
2677 2589 2942 2644 valemus.
2992 2586 3107 2660 Ego
3133 2590 3353 2660 quidem
3394 2600 3450 2646 et

1876 2677 1994 2733 loca
2026 2694 2145 2749 quae
2199 2688 2326 2735 sunt
2369 2687 2522 2735 extra
2565 2681 2778 2738 vineam
2806 2681 3130 2753 pervestigo,
3166 2683 3219 2737 in
3248 2684 3449 2754 quibus

1874 2771 2108 2840 operarii
2139 2773 2208 2825 ab
2228 2785 2295 2826 eo
2327 2772 2421 2840 qui
2446 2772 2514 2827 ad
2540 2771 2926 2829 conducendos
2960 2774 3083 2831 illos
3115 2775 3267 2837 exiit,
3297 2792 3451 2847 repe-

1874 2862 2125 2929 riuntur;
2169 2870 2224 2917 et
2253 2874 2435 2918 utrum
2477 2864 2789 2919 animorum
2839 2865 3163 2935 corporibus
3205 2868 3447 2923 nondum

1875 2953 2246 3008 immissorum
2277 2953 2417 3008 idem
2447 2953 2538 3010 ille
2563 2954 2635 3010 sit
2664 2955 2760 3024 qui
2788 2964 2843 3011 et
2869 2966 3020 3012 extra
3058 2957 3271 3014 vineam
3297 2960 3449 3018 locus

1875 3061 2090 3109 meeum
2126 3045 2420 3116 perpendo,
2444 3055 2500 3101 et
2522 3062 2592 3101 an
2621 3048 2777 3102 vinea
2819 3061 2929 3103 non
2960 3064 3049 3106 res
3081 3049 3256 3106 solum
3283 3051 3449 3122 hujus

1873 3140 2014 3202 vitae,
2047 3140 2140 3194 sed
2173 3147 2226 3194 et
2262 3154 2387 3209 qua:
2421 3147 2574 3195 extra
2605 3155 2806 3210 corpus
2838 3148 2987 3205 sunt,
3035 3142 3325 3213 signiﬁcet,
3354 3145 3445 3201 ubi

1874 3247 2014 3303 opus
2055 3247 2218 3288 suum
2267 3231 2445 3289 facere
2490 3233 2772 3311 operarios
2810 3234 3097 3303 existimo;
3148 3251 3251 3293 nec
3299 3237 3449 3293 enim

1873 3326 2249 3395 Operatiorum
2272 3326 2339 3382 ad
2368 3326 2627 3397 praedium
2656 3325 3063 3397 patrisfamilias
3088 3329 3450 3387 excolendum

1875 3428 2280 3489 assumptorum
2312 3418 2508 3474 animae
2535 3420 2727 3475 otiosa:
2752 3429 2902 3485 sunt,
2946 3429 3236 3492 postquam
3263 3438 3296 3480 e
3322 3438 3447 3479 cor-

1875 3526 2006 3581 pore
2033 3511 2355 3582 migrarunt.
2385 3510 2545 3567 Certe
2569 3525 2707 3582 opus
2730 3509 2983 3579 iaciebat,
3011 3523 3302 3585 postquam
3326 3531 3445 3571 cor-

1874 3617 2008 3672 pore
2035 3603 2319 3673 expeditus
2348 3612 2454 3667 est,
2491 3604 2710 3659 Samuel
2758 3604 3062 3661 vaticinans
3108 3606 3187 3673 ";
3233 3622 3447 3664 necnon

1871 3704 1927 3749 et
1951 3693 2215 3751 Jeremias
2239 3710 2339 3765 pro
2380 3696 2582 3767 populo
2622 3712 2787 3752 orans
2827 3696 2890 3751 ".
2929 3697 3126 3770 Magno
3174 3715 3304 3769 ergo
3332 3707 3448 3755 stu-

178 3778 298 3842 ὂείς
330 3796 421 3848 γε,
455 3779 580 3834 ὅσον
619 3781 710 3835 ἐπὶ
752 3784 818 3854 τῇ
851 3781 1154 3855 παραϐολῇ,
1192 3782 1267 3855 μὴ
1302 3782 1666 3855 ἐργασόμενος
1706 3781 1770 3837 τὰ

1880 3783 1964 3839 dio
1993 3785 2136 3840 vires
2167 3784 2221 3839 in
2259 3785 2556 3841 excolenda
2597 3786 2776 3853 vinea,
2824 3786 2941 3842 sive
2979 3786 3033 3842 in
3074 3788 3180 3843 hoc
3217 3803 3446 3858 corpore

181 3871 282 3928 τοῦ
315 3873 636 3944 ἀμπελῶνος
671 3873 807 3947 ἔργα
851 3872 1297 3941 ἐξαποστέλλεται
1325 3878 1407 3940 εἰς
1451 3874 1614 3930 αὐτόν
1631 3892 1644 3906 ·
1686 3874 1770 3927 ού-

1880 3876 2183 3940 constituti,
2215 3878 2330 3932 sive
2363 3885 2517 3933 extra
2547 3877 2679 3933 illud
2719 3878 3124 3949 peregrinantes
3148 3881 3443 3937 contenda—

1344 3984 1351 3991 ’
1396 3989 1629 4047 VETUS
1667 3987 2246 4045 INTERPRETATIO.

189 4107 317 4161 dem
348 4106 577 4176 operati,
605 4124 714 4163 non
756 4117 935 4164 autem
976 4109 1396 4164 assumebantur
1427 4107 1481 4161 in
1513 4107 1750 4169 vineam,
1786 4105 1881 4177 qui
1917 4106 2144 4177 ﬁdeliter
2169 4119 2237 4177 se
2259 4105 2593 4160 excusabant
2615 4104 2855 4177 dicentes
2884 4122 2898 4159 :
2936 4123 2955 4157 ι
2985 4103 3122 4172 Quia
3152 4120 3313 4161 nemo
3336 4121 3443 4163 nos

186 4174 490 4232 conduxit?
523 4198 543 4231 ι
584 4177 694 4234 Nos
738 4189 917 4235 autem
960 4180 1080 4235 ausi
1115 4178 1319 4234 luimus
1353 4179 1481 4234 talia
1511 4174 1867 4247 quaedamfet
1895 4176 1963 4230 de
1991 4175 2179 4231 multis
2206 4174 2500 4245 Scriptnris
2528 4176 2895 4245 suspicionem
2921 4178 3265 4246 accipientes,
3296 4186 3351 4232 et
3375 4178 3443 4232 d:

231 4247 450 4303 resenti
480 4264 698 4327 quoque
732 4250 1003 4327 parabola,
1026 4251 1225 4327 dicere,
1266 4259 1325 4305 ut
1362 4246 1714 4327 ostendamus
1742 4247 2018 4327 quomodo
2031 4255 2161 4327 .tota
2205 4246 2292 4302 die
2319 4247 2479 4302 otiosi
2510 4254 2793 4312 steterunt,
2825 4257 3109 4315 propterea
3138 4249 3280 4317 quod
3315 4249 3441 4302 nul-

214 4333 432 4396 us____eo§
453 4320 797 4396 conduceret,
821 4321 912 4390 qui
944 4322 1087 4396 circa
1116 4321 1300 4396 horam
1334 4319 1675 4396 undecimam
1709 4328 1838 4372 sunt
1869 4319 2068 4396 vocati.
2190 4385 2240 4396 Η
2312 4384 2349 4396 η
2655 4392 2664 4396 Α
2715 4392 2724 4396 _
2911 4393 2919 4396 _
3179 4384 3190 4396 .

265 4387 361 4460 255Ἴ
374 4386 603 4460 Quibus
628 4384 806 4445 autem
841 4384 948 4444 non
980 4390 1191 4459 placent
1213 4391 1465 4460 dogmata
1493 4390 1619 4450 ista,
1652 4390 2077 4460 interpretentur
2115 4385 2274 4460 nobis
2294 4384 2438 4460 diem
2471 4384 2615 4438 illam
2650 4392 2926 4460 totam,_e_t
2960 4399 3067 4460 eos
3099 4384 3193 4455 qui
3226 4385 3444 4444 stabant

190 4466 307 4513 tota
333 4458 422 4512 die
453 4460 635 4524 otiosi,
663 4462 908 4515 volentes
948 4455 1165 4530 quidem
1207 4455 1441 4530 operari,
1471 4474 1581 4530 non
1610 4455 1807 4530 autem
1825 4457 2160 4530 vocabantur
2197 4457 2251 4509 in
2302 4455 2537 4530 vineam.
2569 4463 2623 4508 et
2654 4456 2799 4524 quod
2822 4455 3157 4530 _liducialite_r
3185 4470 3244 4510 se
3276 4471 3444 4530 excu-

191 4537 384 4582 santes
413 4529 711 4585 dixerunt:
752 4550 771 4583 ι
809 4525 978 4586 Nemo
1007 4546 1106 4586 nos
1136 4525 1417 4585 conduxit.
1460 4550 1480 4582 ι
1519 4529 1576 4581 Si
1608 4527 1753 4582 enim
1796 4527 2169 4582 conseminata
2209 4534 2353 4580 esset
2395 4525 2577 4579 anima
2618 4526 2858 4594 corpori,
2894 4528 3170 4595 quomodo
3210 4536 3318 4580 tota
3354 4527 3444 4583 die

193 4607 470 4670 steterunt
500 4601 705 4655 otiosi?
740 4601 848 4655 Aut
878 4602 1059 4655 dicant
1083 4600 1260 4665 nobis,
1289 4615 1411 4670 qua:
1443 4600 1513 4653 sit
1543 4598 1774 4670 illadies
1805 4605 1936 4670 tota,
1966 4597 2094 4670 etin
2121 4611 2183 4650 ea
2209 4595 2458 4670 divers:e_,
2488 4596 2787 4670 secundum
2818 4597 3063 4670 diversas
3097 4595 3280 4670 horas,
3314 4612 3445 4666 ope-

193 4669 470 4723 rariorum
504 4671 851 4726 vocationes?
879 4670 1070 4726 Utrum
1112 4664 1479 4724 autem'beati
1518 4668 1736 4738 quidem
1765 4667 1859 4738 qui
1895 4666 2193 4722 secundum
2230 4665 2544 4738 parabolam
2585 4666 2746 4738 istam
2768 4735 2780 4738 Α
2802 4682 2833 4721 a
2878 4664 3268 4738 patrefamilias
3316 4664 3447 4723 sunt

195 4738 459 4811 conducti
486 4758 501 4793 :
532 4751 687 4796 erant
714 4751 893 4797 autem
923 4750 980 4796 et
1012 4741 1101 4796 alii
1133 4751 1448 4811 cperatores
1479 4735 1572 4808 qui
1598 4735 2065 4811 conduCebantur,
2096 4737 2209 4793 sive
2235 4737 2303 4811 ab
2341 4737 2464 4791 aliis
2508 4735 3015 4811 patribuslamilias,
3034 4737 3165 4811 sive
3191 4737 3258 4811 ab
3301 4738 3443 4811 ipso,

192 4817 249 4863 et
275 4807 393 4889 sive
423 4826 530 4889 non
559 4812 720 4877 beati,
750 4821 845 4866 aut
875 4827 981 4865 non
1009 4814 1089 4867 sic
1115 4805 1279 4889 beati,
1311 4825 1476 4881 supra
1502 4805 1613 4864 nos
1639 4819 1735 4889 est
1768 4809 1872 4889 hoc
1897 4808 2193 4889 intelligere
2221 4805 2404 4875 digne,
2440 4805 2861 4889 sintsecundum
2902 4807 3048 4889 quod
3094 4805 3445 4889 intelligimus

194 4881 444 4952 credere.
468 4879 582 4952 Ego
606 4897 791 4952 quaero
812 4892 863 4937 et
884 4898 1006 4950 quae
1041 4891 1193 4936 extra
1224 4877 1435 4934 vineain
1466 4887 1614 4944 sunt,
1644 4879 1736 4933 ubi
1764 4886 1819 4931 et
1853 4879 2206 4952 inveniuntur
2238 4878 2473 4952 operarii
2505 4878 2675 4952 abeo
2712 4877 2962 4952 qui__exiit
2995 4877 3298 4933 conducere
3325 4884 3439 4931 eos.

194 4947 264 5027 irit
287 4946 575 5027 considera
610 4946 677 5009 ne
715 4952 853 5008 forte
880 4946 1366 5027 locusanimarum
1399 4959 1483 5005 est
1512 4960 1638 5004 ante
1661 4964 1883 5027 corpus,
1915 4949 2008 5018 qui
2042 4959 2125 5003 est
2158 4956 2312 5003 extra
2343 4946 2759 5027 vineatn'locus}
2798 4946 3177 5027 Vineaautem
3205 4962 3445 5027 non-so-

195 5019 311 5073 lum
345 5021 437 5094 hic
475 5022 527 5075 in
558 5037 785 5094 corpore
820 5032 924 5094 est,
952 5022 1053 5094 sed
1079 5024 1255 5094 etiam,
1282 5030 1434 5075 extra
1468 5035 1670 5089 corpus
1708 5020 1801 5073 ubi
1834 5017 2136 5087 operantur
2162 5026 2494 5094 cperatores.
2525 5017 2895 5094 Nec_enim_in
2936 5021 3047 5072 otio
3090 5024 3220 5072 sunt
3247 5017 3448 5071 animae

194 5090 577 5166 operariorum
624 5087 671 5148 a'
700 5087 1096 5166 patrel'a'milias
1123 5093 1537 5166 conductorum,
1572 5087 1697 5145 cum
1734 5104 1766 5143 a
1790 5103 2041 5166 _corpore
2064 5098 2191 5143 sunt
2222 5089 2479 5143 liberatae.
2527 5089 2603 5166 Et
2619 5087 2841 5143 Samuel
2885 5103 3016 5157 ergo
3061 5097 3211 5141 extra
3238 5100 3444 5166 corpus

193 5158 529 5233 operabatur
555 5158 906 5233 prophetans,
934 5172 988 5218 et
1026 5161 1291 5217 Jeremias
1312 5177 1478 5217 orans
1516 5176 1615 5230 pro
1641 5158 1880 5229 populo:
1924 5168 2318 5233 proptereaque
2354 5160 2842 5233 contendimus,_et
2865 5171 3160 5227 operamur
3202 5158 3440 5218 vineam,

196 5227 312 5306 sive
340 5227 622 5306 constituti
651 5227 704 5288 in
732 5227 981 5306 corpore,
1006 5234 1121 5287 sive
1149 5242 1408 5287 exeuntes
1437 5248 1468 5286 a
1512 5227 1762 5306 corpore,
1797 5227 2070 5306 accepturi
2112 5227 2257 5298 quod
2294 5227 2458 5306 fuerit
2484 5229 2716 5306 justum.
2740 5227 2813 5306 _Et
2853 5235 3141 5306 nemo'est,
3177 5235 3442 5306 quantum

196 5300 263 5355 ad
295 5303 608 5379 par-abolent
634 5295 936 5379 istam,'qi_ii
969 5295 1080 5358 non
1104 5313 1188 5357 est
1209 5295 1655 5379 operatusopera
1678 5295 1986 5379 vineaehqui
2017 5295 2196 5354 tamen
2228 5295 2581 5379 transtulissus
2614 5298 2715 5379 fuit
2739 5299 2792 5351 in
2812 5312 2961 5379 Oeam.
2990 5295 3266 5379 Neminem
3297 5296 3444 5351 enim

198 5366 357 5440 quasi
396 5374 490 5442 qui
539 5377 719 5430 minus
746 5366 934 5430 fecerit
961 5389 1149 5444 opera,
1178 5366 1566 5443 paterfamilias
1595 5366 1959 5444 reprehendit,
1995 5384 2317 5444 quanquam
2337 5371 2405 5424 de
2442 5370 2687 5425 mercede
2720 5367 2923 5444 majore
2962 5366 3046 5422 vel
3086 5367 3297 5421 minore
3322 5380 3446 5435 spe-

199 5438 315 5518 rata
353 5438 611 5513 culpavit.
643 5445 710 5500 Et
738 5445 969 5518 forsitan
997 5438 1156 5518 locus»
1180 5438 1275 5518 qui
1304 5452 1458 5518 extra
1491 5438 2059 5518 vineain_e5t,_l'o_rum
2092 5449 2196 5518 est,
2231 5440 2321 5497 ubi
2350 5449 2507 5518 erant
2532 5438 2945 5518 stantes_otiosi,
2978 5452 3227 5508 magnam
3275 5452 3446 5518 excu-

200 5510 472 5568 sationem
503 5516 761 5571 habentes
790 5516 857 5570 ad
890 5517 994 5570 hoc
1026 5525 1084 5569 ut
1107 5510 1257 5587 digni
1301 5513 1605 5568 clliciantur
1626 5510 1805 5581 ,totius
1840 5510 1948 5566 diei
1986 5512 2251 5576 mercede,
2281 5511 2583 5567 secundum
2621 5510 2765 5580 quod
2797 5518 3203 5564 excusaverunt
3234 5510 3444 5578 seipsos

269 5651 318 5685 "
352 5649 545 5708 Matth.
583 5670 675 5723 xx,
710 5655 759 5708 7.
834 5653 924 5707 ⁷³1
953 5652 1084 5724 Reg.
1115 5668 1310 5708 xxvm.
1387 5652 1433 5686 "‘
1459 5649 1504 5708 ll
1536 5650 1672 5707 Hac.
1736 5666 1826 5716 xv,
1858 5647 1944 5704 14.

272 5790 386 5865 (54)
415 5791 522 5847 Καὶ
555 5790 839 5860 Σαμουὴλ
864 5791 1013 5862 γοῦν
1031 5791 1147 5856 ἔξω
1166 5790 1439 5862 σώματος
1462 5788 1770 5861 εἰργάσατο

524 5888 758 5933 Paw-nni
825 5888 915 5933 Cn
986 5887 1034 5933 ἶ
1052 5888 1160 5933 Ill,

1880 5789 2217 5859 νοφητεύων,
2259 5785 2384 5842 Vide
2408 5782 2696 5857 Origenem
2725 5784 2777 5840 in
2817 5783 2834 5838 l
2876 5782 3007 5855 Reg.
3039 5797 3162 5852 cap.
3182 5793 3368 5840 κιναι-

3026 5876 3104 5933 θ3

522 5888 792 5948 Ρλτιιοι.
825 5888 941 5949 Gn.
986 5887 1161 5949 Xlll.

3026 5882 3082 5933 Μ
