3954 6550
179 359 335 416 13ὒῖ

1151 350 1500 408 COMMENT.
1543 351 1608 406 ΙΝ
1647 347 2071 406 MATTllAiU-M
2107 346 2345 404 TOMUS
2382 344 2494 403 XV.

3317 347 3458 406 I358

171 496 270 531 πω
323 476 572 550 κριθῆναι
600 476 707 530 τῶν
745 473 801 528 ὲν
845 474 922 545 τῷ
959 473 1238 545 ἀμπελῶνι
1263 473 1458 546 ἔργων.
1501 473 1607 528 Καὶ
1637 472 1772 527 καύ-

1884 472 1994 527 dem
2028 471 2241 541 pondus
2278 471 2383 526 diei
2425 481 2480 526 et
2509 479 2701 526 :estum
2752 471 3165 540 sustinuerunt;
3219 482 3275 528 at
3322 487 3458 542 pon-

173 571 339 624 σωνά
387 586 450 638 γε
485 569 792 623 ἐϐάστασαν
827 567 876 620 οἱ
911 567 1015 638 πρὸ
1049 567 1148 637 τῆς
1184 566 1495 636 ἑνδεκάτης,
1543 564 1773 627 ἕκαστος

173 664 308 717 κατ’
361 661 652 730 ἀναλογίαν
690 661 790 731 τῆς
834 658 1132 730 κλήσεωςο)
1189 657 1262 729 μὴ
1309 658 1505 720 εἰδότες
1562 657 1624 710 τὸ
1677 656 1772 711 τοῦ

171 750 571 809 οἰκοδεσπότου
602 751 816 823 ἀξίωμα
843 752 892 804 oi
927 749 1154 821 πρῶτοι,
1186 749 1282 802 καί⁹
1306 749 1389 802 ὅτι
1427 749 1486 802 οὐ
1514 747 1621 821 χρὴ
1648 765 1774 816 γογ-

177 843 378 914 γύζειν
413 843 554 898 κατά
591 842 804 908 τούτου,
834 841 1014 895 πλεῖόν
1055 857 1106 892 τι
1149 841 1423 911 σωτηρίας
1447 834 1515 912 ἦς
1565 838 1776 910 λαμσά-

179 955 374 992 νουσιν
406 939 456 991 οἱ
475 938 796 999 τελευταῖοι,
823 933 1079 1005 ᾠήθησαν
1107 932 1391 1003 λήψεσθαι,
1424 933 1518 985 καὶ
1547 931 1776 1000 ἐγόγγυ-

179 1032 281 1096 ζον
329 1029 470 1085 κατά
514 1029 610 1083 τοῦ
659 1028 1065 1091 οἰκοδεσπότου,
1116 1024 1434 1096 φθονοῦντες
1481 1027 1612 1096 ἡμῖν
1661 1028 1774 1088 τοῖς

179 1117 465 1186 ἐσχάτοις,
504 1117 632 1188 μίαν
675 1117 824 1187 ὥραν
857 1116 954 1187 τὴν
999 1115 1159 1185 μέχρι
1191 1114 1291 1184 τῆς
1327 1114 1635 1178 συντελείας
1673 1132 1774 1167 πε-

182 1209 471 1281 ποιηκόσι,
507 1210 600 1263 καὶ
640 1209 773 1273 ἴσοις
805 1209 1051 1278 γεγονόσι
1089 1212 1199 1273 τοῖς
1230 1208 1466 1279 ἀρχῆθεν
1500 1207 1775 1278 κεκλημέ-

181 1322 303 1368 νοις
342 1303 433 1356 ὲπὶ
480 1303 571 1357 τὸν
611 1302 752 1356 θεῖον
792 1302 1106 1374 ἀμπελῶνα.
1154 1300 1292 1354 Ἀλλ’
1333 1303 1364 1355 ὁ
1394 1300 1775 1371 οἰκοδεσπότης

182 1397 269 1451 ἑνὶ
301 1397 486 1450 αὐτῶν
518 1393 659 1460 εἶπε,
694 1396 834 1467 τάχα
863 1395 940 1466 τῷ
979 1397 1147 1469 Ἀδάμ
1173 1396 1281 1467 (35)
1305 1412 1319 1426 ο
1355 1415 1372 1446 ι
1415 1395 1646 1467 Ἑταῖρε,
1676 1394 1776 1447 οὐκ

180 1490 366 1543 ἀδικῶ
398 1507 473 1544 σε.
506 1490 639 1560 Οὐχὶ
663 1490 914 1561 δηνάριον
949 1489 1305 1562 συνεφώνησά
1331 1507 1410 1543 σοι
1443 1489 1552 1559 (56)
1573 1506 1586 1552 ;
1608 1485 1775 1560 ’Ἃρον

181 1581 248 1635 τδ
308 1583 427 1647 σὺν,
459 1583 554 1636 καὶ
590 1583 769 1653 ὕπαγε
793 1601 808 1614 ο
845 1603 863 1635 ι
904 1583 993 1638 σὺν
1023 1585 1131 1656 γάρ
1164 1585 1198 1654 ἡ
1244 1583 1485 1655 σωτηρία
1517 1582 1578 1635 τὸ
1608 1581 1771 1653 δηνά-

185 1690 331 1745 ριον.
385 1693 404 1725 t
438 1672 590 1726 Θέλω
619 1673 728 1746 γάρ
758 1675 852 1727 καὶ
889 1674 1083 1744 τούτῳ,
1131 1673 1286 1745 φησι,
1336 1673 1517 1727 δοῦναι
1558 1673 1634 1736 ὡς
1682 1675 1812 1746 καὶ-

184 1765 307 1819 σοί·
359 1786 378 1817 ι
426 1767 520 1821 καὶ
561 1768 660 1821 οὐκ
693 1763 836 1830 εἷπε,
889 1785 906 1818 t
944 1765 1174 1831 τούτοις,
1214 1787 1233 1817 ι
1283 1766 1397 1820 ἀλλ’
1439 1765 1606 1831 ἔδειξε
1651 1783 1774 1819 τινα

181 1861 312 1913 κατ’
367 1858 557 1930 ἐξοχὴν
605 1859 702 1912 ἕνα
741 1827 850 1930 (δὴ
908 1859 966 1912 ὃν
1007 1827 1405 1931 τολμίηρότερον
1459 1827 1576 1929 μὲν-
1603 1859 1776 1911 εἰπεῖν
1812 1827 1851 1881 Β

181 1951 343 2013 ὅστις
377 1951 522 2005 ἐστίν
539 1969 553 1982 ·
590 1952 687 2005 οὐκ
714 1951 991 2016 ἀπιθάνως
1015 1951 1059 2004 δ’
1086 1953 1151 2006 ἄν
1176 1969 1258 2015 τις
1289 1951 1609 2022 στοχάσαιτο
1631 1950 1779 2004 Παῦ-

181 2042 276 2096 λον
315 2044 419 2114 μὲν
453 2039 590 2097 εἶναι
635 2045 725 2098 τὸν
763 2045 1078 2108 ἀπόστολον,
1113 2045 1243 2116 μίαν
1286 2044 1433 2116 ὤραν
1469 2045 1780 2116 ἐργασάμε-

182 2153 275 2190 νον
302 2137 452 2208 τάχα
486 2137 626 2210 ὑπὲρ
661 2138 867 2204 πάντας
894 2139 1020 2204 τοὺς
1045 2138 1151 2210 πρὸ
1177 2137 1364 2194 αὐτοῦ.
1401 2139 1464 2191 Εἰ
1494 2137 1554 2191 δὲ
1579 2137 1661 2191 δεῖ
1685 2139 1778 2192 καὶ

187 2233 322 2304 περὶ
347 2231 445 2286 τοῦ
489 2233 811 2304 ἀμπελῶνος
834 2253 887 2287 τι
915 2237 1109 2300 εἰπεῖν,
1136 2234 1368 2290 λαϐόντα
1395 2233 1647 2306 ἀφορμὴν
1682 2233 1779 2287 ἀπ’

184 2320 363 2374 αὑτοῦ
393 2320 486 2375 τοῦ
517 2323 949 2395 ἑρμηνεύσαντος
980 2326 1036 2379 ὲν
1076 2328 1191 2388 τοῖς
1221 2324 1351 2396 περὶ
1390 2323 1555 2395 ἄλλης
1598 2340 1778 2395 παρα-

185 2413 363 2484 ϐολῆς
389 2415 480 2469 τὸν
505 2416 823 2486 ἀμπελῶνα,
858 2419 1122 2490 φήσομεν,
1161 2418 1244 2471 ὅτι
1276 2415 1535 2489 ἀμπελών
1562 2418 1710 2470 ἐστιν
1740 2418 1776 2487 ή

187 2507 444 2580 βασιλεία
475 2509 569 2562 τοῦ
614 2509 768 2564 Θεοῦ.
811 2510 999 2574 Οὕτως
1027 2510 1137 2582 γάρ
1174 2510 1336 2572 αὐτὸς
1369 2505 1522 2562 εἶπεν
1561 2509 1618 2562 ἐν
1657 2508 1736 2580 τῷ
1759 2525 1773 2538 ·

191 2619 214 2654 t
255 2602 585 2675 Ἀρθήσεται
608 2605 700 2673 ἀφ’
739 2604 892 2675 ὑμῶν
922 2605 954 2675 ή
983 2603 1225 2674 βασιλεία
1256 2602 1351 2656 τοῦ
1377 2602 1535 2667 Θεοῦ,
1567 2604 1662 2658 καὶ
1691 2603 1779 2658 δο-

189 2694 422 2766 θήσεται
467 2695 605 2750 ἔθνει
644 2697 884 2752 ποιοῦντι
927 2699 1052 2760 τοὺς
1085 2696 1333 2769 καρποὺς
1383 2696 1546 2750 αὐτοῦ
1590 2697 1720 2769 (58).
1755 2715 1774 2749 ι

190 2788 408 2853 Πάντες
432 2785 524 2843 οὖν
554 2791 602 2844 οἱ
634 2789 704 2844 τὰ
742 2790 877 2862 ἔργα
917 2786 1011 2844 τοῦ
1047 2789 1368 2860 ἀμπελῶνος
1393 2789 1774 2862 ἐργαζόμενοι,

189 2880 260 2934 τὰ
293 2881 436 2954 ἔργα
461 2882 559 2953 τῆς
586 2882 858 2953 βασιλείας
888 2882 982 2936 τοῦ
1006 2881 1140 2935 Θεοῦ
1167 2881 1332 2948 ἀξίως
1357 2882 1629 2954 σωτηρίας
1657 2884 1778 2935 ὲπι-

190 2972 500 3044 τελοῦντες,
527 2975 588 3029 τὸ
613 2975 864 3048 δηνάριον
897 2976 1172 3049 λήψονται.
1228 2962 1232 2965 ’

1876 566 1979 620 dus
2019 565 2172 631 illud,
2206 580 2266 620 se
2312 579 2506 635 nempe
2540 565 2746 620 otiosos
2793 566 3026 630 stetisse,
3052 568 3456 623 sustinuerunt.

1875 661 2177 730 Antequam
2201 673 2332 730 ergo
2369 660 2435 714 ad
2463 675 2564 716 nos
2593 659 2904 716 advenisset
2925 659 3189 717 Dominus
3229 664 3322 732 qui
3355 676 3458 716 no-

1876 754 1961 809 bis
1987 754 2159 810 dixit:
2199 771 2219 804 ι
2258 752 2448 808 Venite
2473 754 2538 808 ad
2587 768 2694 820 me,
2741 767 2934 808 omnes
2981 753 3075 823 qui
3112 754 3370 809 laboratis
3401 759 3458 806 et

1876 847 2086 903 onerati
2115 846 2270 911 estis,
2294 854 2349 900 et
2371 861 2470 915 ego
2504 847 2742 901 reficiam
2785 861 2883 901 vos
2913 845 2996 911 7°;
3032 865 3050 898 ι
3099 847 3263 915 (onus
3306 846 3453 902 enim

1877 947 1997 995 erat
2041 937 2224 1003 otiari,
2255 953 2356 994 nec
2389 938 2584 1009 dignos
2615 938 2827 1008 uspiam
2859 937 3068 992 censeri
3095 951 3125 990 ε
3169 937 3371 1006 quibus
3400 937 3454 991 in

1876 1031 2037 1086 vinea
2061 1029 2355 1085 excolenda
2373 1045 2537 1100 Opera
2561 1030 2896 1086 conferatur.
2926 1029 2992 1085 Et
3015 1036 3209 1085 aestum
3233 1029 3454 1099 quidem

1875 1122 2005 1186 diei,
2039 1120 2418 1192 unusquisque
2446 1137 2545 1192 pro
2572 1123 2876 1178 vocationis
2902 1137 3015 1177 suae
3038 1121 3268 1186 ratione,
3294 1120 3456 1192 705

1878 1216 2181 1272 tolerarunt
2225 1215 2320 1284 qui
2367 1224 2491 1270 ante
2533 1216 2875 1270 undecimam
2921 1215 3081 1271 acciti
3124 1215 3288 1281 sunt)
3331 1230 3454 1269 cum

1876 1307 2286 1381 patrisfamilias
2316 1306 2632 1376 dignitatem
2667 1309 2980 1376 ignorarent
3003 1308 3186 1379 primi,
3229 1323 3329 1363 nec
3360 1308 3458 1362 ad-

1880 1420 2070 1460 versus
2105 1419 2229 1459 eum
2283 1404 2508 1458 minime
2552 1401 3003 1458 murmurandum
3047 1418 3170 1458 esse
3212 1401 3456 1464 scirent,

1877 1495 2112 1565 amplius
2143 1493 2346 1565 aliquid
2377 1494 2569 1550 salutis
2599 1502 2762 1563 atque
2785 1493 3114 1562 posteriores
3136 1492 3315 1562 adepti
3348 1490 3460 1548 fue-

1878 1589 2006 1652 rint,
2038 1603 2098 1644 se
2132 1595 2525 1643 consecuturos
2571 1587 3054 1651 existimaverunt,
3104 1594 3158 1640 et
3195 1586 3460 1640 adversus

1875 1677 2322 1750 patremfamilias
2363 1679 2746 1745 mussitarunt,
2794 1677 2952 1732 nobis
2998 1677 3285 1748 postremis
3318 1676 3459 1730 invi-

1876 1773 2085 1838 dentes,
2123 1774 2216 1842 qui
2241 1789 2336 1843 per
2362 1773 2528 1827 unius
2555 1771 2732 1826 solum
2770 1771 2918 1824 horae
2942 1769 3198 1840 spatium,
3228 1769 3295 1824 ad
3325 1783 3458 1824 con-

1880 1864 2300 1919 summationem
2352 1877 2528 1933 usque
2569 1877 2708 1932 opus
2749 1860 3072 1926 fecerimus,
3123 1870 3178 1916 et
3221 1860 3458 1931 :equales

1884 1963 2063 2010 tamen
2120 1955 2188 2011 iis
2253 1955 2428 2012 eﬂ‘ecti
2486 1954 2661 2011 simus
2704 1954 2799 2024 qui
2846 1953 2914 2008 ad
2959 1953 3199 2008 divinam
3242 1957 3454 2007 vineam

1880 2046 1949 2101 ab
1977 2045 2131 2101 initio
2158 2047 2408 2102 advocati
2457 2054 2586 2103 sunt
2623 2065 2636 2100 :
2675 2054 2732 2100 at
2760 2045 3154 2116 paterfamilias
3197 2045 3291 2099 uni
3337 2045 3459 2100 illo-

1881 2155 2002 2194 rum
2026 2178 2041 2203 ,
2079 2139 2181 2209 ipsi
2219 2139 2453 2196 fortasse
2485 2139 2697 2194 Adamo
2721 2139 2858 2194 dixit
2898 2138 2943 2170 "
2978 2156 2990 2192 ι
3028 2157 3047 2190 t
3081 2138 3307 2205 Amice,
3348 2154 3458 2193 non

1881 2231 2023 2287 facio
2063 2232 2159 2286 tibi
2194 2232 2451 2302 injuriam
2478 2271 2493 2297 ,
2540 2247 2724 2286 nonne
2763 2248 2830 2285 ex
2881 2230 3107 2285 denario
3153 2230 3458 2286 convenisti

1882 2324 2136 2378 mecum?
2184 2322 2336 2379 Tolle
2373 2322 2522 2394 quod
2565 2331 2717 2378 tuum
2763 2330 2880 2388 est,
2927 2330 2981 2377 et
3019 2323 3185 2388 vade,
3233 2342 3251 2374 ι
3304 2333 3458 2377 tuum

1879 2417 2079 2487 quippe
2103 2425 2188 2472 est
2217 2418 2388 2480 salus,
2431 2432 2554 2488 qua:
2585 2416 2845 2471 denarius
2885 2425 2988 2472 est.
3029 2436 3046 2468 ‹
3090 2414 3226 2471 Volo
3280 2417 3459 2479 enim,

1881 2509 2060 2578 inquit
2083 2509 2166 2575 ⁸ο,
2223 2518 2278 2563 et
2316 2508 2446 2562 huic
2493 2508 2625 2563 dare
2663 2507 2807 2564 sicut
2844 2518 2898 2565 et
2937 2508 3068 2574 tibi;
3104 2527 3123 2558 ι
3163 2523 3263 2562 nec
3302 2507 3462 2573 dixit,

1889 2620 1907 2653 ς
1943 2600 2051 2666 bis,
2093 2619 2112 2653 ι
2151 2601 2243 2656 sed
2278 2617 2449 2656 unum
2495 2601 2733 2670 aliquem
2759 2602 3020 2658 eximium
3055 2609 3108 2655 et
3150 2598 3463 2669 praecellen-

1883 2703 1991 2750 tem
2022 2694 2346 2767 designavit,
2380 2710 2542 2765 quem
2578 2696 2820 2750 indicare
2848 2693 3196 2750 temerarium
3243 2701 3359 2758 est;
3409 2701 3465 2746 at

1885 2802 1994 2842 non
2040 2787 2230 2858 procul
2281 2803 2312 2842 a
2357 2803 2487 2843 vero
2527 2787 2758 2843 Paulum
2803 2787 2950 2843 hunc
2991 2802 3116 2842 esse
3155 2785 3463 2855 apostolum

1883 2879 2078 2950 conjici
2101 2888 2300 2950 potest,
2326 2879 2421 2950 qui
2454 2895 2558 2935 una
2595 2881 2727 2934 liora
2759 2879 2908 2950 operi
2938 2880 3186 2935 incubuit
3209 2895 3318 2950 pra:
3340 2893 3464 2934 om-

1883 2973 2047 3028 nibus
2084 2971 2317 3028 fortasse
2355 2972 2450 3042 qui
2493 2972 2597 3042 ipsi
2639 2973 3000 3030 anteiverunt.
3038 2972 3193 3038 Quod
3226 2972 3273 3026 si
3302 2981 3356 3026 et
3397 2972 3465 3025 de

192 3066 356 3121 vinea
389 3066 592 3137 aliquid
615 3067 902 3122 dicendum
944 3075 1054 3131 est,
1086 3065 1252 3136 petito
1278 3065 1346 3119 ab
1374 3079 1440 3119 eo
1496 3073 1818 3134 argumento
1854 3065 1948 3134 qui
1987 3065 2226 3136 aliquam
2294 3080 2603 3138 proponens
2646 3065 2959 3136 parabolam
3015 3065 3146 3136 quid
3186 3065 3258 3120 sit
3305 3064 3464 3120 vinea

193 3161 475 3231 patefecit,
505 3163 714 3218 vineam
761 3178 881 3219 esse
905 3179 1130 3235 regnum
1169 3160 1260 3215 Dei
1295 3161 1802 3231 pronuntiabimus;
1845 3161 1924 3217 sic
1955 3162 2101 3216 enim
2138 3163 2256 3233 ipse
2301 3163 2404 3218 hoc
2444 3162 2566 3217 loco
2602 3161 2677 3215 ait
2703 3160 2747 3192 "
2793 3178 2806 3214 :
2848 3177 2866 3211 ι
2907 3159 3200 3215 Auferetur
3251 3175 3281 3213 a
3311 3157 3465 3212 vobis

195 3269 428 3324 regnum
455 3255 573 3320 Dei,
605 3264 658 3311 et
686 3255 904 3310 dabitur
931 3257 1075 3328 genti
1115 3256 1335 3313 facienti
1379 3255 1590 3312 fructus
1619 3256 1759 3325 ejus.
1787 3276 1804 3308 ι
1851 3254 2176 3328 Quicunque
2203 3271 2334 3328 ergo
2369 3257 2423 3311 in
2470 3255 2764 3312 excolenda
2798 3255 2954 3310 vinea
2991 3269 3130 3325 opus
3179 3253 3462 3316 facientes,

195 3367 362 3424 opera
397 3353 544 3422 regni
590 3351 685 3407 Dei
732 3353 905 3408 salute
948 3353 1106 3423 digna
1146 3363 1449 3424 peragunt,
1492 3352 1775 3409 denarium
1816 3353 2096 3424 recipient.

265 3441 430 3498 Μετὰ
464 3442 526 3495 τὸ
570 3441 943 3514 ὑπαγορεῦσαι
985 3443 1156 3497 ταῦτα
1201 3445 1280 3508 είς
1312 3444 1412 3514 τὴν
1458 3443 1781 3516 ἐκκειμένην

1960 3445 2049 3500 ⁸56.
2091 3444 2388 3515 Postquam
2429 3461 2492 3501 ea
2539 3461 2704 3517 super
2737 3453 3015 3516 proposrta
3047 3443 3301 3514 parabola
3347 3441 3463 3498 dis-

199 3535 538 3608 παραϐολὴν,
567 3537 658 3588 καὶ
678 3534 848 3589 ταῦτα
876 3535 1146 3588 ὑπέπεσεν
1170 3537 1300 3607 ήμῖν
1323 3537 1403 3599 είς
1432 3535 1620 3607 αὐτὴν,
1648 3537 1781 3607 χρὴᾱ

1889 3539 2200 3605 scruimus,
2254 3540 2367 3594 haec
2408 3540 2570 3594 etiam
2615 3553 2779 3609 super
2827 3551 2892 3593 ea
2930 3535 3090 3592 nobis
3131 3537 3184 3590 in
3229 3542 3466 3590 mentem

201 3647 338 3700 σιμα
383 3624 524 3682 εἶναι
576 3627 846 3700 δυνάμενα
895 3632 1006 3692 τοῖς
1061 3629 1462 3700 προσκόπτουσι
1510 3631 1574 3700 τῇ
1617 3628 1781 3699 βαθυ-

1891 3629 2132 3694 veniunt,
2183 3645 2305 3699 qua:
2355 3629 2439 3685 his
2481 3630 2634 3685 utilia
2663 3644 2784 3684 esse
2808 3638 3039 3699 possunt
3071 3642 3208 3698 quos
3237 3625 3466 3698 profun-

199 3720 335 3792 τέρα
379 3719 492 3792 (59)
527 3721 622 3774 καὶ
664 3720 1079 3794 ἀπορῤητοτέρα
1120 3720 1390 3792 διηγήσει.
1437 3722 1601 3791 Φήσει
1650 3720 1781 3790 γοῦν

1891 3716 2014 3771 dior
2063 3726 2116 3773 et
2163 3718 2496 3774 reconditior
2547 3719 2768 3774 otfendit
2819 3717 3207 3788 interpretatio.
3255 3716 3471 3786 Aliquis

1412 3833 1644 3890 VETUS
1680 3831 2261 3890 INTERPRETATIO.

202 3948 528 4018 dignitatem
557 3947 738 4020 primi,
768 3957 821 4001 et
845 3949 1102 4016 quoniam
1136 3963 1244 4002 non
1276 3947 1544 4001 debebant
1571 3947 1835 4001 adversus
1863 3962 1986 4000 eum
2019 3961 2382 4012 murmurare,
2415 3948 2648 4018 amplius
2677 3948 2882 4020 aliquid
2927 3951 3121 4008 salutis
3163 3967 3328 4020 quam
3367 3971 3469 4009 no-

203 4020 418 4075 vissimi
449 4019 741 4088 accipiunt,
773 4020 1018 4087 accipere
1050 4025 1408 4087 putaverunt;
1442 4025 1492 4071 et
1533 4027 2011 4088 murmuraverunt
2049 4027 2240 4072 contra
2292 4019 2779 4088 patremfamilias,
2808 4021 3114 4078 invidentes
3157 4019 3317 4078 nobis
3366 4042 3468 4081 no-

206 4086 596 4166 vissimis,_»_qui
631 4105 794 4166 unam
823 4086 1011 4145 horam
1047 4086 1216 4159 usque
1245 4088 1311 4166 ad
1339 4087 1865 4166 consummationem
1901 4086 2151 4166 fecimus,
2175 4098 2230 4143 et
2269 4087 2474 4166 similes
2503 4088 2982 4166 factisumus‘eis,
3015 4093 3167 4166 quia
3197 4094 3466 4166 principio

206 4163 310 4215 diei
349 4155 692 4232 adidivinam
728 4159 942 4232 vineam
975 4169 1104 4232 sunt
1132 4155 1330 4214 vocati.
1365 4157 1468 4212 Sed
1508 4155 1924 4232 paterfamilias
1948 4157 2041 4211 uni
2083 4173 2273 4232 eorum
2319 4158 2458 4213 dixit
2504 4157 2755 4232 (forsitan
2792 4155 2983 4230 Ade):
3034 4155 3053 4212 ἱ
3100 4155 3309 4229 Amice,
3354 4155 3466 4221 non

209 4232 351 4286 facio
380 4231 478 4286 tibi
513 4231 788 4302 injuriam.
826 4229 1015 4302 l‘jonne
1045 4231 1268 4284 denario
1297 4228 1523 4302 conveni
1546 4238 1728 4302 tecum
1751 4227 1999 4302 ?_Accip_e
2023 4228 2168 4297 quod
2206 4237 2358 4302 tuum
2391 4238 2479 4302 est
2503 4227 2678 4300 (tuum
2695 4239 2786 4302 est
2814 4227 2958 4302 enim
2995 4233 3166 4296 salus,
3209 4227 3355 4302 quod
3383 4246 3468 4291 est

208 4303 519 4367 denarium)
562 4297 615 4355 et
657 4300 809 4354 vade.
845 4299 982 4353 Volo
1006 4309 1186 4354 autem
1219 4308 1273 4354 et
1317 4299 1403 4352 isti
1435 4298 1734 4353 novissimo
1759 4297 1888 4352 dare
1931 4298 2074 4352 sicut
2115 4307 2170 4353 et
2196 4298 2315 4352 tibi.
2362 4317 2380 4349 ι
2426 4297 2643 4353 Ειιιοη
2675 4300 2811 4355 dixit
2858 4301 2978 4354 istis
3011 4297 3334 4368 novissimis,
3370 4308 3466 4361 sed

207 4374 450 4428 ostendit
482 4372 716 4440 aliquem
747 4371 1046 4425 secundum
1083 4371 1287 4440 exitum
1337 4384 1526 4432 unum,
1555 4384 1716 4440 quem
1755 4369 2078 4440 temeritatis
2118 4369 2338 4438 quidem
2369 4379 2453 4423 est
2481 4370 2682 4440 dicere,
2715 4386 2821 4425 non
2861 4380 3040 4429 tamen
3075 4373 3467 4431 incredibiliter

208 4453 392 4512 potest
424 4443 546 4511 quis
577 4439 831 4495 arbitrari
864 4444 1170 4512 apostolum
1205 4439 1582 4512 Paulum,_qui
1615 4453 1721 4512 una
1763 4439 1906 4512 liora
1944 4449 2033 4512 est
2071 4448 2348 4512 operatus,
2381 4448 2457 4512 et,
2487 4439 2718 4494 forsitan
2763 4456 2927 4510 super
2974 4457 3166 4499 omnes
3196 4445 3291 4512 qui
3338 4457 3469 4500 ante

210 4507 456 4574 fuerunt,
502 4513 644 4567 sicut
685 4513 799 4580 ipse
840 4507 1068 4565 teétatur
1114 4511 1340 4565 dicens:
1399 4528 1417 4560 ι
1458 4507 1561 4580 Sed
1591 4509 1712 4579 plus
1742 4509 1998 4580 omnibus
2023 4507 2283 4564 laboravi.
2327 4529 2344 4560 ι
2403 4508 2460 4564 Si
2511 4519 2692 4566 autem
2737 4507 2950 4578 oportet
2993 4523 3046 4568 et
3084 4515 3150 4568 de
3195 4507 3352 4569 vinea
3381 4517 3466 4570 di-

211 4601 334 4639 cere
378 4584 607 4651 aliquid,
655 4579 864 4654 accipio
907 4581 1249 4654 occasionem
1285 4581 1354 4635 ab
1376 4593 1464 4654 _eo_
1494 4579 1634 4654 ipso,
1669 4579 1762 4654 qui
1815 4579 2204 4654 interpretatus
2245 4590 2329 4634 est
2363 4580 2414 4634 in
2432 4581 2552 4654 _ali_a
2599 4580 2851 4654 parabole
2885 4583 2953 4636 de
2986 4584 3165 4654 vinea,
3206 4585 3466 4654 quoniam

200 4659 371 4710 vinea
399 4647 487 4708 est
511 4668 734 4722 regnum
772 4651 883 4706 Dei.
917 4650 1008 4706 Sic
1034 4652 1180 4706 enim
1215 4651 1330 4720 ipse
1358 4647 1528 4704 dixiti
1559 4667 1576 4700 ι
1607 4647 1899 4722 Auferetur
1921 4647 2138 4706 a‘vobis
2172 4666 2396 4722 regnum
2428 4649 2545 4715 Dei,
2577 4647 2631 4706 et
2657 4651 2873 4705 dabitur
2911 4655 3055 4722 genti
3091 4647 3306 4710 faeienti
3350 4656 3468 4711 fruo

211 4736 360 4780 ctum
382 4726 523 4794 ejus.
564 4719 597 4774 ι’
618 4724 820 4777 Omnes
846 4738 976 4794 ergo
1019 4723 1110 4793 qui
1135 4719 1428 4791 operantur
1465 4734 1630 4789 opera
1660 4720 1848 4782 vinea),
1882 4735 2046 4790 Opera
2082 4719 2255 4793 regni'
2277 4719 2392 4786 Dei,
2429 4733 2482 4775 et
2511 4722 2687 4777 salute
2717 4722 2878 4793 digna
2910 4719 3269 4792 perlicientes,
3301 4726 3472 4781 dena-

212 4796 355 4851 rium
391 4805 814 4863 consequentur.

281 4867 376 4920 56.
422 4860 710 4934 Ιόειίιιιοιιι
745 4872 922 4917 autem
950 4861 1275 4934 dictavimus
1305 4861 1420 4916 haec
1451 4860 1506 4934 in
1539 4861 1792 4934 parabole
1835 4862 1936 4934 bac
1964 4865 2239 4932 praesenti,
2285 4862 2614 4918 subveniunt
2648 4863 2805 4917 nobis
2850 4863 3012 4917 etiam
3049 4864 3161 4919 base
3189 4881 3310 4934 qua:
3338 4882 3469 4934 pos-

215 4947 345 4992 sunt
378 4951 501 4992 esse
533 4931 682 4989 utilia
714 4935 793 4989 eis
827 4934 921 5004 qui
946 4933 999 4988 in
1027 4933 1208 4988 altiori
1238 4945 1292 4987 et
1318 4931 1596 4986 secretiori
1622 4931 2291 5009 expositione’proliciunt.
2325 4934 2474 4988 Dicet
2499 4934 2643 4989 enim
2674 4935 2873 5003 aliquis
2901 4949 3116 4989 onmem
3153 4931 3316 4989 vitam
3338 4931 3470 4990 esse

294 5082 346 5116 "
374 5080 565 5136 Matth.
593 5095 670 5145 XI,
699 5077 790 5133 28.
866 5077 911 5110 ⁷⁸
945 5075 1132 5132 Matth.
1164 5092 1256 5137 xx,
1295 5076 1382 5130 l5.
1457 5075 1502 5107 ⁸ο
1536 5075 1665 5129 ibid.
1698 5076 1784 5130 M.

286 5197 398 5269 (55)
450 5196 693 5269 _’A._l.1:_d
745 5190 1175 5269 οἰκοδεσπότης
1223 5188 1313 5244 ἑνὶ
1369 5188 1568 5269 tibth
1623 5184 1788 5269 εἷπε,

217 5259 480 5339 nixari?)
525 5265 726 5334 Ἀδάμ,
759 5273 861 5339 etc.
887 5262 1285 5339 Hieronymus:
1317 5279 1334 5310 ι
1369 5260 1497 5330 Legi
1527 5261 1578 5314 in
1612 5259 1797 5339 (illitis-

221 5330 343 5393 daiii
381 5330 523 5391 libro
553 5330 789 5390 amicum
829 5335 991 5387 istum
1023 5330 1115 5400 qui
1149 5332 1460 5400 inerepatur
1495 5347 1523 5384 a
1553 5330 1793 5400 patrefa—

221 5409 424 5473 milias,
455 5409 641 5477 primae
671 5406 818 5477 bone
848 5404 1178 5473 Operarium,
1203 5401 1611 5477 _l_’rotoplast'i_i_m
1644 5401 1797 5453 intel-

222 5481 334 5550 ligi,
361 5470 419 5550 et
443 5470 536 5531 éos
558 5477 657 5550 qui
693 5476 784 5550 illo
818 5470 1059 5542 tempore
1089 5472 1455 5550 crediderunt.
1486 5470 1791 5550 i_liu_t:'rips.

291 5549 401 5621 (36)
431 5541 1319 5621 ιὶὺὶςὶδηνάριον-συνεφώνησὰ
1347 5558 1479 5604 σοι;
1503 5541 1795 5621 ita-Arabs,

223 5613 394 5674 Persa
417 5629 467 5672 et
494 5617 763 5686 IElhmps.
792 5617 856 5669 At
886 5615 1071 5686 Graeca
1102 5615 1284 5668 omnia
1308 5613 1656 5686 exemplaria,
1687 5628 1796 5664 uno

224 5699 470 5759 excepto,
499 5683 699 5759 habent
730 5705 741 5740 :
769 5685 1150 5759 σῦνεφώνησάς
1183 5701 1292 5755 μοι,
1321 5683 1465 5754 quod
1490 5692 1793 5752 sequuntur

229 5756 486 5829 Vulgalus
516 5769 567 5812 et
599 5756 787 5829 Syrus.
825 5756 1086 5829 llUE'rius.

298 5821 409 5901 (57)
445 5821 679 5894 Ἔδειξέ
717 5845 851 5884 τινα
896 5828 1020 5884 κατ’
1067 5824 1296 5896 ἐξοχὴν
1331 5824 1457 5894 ἕνα,
1491 5833 1593 5880 etc.
1625 5821 1791 5878 Vetus

1879 5076 1921 5108 ⁸¹
1954 5075 2141 5131 Matth.
2171 5093 2284 5141 χχι,
2314 5075 2402 5129 45.

1896 5190 2192 5258 interpres,
2247 5207 2265 5239 ‹
2323 5187 2559 5242 ostendit
2603 5185 2836 5256 aliquem
2899 5189 3196 5243 secundum
3260 5189 3465 5243 exitum

1900 5257 2087 5339 unum.
2113 5257 2416 5339 LLegerat,
2443 5259 2562 5339 κατ’
2596 5257 2796 5339 ξξξρδον,⁸
2816 5260 2907 5312 sed
2923 5261 3128 5339 inepte:
3163 5261 3238 5312 lo.

1967 5326 2556 5400 (338)7H0t05rtt7200g
2572 5328 2844 5400 _xap:zobc
2869 5326 3071 5384 αὐτοῦ.
3105 5327 3179 5381 lia
3205 5328 3362 5382 codd.
3397 5327 3464 5383 ﬂ.

1896 5410 1949 5454 et
1977 5396 2253 5469 “(Vulgo
2302 5399 2498 5470 legitur
2539 5396 2728 5470 Matth.
2775 5415 2863 5452 χχι
2884 5399 3002 5470 ,45
3023 5437 3036 5462 ,
3066 5401 3189 5463 τοὺς
3221 5401 3468 5470 καρποὺς

1897 5470 2103 5594 ἓξ)τῇςί
2146 5467 2376 5538 nempe,
2420 5467 2728 5538 βασιλείας,
2772 5478 2825 5522 at
2871 5469 2987 5536 hic,
3026 5471 3224 5528 αὑτοῦ.
3277 5467 3470 5547 nempe

1943 5558 2054 5594 εου.
2108 5558 2159 5594 n.

1943 5558 2054 5594 εου.
2087 5558 2159 5596 ID.

1976 5612 2086 5684 (59)
2118 5610 2245 5678 Τοῖς
2278 5611 2731 5684 προσκῷπτουσι
2761 5609 2834 5679 τῇ
2859 5609 3181 5684 βαθυτέρᾳ,
3220 5620 3325 5665 etc.
3368 5607 3442 5684 νο

1901 5677 1992 5738 tus
2036 5677 2299 5806 intemer
2338 5699 2355 5732 ι
2404 5679 2496 5750 qui
2543 5677 2872 5750 proﬁciunt;
2929 5701 2947 5734 ι
2978 5677 3218 5754 legebat,
3265 5677 3467 5754 προκό-

1902 5771 2110 5806 πτουςι.
2168 5770 2218 5806 Ι).

1902 5771 2110 5808 πτουςι.
2145 5770 2218 5807 ID.
