3954 6526
171 425 315 480 ιῖῦὸ

1146 422 1500 480 COMMENT.
1542 424 1611 480 IN
1647 424 2065 484 MATTH/EUM
2105 425 2342 485 TOMUS
2381 427 2516 484 XVI.

3328 428 3466 485 £366

170 545 358 608 αὐτοῖς
391 546 546 598 atati
577 545 641 599 τὸ
668 543 884 616 εὔλογον
914 546 1278 618 χωρήσωμεν,
1309 546 1566 610 λαϐόντες
1598 546 1777 618 παρά-

1885 547 2004 618 plar
2025 545 2182 602 nobis
2206 561 2386 601 rerum
2404 544 2673 616 ejusmodi
2693 544 3083 616 Sospitatorem
3112 547 3273 620 709
3292 564 3471 620 primo

167 639 373 708 δειγμα
397 638 514 691 τῶν
546 639 806 693 τοιούτων
823 640 1248 711 προηγουμένως
1293 641 1390 712 μέν
1418 640 1510 693 τὸν
1534 641 1778 712 Σωτῆρα,

171 728 311 795 μετά
341 727 401 782 δέ
431 727 637 782 τοῦτον
669 730 762 782 καὶ
787 730 875 782 τὸν
889 727 1204 783 Ἀπόστολον
1229 728 1411 784 αὑτοῦ.
1441 729 1532 802 Μὴ
1552 729 1780 801 νομίσῃς

163 820 222 874 δέ
265 820 667 876 ἐναντιοῦσθαι
703 820 896 885 ταῦτα,
923 821 1018 875 καὶ
1046 821 1114 876 τὰ
1153 823 1240 875 ἐπ’
1275 824 1460 888 αὐτοῖς
1504 824 1594 892 ὑφ’
1625 823 1781 893 ἡμῶν

165 913 442 985 εἰρημένα
479 913 568 986 τῷ
590 931 606 942 ο
650 932 668 965 ι
728 913 854 966 Ἐὰν
880 911 1146 967 διώκωσιν
1180 915 1322 984 ὑμᾶς
1345 915 1409 968 ἐκ
1434 915 1532 985 τῆς
1576 913 1782 976 πόλεως

162 1005 372 1075 ταύτης
401 1004 551 1075 (45),
594 1005 824 1075 φεύγετε
853 1007 934 1070 είς
968 1007 1067 1077 τὴν
1102 1005 1290 1078 ἄλλην,
1320 1027 1338 1060 ι
1369 1007 1464 1061 καὶ
1491 1009 1602 1070 τοῖς
1628 1005 1777 1076 ἑξῆς,

164 1101 258 1154 val.
292 1099 374 1170 τῷ
405 1099 509 1153 τὸν
559 1099 770 1171 Ἰησοῦν
798 1099 1127 1163 ἀκούσαντα,
1169 1101 1250 1155 ὅτι
1309 1099 1561 1172 Ἰωάννης
1611 1115 1780 1172 παρε-

164 1191 293 1262 δόθη
327 1193 412 1256 είς
446 1192 729 1264 φυλακὴν,
766 1192 1243 1265 ἀνακεχωρηκέναι
1265 1209 1278 1224 ο
1317 1193 1496 1265 φαμὲν
1537 1192 1667 1263 γὰρ,
1697 1193 1779 1246 ὅτι

164 1283 286 1338 οὔτε
329 1283 584 1338 πάντοτε
620 1284 850 1357 καθήκει
883 1285 1152 1339 ἐκκλίνειν
1175 1287 1301 1350 τοὺς
1326 1284 1625 1349 κινδύνους,
1654 1283 1778 1339 οὔτε

166 1378 251 1430 ἀεὶ
282 1368 459 1448 ὁμόσε
511 1382 718 1452 χωρεῖν
749 1377 885 1448 πρὸς
932 1377 1130 1443 αὐτούς
1155 1395 1168 1409 '
1228 1376 1392 1446 σοφοῦ
1429 1373 1484 1430 δέ
1527 1394 1670 1440 τινος
1720 1380 1778 1431 ἐν

165 1467 392 1538 Χριστῷ
433 1470 609 1540 χρεία
642 1471 723 1533 είς
771 1469 832 1522 τὸ
873 1467 1186 1540 δοκιμάζειν
1230 1471 1377 1532 ποῖος
1417 1468 1516 1540 μὲν
1560 1469 1780 1522 ἀπαιτεῖ

168 1561 360 1636 καιρὸς
391 1560 779 1634 ἀναχώρησιν,
813 1563 964 1625 ποῖος
984 1561 1040 1614 δὲ
1064 1562 1163 1634 τὴν
1183 1562 1263 1626 είς
1285 1560 1376 1615 τὸν
1415 1560 1602 1629 ἀγῶνα
1642 1578 1778 1632 προ-

167 1651 367 1724 θυμίαν
404 1653 594 1723 χωρὶς
624 1651 1046 1722 ἀναχωρήσεως,
1087 1651 1182 1704 καὶ
1216 1648 1394 1720 πολλῷ
1420 1648 1578 1703 πλέον
1609 1649 1777 1720 χωρὶς

169 1741 365 1814 φυγῆς.
393 1741 524 1794 Καλ
558 1740 734 1794 ταῦτα
765 1739 862 1811 μὲν
886 1739 1028 1792 κατὰ
1058 1739 1120 1792 τὸ
1165 1739 1410 1810 βούλημα
1448 1739 1548 1808 τῆς
1595 1741 1777 1791 ἐκκει-

171 1835 341 1907 μένης
368 1832 613 1906 Γραφῆς
635 1831 892 1902 λελέχθω,
925 1833 1008 1895 είς·
1034 1829 1348 1904 προτροπὴν
1375 1830 1473 1901 τὴν
1524 1829 1650 1901 περὶ
1682 1826 1776 1882 τού

170 1926 404 1980 Θανάτου
436 1925 540 1978 καὶ
571 1923 834 1978 κινδύνων
857 1924 1233 1994 καταφρονεῖν.

246 2017 410 2088 Ἑξῆς
437 2016 500 2069 δὲ
534 2014 979 2088 παρατηρητέον,
1003 2015 1085 2066 ὅτι
1122 2012 1328 2084 μέλλων
1353 2014 1382 2066 6
1407 2010 1614 2083 Ἰησοῦς
1647 2012 1780 2065 ἀνα-

171 2111 375 2168 ϐαίνειν
408 2113 495 2175 είς
537 2107 909 2181 Ἰεροσόλυμα,
937 2102 1083 2182 ᾗπερ
1116 2103 1389 2178 παρέλαϐε
1413 2106 1538 2168 τοὺς
1572 2103 1778 2157 δώδεκα

171 2208 286 2260 κατ’
337 2204 502 2269 ίδίαν,
535 2199 620 2267 εἷς
653 2201 759 2255 τῶν
783 2199 989 2254 δώδεκα
1023 2199 1103 2254 ἔτι
1135 2201 1164 2252 6
1206 2197 1406 2262 Ἰούδας
1429 2193 1518 2269 ἦν,
1554 2197 1648 2250 καὶ
1687 2196 1778 2250 τὸν

189 2296 390 2350 Ἰούδαν
420 2295 708 2367 παρέλαϐε
737 2297 857 2349 κατ’
885 2293 1041 2347 ίδίαν·
1072 2292 1152 2346 ἔτι
1177 2293 1308 2363 γὰρ,
1344 2290 1512 2356 εἰκὸς,
1536 2289 1683 2353 ἄξιος
1707 2284 1776 2360 ἦν

177 2388 266 2442 τοῦ
291 2387 434 2460 μετά
468 2387 585 2441 τῶν
616 2386 820 2441 λοιπῶν
853 2385 1046 2439 ἕνδεκα
1086 2380 1609 2455 παραλαμϐάνεσθαι
1655 2381 1776 2434 κατ’

181 2481 314 2534 ἰδίαν
333 2497 348 2511 ·
381 2481 483 2534 καὶ
513 2481 610 2534 ὅτε
643 2482 698 2533 ἐν
727 2482 792 2551 τῇ
813 2478 916 2550 ὁδῷ
939 2476 1093 2531 εἶπεν
1113 2477 1295 2540 αὐτοῖς
1321 2474 1405 2528 τό·
1448 2493 1466 2526 ι
1501 2474 1631 2527 Ἰδοὺ
1649 2474 1778 2527 ἀνα-

178 2573 433 2644 ϐαίνομεν
465 2574 549 2638 είς
586 2573 973 2645 Ἰεροσόλυμα,
1030 2590 1048 2623 ι
1095 2571 1191 2624 καὶ
1235 2569 1302 2622 τά
1346 2567 1492 2639 ἑξῆς,
1537 2566 1776 2637 δηλονότι

177 2664 268 2717 καὶ
295 2663 487 2716 τοῦτον
527 2662 743 2735 ἔκρινεν
774 2662 870 2717 ’ἐνα
905 2660 1042 2716 εἶναι
1073 2660 1182 2714 τῶν
1204 2659 1510 2713 ἀκουόντων
1529 2657 1565 2712 ἃ
1596 2657 1778 2710 πείσε-

179 2771 260 2807 ται
295 2756 323 2808 6
353 2754 720 2821 Διδάσκαλος,
744 2756 844 2809 οὐκ
875 2751 1289 2823 ἀπογινώσκων,
1319 2753 1401 2806 ὅτι
1453 2750 1532 2804 ἔτι
1579 2750 1776 2815 Ἰούδας

179 2847 359 2917 ἠγνόει
385 2848 422 2902 ἀ
444 2850 692 2921 ποιήσει,
716 2849 791 2913 ώς
814 2849 1043 2912 ἕκαστος
1067 2846 1222 2919 ἡμῶν
1244 2863 1256 2876 ·
1312 2846 1405 2899 καὶ
1453 2844 1562 2917 γὰρ
1611 2846 1775 2898 πᾶσιν

183 2939 308 3006 ἡμῖν
333 2937 626 2994 λέλεκται·
664 2958 682 2991 ι
722 2939 814 3012 Μὴ
844 2939 1032 3011 καυχῶ
1069 2939 1138 2992 τὰ
1186 2940 1265 3002 είς
1307 2937 1526 3010 αὔριον·
1576 2939 1638 2992 ού
1666 2939 1774 3012 γὰρ

183 3023 320 3092 οἶδας
350 3029 404 3082 τί
426 3031 645 3096 τέξεται
673 3033 705 3104 η
741 3031 993 3086 ἐπιοῦσα·
1032 3052 1051 3085 ι
1084 3029 1235 3085 οὔπω
1265 3030 1344 3093 δὲ,
1368 3026 1540 3102 οἶμαι,
1579 3030 1773 3104 βεϐλή-

187 3137 267 3175 κει
286 3125 314 3176 6
341 3121 594 3188 διάϐολος
624 3127 704 3189 είς
731 3123 826 3196 τὴν
853 3123 1076 3196 καρδίαν
1120 3122 1290 3176 Ἰούδα
1319 3123 1562 3194 Σίμωνος
1599 3124 1774 3177 Ἰσκα-

189 3216 396 3284 ριώτου,
433 3217 524 3270 ἱνα
560 3216 787 3288 παραδῷ
831 3217 924 3270 τὸν
975 3214 1201 3289 Ἰησοῦν.
1250 3215 1360 3269 Καὶ
1398 3216 1518 3268 ἐπεὶ
1545 3216 1605 3269 τὸ
1635 3217 1774 3271 κατά

189 3307 454 3362 Ματθαίον
497 3309 787 3380 πρόκειται
829 3307 925 3362 νῦν
958 3307 1230 3375 ἐξετάζειν
1253 3346 1267 3371 ,
1303 3308 1724 3382 ἐπιμελέστερον
1750 3311 1778 3363 6

188 3394 472 3466 δυνάμενος
509 3397 750 3470 ἀρχῆθεν
786 3397 881 3451 τοῦ
936 3396 1268 3467 Εὑαγγελίου
1320 3399 1620 3469 ἐπιστήσας
1667 3402 1778 3464 τοῖς

194 3485 348 3559 μέχρι
366 3488 478 3542 τῶν
512 3488 925 3560 προκειμένων,
978 3486 1270 3559 ζητησάτω
1315 3490 1524 3559 μήποτε
1565 3487 1778 3543 οὐδέπω

203 3578 391 3644 Ἰούδας
422 3581 803 3655 κατηγόρηται
833 3581 938 3635 ὑπὸ
961 3580 1056 3634 τοῦ
1101 3579 1402 3645 Ματθαίου,
1437 3580 1575 3635 ἀλλά
1619 3582 1776 3653 μόνον

192 3669 248 3724 ἰν
293 3671 370 3744 τῷ
426 3673 720 3744 καταλόγῳ
775 3673 883 3728 τῶν
927 3673 1136 3728 δώδεκα
1182 3669 1302 3728 εἷπε
1345 3673 1438 3727 τόδ
1493 3693 1511 3724 ι
1575 3673 1776 3739 Ἰούδας

192 3759 423 3832 Σίμωνος
467 3764 844 3838 Ἰσκαριώτου,
862 3764 921 3829 ὃς
955 3765 1051 3819 καὶ
1074 3764 1390 3836 παρέδωκεν
1415 3764 1576 3817 αὐτόν
1604 3763 1734 3834 (46).
1751 3783 1769 3816 ι

193 3851 408 3907 Πλείονα
423 3855 482 3910 δὲ
513 3859 599 3920 είς
631 3855 977 3928 κατασκευὴν
998 3855 1092 3910 τοῦ
1115 3857 1208 3909 καὶ
1235 3855 1433 3909 Ἰούδαν
1457 3857 1638 3926 ὅμοιον
1663 3857 1776 3919 τοῖς

193 3942 386 4011 λοιποῖς
408 3949 732 4014 ἀποστόλοις
746 3951 1009 4021 πρότερον
1037 3948 1319 4018 γεγονέναι
1347 3947 1596 4001 λέλεκται
1619 3949 1771 4019 ἡμῖν,

195 4035 345 4104 ἡνίκα
385 4039 729 4112 ἐξητάζομεν
771 4040 860 4094 τό·
899 4059 918 4092 ι
959 4039 1194 4105 Τούτους
1230 4041 1357 4104 τοὺς
1401 4038 1609 4093 δώδεκα
1639 4040 1775 4094 ἀπέ-

196 4129 392 4184 στειλεν
436 4135 466 4187 6
515 4133 724 4206 Ἰησοῦς
769 4134 1148 4206 παραγγείλας
1192 4133 1394 4200 αὐτοῖς,
1445 4131 1618 4200 λέγων
1653 4152 1672 4184 ι
1704 4131 1776 4186 τὰ

196 4220 672 4298 ἀναγεγραμμένα.
699 4226 1025 4299 Συγκριτέον
1046 4225 1103 4279 δὲ
1124 4225 1189 4280 τὰ
1213 4224 1443 4280 ἐνταῦθα
1473 4224 1772 4295 λελεγμένα

197 4315 301 4376 τοῖς
321 4315 581 4389 ἀνωτέρω
604 4319 1002 4390 παραπλησίως
1039 4317 1550 4390 ἀναγεγραμμένοις
1569 4335 1581 4347 ·
1621 4317 1772 4370 ἐπεί-

1888 649 1942 695 et
1958 641 2241 710 prtecipue,
2269 638 2440 710 ipsius
2467 653 2594 693 vero
2623 637 2817 693 deinde
2834 639 3146 708 Apostolum
3165 655 3472 711 pr0ponen-

1890 742 1990 789 tes.
2021 733 2090 788 At
2114 747 2214 788 nec
2244 747 2330 798 ea,
2358 747 2473 788 nec
2509 747 2631 802 qua:
2661 732 2914 802 superius
2957 731 3308 803 protulimus,
3337 747 3469 788 con-

1891 826 2057 880 traria
2098 824 2206 880 illis
2270 840 2392 880 esse
2445 824 2727 881 existimes
2772 825 2863 879 "z
2911 842 2928 875 ι
2972 825 3028 878 Si
3077 834 3470 894 persequentur

1889 933 1988 973 vos
2021 932 2087 972 ex
2114 916 2337 971 civitate
2368 917 2496 984 ista,
2533 916 2700 989 fugite
2730 917 2785 972 in
2831 916 3048 980 aliam,»
3105 924 3158 970 et
3207 915 3466 984 reliquis;

1888 1025 2067 1079 neque
2106 1009 2346 1064 recessui
2375 1008 2528 1074 Jesu,
2581 1019 2872 1080 postquam
2905 1009 3171 1064 Joannem
3203 1009 3256 1063 in
3285 1023 3470 1066 carceo

1891 1119 2004 1158 rem
2029 1111 2368 1172 compactum
2409 1103 2652 1174 accepit;
2691 1103 2771 1159 sic
2827 1103 2972 1158 enim
3022 1102 3336 1167 statuimus,
3369 1116 3469 1158 ne-

1887 1204 1995 1258 que
2028 1204 2242 1258 semper
2272 1190 2564 1245 devitanda
2611 1207 2734 1248 esse
2781 1191 3049 1263 pericula,
3100 1207 3274 1263 neque
3321 1207 3468 1246 sem-

1887 1295 1984 1350 per
2017 1279 2084 1335 iis
2109 1294 2230 1335 esse
2259 1280 2694 1349 occurrendum;
2741 1292 2796 1336 at
2857 1287 3119 1352 prudente
3163 1284 3216 1337 in
3246 1281 3467 1339 Christo
3571 1293 3578 1298 “

1889 1370 2006 1425 viro
2031 1385 2170 1440 opus
2194 1380 2298 1438 est,
2337 1380 2396 1427 ut
2424 1387 2662 1443 quonam
2727 1382 2969 1444 tempore
3017 1375 3466 1432 retrocedendum

1887 1463 1980 1526 sit,
2048 1464 2400 1531 exploretur;
2459 1471 2573 1518 tum
2641 1473 2696 1520 et
2757 1481 2866 1535 quo
2924 1475 3168 1536 tempore
3217 1476 3469 1537 prompto

1886 1555 2070 1610 animo
2095 1555 2441 1610 subeundum
2473 1556 2541 1610 sit
2560 1565 2834 1612 certamen
2857 1558 3064 1628 absque
3095 1557 3204 1612 ullo
3224 1573 3465 1621 recessu,

1886 1646 2047 1717 longe
2074 1661 2204 1701 vero
2238 1647 2413 1718 magis
2446 1648 2652 1716 absque
2682 1648 2827 1719 fuga.
2870 1650 3046 1720 Atque
3087 1651 3199 1704 haec
3243 1650 3466 1720 quidem

1888 1738 2170 1807 praesentis
2245 1737 2352 1794 loci
2408 1738 2793 1807 signiﬁcationi
2849 1757 3088 1796 consona
3145 1741 3289 1796 dicta
3333 1741 3464 1809 sint,

1887 1829 1953 1884 ad
2004 1831 2199 1886 mortis
2265 1832 2742 1902 periculorumque
2807 1833 3152 1889 excitandum
3222 1843 3466 1889 contem-

1813 1925 1854 1980 Β
1885 1931 2059 1990 ptum.

1806 3270 1848 3332 C

1951 2013 2007 2068 2.
2037 2014 2302 2085 Deinceps
2333 2015 2737 2071 observandum
2773 2016 2921 2071 venit
2965 2017 3112 2087 quod
3168 2033 3293 2073 cum
3315 2015 3468 2072 Jero—

1881 2105 2148 2176 solymam
2207 2119 2537 2162 ascensurus
2586 2116 2730 2162 esset
2781 2105 2974 2172 Jesus,
3038 2109 3128 2163 ubi
3176 2109 3463 2166 duodecim

1880 2213 2128 2254 seorsum
2186 2200 2504 2270 assumpsit,
2548 2213 2690 2254 unus
2737 2215 2767 2256 e
2816 2201 3100 2257 duodecim
3161 2203 3463 2259 etiamnum

1879 2297 1998 2343 erat
2033 2287 2224 2354 Judas,
2249 2304 2312 2344 ae
2335 2304 2585 2346 seorsum
2609 2287 2804 2344 Judam
2845 2292 3174 2363 assumpsit;
3236 2294 3464 2364 dignum

1878 2383 2023 2437 enim
2053 2381 2231 2436 adhuc
2261 2397 2386 2437 eum
2443 2381 2612 2439 fuisse
2641 2383 2900 2439 credibile
2949 2395 3030 2441 est
3079 2385 3173 2455 qui
3215 2401 3464 2442 seorsum

1878 2489 2003 2530 cum
2033 2475 2256 2544 reliquis
2289 2473 2543 2530 undecim
2581 2486 2976 2542 assumeretur,
3018 2486 3072 2532 et
3109 2494 3234 2533 cum
3285 2479 3339 2534 in
3377 2481 3464 2534 via

1877 2566 2013 2622 dixit
2049 2565 2129 2621 eis
2157 2566 2204 2598 ⁹⁶
2242 2584 2256 2620 :
2298 2585 2316 2617 ι
2360 2566 2500 2621 Ecce
2531 2567 2883 2624 ascendimus
2905 2567 3354 2642 Jerosolymam,»
3409 2579 3467 2627 et

1877 2674 1999 2730 qua:
2029 2657 2273 2713 subnexa
2302 2667 2452 2724 sunt,
2485 2659 2634 2715 hunc
2674 2660 2865 2730 procul
2894 2657 3059 2716 dubio
3101 2677 3269 2717 unum
3301 2677 3366 2718 ex
3396 2663 3464 2718 iis

1875 2768 2000 2810 esse
2026 2751 2236 2816 statuit,
2273 2753 2366 2822 qui
2401 2753 2681 2808 toleranda
2717 2769 2748 2808 a
2774 2751 3032 2824 Magistro
3059 2769 3158 2810 suo
3189 2755 3328 2809 mala
3368 2771 3466 2810 au-

1876 2843 2054 2899 diret:
2093 2859 2202 2898 non
2229 2859 2355 2898 eum
2405 2859 2435 2898 a
2494 2859 2553 2899 se
2588 2844 2860 2915 repellens
2910 2860 2974 2900 ac
3020 2845 3291 2915 rejiciens,
3320 2847 3464 2916 quod

1877 2949 2071 3005 nempe
2099 2949 2186 2988 res
2215 2949 2245 2989 a
2285 2949 2343 2990 se
2371 2933 2630 3004 agendas,
2682 2935 3142 3005 quemadmodum
3168 2935 3465 3007 unusquis-

1876 3042 1984 3096 que
2015 3032 2285 3092 nostrum,
2313 3025 2590 3096 ignoraret
2619 3025 2787 3082 Judas
2816 3044 2830 3082 :
2884 3027 3039 3082 nobis
3065 3027 3264 3098 quippe
3286 3029 3460 3083 omni-

1877 3120 1982 3175 bus
2016 3118 2223 3173 dictum
2273 3129 2358 3174 est
2407 3119 2450 3150 ’⁷
2493 3135 2507 3173 ;
2553 3137 2570 3170 ‹
2611 3116 2689 3174 Ne
2739 3119 2988 3190 glorieris
3040 3119 3094 3174 in
3137 3119 3462 3185 crastinum,

1881 3213 2139 3283 ignorans
2173 3211 2304 3282 quid
2341 3221 2734 3283 superventura
2761 3212 2936 3282 pariat
2971 3211 3118 3280 dies;
3156 3231 3174 3264 ι
3219 3213 3462 3268 nondum

1883 3312 2086 3368 autem,
2117 3304 2335 3374 opinor,
2364 3304 2418 3358 in
2453 3319 2549 3360 cor
2581 3303 2733 3360 Iudae
2764 3303 3004 3360 Simonis
3031 3303 3304 3360 lscariotze
3337 3321 3462 3376 pro-

1881 3396 2044 3452 dendi
2105 3395 2234 3453 Jesu
2305 3398 2642 3452 voluntatem
2711 3397 3012 3452 immiserat
3069 3397 3340 3453 diabolus.
3398 3396 3467 3454 Ει

1882 3488 2140 3558 quoniam
2169 3489 2324 3545 nobis
2361 3489 2743 3560 explicandum
2779 3489 3048 3544 incumbit
3081 3489 3134 3544 in
3171 3490 3463 3561 prasentia

1881 3579 2242 3652 Evangelium
2297 3583 2600 3637 secundum
2670 3580 3006 3648 Matthaaum,
3058 3582 3128 3638 ab
3189 3583 3343 3638 initio
3392 3584 3464 3638 ad

1881 3674 2028 3729 hunc
2052 3689 2225 3744 usque
2278 3674 2456 3730 locum
2507 3673 2857 3744 Evangelium
2901 3684 3153 3729 accurate
3210 3674 3464 3732 evolvens

1880 3767 2152 3838 disquirat
2180 3767 2271 3837 qui
2300 3767 2520 3837 poterit,
2552 3782 2619 3821 an
2649 3782 2679 3821 a
2715 3765 2968 3820 Matthazo
3026 3766 3268 3820 nondum
3309 3767 3465 3821 incu-

1881 3867 2033 3915 satus
2069 3857 2232 3913 fuerit
2261 3856 2465 3924 ludas;
2501 3856 2595 3912 sed
2642 3857 2927 3913 duodecim
2979 3858 3278 3929 discipulos
3322 3875 3463 3914 enu-

1883 3964 2100 4004 merans
2135 3948 2336 4004 dixerit
2367 3957 2574 4003 tantum
2618 3949 2664 3981 ’⁸
2697 3967 2710 4004 :
2757 3967 2776 4000 ι
2805 3947 2977 4005 Judas
3032 3948 3340 4012 lscariotes,
3367 3952 3462 4020 qui

1879 4047 1932 4096 et
1950 4039 2168 4095 tradidit
2182 4040 2354 4095 illum.
2370 4059 2388 4092 ι
2408 4039 2606 4096 Verum
2633 4049 2691 4094 ut
2707 4040 2932 4110 reliquis
2948 4041 3209 4112 apostolis
3227 4042 3462 4098 similem

1879 4133 2032 4204 prius
2089 4131 2259 4187 fuisse
2300 4131 2495 4188 Judam
2555 4133 3056 4190 demonstraremus
3111 4134 3275 4206 710
3305 4135 3461 4204 plura

1879 4239 1909 4278 a
1947 4223 2105 4278 nobis
2133 4233 2246 4277 tum
2282 4225 2546 4294 producta
2586 4232 2736 4290 sunt,
2764 4240 2888 4279 cum
2913 4225 3059 4280 hunc
3089 4227 3266 4282 locum
3296 4242 3461 4283 excu-

1880 4325 2120 4371 teremus
2135 4315 2216 4369 "z
2250 4335 2268 4366 ι
2299 4313 2410 4373 llos
2443 4317 2726 4373 duodecim
2748 4316 2896 4372 misit
2926 4315 3108 4382 Jesus,
3137 4319 3460 4390 praecipiens

1397 4429 1625 4487 VETUS
1663 4430 2248 4487 INTERPRETATIO.

200 4521 418 4596 traditus
441 4535 564 4582 erat
621 4527 676 4582 in
722 4542 1020 4589 carcerem,
1082 4524 1511 4596 secessitﬂindg.
1573 4523 1678 4579 Sed
1743 4525 2063 4590 sciendum,
2128 4524 2388 4596 quoniam
2447 4541 2571 4596 nee_
2613 4541 2830 4596 semper
2883 4525 3137 4581 convenit
3183 4526 3461 4586 declinare

202 4593 452 4670 pericula,
481 4613 582 4652 nec
615 4613 829 4668 semper
872 4599 1097 4670 robviare
1141 4595 1418 4670 periculis.
1467 4594 1670 4670 Tamen
1709 4596 1973 4670 sapientis
1998 4605 2095 4670 est
2145 4593 2378 4665 alicujus
2414 4593 2806 4670 _in_Christo._
2848 4605 2910 4670 ut
2952 4606 3248 4670 cognoscat
3299 4601 3464 4670 quale

204 4663 410 4729 quidem
479 4677 694 4737 tempus
735 4663 908 4739 exigit
951 4663 1407 4739 declinationem,
1469 4665 1631 4736 quale
1683 4663 2253 4739 autemobviationem
2290 4663 2704 4739 periculorum.
2768 4665 2832 4739 Et
2873 4668 2989 4723 hare
3026 4663 3262 4736 'quidem
3316 4663 3464 4725 dixi-

208 4736 675 4809 mus_seeundum
706 4736 1040 4796 voluntatem
1093 4738 1387 4809 Scriptura:
1469 4736 1788 4806 praesentis,

208 4806 405 4863 mortis.

1865 4738 2146 4793 hortantes
2212 4737 2461 4793 homines
2529 4737 2826 4808 aliquando
2898 4753 3156 4808 spernere
3213 4741 3459 4809 pericula

268 4897 607 4976 ‘21Posthoe
637 4906 1035 4962 observandum
1087 4912 1192 4976 est.
1243 4904 1504 4976 quoniam
1547 4903 1848 4976 ascendens
1876 4904 1930 4957 in
1981 4903 2436 4976 Hierosolymam,
2472 4903 2761 4960 duodecim
2826 4904 3037 4976 accepit
3090 4918 3361 4976 seorsum.
3397 4903 3454 4958 In

208 4966 481 5030 duodecim
516 4985 696 5032 autem
723 4978 902 5032 adhuc
923 4985 1044 5032 erat
1075 4986 1128 5030 et
1155 4966 1362 5030 ludas:
1394 4990 1524 5045 ergo
1553 4984 1608 5029 et
1635 4973 1829 5029 ludam
1861 4977 2070 5045 accepit
2114 4966 2384 5031 seorsum.
2417 4966 2610 5030 Adhuc
2649 4976 2794 5029 enim
2856 4966 3083 5045 forsitan
3119 4974 3317 5045 dignus
3344 4982 3463 5028 erat

209 5052 326 5118 cum
347 5049 554 5118 caeteris
584 5063 832 5104 seorsum
859 5048 1061 5116 accipi,
1091 5057 1145 5102 et
1178 5045 1367 5100 audire
1382 5043 1514 5118 quae
1538 5060 1805 5118 passurus
1832 5055 1950 5100 erat
1973 5043 2227 5118 Magister
2259 5065 2270 5100 :
2317 5056 2370 5100 et
2419 5062 2562 5118 non_
2581 5046 2831 5118 reprobo,
2865 5044 3123 5118 quoniam
3159 5043 3460 5118 adhucune:

209 5109 596 5188 seiebatdudas
641 5119 771 5188 quid
804 5126 950 5174 esset
982 5109 1261 5188 facturus,
1301 5115 1396 5171 sed
1412 5109 1555 5188 '_nec'
1575 5115 1778 5188 aliquis
1809 5109 2089 5170 nostrum:
2137 5115 2270 5188 Nam
2314 5109 2656 5188 et‘pmnibus'
2685 5109 2838 5188 nobis
2878 5109 2967 5188 est
3007 5114 3254 5188 dictum:
3293 5113 3459 5188 gNoli

212 5177 415 5256 gloriari
446 5188 498 5242 in
534 5177 860 5254 crastinum,
889 5203 989 5244 nec
1015 5189 1160 5243 enim
1191 5177 1299 5256 scis
1349 5186 1478 5256 quid
1514 5177 1687 5254 pariet
1715 5196 2106 5256 superventura
2163 5187 2333 5242 dies.)
2367 5184 2608 5242 Necdum
2641 5187 2809 5256 enim.
2853 5184 3108 5256 arbitror,
3155 5183 3460 5238 immiserat

217 5255 263 5328 in
285 5268 374 5328 cur
399 5255 550 5313 ludar
579 5259 812 5314 Satanas
834 5269 891 5313 ut
915 5259 1152 5328 traderet
1199 5255 1406 5312 Jesum.
1436 5255 1508 5328 Et
1534 5257 1745 5328 videat
1765 5255 1857 5326 qui
1893 5266 2090 5326 potest,
2144 5258 2404 5328 quoniam
2445 5258 2514 5312 ab
2563 5256 2739 5328 initio,
2762 5255 3040 5328 Evangelii
3099 5269 3275 5328 usque
3312 5268 3461 5328 nunc

221 5315 487 5400 llatthaeus
517 5345 788 5400 nusquam
817 5329 1092 5384 accusavit
1121 5327 1317 5400 ludam
1340 5345 1355 5392 ;
1395 5327 1497 5382 nisi
1531 5326 1582 5380 in
1613 5315 1860 5400 catalogo
1893 5315 2196 5400 'duodecirir

224 5389 512 5464 lseariotes,
540 5389 725 5472 qui-et
753 5400 976 5456 tradidit
1007 5415 1185 5454 eumn
1214 5389 1378 5454 Multa
1406 5407 1589 5453 autem
1617 5397 1684 5453 de
1715 5389 1837 5464 hoc,
1869 5399 2130 5470 quoniam
2158 5407 2212 5454 et

2231 5329 2602 5383 apostolorum
2631 5327 2772 5380 dixit
2808 5337 2825 5374 ι
2867 5342 2886 5376 ι
2920 5322 2987 5378 Ει
3011 5322 3197 5379 Judas'
3215 5322 3459 5382 Simonis

2254 5351 2258 5381 l
2301 5344 2602 5383 οδιοιοτυῐη
2631 5344 2772 5380 (“XII
2808 5344 2825 5374 ξ
2867 5344 2886 5376 ι
2920 5344 2987 5378 ω
3011 5344 3182 5379 Juuas
3215 5344 3457 5382 DlﬂlOllls

2254 5344 2454 5455 fudam
2488 5397 2723 5454 similem
2774 5397 2904 5451 fecit
2931 5394 3162 5462 caeteris,
3195 5395 3457 5452 tractavi-

281 5531 324 5566 ⁸⁸
349 5532 532 5593 Matth.
565 5556 620 5608 χ,
654 5540 747 5596 25.
823 5540 869 5574 ’°
895 5537 1084 5594 Matth.
1119 5555 1212 5604 xx,
1250 5537 1338 5595 18.
1413 5498 1469 5571 ’⁷.
1488 5538 1646 5595 Prov.
1678 5554 1777 5595 xxv

1887 5539 1973 5594 ll.
2047 5540 2092 5572 ’⁸
2122 5538 2311 5596 Matth.
2347 5557 2400 5608 x,
2437 5539 2491 5596 4.
2576 5536 2621 5570 "
2655 5535 2784 5591 ibid.
2810 5535 2866 5592 5.

283 5667 388 5745 (45)
433 5674 680 5744 Ἐκ’τῆς
736 5677 968 5742 πόλεως
1015 5676 1255 5742 ταύτης.
1305 5672 1384 5730 Ita
1445 5674 1777 5745 exemplaria

223 5743 470 5815 ςιιιωαωη.
502 5745 558 5801 Id
582 5743 816 5802 retinere
848 5748 1097 5802 videntur
1121 5746 1295 5799 Arabs
1317 5786 1330 5811 ,
1361 5755 1414 5801 et
1450 5743 1633 5802 l'ersa'.
1677 5747 1780 5800 lte-

226 5806 592 5904 l‘lfl‘l'lit_ha‘bcrit,
623 5819 678 5870 ἐν
704 5821 769 5904 τῇ
802 5817 964 5904 πόλει.
981 5815 1178 5904 ταύτῃέ
1205 5806 1466 5904 liuentis.
1492 5845 1558 5858 —
1577 5815 1779 5872 Ibidem

225 5875 377 5938 codex
420 5875 634 5961 Regius,
663 5875 891 5961 φεύγετε
919 5888 998 5953 είς
1027 5875 1375 5960 τῆν”έτέραν.

1955 5676 2062 5750 (46)
2103 5675 2329 5750 Ἰούδας
2362 5675 2624 5750 Σίμωνος
2663 5673 3054 5750 Ἰσκαριώτου,
3087 5673 3155 5742 ὃς
3180 5675 3287 5750 καί
3309 5689 3461 5750 παρ-

1882 5743 2104 5802 έδωκεν
2143 5748 2347 5801 αὐτόν.
2405 5743 2576 5816 Vulgo
2610 5745 2805 5816 legitur
2843 5745 3034 5816 Matth.
3068 5761 3124 5811 χ,
3170 5745 3223 5811 4,
3261 5743 3462 5810 Ἰούδας

1897 5818 2268 5892 Ἰσκαριώτης,
2301 5820 2329 5872 ὁ
2362 5818 2454 5872 καὶ
2479 5815 2751 5888 παραδοὺς
2777 5817 2957 5872 αὐτόν.
2992 5815 3258 5878 Hunnus.
