3954 6568
449 412 588 472 ίζϐἹ

1914 403 2237 465 ORIGENIS
3585 397 3703 455 1368

448 531 552 597 eis,
594 527 781 585 dicens
810 546 828 581 ι
879 542 1001 600 quae
1030 526 1231 599 scripta
1275 532 1513 583 exstant.
1556 524 1688 593 Quae
1734 533 1915 580 autem
1944 524 2029 578 di-

2141 537 2235 592 ιτερ
2256 521 2373 573 ἐκεῖ
2400 516 2519 590 μὲν,
2550 517 2642 572 ἐπὶ
2673 518 2785 582 τοῖς
2810 515 3071 581 τοιούτοις
3104 514 3293 586 λόγοις
3318 512 3705 587 προφητεύομε-

449 633 537 679 cta
572 630 699 677 sunt
726 620 832 676 hoc
861 620 982 675 loco
1031 635 1158 675 cum
1210 619 1279 675 iis
1321 616 1694 674 contendenda
1735 625 1859 672 sunt
1910 630 2030 686 qua:

453 727 619 782 supra
645 711 699 765 in
734 709 979 765 eamdem
1003 723 1170 779 prope
1197 707 1520 763 sententiam
1537 705 1842 776 conscripta
1861 712 1985 787 sunt
2011 721 2027 771 ;

455 801 713 875 quoniam
747 801 893 867 istic,
924 810 1146 871 propter
1174 799 1441 872 ejusmodi
1466 797 1733 869 [vaticinia
1775 813 1807 851 a
1835 794 2031 851 Serva-

455 904 577 950 tore
628 893 795 961 edita,
853 912 872 945 ι
910 908 1201 949 assumens
1229 907 1354 949 eum
1391 891 1605 955 Petrus,
1637 890 1801 961 coepit
1854 889 2032 943 incre-

453 996 589 1052 pare
613 982 763 1036 illum
798 981 1025 1037 dicens:
1062 980 1217 1037 Absit
1248 998 1278 1036 τι
1341 991 1412 1049 ιε,
1461 979 1712 1046 Domine,
1777 995 1886 1034 non
1929 979 2033 1033 erit

453 1073 553 1128 tibi
583 1073 685 1128 hoc
712 1092 727 1140 ;
755 1093 774 1126 ι
811 1074 948 1128 nihil
974 1084 1154 1128 autem
1186 1074 1277 1129 hic
1319 1088 1348 1128 a
1384 1072 1666 1144 discipulis
1689 1072 1893 1128 dictum
1949 1070 2033 1126 fa—

454 1174 673 1222 ctumve
694 1166 864 1223 fuisse
895 1167 1113 1237 scriptis
1143 1166 1403 1222 traditum
1430 1176 1533 1231 est,
1562 1182 1685 1224 cum
1715 1166 2031 1222 sustinenda

454 1274 577 1313 esse
606 1259 854 1331 graviora
911 1260 1408 1330 praanuntiaretur;
1462 1258 1516 1315 e't
1562 1274 1708 1314 nunc
1747 1266 2030 1329 propterea

456 1351 677 1407 siluisse
726 1350 1026 1421 discipulos
1074 1350 1353 1417 existimo,
1400 1348 1546 1420 quod
1594 1348 1845 1419 superius
1907 1362 2031 1402 cum

461 1461 481 1494 ι
519 1458 807 1500 assumens
831 1458 956 1499 eum
988 1441 1182 1499 Petrus
1241 1441 1500 1512 coepisset
1546 1440 1826 1510 increpare
1881 1438 2032 1493 illum

454 1534 691 1591 dicens:
733 1535 890 1592 Absit
928 1552 957 1590 a
996 1544 1067 1599 te,
1128 1534 1377 1603 Domine,
1430 1549 1540 1589 non
1590 1533 1695 1589 erit
1756 1531 1853 1587 tibi
1906 1532 2030 1598 hoc,

455 1641 752 1684 conversus
799 1625 960 1683 Iesus
1002 1626 1138 1681 dixit
1182 1625 1381 1681 Petro:
1433 1623 1580 1681 Vade
1630 1632 1754 1697 post
1795 1639 1901 1689 me,
1935 1622 2034 1677 Sa-

456 1725 606 1781 tana,
648 1717 966 1773 scandalum
1013 1731 1073 1772 es
1113 1715 1270 1783 mihi,
1328 1715 1587 1787 quoniam
1632 1704 1749 1772 non.
1783 1714 1930 1786 sapis
1969 1730 2033 1770 ea

455 1825 578 1880 quae
613 1808 705 1865 Dei
738 1818 884 1876 sunt,
925 1809 1017 1865 sed
1047 1824 1109 1863 ea
1144 1824 1267 1880 quae
1294 1809 1575 1864 hominum
1602 1810 1643 1864 ί.
1674 1829 1694 1862 ι
1732 1807 2034 1865 Verisimile

2129 629 2238 676 νοις
2270 610 2376 665 ὑπὸ
2406 608 2498 663 τοῦ
2533 609 2815 681 Σωτῆρος,
2845 628 2864 660 ι
2903 606 3355 679 προσλαϐόμενος
3386 604 3548 658 αὐτὸν
3568 606 3596 658 ὁ
3614 606 3704 660 Πέο

2129 723 2277 779 τρος,
2302 703 2505 776 ἤρξατο
2525 703 2785 773 ἐπιτιμᾷν
2814 699 2963 771 αὐτῷ
2989 699 3158 769 λέγων
3177 716 3190 730 ·
3231 695 3436 760 Ἵλεώς
3470 713 3578 761 σοι,
3607 696 3706 752 Κύ-

2131 816 2235 870 ριε,
2266 796 2327 850 ού
2363 795 2437 867 μὴ
2468 794 2622 847 ἔσται
2654 809 2735 847 σοι
2758 792 2949 847 τοῦτο·
2995 812 3014 845 ι
3046 791 3290 846 ἐνταῦθα
3327 789 3391 843 δὲ
3430 789 3579 843 οὐδὲν
3604 791 3711 844 ἁνε-

2130 891 2416 962 γράφησαν
2456 889 2505 941 οἱ
2547 885 2783 959 μαθηταὶ
2821 886 3163 959 εἰρηκότεςῆ
3210 882 3587 955 πεποιηκότες
3631 882 3709 937 ἐπὶ

2129 984 2240 1045 τοῖς
2269 980 2396 1052 περὶ
2423 979 2531 1034 τῶν
2562 978 3024 1051 ἀπαντησομένων
3053 976 3541 1050 σκυθρωποτέρων
3562 977 3712 1047 ἀπηγ-

2131 1074 2441 1147 γελμένοιςο
2487 1074 2582 1127 καὶ
2623 1068 2778 1145 οἶμαι
2803 1116 2818 1139 ,
2846 1074 2928 1126 ὃτι
2952 1072 3043 1126 διὰ
3075 1071 3239 1125 τοῦτο
3265 1067 3592 1141 ἐσιώπησαν
3631 1068 3710 1123 νῦν

2131 1168 2180 1221 οἱ
2215 1166 2471 1239 μαθηταὶ,
2505 1166 2734 1238 ἐπείπερ
2756 1166 2813 1220 ἐν
2839 1168 2953 1229 τοῖς
2983 1164 3263 1235 ἀνωτέρω,
3299 1163 3396 1215 ὅτε
3447 1180 3466 1213 ι
3500 1159 3715 1232 προσλα-

2131 1259 2357 1331 ϐόμενος
2385 1259 2476 1312 τὸν
2516 1257 2769 1329 Ἰησοῦνὸ
2797 1257 3001 1330 Πέτρος
3023 1254 3226 1328 ἤρξατο
3275 1250 3437 1323 αὐτῷ
3478 1252 3715 1322 ἐπιτιμᾷν

2131 1350 2337 1420 λέγων·
2383 1348 2568 1415 Ἵλεώς
2615 1367 2732 1417 σοι,
2768 1347 2961 1420 Κύριε,
2992 1348 3051 1402 ού
3091 1347 3168 1419 μὴ
3212 1345 3383 1400 ἔσται
3422 1360 3509 1397 σοι
3555 1342 3714 1411 τοῦτο,

2134 1443 2395 1516 στραφεὶς
2421 1442 2450 1495 ὁ
2490 1440 2697 1515 Ἰησοῦς
2738 1439 2858 1495 εἷπε
2901 1440 2979 1511 τῷ
3009 1439 3243 1512 Πέτρῳ.
3295 1437 3529 1505 ’Υπαγε
3563 1433 3717 1487 ὀπίσω

2137 1554 2260 1609 μου,
2285 1536 2518 1591 Σατανᾶ·
2552 1534 2844 1589 σκάνδαλόν
2869 1550 2968 1605 μου
2992 1528 3060 1597 εἴ,
3091 1533 3172 1586 ὅτι
3202 1531 3267 1586 ού
3298 1529 3531 1601 φρονεῖς
3554 1524 3716 1580 τὰτοῦ

2132 1628 2291 1693 Θεοῦ,
2323 1627 2458 1682 ἀλλὰ
2504 1626 2575 1681 τὰ
2615 1625 2723 1680 τῶν
2758 1624 3077 1698 ἀνθρώπων.
3121 1644 3140 1678 ι
3174 1623 3349 1687 Εἰκὸς
3376 1618 3479 1676 οῦν
3508 1618 3717 1683 αὐτοὺς,

2137 1721 2516 1795 μεμνημένους
2545 1719 2653 1774 τῶν
2675 1719 2812 1790 πρὸς
2837 1718 2929 1773 τὸν
2965 1717 3172 1790 Πέτρον
3205 1713 3569 1786 λελεγμένων
3587 1752 3603 1777 ,
3635 1726 3695 1764 πε

2135 1813 2403 1885 φυλάχθαι
2436 1809 2630 1876 ταῦτα,
2658 1809 2693 1882 ἢ
2722 1810 2815 1864 καί
2844 1808 3064 1882 χείρονα
3086 1806 3331 1864 ἀκοῦσαι
3372 1802 3489 1860 ἀπὸ
3524 1800 3614 1856 τοῦ
3642 1801 3720 1855 At-

456 1917 587 1971 ergo
615 1908 699 1957 est
732 1898 981 1970 responsi
1009 1898 1172 1955 Petro
1216 1899 1327 1955 dati
1387 1916 1656 1956 memores
1696 1916 1809 1964 eos,
1846 1916 1914 1956 ne
1944 1917 2036 1955 ea-

2141 1876 2430 1960 ῦασκᾶλου.

457 1994 604 2057 dein,
633 1991 717 2046 vel
745 1991 909 2047 etiam
934 1992 1119 2063 pejora
1166 2008 1197 2047 a
1230 1991 1573 2064 Sospitatore
1616 1992 1901 2062 audirent,
1945 2011 2038 2049 ca-

455 2086 622 2142 visse.

528 2179 582 2234 '5.
606 2178 676 2233 At
703 2178 941 2250 priorem
962 2194 1114 2243 sane,
1149 2185 1204 2233 et
1250 2178 1443 2234 huicce
1475 2179 1819 2235 consimilem
1849 2180 2032 2236 locum

455 2286 731 2342 exponere
760 2286 866 2326 non
895 2271 1095 2342 pigebit
1119 2288 1137 2338 ;
1162 2271 1241 2327 sic
1263 2270 1355 2327 ille
1389 2271 1552 2326 habet
1572 2273 1593 2304 ³
1623 2290 1637 2327 :
1671 2290 1689 2322 ι
1720 2270 1873 2327 Τυιιο
1900 2287 2039 2342 prae-

456 2363 602 2434 cepit
623 2362 906 2433 discipulis
937 2361 1073 2426 suis,
1114 2371 1174 2417 ut
1202 2360 1406 2416 nemini
1443 2361 1710 2425 dicerent,
1751 2361 1879 2431 quia
1923 2362 2039 2432 ipse

458 2462 606 2510 esset
630 2451 906 2518 Christus,
933 2471 952 2504 ›
987 2459 1041 2506 ει
1071 2460 1266 2507 caetera
1299 2466 1471 2519 usque
1497 2451 1563 2506 ad
1593 2451 1643 2505 id
1672 2469 1686 2505 :
1750 2470 1768 2503 ι
1798 2461 1851 2507 ει
1877 2454 2035 2508 tertia

458 2546 546 2602 die
590 2560 911 2615 resurgere;
958 2564 977 2597 ι
1013 2552 1136 2614 post
1184 2543 1273 2598 illa
1306 2545 1455 2599 enim
1487 2544 1541 2599 id
1584 2544 1854 2613 adiectum
1903 2555 2034 2601 est:

464 2656 485 2688 ι
513 2636 817 2692 Assumens
843 2648 967 2688 eum
997 2629 1243 2698 Petrus,»
1287 2643 1342 2686 et
1367 2630 1593 2701 reliqua.
1621 2628 1764 2696 Quin
1798 2642 1850 2686 et
1880 2647 2040 2701 supe-

459 2731 577 2787 rius
604 2729 996 2802 Sospitatorem
1023 2728 1185 2783 morti
1235 2728 1419 2783 datum
1468 2726 1534 2781 iri
1559 2726 1763 2782 dictum
1814 2735 1923 2791 est;
1953 2726 2039 2781 hic

460 2831 645 2878 autem
674 2819 866 2877 mortis
897 2836 1068 2892 genus
1094 2819 1418 2885 declaratur,
1471 2818 1619 2874 cruci
1664 2817 1912 2874 videlicet
1956 2816 2039 2871 al-

461 2916 571 2989 tigi.
601 2914 761 2971 Certe
782 2912 1027 2984 quandiu
1067 2911 1400 2982 principibus
1432 2911 1775 2967 sacerdotum
1809 2922 1863 2966 et
1893 2908 2042 2965 Scri—

462 3011 546 3068 bis
573 3008 734 3066 Iesus
760 3005 1119 3082 Jerosolymis
1141 3006 1370 3063 traditus
1404 3023 1510 3063 non
1534 3015 1639 3074 est,
1672 3022 1848 3078 neque
1868 3015 2040 3063 morte

459 3102 770 3167 damnatus,
798 3116 976 3171 neque
1026 3099 1241 3165 illusus,
1278 3115 1455 3171 neque
1501 3098 1686 3173 ﬂagris
1712 3115 1907 3165 caesus,
1946 3115 2042 3155 ne-

2208 2180 2371 2235 Ούδὲν
2396 2178 2453 2232 δὲ
2475 2177 2636 2232 λυπεῖ
2672 2174 2926 2231 ἐκθέσθαι
2956 2175 3055 2247 τὴν
3092 2173 3379 2247 προτέραν
3418 2171 3517 2225 καί
3558 2184 3720 2239 παραυ

2138 2272 2370 2345 πλησίαν
2388 2273 2499 2334 τοῖς
2528 2270 2869 2341 ὲκκειμένοις
2888 2267 3032 2335 λέξιν
3049 2266 3222 2331 οὕτως
3249 2265 3515 2336 ἔχουσαν·
3551 2281 3571 2315 ι
3602 2262 3717 2315 Τότε

2136 2361 2468 2416 διεστείλατο
2498 2362 2611 2424 τοῖς
2642 2357 2907 2433 μαθηταῖς
2935 2357 3121 2423 αὑτοῦ,
3144 2357 3232 2410 ἵνα
3262 2356 3466 2429 μηδενὶ
3484 2353 3718 2417 εἴπωσιν,

2138 2454 2220 2507 ὅτι
2261 2452 2420 2516 αύτός
2459 2452 2607 2504 ἐστιν
2646 2452 2676 2504 ὁ
2712 2448 2945 2523 Χριστός
2967 2467 2981 2481 ο
3023 2468 3043 2501 ι
3087 2450 3182 2503 καὶ⁸
3211 2448 3283 2503 τὰ
3314 2447 3453 2518 ἐξης
3480 2446 3587 2508 ἓως
3610 2442 3716 2498 τοῦ·

2145 2565 2162 2598 ι
2206 2546 2300 2600 καὶ
2324 2546 2390 2616 τῇ
2432 2543 2591 2618 τρίτῃ
2611 2543 2794 2616 ἡμέρᾳ
2816 2540 3137 2615 ἐγερθῆναιο
3180 2561 3200 2595 ι
3242 2542 3346 2595 ἐπὶ
3378 2539 3592 2603 τούτοις
3620 2540 3719 2610 γὰρ

2139 2639 2352 2711 εἴρηται
2376 2638 2438 2691 τό
2457 2654 2471 2668 ·
2510 2656 2529 2690 ι
2556 2638 2666 2692 Καὶ
2697 2636 3136 2709 προσλαϐόμενος
3165 2634 3336 2689 αὑτὸν
3379 2637 3411 2689 ὁ
3447 2632 3663 2706 Πέτρος,
3693 2651 3712 2685 ι

2139 2732 2233 2785 καὶ
2257 2729 2326 2784 τὰ
2359 2729 2506 2801 ἐξῆς.
2542 2729 2662 2783 Ἔτι
2693 2727 2749 2782 δὲ
2778 2729 3037 2802 ἀνωτέρω
3057 2729 3160 2800 μὲν
3185 2727 3411 2802 εἴρηται
3462 2729 3719 2781 ἀποκταν-

2140 2823 2300 2896 θῆναι
2332 2824 2547 2896 μέλλειν
2588 2821 2676 2876 τδν
2716 2823 2975 2894 Σωτῆρα’
3027 2819 3262 2876 ἐνταῦθα
3287 2821 3350 2875 δὲ
3378 2820 3445 2874 τὸ
3469 2814 3606 2882 εἶδος
3628 2817 3716 2888 τῆς

2140 2916 2471 2987 ἀναιρέσεως
2504 2914 2844 2987 γέγραπται,
2889 2914 2952 2968 τὸ
2995 2912 3402 2987 σταυρωθῆναι.
3445 2912 3589 2974 Ἕως
3628 2909 3715 2980 μὲν

2139 3006 2232 3065 οὖν
2268 3008 2553 3082 Ἰησοῦςού
2587 3006 2900 3080 παρεδίδοτο
2936 3008 2994 3062 ἐν
3040 3004 3446 3078 Ἱεροσολύμοις
3480 3005 3592 3065 τοῖς
3626 3000 3717 3070 ἁρ-

2140 3102 2382 3176 χιερεῦσι
2426 3100 2523 3156 καὶ
2564 3100 3016 3174 γραμματεῦσιν,
3063 3101 3186 3155 οὐδὲ
3226 3098 3588 3171 κατεκρίνετο
3628 3093 3714 3148 θα-

459 3210 567 3267 que
590 3194 739 3250 cruci
763 3188 1043 3261 suﬂixus,
1081 3191 1259 3248 stabat
1312 3190 1636 3258 Jerusalem,
1692 3207 1868 3263 neque
1903 3192 2036 3262 deji-

2143 3197 2289 3268 νάτῳ
2312 3235 2328 3263 ,
2400 3195 2519 3249 οὐδὲ
2580 3193 2933 3260 ἐνεπαίζετο,
2998 3193 3092 3247 καὶ⁵
3162 3190 3574 3265 ἐμαστιγοῦτο,
3629 3186 3715 3241 καὶ

464 3287 709 3349 ciebatur
735 3285 789 3341 id
834 3286 980 3356 quod
1023 3284 1322 3354 appellatur
1364 3283 1772 3350 sanctuarium;
1804 3291 1860 3338 at
1890 3294 2042 3354 post-

460 3394 626 3451 quam
651 3379 766 3432 haec
788 3377 1050 3432 adversus
1076 3374 1253 3445 ipsum
1275 3374 1558 3445 designare
1580 3375 1697 3431 ausi
1719 3385 1866 3440 sunt,
1911 3387 2043 3434 tunc

463 3476 500 3530 ii
524 3473 723 3530 deserti
758 3480 886 3528 sunt
918 3486 949 3526 a
980 3470 1179 3541 quibus
1202 3470 1450 3541 proditus
1470 3479 1572 3535 est,
1594 3486 1802 3526 necnon
1827 3480 1880 3527 et
1902 3473 2044 3542 prin-

462 3568 614 3638 cipes
669 3565 1013 3622 sacerdotum
1073 3563 1346 3636 principes
1401 3579 1523 3620 esse
1568 3565 1907 3621 sacerdotum
1967 3565 2042 3621 ita

465 3661 784 3725 desierunt,
838 3666 898 3713 ut
949 3664 1071 3728 post
1128 3656 1251 3712 illos
1321 3656 1456 3711 nulli
1522 3655 1724 3712 fuerint
1790 3658 2045 3714 sacerdo—

467 3763 577 3807 tum
613 3751 914 3823 principes;
953 3758 1083 3804 tunc
1125 3757 1180 3804 et
1235 3747 1330 3819 qui
1373 3747 1647 3804 Christum
1681 3748 1841 3804 morti
1885 3749 2042 3804 addi-

465 3851 666 3899 xerunt
699 3842 856 3914 711
903 3841 1127 3904 scribae,
1166 3849 1347 3896 mente
1380 3839 1655 3907 indurati,
1689 3849 1741 3898 et
1783 3841 2043 3897 excaecati

472 3937 705 4000 ratione,
738 3935 792 3990 in
819 3945 1130 3990 sanctarum
1157 3931 1563 4003 Scripturarum
1588 3948 1787 3990 sensus
1816 3933 2044 3988 minime

478 4028 875 4100 penetrabant;
910 4033 966 4080 et
999 4025 1035 4080 ii
1077 4040 1267 4080 omnes
1300 4038 1426 4080 cum
1470 4034 1645 4080 morte
1686 4025 2041 4081 damnassent

475 4118 685 4185 Jesum,
719 4120 881 4176 morti
914 4134 1037 4191 quae
1083 4115 1285 4173 Christi
1329 4117 1502 4174 hostis
1530 4126 1616 4173 est
1663 4117 1846 4173 traditi
1873 4126 2042 4172 sunt:

2145 3287 2474 3361 ἐσταυροῦτο
2491 3327 2508 3354 ,
2549 3286 2900 3361 Ἱεροσόλυμα
2925 3287 3298 3359 συνειστήκει,
3328 3287 3429 3340 καὶ
3449 3285 3511 3339 τδ
3536 3279 3713 3338 καλού-

2150 3398 2307 3455 μενον
2356 3381 2605 3451 ἁγίασμα
2648 3380 2710 3433 ού
2755 3379 3144 3435 κατεϐάλλετο·
3194 3380 3284 3435 ὅτε
3337 3379 3400 3434 δὲ
3444 3377 3613 3433 ταῦτα
3643 3371 3714 3444 τῷ

2159 3472 2333 3545 Ἰησοῦ
2387 3474 2608 3544 ποιῆσαι
2660 3473 3022 3545 τετολμήκασι
3045 3510 3061 3537 ,
3116 3471 3238 3526 τότε
3277 3474 3331 3526 oi
3398 3468 3712 3544 παραδόντες

2147 3566 2309 3620 αὑτὸν
2354 3563 2881 3638 ἐγκατελείφθησαν,
2916 3566 3012 3621 καὶ
3048 3568 3098 3620 οἱ
3139 3566 3423 3638 ἀρχιερεῖς
3457 3560 3552 3617 τοῦ
3587 3555 3709 3614 εἶναι

2147 3661 2423 3743 ἀρχιερεῖς
2471 3658 2777 3714 ἐπαύσαντο
2795 3701 2811 3725 ,
2867 3660 2944 3725 ὡς
2993 3659 3129 3732 μηδέ
3183 3661 3299 3730 μετ’
3346 3659 3547 3721 αὐτοὺς
3586 3651 3707 3743 εἶναι

2148 3742 2422 3824 ἀρχιερεῖς
2440 3767 2454 3781 ·
2485 3751 2606 3804 τότε
2637 3750 2693 3805 δὲ
2721 3752 2816 3805 καὶ
2839 3753 2890 3804 οἱ
2923 3750 3355 3822 κατακρίναντες
3384 3749 3480 3803 τὸν
3523 3742 3709 3816 Ἰησοῦν

2150 3840 2364 3913 θανάτῳ
2394 3844 2763 3914 γραμματεῖς,
2794 3842 3150 3915 πωρωθέντες
3194 3842 3293 3913 τὴν
3332 3841 3596 3899 διάνοιαν,
3627 3833 3707 3889 καὶ

2149 3933 2519 4005 τυφλωθέντες
2550 3934 2640 3988 τὸν
2674 3934 2953 4006 λογισμὸν,
2990 3936 3091 3989 ούκ
3128 3933 3358 3987 ἔϐλεπον
3390 3934 3453 3987 τὸ
3484 3928 3708 4004 βούλημα

2150 4022 2259 4077 τῶν
2298 4024 2467 4092 ἁγίων
2498 4024 2869 4096 Γραμμάτων.
2908 4026 3019 4080 Καὶ
3052 4024 3256 4091 πάντες
3299 4027 3524 4087 ἐκεῖνοι,
3554 4031 3705 4075 κατα-

2152 4116 2439 4189 κρίναντες
2484 4115 2576 4170 τὸν
2634 4113 2841 4187 Ἰησοῦν
2890 4116 2999 4189 (47)
3061 4117 3301 4189 θανάτῳ,
3348 4111 3708 4190 παρεδόθησαν

1668 4227 1902 4286 VETUS
1936 4225 2518 4284 lNTERPRETATlO.

470 4366 596 4408 mus
620 4350 714 4406 ubi
743 4349 984 4405 diximus
1013 4368 1031 4405 :
1094 4367 1114 4401 ι
1141 4347 1254 4405 llos
1274 4348 1560 4404 duodecim
1587 4347 1740 4420 misit
1766 4346 1957 4420 Jesus,
1978 4347 2295 4418 prtecipiens
2323 4346 2719 4420 eis,et_dieens
2750 4367 2770 4401 ι
2825 4364 2950 4420 qua:
2974 4348 3137 4420 dicta
3176 4359 3306 4406 sunt
3335 4350 3436 4407 ibi.
3467 4345 3705 4406 Confera-

471 4438 598 4478 mus
625 4423 807 4491 itaque
831 4421 945 4475 haac
976 4421 1077 4481 eis,
1105 4435 1228 4492 quae
1268 4434 1434 4492 supra
1460 4429 1589 4475 sunt
1621 4419 1765 4474 dicta
1798 4419 1996 4492 similia
2032 4437 2045 4473 :
2078 4420 2337 4492 quoniam
2364 4419 2475 4473 illic
2502 4418 2585 4492 hjs
2610 4419 2744 4492 ipsis
2767 4418 2945 4476 verbis
2967 4419 3196 4492 Domino
3224 4423 3580 4492 prophetante
3597 4430 3703 4492 qua;

474 4502 596 4547 erat
620 4490 903 4563 passurus,
933 4490 1150 4560 accepit
1177 4506 1302 4545 eum

1380 4500 1553 4559 etrus,
1578 4499 1633 4544 et
1670 4490 1836 4559 coepit
1864 4486 2145 4559 increpare
2174 4488 2362 4559 dicens
2398 4506 2412 4544 :
2467 4508 2485 4541 ι
2516 4486 2789 4559 Propitius
2836 4502 2954 4546 esto
2984 4492 3098 4556 tibi,
3128 4486 3373 4556 Domine,
3409 4504 3461 4549 et
3494 4494 3589 4546 hoc
3616 4486 3701 4543 tibi

473 4576 585 4617 non
619 4557 759 4631 erit;
806 4579 825 4611 ›
855 4561 943 4615 hic
968 4557 1149 4615 autem
1175 4574 1281 4631 non
1312 4558 1622 4616 referuntur
1644 4557 1897 4631 discipuli
1931 4557 2155 4631 dixisse,
2185 4569 2279 4613 aut
2304 4557 2516 4631 fecisse,
2550 4557 2673 4631 cuin
2716 4560 2997 4631 audissent
3024 4563 3197 4618 tristia
3226 4563 3339 4618 lucc
3394 4563 3613 4619 Christo
3633 4559 3702 4611 lu-

479 4642 625 4687 tura.
668 4629 903 4702 Etputo
936 4631 1195 4702 quoniam
1230 4630 1352 4685 ideo
1395 4646 1541 4702 nunc
1569 4629 1881 4702 tacuerunt,
1910 4630 2169 4702 quoniam
2202 4630 2455 4702 superius
2474 4629 2693 4702 quando
2736 4629 2926 4687 Petrus
2975 4634 3183 4702 accepit
3222 4631 3437 4700 Jesum,
3466 4641 3517 4688 et
3542 4632 3697 4685 incre—

479 4716 625 4773 pans
646 4698 791 4773 dixit
811 4698 1129 4773 quaﬁdixit,
1153 4715 1452 4773 conversus
1480 4699 1640 4758 Jesus
1666 4702 1802 4756 dixit
1826 4698 1984 4773 Petro
2017 4718 2030 4754 :
2071 4720 2089 4752 ι
2122 4698 2285 4756 Vade
2301 4709 2424 4770 post
2447 4698 2552 4768 me,
2585 4699 2810 4765 Sataua,
2853 4698 3169 4761 scandalum
3197 4705 3328 4758 mihi
3352 4698 3438 4770 es,
3467 4702 3697 4773 quoniam

480 4768 759 4845 iton‘sapis
781 4768 902 4845 qua;
938 4769 1031 4825 Dei
1062 4779 1211 4837 sunt,
1245 4772 1496 4845 _s_ed_qu_ae
1529 4772 1831 4845 hominum.
1873 4790 1892 4823 ι
1944 4768 2316 4845 Consequens
2341 4786 2472 4841 ergo
2506 4782 2643 4845 erat,
2684 4783 2743 4845 ut
2776 4775 3122 4831 recordantes
3150 4791 3271 4845 qua:
3296 4768 3559 4830 Dominus
3584 4768 3697 4827 dixit

477 4842 545 4898 ad
576 4840 818 4912 Petrum,
851 4842 1205 4896 observarent
1229 4840 1505 4911 discipuli,
1532 4859 1602 4896 ne
1635 4842 1859 4896 audiant
1887 4842 2035 4907 talia,
2066 4840 2363 4912 rel’pejora
2395 4840 2425 4896 a
2451 4856 2552 4897 suo
2577 4843 2853 4912 Magistro.

550 4913 605 4969 '5.
636 4911 756 4968 Non
782 4921 867 4969 est
902 4920 1085 4967 autem
1118 4910 1417 4984 absurdum
1450 4926 1704 4984 revocare
1734 4911 1789 4965 in
1829 4912 2147 4984 memoriam
2178 4910 2384 4984 eaquae
2406 4912 2653 4984 similiter
2669 4910 2797 4969 istis
2824 4922 2952 4969 sunt
3001 4914 3144 4971 dicta
3188 4915 3481 4984 superius:
3519 4933 3537 4967 ι
3565 4910 3696 4984 Tunc

484 4985 740 5055 praecepit
759 4983 1043 5054 discipulis
1070 4983 1189 5037 suis
1214 4990 1276 5038 ut
1301 4982 1505 5055 nemini
1540 4982 1780 5055 dicereut
1803 4983 1933 5055 quia
1963 4983 2076 5052 ipse
2100 4983 2508 5055 eratCln-istus.
2537 4983 2744 5055 Exinde
2773 4985 2936 5055 cmpit
2955 4987 3239 5042 ostendere
3257 4982 3423 5043 Iesus
3448 4982 3693 5055 discipulis

482 5050 621 5118 suis,
645 5050 1296 5126 quoniam'oportet‘eum
1324 5053 1377 5107 in
1400 5050 1834 5126 Hierosolymam
1857 5054 1957 5119 ire,
1981 5050 2036 5108 et
2062 5055 2233 5126 multa
2264 5054 2375 5126 pati
2405 5068 2448 5126 a_
2460 5050 2795 5126 senioribus,
2827 5050 2881 5110 et
2911 5057 3244 5126 principibus
3274 5050 3626 5112 sacerdotum.
3648 5059 3694 5106 et

480 5123 680 5183 scribis
702 5126 913 5197 populi,
936 5123 992 5181 et
1017 5123 1215 5185 occidi.
1235 5132 1317 5197 __et
1345 5125 1500 5197 tertia
1528 5123 1615 5178 die
1655 5123 1984 5197 resurgere.
2004 5143 2022 5176 ι
2064 5123 2149 5197 Et_
2181 5125 2235 5197 in
2269 5125 2377 5179 illis
2420 5124 2619 5197 dicitur
2645 5123 2961 5195 quoniam}
3010 5123 3284 5197 accipiens
3308 5143 3436 5184 eum
3470 5127 3688 5189 Petrus»

479 5204 536 5252 et
560 5193 1343 5269 cwtera.iAdhuc_autemjllic
1365 5193 1567 5269 dictum
1595 5201 1698 5269 est,
1730 5193 2099 5269 occidendum
2118 5193 2451 5269 Salratorem
2481 5213 2495 5249 :
2530 5196 2617 5269 hic
2640 5193 2820 5269 autem
2850 5206 2905 5269 et
2927 5193 3276 5269 species'ipsa
3306 5198 3585 5255 occisionis
3623 5201 3692 5269 est

484 5268 714 5338 scripta,
748 5268 799 5338 id
833 5276 917 5322 est
955 5267 1022 5321 ad
1056 5265 1500 5338 crucifigendum.
1531 5262 1669 5331 Quid
1690 5272 1775 5338 est
1803 5280 1932 5336 ergo
1958 5265 2265 5338 quod‘dixit
2293 5283 2311 5317 ι
2345 5265 2592 5338 oportet?
2629 5285 2648 5318 ›
2670 5264 2933 5338 Ωιιειιάἱιι
2958 5262 3367 5338 quidem'Jesus
3412 5285 3517 5325 non
3545 5263 3692 5322 trade-

485 5335 647 5392 batur
673 5339 729 5393 in
757 5336 1147 5408 Hierosolymis
1173 5335 1512 5408 principibus
1550 5335 1894 5408 sacerdotum
1913 5344 1967 5390 et
1995 5335 2211 5408 scribis,
2246 5351 2345 5391 nec
2364 5335 2830 5391 condemnabatur
2859 5335 3055 5403 morte,
3085 5356 3185 5397 nec
3213 5341 3578 5399 deludebatur,
3610 5345 3690 5388 nec

482 5408 876 5480 ljagellabatur,
912 5404 1474 5480 nec'reruciligebatur,
1530 5407 1708 5480 stabat
1758 5404 2095 5480 Hierusalem
2127 5422 2142 5470 ;
2181 5408 2419 5480 etquod
2458 5408 2754 5463 vocabatur
2803 5411 3173 5466 sanctuarium
3203 5426 3309 5466 non
3332 5411 3683 5480 deponehatur.

484 5475 780 5548 Postquam
810 5489 990 5533 autem
1020 5479 1135 5534 haec
1169 5475 1248 5532 iu‘
1271 5475 1456 5533 Jesutn
1488 5477 1609 5532 ausi
1651 5486 1798 5544 sunt,
1830 5486 1965 5548 tunc
2005 5475 2097 5545 qui
2126 5475 2489 5548 tradiderunt
2521 5493 2647 5533 euut
2686 5479 2927 5535 derelicti
2973 5490 3136 5536 sunt:
3181 5493 3236 5537 et
3284 5475 3580 5537 sacerdmes
3610 5475 3684 5541 qui

485 5546 991 5617 condemnaverunt
1033 5564 1156 5605 eum
1202 5560 1397 5611 morte,
1426 5556 1481 5603 et
1521 5548 1712 5603 scriba:
1748 5547 1841 5617 qui
1884 5546 2139 5601 excrecati
2173 5559 2374 5614 mente,
2412 5559 2467 5603 et
2506 5549 2725 5605 alienati
2765 5565 2932 5606 sensu
2963 5567 3070 5606 non
3104 5552 3355 5606 viderunt
3393 5553 3683 5607 voluntatem

488 5616 896 5690 Scripturarum
922 5629 1258 5684 sanctarum,
1282 5619 1464 5674 traditi
1499 5626 1627 5675 sunt
1660 5617 1826 5673 morti
1862 5617 2097 5672 inimicas
2125 5617 2368 5673 Christi:
2400 5628 2455 5674 et
2491 5621 2585 5689 qui
2626 5619 3147 5677 deluseruntlesum
3187 5621 3240 5676 in
3272 5620 3547 5679 delusioue
3582 5618 3684 5673 sunt

559 5770 576 5800 ¹
606 5765 800 5822 Matth.
829 5781 941 5834 xw,
970 5766 1062 5822 23.
1137 5769 1158 5801 ¹
1187 5767 1319 5827 ibid.
1350 5767 1442 5836 20,
1467 5768 1557 5835 2l,
1582 5768 1676 5826 22.

564 5881 672 5954 (47)
705 5881 809 5938 Καὶ
833 5879 1054 5949 πάντες
1081 5882 1299 5938 ἐκεῖνοι
1324 5887 1785 5954 κατακρίναντες
1812 5888 1919 5943 τὸν
1951 5889 2036 5957 Ὶηι

2141 5905 2201 5954 γ,
2231 5896 2335 5945 etc.
2362 5886 2495 5946 Vide
2520 5886 2804 5962 Origenem
2828 5889 2921 5959 lib.
2950 5902 3045 5944 rm
3077 5895 3262 5943 contra
3292 5883 3519 5942 Celsum.

3900 3095 3903 3234 Ι

3901 3880 3903 4009 ι

3901 4473 3903 4559 ι
