3954 6560
154 425 180 479 1
192 425 322 482 359

1115 429 1468 489 COMMENT.
1505 431 1576 488 IN
1634 431 2046 490 ΜΑΤΤΗίΕυΜ
2083 431 2317 492 TOMUS
2341 433 2479 492 XVI.

3289 438 3428 496 l570

150 542 248 614 τῷ
284 543 478 616 ἐχθρῷ
509 544 743 618 Χριστοῦ
769 546 1002 619 θανάτῳο
1029 549 1122 603 καὶ
1151 549 1514 620 ἐμπαίξαντες
1538 549 1614 620 τῷ
1655 550 1748 620 Ἰη-

1863 559 1917 605 et
1939 567 2060 606 eum
2089 551 2275 608 Jesum
2300 554 2556 610 ludiﬁcati
2586 563 2792 620 essent,
2822 555 2948 612 facti
2985 565 3110 612 sunt
3137 555 3238 626 ipsi
3267 555 3426 625 jocus

155 637 296 703 σοῦ,
337 640 421 702 είς
446 641 755 710 ὲμπαιγμδν
777 642 1050 710 γεγόνασι,
1076 642 1446 712 κυκλωθείσης
1467 643 1572 696 ὑπὸ
1596 660 1758 714 στρα-

148 729 423 783 τοπέδων
469 731 836 803 Ἰερουσαλὴμ,
870 735 958 786 ὅτε
991 734 1085 786 καὶ
1120 753 1137 785 ι
1168 734 1445 805 ἤγγισενὴ
1480 736 1757 806 ἐρήμωσις

151 821 380 892 αὐτῆς.
408 842 426 874 ι
468 823 625 877 Ἀλλά
647 825 851 877 καὶτὸν
883 825 1088 896 Ἰησοῦν
1121 825 1580 896 μαστιγώσαντες,
1606 826 1758 879 αὐτοὶ

150 913 663 987 ὲμαστιγώθησαν,
697 918 790 971 καὶ
822 918 1209 988 μαστιγοῦνται
1237 937 1255 970 ι
1283 918 1386 983 ἕως
1404 919 1464 971 τὸ
1489 918 1758 989 πλήρωμα

149 1007 284 1060 τῶν
318 1007 494 1061 ἐθνῶν
524 1009 737 1083 εἰσέλθῃ
756 1027 769 1041 ο
798 1031 816 1062 ι
853 1012 881 1064 ό
907 1009 1016 1084 γάρ
1047 1031 1065 1063 ι
1092 1011 1298 1081 βάλλων
1325 1011 1469 1066 λίθον
1490 1013 1568 1075 είς
1601 1011 1753 1080 ὕψος,

152 1099 265 1152 ἐπὶ
283 1100 393 1171 τὴν
420 1101 660 1172 κεφαλὴν
688 1104 850 1157 αὑτοῦ
881 1105 1080 1175 βάλλει·
1111 1124 1128 1156 ι
1160 1106 1251 1157 καὶ
1273 1104 1450 1157 πάντα
1471 1107 1643 1157 ταῦτα
1661 1121 1755 1171 γε-

154 1191 434 1262 γένηται,
479 1194 544 1246 ἶν’
585 1195 805 1248 ἐκείνων
853 1197 950 1267 μὲν
989 1197 1199 1267 ἀποστῇ
1235 1198 1267 1267 ἡ
1320 1196 1610 1267 ἐπισκοπὴ,
1663 1198 1755 1250 ἐπὶ

153 1281 220 1334 δὲ
261 1283 400 1346 τοὺς
447 1284 555 1336 ἀπὸ
595 1285 702 1338 τῶν
745 1285 913 1339 ἐθνῶν
963 1288 1203 1357 μεταστῇ
1255 1286 1593 1356 σωζομένους
1637 1286 1756 1357 ἅμα

162 1392 182 1424 ι
233 1371 324 1442 τῷ
375 1377 494 1428 κατ’
523 1377 779 1448 ’ἐκλογὴν
822 1379 1120 1450 λείμματι⁸
1177 1380 1224 1431 εί
1262 1379 1370 1450 γὰρ
1423 1379 1498 1450 μὴ
1551 1379 1754 1451 Κύριος

154 1463 409 1519 Σαϐαὼθ
470 1468 822 1534 ἐγκατέλιπεν
877 1473 1058 1535 αὐτοῖς
1113 1470 1354 1542 σπέρμα,
1413 1470 1489 1534 ώς
1545 1471 1754 1542 Σόδομα

156 1555 232 1608 ἂν
274 1556 642 1628 ἐγενήθησαν,
672 1561 765 1613 καὶ
811 1560 886 1625 ώς
934 1561 1185 1634 Γόμορρα
1213 1559 1277 1614 ἂν
1309 1547 1691 1632 ὡμοιώθησαν.
1727 1581 1744 1612 ι

167 1647 328 1716 Ἐγὼ
390 1649 436 1702 δ’
486 1645 668 1721 οἶμαι,
720 1653 800 1705 ὅτι
833 1651 1020 1724 ῶσπερ
1072 1653 1427 1724 ὑποδείγματι
1481 1657 1579 1709 καὶ
1624 1639 1752 1722 σκιᾷ

152 1736 403 1809 λατρεία
451 1739 616 1794 πάλαι
659 1742 1044 1814 ἐπιτελουμένη
1091 1743 1199 1796 τῶν
1238 1744 1573 1816 ἐπουρανίων
1617 1762 1742 1798 κατ-

154 1827 338 1900 ελύθη
373 1828 462 1883 διὰ
499 1830 567 1884 τὰ
598 1833 913 1905 ἐπουράνια,
946 1835 1039 1886 καὶ
1087 1833 1328 1897 ἐλθόντος
1365 1834 1615 1904 ἀληθινοῦ
1647 1838 1747 1907 ἀρ-

152 1923 422 1992 χιερέως,
453 1923 482 1976 ὁ
516 1925 839 1995 συμϐολικδς
871 1927 1160 1998 ἀρχιερεὺς
1192 1926 1485 1980 ἐπαύσατο·
1518 1928 1612 1982 καὶ
1641 1929 1750 1981 τῶν

153 2013 445 2084 ἀληθινῶν
479 2017 617 2088 ὑπὲρ
651 2017 934 2090 ἁμαρτιῶν
967 2017 1167 2071 θυσιῶν
1215 2019 1663 2090 ἐπιτελουμένων,
1693 2022 1749 2073 αἱ

157 2108 500 2178 συμϐολικαὶ
530 2110 939 2182 καθῃρέθησανο
969 2109 1142 2175 οὕτως
1173 2113 1262 2164 ὅτε
1307 2115 1340 2184 ἡ
1378 2112 1605 2184 ἀληθινὴ
1649 2115 1747 2166 Ἰε-

157 2215 215 2272 ρν
238 2201 456 2273 δσαλὴμ
487 2203 578 2257 τὸν
619 2202 824 2274 Ἰησοῦν
853 2203 1070 2269 ἐδέξατο
1102 2204 1378 2259 ἀναϐάντα
1407 2206 1498 2257 ἐπὶ
1530 2206 1589 2258 τὸ
1617 2207 1750 2258 ὑπο-

156 2294 186 2328 τ
199 2291 358 2360 ὑγιον
386 2294 576 2346 ἐαυτοῦ
607 2293 786 2366 σῶμα,
824 2297 908 2364 ἐφ’
940 2289 985 2363 ᾧ
1015 2297 1108 2348 καὶ
1140 2315 1157 2346 ι
1191 2295 1376 2368 ἔχαιρε
1421 2279 1624 2367 σφόδρα
1652 2295 1747 2349 θυ-

163 2387 352 2456 γάτηρ
395 2385 567 2452 Σιὼν,
619 2387 713 2440 καὶ
772 2389 1071 2459 ἐκήρυσσεν
1111 2389 1145 2459 ἡ
1196 2387 1444 2460 θυγάτηρ
1491 2388 1590 2458 τῆς
1636 2387 1748 2442 ἄνω

163 2477 567 2550 ἔιερουσαλὴμ,
609 2497 628 2530 ι
661 2478 782 2532 τότε
820 2479 1097 2552 καθῃρέθη
1139 2478 1492 2550 Ἰερουσαλὴμ
1526 2481 1559 2549 ἡ
1598 2479 1744 2542 σκιά,

158 2572 258 2624 καὶ
293 2570 729 2625 καταπέπτωκεν
753 2571 781 2624 ὁ
809 2570 934 2636 ναὸς
961 2574 988 2624 ό
1025 2573 1088 2624 ἐκ
1113 2571 1323 2643 νεκρῶν
1350 2571 1512 2624 λίθων
1539 2569 1627 2624 διὰ
1657 2571 1748 2624 τὸν

157 2666 226 2716 ἐκ
270 2663 489 2727 ζώντων
529 2664 690 2718 λίθων
733 2663 890 2716 ναόν·
923 2662 1242 2733 κατεσκάφη
1284 2662 1341 2716 δὲ
1381 2662 1476 2716 καὶ
1511 2661 1570 2714 τὸ
1597 2661 1747 2715 κάτω

159 2755 574 2827 θυσιαστήριον,
601 2756 829 2826 ἐπείπερ
859 2753 1192 2824 ἐχρημάτισε
1219 2754 1279 2806 τὸ
1305 2753 1644 2824 ἐπουράνιον,
1677 2752 1746 2806 τὰ

159 2847 419 2916 ἐγκαίνια
458 2846 622 2901 αὐτοῦ
668 2846 842 2917 Ἰησοῦ
886 2848 942 2898 ἐν
975 2847 1040 2916 τῇ
1072 2845 1298 2915 ἀληθινῇ
1336 2844 1558 2915 λατρεία
1587 2847 1746 2916 ποιή-

164 2955 381 3002 σαντος.
419 2939 481 2991 El
509 2937 566 2992 δὲ
597 2936 738 2992 κατά
763 2953 817 2989 τι
861 2935 968 2989 τῶν
999 2935 1412 3007 σημαινομένων
1456 2937 1506 2988 οἱ
1540 2934 1747 3006 ἄνθρω-

161 3048 255 3086 ποι
282 3034 315 3102 ἡ
352 3030 506 3094 πόλις
541 3030 664 3093 είσὶ,
692 3029 786 3082 καὶ
817 3027 911 3081 νῦν
953 3029 1010 3080 ἐν
1055 3027 1446 3099 Ἰεροσολύμοις
1487 3025 1662 3096 (οῦτω
1687 3026 1745 3080 δὲ

159 3124 316 3179 καλῶ
343 3124 469 3186 τοὺς
501 3122 720 3192 ἔχοντας
760 3119 862 3182 τὰς
897 3119 1116 3182 ἐλπίδας
1145 3119 1238 3172 ἐπὶ
1269 3118 1363 3172 τὸν
1389 3118 1481 3170 ἐπὶ
1511 3117 1617 3187 γῆς
1658 3117 1746 3170 τό-

1857 656 2020 715 atque
2046 646 2362 711 ludibrium.
2382 664 2507 704 cum
2525 649 2854 705 exercitibus
2877 649 3208 705 circumdata
3225 646 3428 703 fuitJe-

1859 735 2092 789 rusalem
2108 754 2122 802 ;
2141 752 2251 808 quo
2281 737 2482 796 scilicet
2501 747 2738 810 tempore
2760 759 2778 790 ι
2800 738 3249 809 appropinquavit
3264 738 3424 791 deso-

1858 823 1988 880 latio
2026 827 2144 896 ejus
2171 829 2226 883 'z
2267 849 2286 880 ι
2322 831 2620 900 quinetiam
2669 846 2792 886 cum
2831 829 3016 886 Jesum
3063 829 3245 899 ﬂagris
3282 828 3426 882 ceci-

1857 916 2088 981 dissent,
2135 919 2240 987 ipsi
2279 920 2532 992 ﬂagellati
2573 931 2720 986 sunt,
2755 933 2808 977 et
2851 921 3190 992 ﬂagellantur
3238 935 3422 989 porro,

1863 1026 1881 1059 ι
1912 1009 2084 1066 donec
2105 1013 2381 1081 plenitudo
2415 1017 2653 1085 gentium
2679 1015 2965 1070 intrarit‘:
2993 1033 3011 1066 ι
3033 1030 3154 1068 nam
3183 1031 3201 1064 ι
3241 1013 3332 1083 qui
3369 1016 3424 1067 ln

1855 1101 2023 1157 altum
2067 1104 2230 1159 mittit
2282 1106 2550 1175 lapidem,
2593 1107 2644 1160 in
2709 1116 2872 1176 caput
2907 1122 3066 1161 suum
3117 1105 3323 1158 mittit'
3351 1122 3365 1169 ;
3397 1119 3421 1157 ι

1856 1201 2020 1262 atque
2071 1194 2188 1248 haec
2229 1197 2411 1250 omnia
2463 1196 2605 1250 facta
2663 1207 2819 1262 sunt,
2868 1205 2926 1250 ut
2955 1197 3022 1249 ab
3051 1195 3158 1250 illis
3206 1194 3425 1265 quidem

1856 1283 2072 1339 recedat
2103 1285 2363 1350 visitatio,
2396 1287 2463 1342 ad
2523 1303 2619 1343 eos
2652 1303 2781 1342 vero
2827 1303 2856 1342 e
2889 1286 3141 1358 gentibus
3185 1292 3427 1340 transeat

1853 1375 1947 1445 qui
1999 1377 2227 1432 salutem
2278 1389 2726 1448 consequuntur,
2774 1395 2882 1434 una
2934 1395 3056 1434 cum
3107 1396 3128 1429 ι
3179 1376 3424 1446 reliquiis

1854 1469 2154 1524 secundum
2182 1471 2502 1526 electionem
2542 1472 2603 1538 ⁶;
2643 1471 2746 1527 nisi
2785 1473 2929 1527 enim
2964 1471 3226 1526 Dominus
3261 1484 3421 1524 exer-

1853 1561 2058 1615 cituum
2104 1562 2414 1632 reliquisset
2443 1563 2522 1619 eis
2559 1578 2779 1628 semen,
2825 1565 2980 1634 quasi
3017 1562 3252 1617 Sodoma
3279 1560 3421 1615 fuis-

1853 1660 2013 1716 sent,
2057 1662 2106 1708 et
2146 1654 2303 1724 quasi
2353 1654 2660 1711 Gomorrha
2706 1655 2913 1712 similes
2957 1655 3202 1710 essent".
3235 1673 3256 1706 ι
3311 1653 3421 1723 Ego

1855 1757 1983 1797 vero
2011 1743 2092 1799 sic
2120 1745 2394 1812 existimo,
2422 1747 2881 1816 quemadmodum
2905 1745 3046 1801 sacri
3075 1747 3212 1800 ritus
3235 1760 3418 1799 exem-

1853 1834 1987 1903 plari
2036 1845 2090 1890 et
2121 1836 2330 1891 umbrae
2382 1839 2683 1893 cmlestium
2732 1839 2860 1892 olim
2912 1837 3145 1908 peracti,
3198 1845 3420 1906 propter

1852 1926 2092 1982 coelestia
2126 1927 2368 2000 abrogati
2416 1939 2580 1994 suut;
2627 1942 2681 1984 et
2712 1930 3039 1984 adventante
3073 1944 3202 1984 vero
3231 1943 3414 1982 sacer-

1849 2016 1974 2072 dote
2026 2019 2262 2073 cessavit
2310 2021 2566 2076 sacerdos
2624 2020 2996 2091 symbolicus;
3031 2030 3087 2074 et
3133 2019 3278 2073 veris
3319 2033 3417 2088 pro

1850 2110 2089 2178 peccatis
2120 2109 2280 2166 factis
2317 2112 2639 2178 sacriﬁciis,
2689 2112 2984 2183 symbolica
3023 2112 3222 2166 abolita
3253 2120 3414 2176 sunt;

1850 2200 1922 2254 ita
1963 2217 2086 2255 cum
2140 2202 2392 2272 subjugi,
2437 2218 2664 2273 corpore
2714 2204 2962 2258 videlicet
3009 2218 3139 2268 suo,
3203 2210 3414 2256 vectum

1847 2289 2038 2346 Jcsum
2059 2294 2269 2362 excepit
2299 2310 2423 2348 vera
2454 2294 2779 2360 Jerusalem,
2806 2297 3160 2366 quamobrem
3193 2314 3212 2347 ι
3234 2293 3416 2351 exsul-

1849 2385 1982 2438 tavit
2018 2385 2152 2439 satis
2204 2385 2312 2440 lilia
2351 2384 2521 2451 Sion,
2563 2396 2618 2441 et
2649 2387 2961 2457 praedicavit
3016 2388 3122 2442 tilia
3170 2402 3417 2456 supernae

1846 2472 2145 2530 Jerusalem
2164 2477 2207 2544 ⁸,
2223 2495 2240 2527 ι
2269 2485 2396 2531 tunc
2419 2478 2736 2547 dissipatam
2757 2477 2928 2534 fuisse
2951 2477 3272 2542 Jerusalem,
3297 2492 3419 2548 quae

1848 2568 2040 2622 umbra
2069 2578 2171 2636 est,
2199 2580 2252 2624 et
2280 2570 2582 2640 collapsum
2626 2569 2799 2626 fuisse
2827 2571 3082 2640 templum
3121 2585 3152 2624 e
3187 2569 3436 2627 mortuis.

1847 2661 2137 2716 conﬂatum
2183 2663 2488 2732 lapidibus,
2539 2673 2761 2734 propter
2809 2665 3068 2734 templum
3113 2661 3422 2718 viventibus

1847 2753 1994 2807 saxis
2049 2753 2408 2821 aediﬁcatum;
2445 2755 2575 2824 quin
2617 2763 2671 2810 et
2711 2754 3002 2810 subrutum
3039 2753 3213 2809 fuisse
3247 2754 3418 2808 altare

1846 2844 2094 2908 inferius,
2111 2847 2369 2914 quoniam
2393 2847 2612 2902 creleste
2643 2846 2834 2900 edebat
2853 2846 3097 2911 oracula,
3125 2861 3221 2916 per
3262 2859 3418 2899 veros

1845 2951 2126 2990 sacrorum
2184 2937 2323 2991 ritus
2355 2937 2594 2992 enczeuia
2628 2937 2934 2992 celebrante
2978 2937 3096 3007 ipso
3131 2937 3281 2993 Jesu.
3321 2937 3418 2992 Sin

1845 3035 2026 3079 autem
2079 3025 2232 3094 juxta
2291 3025 2531 3094 aliquam
2587 3024 3080 3094 signiﬁcationem,
3163 3024 3416 3078 homines

1845 3125 1973 3170 sunt
2002 3115 2234 3182 civitas;
2291 3118 2590 3171 etiamnum
2657 3114 3011 3186 Jerosolymis
3055 3113 3176 3185 (sic
3231 3123 3414 3168 autem

166 3217 298 3288 πον)
345 3215 700 3287 παραδίδοται
738 3216 767 3267 δ
811 3212 1038 3286 Ἰησοῦς,
1077 3212 1172 3266 καὶ
1206 3212 1256 3265 oi
1287 3209 1744 3282 ἐπαγγελλόμενοι

1848 3209 2164 3281 quicunque
2210 3220 2426 3264 terreno
2473 3211 2601 3265 huic
2653 3211 2772 3266 loco
2802 3209 3134 3276 considunt,
3171 3207 3417 3278 appello}

159 3311 264 3381 τὴν
296 3309 392 3362 τοῦ
432 3306 567 3361 Θεοῦ
603 3307 898 3378 θεραπείαν
955 3303 1217 3369 Ἰουδαῖοι,
1264 3305 1358 3358 καὶ
1383 3303 1622 3374 ὡσπερεὶ
1645 3303 1744 3373 ἀρ-

162 3422 247 3476 χιε
257 3406 370 3475 ρεῖς
385 3402 760 3472 τυγχάνοντες,
784 3399 877 3454 καὶ
893 3401 940 3453 οί
966 3398 1034 3452 τά
1062 3398 1179 3451 θεῖα
1194 3397 1502 3468 Γράμματα
1520 3394 1746 3467 αὐχοῦν-

164 3514 259 3560 τες
281 3494 584 3566 διηγεῖσθαι
608 3494 977 3566 γραμματεῖς,
1003 3490 1389 3562 κατακρίνουσι
1410 3488 1624 3559 θανάτῳ
1652 3488 1743 3541 τὸν

177 3588 410 3659 Ἰησοῦν,
441 3588 508 3640 δι’
546 3583 620 3641 ὧν
649 3585 833 3650 κακῶς
861 3585 1110 3654 λέγουσιν
1135 3584 1326 3636 αὐτόν·
1359 3582 1452 3635 καὶ
1474 3583 1573 3634 οὐκ
1599 3581 1743 3634 ἔστιν

162 3683 254 3734 ὅτε
288 3680 347 3732 οὐ
377 3679 726 3751 παραδιδόασι
758 3682 871 3742 τοῖς
895 3678 1100 3731 ἔθνεσιν
1130 3675 1358 3746 Ἰησοῦν,
1387 3673 1743 3744 ἐμπαίζοντες

167 3772 342 3843 αὐτῷ,
374 3773 467 3826 καὶ
496 3775 560 3842 τῇ
591 3769 909 3841 διδασκαλίᾳ
938 3766 1102 3821 αὐτοῦ
1134 3767 1262 3839 παρ’
1290 3767 1502 3829 αὐτοῖς’
1537 3766 1630 3819 καὶ
1659 3765 1744 3818 ἀεὶ

163 3869 290 3929 ταῖς
339 3865 611 3935 γλώσσαις
655 3862 834 3916 αὐτῶν
900 3858 1222 3932 μαστιγοῦσι
1274 3857 1373 3928 τὴν
1427 3855 1517 3910 διά
1566 3855 1742 3926 Ἰησοῦ

162 3959 404 4033 Χριστοῦ
436 3958 766 4021 θεοσέϐειαν,
793 3957 887 4010 καὶ
915 3955 1067 4008 αὐτοὶ
1105 3953 1202 4024 μὲν
1229 3951 1391 4005 αὐτὸν
1430 3949 1741 4024 σταυροῦσι,

164 4055 232 4107 δι’
269 4047 345 4106 ὧν
380 4050 852 4122 ἀναθεματίςουσι,
888 4047 982 4100 καὶ
1005 4047 1246 4117 ἀναιρεῖν
1275 4043 1490 4096 θέλουσι
1521 4041 1620 4113 τὴν
1663 4042 1741 4095 δι-

167 4145 467 4202 δασκαλίαν
506 4142 702 4198 αὐτοῦ’
732 4143 760 4193 ὁ
791 4140 869 4205 δὲ,
915 4138 1176 4212 κρείττων
1221 4135 1400 4188 αὐτῶν
1439 4133 1741 4205 τυγχάνων,

165 4242 348 4309 ὀλίγον
379 4235 636 4292 διαλιπὼν
668 4233 959 4305 ἐγείρεται,
994 4231 1090 4283 καὶ⁸
1128 4228 1234 4294 ζῶν
1261 4230 1373 4290 τοῖς
1409 4224 1652 4297 εἰληφόσι
1682 4223 1744 4277 τὸ

171 4334 389 4406 βλέπειν
447 4329 712 4401 φαίνεται.
766 4324 880 4378 Νῦν
931 4321 1039 4392 γάρ
1089 4339 1107 4371 ι
1163 4319 1246 4381 τίς
1300 4316 1516 4386 τυφλὸς,
1590 4334 1608 4366 ι
1670 4313 1744 4406 ὡς

179 4427 408 4488 Ἡσαΐας
439 4425 503 4476 ὲκ
545 4417 834 4490 προσώπου
875 4413 969 4468 τοῦ
1017 4411 1150 4465 Θεοῦ
1180 4409 1288 4481 (48)
1328 4425 1510 4480 φησιν,
1555 4425 1574 4457 ι
1623 4406 1656 4476 ἢ
1694 4405 1742 4459 οἱ

169 4519 361 4582 παῖδές
404 4533 537 4588 μου;
577 4513 670 4566 καὶ
700 4511 842 4574 τίνες
871 4506 1066 4576 κωφοὶ,
1110 4503 1222 4556 ἀλλ’
1251 4502 1284 4573 ἢ
1318 4503 1366 4554 οἱ
1402 4499 1744 4571 κυριεύοντες

1775 3299 1805 3314 ⁵
1849 3300 2014 3356 Jesus
2043 3302 2323 3372 proditur;
2354 3302 2557 3372 quique
2589 3301 2680 3357 Dei
2721 3302 2958 3357 cultores
2986 3316 3044 3355 se
3073 3299 3414 3370 proﬁtentur,

1843 3401 1898 3447 et
1927 3392 2086 3462 quasi
2141 3393 2486 3448 sacerdotum
2526 3393 2798 3462 principes
2845 3389 3046 3456 Judaei,
3081 3391 3288 3460 quique
3329 3406 3418 3444 sa-

1843 3498 1965 3539 cras
2014 3482 2326 3554 Scripturas
2376 3471 2667 3554 explanare
2723 3499 2782 3540 se
2835 3483 3139 3555 gloriantur
3191 3482 3415 3548 scribae,

1843 3573 2029 3630 Jesum
2047 3576 2207 3646 712
2225 3576 2418 3647 capitis
2436 3577 2718 3643 damnant,
2743 3591 2868 3630 cum
2896 3573 3197 3629 maledictis
3214 3589 3335 3626 eum
3354 3589 3418 3628 ac

1843 3668 2106 3724 comiciis
2183 3668 2576 3738 proscindunt;
2640 3677 2694 3723 et
2749 3667 3181 3736 quotiescunque
3227 3663 3415 3719 Jesum

1844 3759 2123 3828 ipsiusque
2176 3758 2484 3814 doctrinam
2533 3758 2674 3813 inter
2715 3765 2902 3828 gentes
2945 3757 3230 3820 derident,
3279 3771 3419 3809 nun-

1844 3865 2008 3920 quam
2049 3865 2158 3904 non
2211 3849 2317 3904 illis
2355 3865 2478 3904 eum
2516 3849 2762 3914 tradunt;
2805 3857 2860 3902 et
2893 3863 3015 3902 cum
3067 3847 3241 3917 ipsius
3282 3861 3419 3915 praes

1843 3953 1998 4012 cepta
2032 3951 2389 3998 exsecrantur
2431 3951 2484 3996 et
2516 3941 2736 3995 abolere
2769 3939 3018 4009 cupiunt,
3063 3937 3262 4009 linguis
3300 3937 3416 3991 suis

1845 4037 2052 4091 cultum
2082 4034 2193 4090 Deo
2228 4050 2324 4105 per
2351 4033 2537 4088 Jesum
2569 4031 2846 4087 Christum
2878 4028 3178 4084 exhibitum
3203 4042 3416 4097 semper

1844 4128 2153 4199 ﬂagellant,
2192 4126 2484 4195 ipsumque
2527 4122 2808 4178 Christum
2843 4120 2994 4176 cruci
3037 4120 3324 4190 sulliguut;
3359 4125 3412 4173 at

1845 4221 1930 4276 bis
1966 4221 2053 4275 ille
2088 4219 2281 4274 melior
2308 4217 2450 4271 haud
2485 4215 2656 4270 multo
2685 4221 2806 4283 post
2841 4214 3098 4282 resurgit,
3131 4213 3413 4280 visumque

1845 4311 2112 4367 assecutis
2161 4311 2348 4364 vivens
2399 4307 2754 4377 conspicitur.
2817 4301 2974 4358 Nunc
3031 4303 3176 4358 enim
3241 4320 3259 4353 ι
3292 4303 3418 4373 quis

1845 4417 2042 4468 caecus,
2076 4420 2095 4454 ι
2128 4408 2185 4454 ιιι
2219 4416 2286 4455 ex
2323 4398 2416 4452 Dei
2463 4413 2694 4468 persona
2737 4396 2814 4451 ait
2861 4393 3050 4462 Isaias,
3093 4413 3111 4444 ι
3137 4391 3242 4447 nisi
3272 4392 3416 4449 servi

1847 4497 1990 4561 mei;
2018 4502 2072 4550 et
2103 4493 2194 4563 qui
2223 4492 2398 4555 surdi,
2433 4491 2536 4546 nisi
2567 4491 2661 4560 qui
2701 4505 2890 4545 eorum
2923 4486 3314 4542 dominantur”
3338 4484 3362 4540 τ
3389 4503 3412 4539 ι

172 4577 382 4678 canini;
404 4577 436 4662 ἰ
462 4577 598 4680 Φησὶ
631 4605 741 4676 γὰρ
793 4599 930 4675 μετά
979 4596 1213 4670 μεγάλου
1268 4595 1363 4648 καὶ
1406 4589 1741 4664 προφητικοῦ

1847 4586 1984 4643 Cum
2041 4600 2240 4655 magno
2299 4583 2570 4652 siquidem
2623 4590 2677 4636 et
2732 4581 3048 4651 prophetico
3092 4577 3308 4649 ingenio
3353 4590 3420 4632 ac

172 4710 338 4784 ἤθους
368 4673 460 4759 καὶ
489 4673 832 4770 πνεύματοςο
873 4713 893 4746 ι
933 4692 995 4747 Οί
1030 4687 1221 4759 κωφοὶ,
1247 4684 1534 4747 ἀκούσατε,
1564 4684 1658 4737 καὶ
1696 4673 1763 4737 oi

1851 4680 2044 4752 spiritu
2073 4679 2149 4733 ait
2181 4677 2226 4708 ¹⁶
2253 4693 2266 4728 :
2304 4695 2320 4728 ι
2352 4674 2514 4730 Surdi
2535 4715 2551 4740 ,
2579 4673 2790 4739 audite,
2823 4681 2876 4729 et
2917 4671 3045 4727 caeci
3067 4712 3082 4739 ,
3130 4667 3419 4726 intuemini

1407 4798 1640 4856 VETUS
1679 4791 2240 4851 INTERPRETATIO

177 4918 325 4980 facti,

359 4909 694 4968 Hierusalem
723 4905 962 4961 exercitu
995 4897 1388 4960 circumdante,
1425 4895 1644 4968 quando
1677 4903 1730 4948 et
1763 4893 1915 4968 venit
1953 4889 2216 4968 tiesolatio
2253 4887 2409 4968 ejus:
2446 4891 2500 4940 et
2522 4884 2632 4965 qui.
2663 4878 3419 4968 llagellaverun‘tJesum.da—

177 4952 1208 5062 21"'iia§éii':ﬁiiir'donec
1240 4987 1258 5019 ι
1299 4952 1460 5020 intret
1488 4966 1729 5035 gentium
1775 4963 2083 5033 plenitudo;
2117 4979 2134 5040 ξ
2185 4952 2441 5039 quoniam
2487 4974 2506 5007 ι
2539 4952 2635 5026 qui
2667 4955 2895 5023 lapidem
2939 4953 3108 5034 mittit
3141 4952 3194 5004 in
3224 4952 3416 5012 altum,

801 5046 904 5062 .-.η
1030 5041 1088 5062 π.
1120 5041 1230 5062 ι...,.,.
1280 5039 1459 5062 -.....:..
1515 5035 1653 5062 tu”..-
1703 5041 1825 5062 -..πο
1881 5042 1932 5062 ..ι
1967 5031 2033 5062 nl.
2062 5031 2162 5062 :Ilm
2193 5028 2408 5062 nnulnln
2441 5027 2650 5062 ranmlnl
2694 5025 2990 5062 cnnnlllnlln
3022 5021 3109 5062 nm
3177 5030 3416 5062 trmtepnl

177 5048 339 5130 super
362 5064 523 5124 caput
550 5065 710 5130 suum
742 5048 812 5102 mi

177 5129 354 5186 autem
403 5130 467 5180 ad
513 5129 720 5192 gentes,
765 5135 822 5173 sa

1030 5021 1095 5095 Et
1111 5021 1231 5093 lucc
1277 5039 1460 5090 ouinia
1488 5021 1655 5089 “facta
1702 5021 1850 5094 sunt,
1881 5042 1939 5085 ut
1966 5021 2165 5098 abillis
2192 5021 2409 5098 quidem
2441 5021 2652 5081 recedat
2687 5021 2990 5098 speculatio
3019 5021 3133 5086 Dei,
3177 5030 3418 5075 transeat

827 5093 986 5169 ivstis
1015 5093 1266 5166 videlicet
1294 5123 1416 5162 cum
1443 5107 1694 5176 gentibus
1727 5114 1781 5158 et
1803 5093 2120 5176 «reliquiisi
2145 5093 2496 5176 Ιιιίίωιπυιῐιξ
2501 5095 2796 5176 secundum
2817 5093 3188 5176 'electionem;
3231 5105 3420 5176 {quos

179 5160 1418 5256 Triarii“:“iiiisi’lioni’i’nusSabaothreliquisset
1443 5160 1555 5230 illis
1581 5190 1790 5256 semen,
1843 5160 1985 5252 sicut
2015 5170 2251 5256 Sodoma
2296 5167 2776 5256 facti‘luisselntzl
2817 5160 3419 5256 .al‘nlailtgl‘

180 5271 434 5342 quoniam
462 5265 615 5344 sicut.
642 5259 891 5342 everriplu

183 5343 358 5396 niente
385 5353 512 5390 vero
540 5343 783 5402 priuetpe
811 5343 904 5402 sac

900 5234 1261 5308 Effc'i'iimmh
1297 5249 1522 5302 cultura:
1548 5247 1691 5315 quod
1727 5234 1883 5298 antea
1921 5239 2266 5315 implebatur,
2298 5245 2514 5315 propter
2540 5235 2782 5290 coelestia
2828 5234 3065 5315 solutum
3099 5238 3202 5294 est,
3230 5237 3284 5284 et
3305 5244 3421 5310 ἰοθ-

905 5305 1151 5378 erdotum
1183 5319 1424 5390 ligor-alis
1453 5305 1709 5390 sacerdos
1733 5305 2067 5390 cessat'it,_;et
2089 5310 2232 5390 veris
2257 5305 2664 5390 sacriﬁciisprp
2690 5313 2910 5372 peccato
2937 5305 2987 5355 in
3015 5315 3174 5390 psmn
3202 5305 3422 5390 venien:

185 5372 1382 5466 'i'iiiii's‘irlﬁi‘éiii'Qiéiiiiéiaiéd‘diaestima;
1419 5389 1499 5443 sic
1533 5387 1789 5457 quoniam
1821 5399 1944 5437 vera
1975 5379 2311 5434 Hierusalem
2341 5372 2805 5458 suscepitdesum
2839 5372 3222 5428 ascendentem
3255 5383 3420 5439 super

387 5451 413 5478 ι·
759 5471 770 5478 .
905 5468 915 5478 .
974 5466 984 5476 .
1229 5473 1240 5478 -
1354 5477 1379 5478 η
1406 5459 1543 5478 ι-ι..-.
1582 5458 1661 5478 --.ει
1688 5458 1732 5478 ι.-
1775 5455 1878 5478 ηιξ,
1932 5451 2060 5478 ρεΑ..
2121 5460 2164 5478 Α·
2205 5450 2513 5478 ηηωιιιηιιινιι
2543 5446 2646 5478 ΙὶΙια
2679 5443 3007 5478 ΙΙιιη-ιιρσιιοιη
3038 5455 3160 5478 natm
3198 5455 3418 5478 curuum

905 5443 1246 5531 iiiii'qiié’éi
1274 5443 1564 5531 gaudebat.
1582 5458 1734 5531 valde
1774 5455 1881 5508 lilia
1932 5451 2097 5531 Sion,
2120 5460 2171 5531 et
2205 5443 2517 5531 praedicavit
2543 5446 2652 5531 lilia
2676 5443 3008 5531 lli'eruslalem
3038 5455 3419 5531 qua‘sursum

186 5471 515 5551 subiugalem
558 5471 805 5542 corporis
834 5471 942 5551 sui,
973 5471 1026 5518 in
1060 5479 1129 5551 qu

187 5512 515 5551 anulus-num
558 5512 805 5542 ιον-γυιιυ
835 5512 942 5548 ι’·--ι
974 5512 1026 5518 ·--
1065 5512 1162 5532 τη
1199 5512 1244 5516 ν*
1283 5512 1368 5531 στα
1435 5512 1446 5514 ~
2031 5522 2040 5532 .
2075 5512 2097 5532 γ,
2208 5512 2220 5519 -
2826 5514 2836 5524 .
2883 5515 2890 5523 .
3233 5512 3275 5538 .‘
3353 5528 3363 5540 ,

187 5564 282 5613 est.
309 5563 434 5606 tunc
465 5547 739 5601 destructa
770 5549 854 5595 est
885 5534 1221 5613 Hierusalem
1247 5547 1368 5613 quae
1395 5527 1903 5613 fueratprimbra.‘et
1931 5523 2125 5613 cecidit
2151 5515 3428 5613 “denlnapt‘dotblﬁ'El‘or‘ltnilﬁﬁ

191 5627 575 5682 constructum,
611 5621 830 5684 propter
859 5618 1003 5676 temp

253 5744 272 5774 ³
301 5740 430 5794 Luc.
468 5749 582 5797 XXI,
611 5733 701 5786 20.
774 5730 794 5761 ⁸
827 5728 984 5780 Rom.
1020 5739 1092 5788 ιι,
1121 5720 1210 5776 25.
1288 5719 1310 5751 ⁸
1344 5719 1690 5784 Eccli.xxvu,
1716 5714 1748 5767 2

1884 5714 1904 5746 ⁶
1939 5713 2117 5784 Rom._
2140 5725 2216 5777 χι,
2244 5709 2297 5763 5.
2372 5708 2391 5740 ⁷
2417 5705 2522 5761 lsa.
2548 5721 2586 5774 ι,
2615 5706 2668 5761 9.

195 5831 314 5877 mi,
337 5811 419 5864 l9.
497 5807 540 5838 ¹⁰
566 5803 692 5860 ibid.
725 5800 812 5867 l8,
838 5798 925 5853 l9.

260 5903 363 5976 (48)
391 5898 559 5956 Θεοῦ.
579 5895 762 5954 Codex
791 5891 1013 5959 Regius,
1049 5885 1248 5959 Ἰησοῦ.

1008 5581 1710 5672 l‘uin-quo‘d—‘delapidibus
1755 5581 1893 5650 vivis
1935 5593 2112 5648 fuerat
2147 5581 2483 5662 erigendum:
2521 5581 2802 5640 Elfossum'
2827 5593 2910 5639 est
2947 5592 3127 5638 autem
3163 5590 3215 5638 et
3252 5581 3424 5636 altare

2771 5703 2792 5735 ⁸
2818 5701 2983 5759 Zach.
3009 5717 3087 5773 ix,
3113 5699 3167 5758 9.
3247 5702 3294 5767 _'
3315 5699 3420 5756 lsa.
