3954 6594
180 475 360 531 1573
1156 473 1513 532 (ΖῡΜΜΕΝΤ.
1553 473 1624 533 ΙΝ
1662 474 1788 531 ΜΑΊ

1889 473 2083 533 ΙΕΠΜ
2125 470 2363 534 TOMUS
2396 473 2535 531 XVI.
3329 470 3469 532 1374

163 600 305 656 καὶ
340 594 483 670 βάθη
519 595 654 651 Θεοῦ
687 596 779 651 καὶ
806 596 914 651 τῶν
934 572 1166 670 Γραφῶν
1189 598 1355 653 αὐτοῦ
1383 600 1457 673 μὴ
1488 599 1788 672 ἐπισταμέ-

1894 616 2015 656 rum
2064 599 2333 670 profunda
2377 595 2709 670 perscrutari
2758 596 3468 670 nesciunt,postulationis,

162 707 324 755 νοις
362 690 569 761 ζητεῖν,
609 689 864 762 ἐμφαίνει
904 687 1180 763 ἁπλότητα
1214 689 1509 757 ἀξιώσεως,
1560 694 1654 746 καὶ
1698 693 1788 764 τῆς

1897 704 1951 752 et
1982 692 2111 750 Jesu
2152 695 2218 749 ad
2257 710 2376 749 eam
2406 694 2780 766 responsionis
2813 692 3210 763 simplicitatem
3242 703 3470 749 contex-

172 780 349 853 πρὸς
388 781 557 852 αὐτὴν
584 779 681 834 τοῦ
729 779 904 852 Ἰησοῦ
945 780 1308 853 ἀποκρίσεως·
1342 785 1455 846 τοῖς
1478 782 1535 835 δὲ
1567 781 1670 837 κᾶν
1703 782 1788 834 ἐπὶ

1900 795 1986 841 tus
2018 785 2288 853 ostendit;
2318 795 2371 840 at
2399 787 2491 857 qui
2518 785 2848 856 quaestiones
2875 783 3269 856 aliquantulum
3295 784 3474 840 discu-

170 874 379 928 ποσὸν
407 872 726 944 δυναμένοις
760 869 1070 943 βασανίζειν
1119 873 1479 946 προϐλήματα
1513 875 1543 928 6
1572 872 1796 930 αὐτόθεν

176 966 613 1037 ὲμφαινόμενος
652 965 778 1029 νοῦς
827 964 1032 1039 βραχύς
1076 967 1192 1021 ἐστι
1236 967 1371 1039 (50),
1413 967 1506 1021 καὶ
1552 966 1794 1039 εὐτελὴς,

178 1057 305 1110 καὶ
350 1058 508 1112 οὐδὲν
540 1056 702 1129 ἔχων,
757 1058 991 1130 μάλιστα
1031 1061 1120 1114 ὅτε
1172 1059 1379 1130 Ἰησοῦς
1423 1060 1792 1132 ἀποκρίνεται,

178 1150 451 1222 ἁρμόζον
485 1150 650 1205 αὐτοῦ
685 1153 750 1223 τῇ
795 1152 1120 1225 μεγαλονοίᾳ
1142 1170 1154 1183 ·
1199 1151 1388 1225 ῶσπερ
1431 1152 1542 1226 γὰρ
1586 1154 1679 1208 ἐπὶ
1703 1171 1796 1208 κο-

180 1241 421 1312 σμικῆς
451 1238 726 1312 βασιλείας
749 1243 807 1295 ὲν
830 1244 1128 1315 προαγωγῇ
1156 1241 1403 1297 δοκοῦσιν
1429 1238 1567 1298 εἶναι
1594 1245 1643 1297 οἱ
1669 1261 1797 1315 συγ-

176 1329 567 1404 καθεζόμενοι
598 1330 676 1404 τῷ
716 1332 925 1404 βασιλεῖ
944 1335 1004 1387 ὲν
1032 1337 1098 1407 τῇ
1133 1334 1386 1408 βασιλικῇ
1417 1334 1604 1407 ἐσθῆτι
1632 1336 1795 1391 καθεο

180 1422 445 1496 ζομένῳ,
482 1425 575 1479 καὶ
607 1425 637 1477 6
666 1424 919 1479 τιποτοῦν
954 1424 1061 1480 τῶν
1097 1427 1198 1498 τῆς
1224 1426 1506 1499 βασιλικῆς
1532 1429 1793 1501 πραγμά-

177 1531 313 1569 των
330 1514 591 1567 διέποντυ
607 1511 750 1568 οὕτω
769 1513 917 1586 δόξῃ,
936 1515 1080 1569 κατά
1102 1517 1200 1588 τήν
1226 1516 1390 1585 λέξιν,
1412 1515 1791 1592 φανταζομένή

186 1606 229 1676 ἡ
284 1605 478 1677 μήτηρ
526 1604 635 1658 τῶν
668 1603 801 1659 υἱῶν
833 1605 1137 1672 Ζεϐεδαίου,
1169 1607 1227 1681 ἢ,
1253 1608 1329 1672 ὡς
1359 1611 1388 1663 ό
1422 1609 1648 1683 Μάρκος
1674 1610 1795 1664 ἀνέ-

185 1697 446 1768 γραψεν,
483 1697 733 1760 Ἰάκωϐος
755 1699 849 1752 καὶ
890 1699 1165 1772 Ἰωάννης,
1202 1700 1391 1769 ἀξιοῦν
1422 1703 1531 1757 ἀπὸ
1560 1702 1652 1759 τοῦ
1681 1703 1795 1757 Σω-

182 1790 370 1861 τῆρος
396 1790 458 1843 τὸ
488 1790 821 1863 καθεσθῆναι
846 1792 935 1846 τὸν
971 1793 1070 1864 μὲν
1095 1794 1281 1867 ἕτερον
1310 1797 1375 1849 ὲκ
1407 1795 1598 1862 δεξιῶν
1626 1797 1791 1853 αὐτοῦ

185 1883 256 1933 ὲν
280 1884 362 1961 *τῇ
394 1880 641 1955 βασιλείᾳ
664 1885 1044 1956 τυγχάνοντος,
1068 1886 1159 1941 τὸν
1182 1887 1239 1940 δὲ
1264 1886 1450 1942 λοιπὸν
1479 1888 1538 1957 ἐξ
1571 1890 1789 1963 ἀριστε-

1898 887 2010 934 tere
2043 881 2245 947 sciunt,
2280 880 2347 939 iis
2387 880 2520 936 levis
2563 895 2685 936 esse
2730 879 2963 946 videtur,
2993 887 3047 934 et
3096 877 3246 949 parvi
3290 878 3470 948 pretii,

1895 986 2018 1041 quae
2068 971 2198 1029 hinc
2246 973 2493 1044 exsurgit
2539 972 2829 1038 sententia,
2864 980 2918 1026 et
2959 986 3122 1041 quam
3167 970 3470 1042 praesertim

1895 1077 2021 1118 cum
2055 1077 2321 1133 responso
2345 1064 2434 1120 det
2456 1062 2639 1127 Jesus,
2670 1062 2807 1117 nihil
2840 1062 3014 1133 ipsius
3048 1061 3254 1133 ingenti
3287 1062 3472 1116 animo

1895 1168 2200 1224 congruum
2229 1155 2493 1211 continet.
2523 1153 2994 1223 Quemadmodum
3024 1153 3170 1209 enim
3197 1154 3251 1208 in
3282 1152 3468 1208 mundi

1895 1246 2126 1317 hujusce
2178 1263 2347 1319 regno
2393 1263 2669 1304 summum
2717 1246 2941 1302 honoris
2986 1246 3169 1300 locum
3218 1245 3473 1301 videntur

1894 1338 2073 1410 adepti
2103 1340 2197 1410 qui
2231 1340 2345 1412 regi
2378 1341 2433 1395 in
2465 1340 2615 1412 regio
2649 1339 2837 1396 habitu
2877 1338 3107 1406 sedenti,
3142 1339 3225 1393 vel
3255 1338 3470 1411 negotia

1893 1430 2075 1502 aliqua
2113 1431 2181 1487 ad
2229 1431 2437 1503 regium
2486 1448 2686 1487 munus
2717 1429 3044 1502 pertinentia
3068 1428 3471 1485 administranti

1893 1523 2167 1592 assident;
2218 1522 2292 1578 ita
2333 1522 2571 1578 ﬁliorum
2622 1522 2868 1579 Zebedaei
2905 1531 3102 1589 mater,
3128 1522 3467 1592 proutjuxta

1891 1615 2127 1671 litteram
2187 1615 2543 1687 intelligitur,
2597 1616 2680 1670 vel
2734 1614 3196 1685 quemadmodum
3248 1613 3469 1682 scripsit

1891 1704 2128 1772 Marcus,
2158 1704 2394 1762 Iacobus
2426 1715 2479 1762 et
2509 1704 2771 1773 Joannes,
2794 1720 2824 1760 a
2850 1704 3137 1760 Servatore
3164 1704 3470 1775 postulasse

1892 1796 2167 1862 videntur,
2211 1805 2270 1851 ut
2316 1799 2372 1852 in
2431 1798 2603 1868 ipsius
2650 1812 2819 1868 regno
2859 1798 3188 1853 constitutus
3243 1809 3386 1850 unus
3436 1808 3468 1849 a

1892 1890 2100 1947 dextris
2150 1889 2346 1962 ipsius,
2382 1890 2518 1945 alter
2565 1905 2695 1944 vero
2741 1905 2773 1944 a
2823 1889 3060 1945 sinistris
3112 1891 3325 1945 sederet
3364 1908 3377 1944 :
3411 1900 3466 1945 et

188 1958 336 2044 ρῶν·
373 1975 471 2029 καὶ
495 1975 646 2029 οὐδὲν
808 1974 877 2049 ἦν
908 1979 1230 2052 παράδοξον,
1249 1978 1479 2049 γυναῖκα
1499 1955 1788 2037 άπδάπλό-

1894 1981 2027 2037 nihil
2075 1955 2223 2038 certe
2257 1955 2453 2036 mirum
2501 1988 2620 2035 erat
2654 1995 2764 2050 pra:
2809 1979 3156 2050 simplicitate
3201 1989 3255 2035 et
3298 1980 3472 2050 impe-

182 2080 369 2135 τητος
395 2067 493 2118 καὶ
516 2065 780 2132 ἰδιωτείας
800 2068 1023 2123 τοιαῦτα
1048 2070 1292 2142 νομίζειν
1316 2069 1522 2136 ἀξιοῦν’
1550 2073 1788 2129 δεδόσθω

183 2153 278 2220 δὲ,
309 2154 395 2209 ὅτι
430 2156 525 2210 καὶ⁸
572 2158 622 2210 oi
666 2157 762 2212 δύο
792 2160 1099 2228 ἀπόστολοι,
1129 2161 1205 2225 ὡς
1238 2162 1515 2236 ἄνθρωποι
1552 2164 1632 2218 ἔτι
1664 2166 1792 2220 ἀτε-

186 2245 337 2310 λεῖς,
368 2249 464 2301 καὶ
498 2248 662 2320 μηδὲν
692 2251 942 2316 νοοῦντες
982 2252 1278 2327 βαθύτερον
1323 2256 1452 2328 περὶ
1490 2256 1591 2327 τῆς
1631 2256 1788 2328 βασι-

187 2334 358 2400 λείας
388 2339 647 2411 Χριστοῦ,
688 2341 917 2397 τοιαῦτα
956 2344 1337 2416 ὑπελάμϐανον
1368 2346 1495 2418 περ)⁸
1521 2346 1631 2401 τῶν
1658 2364 1790 2417 συγ-

190 2429 587 2502 καθεζομένων
614 2433 693 2506 τῷ
732 2435 928 2507 Ἰησοῦ·
964 2436 1103 2492 ὲπάν
1128 2438 1185 2491 δὲ
1213 2440 1307 2493 καὶ
1355 2441 1384 2494 ὁ
1429 2439 1672 2512 Ἰησοῦς,
1712 2440 1789 2505 ὡς

193 2524 744 2597 συγκατατιθέμενος
805 2527 885 2600 τῷ
946 2529 1088 2601 μέγα
1139 2526 1278 2585 εἶναι
1328 2531 1390 2585 τὸ
1457 2532 1787 2605 καθεσθῆναι

190 2632 325 2671 τινα
365 2618 434 2672 ἐκ
479 2618 669 2686 δεξιῶν
704 2622 737 2692 ἢ
786 2619 848 2687 ἐξ
880 2623 1174 2695 εὐωνύμων
1222 2624 1410 2692 αὐτοῦ,
1461 2628 1662 2699 ὲπαίρῃ
1689 2626 1787 2699 τὴν

194 2708 460 2777 ἀξίωσιν,
530 2712 623 2766 καὶ
666 2712 827 2785 λέγῃ’
884 2733 903 2766 ι
963 2716 1077 2769 Οὐκ
1114 2715 1293 2771 οἴδατε
1350 2717 1404 2771 τί
1446 2717 1707 2782 αἰτεῖσθε,
1763 2736 1783 2770 ι

194 2800 316 2855 καῖ’
352 2822 371 2854 ι
404 2804 519 2858 Οὐκ
547 2803 697 2859 ἔστιν
725 2806 858 2878 ἐμὸν
878 2806 1079 2873 δοῦναι,
1103 2808 1215 2863 ἀλλ’
1236 2802 1317 2873 οἷς
1334 2809 1661 2881 ἡτοίμασται
1683 2809 1788 2864 ὐπὸ

191 2893 296 2947 τοῦ
331 2896 544 2967 Πατρός
574 2886 964 2970 μου,ιζητήσαι
997 2917 1082 2964 τις
1109 2898 1176 2953 ἂν
1202 2900 1423 2965 συνετὸς
1448 2900 1621 2954 δοκῶν
1650 2897 1788 2955 εἶναι

192 2986 482 3059 ἀκροατὴς
520 2990 619 3061 τῆς
665 2990 909 3063 Γραφῆς,
960 2991 1014 3044 τί
1061 2990 1311 3063 βούλεται
1359 2992 1421 3046 τὸ
1462 2990 1787 3057 καθέζεσθαι

193 3081 265 3134 ἐκ
295 3079 488 3145 δεξιῶν
517 3082 551 3155 ἢ
585 3081 644 3149 ἐξ
672 3083 969 3155 εὐωνύμων
1018 3083 1190 3156 Ἰησοῦ
1215 3087 1273 3138 ὲν
1309 3087 1375 3155 τῇ
1408 3085 1655 3158 βασιλείᾳ
1685 3087 1787 3141 αὐ-

194 3172 318 3227 τοῦ.
354 3174 469 3228 Καὶ
503 3175 640 3246 πρὸς
688 3176 816 3241 τοὺς
850 3175 1337 3249 ὑπολαμϐάνοντας
1384 3195 1448 3248 γε
1502 3178 1790 3251 περιεργό-

191 3278 361 3335 τερον
386 3265 535 3336 ἡμᾶς
576 3264 748 3320 ταῦτα
789 3265 994 3337 ζητεῖν,
1031 3266 1323 3321 συνακτέον
1361 3266 1430 3321 τά
1463 3268 1592 3340 περὶ
1630 3267 1789 3323 καθίο

1890 2074 2016 2129 ritia
2046 2072 2354 2130 decrevisse
2388 2072 2671 2128 mulierem
2708 2072 2820 2128 haec
2848 2087 2971 2127 esse
2996 2072 3340 2142 postulanda.
3362 2070 3469 2128 De—

1888 2181 2015 2222 mus
2039 2174 2296 2237 praeterea
2325 2165 2465 2222 duos
2512 2165 2821 2235 apostolos,
2861 2174 3047 2236 utpote
3093 2166 3343 2220 homines
3372 2164 3468 2220 ad-

1889 2258 1997 2314 huc
2045 2256 2428 2329 imperfectos,
2478 2272 2655 2328 neque
2705 2257 3003 2329 quidquam
3059 2257 3351 2313 sublimius
3401 2257 3469 2312 de

1888 2364 2057 2421 regno
2082 2347 2283 2405 Christi
2314 2349 2648 2422 cogitantes,
2681 2350 2809 2405 talia
2855 2350 2923 2406 de
2952 2349 3022 2405 iis
3054 2349 3146 2420 qui
3177 2347 3304 2404 Jesu
3329 2347 3470 2404 assi-

1887 2442 2036 2507 dent,
2067 2441 2171 2497 sibi
2203 2440 2462 2509 ﬁnxisse;
2493 2451 2550 2497 at
2579 2442 2839 2513 quoniam
2873 2441 3032 2497 Jesus
3065 2441 3181 2511 ipse
3207 2454 3467 2512 magnum

1887 2534 2016 2604 quid
2038 2550 2160 2590 esse
2186 2534 2525 2600 concedens,
2574 2551 2605 2591 a
2649 2535 2855 2591 dextris
2900 2534 3207 2591 sinistrisve
3238 2534 3353 2590 suis
3384 2548 3469 2589 se-

1887 2625 2037 2693 dere,
2066 2626 2349 2698 petitionis
2380 2627 2814 2700 magnitudinem
2862 2627 3094 2695 extollit,
3134 2635 3188 2682 et
3223 2625 3353 2681 dicit
3372 2625 3420 2658 “
3450 2642 3469 2681 :

1892 2732 1912 2765 ι
1948 2711 2183 2771 Nescitis
2210 2715 2342 2786 quid
2381 2717 2597 2786 petatis,
2628 2736 2647 2769 ι
2675 2725 2730 2772 et
2754 2732 2769 2769 :
2798 2735 2818 2769 ι
2852 2715 2972 2772 Non
2998 2726 3083 2773 est
3111 2731 3291 2772 meum
3316 2716 3468 2783 dare,

1887 2805 1982 2861 sed
2008 2805 2208 2877 quibus
2232 2816 2483 2877 paratum
2505 2816 2591 2864 est
2618 2824 2647 2863 a
2684 2807 2843 2865 Patre
2869 2823 3012 2873 meo,
3054 2828 3074 2862 ι
3099 2819 3293 2865 acutus
3322 2806 3473 2864 Scri-

1885 2904 2060 2967 ptum
2110 2896 2329 2953 auditor
2371 2913 2496 2954 esse
2545 2898 2648 2953 sibi
2699 2898 2891 2955 videns
2924 2899 3126 2970 aliquis
3151 2941 3166 2967 ,
3206 2899 3469 2970 quidnam

1886 2987 1992 3043 sibi
2024 2988 2176 3053 velit,
2209 3004 2241 3044 a
2271 2989 2479 3045 dextris
2523 2988 2674 3053 Jesu,
2712 2989 2876 3063 714
2920 2991 3006 3046 vel
3051 3006 3082 3046 a
3128 2990 3368 3046 sinistris
3413 2990 3470 3045 in

1883 3079 2057 3150 ipsius
2092 3095 2257 3152 regno
2278 3081 2485 3146 sedere,
2510 3081 2826 3153 postulabit.
2852 3082 3008 3137 Acin
3035 3097 3223 3137 eorum
3248 3082 3466 3152 quidem

1887 3171 2119 3241 gratiam
2156 3172 2250 3244 qui
2302 3174 2418 3229 hate
2465 3173 2625 3228 anxie
2670 3174 2838 3229 nimis
2870 3189 2935 3229 ac
2981 3174 3196 3229 curiizse
3229 3188 3260 3227 a
3309 3173 3471 3227 nobis

1890 3265 2123 3336 disquiri
2166 3275 2379 3337 putant,
2434 3265 2736 3337 colligenda
2784 3274 2914 3323 sunt
2953 3281 3076 3337 quae
3114 3265 3182 3321 de
3225 3263 3344 3329 Dei,
3384 3264 3471 3319 vel

378 3314 858 3430 assam:
872 3314 1119 3430 6έῶξῆ
1132 3314 1779 3431 assumeret,

1893 3314 2123 3336 ην---
2167 3314 2379 3337 ,_-_-.-,
2438 3314 2736 3337 “mo”.--
2784 3314 2913 3323 μ-.-
2957 3314 3075 3337 γ..
3117 3314 3181 3321 __
3226 3314 3343 3329 η-.

1889 3356 2093 3413 Christi
2131 3357 2379 3414 sessione
2405 3358 2607 3429 scripta
2637 3364 2884 3422 exstant,
2919 3366 2981 3412 ut
3009 3372 3075 3411 ex
3106 3369 3293 3411 eorum
3320 3354 3386 3413 ad
3414 3353 3470 3408 id

196 3444 425 3519 βασάνῳ
451 3448 560 3503 τῶν
601 3451 681 3513 εἰς
722 3450 879 3504 τοῦτο
921 3451 1327 3523 συναγομένων,
1359 3451 1453 3505 καὶ
1484 3450 1783 3523 παραθέσει

194 3538 384 3595 αὐτῶν
416 3541 554 3614 πρὸς
603 3541 846 3615 ἄλληλα,
896 3543 1173 3597 ἀνατεῖλαι
1217 3542 1419 3615 δυνηθῇ
1466 3543 1694 3614 μέγεθός
1729 3560 1782 3598 τι

195 3632 470 3706 δόγματις
486 3634 595 3689 ἀπὸ
616 3634 981 3710 ἁπλουστέρου
999 3634 1443 3708 παραδείγματος
1463 3633 1779 3707 λήφθέντος*

194 3722 315 3782 οἷον
356 3729 416 3781 ὲν
476 3729 574 3799 μὲν
623 3730 689 3800 τῇ
750 3730 910 3803 τρίτῃ
954 3729 1064 3783 τῶν
1116 3727 1410 3782 Βασιλειῶν
1449 3728 1778 3800 γέγραπται,

197 3820 283 3875 ὅτι
308 3815 430 3873 εἶπε
472 3820 746 3892 Μιχαίας*
789 3839 808 3874 ι
844 3818 998 3875 Εἶδον
1043 3821 1175 3876 Θεὸν
1219 3821 1436 3894 Ἰσραὴλ
1478 3822 1785 3894 καθήμενον

200 3914 300 3968 ἐπὶ
337 3913 528 3987 θρόνου
564 3914 751 3980 αὐτοῦ,
785 3916 878 3970 καὶ
913 3916 1063 3969 πᾶσα
1096 3917 1129 3988 ἡ
1170 3915 1400 3987 στρατιά
1418 3915 1512 3970 τοῦ
1551 3913 1784 3988 οὐρανοῦ

199 4005 336 4077 περὶ
364 4006 528 4059 αὐτὸν
550 4008 614 4059 ὲκ
630 4004 818 4071 δεξιῶν
843 4005 1007 4061 αὐτοῦ
1030 4005 1126 4059 καὶ
1150 4004 1210 4073 ἐξ
1230 4004 1523 4077 εὐωνύμων
1541 4004 1727 4070 αὐτοῦ,
1760 4024 1779 4057 ι

200 4098 301 4152 καὶ
338 4098 411 4152 τὰ
453 4097 611 4170 ἐξῆςο
651 4100 708 4153 ὲν
743 4098 801 4152 δὲ
836 4100 902 4171 τῇ
950 4098 1184 4172 δευτέρᾳ
1214 4097 1322 4152 τῶν
1368 4097 1785 4170 Παραλειπομέ-

200 4210 312 4250 νων
351 4195 381 4246 ὁ
426 4191 588 4257 αὐτὸς
633 4191 875 4264 Μιχαίας
915 4193 1049 4264 φησὶ
1099 4192 1457 4265 παραπλήσια
1486 4190 1697 4256 τούτοις
1728 4192 1786 4244 ὲν

198 4284 311 4357 τῷθ
353 4304 374 4337 ι
416 4285 710 4340 ’Δκούσατε
741 4285 899 4354 λόγον
942 4285 1173 4358 Κυρίου.
1206 4280 1360 4340 Εἶδον
1390 4283 1594 4357 Κύριον
1621 4283 1789 4357 καθή-

204 4395 368 4451 μενον
400 4377 494 4431 ἐπὶ
526 4377 715 4450 Θρόνου
747 4376 905 4448 δόξης
938 4377 1101 4433 αὐτοῦ
1141 4378 1275 4449 (5|),
1320 4378 1414 4433 καὶ
1447 4380 1595 4432 πᾶσα
1627 4377 1786 4432 δύνα-

207 4488 302 4543 μις
329 4469 423 4524 τοῦ
470 4469 701 4543 οὐρανοῦ
738 4472 981 4544 εἱστήκει
1020 4473 1084 4526 ὲκ
1130 4471 1319 4538 δεξιῶν
1351 4470 1540 4539 αὐτοῦ,
1584 4472 1680 4525 καὶ
1723 4469 1784 4535 ἐξ

1887 3451 2243 3507 eollectorum
2270 3452 2542 3518 examine,
2583 3460 2636 3507 et
2683 3449 2915 3506 invicem
2962 3448 3403 3519 comparatione,
3438 3462 3471 3502 e

1886 3540 2099 3612 prolato
2149 3541 2471 3612 simpliciori
2519 3540 2771 3611 exemplo
2821 3540 3107 3596 sententiae
3152 3537 3471 3608 magnitudo

1885 3632 2178 3690 eluceseat.
2198 3632 2369 3701 Quale
2396 3633 2527 3689 illud
2543 3643 2627 3690 est
2649 3634 2794 3705 quod
2818 3635 2976 3690 tertio
2996 3630 3248 3704 Reguoru
3257 3648 3305 3686 ru
3329 3632 3438 3688 seri
3453 3661 3469 3674 -

1885 3732 2039 3795 ptum
2092 3728 2278 3781 exstat‘
2314 3727 2381 3794 “,
2411 3725 2614 3782 dixisse
2661 3724 2941 3782 Michaeam
2987 3743 3001 3780 :
3049 3743 3068 3777 ι
3125 3723 3248 3780 Vidi
3299 3724 3469 3779 Deum

1889 3816 2057 3875 Israel
2106 3820 2382 3876 sedentem
2429 3834 2594 3889 super
2637 3817 2836 3874 solium
2869 3832 3052 3880 suum,
3082 3826 3137 3872 et
3163 3814 3344 3871 omnis
3373 3830 3472 3871 ex—

1889 3910 2095 3967 ercitus
2127 3910 2251 3967 coeli
2285 3910 2550 3966 assistens
2592 3908 2643 3963 ei
2690 3924 2721 3963 a
2762 3907 2969 3963 dextris
3000 3916 3055 3962 et
3085 3921 3116 3961 a
3148 3904 3408 3972 sinistris,
3443 3921 3466 3957 ι

1887 4010 1943 4057 et
1970 4010 2196 4070 caetera;
2242 4011 2299 4058 et
2345 4002 2399 4057 in
2448 4000 2692 4058 secundo
2737 4000 3185 4069 Paralipomenon
3222 3998 3307 4053 his
3356 3998 3472 4057 fere

1888 4096 2195 4153 consimilia
2226 4095 2359 4152 dicit
2387 4096 2530 4151 idem
2558 4093 2813 4149 Michaeas
2846 4092 2933 4148 his
2964 4091 3147 4147 verbis
3183 4091 3229 4124 "
3258 4111 3271 4145 ς
3300 4110 3319 4142 ‹
3355 4091 3472 4148 Au-

1886 4189 1997 4245 dite
2024 4190 2253 4245 verbum
2302 4188 2540 4245 Domini.
2575 4178 2700 4242 Vidi
2749 4185 3043 4241 Dominum
3093 4184 3369 4241 sedentem
3410 4184 3467 4240 in

1884 4280 2023 4337 solio
2056 4280 2358 4351 majestatis
2386 4295 2532 4347 suae,
2561 4288 2619 4336 et
2650 4278 2831 4335 omnis
2864 4275 3300 4333 exercituseteli
3328 4276 3471 4332 assi-

1883 4376 2060 4432 stebat
2102 4375 2150 4430 ei
2193 4390 2224 4430 a
2270 4372 2481 4429 dextris
2521 4382 2575 4428 et
2615 4388 2646 4427 a
2692 4370 2955 4436 sinistris,
2990 4388 3009 4421 ι
3051 4376 3119 4423 et-
3152 4375 3373 4423 caetera.
3410 4365 3468 4422 ln

1883 4468 2025 4524 Isaia
2079 4475 2261 4524 autem
2311 4467 2573 4538 scriptum
2598 4473 2682 4522 est
2714 4464 2802 4516 “:
2846 4480 2866 4514 ι
2901 4460 2968 4517 Et
3015 4460 3220 4517 factum
3272 4469 3358 4516 est
3411 4459 3469 4515 in

1417 4612 1643 4670 VETUS
1680 4610 2122 4667 INTERPRETA
2133 4610 2252 4665 T10

209 4761 386 4837 tiones
416 4761 689 4818 discutere
716 4772 968 4837 possunt,
999 4760 1405 4837 proluntliorget
1439 4762 1700 4837 spiritalis
1733 4760 2042 4837 ostenditur
2082 4760 2410 4837 intellectus.
2446 4756 2550 4826 Qui
2583 4771 2713 4827 ergo
2762 4751 3236 4837 hin.c_osteuditur
3272 4764 3470 4837 sensus

211 4832 397 4904 brevis
424 4841 480 4886 et
511 4822 1094 4904 contcm'ptibilis'ést,
1119 4843 1173 4890 et
1215 4834 1350 4888 nihil
1394 4822 1601 4891 habens
1648 4848 1927 4901 magnum.
1985 4831 2151 4904 Sicut
2181 4832 2332 4904 enim
2372 4822 2941 4904 inrvregno'muudiali
2992 4824 3045 4878 iu
3078 4822 3303 4904 .honnre
3349 4836 3472 4904 esse

209 4902 465 4976 videntur
487 4904 579 4976 qui
624 4898 815 4976 sedent
851 4920 975 4960 cum
1006 4898 1132 4976 rege
1173 4905 1380 4960 sedenti
1408 4904 1463 4960 in
1493 4914 1644 4961 veste
1666 4898 1857 4975 regali,
1888 4913 1943 4958 et
1986 4902 2194 4976 aliquid
2241 4902 2504 4976 regalium
2545 4898 2887 4976 negotiorum
2913 4898 3092 4966 agenti
3121 4912 3133 4947 :
3170 4898 3464 4976 sicmt'uater

213 4973 447 5029 ﬁliorum
491 4962 770 5040 Zebedaei,
816 4962 1115 5032 secundum
1171 4976 1471 5045 simplicem
1504 4976 1627 5032 dico
1670 4962 1913 5040 textum,
1945 4962 2485 5045 videt-uripostulare
2520 4962 2908 5045 a__S_alva_tore_,
2951 4962 3008 5019 ut
3050 4978 3193 5045 unus
3234 4962 3468 5045 ﬁliorum

217 5032 1057 5118 suorumsedeatad'dexteram
1087 5046 1236 5118 ejus,
1274 5032 1413 5118 alter
1453 5046 1519 5102 ad
1552 5047 1831 5103 sinistram
1881 5032 1935 5099 in
1981 5032 2394 5118 regnoipsius._
2417 5041 2481 5097 Et
2520 5040 2656 5094 nihil
2694 5038 2797 5094 fuit
2824 5038 3050 5118 mirum,
3076 5034 3142 5118 lsi.
3180 5032 3466 5118 mulierlex

215 5100 465 5187 muliebri
495 5100 954 5187 simplicitatevel
991 5100 1260 5185 impe'ritia
1293 5100 1421 5172 talia
1451 5100 1649 5173 debere
1675 5100 1736 5173 se
1750 5100 1939 5187 petere
1974 5100 2327 5187 existimavit.
2360 5112 2509 5187 Pone
2538 5121 2719 5187 autem
2744 5108 3004 5187 quoniam
3040 5100 3466 5187 ehipsinﬁfglljtfg

216 5171 691 5259 secundttnt_quod
722 5171 938 5243 Marcus
963 5171 1206 5259 exponit,
1229 5171 1667 5259 quasihomines
1686 5171 1995 5259 constituti,
2020 5195 2075 5241 et
2096 5185 2277 5259 adhuc
2303 5181 2627 5259 imperfecti,
2664 5189 2716 5236 et
2747 5171 2893 5259 nihil
2914 5178 3081 5230 altum
3105 5171 3468 5259 intelligeptes

214 5239 475 5324 διιὴέεᾴηο
498 5239 737 5323 Christi,
756 5239 1664 5328 insaniit-aii'iﬂﬁiﬁe’liigﬁai
1695 5239 2114 5328 serlebuut'cum
2138 5255 2268 5311 Jesu
2298 5239 2464 5328 {quid
2496 5239 2743 5328 dicemus
2772 5251 2839 5304 de
2865 5243 3140 5328 Jesuhqui
3169 5239 3468 5328 ostendens

216 5309 471 5400 sagina
511 5309 2015 5400 es;sedaiefsiings'h'asia-anisisaginam
2033 5309 2224 5385 suam.
2247 5309 2390 5380 mna
2420 5322 2869 5400 ροειυιξιιίοηρηι,
2901 5326 2957 5400 et
2985 5309 3117 5400 dicit
3142 5332 3154 5367 ε
3182 5309 3468 5400 magis

214 5383 335 5467 quid
366 5398 596 5468 petatis;
629 5418 648 5450 ι
676 5383 768 5457 et:
808 5383 987 5454 (Non.
1016 5383 1101 5455 est
1135 5383 1327 5455 meum
1348 5383 1485 5454 dare
1512 5383 1696 5464 vobis,
1729 5398 1823 5455 sed
1873 5398 2074 5467 quibus
2110 5383 2363 5468 paratum
2396 5383 2492 5468 e'st
2521 5411 2551 5468 a
2586 5392 2745 5446 Patre
2771 5388 2952 5468 _meo?
2982 5406 3000 5438 ι
3031 5383 3465 5468 Quaeretaaulent

214 5451 300 5539 qui
318 5451 555 5541 sapiens
576 5451 660 5541 est
691 5451 1420 5541 auditor—scripturas,quid
1432 5451 1509 5526 sit
1527 5451 1718 5525 sedere
1731 5451 1821 5524 ad”
1839 5451 2083 5541 dextram
2101 5451 2241 5541 glesu
2270 5477 2324 5541 et
2349 5466 2419 5541 ad
2452 5464 2732 5541 sinistram
2770 5462 2823 5516 in
2864 5471 3033 5541 regno
3059 5454 3202 5541 ejus.
3223 5451 3300 5541 lit
3317 5464 3466 5541 ξομε

214 5530 461 5594 veniebat
489 5540 708 5610 quidem
739 5530 1071 5614 congregare
1101 5530 1372 5613 quae-sunt
1400 5543 1604 5613 scripta
1633 5542 1699 5595 de
1732 5540 2071 5596 sessionibus
2098 5538 2213 5605 Dei,
2240 5538 2324 5594 vel
2363 5536 2586 5600 Christi,
2615 5542 2673 5588 ut
2700 5548 2766 5587 ex
2805 5537 3038 5587 tractatu
3069 5539 3281 5591 eorum,
3310 5530 3367 5577 et
3394 5534 3464 5580 ex

278 5680 325 5713 '°
359 5678 550 5736 Matth.
586 5698 678 5746 xx,
702 5682 795 5748 22,
827 5681 918 5738 23.
996 5684 1038 5715 "
1075 5682 1141 5737 lll
1177 5681 1310 5756 Reg.
1347 5701 1489 5754 χχιι,
1523 5683 1611 5741 19.
1684 5684 1728 5715 ²¹
1752 5681 1788 5737 ll

1889 5682 2004 5742 tral.
2037 5697 2195 5748 xvm,
2226 5680 2313 5735 i8.
2391 5681 2437 5712 "
2468 5677 2573 5735 lsa.
2603 5692 2678 5744 v1,
2715 5674 2769 5730 1.

283 5801 402 5890 (5οὶ
437 5804 598 5890 Νοῦς
638 5805 885 5890 ,βραχῷςῇ
923 5783 1075 5890 ἐρισι,
1115 5805 1461 5890 ἐιοεῧγνριιιεγ
1488 5786 1778 5890 interpres,

1889 5877 1929 5890 ..
1957 5806 2070 5890 ΕΗ)
2100 5805 2235 5890 Ῑβπῖ
2265 5804 2482 5890 θρδντὲῐζ
2506 5800 2698 5890 δείξῃς
2713 5790 3468 5890 αἶ’ῗίῗῦξ,9ἒῖ⁵;ῩέῈ9)ῗ.δῗῗῖ

225 5891 244 5948 ε
277 5862 596 5948 prolundior
635 5862 705 5948 et,
735 5862 996 5947 spiritalis
1044 5862 1348 5948 ostenditur
1391 5862 1715 5936 intellectus.
1742 5862 1778 5931 ἶ

1889 5877 1930 5932 ll
1959 5862 2378 5948 Paralip._xviu,
2420 5874 2504 5939 18,
2529 5862 2862 5948 ’έπῖθρόνου
2901 5862 3330 5948 αὐτοῦ’-ἑστήκει
3362 5862 3466 5917 ha-

224 5938 524 6019 Mgenduni
561 5938 828 6022 susplcor,
856 5948 977 6014 νοῦς
1001 5948 1061 6003 οὐ
1097 5947 1318 6027 βραχύς.
1347 5948 1610 6010 Hunnus.

1889 5950 1978 6005 bet
2003 5938 2167 6005 editio
2187 5946 2398 6017 Compl.
2419 5964 2434 6010 ;
2467 5945 2688 6015 reliqua:
2708 5938 3065 6015 παρεστήκει.
3091 5938 3169 5994 lo.
