3954 6528
566 301 705 358 1385

2011 295 2332 352 ORIGENIS

3677 273 3804 341 l38i

566 418 786 490 aliquis,
809 425 933 472 vota
965 431 1062 472 sua
1097 415 1281 470 omnia
1311 414 1541 470 Domino
1569 415 1743 471 reddit
1775 429 1958 470 coram
1979 414 2131 468 omni

2237 413 2361 468 λαοῦ
2406 411 2590 468 αὐτοῦ.
2638 410 2833 482 Σαφῶς
2870 410 2930 464 δὲ
2976 409 3211 475 ἐδίδαξεν
3249 413 3308 464 ὲν
3352 409 3584 474 τούτοις,
3642 411 3724 462 ὅτι
3756 411 3812 465 τὸ

564 513 764 584 populo
805 511 943 581 ejus.
989 509 1308 580 Martyrium
1357 517 1537 563 autem
1583 524 1704 564 esse
1757 509 1983 564 calicem
2037 510 2141 562 hoc

565 600 684 669 ipso
722 599 898 668 palam
955 596 1080 652 fecit
1133 597 1281 667 quod
1324 599 1505 652 statim
1562 606 1683 668 post
1733 597 1959 653 calicem
2011 599 2142 653 sub-

558 692 740 762 junxit
768 706 780 742 :
814 708 833 741 ι
873 689 1116 744 Pretiosa
1154 690 1206 743 in
1256 699 1550 758 conspectu
1585 689 1800 744 Domini
1834 706 1984 746 mors
2014 706 2142 745 sano

564 793 777 838 ctorum
808 782 948 852 ejus.
988 800 1005 832 ι
1051 781 1192 836 Duas
1233 790 1415 836 autem
1445 781 1765 853 martyrium
1798 783 2144 852 signiﬁcatio-

564 890 662 929 nes
695 873 1144 943 comprehendit,
1183 888 1417 942 quarum
1465 873 1632 928 altera
1683 874 1825 928 calix
1886 875 2143 930 salutaris

563 969 890 1039 appellatur;
919 969 1025 1022 alia
1064 977 1244 1021 autem
1274 1007 1288 1031 ,
1336 967 1640 1036 baptisma;
1672 977 1726 1022 et
1754 976 2028 1038 quatenus
2061 968 2142 1022 la-

563 1061 724 1116 bores
751 1061 948 1129 aliquis
998 1060 1251 1124 sustinet,
1289 1059 1430 1113 calix
1462 1066 1544 1114 est
1571 1058 1640 1112 ab
1671 1074 1737 1114 eo
1776 1058 2015 1114 ebibitus
2046 1060 2140 1130 qui

565 1154 711 1208 illata
743 1152 846 1208 sibi
874 1151 1055 1205 omnia
1085 1149 1307 1220 perfert,
1337 1151 1554 1204 dolores
1581 1151 1831 1220 suscipit,
1881 1166 1945 1206 ac
1974 1152 2141 1206 veluti

564 1245 767 1308 haurit,
795 1258 1000 1314 eosque
1028 1259 1128 1297 nec
1158 1243 1389 1312 repellit,
1448 1257 1624 1312 neque
1656 1243 1851 1312 rejicit,
1889 1245 1969 1299 vel
2013 1259 2143 1300 evo-

565 1339 698 1401 mit;
749 1337 1017 1406 baptisma
1063 1343 1243 1389 autem
1295 1345 1421 1400 est,
1454 1345 1724 1405 quatenus
1760 1337 2141 1392 remissionem

563 1438 911 1499 peccatorum
943 1427 1300 1497 adipiscitur,
1325 1431 1418 1497 qui
1450 1428 1590 1483 mala
1625 1431 1880 1483 sustinet.
1907 1429 1963 1482 Si
1995 1430 2139 1485 enim

564 1529 910 1590 peccatorum
935 1519 1307 1573 remissionem
1334 1519 1618 1588 pollicetur
1637 1521 1928 1590 baptisma,
1951 1537 2139 1591 quem-

563 1612 857 1666 admodum
871 1611 1262 1680 accepimusde
1283 1611 1605 1680 baptismate
1619 1613 1672 1666 in
1691 1629 1834 1683 aqua
1851 1623 1906 1668 et
1923 1615 2138 1684 spiritu;

564 1704 944 1758 remissionem
999 1712 1180 1757 autem
1237 1713 1587 1771 peccatorum
1654 1705 1855 1774 recepit
1912 1706 2138 1770 itidem,

564 1795 729 1866 719
771 1796 864 1865 qui
907 1795 1152 1866 martyrii
1199 1794 1464 1863 baptisma
1518 1795 1752 1865 perfert;
1814 1799 2137 1868 martyrium

563 1903 696 1943 sane
722 1897 864 1943 recte
898 1887 1167 1956 baptisma
1207 1885 1311 1941 dici
1341 1896 1517 1956 potest
1552 1905 1565 1942 :
1619 1899 1838 1958 peccata
1873 1899 2052 1944 autem
2087 1891 2134 1946 ei

561 1979 787 2040 remitti,
832 1978 924 2048 qui
970 1979 1287 2050 martyrium
1345 1980 1570 2048 patitur,
1617 1979 1742 2035 inde
1801 1981 1972 2051 liquet
2028 1982 2072 2013 δ’
2121 2000 2135 2037 :

566 2088 586 2122 ς
623 2068 815 2126 Omnis
843 2071 935 2140 qui
964 2071 1308 2126 conﬁtebitur
1337 2087 1422 2125 me
1445 2088 1628 2127 coram
1654 2073 1992 2137 hominibus,
2017 2090 2141 2129 con-

562 2162 753 2217 ﬁtebor
791 2171 845 2216 et
890 2178 991 2232 ego
1023 2163 1172 2217 illum
1207 2178 1393 2218 coram
1426 2162 1586 2218 Patre
1621 2179 1744 2219 meo
1774 2165 1866 2235 qui
1903 2165 1957 2220 in
1985 2166 2139 2222 caelis

559 2263 663 2309 est.
699 2273 716 2306 ι
745 2253 943 2309 Coram
971 2254 1128 2310 Patre
1155 2271 1282 2310 vero
1311 2270 1412 2310 suo
1443 2256 1537 2326 qui
1571 2257 1624 2310 iu
1655 2257 1809 2313 C(elis
1830 2267 1916 2313 est
1943 2275 2140 2314 unum-

560 2362 833 2416 quemque
862 2349 1150 2402 conﬁtetur
1181 2346 1463 2415 Servatur,
1496 2349 1589 2418 qui
1618 2365 1675 2404 se
1706 2348 1871 2406 fuerit
1918 2350 2137 2408 confes-

559 2454 676 2505 sus,
711 2440 926 2494 etiamsi
973 2448 1098 2494 ante
1139 2439 1542 2496 confessionem
1595 2443 1888 2511 cujuslibet
1929 2445 2137 2514 peccati

559 2545 686 2584 reus
717 2531 853 2595 erit;
881 2546 1006 2584 nam
1037 2531 1082 2584 si
1113 2531 1404 2600 cujuslibet
1435 2535 1638 2602 peccati
1679 2550 1804 2590 reos
1832 2550 1941 2591 non
1971 2551 2138 2607 agno-

559 2630 694 2687 seet,
727 2621 871 2675 haud
901 2637 1090 2676 verum
1115 2623 1220 2677 erit
1241 2623 1371 2678 illud
1402 2643 1414 2678 :
1455 2644 1473 2676 ι
1515 2623 1705 2681 Omnis
1733 2642 1864 2697 ergo
1890 2629 1982 2698 qui
2014 2644 2139 2684 con-

560 2711 799 2767 ﬁtebitur
829 2728 937 2776 me,
991 2732 1011 2764 ι
1049 2722 1103 2768 et
1131 2724 1344 2770 caetera.
1380 2713 1497 2772 Non
1528 2715 1772 2773 futurum
1808 2730 1987 2774 autem
2018 2721 2137 2777 exi-

557 2807 745 2868 stimo,
773 2815 831 2861 ut
871 2806 1111 2876 cujusvis
1143 2823 1299 2863 noxa:
1325 2825 1476 2864 reum
1509 2826 1692 2866 coram
1722 2811 1880 2869 Patre
1905 2829 2008 2870 suo
2040 2815 2133 2885 qui

555 2898 612 2952 in
648 2899 803 2954 cretis
829 2909 916 2954 est
959 2898 1264 2968 Sospitator
1290 2900 1650 2971 conﬁteatur;
1689 2905 1834 2961 illius
1864 2907 2133 2976 siquidem

554 2988 848 3058 confessio,
900 3006 1024 3046 cum
1075 2992 1243 3047 libere
1284 3002 1338 3048 et
1380 2995 1636 3051 audacter
1680 2997 1917 3068 aliquem
1946 3015 2132 3055 coram

554 3085 716 3142 Patre
735 3088 1028 3143 conﬁtetur
1052 3095 1106 3142 et
1145 3088 1412 3156 agnoscit,
1442 3090 1709 3159 ejusmodi
1743 3102 1845 3157 est,
1878 3093 2036 3163 quasi
2066 3109 2130 3148 ea

551 3194 738 3234 coram
770 3179 932 3235 Patre
959 3179 1303 3250 confessione
1329 3182 1528 3253 dignus
1560 3185 1630 3239 sit
1669 3186 1762 3253 qui
1797 3187 2129 3256 agnoscitur.

554 3271 632 3327 Ne
659 3289 760 3328 nos
783 3284 965 3328 autem
997 3283 1358 3340 commoveat,
1395 3277 1539 3345 quod
1571 3279 1714 3347 apud
1737 3277 1976 3335 Marcum
2008 3281 2135 3335 Ser-

551 3373 708 3418 vator
735 3367 958 3420 calicem
991 3367 1143 3431 bibit,
1177 3379 1232 3424 et
1258 3369 1588 3440 baptismate
1625 3370 1970 3441 baptizatur;
2007 3388 2132 3427 cum

551 3455 697 3510 enim
720 3456 962 3514 Joannes
993 3477 1011 3509 ‹
1041 3461 1189 3516 venit
1211 3462 1265 3516 in
1295 3478 1514 3517 omnem
1537 3463 1812 3533 regionem
1845 3465 2130 3520 ﬁnitimam

550 3546 829 3616 Iordanis,
861 3552 1165 3622 praedicans
1208 3555 1538 3624 baptismum
1577 3557 1908 3626 prenitentiaa
1955 3560 2008 3613 in
2041 3577 2128 3615 re-

551 3643 872 3700 missionem
923 3653 1272 3716 peccatorum
1316 3645 1384 3713 ”,
1437 3665 1457 3699 ι
1503 3647 1571 3702 ad
1596 3645 1860 3704 Joannem
1911 3665 2129 3721 quoque

2245 503 2500 576 ποτήριόν
2552 507 2696 557 ἐστιν
2724 503 2836 574 (58)
2866 503 2894 554 6
2921 499 3216 570 ἐπαγαγὼν
3247 505 3361 565 τοῖς
3401 501 3543 555 κατὰ
3572 501 3636 553 τὸ
3662 501 3813 572 mf:

2245 609 2360 664 ριον
2418 593 2497 645 τό·
2547 611 2567 644 ‹
2599 591 2790 662 Τίμιος
2837 591 3078 644 ἐναντίον
3115 591 3320 663 Κυρίου
3376 593 3405 644 ὁ
3454 591 3686 656 θάνατος
3717 592 3814 644 τῶν

2242 686 2402 742 ὁσίων
2431 686 2616 740 αὐτοῦ.
2634 706 2651 736 ι
2686 687 2763 757 Τῇ
2794 685 2848 738 δὲ
2873 685 3086 756 ἐπινοίᾳ.
3110 685 3171 738 τὸ
3203 685 3505 757 μαρτύριον
3531 685 3630 739 δύο
3655 686 3810 744 ἐστὶν.

2243 773 2318 833 ὧν
2338 780 2399 832 τὸ
2429 779 2524 850 μὲν
2553 778 2610 831 ἓν
2635 778 2879 832 καλεῖται
2916 779 3176 848 ποτήριον
3212 779 3505 849 σωτηρίου,
3529 778 3592 829 τὸ
3625 778 3682 830 δὲ
3722 777 3808 828 λοι-

2243 874 2343 928 πὸν
2374 873 2675 944 βάπτισμα·
2707 871 2802 925 καὶ⁹
2841 869 2976 925 καθὸ
3017 871 3116 941 μὲν
3149 871 3410 941 ὑπομένει
3455 887 3540 933 τις
3572 871 3706 932 τοὺς
3731 870 3812 920 πὸς

2243 983 2384 1029 νους,
2427 964 2682 1036 ποτήριόν
2712 964 2860 1016 ἐστιν
2889 963 3244 1033 ὲκπινόμενον
3285 962 3392 1014 ὐπὸ
3422 961 3518 1014 τοῦ
3567 961 3813 1032 φέροντος

2243 1061 2422 1117 πάντα
2452 1059 2518 1113 τὰ
2549 1058 2933 1130 προσαγόμενα
2962 1061 3041 1122 είς
3071 1057 3284 1120 ἑαυτὸν,
3323 1056 3812 1126 ἁναλαμὸάνοντος,

2243 1157 2336 1208 καὶ
2368 1153 2529 1206 οἱονεὶ
2557 1151 2804 1216 πίνοντος
2832 1151 2931 1214 τὰς
2979 1150 3295 1221 ἀλγηδόνας,
3335 1149 3428 1202 καὶ
3462 1148 3538 1219 μὴ
3573 1146 3812 1200 ἀπωθου-

2245 1247 2406 1318 μένου
2429 1246 2618 1310 αὐτάς,
2647 1245 2779 1316 μηδὲ
2813 1243 3225 1308 ἁποὸάλλοντος,
3258 1243 3351 1296 καὶ
3381 1240 3667 1312 ἐμοῦντος·
3695 1241 3814 1294 καΰὸ

2241 1340 2297 1392 δὲ
2346 1341 2536 1408 ἄφεσιν
2600 1337 2865 1409 λαμϐάνει
2927 1337 3338 1409 ἁμαρτημάτων
3393 1339 3422 1388 6
3487 1335 3813 1405 ὑπομείνας,

2245 1431 2530 1502 βάπτισμά
2597 1433 2778 1483 ἐστιν·
2841 1429 2890 1482 εί
2955 1429 3063 1499 γὰρ
3141 1428 3201 1481 τὸ
3273 1428 3556 1498 βάπτισμα
3635 1428 3817 1494 ἄφεσιν

2243 1523 2654 1595 ἁμαρτημάτων
2722 1521 3145 1590 ἐπαγγέλλεται,
3217 1517 3400 1584 καίὼς
3475 1519 3813 1592 παρειλήφει

2246 1633 2344 1687 μεν
2395 1616 2522 1686 περὶ
2571 1612 2666 1666 τοῦ
2720 1614 2778 1668 ὲν
2835 1611 2986 1666 ὐδατι
3032 1613 3124 1665 καὶ
3175 1611 3442 1682 πνεύματι
3502 1610 3815 1680 βαπτίσμα-

2243 1725 2352 1771 τος,
2404 1706 2597 1776 ἄφεσιν
2640 1703 2698 1757 δὲ
2759 1703 3023 1774 λαμϐάνει
3071 1705 3476 1775 ἁμαρτημάτων
3537 1704 3642 1755 καὶ
3691 1703 3721 1754 ὁ
3764 1702 3815 1755 τὸ

2241 1801 2334 1855 τοῦ
2382 1799 2676 1872 μαρτυρίου
2726 1797 3022 1870 ὑπομείνας
3070 1797 3376 1868 βάπτισμαο
3428 1796 3719 1868 βάπτισμα
3762 1794 3815 1848 τὸ

2243 1891 2540 1965 μαρτύριον
2563 1891 2796 1959 εὐλόγως
2811 1890 3009 1958 λέγοιτ’
3042 1889 3105 1943 άν
3130 1906 3142 1918 ·
3163 1890 3245 1943 ὅτι
3267 1889 3323 1942 δὲ
3349 1889 3544 1958 ἄφεσις
3573 1891 3816 1960 ἁμαρτη-

2242 1985 2424 2056 μάτων
2440 1985 2646 2053 γίνεται
2664 1983 2774 2053 (59)
2794 1981 2869 2052 τῷ
2884 1981 2944 2035 τὸ
2959 1979 3252 2052 μαρτύριον
3269 1980 3647 2049 ὑπομείναντι,
3664 1980 3814 2049 δῆλον

2239 2078 2303 2131 ὲκ
2334 2075 2425 2130 τοῦ
2450 2092 2462 2106 ·
2498 2095 2516 2126 ι
2560 2076 2674 2138 Πᾶς
2706 2073 2764 2137 ὃς
2797 2073 2894 2126 ἐὰν
2926 2072 3236 2144 ὁμολογήσῃ
3269 2074 3324 2124 ἐν
3357 2073 3476 2142 ἐμοὶ
3510 2071 3813 2143 ἔμπροσθεν

2236 2169 2345 2222 τῶν
2377 2167 2701 2240 ἀνθρώπων,
2724 2165 3044 2238 ὁμολογήσω
3075 2163 3228 2233 κάγὼ
3256 2165 3312 2216 ὲν
3339 2163 3483 2235 αὐτῷ
3507 2157 3814 2235 ἔμπροσθεν

2235 2261 2330 2314 τοῦ
2365 2259 2580 2332 Πατρός
2609 2276 2709 2329 μου
2739 2257 2833 2311 τοῦ
2863 2261 2920 2311 ὲν
2947 2261 3058 2321 τοῖς
3089 2257 3355 2329 οὐρανοῖς.
3390 2275 3409 2308 ›
3453 2257 3740 2327 Ὁμολογεί
3761 2257 3815 2310 δὲ

2237 2351 2543 2425 ἔμπροσθεν
2585 2349 2679 2404 τοῦ
2725 2353 2782 2404 ὲν
2834 2353 2946 2414 τοῖς
2993 2351 3240 2422 οὐρανοῖς
3286 2349 3494 2421 Πατρὺς
3543 2352 3575 2403 ὁ
3628 2351 3812 2420 Σωτὴρ

2237 2448 2413 2502 πάντα
2443 2445 2533 2499 τὸν
2565 2444 2993 2517 ὁμολογήσαντα,
3034 2444 3137 2498 κᾶν
3169 2442 3306 2515 τύχῃ
3336 2442 3444 2514 πρὸ
3472 2443 3573 2513 τῆς
3624 2440 3811 2513 ὁμολο-

2237 2541 2362 2610 γίας
2396 2540 2506 2613 (60)
2555 2538 2835 2594 ὁτιποτοῦν
2885 2535 3142 2612 ἁμαρτών
3166 2554 3179 2566 ο
3215 2539 3264 2589 εί
3307 2535 3417 2607 γὰρ
3453 2537 3582 2599 τοὺς
3603 2538 3810 2589 ὁτιποτ-

2235 2632 2329 2687 οὖν
2359 2633 2782 2705 ἁμαρτήσαντας
2830 2630 2929 2700 οὐχ
2959 2628 3299 2700 ὁμολογήσει,
3347 2631 3446 2682 οὐκ
3491 2628 3647 2682 ἔσται
3678 2627 3809 2697 ἁλη-

2237 2728 2327 2792 θὲς
2351 2728 2436 2781 τό·
2470 2747 2488 2778 ι
2517 2726 2632 2789 Πᾶς
2663 2720 2755 2778 οὖν
2781 2725 2930 2788 ὅστις
2962 2723 3284 2794 ὁμολογήσει
3308 2725 3366 2775 ὲν
3395 2723 3537 2793 ἐμοὶ,
3575 2741 3593 2774 ι
3621 2724 3716 2776 καὶ
3745 2723 3806 2775 τὰ

2235 2819 2377 2890 ἑξῆς.
2428 2820 2541 2874 Οὐκ
2587 2813 2738 2888 οἶμαι
2783 2817 2828 2870 δ’
2871 2816 2951 2869 ὃτι
2995 2815 3302 2887 ἔμπροσθεν
3332 2814 3426 2868 τοῦ
3469 2817 3525 2869 ἐν
3568 2817 3806 2888 οὐρανοῖς

2235 2911 2446 2983 Πατρός
2474 2909 2794 2984 ὁμολογήσει
2836 2910 2864 2961 6
2890 2906 3078 2978 Σωτὴρ
3109 2908 3200 2960 τὸν
3232 2906 3604 2978 ὁποιῳποτοῦν
3631 2909 3803 2978 ἔνοχον

2235 3002 2622 3074 ἁμαρτήματι·
2660 2997 3169 3070 παρρησιαζομένου
3201 2996 3310 3069 γὰρ
3341 2995 3569 3051 ἐνώπιον
3604 2996 3804 3067 Πατῴς

2235 3098 2382 3149 ἐστιν
2431 3096 2465 3165 ἡ
2517 3090 2776 3163 ὁμολογία
2821 3091 2914 3143 ἐπὶ
2960 3087 3035 3160 τῷ
3083 3089 3520 3160 ὁμολογουμένῳ,
3556 3091 3634 3154 ὼς
3679 3091 3804 3160 ἀξίῳ

2233 3189 2330 3259 τῆς
2362 3187 2456 3240 ἐπὶ
2485 3185 2578 3239 τοῦ
2608 3185 2820 3256 Ila-:96;
2855 3182 3162 3255 ὁμολογίας.
3198 3183 3290 3254 Μὴ
3325 3183 3555 3237 σαινέτω
3580 3185 3636 3237 δὲ
3667 3185 3803 3255 ἡμᾶς

2231 3281 2280 3332 εί
2308 3279 2336 3331 ὁ
2366 3277 2554 3350 Σωτὴρ
2587 3275 2738 3348 παρὰ
2778 3275 2854 3346 τῷ
2884 3274 3094 3346 Μάρκῳ
3131 3274 3222 3326 καί¹
3253 3273 3315 3326 τὸ
3354 3277 3612 3347 ποτήριον
3646 3277 3798 3338 πίνει,

2231 3371 2326 3424 καὶ
2353 3370 2414 3423 τὸ
2439 3369 2718 3440 βάπτισμα
2743 3365 3058 3439 βαπτίζεται
3083 3384 3096 3396 ⁸
3124 3367 3216 3421 καὶ
3245 3365 3354 3437 γάρ
3381 3368 3546 3438 ήνίκα
3568 3369 3598 3420 ὁ
3639 3366 3800 3420 Ἰωάν-

2230 3481 2327 3534 νης
2367 3481 2386 3514 ι
2421 3458 2582 3534 ἦλθεν
2612 3463 2691 3524 εἷς
2720 3462 2900 3513 πᾶσαν
2931 3458 3233 3530 περίχωρον
3268 3457 3362 3511 τοῦ
3410 3457 3673 3530 Ἰορδάνου
3706 3476 3796 3527 κη-

2237 3557 2449 3630 ρύσσων
2485 3553 2764 3625 βάπτισμα
2809 3551 3091 3623 μετανοίας
3120 3552 3198 3614 εἰς
3219 3550 3412 3619 ἄφεσιν
3441 3551 3739 3622 ἁμαρτιῶν,
3774 3569 3790 3600 ι

2235 3652 2330 3706 καὶ
2373 3648 2578 3722 Ἰησοῦς
2605 3645 2962 3718 παραγίνεται
2989 3643 3124 3717 πρὸς
3155 3645 3244 3698 τὸν
3284 3645 3558 3716 Ἰωάννην,
3588 3644 3674 3698 τοῦ
3697 3643 3797 3713 βαρ

1753 3791 1985 3850 VETUS
2022 3789 2605 3848 INTERPRETATIO.

547 3945 667 3988 cem
717 3931 972 4002 salutaris
1021 3931 1306 4002 accipiam,
1340 3940 1394 3988 et
1429 3947 1624 3988 nomen
1662 3933 1875 3989 Domini
1924 3936 2208 3991 invocabo.
2245 3934 2377 3990 Vota
2408 3948 2527 3988 mea
2556 3932 2788 3988 Domino
2818 3931 3042 4002 reddam
3076 3929 3130 3984 in
3163 3936 3460 4002 conspectu
3492 3926 3671 3982 omnis
3701 3940 3788 3996 po-

551 4003 660 4067 puli
724 4002 862 4070 ejus.
939 3999 1182 4057 Pretiosa
1219 4005 1270 4057 in
1306 4013 1598 4073 conspectu
1630 4002 1845 4058 Domini
1874 4021 2022 4060 mors
2051 4017 2363 4061 sanctorum
2391 4005 2531 4073 ejus.
2566 4025 2584 4056 »
2627 4002 2765 4057 Nihil
2799 4001 2944 4056 enim
2994 4001 3214 4073 dignum
3257 3999 3484 4052 reddere
3515 4011 3787 4073 possumus

555 4065 666 4143 Deo
692 4065 792 4143 pro
825 4073 1082 4128 omnibus
1111 4074 1269 4128 bonis
1297 4090 1419 4143 qua:
1444 4065 1574 4128 fecit
1614 4073 1667 4128 in
1703 4077 1881 4139 nobis,
1924 4077 2025 4130 nisi
2065 4087 2126 4130 ut
2152 4077 2376 4132 calicem
2407 4065 2700 4129 salutarem
2732 4081 2980 4142 prompte
3005 4071 3354 4143 accipiamus,
3375 4077 3440 4143 et
3467 4065 3660 4143 nomen

549 4138 1057 4215 mini-invocemus,
1090 4153 1148 4198 ut
1196 4138 1473 4215 possimus
1515 4146 1934 4213 magnanimiter
1964 4147 2148 4202 bibere
2178 4163 2302 4201 eum
2336 4164 2349 4200 :
2392 4147 2445 4199 in
2482 4160 2590 4215 quo
2628 4138 2860 4198 bibendo
2892 4138 3228 4215 votanostra
3257 4140 3540 4215 reddimus
3567 4138 3781 4191 Domino

547 4214 602 4266 in
649 4221 945 4283 conspectu
991 4215 1170 4268 omnis
1200 4209 1388 4282 populi
1427 4213 1570 4282 ejus.
1611 4209 1907 4270 'Manil‘este
1945 4226 2125 4270 autem
2169 4215 2408 4271 ostendit
2441 4209 2610 4270 in'his
2655 4215 2912 4284 quoniam
2947 4213 3084 4284 calix
3115 4209 3436 4277 martyrium
3474 4220 3580 4272 est,
3624 4224 3684 4284 ex
3722 4222 3777 4260 eo

549 4285 693 4350 quod
725 4280 909 4338 statim
941 4296 1160 4352 propter
1189 4280 1418 4338 bibitum
1450 4280 1673 4340 calicem
1699 4287 1926 4350 addidit,
1952 4288 2033 4340 sic
2060 4305 2073 4340 :
2112 4307 2129 4338 ι
2161 4287 2407 4341 Pretiosa
2447 4287 2500 4339 in
2527 4280 2820 4353 conspectu
2858 4282 3070 4337 Domini
3095 4289 3594 4353 morshsanctorum
3617 4280 3770 4353 ejus»

547 4349 837 4429 Intellectu_
859 4349 1057 4429 autem
1078 4369 1240 4429 omne
1275 4355 1594 4429 martyrium
1624 4357 1817 4429 duplex
1849 4349 1952 4429 est,
1983 4372 2216 4429 quorum
2249 4372 2416 4410 unum
2446 4349 2681 4429 vocatur
2703 4355 2844 4408 calix
2881 4352 3156 4429 salutaris,
3184 4350 3452 4429 reliquum
3485 4358 3662 4429 autem

548 4425 767 4492 ptisma.
801 4423 867 4476 Et
897 4426 996 4496 hoc
1032 4425 1248 4493 quidem
1290 4417 1435 4496 quod
1454 4424 1581 4496 quis
1614 4417 1813 4494 perfert
1837 4417 2073 4489 dolores,
2108 4428 2246 4480 calix
2283 4437 2366 4481 est
2392 4441 2553 4496 quem
2584 4426 2727 4478 bibet
2749 4425 2925 4496 omnis
2957 4423 3051 4496 qui
3121 4417 3363 4496 sustinet
3385 4422 3571 4473 omnia
3603 4419 3696 4474 sibi
3723 4417 3775 4469 il-

547 4491 686 4566 lata,
712 4510 812 4548 nec
842 4491 1166 4566 rejicit,__nec
1187 4491 1388 4566 evomit
1416 4491 1627 4564 aliquid
1650 4511 1836 4548 eorum
1865 4498 2047 4566 :unod
2077 4507 2256 4550 autem
2285 4491 2486 4565 quis'in
2514 4496 2765 4563 passione
2793 4494 3165 4566 remissionem
3195 4491 3394 4566 accipit
3419 4499 3771 4566 peccatorum,

547 4564 848 4637 baptismus
874 4573 974 4617 est.
1012 4564 1069 4637 Si
1098 4565 1241 4637 enim
1273 4561 1574 4633 baptismus
1603 4561 1986 4637 indulgentiam
2023 4561 2365 4634 peccatorum
2403 4561 2686 4635 promittit,
2717 4567 2857 4637 sicut
2877 4564 3210 4637 accepimus
3243 4561 3773 4637 de_bap_tisr_no_aquae

545 4641 600 4686 et
633 4633 857 4706 spiritus
883 4650 895 4685 :
921 4634 1298 4706 remissionem
1329 4631 1507 4688 autem
1535 4637 1725 4703 accipit
1755 4631 2118 4704 peccatorum,
2141 4647 2196 4690 et
2221 4638 2311 4706 qui
2344 4631 2582 4706 martyrii
2617 4636 2844 4704 suscipit
2877 4631 3205 4702 baptismum
3237 4650 3249 4685 :
3282 4631 3400 4684 sine
3419 4631 3594 4706 dubio
3619 4633 3769 4706 ipsum

546 4703 866 4775 martyrium
904 4704 1298 4775 rationabiliter
1331 4707 1629 4774 baptismus
1655 4701 1974 4775 appellatur.
2013 4701 2281 4772 Quoniam
2309 4701 2499 4760 autem'
2529 4701 2782 4760 remissio
2821 4708 2878 4758 tit
2908 4701 3250 4775 peccatorum
3282 4701 3432 4775 omni
3470 4704 3770 4770 martyrium

547 4771 1227 4846 sustinenti,manifestum
1254 4784 1336 4830 est
1362 4771 1426 4829 ei
1459 4791 1522 4829 eo
1550 4771 1702 4846 quod
1725 4771 1797 4830 ait
1824 4795 1837 4831 :
1873 4797 1891 4828 ‹
1921 4771 2112 4832 Omnis
2150 4778 2242 4846 qui
2275 4778 2562 4831 confessus
2591 4777 2749 4832 fuerit
2779 4790 2864 4846 me
2892 4771 3076 4828 coram
3106 4771 3438 4846 hominibus,
3463 4782 3520 4825 et
3539 4788 3639 4840 ego
3663 4787 3772 4846 con-

546 4843 738 4918 fitebor
773 4843 825 4896 in
857 4843 950 4918 illo
981 4859 1164 4918 coram
1197 4843 1354 4918 Patre
1384 4861 1504 4899 meo
1528 4842 1621 4916 qui
1652 4856 1735 4901 est
1766 4847 1818 4900 in
1849 4849 2019 4902 cretis.
2054 4867 2072 4897 ι
2109 4842 2412 4918 Conﬁtetur
2443 4861 2573 4917 ergo
2611 4862 2799 4918 coram
2833 4845 2990 4899 Patre
3028 4859 3128 4918 suo
3165 4843 3414 4918 Salvator
3439 4857 3660 4896 omnem
3692 4842 3771 4918 ιιρτ

544 4915 745 4967 minem
779 4913 872 4982 qui
902 4912 1189 4969 confessus
1221 4915 1382 4970 fuerit
1405 4908 1750 4970 eum'coram
1782 4918 2118 4978 hominibus.
2154 4920 2255 4972 etsi
2285 4917 2389 4972 fuit
2425 4908 2549 4970 ante
2572 4916 2964 4972 confessionem
2994 4915 3174 4982 aliqua
3199 4913 3416 4982 habens
3458 4926 3700 4982 peccata.
3724 4908 3769 4962 Si

543 4985 689 5058 enim
721 4981 816 5038 eos
843 4985 935 5054 qui
979 4985 1156 5058 aliqua
1196 4985 1459 5040 habentes
1494 4997 1711 5054 peccata
1739 4989 1971 5043 confessi
2009 4997 2156 5052 sunt,
2189 5003 2296 5041 non
2318 4989 2605 5042 confitetur
2623 4995 2678 5040 et
2704 4987 2956 5058 Christus
2980 4981 3162 5038 coram
3197 4981 3355 5036 Patre
3385 4981 3510 5048 suo,
3542 4985 3769 5058 jam_nou

542 5057 647 5109 erit
680 5071 864 5108 verum
904 5055 1048 5128 quod
1082 5057 1253 5109 dixit:
1294 5075 1312 5106 ι
1343 5057 1532 5128 omnis
1561 5057 1653 5128 qui
1688 5072 1774 5112 me
1804 5058 2098 5128 confessus
2130 5058 2317 5122 fuerit,
2354 5076 2371 5108 ι
2405 5066 2703 5128 etczetera.
2747 5056 2896 5128 Alias
2927 5065 3106 5109 autem
3138 5063 3480 5124 peccatorem
3529 5054 3708 5107 nescio
3731 5054 3767 5104 si

541 5128 830 5180 conﬁtetur
877 5127 1128 5181 Christus
1174 5141 1357 5180 coram
1409 5126 1591 5182 Patre'
1619 5143 1738 5182 suo.
1786 5127 2074 5184 Confessio
2122 5129 2268 5184 enim
2307 5128 2402 5182 ﬁlii
2438 5127 2719 5198 gloriantis
2761 5136 2844 5182 est
2873 5126 2926 5181 in
2952 5133 3245 5195 conspectu
3273 5133 3503 5193 paterno
3540 5132 3770 5194 supereo

613 5265 656 5297 “
684 5264 872 5320 Matth.
897 5279 952 5327 κ,
976 5265 1068 5322 52,
1142 5265 1188 5298 ⁸⁸
1213 5265 1345 5321 Luc.
1376 5284 1457 5333 ιιι,
1491 5268 1544 5322 '5.

609 5381 719 5448 (58)
765 5382 860 5435 Ἐν
883 5384 1132 5450 τούτοις,
1164 5385 1252 5438 ὅτι
1285 5385 1350 5439 τὸ
1391 5383 1675 5452 ποτήριόν
1698 5386 1849 5439 ἐστι.
1880 5383 1991 5442 Nos
2017 5386 2108 5442 hic

540 5455 862 5506 asteriscqu
905 5455 1238 5516 infersimus.
1274 5465 1460 5510 contra
1491 5457 1648 5509 ﬁdem
1684 5473 1816 5510 mss.
1852 5456 1915 5509 ll.
1949 5469 2002 5510 et
2034 5457 2102 5513 Β.

538 5519 845 5598 ξτοεριιιίυιη
878 5524 1022 5578 enim
1054 5543 1066 5578 :
1097 5525 1178 5578 ὃτι
1221 5525 1286 5598 τὸν
1327 5527 1582 5597 ποτήριον
1637 5525 1937 5598 μαρτύριόν
1966 5529 2100 5581 ἐστι.

543 5588 706 5644 Vetus
735 5591 1020 5661 interpres,
1056 5613 1074 5645 ‹
1116 5597 1400 5652 manifeste
1433 5588 1610 5651 autem
1637 5588 1894 5651 'os'tendit
1929 5597 1985 5651 in
2019 5598 2105 5652 bis

535 5661 792 5736 quoniam
825 5663 960 5736 calix
992 5667 1309 5736 martyrium
1342 5675 1442 5722 est.
1477 5686 1494 5718 ι
1524 5666 1786 5722 Hunnus.

602 5729 716 5802 (59)
751 5731 869 5786 ’Ότι
899 5732 967 5786 δὲ
1011 5729 1224 5804 ἀφεὰις
1264 5737 1693 5808 ἀμαρττυιιίτων
1723 5739 1966 5809 γίνεται,
1994 5745 2097 5792 etc.

2215 5387 2583 5444 Tertullianus
2607 5387 2658 5442 in
2691 5384 2987 5455 Apologet.,
3013 5397 3131 5452 cap.
3159 5383 3258 5450 50;
3279 5381 3593 5453 Cyprianus
3623 5382 3763 5450 epist.

2217 5459 2312 5525 73;
2340 5458 2594 5528 Prosper.
2620 5458 2711 5512 lib.
2741 5456 2885 5528 Sent.
2918 5455 2970 5508 in
3001 5455 3130 5521 M9;
3158 5455 3500 5528 Augustinus
3526 5455 3652 5528 libr.
3682 5467 3762 5506 xm

2213 5522 2306 5582 ne
2328 5522 2615 5595 civithci,
2649 5543 2765 5598 cap.
2786 5527 2850 5598 77,
2882 5534 2935 5580 ct
2957 5540 3139 5598 serm._
3163 5526 3231 5598 ιε
3251 5522 3337 5578 ’ὓε
3378 5522 3558 5579 Verbis
3589 5533 3760 5593 αρσιι..

2211 5609 2265 5655 et
2291 5599 2527 5654 Thomas
2556 5594 2635 5663 ιιι,
2664 5594 2832 5668 (ι.’87,
2863 5612 2912 5668 ιι.
2949 5596 2998 5668 l,
3023 5595 3168 5668 οδε.
3209 5594 3282 5650 In.

2283 5673 2396 5743 (60)
2429 5669 2612 5727 Codex
2637 5665 2856 5740 Regius,
2883 5665 3276 5737 ὀμολογήσεως,
