3954 6528
178 388 353 445 ιδεε
1128 378 1525 452 cumnam.
1568 393 1633 449 IN
1672 393 2091 452 nummum
2132 396 2369 455 renus
2413 398 2549 455 xvr.
3339 409 3481 467 isse

173 507 621 599 πτιώῆναιρὑ
643 511 832 579 αὐτοῦ,
859 515 1023 568 οίονεὶ
1046 516 1446 592 ἀπολουόμενος
1466 522 1535 578 τὰ
1557 524 1789 596 ἡμέτερα

1905 522 2115 578 accedit
2155 521 2339 587 Jesus,
2370 530 2431 577 ut
2457 523 2528 577 ab
2560 522 2679 593 ipso
2703 523 3043 593 baptizetur;
3077 526 3233 596 quasi
3258 538 3478 598 peccata

173 598 607 672 ἁμαρτήματα,
643 602 709 656 ἶν’
741 607 906 677 ἡμεῖς
933 609 1030 661 καὶ
1056 608 1136 680 τῷ
1166 611 1375 685 λουτρῷ
1417 614 1583 668 αὑτοῦ
1628 615 1789 670 καθα-

1904 624 2093 671 nostra
2116 615 2186 670 ab
2206 630 2272 670 eo
2296 616 2630 680 eluerentur,
2662 626 2719 671 ut
2745 631 2847 671 nos
2873 631 2969 686 per
3004 617 3175 687 ipsius
3199 620 3476 675 lavacrum

177 688 519 783 ρισθῶμεν·
576 692 777 763 μᾶλλον
823 696 881 750 δὲ
927 699 1247 770 ἐμφαίνεται
1300 704 1363 757 τὸ
1415 705 1789 779 καθαρίζεσθαι

1901 707 2361 773 emnndaremur;
2409 708 2541 778 quin
2593 708 2776 779 potius
2814 707 2886 763 ob
2925 708 3102 779 ipsum
3154 712 3478 783 martyrium

171 782 360 850 ἡμᾶς
399 786 495 837 ἐπὶ
526 785 605 858 τῷ
640 791 929 864 μαρτυρίῳ
957 794 1127 865 αὐτῷ,
1157 796 1293 852 καθὸ
1323 799 1645 867 ὲὸαπτίζετο
1673 803 1789 859 ἀνα-

1901 796 2185 852 emundari
2225 812 2330 853 nos
2369 808 2615 869 apparet,
2657 814 2768 870 quo
2812 800 3082 870 susceptis
3113 802 3348 870 peccatis
3378 820 3479 858 no-

431 879 591 951 ἠμῶν
633 881 733 946 τὰς
760 885 1057 957 ἁμαρτίας,
1085 889 1172 943 ίνα
1202 891 1374 957 αὐτὰς
1400 891 1552 969 ’λύσῃ
1580 898 1675 950 καὶ
1705 897 1789 967 ἀφ’

1901 889 2031 946 stris
2063 889 2467 961 baptizabatur,
2501 899 2561 946 ut
2590 892 2659 946 iis
2685 906 2787 949 nos
2813 908 2879 947 ac
2909 891 3036 947 item
3063 908 3124 948 se
3153 894 3475 950 exsolveret.

174 968 387 1060 ἡμῶν,
414 973 509 1026 και
538 975 631 1044 ἀφ’
657 976 882 1031 ἑαυτοῦ·
906 979 1096 1054 διόπερ
1132 1001 1151 1034 ‹
1183 982 1213 1035 δ
1242 984 1503 1052 ἀπέθανε,
1528 968 1594 1060 τῇ
1622 989 1789 1060 ἁμαρ-

1900 979 2131 1050 ldeirco,
2184 1002 2205 1035 ι
2247 983 2395 1054 quod
2431 997 2682 1040 mortuus
2722 994 2825 1049 est,
2853 992 3076 1056 peccato
3107 993 3296 1042 nostro
3326 1001 3478 1042 mer-

171 1058 289 1132 τεᾳ
327 1065 512 1134 ήμῶν,
556 1085 575 1118 ι
609 1068 731 1122 ἐπεὶ
764 1072 925 1137 αὐτὸς
955 1072 1194 1128 ἀπέθανε
1223 1078 1289 1149 τῇ
1338 1058 1592 1151 ἁμαρτίᾴή
1623 1058 1685 1134 οὗ

1899 1082 2028 1129 tuus
2065 1083 2151 1130 est
2188 1074 2256 1143 “,
2291 1095 2311 1128 ι
2368 1076 2813 1147 quandoquidem
2861 1091 2968 1132 non
3006 1092 3129 1144 suo,
3160 1078 3254 1133 sed
3284 1087 3479 1134 nostro

173 1153 429 1224 ἑαυτοῦ,
455 1157 593 1214 ἀλλὰ
618 1164 684 1234 τῇ
719 1163 964 1237 ἡμετέρᾳ
989 1182 1003 1196 ·
1029 1165 1084 1219 sf
1100 1183 1163 1236 γε
1187 1167 1333 1239 ἔχειν
1364 1170 1520 1241 λόγον
1541 1172 1602 1225 τὸ
1625 1172 1789 1227 τοιοῦ-

1899 1177 2124 1238 peccato
2164 1178 2413 1224 mortuus
2441 1177 2545 1225 est.
2580 1169 2737 1236 Quod
2769 1171 2814 1228 si
2852 1170 2985 1227 illud
3019 1172 3214 1227 rationi
3245 1185 3480 1228 consen-

170 1263 290 1300 τον
331 1250 484 1317 δόξαι
505 1254 636 1317 τισὶ,
656 1255 948 1311 πεπώκασι
968 1258 1025 1313 δὲ
1049 1261 1306 1332 ποτήριον
1324 1264 1417 1317 καὶ
1437 1262 1498 1316 τὸ
1520 1263 1789 1337 βάπτισμα

1899 1260 2002 1315 tire
2034 1259 2280 1328 videtur;
2316 1260 2543 1316 calicem
2573 1276 2705 1317 sane
2729 1262 3035 1327 ebibcrunt,
3072 1270 3125 1318 et
3153 1262 3481 1332 baptismate

176 1341 614 1417 ἐϐαπτίσθησαν
643 1346 694 1399 οἱ
722 1346 817 1400 τοῦ
843 1349 1124 1406 Ζεϐεδαίου
1150 1352 1275 1416 υίοὶ,
1302 1355 1533 1427 ἐπείπερ
1555 1356 1789 1428 Ἡρώδης

1899 1353 2154 1423 baptizati
2190 1363 2321 1409 sunt
2353 1353 2444 1408 filii
2487 1352 2754 1417 Zebedaai,
2784 1354 3045 1424 quoniam
3091 1352 3336 1411 Herodes
3382 1353 3477 1410 Ja-

187 1438 309 1508 μὲν
368 1440 689 1496 ἀπέκτεινεν
741 1442 998 1499 Ἰάκωϐον
1041 1447 1132 1500 τὸν
1174 1448 1419 1502 Ἰωάννου
1458 1450 1789 1521 μαχαίρᾳ’ὁ

1899 1447 2096 1504 cubum
2122 1444 2350 1502 Joannis
2375 1445 2596 1500 fratrem
2625 1446 2809 1516 gladio
2849 1446 3123 1501 interemit
3156 1446 3203 1478 "
3230 1465 3245 1501 :
3278 1446 3480 1501 Roma-

177 1526 250 1581 es
318 1529 609 1602 Ῥωμαίων
661 1531 935 1602 βασιλεὺς,
972 1536 1049 1602 ὡς
1096 1540 1129 1610 ὴ
1165 1539 1464 1612 παράδοσις
1512 1540 1624 1611 (δι)
1655 1541 1789 1596 διδά-

1899 1555 2096 1595 norum
2126 1548 2307 1595 autem
2338 1540 2501 1609 720
2525 1540 2837 1609 imperator,
2868 1539 3330 1609 quemadmodum
3356 1555 3479 1611 per-

182 1639 350 1687 σκει,
384 1624 704 1679 κατεδίκασε
733 1627 826 1682 τὸν
864 1628 1116 1701 Ἰωάννην
1160 1632 1541 1705 μαρτυροῦντα
1581 1633 1669 1689 διὰ
1704 1635 1789 1689 τὸν

1899 1631 2048 1688 bibet
2075 1631 2316 1696 traditio,
2356 1629 2617 1686 Joannem
2642 1632 2884 1685 veritatis
2913 1632 3136 1686 verbum
3163 1632 3476 1687 testimonio

178 1716 300 1786 τῆς
328 1717 590 1788 ἀληθείας
621 1719 777 1790 λόγον
812 1724 893 1786 είς
925 1723 1148 1794 Πάτμον
1179 1725 1280 1797 τὴν
1314 1725 1498 1796 νῆσον.
1545 1727 1789 1785 Διδάσκει

1899 1740 2002 1779 suo
2034 1723 2480 1792 comprobantem
2527 1724 2582 1778 in
2634 1722 2862 1779 Patmon
2911 1723 3146 1778 insulam
3195 1724 3473 1793 relegavit.

180 1806 249 1858 δὲ
277 1806 356 1861 τὰ
386 1810 514 1881 περὶ
539 1810 632 1863 τοῦ
670 1813 972 1885 μαρτυρίου
996 1813 1192 1868 ἑαυτοῦ
1228 1816 1500 1890 Ἰωάννης,
1526 1817 1601 1891 μὴ
1623 1819 1789 1890 λέγων

1899 1817 2032 1884 Quae
2065 1830 2245 1872 autem
2277 1815 2344 1870 ad
2399 1815 2721 1887 martyrium
2764 1830 2924 1870 suum
2969 1802 3257 1885 pertinent,
3292 1831 3322 1870 a
3364 1831 3474 1887 quo

180 1896 282 1961 τίς
316 1898 483 1952 αὐτὸν
520 1901 863 1971 κατεδίκασε,
906 1904 1132 1974 φάσκων
1183 1909 1241 1961 ὲν
1289 1908 1354 1979 τῇ
1401 1909 1789 1981 Ἀποκαλὺψει

1899 1908 2192 1963 damnatus
2234 1906 2396 1961 fuerit
2422 1905 2861 1976 praetermittens,
2891 1903 3132 1962 Joannes
3163 1910 3278 1976 ipse
3309 1908 3475 1963 tradit

180 1990 381 2046 ταῦτα
399 2009 415 2024 ’
441 2012 461 2045 ι
494 1993 637 2063 Ἐγὼ
672 1996 926 2068 Ἰωάννης
947 1998 978 2050 ὁ
999 1997 1228 2068 ἀδελφὸς
1261 2000 1435 2071 ὑμῶν,
1453 2003 1545 2055 καὶ
1574 2019 1789 2075 συγκοι-

1899 2000 1952 2056 in
1997 1998 2338 2070 Apocalypsi,
2373 1998 2457 2056 bis
2494 1997 2673 2054 verbis
2697 1998 2745 2029 “
2781 2016 2794 2054 :
2833 2018 2851 2049 ι
2892 1997 3006 2070 Ego
3034 1996 3273 2056 Joannes
3307 2000 3474 2058 frater

182 2085 375 2149 νωνδς
419 2087 477 2139 ἐν
506 2091 573 2158 τῇ
605 2086 802 2159 θλίψει,
847 2091 938 2144 καὶ
984 2090 1253 2164 βασιλείᾳ,
1306 2095 1401 2147 καὶ
1442 2095 1688 2167 ὑπομονῇ
1738 2099 1789 2152 ὲν

1899 2103 2101 2160 vester,
2136 2103 2191 2150 et
2218 2096 2488 2166 particeps
2515 2096 2569 2149 in
2599 2094 2968 2157 tribulatione.
2999 2104 3054 2151 et
3081 2111 3267 2165 regno,
3294 2105 3351 2152 et
3376 2113 3474 2167 pa-

199 2176 417 2262 Ίησοῦ,
448 2179 716 2251 ἐγενόμην
761 2182 822 2236 ὲν
870 2185 935 2254 τῇ
968 2184 1118 2257 νήσῳ
1146 2187 1213 2255 τῇ
1249 2184 1558 2262 καλουμένῃ
1588 2188 1789 2261 Πάτμῳ

1905 2185 2093 2241 tientia
2142 2186 2197 2249 in
2226 2186 2378 2250 Jesu,
2416 2184 2492 2241 fui
2532 2187 2584 2240 in
2634 2186 2812 2242 insula
2857 2203 2981 2257 quae
3016 2188 3317 2257 appellatur
3344 2187 3475 2243 Pat-

183 2261 285 2315 διὰ
338 2265 435 2317 τὸν
478 2264 635 2333 λόγον
676 2268 771 2322 τοῦ
819 2268 982 2336 Θεοῦ,
1026 2292 1045 2323 ι
1100 2273 1294 2328 καὶτὰ
1325 2273 1486 2345 ἑξῆς·
1526 2277 1621 2331 καὶ
1651 2278 1789 2333 ἔοικε

1899 2292 2035 2342 ιιιοε,
2067 2287 2288 2348 propter
2319 2277 2541 2333 verbum
2573 2276 2689 2344 Dei,
2730 2296 2749 2328 ι
2780 2287 2834 2333 et
2863 2286 3094 2343 caetera;
3125 2286 3179 2332 et
3204 2278 3258 2332 in
3300 2279 3476 2336 insula

187 2351 304 2423 τὴν
350 2354 759 2427 Ἀποκάλυψ-ιν
787 2361 847 2414 ἐν
879 2364 946 2434 τῇ
976 2364 1125 2435 νήσῳ
1154 2364 1572 2437 τεθεωρηκέναι.

1899 2370 2117 2440 quidem
2151 2369 2414 2425 divinitus
2449 2369 2552 2439 ipsi
2587 2370 2834 2423 nuntiata
2865 2369 3082 2424 videtur
3107 2370 3472 2441 Apocalypsis.

1965 2461 2019 2513 7.
2055 2461 2125 2515 At
2160 2461 2252 2531 qui
2286 2462 2353 2516 ad
2378 2461 2631 2516 traditam
2662 2476 2827 2530 super
2858 2461 3027 2516 calice
3054 2470 3111 2517 et
3143 2463 3472 2532 baptismate

1893 2552 2293 2622 expositionem
2319 2553 2500 2622 aliqua
2526 2552 2733 2623 adjicit,
2761 2553 2842 2608 sic
2870 2554 2974 2607 ait:
3003 2551 3474 2619 Quemadmodum

1894 2643 2094 2714 aliquis
2120 2644 2280 2700 cibus
2323 2643 2632 2700 Servatoris
2661 2652 2767 2712 est,
2802 2645 2869 2700 de
2917 2660 3027 2715 quo
3059 2646 3175 2715 ipse
3215 2647 3347 2702 dicit
3376 2647 3419 2679 "
3461 2664 3472 2697 τ

288 2444 351 2498 ’0
377 2444 433 2498 δὲ
468 2447 783 2518 προστιθεὶς
818 2450 958 2523 μετὰ
989 2452 1088 2525 τὴν
1111 2454 1510 2528 άποδεδομένην
1541 2457 1794 2531 διήγησιν

187 2535 284 2599 είς
322 2535 391 2589 τὸ
435 2540 694 2611 ποτήριον
737 2542 833 2596 καὶ
871 2542 932 2596 τὸ
982 2543 1265 2617 βάπτισμα
1307 2547 1535 2604 τοιαῦτά
1588 2568 1788 2622 φησιν·

188 2627 420 2701 Ὥσπερ
450 2628 566 2684 ἔστι
597 2649 651 2685 τι
702 2633 896 2706 βρῶμα
923 2635 1017 2689 τοῦ
1053 2637 1324 2710 Σωτῆρος,
1356 2646 1487 2713 περὶ
1517 2634 1579 2695 οὗ
1611 2643 1787 2712 λέγει·

191 2741 213 2773 ι
292 2723 458 2795 Ἐμὸν
506 2723 703 2796 βρῶμά
746 2727 915 2791 ἐστιν,
952 2729 1038 2783 ἴνα
1086 2732 1300 2803 ποιήσω
1334 2733 1396 2786 τὸ
1433 2733 1651 2807 θέλημα
1695 2737 1787 2792 τοῦ

188 2815 521 2885 πέμψαντός
556 2835 645 2889 με,
678 2821 774 2873 καὶ
805 2820 1078 2876 τελειώσω
1125 2824 1293 2878 αὐτοῦ
1326 2826 1386 2879 τὸ
1418 2827 1598 2899 ἔργον,
1644 2847 1662 2879 ι
1699 2828 1791 2882 οῦ-

189 2925 309 2973 τως
352 2909 613 2979 ἀνάλογόν
662 2911 778 2966 ἐστι
809 2914 1066 2986 ποτήριον
1113 2917 1306 2988 ἐκείνῳ
1343 2917 1421 2989 τῷ
1465 2919 1731 2991 βρώματι,
1761 2922 1790 2975 ὃ

188 3001 479 3073 τολμηρὸν
511 3004 609 3074 μὲν
637 3003 869 3078 διορίσαι
895 3006 1003 3061 ἀπὸ
1029 3009 1123 3062 τοῦ
1152 3007 1458 3080 βρώματος,
1489 3014 1583 3066 καὶ
1617 3031 1791 3085 παρα-

191 3092 401 3163 στῆσαι
433 3097 863 3165 πραγματικῶςσ
893 3099 1044 3169 ὅμως
1073 3100 1131 3153 δὲ
1162 3100 1191 3152 ὁ
1229 3100 1528 3172 δυνάμενος
1562 3104 1789 3174 ἐπιστη-

1898 2754 1918 2788 ι
1974 2735 2127 2792 licus
2163 2736 2320 2791 cibus
2360 2745 2466 2802 est,
2498 2744 2557 2791 ut
2602 2735 2800 2792 faciam
2840 2736 3172 2792 voluntatem
3220 2738 3342 2808 ejus
3376 2738 3473 2808 qui

1891 2829 2044 2886 misit
2091 2845 2198 2894 me,
2230 2840 2284 2885 et
2324 2831 2603 2901 perficiam
2644 2846 2787 2900 opus
2830 2831 2971 2900 ejus,
3024 2849 3043 2882 ι
3087 2830 3161 2886 ita
3192 2832 3317 2887 cibo
3346 2832 3476 2888 buir.

1891 2922 2031 2979 calix
2066 2923 2378 2989 respondet,
2426 2937 2588 2991 quem
2621 2937 2651 2975 a
2695 2922 2818 2976 cibo
2840 2922 3197 2993 distinguere,
3222 2932 3276 2977 et
3302 2922 3476 2992 perite

1890 3030 1955 3071 ac
1977 3015 2207 3070 solerter
2236 3014 2507 3085 explicare
2539 3014 2714 3069 audax
2759 3014 2979 3083 quidem
3017 3023 3135 3079 est;
3188 3014 3436 3069 nibilomi

1890 3124 1996 3164 nus
2027 3107 2428 3163 animadvertat
2464 3106 2552 3161 cui
2582 3104 2816 3160 facultas
2857 3105 2982 3171 erit,
3018 3120 3200 3158 annon
3234 3105 3389 3160 cibus
3416 3106 3469 3160 id

194 3183 353 3237 σάτω
387 3185 594 3255 μήποτε
623 3188 684 3240 τὸ
718 3187 818 3259 μὲν
847 3190 1150 3260 πρακτικόν
1178 3192 1293 3244 ἐστι
1317 3190 1380 3245 τὸ
1407 3191 1623 3264 βρῶμα,
1646 3194 1706 3246 τὸ
1732 3194 1788 3248 δὲ

1899 3198 2038 3267 quod
2082 3208 2367 3253 actuosum
2415 3206 2470 3251 et
2511 3194 2565 3250 in
2605 3196 2815 3268 agendo
2844 3197 3105 3269 .positum
3138 3204 3259 3265 est,
3305 3208 3466 3268 potus

191 3252 539 3348 θεωρητικὸν
573 3278 636 3331 τὸ
668 3252 849 3350 πδμα·
882 3252 1024 3335 κατὰ
1056 3281 1166 3353 γάρ
1207 3283 1301 3337 τὸν
1338 3252 1589 3338 ἐσθίοντά
1611 3252 1620 3257 1
1642 3287 1788 3340 ἐστιν

1899 3252 2079 3345 ιιιιιειιι
2113 3290 2166 3344 id
2199 3289 2342 3360 quod
2386 3288 2621 3359 pertinet
2641 3252 2718 3342 3a
2753 3252 3472 3358 cont-etnplationetn,‘desi-

191 3370 257 3421 ὲν
307 3368 388 3440 τῷ
430 3374 604 3426 ποιεῖν
651 3373 713 3427 τὸ
757 3373 967 3445 θέλημα
1004 3375 1098 3429 τοῦ
1133 3376 1446 3447 πέμψαντος
1480 3379 1660 3442 αὐτὸν,
1695 3382 1789 3432 καὶ

191 3462 440 3517 τελειοῦν
457 3466 666 3520 ἐκείνου
684 3467 745 3521 τὺ
768 3467 946 3540 ἔργον,
964 3468 1024 3522 τὸ
1047 3470 1141 3523 καὶ
1164 3470 1340 3523 πίνειν
1360 3470 1420 3523 τὸ
1444 3470 1654 3542 θέλημα
1679 3470 1787 3541 (ϐἓ)

1896 3391 2024 3453 gnet
2055 3400 2068 3436 :
2105 3397 2231 3436 nam
2262 3381 2354 3451 qui
2384 3381 2514 3435 dum
2561 3379 2823 3435 voluntati
2858 3379 2977 3449 ejus
3020 3395 3227 3436 morem
3266 3384 3403 3449 gerit
3439 3400 3473 3439 ιι

1897 3486 2008 3544 quo
2036 3473 2240 3527 missus
2267 3480 2372 3539 est,
2393 3485 2534 3542 opus
2562 3471 2737 3540 ipsius
2765 3471 3019 3537 absolvit,
3037 3470 3221 3528 edenti
3248 3489 3474 3546 respon-

1264 3544 1272 3567 '
1375 3563 1608 3620 verus
1648 3562 2232 3621 INTERPRETATIO.

192 3667 365 3730 gnem
395 3654 707 3730 confitetur,
738 3658 896 3730 quasi
916 3657 1089 3730 digno
1114 3657 1315 3730 Christi
1343 3659 1688 3730 confessione
1712 3660 1779 3715 ad
1813 3660 2050 3717 Patrem.
2078 3661 2389 3717 Secundum
2428 3661 2545 3716 haec
2579 3661 2794 3715 videtur
2826 3669 2880 3715 et
2905 3660 3129 3716 calicem
3156 3662 3379 3730 bibisse,
3409 3677 3462 3721 et

192 3724 476 3792 baptismo
504 3724 881 3801 baptizati'lilii
914 3724 1185 3801 Zebedzei.
1215 3731 1475 3800 quoniam
1508 3729 1749 3786 Herodes
1779 3734 1996 3801 quidem
2031 3731 2299 3787 interfecit
2330 3730 2596 3787 Jacobum
2632 3731 2854 3786 fratrem
2885 3730 3112 3786 Joannis
3137 3734 3337 3800 gladio.
3366 3724 3471 3789 lm-

192 3803 423 3878 pera‘tor
452 3804 634 3878 autem
665 3795 1060 3878 Romanorum,
1090 3795 1422 3878 _sicut'ducet
1455 3800 1695 3878 traditio,
1726 3795 2110 3878 condemnavit
2152 3800 2417 3878 Joannem
2454 3803 2672 3878 dantem
2709 3801 3077 3878 testimonium
3111 3795 3383 3878 vé_rbi_l)ei
3417 3806 3469 3860 in

194 3864 437 3943 insulam
468 3864 716 3943 Pat_rno_n,
744 3868 886 3924 sicut
924 3870 1048 3943 ipse
1070 3870 1138 3923 de
1151 3885 1266 3943 suo
1293 3871 1554 3943 martyrio
1585 3864 1762 3943 doeet,
1810 3886 1920 3927 non
1939 3872 2155 3943 _dicens

2239 3872 2323 3926 uis
2358 3887 2481 3926 eum
2532 3871 2931 3930 condemnavit,
2965 3872 3060 3925 sed
3092 3873 3183 3926 ubi
3213 3871 3313 3927 fuit
3339 3889 3473 3928 con-

190 3936 519 4007 demiratus.
547 3936 690 3993 Dicit
713 3948 893 3994 autem
924 3936 977 3992 in
1008 3937 1340 3994 Revelatione
1365 3936 1465 3996 sua
1500 3942 1602 3996 hoc
1631 3941 1794 3995 modo
1826 3960 1839 3996 :
1882 3961 1901 3994 ι
1930 3941 2170 3998 Joannes
2204 3936 2371 3996 frater
2402 3951 2599 4005 vester,
2623 3951 2678 3995 et
2715 3942 2897 3997 socius
2925 3940 2980 3993 in
3015 3941 3386 4007 tribulatione.
3415 3955 3470 3999 et

198 4006 261 4082 ιιι
298 4021 468 4082 regno
494 4015 550 4062 et
572 4007 630 4082 in
659 4009 915 4082 patientia
940 4007 1094 4082 Jesu,
1131 4010 1205 4082 fui
1238 4012 1291 4065 in
1317 4011 1516 4073 insula,
1548 4027 1669 4081 qua:
1691 4022 1917 4067 vocatur
1948 4010 2192 4078 Pattnos,
2228 4021 2448 4082 propter
2473 4013 2699 4067 verbum
2728 4011 2846 4077 Dei,
2875 4019 2931 4064 et
2965 4020 3186 4080 propter
3219 4014 3468 4069 testimo-

203 4075 379 4131 nium
401 4075 531 4132 Jesu
548 4075 797 4152 _Chi°ist_i.
832 4078 899 4152 Et
933 4078 1312 4152 fuiinspiritn
1348 4083 1400 4136 in
1436 4082 1524 4136 die
1549 4075 1832 4139 Dominico
1866 4100 1879 4136 :
1912 4090 1967 4138 et
1994 4075 2186 4137 audivi
2208 4075 2347 4152 post'
2361 4098 2444 4136 me
2477 4097 2665 4137 vocem
2712 4075 3159 4152 magnam'qu'asi
3190 4084 3398 4151 tubam,
3435 4103 3457 4136 ι

199 4156 259 4202 et
278 4155 516 4221 _caatcra.
548 4147 615 4202 Et
641 4164 705 4204 ex
745 4150 850 4204 hoc
880 4147 1201 4221 intelligitur
1234 4152 1497 4221 quoniam
1531 4151 1917 4207 rcvelationem
1944 4153 2087 4207 hanc
2116 4153 2169 4206 in
2207 4147 2385 4207 insula
2414 4152 2748 4207 constitutus
2783 4147 2941 4205 vidit.

277 4217 330 4272 7.
371 4217 565 4293 Adhuc
608 4229 787 4293 autem
830 4217 1081 4293 addimus
1124 4217 1278 4293 juxta
1311 4238 1374 4277 ea
1403 4237 1526 4293 quae
1552 4222 1813 4288 diximus,
1841 4224 1984 4293 sicut
2010 4232 2096 4277 est
2121 4222 2301 4293 aliqua
2327 4238 2453 4277 esca
2481 4222 2705 4287 Christi,
2736 4223 2803 4293 de
2837 4233 2944 4290 qua
2972 4220 3153 4293 dicit:
3187 4239 3206 4271 ι
3239 4219 3355 4277 Mea
3382 4231 3469 4279 est

200 4303 333 4344 esca
360 4295 419 4342 ut
439 4287 637 4345 faciam
667 4290 1001 4346 voluntatem
1029 4287 1149 4361 ejus
1175 4292 1266 4361 qui
1292 4308 1379 4348 me
1407 4287 1577 4361 misit,
1590 4301 1646 4348 et
1676 4292 1956 4363 perficiam
1986 4309 2125 4363 opus
2155 4287 2328 4363 ip'sius
2354 4313 2366 4348 :
2404 4312 2421 4345 ι
2446 4293 2527 4348 sic
2549 4287 3298 4348 secundum'asstimationem
3327 4308 3469 4349 escze

275 4406 324 4438 “
346 4404 505 4461 Rom.
532 4422 606 4470 vr,
638 4405 733 4469 l0.
822 4406 869 4446 ⁸⁸
893 4407 1013 4468 Act.
1049 4421 1151 4474 ιιι,
1184 4407 1241 4462 2.
1317 4408 1365 4441 ⁸⁸
1391 4407 1562 4479 Apoc.
1587 4423 1627 4474 ι,
1656 4407 1710 4463 9.
1786 4422 1789 4434 ί

1899 4422 2016 4463 ean.
2049 4424 2124 4475 tv,
2151 4408 2242 4463 54.

272 4499 392 4571 (ει)
435 4498 597 4571 oss
639 4500 936 4571 Ῥωμαίων
971 4502 1290 4569 βασιλεὺς,
1326 4503 1405 4568 ὡς
1451 4503 1490 4568 τι
1519 4500 1775 4570 παράδο-

202 4568 328 4639 σιξ,
355 4568 461 4653 etc.
494 4568 789 4653 Postquam
823 4571 877 4625 in
891 4568 1294 4653 ferventisnolei
1331 4574 1542 4653 labrum
1572 4568 1785 4653 demere
1819 4579 1862 4634 D

203 4657 305 4696 sus
353 4639 595 4711 Joannes
644 4639 851 4711 integer
891 4640 1014 4697 inde
1058 4644 1260 4698 exsiliit
1287 4655 1341 4698 et
1370 4643 1695 4707 incolumis,
1727 4652 1787 4696 ut

204 4720 506 4783 ουσιαι-ρει
534 4710 924 4783 Tertullianus,
949 4712 1025 4766 De
1042 4715 1338 4783 prwscript.
1363 4715 1521 4783 ham,
1548 4729 1668 4783 cap.
1695 4713 1785 4779 36,

204 4791 263 4840 et
310 4798 379 4836 ex
410 4780 749 4837 Tertulliano
786 4780 1153 4847 Hieron.,'lib.
1182 4800 1197 4838 ι
1227 4780 1447 4839 Advers.
1489 4780 1783 4847 Ιοινίἱιὶαηη

204 4868 258 4909 c.
294 4853 384 4916 14,
410 4861 465 4907 et
503 4852 599 4908 lib.
633 4869 693 4907 ιιι
741 4853 797 4907 in
823 4851 1014 4908 Matth.
1052 4869 1145 4917 xx,
1191 4853 1242 4908 in
1291 4854 1525 4909 insulam
1555 4853 1787 4909 Patmon

205 4932 397 4995 postea
449 4922 768 4995 deportatus
812 4932 915 4987 est,
960 4924 1422 4992 quemadmodum
1467 4925 1582 4995 ipse
1612 4926 1698 4995 de
1731 4939 1790 4979 se

206 4993 444 5049 atIirmat
493 4993 731 5049 Joannes
765 4996 941 5064 testis
984 4993 1570 5064 locupletissimusfld
1606 4994 1789 5049 Domi-

208 5067 359 5120 tiano
406 5065 709 5134 imperante
752 5063 957 5134 factum
1004 5063 1201 5120 docént
1244 5065 1497 5131 lrenaeus,
1535 5063 1682 5120 er.
1716 5080 1786 5131 v;

209 5135 486 5191 Eusebius
510 5135 611 5205 lib.
646 5152 703 5189 ιιι
736 5133 938 5190 Eccles.
977 5136 1187 5198 histor.,
1220 5151 1341 5205 cap.
1384 5135 1487 5205 l8;
1522 5133 1788 5205 Hierony-

208 5222 359 5270 mus,
382 5205 476 5259 lib.
498 5204 575 5259 De
597 5207 844 5275 scriptor.
864 5205 1070 5269 eccles.,
1092 5207 1143 5260 in
1164 5204 1371 5259 Joanne
1385 5222 1403 5269 ;
1426 5204 1788 5275 Nicephoru’s,

211 5278 306 5333 lib.
341 5292 401 5331 ιιι
427 5316 443 5340 ,
473 5290 592 5345 cap.
636 5276 691 5339 9,
718 5285 773 5331 ct
804 5275 1283 5346 Pseudoprocorus
1315 5277 1367 5331 in
1406 5291 1569 5346 opere
1599 5277 1791 5330 naeniis

208 5357 263 5403 et
290 5346 494 5417 fabulis
523 5346 935 5417 conﬁeto,pcap.
972 5347 1005 5402 8
1033 5360 1102 5417 et_
1121 5347 1187 5413 9;
1220 5358 1275 5401 et
1304 5349 1598 5417 scriptores
1633 5346 1788 5400 deni-

208 5435 329 5489 que
370 5416 727 5489 ecclesiastici
776 5415 1049 5489 GraEcihet
1082 5415 1258 5489 Latini
1306 5415 1431 5471 fere'
1461 5425 1793 5489 onrnes_:_ut

209 5486 522 5543 audiendus
556 5488 798 5557 #minime
843 5491 915 5542 sit
963 5486 1271 5543 Dorotheus
1299 5489 1388 5542 ille
1414 5486 1794 5557 supposititius

211 5561 267 5614 in
295 5557 531 5630 {omnis
554 5555 700 5630 Vita,
721 5568 775 5630 et
799 5557 1243 5630 Tireophylactus
1268 5557 1337 5613 In
1361 5555 1555 5630 Metili.
1583 5573 1677 5630 διδ,
1698 5556 1792 5626 qui

213 5631 280 5684 ad
311 5628 538 5698 Trajani
584 5629 872 5698 imperium
924 5626 975 5683 id
1006 5626 1287 5683 referunt:
1329 5631 1409 5684 sic
1441 5627 1587 5683 enim
1615 5626 1795 5682 Theo-

213 5701 503 5771 pbylactus
542 5718 555 5753 :
602 5698 858 5753 Ἰάκωϐον
894 5700 993 5770 μὲν
1023 5700 1133 5808 γὰρ
1177 5698 1422 5771 Ἡρώδης
1450 5698 1791 5779 ἀπέκτεινεν,

226 5771 483 5808 Ἰμνιυυηηυ
520 5768 575 5808 κδ
624 5770 888 5808 Τηηῗηυλρ
933 5770 1095 5808 vuln-ﬁ
1119 5787 1250 5808 νηηι·
1310 5784 1691 5808 ηηηιριιηηιιυτνι
1718 5785 1791 5808 τισι

226 5767 483 5851 Ἰωάννην
520 5768 597 5851 δε.
624 5767 905 5851 Ἰλραῖανὸζ
933 5767 1261 5851 κατεδίκασε
1309 5767 1692 5851 μαρτυροῦντα.
1718 5767 1795 5849 τῷ

214 5840 359 5912 λόγῳ
401 5838 503 5913 τῆς
542 5838 820 5911 ἀληθείας,
853 5841 999 5911 quod
1040 5841 1106 5895 de
1154 5838 1401 5897 Joannis
1428 5838 1620 5897 exsilio
1645 5839 1792 5895 acci--

616 5958 891 6020 Pnuoa.
937 5956 1054 6021 Gs.
1100 5956 1275 6020 XIII.

1923 4501 2139 4557 iendum
2179 4510 2296 4565 est,
2337 4516 2446 4557 non
2495 4500 2564 4556 de
2605 4500 2776 4570 ipsius
2813 4501 2998 4568 obitu,
3032 4512 3091 4558 ut
3135 4502 3467 4559 existimavit

1887 4518 2233 4627 Rialdonatus
2273 4574 2327 4625 in
2358 4571 2545 4627 Joau..
2596 4586 2715 4627 can.
2754 4572 2856 4627 21:
2888 4573 3061 4627 multo
3090 4573 3253 4627 etiam
3285 4574 3467 4627 minus

1944 4572 2233 4627 aldonatus
2273 4574 2327 4625 in
2358 4571 2545 4637 Joan.,
2596 4586 2715 4639 cap.
2754 4572 2856 4639 2i;
2888 4573 3061 4629 multo
3090 4573 3253 4628 etiam
3285 4574 3469 4630 minus

1890 4644 2084 4715 Arelas
2113 4644 2484 4715 Caesariensis,
2514 4641 2871 4715 quiner-onis
2900 4653 3057 4699 aalate
3090 4644 3142 4698 id
3176 4644 3470 4715 contigisse

1890 4713 2048 4769 docet
2081 4731 2094 4767 :
2126 4731 2143 4764 ι
2182 4711 2258 4766 Ex
2306 4728 2372 4768 eo
2416 4711 2577 4783 puto,
2618 4713 2796 4783 inquit
2838 4712 3143 4779 Baronius,
3175 4711 3467 4783 deceptus,

1889 4784 2037 4856 quod
2090 4798 2198 4837 una
2251 4781 2426 4856 simul
2474 4781 2848 4856 Tertulli—anus
2907 4785 3225 4856 martyrium
3280 4781 3466 4853 Petri,

1890 4853 2042 4909 Pauli
2080 4864 2245 4920 atque
2291 4852 2621 4923 Joannisin
2674 4870 2844 4923 nuper
2898 4852 3066 4909 citato
3112 4855 3236 4908 loco
3279 4869 3469 4923 recen-

1893 4934 2028 4981 seat.
2073 4944 2090 4975 ι
2126 4923 2281 4991 Quod
2310 4933 2488 4978 autem
2519 4922 2757 4978 Claudio
2777 4923 2978 4978 Caesari
3028 4925 3079 4978 id
3115 4923 3306 4977 tribuit
3335 4922 3467 4993 Epi-

1891 4995 2147 5064 phanius,
2179 4993 2325 5048 Ηων.
2345 5012 2418 5059 ιι,
2455 5008 2573 5063 cap.
2610 4993 2697 5064 l2,
2728 5009 2854 5048 cum
2890 4993 3258 5064 nonagenario
3286 5002 3466 5047 tamen

1892 5063 2152 5135 majorem
2187 5076 2316 5118 tunc
2345 5064 2608 5124 Joannem
2640 5063 2810 5118 fuisse
2848 5064 3025 5129 dicat,
3048 5063 3256 5116 mirum
3276 5077 3470 5135 _qnan-

1894 5132 2009 5189 tum
2040 5134 2236 5205 fugerit
2257 5150 2382 5188 eum
2414 5135 2747 5205 ratio;inam
2773 5148 2895 5188 cum
2931 5142 3083 5188 sexto
3106 5132 3469 5205 etquinqua-

1892 5200 2127 5277 gesimo'
2146 5205 2214 5258 ab
2247 5214 2370 5277 ortu
2411 5204 2611 5277 Christi
2658 5219 2803 5258 anno
2847 5200 3466 5277 excesset'itplaudius;

1895 5270 2140 5345 triginta,
2193 5283 2254 5345 ut
2297 5274 2616 5345 minimum,
2651 5289 2718 5345 ac
2766 5280 3000 5345 quatuor
3047 5272 3206 5345 annis
3248 5270 3470 5326 Christo

1893 5341 2156 5415 majorem
2186 5343 2353 5399 fuisse
2376 5343 2667 5405 Joannem,
2692 5344 2845 5415 juxta
2875 5343 3046 5410 ipsius
3076 5341 3343 5396 rationem
3375 5357 3467 5395 ne-

1892 5431 2048 5472 cesse
2088 5425 2203 5480 est;
2253 5415 2588 5485 proindeque
2632 5414 2920 5484 septimum
2966 5428 3129 5482 supra
3189 5426 3469 5485 sexagesi-

1895 5502 2045 5542 mum
2072 5480 2269 5557 egisse'
2291 5480 2517 5557 annum,
2544 5499 2667 5539 cum
2695 5480 3050 5557 sanguinem
3079 5497 3238 5537 suum
3278 5480 3470 5557 [Domi-

1896 5573 2001 5682 rfrlus
2042 5552 2225 5612 noster
2272 5553 2512 5626 profudit
2548 5573 2559 5607 :
2595 5554 2740 5623 quod
2772 5567 2990 5608 omnem
3023 5562 3245 5623 superat
3285 5552 3465 5608 fidem.

1950 5643 2165 5682 UE'I‘IUS.

1950 5643 2165 5683 UETIUS.

1969 5696 2079 5770 (62)
2113 5696 2183 5751 Τὸ
2227 5696 2324 5749 καὶ
2369 5695 2565 5770 πίνειν
2604 5695 2671 5749 τὸ
2716 5696 2973 5770 θέλημα,
3013 5706 3118 5751 etc.
3158 5694 3349 5753 Manca
3382 5693 3471 5755 hic

1896 5767 2020 5826 esse
2054 5769 2264 5824 videtur
2287 5767 2445 5822 codd.
2477 5774 2788 5823 nostrorum
2812 5769 3103 5838 scriptura.

2852 5949 2957 6016 ιιῗι
