3962 6564
530 427 635 485 587
1476 444 1481 449 ο
1967 417 2289 476 ORIGENIS
3134 476 3139 479 μ
3589 417 3700 472 1388

495 549 621 612 det;
647 542 851 601 bibenti
877 556 1022 611 vero,
1048 541 1140 613 qui
1166 541 1430 596 voluntati
1467 541 1587 610 ejus
1616 539 1998 608 obtemperans
2023 553 2054 592 a

2172 535 2250 590 τοῦ
2276 534 2588 606 πέμψαντος
2605 534 2785 598 αὐτὸν,
2812 534 2906 589 καὶ
2919 533 3198 587 τελειῶσαι
3215 532 3378 587 αὑτοῦ
3397 532 3495 605 τὴν
3512 534 3701 601 γνῶσιν.

462 655 605 737 ⁸(λιιι)
630 639 832 695 missus
874 645 977 701 est,
1004 635 1367 708 cognitionem
1399 634 1571 703 ipsius
1599 631 1809 701 perlicit
1840 639 1893 685 ct
1925 645 2060 684 con-

2172 629 2227 682 Εί
2250 627 2306 681 δὲ
2322 625 2605 697 δύναται,ἢ
2629 625 2819 698 μὴ,είς
2844 625 3046 697 ταύτην
3063 625 3164 697 τὴν
3194 624 3457 697 διαφορὰν
3482 626 3705 699 ἀναφέρει

463 713 755 814 ξευιῐιιηοι.
785 729 865 781 An
898 737 1079 782 autem
1104 726 1174 781 ad
1216 727 1320 781 hoc
1346 724 1636 780 discrimen
1677 721 1867 777 referri
1902 730 2065 790 queat

2172 718 2287 773 σθαι
2309 720 2387 772 τό’
2400 737 2418 770 ι
2439 719 2505 771 Ἦ
2520 716 2657 789 σάρξ
2680 734 2779 787 μου
2802 716 3014 787 ἀληθῶς
3032 719 3148 770 ἐστι
3165 714 3390 788 βρῶσις,
3406 717 3500 771 καὶ
3516 718 3574 771 τὸ
3590 713 3706 788 αἷμά

496 820 651 888 illud,
676 834 849 875 necne
882 818 926 851 ‘3
960 837 973 873 :
1015 837 1033 870 ι
1060 818 1202 873 Caro
1233 830 1351 872 mea
1379 830 1505 871 vere
1528 821 1614 870 est
1644 814 1820 881 cibus,
1847 822 1901 868 et
1939 828 2065 867 san-

498 914 622 984 guis
648 928 801 969 meus
835 926 959 968 vere
983 918 1276 981 est_potus,
1312 927 1331 961 ›
1369 908 1484 978 ipse
1520 921 1617 977 per
1642 916 1693 960 te
1716 904 2062 976 dijudicabis;

497 1006 681 1061 cibum
727 1005 871 1059 enim
925 1003 1197 1057 actionem
1244 1014 1429 1056 revera
1474 1013 1614 1066 esse,
1647 1007 1837 1068 potum
1885 1006 2066 1051 autem

498 1094 1007 1164 contemplationem
1039 1093 1236 1148 dixerit
1271 1090 1579 1162 quispiam;
1613 1089 1758 1158 quod
1803 1086 1896 1157 qui
1940 1100 2066 1157 pro-

499 1188 848 1252 nuntiaverit,
879 1178 1163 1257 propterea
1194 1185 1376 1255 priore
1409 1183 1552 1237 hunc
1583 1183 1704 1237 loco
1730 1195 1921 1251 panem
1948 1194 1977 1232 a
2009 1193 2067 1234 se

499 1280 841 1336 benedictum
888 1288 942 1335 et
989 1277 1220 1334 fractum
1268 1275 1548 1346 discipulis
1578 1274 1793 1330 dedisse
1837 1271 2065 1342 inquiet,

499 1372 644 1443 quod
680 1372 831 1442 prior
874 1371 944 1427 sit
982 1372 1161 1436 actio;
1194 1376 1412 1439 sumpto
1440 1382 1569 1423 vero
1599 1363 1944 1437 postmodum
1976 1378 2068 1419 ca-

500 1465 602 1520 lice
640 1465 776 1520 actis
807 1465 995 1534 gratiis
1023 1463 1236 1519 dedisse
1258 1463 1391 1533 ipsis
1420 1461 1687 1516 dicentem
1719 1459 1763 1492 ⁶⁹
1799 1477 1810 1512 :
1845 1476 1864 1510 ι
1896 1457 2069 1512 Bibite

501 1571 564 1611 ex
601 1559 703 1610 huc
748 1570 972 1621 omnes;
1008 1574 1046 1608 .s
1089 1553 1404 1624 compositis
1436 1550 1704 1623 siquidem
1736 1549 2066 1615 actionibus,

499 1644 745 1703 et'rccte
791 1647 1089 1704 constituta
1143 1660 1325 1701 rerum
1378 1643 1735 1714 gerendarum
1791 1641 2065 1705 facultate,

500 1756 596 1809 per
629 1756 726 1796 eas
756 1741 821 1794 ad
851 1742 1093 1810 ipsarum
1128 1736 1639 1807 contemplationem
1675 1733 1914 1789 eundum
1945 1745 2027 1788 est
2054 1751 2066 1786 :

500 1831 551 1885 id
569 1830 710 1885 enim
742 1832 820 1885 ait
852 1831 1110 1901 propheta
1123 1830 1229 1884 “:c
1252 1828 1528 1884 Seminate
1543 1825 1697 1882 vobis
1713 1825 1765 1879 in
1778 1823 2068 1894 justitiam,

498 1922 824 1976 vindemiate
841 1921 894 1975 in
910 1921 1148 1977 fructum
1172 1920 1315 1987 vitae,
1338 1938 1356 1971 ι
1372 1928 1561 1988 utquzr
1579 1917 1782 1988 agenda
1797 1925 1942 1982 sunt,
1962 1915 2069 1986 pri-
2099 1897 2141 1952 Β

501 2028 649 2067 mum
676 2012 1185 2069 faciamuszdeinde
1216 2026 1345 2067 vero
1368 2010 1641 2067 subnectit
1668 2026 1681 2062 :
1721 2025 1741 2061 ι
1766 2008 2072 2063 llluminate

498 2099 656 2154 vobis
679 2100 859 2154 lumen
894 2100 1154 2166 scientiae;
1182 2119 1199 2151 ι
1227 2107 1511 2170 postquam
1548 2099 1692 2153 enim
1727 2112 1907 2153 mores
1939 2111 2072 2152 suos

495 2192 815 2263 expurgavit
827 2193 985 2263 721
999 2191 1218 2262 aliquis,
1232 2193 1298 2247 ad
1312 2190 1593 2247 scientiam
1613 2198 1758 2245 recta
1776 2187 2072 2260 proﬁcisci-

502 2291 609 2349 tur,
634 2283 703 2338 ab
733 2299 907 2353 eaque
953 2285 1138 2339 lumen
1164 2292 1467 2339 mutuatur.
1502 2281 1681 2350 Atque
1705 2281 1819 2336 haec
1852 2279 2069 2350 quidem

500 2383 653 2428 extra
707 2374 1045 2444 propositum
1067 2416 1083 2441 ,
1128 2382 1348 2444 prapter
1378 2370 1702 2442 profundius
1730 2371 1917 2427 salicis
1943 2386 2071 2427 exao

500 2480 625 2519 men
646 2505 661 2531 ,
693 2464 838 2520 dicta
869 2474 1016 2520 sunt.
1056 2464 1134 2520 Ac
1177 2465 1232 2519 in
1269 2463 1534 2534 vigesimo
1567 2463 1805 2519 secundo
1836 2461 2068 2532 psalmo,

500 2555 738 2625 primum
776 2555 996 2625 quidem
1043 2555 1177 2609 illud
1222 2554 1431 2610 dictum
1473 2556 1663 2612 est“:
1704 2572 1721 2605 ι
1751 2551 1967 2608 Parasti
2014 2552 2068 2607 in

501 2653 794 2714 conspectu
823 2659 946 2699 meo
970 2660 1237 2711 mensam,
1269 2646 1533 2702 adversus
1558 2659 1655 2701 eos
1682 2644 1775 2714 qui
1811 2643 2073 2699 tribulant

501 2750 623 2803 me;
660 2755 680 2788 ι
715 2735 910 2791 deinde
943 2750 1074 2791 vero
1103 2736 1232 2792 illud
1252 2736 1339 2792 “z
1380 2755 1400 2789 ι
1430 2735 1588 2791 Calix
1620 2744 1748 2791 tuus
1791 2734 2072 2791 inebrians

500 2840 590 2882 me
615 2842 779 2896 quam
805 2827 1102 2898 praeclarus
1134 2834 1238 2885 est.
1270 2846 1289 2879 ›
1331 2827 1441 2883 Nec
1479 2843 1608 2883 vero
1635 2826 1729 2897 qui
1761 2826 1901 2897 leget
1923 2826 2069 2891 haec,

500 2917 692 2974 sistere
718 2934 816 2973 nos
837 2934 902 2975 ac
925 2920 1128 2975 morari
1153 2921 1208 2975 in
1243 2922 1485 2976 animum
1516 2920 1760 2988 inducat,
1783 2919 1927 2990 quod
1950 2934 2073 2989 qua:

2171 829 2270 883 μου
2297 809 2512 882 ἀληθῶς
2540 812 2659 863 ἐστι
2682 810 2860 876 πόσις,
2889 828 2908 861 ι
2929 809 3107 863 καὶσὺ
3126 812 3350 881 κρινεῖς·
3375 810 3519 879 λέγοι
3538 811 3633 882 γὰρ
3654 813 3706 866 ἄν

2166 919 2271 967 τις,
2294 903 2375 955 ὃτι
2399 899 2613 971 ἀληθῶς
2637 900 2734 970 μὲν
2758 899 2959 972 βρῶσις
2976 901 3011 971 ἡ
3034 901 3252 973 πρᾶξις,
3276 900 3495 972 ἀληθῶς
3513 902 3706 967 eam

2167 993 2201 1063 ἡ
2223 989 2446 1062 θεωρία,
2477 989 2571 1043 καὶ
2593 990 2622 1042 ὁ
2640 987 2798 1041 τοῦτο
2818 988 3041 1058 φάσκων
3060 989 3194 1060 ἐρεῖ,
3223 987 3408 1041 ὅτιδιά
3424 986 3575 1040 τοῦτο
3589 987 3710 1059 πρῶ-

2166 1100 2256 1138 τον
2278 1082 2459 1137 δίδωσι
2482 1081 2572 1135 τὸν
2589 1080 2752 1151 ἄρτον
2768 1080 3067 1152 εὐλογήσας
3092 1082 3186 1136 καὶ
3202 1080 3413 1144 κλάσας
3433 1083 3542 1144 τοῖς
3564 1081 3709 1152 μαθη-

2167 1179 2310 1241 ταῖς,
2332 1175 2455 1229 έπεὶ
2469 1173 2657 1247 πρώτη
2679 1174 2826 1228 ἐστὶν
2848 1173 3115 1246 ἡπρᾶξιςο
3148 1175 3243 1228 καὶ
3279 1173 3422 1244 μετὰ
3455 1172 3621 1235 τοῦτο,
3638 1172 3711 1225 λαμ

2170 1268 2278 1323 6ὼν
2312 1269 2610 1340 ποτήριον,¹
2648 1266 3048 1339 εὐχαριστήσας
3095 1266 3291 1321 ἔδωκεν
3325 1267 3508 1329 αὐτοῖς
3538 1265 3709 1333 λέγων’

2177 1381 2195 1414 ι
2214 1362 2371 1414 Πίετε
2394 1359 2454 1425 ἐξ
2473 1358 2636 1413 αὑτοῦ
2653 1359 2872 1424 πάντες
2896 1377 2915 1412 ι
2938 1359 3061 1413 ἐπεὶ
3071 1358 3127 1412 δὲ
3137 1356 3206 1412 τὰ
3220 1358 3329 1412 τῶν
3346 1357 3592 1431 πράξεων
3613 1358 3713 1430 ῥυθ-

2173 1454 2424 1525 μίσαντα,
2464 1453 2556 1507 καὶ
2588 1451 2650 1505 τὸ
2674 1451 3012 1524 πραγμάτων
3041 1452 3135 1505 καὶ
3163 1451 3257 1505 ὲπὶ
3291 1450 3526 1522 θεωρίαν
3546 1451 3709 1506 αὐτῶν

2170 1546 2264 1600 καὶ
2291 1546 2399 1618 γὰρ
2430 1544 2573 1599 κατὰ
2600 1544 2694 1599 τὸν
2724 1545 3013 1617 προφήτην
3041 1542 3254 1612 λέγεται
3285 1543 3349 1597 τό
3371 1559 3385 1572 ·
3432 1561 3450 1594 ι
3486 1542 3715 1614 Σπείρατε

2171 1638 2374 1701 ἑαυτοῖς
2392 1639 2471 1700 είς
2492 1634 2853 1708 δικαιοσύνην,
2877 1636 3186 1709 τρυγήσατε
3205 1637 3284 1699 εἰς
3302 1635 3518 1707 καρπὸν
3537 1633 3678 1706 ζωῆς,
3695 1653 3714 1686 ι

2171 1729 2257 1783 ἵνα
2280 1727 2494 1801 πρῶτον
2517 1726 2814 1798 πράξωμεν
2835 1726 2896 1780 τὸ
2920 1726 3040 1780 δέον
3063 1743 3077 1756 ·
3112 1726 3207 1780 καὶ
3242 1724 3386 1797 μετὰ
3418 1724 3568 1779 τοῦτό
3593 1740 3716 1796 φησι·

2178 1839 2197 1873 ι
2219 1820 2495 1874 Φωτίσατε
2518 1820 2729 1882 ἑαυτοῖς
2750 1818 2866 1889 φῶς
2885 1816 3165 1887 γνώσεωςο
3198 1835 3217 1869 ι
3238 1816 3345 1888 ὁδῷ
3366 1816 3475 1889 γάρ
3502 1832 3581 1880 τις
3610 1816 3719 1887 μετά

2168 1913 2231 1966 τὸ
2274 1911 2343 1966 τὰ
2389 1911 2494 1984 ἤθη
2536 1911 2774 1982 καθᾶραι
2823 1909 2996 1964 ὁδεύοι
3039 1910 3105 1964 ἂν
3138 1909 3232 1963 ἐπὶ
3260 1911 3364 1982 τὴν
3411 1910 3619 1979 γνῶσιν,
3646 1910 3722 1963 καὶ

2170 2005 2455 2077 φωτίζοιτο
2499 2006 2558 2060 ὲν
2590 2004 2750 2077 αὐτῇ.
2784 2005 2896 2058 Καὶ
2924 2003 3099 2058 ταῦτα
3129 2004 3188 2058 δὲ
3216 2001 3627 2076 παρεκϐατικῶς
3652 2001 3720 2055 λέο

2168 2098 2353 2153 λεκται
2383 2098 2472 2153 διά
2501 2097 2601 2170 τὴν
2641 2097 2771 2169 περὶ
2797 2095 2890 2151 τοῦ
2920 2097 3181 2170 ποτηρίου
3216 2096 3525 2169 βαθυτέραν
3566 2095 3722 2162 ἐξέτα-

2170 2208 2270 2245 σιν.
2309 2192 2419 2245 Καὶ
2453 2191 2511 2244 ὲν
2544 2189 2773 2261 εἰκοστῷ
2808 2189 3044 2262 δευτέρῳ
3072 2188 3273 2262 ψαλμῷ
3303 2189 3555 2243 λέλεκται
3599 2187 3722 2259 πρῶ-

2168 2299 2259 2336 τον
2293 2283 2391 2354 μὲν
2424 2281 2513 2335 τό⁸
2553 2278 2573 2333 ι
2624 2280 2956 2353 Ἠτοίμασας
2981 2280 3209 2335 ἐνώπιόν
3240 2299 3347 2352 μου
3375 2278 3655 2353 τράπεζαν,
3677 2278 3727 2344 ἐξ

2169 2373 2415 2438 ἐναντίας
2437 2370 2547 2426 τῶν
2575 2370 2867 2427 θλιϐόντων
2897 2390 2965 2444 με
2987 2390 3002 2404 ο
3042 2392 3062 2425 ι
3097 2372 3223 2445 ἑξῆς
3251 2372 3311 2426 δὲ
3343 2374 3439 2428 καὶ
3463 2373 3523 2428 τό
3544 2389 3557 2403 ο
3584 2390 3604 2425 ι
3638 2372 3722 2425 llo-

2166 2465 2354 2538 τήριόν
2382 2483 2476 2519 σου
2523 2463 2795 2536 μεθύσκον
2848 2481 2917 2536 με
2943 2464 3074 2519 ὡσεὶ
3109 2465 3424 2537 κράτιστον.
3463 2484 3483 2517 ι
3516 2463 3600 2535 Μὴ
3623 2464 3726 2516 ὑπο-

2170 2554 2492 2626 λαμϐανέτω
2513 2555 2559 2609 δ’
2591 2557 2741 2629 ἡμᾶς
2765 2558 2794 2612 ὀ
2816 2556 3158 2628 ἐντυγχάνων
3180 2557 3309 2630 τῇδε
3329 2561 3400 2630 τῇ
3428 2559 3600 2630 γραφῇ
3620 2572 3726 2628 κρα-

2169 2648 2305 2709 τεῖν,
2332 2646 2414 2698 ὅτι
2442 2645 2609 2717 ἐχρῆν
2643 2661 2759 2708 πως
2784 2644 3150 2717 διηγήσασθαι
3174 2646 3243 2701 τά
3278 2647 3413 2718 περὶ
3435 2647 3541 2700 τῶν
3562 2647 3724 2713 ἀναγε-

2169 2734 2503 2807 γραμμένων
2534 2734 2803 2790 καθίσεων
2836 2733 2933 2789 τοῦ
2964 2735 3099 2790 Θεοῦ
3132 2737 3165 2806 ἢ
3193 2734 3289 2789 τοῦ
3326 2736 3587 2809 Χριστοῦ·
3617 2736 3725 2788 dm.

2169 2821 2477 2893 λογούμεθα
2501 2822 2631 2895 γὰρ,
2656 2824 2738 2878 ὅτι
2763 2823 3082 2897 δυσωπῆσαι
3114 2826 3276 2898 μόνον
3307 2827 3420 2880 ἀπὸ
3451 2827 3555 2881 τῶν
3576 2824 3725 2898 ῥητῶν

2173 2913 2461 2985 προέκειτο
2501 2914 2573 2968 τά
2604 2914 2732 2987 περὶ
2774 2915 3064 2981 καθίσεως,
3097 2918 3189 2971 καὶ
3219 2919 3529 2990 ἀποστῆσαι
3550 2918 3631 2971 τὸν
3654 2918 3724 2970 ὲν-

498 3010 566 3064 ad
598 3020 1057 3067 commemoratas
1090 3012 1344 3083 superius
1377 3011 1472 3068 Dei
1507 3011 1590 3067 vel
1617 3010 1826 3067 Christi
1865 3011 2071 3067 sessio-

2172 3005 2506 3076 τυγχάνοντα
2538 3005 2644 3059 ἀπὸ
2672 3006 2772 3078 τῆς
2792 3009 3181 3081 ταπεινοτέρας
3207 3009 3466 3081 ὲκδοχῆς·
3489 3009 3620 3080 ἄλλῳ
3637 3008 3726 3079 γὰρ

498 3115 598 3154 nes
631 3100 924 3169 pertinent,
955 3103 1297 3172 aliquatenus
1325 3102 1643 3173 exponenda
1670 3109 1887 3168 essent;
1918 3101 1986 3156 ad
2018 3100 2070 3155 id

2172 3097 2346 3170 καιρῷ
2376 3099 2542 3170 ἐχρῆν
2578 3101 2994 3172 προηγουμένην
3029 3100 3151 3154 τινὰ
3185 3101 3383 3172 σκέψιν
3434 3100 3725 3173 ποιήσασθαι

499 3200 681 3247 autem
709 3195 1100 3264 respondemus
1128 3194 1234 3265 hoc
1262 3194 1419 3250 nobis
1454 3193 1721 3249 duntaxat
1751 3190 1922 3248 fuisse
1943 3205 2070 3261 pro-

2172 3191 2299 3262 περὶ
2342 3189 2607 3255 καθίσεως
2650 3192 2745 3245 καὶ
2786 3191 3045 3256 στάσεως,
3092 3193 3185 3246 καὶ
3221 3194 3527 3265 περιπάτου
3558 3191 3725 3262 eam

501 3284 761 3353 positum,
790 3257 852 3340 ut
872 3300 994 3354 quae
1018 3286 1085 3340 de
1106 3257 1352 3340 sessione
1371 3285 1666 3354 jactantnr,
1684 3299 1751 3338 ex
1776 3257 2071 3354 Scripturis

2174 3257 2269 3336 τοθ
2303 3282 2560 3353 Χριστοῦ,
2583 3284 2721 3355 ὅπερ
2748 3283 2849 3338 οὐκ
2868 3284 3102 3337 ἀπαιτεῖ
3130 3287 3165 3356 ἡ
3199 3257 3457 3357 παροῦσα
3480 3257 3723 3358 διήγησιςζ

500 3374 905 3443 refelleremus,
938 3386 992 3433 et
1019 3378 1090 3432 ab
1123 3376 1400 3432 humiliori
1427 3376 1875 3446 interpretatione
1900 3375 2071 3429 lecto-

2182 3373 2415 3445 μεγίστη
2442 3374 2552 3447 γὰρ
2582 3374 2647 3428 ἂν
2678 3375 2774 3429 καὶ
2808 3376 3033 3448 ἄκαιρος
3066 3376 3284 3445 ἐγένετο
3329 3380 3364 3450 ἡ
3402 3378 3723 3451 παρέκϐασις.

499 3482 617 3522 rem
649 3469 1111 3538 absterreremus;
1143 3470 1279 3527 alias
1309 3471 1454 3526 enim
1508 3470 1577 3526 de
1625 3470 1906 3533 sessione,
1952 3474 2008 3523 et
2049 3468 2320 3536 statione,
2380 3479 2435 3524 et
2489 3469 2858 3525 ambulatione
2900 3470 2996 3526 Dei
3035 3473 3118 3527 vel
3146 3472 3353 3529 Christi
3418 3472 3725 3543 potissimum

497 3570 618 3617 erat
675 3561 1098 3632 disputandum,
1156 3564 1303 3634 quod
1348 3576 1587 3634 praesens
1629 3559 2005 3639 interpretatio
2042 3559 2357 3631 neutiquam
2396 3561 2771 3631 desiderabat;
2823 3563 3040 3635 longius
3082 3564 3228 3620 enim
3287 3574 3345 3622 et
3386 3565 3723 3636 intempestive

503 3651 573 3707 ab
605 3652 851 3709 instituto
875 3654 1305 3711 divertissemus.

575 3747 629 3802 8.
669 3746 935 3804 Caeterum
976 3752 1080 3807 boc
1111 3768 1140 3806 a
1183 3752 1516 3822 Sospitatore
1556 3751 1623 3807 ad
1651 3750 1876 3807 Joannis
1904 3759 1959 3805 et
1983 3747 2071 3803 Ja-

501 3839 625 3895 cobi
654 3841 864 3908 matris,
893 3841 976 3897 vel
1011 3843 1252 3912 ipsorum
1285 3843 1527 3900 Zebedzei
1562 3843 1795 3899 tiliorum
1828 3840 2071 3912 postula-

2174 3839 2395 3905 ἀξίωσιν
2423 3839 2523 3910 τῆς
2548 3841 2753 3912 μητρὸς
2791 3842 3038 3896 Ἰωάννου
3069 3844 3163 3898 καὶ
3208 3844 3547 3915 Ἰακώὸου,ἢ
3574 3840 3724 3897 αὐτῶν

502 3928 703 3984 tionem
735 3945 998 4000 responso
1047 3932 1272 3987 dato":
1308 3951 1325 3985 ι
1355 3934 1685 3997 Audientes,
1720 3932 1935 4002 inquit,
1971 3930 2069 3984 de-

2175 3930 2283 3985 τῶν
2318 3931 2450 3984 ulth
2485 3931 2789 3998 Ζεϐεδαίου,
2839 3951 2858 3986 ι
2911 3935 3281 4000 Ἀκούσαντες,
3333 3939 3517 4009 φησὶν,
3548 3938 3591 3989 οἱ
3618 3934 3723 3988 δέκα

500 4036 617 4078 cem
648 4024 908 4096 indignati
935 4035 1061 4081 sunt
1085 4026 1152 4081 de
1176 4026 1391 4082 duobus
1415 4027 1730 4091 fratribus,»
1762 4034 1822 4078 ut
1845 4022 1940 4094 qui
1970 4037 2071 4076 ca:-

2177 4023 2564 4094 ὴγανάκτησαν
2583 4026 2712 4098 περὶ
2736 4024 2844 4080 τῶν
2871 4025 2963 4081 δύο
2988 4027 3248 4099 ἀδελφῶν,
3276 4048 3294 4081 ι
3315 4029 3395 4094 ὡς
3414 4027 3726 4094 ἀξιωσάντων

1665 4141 1703 4195 V
1717 4138 1900 4194 ETUS
1936 4135 2517 4198 INTERPRETATIO.

2243 3746 2391 3819 Πλὴν
2416 3746 2621 3801 τούτων
2648 3748 2944 3820 λεχθέντων
2977 3750 3081 3804 ὑπὸ
3102 3750 3194 3805 τοῦ
3220 3751 3478 3825 Σωτῆρος
3502 3749 3627 3821 πρὸς
3647 3748 3728 3819 τὴν

498 4259 666 4327 illius,
697 4270 779 4339 est
823 4262 987 4339 etiam
1040 4272 1220 4339 potus.
1256 4263 1415 4330 Quod
1446 4262 1766 4339 temeritatis
1802 4260 2022 4330 quidem
2065 4266 2149 4339 est
2182 4259 2535 4339 abdirimere,
2585 4275 2641 4323 et
2687 4267 2852 4324 rebus
2890 4269 3024 4339 ipsis
3059 4270 3368 4325 ostendere.
3413 4270 3606 4326 Tamen
3645 4266 3719 4339 qui

497 4340 693 4411 potest
722 4332 1005 4411 intelligat,
1040 4330 1122 4411 :ne
1162 4333 1298 4388 forte
1319 4336 1469 4411 _quod
1500 4342 1584 4388 est
1625 4334 1680 4411 i_n
1724 4341 1867 4411 actu,
1903 4330 2134 4411 esca‘sit
2163 4349 2178 4383 :
2214 4334 2362 4411 quod
2393 4330 2573 4411 autem
2610 4339 2665 4392 in
2710 4330 3168 4411 consideratione,
3204 4350 3387 4411 potus.
3428 4330 3717 4396 Manducire

498 4409 583 4455 est
609 4402 752 4481 enim
780 4400 1008 4481 CliriSti,
1040 4401 1218 4481 facere
1250 4400 1582 4481 voluntatem
1610 4403 1729 4473 ejus
1757 4401 1851 4481 qui
1900 4400 2053 4481 misit
2094 4414 2244 4466 eum,
2276 4410 2333 4481 et
2370 4405 2797 4481 perticere_opus
2823 4400 3186 4481 ejus.Bibere
3204 4400 3420 4477 autem,
3450 4426 3625 4481 sapere
3651 4424 3720 4481 se-

499 4471 737 4549 cundum
772 4473 1105 4549 voluntatem
1136 4474 1255 4549 ejus
1297 4473 1390 4542 qui
1426 4473 1574 4528 misit
1604 4471 1752 4535 eum,
1787 4479 1842 4527 et
1878 4471 2140 4541 perlicere
2178 4471 2427 4549 notitiam
2459 4476 2597 4544 ejus.
2632 4471 2945 4533 secundum
2974 4480 3117 4536 hanc
3158 4471 3525 4537 diﬂ‘erent'iam'
3550 4478 3718 4536 intelli-

499 4542 646 4609 gitur
689 4549 744 4619 et
789 4542 937 4619 quod
982 4543 1057 4619 ait
1085 4561 1097 4597 :
1130 4541 1326 4597 (Caro
1370 4557 1487 4597 mea
1534 4559 1664 4598 vera
1715 4551 1797 4598 est
1839 4555 1985 4619 esca,
2011 4549 2063 4593 et
2089 4541 2317 4619 sanguis
2341 4541 2502 4619 meus
2525 4562 2685 4619 verus
2724 4559 2807 4604 est
2835 4559 3014 4619 potus.
3046 4570 3065 4602 ι
3098 4549 3235 4605 Esca
3267 4554 3416 4606 enim
3448 4554 3717 4607 animarum

499 4623 628 4694 vera
660 4616 743 4694 est
771 4618 945 4694 actus.
1002 4611 1179 4692 Verus
1205 4622 1384 4693 autem
1430 4621 1596 4694 potus
1634 4620 1732 4694 est_
1765 4610 1972 4694 agnitio
2002 4609 2270 4694 veritatis:
2298 4610 2434 4694 Ideo
2454 4624 2507 4669 et
2540 4617 2778 4694 primum
2807 4609 2900 4694 d'at
2933 4636 3124 4689 panem
3158 4622 3485 4677 benedicens
3511 4630 3560 4676 et
3591 4619 3713 4674 fran-

499 4692 632 4762 gens
656 4679 941 4762 discipulis
971 4680 1106 4745 suis,
1140 4683 1399 4750 quoniam
1423 4678 1486 4762 _in
1519 4682 1693 4753 primo
1720 4678 1839 4762 loco
1864 4689 1950 4762 est
1986 4686 2161 4735 actus.
2210 4678 2278 4734 Et
2320 4693 2444 4751 post
2478 4678 2751 4762 accipiens
2781 4678 3005 4745 calicem
3030 4700 3083 4746 et
3108 4692 3310 4762 gratias
3337 4708 3526 4762 agens,
3558 4690 3673 4743 dixit
3700 4704 3712 4740 :

504 4746 725 4831 {Bibite
757 4746 823 4830 ex
853 4750 957 4831 hoc
982 4746 1195 4817 omnes,
1225 4769 1244 4803 ι
1272 4746 1534 4831 quoniam
1558 4750 2074 4831 convenitprimum
2110 4764 2232 4831 quae
2270 4746 2411 4831 sunt
2424 4763 2579 4831 actus
2598 4746 2859 4831 'impiere,
2894 4769 2948 4815 et
2975 4746 3345 4830 opusubonum
3373 4746 3643 4825 delectare,
3674 4766 3717 4811 et

497 4818 580 4897 sic
610 4818 692 4901 'ad
722 4819 1025 4901 scientiam
1076 4837 1257 4901 rerum
1290 4818 1524 4901 venire;
1559 4831 1613 4878 et
1638 4818 1937 4901 secundum
1980 4819 2296 4901 prophetam
2323 4824 2416 4892 qui
2449 4825 2580 4901 dicit
2619 4845 2633 4879 :
2674 4818 3199 4901 «'Sem'inatcfvobis
3241 4833 3313 4887 ad
3360 4818 3640 4901 justitiam,
3673 4836 3716 4881 et

496 4886 827 4970 vindemiate
852 4889 1087 4970 fructum
1115 4893 1258 4954 vitae.
1295 4912 1313 4943 ι
1336 4902 1395 4970 ut
1429 4893 1663 4970 primum
1696 4895 1834 4948 bona
1867 4886 2031 4970 opera
2064 4886 2356 4970 faciamus,
2377 4904 2501 4962 post
2524 4896 2642 4970 _hoc
2667 4906 2849 4970 autem
2884 4900 3029 4969 quod
3067 4901 3198 4956 dicit
3231 4886 3297 4955 ει
3324 4886 3714 4970 ΙΙῙυίιιίηοιέγοτ

499 4958 585 5040 lii?
608 4960 790 5042 Ιῐξῐηθη
821 4959 1066 5042 Sci-991132
1088 5001 1103 5026 ν
1147 4982 1165 5042 ξ
1197 4965 1355 5042 (1113έὶ
1384 4958 1490 5042 per
1515 4965 1657 5042 viam
1703 4958 1995 5042 quamdam
2023 4958 2713 5042 postqqameinendaverit
2738 4966 2860 5037 quis
2900 4958 3090 5042 'mores
3124 4986 3254 5027 suos
3278 4976 3641 5042 proﬁciscatur
3661 4966 3713 5020 ad

497 5031 781 5086 scientiam
816 5040 868 5087 et
899 5028 1255 5111 illumiuetur.
1289 5031 1355 5085 Et
1468 5034 1678 5111 psalmo
1718 5028 1980 5111 vigesimo
2012 5028 2258 5111 secundo
2285 5032 2487 5111 dictum
2520 5045 2603 5090 est
2629 5028 2862 5107 primum
2890 5055 2904 5091 :
2942 5058 2961 5091 ‹
2993 5028 3325 5111 Pi-zeparasii
3359 5045 3414 5097 in
3451 5047 3708 5110 conspectu

496 5115 620 5182 ineo
649 5116 895 5182 mensam
923 5102 1184 5157 adversus
1209 5116 1302 5157 eos
1333 5104 1425 5182 qui
1458 5098 1716 5157 t'ribulant
1746 5098 1834 5182 {ne
1854 5141 1868 5166 ,
1896 5098 2246 5169 impinguasti
2268 5101 2337 5182 _in
2371 5104 2492 5182 oleo
2521 5098 2974 5182 caput‘meum.)
3010 5109 3079 5164 Et
3112 5098 3232 5182 post
3261 5113 3365 5169 hoc
3392 5130 3406 5166 :
3442 5133 3460 5165 ι
3484 5098 3712 5166 Ροὲυιυω

496 5178 649 5254 tuum
679 5171 970 5254 inebrians
991 5188 1154 5254 quam
1202 5168 1522 5254 praeciarum
1557 5182 1658 5254 est.
1697 5191 1715 5224 ι
1745 5168 1863 5253 Non
1894 5168 2604 5254 aiuwni'r‘eprebeiidatnos
2618 5177 2899 5254 qui-legis
2929 5181 3045 5235 haec
3069 5168 3230 5254 verba
3249 5223 3264 5248 ,
3294 5168 3549 5254 quoniam
3580 5192 3713 5254 opor-

494 5243 599 5322 tuit
628 5242 974 5322 interpretari
1001 5237 1406 5322 quodaminodo
1435 5257 1555 5322 qua:
1584 5244 1651 5299 de
1682 5241 2027 5322 sessionibus
2041 5237 2186 5322 dicta
2208 5250 2335 5295 sunt
2356 5242 2480 5322 _Dei_,_
2501 5247 2584 5301 vel
2610 5237 2835 5322 Christi".
2866 5237 3286 5320 Respondemus
3308 5237 3454 5307 enim
3478 5237 3705 5322 quoniam

495 5309 710 5389 placare
754 5307 1135 5389 tantummodo
1168 5314 1234 5367 de
1280 5307 1575 5389 Scripturis
1624 5307 2104 5389 propositum-fuit
2134 5308 2202 5363 de
2230 5315 2599 5389 sessioriibus,
2634 5327 2687 5372 et
2720 5307 2993 5389 legentem-
3030 5307 3280 5378 avertere
3305 5326 3372 5377 ab
3408 5307 3590 5377 hufnili
3628 5317 3707 5389 illa

498 5381 810 5460 traditione.
846 5382 1295 5460 Alteriusautem
1331 5380 1589 5460 temporis
1620 5380 1702 5438 est
1724 5380 2080 5452 principalem
2106 5383 2504 5450 expositionem
2530 5380 2707 5445 facere
2732 5380 2800 5445 de
2822 5393 3008 5447 sedere
3042 5390 3170 5460 Dei,
3193 5402 3246 5449 et
3276 5403 3441 5459 stare,
3468 5400 3519 5448 et
3542 5388 3707 5446 ambu-

495 5447 628 5524 lare,
659 5451 803 5524 quod
826 5467 935 5524 non
967 5453 1133 5524 exigit
1158 5447 1716 5523 expositio'praesens.

565 5519 618 5597 _8.
654 5514 765 5576 (Et
790 5514 1282 5597 audientes'decein
1312 5514 1619 5597 contristati
1638 5530 1766 5577 sunt
1791 5521 1857 5575 de
1885 5519 2095 5597 duobus
2134 5514 2418 5597 fratribus,
2452 5522 2711 5589 quoniam
2749 5536 3082 5596 rogaverunt
3111 5527 3324 5597 caeteris
3347 5527 3584 5597 proponi.
3609 5543 3624 5574 ι
3652 5520 3706 5597 Et

496 5588 617 5644 vide
645 5593 905 5658 quoniam
930 5604 983 5646 et
1006 5592 1035 5646 J
1044 5592 1174 5647 udas
1201 5604 1317 5648 erat
1345 5595 1485 5647 inter
1516 5592 1882 5661 indignantes,
1913 5592 2015 5645 etsi
2050 5588 2191 5661 inter
2226 5587 2567 5661 indignantes
2596 5587 2968 5650 casterosverat
2992 5638 3006 5661 ,
3034 5613 3102 5652 ne
3132 5596 3274 5653 forte
3301 5587 3523 5654 necdum
3550 5592 3703 5651 immi-

496 5665 642 5715 serat
665 5657 913 5717 diabolus
939 5663 993 5716 in
1024 5678 1118 5719 cor
1140 5663 1259 5733 ejus
1284 5673 1343 5718 ut
1372 5664 1607 5719 traderet
1633 5657 1935 5718 Dominum
1955 5702 1971 5728 ,
2007 5657 2102 5715 sed
2130 5666 2245 5712 erat
2274 5660 2327 5713 in
2349 5657 2478 5729 ipso
2508 5665 2785 5733 proposito
2806 5706 2820 5732 ,
2870 5657 3059 5737 quoet
3093 5669 3275 5724 caeteri
3303 5668 3525 5740 apostoli
3552 5670 3697 5722 erant.

566 5840 786 5897 “Joan.
812 5846 894 5909 vi,
916 5842 1003 5898 56.
1080 5843 1122 5876 ⁸⁸
1149 5840 1338 5898 Matth.
1378 5859 1522 5908 xxvr,
1552 5843 1641 5899 27.
1716 5843 1760 5875 ⁵ο
1790 5838 1883 5897 Os.
1912 5858 1965 5909 x,
1995 5842 2071 5897 ιε.

2172 5840 2545 5909 "Psal.xxu,
2579 5815 2631 5897 εξ
2711 5843 2909 5900 "ibid.
2988 5846 3033 5878 σε
3065 5845 3258 5904 Matth.
3290 5866 3380 5916 xx,
3406 5848 3496 5906 at.
