3962 6532
219 375 382 430 1393

1145 383 1499 468 COMMENT.
1540 392 1609 448 ΙΝ
1646 393 2063 454 ΜΔΤἸἪᾸΞΗΜ
2102 397 2342 457 TOMUS
2379 402 2514 460 XVI.

3352 418 3489 475 1391

214 492 455 556 Λουκᾶς
478 491 713 564 βασιλεῖς
740 498 832 553 καὶ
876 499 1286 570 ὲξουσιάζοντας
1317 508 1486 565 ὲθνῶν
1532 513 1800 585 παραλαμι

1923 516 2027 573 stia
2058 527 2115 575 et
2144 519 2403 578 laudabili
2453 522 2761 581 humilitate
2802 528 3066 597 positam,
3111 545 3343 602 queque
3373 547 3491 590 ser-

213 579 392 674 ςάνει
417 587 498 650 εἰς
522 586 612 640 τὸν
633 588 810 658 λόγον,
846 592 1170 667 ἀποτρέπων
1209 598 1300 653 τὸν
1326 579 1645 674 βουλόμενον
1679 579 1816 660 εἶναι

213 673 292 727 ὲν
347 679 461 740 τοῖς
500 677 746 749 ἀδελφοῖς
785 682 1006 753 μείζονα
1059 689 1344 759 μιμεῖσθαι
1381 673 1499 765 τὴν
1534 695 1818 771 βασιλικὴν

211 765 523 859 ἐξουσίαν,
567 771 600 841 ἢ
636 771 735 843 τὴν
770 773 878 829 τῶν
920 776 1338 846 ὲξουσιαζόντων
1375 787 1475 857 τῆς
1529 765 1816 859 κολακείας

210 855 533 954 ἐπιθυμίαν
551 879 563 893 ·
595 861 862 919 διδάσκω)
886 867 1033 938 ἡμᾶς
1060 870 1125 924 ἵν’
1155 873 1184 926 6
1220 874 1316 943 μὲν
1355 855 1571 948 ἀληθῶς
1601 882 1661 935 ὲν
1683 855 1817 954 ἡμῖν

214 946 440 1017 μείζων
470 951 692 1023 γένηται
719 955 794 1021 ὠς
819 959 848 1010 ό
874 958 1154 1032 νεώτερος,
1175 966 1449 1023 τουτέστιν
1479 969 1555 1034 ῶς
1581 974 1813 1042 παιδίον,

208 1039 535 1139 ἀτελὸτητος
560 1048 654 1100 καὶ
675 1049 916 1139 ἰσότητος
940 1052 1100 1125 χάριν
1122 1073 1137 1087 ο
1172 1059 1201 1111 6
1228 1058 1283 1112 δὲ
1311 1061 1608 1134 ἡγούμενος
1653 1039 1815 1139 (οὕτω

217 1128 291 1182 δὲ
349 1128 506 1203 οἶμαι
543 1135 828 1208 ὀνομάζειν
860 1141 952 1195 τὸν
989 1128 1411 1217 καλούμενον-έν
1440 1128 1559 1219 ταῖς
1589 1128 1815 1231 Ἐκκλη-

220 1222 388 1289 σίαις
422 1226 762 1299 ἐπίσκοπον),
795 1231 871 1296 ὡς
914 1236 943 1288 6
992 1240 1102 1303 τοῖς
1138 1240 1599 1315 ὑπηρετουμένοις
1635 1222 1815 1305 διακό-

209 1315 493 1388 νούμενος
519 1319 652 1392 (68).
705 1325 816 1378 Καὶ
862 1326 1033 1382 ταῦτα
1074 1332 1174 1402 μὲν
1203 1334 1232 1386 6
1269 1334 1363 1389 τοῦ
1396 1335 1532 1392 Θεοῦ
1575 1340 1814 1398 διδάσκει

400 1411 602 1506 (λόγος’
622 1416 793 1506 ,ἡμεῖς
818 1416 894 1481 δὲ,
927 1420 1045 1490 ἦτοι
1073 1422 1148 1495 μὴ
1182 1426 1428 1493 νοοῦντες
1464 1431 1525 1485 τὸ
1568 1431 1814 1506 βούλημα

208 1500 327 1570 τῆς
351 1501 697 1570 διδασκαλίας
724 1509 782 1560 ὲν
809 1508 1019 1575 τούτοις
1058 1512 1255 1585 Ἰησοῦ,
1284 1518 1317 1590 ἢ
1348 1500 1814 1594 καταφρονοῦν-τες

208 1592 336 1645 τῶν
387 1594 724 1665 τηλικούτων
774 1600 1065 1673 ὑποθηκῶν
1114 1607 1208 1661 τοῦ
1242 1609 1494 1685 Σωτῆρος
1515 1592 1544 1680 ,—
1581 1617 1811 1671 τοιοῦτοί

209 1680 398 1754 ἐσμεν
431 1686 508 1750 ὡς
538 1688 705 1743 ἐνίοτε
734 1692 826 1745 καὶ
853 1693 944 1747 τὸν
964 1695 1073 1751 τῶν
1099 1699 1285 1764 κακῶς
1311 1680 1586 1774 ἀργόντων
1615 1709 1673 1761 ὲν
1699 1712 1811 1774 τοῖς

209 1773 441 1870 ἔθνεσιν
476 1780 833 1852 ὑπερϐάλλειν
850 1785 1037 1856 τύφον,
1067 1790 1161 1845 καὶ
1195 1773 1476 1867 μονονουχὶ
1502 1797 1683 1870 ζητεῖν
1732 1773 1808 1865 ὡς

1919 605 2095 667 vienti
2126 614 2407 683 prodesse,
2432 629 2530 672 eos
2551 625 2733 673 autem
2756 617 2951 688 juvare
2984 629 3039 677 et
3064 622 3288 679 reﬁcere
3313 628 3491 695 possit

1918 702 2120 772 quibus
2164 704 2282 775 ipsa
2327 706 2636 765 exhibetur.
2674 708 2746 764 At
2769 708 2947 766 Lucas
2977 726 3132 784 reges
3166 725 3220 770 et
3245 717 3488 786 gentium

1917 794 2173 853 dominos
2197 799 2445 856 oratione
2468 814 2567 856 sua
2592 803 3023 873 comprehendit,
3056 819 3182 861 eum
3211 808 3488 866 deterrens

1916 885 2012 955 qui
2040 885 2181 943 inter
2212 888 2411 947 fratres
2444 893 2622 963 major
2652 909 2775 951 esse
2799 895 3368 967 voluerit,quominus
3397 916 3486 956 re-

1918 977 2062 1048 giam
2095 989 2418 1049 potestatein
2440 1022 2455 1047 ,
2487 984 2571 1038 vel
2603 986 2745 1056 palpi
2777 988 3127 1056 cupiditatem
3153 990 3489 1060 principibus

1916 1067 2135 1124 insitam
2171 1071 2441 1141 imitetur;
2473 1075 2524 1129 id
2552 1091 2654 1130 nos
2687 1077 2958 1144 edocens,
3013 1090 3070 1135 ιιι
3096 1082 3188 1150 qui
3217 1082 3357 1137 inter
3388 1100 3489 1139 nos

1914 1160 2092 1231 major
2122 1177 2308 1219 revera
2338 1174 2424 1222 est
2444 1207 2459 1233 ,
2496 1166 2590 1223 ﬁat
2618 1168 2761 1225 sicut
2786 1171 3004 1238 junior,
3046 1172 3153 1228 hoc
3178 1183 3296 1241 est,
3345 1174 3491 1230 sicut

1913 1251 2129 1320 puellus
2181 1264 2402 1325 pr0pter
2452 1258 2893 1329 simplicitatem,
2921 1270 2975 1316 et
3011 1274 3296 1335 propterea
3339 1267 3487 1336 quod

1915 1344 2038 1401 aliis
2079 1362 2361 1417 nunquam
2406 1366 2467 1406 se
2509 1352 2779 1408 anteferat
2834 1374 2847 1408 :
2900 1355 3153 1427 princeps
3198 1374 3331 1414 vero
3372 1361 3489 1430 (sic

1913 1446 2097 1493 autem
2143 1441 2524 1510 appellandum
2554 1447 2811 1502 existimo
2854 1449 2950 1518 qui
2990 1449 3045 1503 in
3074 1448 3336 1508 Ecclesiis
3367 1454 3486 1522 epi-

1913 1545 2115 1601 scopus
2147 1535 2399 1598 vocatur)
2423 1543 2682 1607 tanquam
2714 1540 2809 1609 qui
2838 1540 3281 1599 ministrantibus
3321 1546 3486 1598 mini-

1912 1628 2068 1677 strat.
2130 1622 2307 1694 Atque
2334 1625 2450 1683 haec
2480 1628 2699 1697 quidem
2745 1630 2903 1686 docet
2932 1647 3034 1687 nos
3062 1632 3158 1688 Dei
3192 1632 3427 1690 Verbum
3468 1654 3482 1690 :

1912 1728 2011 1768 nos
2039 1724 2221 1770 autem
2252 1716 2366 1773 sive
2393 1718 2655 1775 doctrina:
2682 1719 2812 1776 Jesu
2850 1722 2952 1778 hoc
2980 1723 3100 1779 loco
3121 1726 3334 1781 tradita:
3361 1740 3487 1779 sen-

1913 1804 2137 1861 tentiam
2157 1822 2264 1862 non
2283 1823 2664 1881 assequamur,
2689 1812 2803 1869 sive
2831 1813 2955 1868 talia
2976 1813 3282 1869 Servatoris
3299 1830 3484 1885 asper—

207 1865 265 1978 :i
294 1864 539 1935 βασιλεῖς
575 1870 908 1945 δορυφόρους
932 1893 946 1907 ·
995 1880 1090 1933 καὶ
1142 1862 1672 1953 φοϐεροὺς-έαυτοὺς
1715 1862 1800 1945 καί

2386 1862 2664 1881 ηψπ-Ἴ
2689 1862 2801 1869 --η
2832 1862 2955 1868 _____
2978 1862 3067 1869 ﬂ-
3091 1862 3281 1869 -_-__--
3299 1862 3448 1885 --νη

1910 1912 2102 1954 nemur
2153 1911 2454 1974 praecepta,
2509 1904 2646 1960 tales
2675 1921 2866 1962 sumus
2911 1915 2970 1961 ut
3016 1907 3482 1978 nequissimorum

203 1954 617 2030 δυσπροσίτους
642 1965 875 2035 μάλιστα
914 1973 1024 2036 τοῖς
1050 1973 1244 2047 πένησι
1288 1980 1803 2048 κατασκευάζοντες,

205 2048 455 2144 τοιοῦτοί
483 2053 649 2144 ἐσμεν
673 2058 809 2144 πρὸς
838 2061 1035 2127 αὐτοὺς
1067 2065 1493 2138 ἐντυγχάνοντας
1532 2074 1683 2144 ἡμῖν,
1711 2076 1806 2129 καὶ

207 2136 353 2207 περί
385 2154 549 2195 τινων
578 2142 880 2211 ἀξιοῦντας.
918 2149 994 2213 ὡς
1016 2151 1135 2205 οὑδὲ
1160 2155 1210 2208 οἱ
1232 2136 1506 2229 τύραννοι,
1540 2136 1632 2216 καὶ
1655 2136 1805 2234 ῶμό-

202 2241 371 2298 τεροι
398 2230 507 2284 τῶν
538 2232 811 2306 ἀρχόντων
852 2240 988 2311 πρὸς
1023 2245 1149 2310 τοὺς
1179 2246 1380 2314 ἱκέτας.
1428 2252 1539 2306 Καὶ
1581 2230 1718 2309 ἔστιν
1740 2272 1805 2326 γε

205 2319 352 2374 ἰδεῖν
369 2324 428 2375 ὲν
445 2324 666 2391 πολλαῖς
689 2330 1068 2403 νομιζομέναις
1084 2336 1449 2412 Ἐκκλησίαις,
1464 2345 1558 2398 καὶ
1573 2319 1804 2418 μάλιστα

204 2415 340 2476 ταῖς
368 2414 476 2469 τῶν
506 2418 768 2488 μειζόνων
800 2424 1028 2492 πόλεων,
1055 2429 1181 2494 τοὺς
1197 2433 1531 2506 ἡγουμένους
1558 2414 1652 2494 τοῦ
1672 2441 1803 2498 λαοῦ

204 2502 309 2555 τοῦ
343 2504 501 2572 Θεοῦ,
541 2510 806 2583 μηδεμίαν
840 2516 1106 2587 ίσολογίαν
1128 2502 1544 2594 ἐπιτρέποντας,
1582 2530 1693 2585 ἔσθ’
1713 2534 1802 2589 ὅτε

206 2596 311 2649 καὶ
344 2601 457 2663 τοῖς
491 2600 793 2670 καλλίστοις
815 2607 923 2662 τῶν
959 2611 1130 2683 Ἰησοῦ
1167 2616 1424 2688 μαθητῶν
1444 2660 1459 2684 ,
1494 2617 1633 2678 εἶναι
1668 2626 1802 2699 πρὸς

205 2688 439 2787 αὐτούς.
472 2693 640 2787 Καὶᾲό
665 2697 764 2767 μὲν
805 2700 1125 2769 ’Δπόστολος
1153 2710 1266 2772 τοῖς
1292 2712 1499 2783 κυρίοις
1537 2717 1665 2787 περὶ

162 2838 180 2853 ,
203 2780 445 2874 οἰκετῶν
468 2784 687 2857 ἐντολὴν
719 2788 897 2845 δίδωσι
929 2793 1099 2863 λέγων
1116 2813 1128 2827 ·
1162 2817 1180 2851 ι
1203 2801 1266 2854 Ol
1286 2780 1484 2874 κύριοι,
1517 2806 1577 2860 τὸ
1595 2780 1801 2867 δίκαιον

207 2871 310 2924 καὶ
336 2872 440 2945 τὴν
472 2875 691 2948 ἰσότητα
717 2882 829 2944 τοῖς
855 2882 1061 2949 δούλοις
1084 2871 1407 2959 παρέχεσθε,
1445 2893 1665 2961 εἰδότες,
1719 2899 1799 2954 ὅτι

207 2966 310 3018 καὶ
348 2967 507 3037 ὑμεῖς
537 2968 688 3041 ἔχετε
712 2973 917 3045 Κύριον
949 2978 1007 3030 ὲν
1033 2978 1248 3052 οὐρανῷ
1266 2998 1282 3013 ο
1313 3001 1333 3034 ι
1363 2984 1604 3042 διδάσκει
1623 2988 1680 3042 δὲ
1704 2992 1800 3045 καὶ

207 3055 425 3111 ἀνιέναι
449 3059 548 3131 τὴν
570 3062 796 3137 ἀπειλὴν
820 3067 946 3132 τοὺς
965 3068 1227 3135 δεσπότας
1257 3074 1397 3129 κατά
1424 3077 1532 3132 τῶν
1550 3081 1794 3135 οἰκετῶν.

210 3147 379 3264 ἿΞστι
401 3150 460 3264 6:5
489 3170 641 3264 stva';
672 3156 802 3264 ἰδεῖν
831 3158 999 3264 diem;
1030 3163 1403 3233 ἀπειλοῦντας,
1425 3169 1514 3223 ὁτὲ
1543 3172 1641 3243 μὲν
1664 3190 1796 3245 προ-
1822 3205 1864 3264 C

205 3240 380 3337 φάσει
410 3243 705 3337 άμαρτίας,
724 3249 813 3303 ότὲ
837 3251 894 3305 δὲ
918 3252 998 3325 τῷ
1025 3262 1385 3329 καταφρονεῖν
1401 3261 1514 3316 τῶν
1541 3240 1792 3337 πτωχῶν,

204 3331 370 3425 παρά
400 3332 490 3386 τὸν
523 3335 876 3394 ἀποστολικὸν
898 3343 1055 3413 λόγον
1087 3348 1145 3402 ἐν
1167 3341 1212 3415 ᾧ
1239 3347 1515 3407 λέλεκται·
1560 3374 1579 3407 ι

202 3420 423 3517 έδωκαν
448 3425 569 3496 ἐμοὶ
598 3429 689 3484 καὶ
723 3431 972 3507 Βαρνάϐᾳ
1002 3440 1303 3506 κοινωνίας.
1339 3443 1425 3498 ἵνα
1443 3446 1605 3517 ἡμεῖς
1627 3420 1707 3515 είς
1728 3420 1796 3506 τά

202 3512 365 3588 ἔθνη,
394 3517 548 3573 αὐτοὶ
574 3521 631 3575 δὲ
661 3524 741 3588 είς
768 3524 867 3598 τὴν
898 3533 1216 3605 περιτομὴν,
1241 3534 1399 3606 μόνον
1431 3512 1538 3593 τῶν
1566 3512 1795 3616 πτωγῶν

203 3607 302 3662 ἵνα
337 3611 762 3687 μνημονεύωμεν
785 3634 798 3648 ⁸
834 3638 854 3671 i
894 3622 989 3675 καὶ
1021 3624 1183 3679 πάλιν
1214 3627 1315 3701 τὴν
1342 3630 1477 3701 πρὸς
1493 3634 1620 3699 τοὺς
1655 3607 1787 3692 ὑπο-

203 3702 452 3802 χειρίους
487 3706 706 3779 ἰσότητα
758 3712 890 3784 μηδὲ
931 3716 1388 3790 φανταζομένους,
1440 3725 1523 3778 ὅτι
1564 3728 1792 3802 καθήκει

202 3793 446 3864 ἀτυφίαν
486 3798 582 3851 καὶ
636 3800 857 3872 ἰσότητα
897 3805 1133 3875 μάλιστα
1181 3811 1525 3883 Χριστιανοῖς
1570 3793 1794 3888 ἐμπολι-

202 3883 482 3953 τεύεσθαι,
512 3890 606 3943 καὶ
632 3889 923 3964 ἐξαιρέτως
951 3898 1008 3951 ἐν
1029 3902 1141 3964 τοῖς
1166 3901 1437 3977 ὑπεροχήν
1455 3923 1576 3962 τινα
1592 3883 1791 3982 όνόμα-

200 3993 300 4041 τος
324 3979 775 4077 ἐκκλησιαστικοῦ
797 3987 1053 4059 φοροῦσι·
1090 3992 1395 4067 γέγραπται
1417 4000 1552 4070 γάρ·
1595 4020 1616 4054 ι
1645 3979 1792 4077 "(iam

207 4069 389 4142 μέγας
421 4067 491 4137 εἷ,
521 4075 763 4148 τοσούτῳ
789 4080 1042 4136 ταπείνου
1083 4087 1327 4153 σεαυτὸν,
1360 4090 1453 4144 καὶ
1480 4090 1659 4149 ἔναντι
1680 4097 1792 4149 Κυ-

206 4164 327 4251 ρίου
350 4165 605 4237 εὑρήσεις
631 4169 809 4241 χάριν.
854 4191 873 4225 ι
921 4174 1116 4248 Ἐχρῆν
1143 4178 1187 4232 δ’
1216 4181 1365 4252 ἡμᾶς
1387 4183 1583 4240 εἰδέναι
1615 4188 1791 4244 καὶτὸ

204 4254 268 4352 ἐν
308 4257 658 4352 ζΙαροιμίαις
698 4258 870 4328 οὕτως
928 4267 1246 4339 εἰρημένονο
1288 4291 1308 4325 ι
1347 4274 1461 4347 Πρὸ
1501 4280 1790 4352 συντριδῆς

116 4350 129 4361 ’
203 4344 441 4413 ὑψοῦται
467 4348 660 4420 καρδία
688 4352 900 4425 ἀνδρὸς,
931 4358 1025 4412 κα)⁸
1054 4359 1158 4432 πρὸ
1189 4360 1346 4435 δόξης
1375 4344 1718 4424 ταπεινοῦται

204 4436 479 4493 ἐκκλίνειν
503 4438 561 4492 δὲ
580 4442 672 4495 καὶ
699 4443 761 4497 τὸ
790 4453 1102 4518 περιπεσεῖν
1133 4450 1212 4522 τῷ
1241 4455 1585 4530 φρονῆσαι,ἢ
1616 4461 1788 4515 εἰπεῖν

1909 1989 2050 2046 inter
2089 2003 2277 2063 gentes
2322 1993 2626 2066 principum
2653 1998 2965 2069 superbiam
2996 1999 3290 2069 aliquando
3318 2014 3484 2070 supe-

1906 2096 2113 2148 remus,
2143 2091 2199 2140 et
2221 2084 2485 2142 satellites
2510 2086 2656 2143 haud
2674 2102 2835 2144 secus
2861 2104 2927 2144 ac
2954 2104 3110 2161 reges
3136 2098 3347 2145 tantum
3371 2105 3480 2144 non

1905 2173 2297 2245 conquiramus
2339 2193 2354 2232 :
2388 2177 2689 2247 quinetiam
2723 2194 2825 2235 nos
2867 2180 2936 2237 ad
2965 2189 3228 2237 terrorem
3260 2196 3483 2251 compo-

1904 2274 2114 2334 nentes,
2151 2266 2506 2340 dimcilesque
2537 2270 2606 2326 ad
2636 2285 2738 2327 nos
2757 2271 2962 2339 aditus,
2988 2272 3321 2342 pauperibus
3348 2286 3483 2341 prae-

1905 2357 2093 2413 sertim
2130 2357 2424 2427 facientes,
2476 2360 2615 2416 tales
2658 2361 2729 2417 iis
2770 2362 3159 2418 accedentibus
3182 2370 3239 2417 et
3272 2361 3482 2432 aliquid

1903 2449 2225 2519 rogantibus
2252 2464 2352 2506 nos
2378 2451 2725 2518 exhibemus,
2770 2452 2961 2522 quales
2987 2452 3228 2523 tyranni,
3275 2451 3483 2522 princi-

1904 2553 2102 2608 pumve
2138 2542 2506 2597 crudelissimi
2552 2543 2887 2613 supplicibus
2923 2558 3045 2600 sese
3073 2558 3182 2599 non
3214 2542 3478 2613 praebent.

1902 2629 2064 2685 Acin
2091 2630 2366 2702 plerisque
2402 2633 2642 2703 legitime
2671 2632 2985 2690 constitutis
3006 2675 3022 2701 ,
3069 2632 3165 2689 sed
3208 2632 3480 2703 majorum

1901 2722 2203 2791 praesertim
2247 2724 2526 2779 civitatum
2563 2723 2821 2781 Ecclesiis
2854 2725 3128 2795 principes
3171 2724 3356 2795 populi
3384 2722 3478 2778 Dei

1902 2811 2086 2868 videre
2114 2813 2259 2880 licet,
2290 2815 2436 2870 haud
2466 2815 2630 2871 ullam
2662 2814 2807 2894 apud
2835 2831 2894 2872 se
2920 2814 3084 2888 724
3107 2815 3477 2887 aequalitatem

1901 2905 2130 2971 servari,
2183 2922 2250 2961 ne
2283 2908 2756 2976 praestantissimis
2809 2907 3030 2979 quidem
3077 2920 3477 2981 nonnunquam

1898 2993 2025 3053 Jesu
2060 2997 2345 3067 discipulis
2369 2998 2768 3065 permittentes.
2808 2999 2969 3055 Certe
2994 2999 3295 3070 Apostolus
3330 3001 3476 3056 heris

1898 3103 2028 3159 erga
2082 3087 2317 3145 famulos
2363 3101 2692 3161 praeceptum
2745 3090 2914 3146 tradit
2963 3090 3154 3149 dicens
3181 3093 3227 3124 ⁸ο
3261 3110 3274 3146 :
3312 3111 3331 3143 ι
3368 3090 3477 3145 Do-

1898 3178 2066 3246 mini,
2112 3179 2257 3249 quod
2284 3179 2496 3249 justum
2526 3192 2607 3237 est
2631 3191 2684 3237 et
2709 3198 2948 3254 aequum,
2994 3185 3169 3240 servis
3198 3193 3472 3255 prmstale,

1899 3269 2134 3325 scientes
2168 3271 2316 3341 quod
2347 3280 2402 3328 et
2440 3287 2539 3328 vos
2566 3270 2858 3330 Dominum
2890 3275 3101 3332 habetis
3143 3276 3195 3330 in
3239 3277 3417 3338 coelo;
3450 3297 3468 3327 ι

1897 3359 2199 3431 quinetiam
2249 3362 2513 3419 adversus
2565 3379 2755 3421 servos
2799 3365 2979 3421 minas
3010 3366 3286 3422 remittere
3311 3368 3474 3422 heros

1896 3450 2077 3505 docet.
2130 3449 2435 3509 Nonnullos
2462 3462 2645 3511 autem
2680 3457 2889 3526 asperis
2918 3465 3133 3514 utentes
3166 3459 3474 3515 commina-

1897 3543 2138 3600 tionibus
2184 3544 2367 3602 videre
2409 3545 2566 3612 licet,
2618 3548 2911 3618 aliquando
2965 3551 3175 3620 peccati
3221 3551 3469 3615 obtentu,

1897 3651 2291 3707 nonnunquam
2325 3640 2487 3695 etiam
2512 3655 2624 3711 prae
2650 3656 2948 3712 pauperum
2977 3652 3314 3714 contemptu,
3339 3659 3473 3699 con-

1896 3735 1979 3784 tra
2015 3728 2261 3798 Apostoli
2289 3744 2600 3786 sermonem
2626 3731 2722 3801 qui
2753 3732 2835 3786 sic
2869 3730 3032 3787 habet
3051 3732 3095 3763 “
3130 3750 3145 3787 :
3188 3750 3207 3785 ι
3240 3733 3471 3788 Dextras

1894 3818 2161 3875 dederunt
2208 3820 2343 3874 mihi
2393 3829 2448 3876 et
2497 3820 2763 3876 Barnabas
2808 3822 3087 3877 societatis
3132 3840 3147 3875 :
3183 3831 3243 3877 ut
3273 3837 3374 3876 nos
3413 3823 3467 3875 iii

1894 3919 2101 3982 gentes,
2152 3910 2255 3981 ipsi
2282 3920 2462 3967 autem
2497 3912 2553 3966 in
2601 3912 3076 3969 circumcisionem
3110 3930 3125 3968 :
3154 3922 3366 3967 tantum
3409 3924 3469 3967 ut

1895 4019 2194 4074 pauperum
2240 4018 2509 4060 memores
2542 4018 2790 4061 essemus
2817 4024 2831 4061 :
2862 4026 2882 4059 ι
2924 4013 2979 4060 et
3009 4020 3229 4061 rursum
3258 4005 3465 4060 nullain

1892 4110 2020 4166 erga
2069 4094 2318 4151 subditos
2369 4094 2796 4164 aequabilitatem
2839 4094 2897 4151 iu
2925 4095 3168 4154 animum
3200 4095 3465 4152 inducen-

1892 4195 1974 4240 tes
1994 4225 2008 4250 ,
2041 4200 2218 4256 neque
2254 4184 2579 4241 modestiam
2603 4194 2659 4240 et
2684 4186 3111 4256 aequabilitatem
3139 4188 3282 4243 inter
3301 4188 3465 4242 Chri-

1893 4277 2099 4333 stianos
2140 4277 2488 4348 potissimum
2542 4278 2750 4334 versari
2780 4277 2978 4334 debere
3005 4278 3328 4350 cogitantes,
3367 4279 3463 4333 sed
3540 4309 3547 4314 -

1891 4369 2035 4424 inter
2075 4384 2171 4424 eos
2199 4368 2497 4438 praesertim
2524 4367 2619 4437 qui
2647 4368 2964 4439 dignitatem
3010 4368 3250 4439 aliquam
3280 4386 3333 4423 ιιι
3364 4369 3464 4425 Ec-

1890 4460 2053 4517 clesia
2083 4469 2279 4530 gerunt
2307 4478 2320 4514 :
2354 4460 2616 4528 scriptum
2647 4469 2735 4514 est
2759 4460 2968 4514 enim"
3003 4478 3017 4516 :
3053 4479 3073 4513 ι
3104 4460 3321 4528 Quanto
3348 4477 3464 4515 ma-

202 4526 385 4598 λόγον,
418 4530 478 4585 ὃν
506 4527 658 4588 εἶπεν
686 4537 715 4589 6
749 4536 915 4593 θέλων
950 4543 1141 4596 ἑαυτὸν
1192 4526 1477 4604 δικαιῶσαι
1526 4526 1665 4625 πρὸς
1690 4554 1782 4607 τὸν

1903 4567 2027 4624 gnus
2067 4568 2127 4607 es
2149 4593 2163 4617 ,
2198 4552 2427 4607 humilia
2456 4553 2591 4608 tein
2619 4552 2898 4618 omnibus,
2932 4561 2987 4610 et
3009 4569 3195 4609 coram
3233 4553 3345 4609 Deo
3380 4555 3464 4609 iii-

211 4620 427 4691 Ἰησοῦν
452 4623 737 4693 διδάξαντα
753 4629 845 4683 τόδ
882 4649 904 4683 ι
950 4632 1280 4707 Ἀγαπήσεις
1310 4642 1401 4692 τὸν
1438 4620 1663 4713 πλησίον
1688 4660 1781 4698 σου

1888 4646 2076 4702 venies
2120 4645 2373 4717 gratiam.
2410 4665 2429 4697 ι
2490 4644 2627 4701 Illud
2663 4661 2882 4716 quoque
2928 4662 3070 4704 scire
3098 4661 3200 4704 nos
3225 4656 3459 4718 oportet,

200 4712 278 4779 ὡς
309 4716 524 4784 ἑαυτὸν,
561 4737 581 4772 ι
610 4719 671 4785 ὃς
697 4722 798 4776 οὐκ
821 4724 1018 4799 ᾐδέσθη
1050 4727 1127 4800 τῷ
1152 4730 1362 4803 Σωτῆρι
1382 4735 1588 4789 εἰπεῖν·
1628 4755 1647 4789 ι
1674 4738 1783 4791 Καὶ

1903 4738 2036 4810 ιυοὰ
2067 4712 2448 4794 invProverbiis
2474 4712 2738 4810 scriptum
2766 4712 2852 4795 est
2879 4740 2967 4796 his
2996 4741 3174 4796 verbis
3192 4740 3239 4772 ⁸³
3266 4759 3278 4795 :
3309 4759 3327 4792 ι
3347 4740 3461 4794 An-

1403 4848 1635 4907 VETUS
1670 4849 2256 4908 INTERPRETATIO.

198 4947 429 5013 debent,
461 4949 781 5033 sedimitari
807 4954 1012 5036 debent
1038 4955 1315 5014 Christum
1352 4962 1726 5019 accessibilem
1753 5005 1772 5033 ,
1821 4973 1878 5023 et
1911 4965 2236 5022 mulieribus
2264 4964 2581 5049 loquentem
2606 5011 2622 5036 ,
2648 4978 2701 5025 et
2727 4969 3139 5053 puerismanus
3172 4965 3460 5089 ἱιηροῃεη-

199 5028 334 5089 rem,
361 5027 417 5073 et
441 5019 721 5089 discipulis
743 5040 858 5081 suis
883 5025 1045 5089 pedes
1072 5028 1339 5085 lavantem
1368 5040 1532 5089 atque
1558 5042 1854 5089 tergentem
1876 5077 1891 5089 .
1928 5038 2241 5089 exemplum
2269 5052 2349 5089 eis
2371 5038 2613 5089 dantem.
2667 5048 2728 5089 ιιι
2753 5050 2807 5089 ei
2831 5054 2936 5089 insi
2970 5038 3222 5089 Similiter
3273 5045 3458 5089 aciant

199 5027 417 5109 terr-inet
441 5019 721 5109 discipulis
743 5024 858 5109 suis
883 5025 1045 5109 pedes
1072 5028 1339 5109 lavantem
1368 5040 1532 5109 atque
1558 5019 1891 5109 tergentem,
1912 5019 2241 5109 exemplum
2269 5019 2359 5092 eis
2371 5019 2622 5109 dantem:
2653 5019 3222 5109 'di'ei'iiiéi'giiiiiiiié’r

3273 5034 3458 5090 'aciant

198 5088 467 5147 fratribus
498 5088 633 5148 suis.
666 5088 915 5179 Forsitan
945 5106 1125 5179 autem
1165 5108 1219 5154 et
1251 5088 1521 5179 quoniam,
1557 5088 2887 5179 originalis"amicitiis;"savia;301511133
2932 5109 3221 5163 hominum
3267 5106 3454 5179 generi

199 5165 1231 5259 inpar-optereagi‘eiti'trformam
1251 5165 1778 5259 ser-visuscepisse,
1823 5186 1880 5234 et
1904 5177 2225 5259 humiliasse
2249 5192 2320 5259 se
2351 5192 2535 5259 usque
2550 5165 2624 5259 ad
2652 5173 2882 5234 mortem
2902 5220 2917 5246 ,
2948 5165 3374 5259 ρτρριεςνεξιῖοιι.
3399 5185 3456 5230 et

199 5229 618 5312 Dominiis‘enin
646 5235 1091 5318 superexaltavit.
1124 5238 1228 5318 Qui
1251 5240 1368 5318 vult
1394 5256 1524 5314 ergo
1551 5229 1780 5318 eialtairi
1799 5229 3119 5318 ,f'siiriiiii*iéc‘i'ai‘,'ui‘é‘ﬁiiéiui‘ﬁéi‘éh’{sicin
3148 5229 3322 5300 Filius
3360 5246 3457 5299 ho-

200 5301 687 5399 mi"i§.93.9.39'1i'
718 5301 1544 5399 miserari...semicanae.
1567 5313 1723 5399 .Nain
1756 5301 2083 5399 «sane:
2131 5301 2583 5399 ιιιίηίέιι-αγέτιμηρ
2609 5319 2659 5399 εί
2689 5301 2919 5399 q‘uanao.
3401 5326 3455 5399 CF

202 5371 594 5429 ministrabant
620 5374 670 5429 ei
700 5393 715 5430 :
743 5393 764 5427 ι
796 5375 900 5432 etsi
928 5374 1138 5433 Martha
1165 5380 1497 5438 ministravit
1532 5384 1618 5451 ei;
1673 5371 1857 5444 tamen
1885 5371 2009 5444 nor?
2023 5371 2144 5444 ideo
2174 5371 2408 5444 venitiut
2428 5371 2921 5455 ἧιίέιιέιῖειῖπζέὲὶι
2957 5397 3017 5443 ιιι
3047 5371 3326 5443 ministret
3351 5400 3366 5440 :
3400 5395 3456 5441 et

268 5505 314 5536 “
343 5507 466 5565 Col.
498 5523 574 5574 tv,
609 5510 660 5566 l.
736 5508 781 5544 “
812 5511 930 5568 Gal.
958 5528 1020 5582 ιι,
1055 5513 1110 5583 9,
1141 5514 1229 5570 10.
1304 5517 1351 5550 δ’
1371 5515 1550 5574 Eccle.
1584 5534 1680 5588 iii,
1708 5518 1797 5576 20.

1903 5519 1918 5552 '
1938 5515 2097 5575 Prov.
2121 5535 2277 5588 xviii,
2302 5520 2391 5576 l2.

215 5694 229 5712 ,
268 5621 385 5712 (ϐξ)
413 5622 501 5712 ξφ,
526 5622 605 5712 δὲ
636 5625 976 5712 ,ᾐτούμενιζς
1021 5628 1199 5712 (οῦῖω
1243 5630 1312 5685 δὲ
1362 5632 1559 5712 caleat.
1613 5635 1769 5712 659-).

197 5695 279 5761 ὡς
323 5695 357 5747 ό
404 5695 528 5760 τοῖς
575 5695 1077 5821 ὑπηρετουῐμέγοις
1118 5695 1602 5773 διακονούμενος.
1645 5695 1771 5762 Haec

201 5773 479 5844 postrema
510 5765 684 5844 verba
713 5767 1110 5844 sigui_ic_atione
1135 5773 1309 5828 activa
1336 5774 1572 5844 gaudere
1604 5775 1771 5830 inter-

201 5832 330 5891 dum
367 5832 526 5890 docet
572 5832 825 5895 Budaeus.
858 5836 1044 5911 Igitur,
1086 5844 1116 5895 6
1158 5844 1269 5909 τοῖς
1313 5832 1774 5917 ὑπηρετουμένοις

1876 5635 2309 5723 διακονρύμενος,
2339 5636 2391 5690 id
2423 5643 2509 5723 est
2544 5655 2579 5719 ι.
2614 5650 2805 5723 servus
2848 5651 3163 5723 servorum,
3202 5654 3223 5693 ι
3259 5657 3454 5723 quent-

575 5696 1077 5821 ὑπηρετουῐμέγοις
1118 5696 1602 5773 διακονούμενος.
1645 5696 1773 5762 Haec

575 5765 674 5835 trba
713 5767 853 5835 signi
876 5769 1110 5827 icatione
1135 5773 1309 5828 activa
1336 5774 1572 5835 gaudere
1604 5775 1771 5830 inter-

1903 5696 2171 5830 ;lmodum
2208 5696 2582 5779 pie'appellari
2607 5707 2803 5779 gaudet
2822 5709 2918 5782 qui
2945 5696 3200 5767 Ecclesiae
3231 5696 3448 5785 priest.

1930 5792 2141 5835 υετιυε.
