3962 6538
551 403 690 462 ιδθε

2012 402 2332 462 ORIGENIS

3667 405 3790 460 {3'36

556 535 776 597 tequam
809 532 1141 591 conteratur,
1175 525 1447 580 enitatur
1471 540 1575 582 eor-
1600 527 1861 592 hominis,
1891 536 1944 581 et
1975 535 2120 582 ante-

2224 526 2304 590 τίς
2334 525 2451 579 ἐστί
2497 542 2598 598 μου
2639 525 2898 598 πλησίον;
2943 544 2962 577 ι
2999 524 3144 579 Ἔδει
3189 522 3245 577 δὲ
3286 523 3381 577 καὶ
3434 522 3544 576 circo
3595 523 3787 576 Παύλου

552 633 718 687 quam
736 617 1090 688 glorificetur,
1121 617 1468 685 humiliatur;
1491 636 1508 670 ι
1531 634 1595 673 ac
1622 619 1969 674 devitandum
1995 619 2121 674 item

552 719 639 765 est
672 725 741 765 ne
765 710 821 764 in
849 724 969 765 eam
1000 709 1317 765 delabamur
1352 712 1675 766 sententiam
1698 751 1713 776 ,
1766 712 2125 779 eumdemque

553 795 896 869 proferamus
926 816 1261 870 sermonem,
1291 818 1354 858 ac
1389 804 1483 873 qui
1514 805 1869 860 excusatione
1898 820 1956 861 se
1986 807 2122 862 tueri

552 893 742 948 volens
770 907 897 964 erga
933 892 1118 949 Jesum
1152 910 1181 948 a
1221 910 1333 964 quo
1361 904 1689 965 praeceptum
1724 897 1856 952 illud
1896 913 2122 969 accepe-

550 991 639 1038 rat
671 983 718 1016 “
747 1001 763 1039 :
801 1003 820 1036 ι
853 984 1051 1055 Diliges
1075 987 1381 1057 proximum
1415 995 1567 1042 tuum
1606 988 1751 1044 sicut
1791 991 2061 1059 teipsum;
2099 1010 2118 1043 ι

555 1072 832 1129 Servatori
864 1076 1197 1146 respondere
1222 1092 1333 1132 non
1364 1079 1583 1134 erubuit
1611 1080 1657 1112 ⁸⁸
1691 1098 1706 1134 :
1747 1098 1767 1133 ‹
1802 1079 1868 1134 Ει
1896 1081 2019 1151 quis
2044 1090 2126 1137 est

555 1180 710 1222 meus
742 1167 1058 1235 proximus?
1095 1186 1116 1221 ι
1141 1166 1196 1222 ld
1236 1170 1398 1225 etiam
1453 1186 1482 1225 a
1511 1170 1683 1228 Paulo
1728 1173 1984 1229 didicisse
2026 1190 2124 1245 par

554 1269 710 1312 erat:
746 1276 764 1309 ι
798 1257 939 1314 Cum
974 1274 1258 1328 possemus
1283 1262 1436 1318 vobis
1464 1264 1615 1319 oneri
1652 1279 1792 1331 esse,
1821 1273 1883 1319 ut
1922 1264 2125 1320 Christi

556 1351 785 1420 apostoli
820 1367 835 1404 :
868 1350 961 1407 sed
1003 1351 1134 1407 facti
1161 1369 1352 1409 sumus
1384 1353 1534 1409 lenes
1565 1355 1618 1409 in
1648 1355 1829 1410 medio
1852 1364 2118 1423 vestrum,

557 1450 813 1511 tanquam
844 1442 893 1497 si
921 1443 1104 1497 nutrix
1140 1441 1318 1499 foveat
1350 1443 1490 1500 filios
1516 1460 1647 1501 suos
1668 1446 1737 1502 “.
1770 1465 1788 1498 ι
1820 1444 1934 1502 Hoc
1961 1448 2122 1502 etiam

557 1531 757 1587 imitari
787 1533 1074 1602 Oportebat
1104 1532 1147 1564 ⁸⁷
1182 1552 1195 1587 :
1233 1551 1252 1584 ι
1286 1533 1393 1589 Aut
1416 1535 1659 1604 nunquid
1685 1547 1964 1606 peccatum
1995 1536 2120 1603 feci,

557 1621 826 1690 meipsum
858 1620 1176 1686 humilians,
1209 1630 1271 1676 ut
1295 1638 1393 1678 vos
1433 1625 1781 1680 exaltemini?
1815 1646 1836 1679 ι
1873 1625 2124 1682 Gentium

554 1725 684 1780 ergo
730 1712 1002 1782 principes
1050 1728 1150 1769 suo
1192 1714 1246 1769 in
1291 1730 1384 1771 eas
1416 1716 1642 1787 imperio
1670 1718 1935 1774 violenter
1964 1728 2123 1774 utan-

555 1812 675 1869 tur;
726 1802 981 1859 Ecclesiaa
1029 1817 1208 1860 autem
1255 1807 1527 1877 principes
1571 1808 1671 1878 ipsi
1719 1811 1957 1864 serviant
2007 1828 2021 1864 :
2072 1818 2126 1865 et

556 1895 793 1964 gentium
825 1895 1091 1965 primores
1129 1905 1453 1966 potestatem
1487 1899 1539 1953 iu
1567 1914 1662 1954 eos
1695 1900 1937 1971 iniquam
1972 1912 2122 1957 tene-

555 1993 689 2048 ant;
738 1984 976 2039 fidelium
1024 1996 1206 2041 autem
1227 2027 1242 2051 ,
1293 1987 1439 2043 dicto
1468 1989 1596 2044 huic
1624 1989 1997 2061 obtemperent
2024 1993 2068 2025 “
2105 2012 2118 2047 :

561 2087 583 2119 ι
617 2069 818 2127 Discite
843 2086 874 2127 ρ
909 2089 997 2129 me
1021 2076 1147 2145 quia
1177 2076 1327 2131 mitis
1355 2092 1478 2131 sum
1509 2086 1562 2132 et
1600 2078 1823 2136 humilis
1853 2083 2035 2147 corde,
2070 2089 2125 2139 et

557 2160 844 2219 invenietis
877 2165 1116 2234 requiem
1152 2167 1438 2224 animabus
1466 2170 1684 2227 vestris.
1720 2191 1740 2223 ι
1777 2172 2123 2230 Assentatio-

556 2252 719 2309 nibus
762 2264 1025 2324 praeterea
1056 2272 1162 2311 non
1192 2257 1541 2316 admittendis
1573 2262 1912 2328 crudiamur,
1950 2280 2124 2336 neque

555 2355 840 2414 propterea
885 2347 1030 2417 quod
1078 2348 1146 2403 de
1188 2349 1461 2419 aliquibus
1491 2352 1627 2407 bene
1666 2356 1843 2410 meriti
1876 2372 1995 2412 esse
2019 2358 2123 2413 visi

557 2437 750 2499 simus,
799 2438 1025 2495 benefici
1051 2441 1311 2511 appellari
1348 2444 1702 2513 gaudeamus.
1770 2444 1896 2502 Htec
1942 2457 2121 2504 autem

557 2541 625 2581 eo
652 2543 763 2582 non
795 2528 1049 2597 dicimus,
1073 2546 1182 2601 quo
1208 2548 1310 2586 nos
1339 2533 1441 2602 ipsi
1470 2534 1779 2590 inconsulto
1810 2555 1829 2587 ι
1868 2537 2123 2594 humilie-

560 2631 691 2672 mus.
722 2618 825 2673 sub
848 2621 1056 2689 potenti
1081 2637 1244 2676 manu
1274 2622 1367 2678 Dei
1400 2626 1465 2689 ⁸³,
1507 2644 1526 2677 ι
1559 2626 1782 2693 etjuxta
1810 2629 1981 2699 ipsius
2010 2646 2126 2686 ser-

558 2720 802 2771 moncm,
849 2708 953 2764 sub
991 2710 1360 2767 ecclesiastico
1414 2713 1746 2783 ministerio,
1800 2718 2125 2790 quandoque

557 2805 737 2852 autem
790 2800 946 2868 juxta
995 2802 1241 2872 Apostoli
1292 2804 1512 2860 etfatum
1571 2807 1617 2839 το
1677 2827 1690 2861 :
1757 2826 1777 2860 ι
1831 2809 2125 2869 Peccantes

558 2887 717 2961 725
762 2904 944 2946 coram
987 2895 1243 2952 omnibus
1286 2898 1548 2967 arguendi
1578 2909 1740 2966 sunt,
1773 2909 1832 2956 ut
1861 2910 1915 2957 et
1943 2907 2123 2960 caeteri

558 2982 805 3037 timorem
856 2983 1181 3042 habeautu
1223 3004 1619 3060 nonnunquam
1647 2992 1809 3048 etiam
1855 3004 2124 3065 potestate

2227 619 2594 688 ἀνεγνωκέναι
2620 620 2715 672 τό·
2746 638 2765 671 ι
2808 620 3101 690 Δυνάμενοι
3128 618 3185 671 ἐν
3203 617 3359 687 βάρει
3390 612 3526 670 εἶναι
3561 617 3638 679 ὡς
3669 618 3790 689 Χρι-

2229 710 2354 765 στοῦ
2378 712 2685 776 ἀπόστολοι,
2716 711 3052 783 ἐγενήθημεν
3075 712 3225 782 ἤπιοι
3256 713 3313 763 ἐν
3346 710 3495 780 μέσῳ
3520 710 3698 780 ὑμῶν,
3725 710 3787 773 ὡς

2226 786 2323 858 ἐὰν
2342 805 2538 877 τροφὸς
2571 804 2749 877 θάλπῃ
2782 805 2851 859 τὰ
2876 805 3073 875 ἑαυτῆς
3098 803 3279 856 τέκνα.
3331 822 3351 853 ι
3397 802 3596 872 Ἐχρῆν
3640 804 3788 871 μιμῇ-

2228 896 2423 950 σασθαι
2452 897 2545 951 καὶ
2577 897 2667 950 τό·
2710 915 2728 949 ι
2763 898 2832 949 Ἢ
2867 895 3135 967 ἁμαρτίαν
3165 894 3415 963 ἐποίησα,
3445 891 3683 964 ἐμαυτὸν
3711 909 3784 943 τα-

2227 987 2444 1053 πεινῶν,
2496 988 2582 1042 ϊνα
2617 988 2775 1058 ὑμεῖς
2803 986 3081 1057 ὑψωθῆτες
3126 1004 3143 1037 ι
3173 986 3239 1037 Οἱ
3263 983 3523 1054 ἄρχοντες
3568 976 3664 1033 οὖν
3696 979 3789 1033 τῶν

2229 1079 2325 1149 μὲν
2356 1079 2525 1133 ἐθνῶν
2558 1078 3104 1151 κατακυριευέτωσαν
3124 1073 3330 1128 αὐτῶν·
3349 1073 3449 1143 τῆς
3477 1071 3535 1124 δὲ
3578 1071 3786 1138 Ἐκκλη-

2227 1170 2346 1235 σίας
2376 1171 2771 1225 δουλευέτωσαν
2798 1171 2934 1240 αὐτῇ
2955 1186 2968 1198 ·
3023 1168 3157 1222 ἀλλὰ
3207 1169 3301 1221 καὶ
3345 1168 3398 1220 οε
3446 1164 3672 1236 μεγάλοι
3707 1162 3790 1232 μὲν

2225 1264 2334 1318 τῶν
2364 1264 2535 1319 ἐθνῶν
2569 1260 3131 1327 κατεξουσιαζέτωσαν
3154 1258 3331 1312 αὐτῶν
3347 1276 3361 1287 ·
3382 1255 3491 1309 τῶν
3516 1254 3574 1308 δὲ
3603 1255 3789 1306 πιστῶν

2225 1351 2567 1406 ἀκουέτωσαν
2596 1350 2688 1405 τοῦ
2710 1367 2725 1382 ·
2755 1370 2775 1403 ι
2812 1350 3028 1404 Μάθετε
3051 1348 3145 1402 ἀπ’
3167 1347 3323 1419 ἐμοῦ,
3344 1349 3425 1401 ὅτι
3458 1346 3641 1418 πραΰς
3668 1347 3785 1414 εἰμι,

2227 1445 2322 1499 καὶ
2344 1444 2594 1507 ταπεινὸς
2620 1446 2686 1513 τῇ
2717 1442 2934 1515 καρδίᾳ,
2956 1442 3047 1494 καὶ
3069 1441 3328 1512 εὑρήσετε
3360 1440 3669 1492 ἀνάπαυσιν
3685 1440 3791 1499 ui;

2225 1533 2644 1607 ψυχαϊςὺμῶν.»
2663 1533 3050 1606 Παιδευὼμεθα
3081 1533 3138 1586 δὲ
3172 1532 3426 1602 καὶπρὸς
3461 1531 3525 1584 τὸ
3564 1530 3639 1601 μὴ
3668 1531 3789 1582 ἀπο-

2227 1627 2477 1698 δέχεσθαι
2523 1626 2808 1690 κολακείας
2828 1665 2842 1691 ,
2882 1625 3015 1697 μηδὲ
3055 1625 3225 1697 ἡδέως
3257 1623 3545 1677 καλεῖσθαι
3569 1621 3675 1674 ὑπὸ
3698 1620 3791 1673 τῶν

2228 1719 2548 1792 ἀνθρώπων,
2576 1720 2660 1789 ἐφ’
2691 1712 2771 1783 οἷς
2799 1718 2865 1772 ἂν
2898 1716 3135 1789 δόξωμεν
3155 1713 3214 1770 εὖ
3236 1733 3391 1780 τινας
3428 1713 3793 1785 πεποιηκέναι,

2230 1813 2532 1884 εὐεργέται.
2571 1812 2644 1864 Οὐ
2673 1810 2847 1864 ταῦτα
2876 1810 2932 1863 δέ
2955 1827 3133 1882 φαμεν
3171 1807 3619 1878 ἀνεπιστημόνως
3663 1826 3679 1856 ι
3709 1822 3795 1856 τα-

2230 1902 2444 1960 πεινοῦν
2472 1923 2488 1956 ι
2522 1904 2744 1967 ἑαυτοὺς
2775 1902 3016 1965 θέλοντες
3037 1920 3055 1951 ι
3093 1901 3198 1953 ὑπὸ
3223 1901 3321 1971 τὴν
3362 1897 3637 1969 κραταιὰν
3653 1899 3794 1967 χεῖρα

2222 1995 2317 2050 τοῦ
2358 1994 2514 2060 Θεοῦ,
2552 2014 2570 2047 ι
2622 1993 2716 2048 καὶ
2750 1994 2889 2048 κατὰ
2917 1993 3007 2046 τὸν
3034 1992 3189 2061 λόγον
3223 1990 3410 2056 αὑτοῦ,
3447 1992 3554 2044 ὑπὸ
3587 1991 3685 2060 τὴν
3710 1991 3792 2041 ἐκ·

2224 2088 2610 2161 κλησιαστικὴν
2654 2086 2926 2141 διακονίαν
2947 2103 2960 2116 ·
3008 2084 3123 2138 ἔστι
3153 2084 3198 2137 δ’
3237 2085 3326 2137 ὅτε
3355 2083 3494 2155 χρὴ,
3525 2082 3667 2136 κατὰ
3705 2082 3793 2152 τὴν

2224 2179 2583 2251 ἀποστολικὴν
2623 2178 2837 2250 φωνὴν,
2887 2197 2905 2229 ι
2942 2176 3068 2241 τοὺς
3115 2176 3530 2248 ἁμαρτάνοντας
3578 2172 3793 2228 ἐνιὶιπιον

2226 2273 2441 2327 πάντων
2464 2271 2726 2342 ἐλέγχειν,
2756 2271 2845 2324 ἵνα
2874 2271 2969 2324 καὶ
2998 2272 3046 2323 οἱ
3079 2268 3260 2323 λοιποὶ
3293 2267 3459 2337 φόϐον
3510 2266 3734 2335 ἔχωσιν·
3770 2283 3787 2313 ι

2225 2365 2337 2418 ἐστι
2365 2365 2409 2419 δ’
2439 2367 2525 2419 ὅτε
2552 2363 2649 2429 δεῖ,
2679 2364 3019 2436 χρησάμενον
3051 2365 3117 2433 τῇ
3150 2360 3387 2431 ἐξουσία,
3422 2379 3441 2411 ι
3473 2346 3793 2429 παραδοῦναί

2223 2475 2345 2511 τινα
2357 2456 2434 2529 τῷ
2451 2457 2665 2528 Σατανᾷ
2686 2457 2765 2520 είς
2784 2455 3001 2527 ὄλεθρον
3022 2454 3121 2526 τῆς
3145 2453 3363 2525 σαρκὸς,
3387 2453 3475 2506 ἴνα
3494 2451 3557 2505 τὺ
3588 2449 3794 2520 πνεῦμα

2226 2545 2370 2617 σωθῇ
2397 2548 2453 2599 ἐν
2481 2548 2544 2617 τῇ
2566 2544 2748 2616 ἡμέρᾳ
2777 2542 2870 2596 τοῦ
2903 2544 3141 2614 Κυρίου·
3180 2561 3199 2594 ι
3249 2541 3491 2604 σπανίως
3526 2539 3583 2593 δὲ
3618 2539 3792 2592 τὸτοι-

2227 2639 2353 2692 οῦτο
2401 2636 2684 2707 ποιητέον·
2723 2653 2741 2687 ι
2783 2634 3127 2703 νουθετητέον
3159 2631 3305 2704 »γὰρ
3334 2651 3356 2686 ‹
3378 2634 3503 2701 τοὺς
3537 2631 3790 2692 citium;

2226 2730 2317 2785 mi
2347 2727 2770 2802 παραμυθητέον
2800 2728 2925 2790 τοὺς
2954 2725 3303 2796 ὀλιγοψύχους
3324 2766 3339 2791 ,
3388 2725 3483 2783 καὶ
3514 2722 3788 2778 ἀνθεκτέον

2224 2818 2332 2873 τῶν
2365 2816 2626 2879 ἀσθενῶν,
2664 2815 2757 2869 καὶ
2794 2816 2930 2888 πρὸς
2965 2814 3176 2878 πάντας
3222 2814 3280 2867 δὲ
3333 2814 3787 2887 μακροθυμητέον,

2225 2912 2319 2966 καὶ
2346 2910 2518 2964 οὐδενὶ
2546 2909 2713 2963 κακον
2736 2909 2859 2961 ἀντὶ⁸
2888 2907 3056 2961 κακοῦ
3082 2907 3389 2961 ἀποδοτέον.
3415 2926 3434 2959 ι
3472 2908 3582 2961 Καὶ
3613 2910 3672 2961 οὗ
3692 2908 3787 2979 χρὴ

2225 2999 2473 3071 ἡγεῖσθαι
2507 2997 2698 3070 ἐχθρὸν
2731 2991 2869 3051 εἶναι
2900 2997 2991 3051 τὸν
3026 2997 3439 3067 ἁμαρτάνοντα,
3481 2996 3597 3051 ἀλλ’
3639 2999 3786 3050 ἀκου-

556 3086 659 3129 sua
686 3073 762 3128 uti
794 3073 918 3131 licet
957 3077 1195 3148 aliquos,
1231 3098 1252 3132 ι
1286 3080 1550 3137 tradendo
1582 3081 1795 3139 Satanae
1840 3086 1895 3140 in
1936 3087 2123 3143 interi-

2228 3091 2377 3145 στέον
2423 3089 2517 3144 τοῦ
2588 3088 2909 3142 Ἀποστὸλου
2957 3088 3238 3157 λέγοντος·
3278 3107 3296 3139 ι
3342 3089 3436 3161 Μὴ
3482 3089 3557 3152 ὡς
3610 3088 3791 3162 ἐχθρὸν

556 3171 673 3220 tum
698 3167 903 3233 carnis,
931 3179 991 3223 ut
1014 3169 1240 3240 spiritus
1265 3173 1449 3230 salvus
1473 3178 1543 3231 sit
1568 3176 1621 3230 in
1650 3178 1738 3233 die
1757 3177 1970 3234 Domini
1992 3182 2068 3248 τι;
2100 3202 2119 3235 ι

2227 3181 2464 3254 ἡγεῖσθε,
2501 3179 2637 3233 ἀλλὰ
2672 3180 2969 3234 νουθετεῖτε
3015 3180 3092 3246 ὼς
3144 3180 3389 3250 ἀδελφόν.
3438 3201 3456 3234 ι
3496 3182 3605 3235 Καὶ
3630 3180 3788 3235 ταῦτα

557 3262 614 3309 at
646 3255 699 3311 id
727 3272 854 3313 raro
888 3258 1195 3316 faciendum
1222 3273 1338 3332 est,
1372 3266 1467 3321 sed
1505 3285 1523 3318 ι
1557 3270 1830 3339 corripere
1858 3290 1878 3323 ι
1912 3283 2123 3342 oportet

2224 3275 2402 3327 arrives:
2438 3289 2526 3343 μοι
2545 3270 2789 3326 λέλεκται
2817 3272 3124 3344 βουλομένῳ
3153 3274 3294 3328 κατά
3320 3275 3411 3328 τὸν
3434 3273 3591 3342 λόγον
3621 3290 3787 3347 παρα-

560 3361 583 3397 ι
624 3346 920 3419 inquietos,
956 3354 1228 3411 consolari
1277 3357 1675 3426 pusillanimes,
1730 3364 2009 3433 suscipere
2039 3366 2123 3421 in-

2229 3366 2442 3436 στῆσαι,
2476 3365 2558 3418 ὅτι
2588 3366 2647 3418 οὐ
2676 3367 2939 3437 μιμητέον
2960 3364 3037 3437 τῷ
3068 3366 3288 3438 ἄρχοντι
3332 3367 3432 3439 τῆς
3483 3367 3787 3437 Ἐκκλησίας

556 3435 781 3504 ﬁrmos,
838 3442 1187 3511 et~patientes
1232 3461 1353 3503 esse
1399 3464 1525 3520 erga
1568 3465 1759 3507 omnes
1784 3495 1800 3520 ,
1841 3464 1895 3509 et
1927 3457 2123 3513 nemini

2231 3435 2324 3513 τὸν
2341 3459 2574 3531 ἄρχοντα
2605 3435 2712 3512 τῶν
2736 3435 2926 3519 ἐθνῶν,
2966 3435 3086 3511 οῦδὲ
3107 3435 3532 3529 ⁷ζηλωττέονντοὺς
3565 3435 3788 3513 κατακυ-

559 3528 764 3587 malum
814 3546 912 3601 pro
953 3535 1096 3590 malo
1143 3537 1369 3594 reddere
1394 3540 1441 3573 ἰ’
1489 3559 1504 3596 :
1562 3561 1582 3594 ι
1634 3559 1811 3615 neque
1858 3561 1986 3601 vero
2035 3549 2123 3619 qui

2234 3550 2527 3626 ριεύοντας,
2556 3550 2649 3604 καὶ
2672 3548 3209 3615 κατεξουσιάζοντας,
3245 3550 3341 3603 καὶ
3373 3550 3636 3621 βασιλεῖς·
3680 3550 3787 3607 ἀλλ’

558 3627 746 3688 peccat
784 3622 991 3680 inimici
1043 3626 1165 3683 loco
1216 3628 1499 3687 habendus
1537 3644 1657 3699 est,
1702 3636 1797 3691 sed
1827 3638 2123 3696 audiendus

2225 3622 2328 3715 llo-r1
2380 3644 2608 3714 δύναμις
2640 3643 2732 3697 καὶ
2780 3645 2838 3697 ἐν
2887 3643 3095 3706 τούτοις
3140 3643 3372 3716 Χριστὸν
3406 3644 3661 3715 μιμητέον
3700 3644 3787 3696 τὸν

558 3711 846 3805 Apostolus
888 3717 982 3787 qui
1012 3719 1086 3775 ait
1108 3721 1193 3776 τις
1230 3739 1252 3772 ι
1286 3721 1463 3781 Nolite
1492 3726 1649 3797 quasi
1688 3728 1971 3785 inimicum
2004 3734 2123 3787 exi-

2231 3711 2726 3798 sbs'vzsumdm'cov,
2746 3734 2837 3787 καὶ
2860 3734 3105 3803 γυναιξὶν
3123 3711 3437 3805 ὁμιλοῦντα,
3454 3711 3549 3788 καί
3573 3732 3795 3797 παιδίςις

556 3804 815 3873 stimare,
867 3811 961 3866 sed
1010 3814 1271 3885 corripite
1313 3827 1373 3872 ut
1420 3817 1666 3876 fratrem.
1705 3839 1727 3874 ι
1781 3819 1907 3878 Haec
1946 3834 2123 3880 autem

2232 3824 2541 3879 ἐπιτιθέντα
2566 3827 2773 3895 χεῖρας.
2808 3825 2872 3878 Ei
2900 3826 2993 3879 καὶ
3038 3804 3256 3896 μείζονα
3286 3826 3331 3879 δ’
3360 3826 3475 3898 ἔχει
3510 3827 3658 3896 λόγον
3698 3827 3786 3879 τὸν

557 3899 742 3954 omnia
788 3912 1076 3973 propterea
1106 3921 1136 3962 a
1162 3923 1249 3963 me
1280 3909 1423 3966 dicta
1462 3920 1624 3981 sunt,
1670 3914 1815 3983 quod
1843 3914 2002 3986 juxta
2033 3916 2123 3973 Dei

2243 3916 2450 3989 Ἰησοῦν
2475 3910 2793 3987 βεϐληκέναι
2820 3916 2964 3990 ὕδωρ
2989 3920 3069 3982 εἰς
3090 3919 3347 3992 νιπτῆρα,
3374 3921 3468 3973 καὶ
3486 3921 3608 3984 τοὺς
3635 3919 3784 3983 πόδας

556 4006 863 4084 sermonem
908 4000 1087 4068 palam
1138 4000 1317 4060 facere
1362 4006 1553 4062 vellem
1596 4007 1829 4079 principi
1872 4009 2123 4066 Ecclesiae

2228 4008 2337 4063 τῶν
2360 4009 2614 4081 μαθητῶν
2630 4010 3050 4081 κεκαθαρκέναι,
3074 4011 3223 4066 οὐδὲν
3243 4007 3405 4084 ἦττον
3431 4011 3526 4066 καὶ
3552 4011 3682 4066 κατὰ
3694 4010 3786 4079 τὴν

559 4081 881 4141 imitandum
930 4103 1039 4144 non
1063 4106 1184 4147 esse
1230 4095 1531 4168 principem
1579 4100 1856 4168 gentium,
1904 4115 2006 4156 nec
2029 4116 2123 4157 eos

2227 4101 2372 4168 λέξιν
2394 4102 2683 4157 ἀκουστέον
2715 4103 2879 4157 αὑτοῦ
2914 4105 3042 4176 περὶ
3055 4104 3258 4159 τούτων
3269 4081 3521 4174 λέγοντος
3537 4122 3551 4134 ·
3576 4123 3594 4155 ι
3614 4104 3784 4175 Ὑμεῖς

553 4175 891 4235 cmulandos
919 4181 1012 4251 qui
1043 4183 1332 4254 imperium
1356 4227 1371 4250 ,
1417 4197 1810 4258 potestatemve
1836 4207 1991 4247 suam
2018 4193 2124 4247 im-

554 4276 811 4336 potenter
851 4283 1138 4342 exercent,
1189 4277 1392 4348 quique
1433 4281 1582 4350 regia
1628 4282 1889 4352 dignitate
1918 4284 2124 4353 prmditi

554 4365 685 4413 aunt
716 4376 730 4412 :
762 4361 857 4415 sed
887 4360 1141 4422 Christus
1174 4368 1356 4437 potius
1406 4369 1461 4423 in
1502 4370 1772 4440 ejusmodi
1820 4372 1988 4430 rebus
2025 4389 2126 4444 pro

554 4447 696 4502 virili
729 4449 1029 4510 imitandus
1071 4465 1175 4524 est,
1207 4459 1273 4514 ad
1299 4475 1461 4531 quem
1496 4461 1739 4518 facillimi
1766 4473 1895 4520 sunt
1921 4465 2122 4533 aditus,

554 4536 648 4605 qui
698 4553 822 4594 eum
852 4542 1176 4600 mulieribus
1208 4556 1599 4617 conversatur,
1628 4562 1684 4607 et
1706 4554 1888 4622 pueris
1929 4570 2124 4611 manus

555 4627 786 4695 imponit
817 4649 832 4685 :
867 4630 1054 4688 Iesum
1086 4650 1220 4691 vero
1240 4638 1297 4692 in
1327 4640 1524 4709 pelvim
1559 4657 1757 4712 aquam
1792 4645 2123 4714 profudisse,

554 4727 608 4773 et
636 4717 1028 4790 discipulorum
1074 4727 1239 4796 pedes
1283 4732 1538 4800 tersisse,
1577 4736 1827 4803 quamvis
1864 4737 2124 4809 majorem

554 4823 780 4868 sensum
835 4816 1130 4887 contineat,
1186 4820 1547 4880 nihilominus
1598 4835 1779 4882 tamen
1825 4829 2003 4885 deiis
2044 4831 2126 4886 sic

554 4899 674 4975 ipse
699 4903 933 4975 loquens
956 4906 1013 4962 in
1046 4924 1208 4970 sacro
1235 4921 1491 4970 contextu
1531 4917 1898 4975 audiendus"
1931 4938 1945 4974 :
1982 4918 2126 4981 «Vos

549 4996 761 5052 vocatis
788 5013 911 5066 me,
940 4999 1230 5073 Magister,
1266 5014 1319 5062 et
1346 5004 1602 5074 Domine,
1632 5016 1687 5063 et
1725 5009 1863 5069 bene
1889 5011 2071 5069 dicitis
2104 5032 2121 5071 :

551 5102 675 5147 sum
707 5091 931 5159 etenim,
962 5112 987 5147 ι
1016 5104 1071 5150 et
1102 5101 1335 5166 caetera;
1365 5098 1433 5155 ad
1465 5099 1793 5157 laudabilem
1825 5102 1970 5158 enim
2000 5120 2117 5158 mo-

2226 4193 2451 4262 φωνεῖτέ
2485 4211 2574 4265 με,
2602 4195 2630 4248 ὁ
2656 4193 2989 4260 διδάσκαλος,
3024 4196 3118 4250 καὶ⁸
3146 4198 3175 4249 ὁ
3202 4195 3442 4267 Κύριος,
3492 4196 3583 4250 καὶ
3620 4194 3783 4254 καλῶς

2227 4284 2442 4353 λέγετε·
2474 4286 2590 4356 εἰμὶ
2620 4284 2746 4359 γὰρ.
2781 4305 2800 4338 ι
2838 4288 3021 4342 καὶτὰ
3053 4288 3208 4359 ἑξῆς·
3237 4287 3325 4342 διὰ
3345 4288 3552 4344 τούτων
3592 4288 3693 4359 γὰρ
3711 4286 3780 4340 δι-
3818 4332 3825 4339 .

2225 4376 2414 4429 δάσκει
2463 4374 2705 4447 μιμητὰς
2730 4375 2897 4430 αὐτοῦ
2939 4377 3040 4447 τῆς
3088 4378 3377 4451 ὲπαινετῆς
3419 4380 3777 4449 ταπεινότητος

2155 4512 2200 4568 D
2226 4467 2471 4537 γίνεσθαι
2504 4468 2629 4532 τοὺς
2660 4467 2925 4538 μαθητάς.
2957 4468 3109 4540 Τάχα
3134 4469 3190 4523 δὲ
3219 4471 3313 4523 καὶ
3340 4470 3465 4524 ἐπεὶ
3494 4471 3688 4543 Κύριος
3713 4467 3778 4520 ὢν

2229 4562 2539 4617 ἐδούλευσεν
2566 4562 2707 4635 ὑπὲρ
2728 4561 3027 4634 ἀνθρώπων
3058 4562 3328 4633 σωτηρίας
3346 4560 3427 4632 τῷ
3452 4561 3601 4630 γένει
3621 4560 3774 4631 milia.

2227 4651 2368 4706 κατὰ
2395 4651 2554 4705 τοῦτο
2583 4651 2799 4721 λέγεται
2828 4653 3040 4725 μορφὴν
3066 4652 3250 4705 δούλου
3288 4651 3653 4721 ἀνειληφέναι,
3701 4650 3777 4702 καὶ

2225 4742 2679 4797 τεταπεινωκέναι
2700 4743 2892 4798 ἐαυτὸν
2924 4743 3201 4814 γινόμενον
3236 4742 3476 4813 ὑπήκοον
3507 4743 3664 4814 μέχρι
3698 4739 3779 4793 θα-

2225 4832 2384 4887 νάτου
2404 4850 2417 4863 ·
2452 4834 2546 4888 καὶ
2574 4832 2730 4906 εἴπερ
2745 4834 2833 4887 διὰ
2857 4833 3013 4888 τοῦτο
3035 4836 3064 4888 ὁ
3091 4832 3221 4898 Θεὸς
3239 4834 3400 4887 αὑτὸν
3425 4834 3777 4907 ὑπερύψωσεν,

2227 4926 2257 4977 ὁ
2290 4924 2611 4997 βουλόμενος
2641 4925 2906 4996 ὑψοῦσθαι
2929 4926 2996 4981 τὰ
3022 4926 3377 4999 παραπλήσια
3412 4928 3690 4997 ποιησάτω
3714 4924 3777 4995 τῷ

2227 5015 2314 5069 διὰ
2340 5016 2467 5070 τάδε
2498 5017 2620 5071 τινὰ
2648 5018 3054 5089 ὑπερυψοῦσθαι
3073 5036 3086 5049 ·
3124 5019 3220 5073 καὶ
3258 5019 3367 5091 γὰρ
3419 5020 3549 5084 Υἱὸς
3579 5019 3669 5073 τοῦ
3701 5019 3776 5073 ἀνι

2228 5108 2446 5179 θρώπου
2468 5110 2517 5162 εἰ
2543 5109 2636 5164 καὶ
2661 5109 2970 5183 διηωνήθη,
2990 5111 3151 5185 ἡνίκα
3188 5131 3207 5163 ι
3225 5110 3449 5186 ἄγγελοι
3473 5110 3774 5184 προσῆλθον,

1763 5240 1996 5318 VETUS
2039 5243 2621 5301 INTEBPRETATIO.

550 5375 967 5462 tantumcrevit
1007 5377 1362 5462 ministrans,
1387 5389 1448 5462 ut
1480 5382 1719 5438 animam
1746 5387 2087 5462 suam_dar_e_t
2113 5388 2677 5462 redemptionempro
2712 5388 3018 5462 multisqni
3045 5387 3391 5462 crediderunt
3419 5386 3476 5443 in
3506 5402 3654 5462 eum.
3690 5386 3773 5462 (mi

551 5444 700 5529 dedit
728 5447 1160 5529 anim‘amsuam
1182 5451 1607 5529 redemptionem
1641 5468 1741 5523 pro
1768 5456 1991 5529 multis?
2024 5456 2134 5514 Nec
2168 5444 2328 5515 enimr
2347 5444 2597 5516 conveni;
2620 5444 2843 5526 dicere,
2884 5444 3017 5514 Deo.
3065 5456 3142 5513 Ne
3191 5457 3341 5529 forte
3356 5473 3488 5529 ergo
3518 5460 3768 5527 maligno?

550 5510 820 5601 Iulle‘enim
844 5516 1239 5601 dominabatur
1270 5521 1323 5601 in
1352 5510 1532 5601 nobis,
1568 5510 1741 5601 donec
1772 5524 1998 5601 daretur
2023 5510 2596 5601 éifﬁoiiié‘ieaaﬁiiii
2620 5510 2807 5601 anima
2827 5510 3236 5601 :lesu,_decepto
3254 5510 3801 5601 videlicererefivstir

552 5589 723 5639 manu
756 5589 916 5655 quasi
941 5589 1116 5657 possit
1152 5589 1421 5651 dominari
1465 5593 1619 5663 ejus,
1665 5600 1720 5653 et
1745 5608 1855 5653 non
1883 5596 2086 5660 videnti
2125 5601 2254 5668 quia
2284 5617 2393 5657 non
2439 5589 2640 5673 poterit
2675 5600 2946 5657 sustinere
2967 5589 3051 5653 'in
3082 5589 3316 5655 tenendo
3346 5613 3469 5653 eam
3501 5608 3770 5657 tormenta.

623 5740 835 5820 f‘_l_.uc.
860 5746 1033 5820 ne].
1128 5750 1174 5820 οῗ
1208 5747 1339 5805 ibid.
1364 5751 1456 5808 29.
1554 5754 1599 5787 ⁸⁸
1631 5751 1653 5806 ι
1681 5751 1874 5810 Thess.
1901 5769 1963 5820 ll,
2005 5754 2055 5808 7.

2164 5757 2208 5788 ⁸⁷
2236 5755 2283 5812 ll
2310 5756 2438 5813 Cor.
2499 5772 2576 5822 χι,
2604 5757 2655 5811 7.

2756 5757 2800 5790 ⁸⁸
2826 5754 3018 5812 Matth.
3042 5769 3122 5820 ιι,
3153 5754 3244 5812 29.
3356 5753 3443 5808 "l
3474 5755 3615 5813 Petr.
3646 5772 3690 5821 v,
3721 5754 3768 5822 6.

552 5812 643 5900 ’ίι
672 5812 813 5877 Tim‘
844 5831 896 5882 ν’
923 5816 1013 5878 2οι
1078 5820 1128 5906 ,τ’
1154 5819 1176 5879 ι
1203 5820 1329 5883 σοι’·
1374 5838 1431 5891 να
1455 5823 1507 5878 5ο
1583 5825 1674 5885 ⁷⁸1
1708 5824 1899 5885 Thess.
1930 5812 1983 5891 ν,
2010 5824 2097 5894 14,

2296 5812 2341 5860 τε
2366 5829 2413 5882 η
2441 5812 2632 5893 Thegs,
2666 5843 2749 5893 ιιι¹
2782 5827 2867 5887 15,
2941 5812 3173 5901 "deam
3205 5839 3327 5891 xm.
3353 5827 3443 5885 13.
