3962 6612
468 329 600 385 1599

1900 324 2224 384 ORIGENIS

3577 332 3705 389 1:00

459 445 667 500 tionis:
704 445 796 500 sed
846 443 1087 516 pretioso
1133 446 1431 517 sanguine;
1472 467 1491 498 ι
1542 447 1617 503 ait
1645 462 1774 503 vero
1804 447 2029 516 Aposto-

2138 447 2342 520 λείψεις
2390 451 2488 524 τὴν
2526 450 2703 528 ψυχήν
2750 470 2850 523 μου
2894 455 2973 519 εῖς
3044 453 3199 526 ᾅδην.
3250 474 3269 505 ι
3316 452 3605 522 Γενόμενος
3654 454 3705 506 δὲ

458 535 546 591 lus
569 534 616 567 ⁸²
663 553 677 590 :
722 554 741 586 ι
775 534 957 590 Pretio
989 536 1155 606 empti
1190 538 1323 592 estis
1344 578 1360 603 ,
1408 537 1572 593 nolite
1602 538 1717 593 ﬁeri
1751 536 1890 592 servi
1928 536 2028 590 ho-

456 627 666 682 minum
706 645 721 681 ι
755 645 774 679 ι
813 626 1049 697 pretioso
1096 641 1226 698 ergo
1251 626 1379 682 Jesu
1424 630 1693 699 sanguine
1740 631 1904 700 empti
1934 646 2029 684 su-

455 732 610 783 mus;
654 717 835 771 anima
880 731 1008 772 vero
1056 714 1149 772 Dei
1199 715 1321 770 Filii
1375 719 1766 789 redemptionis
1793 720 2027 789 pretium

456 825 555 879 pro
582 808 740 863 nobis
764 808 888 862 data
922 819 1042 874 est,
1088 824 1195 864 non
1223 819 1405 863 autem
1433 810 1661 879 spiritus
1686 812 1805 880 ejus
1823 853 1837 877 ,
1871 821 2029 866 antea

452 899 600 953 enim
645 898 791 953 Patri
834 914 959 954 eum
1008 899 1303 954 tradiderat
1325 901 1511 958 dicens
1534 901 1581 933 ⁸³
1632 919 1645 956 :
1685 920 1704 953 ι
1747 900 1940 965 Pater,
1974 902 2027 955 in

455 1006 653 1046 manus
676 1000 796 1047 tuas
823 991 1152 1046 commendo
1199 992 1450 1060 spiritum
1483 1008 1667 1048 meum
1704 1010 1721 1049 :
1752 1014 1770 1047 ι
1806 994 1898 1048 sed
1935 1008 2029 1047 ne-

453 1097 561 1152 que
589 1097 824 1152 corpus,
877 1080 1014 1135 nihil
1058 1082 1203 1136 enim
1253 1082 1523 1151 ejusmodi
1572 1084 1638 1137 de
1686 1083 1779 1136 illo
1812 1083 2030 1152 scriptis

455 1171 713 1229 traditum
777 1173 1165 1242 comperimus.
1244 1172 1311 1228 Et
1370 1174 1630 1244 quoniam
1695 1178 1793 1245 pro
1844 1175 2030 1230 multis

456 1266 639 1320 anima
683 1265 858 1335 ipsius
910 1264 1301 1334 redemptionis
1355 1265 1587 1335 pretium
1618 1265 1744 1320 data
1780 1275 1883 1332 est,
1931 1275 2031 1321 nec

455 1357 600 1429 apud
649 1373 773 1411 cum
823 1358 1107 1424 remansit,
1138 1358 1225 1412 cui
1253 1357 1643 1428 redemptionis
1666 1359 1898 1428 pretium
1932 1372 2030 1428 pro

454 1449 643 1504 multis
671 1449 795 1503 data
830 1448 1251 1514 fuerat,idcirco
1280 1448 1334 1503 in
1356 1450 1569 1505 decimo
1595 1450 1787 1520 quinto
1818 1450 2030 1520 psalmo

453 1547 530 1600 ait
561 1547 652 1600 “:
700 1564 718 1596 ι
753 1544 872 1599 Νοιι
915 1545 1263 1615 derelinques
1314 1545 1554 1599 animam
1606 1550 1781 1600 meam
1835 1545 1889 1599 in
1939 1547 2018 1612 in-

455 1640 627 1693 ferno.
662 1657 681 1689 ι
727 1636 925 1693 Verum
971 1637 1193 1708 quando
1222 1636 1290 1691 ad
1324 1636 1470 1692 hunc
1494 1637 1674 1692 locum
1708 1637 1876 1692 semel
1908 1653 2031 1708 per-

453 1729 598 1795 veni,
632 1744 884 1798 perversa
917 1745 982 1784 ac
1016 1728 1295 1786 malesana
1328 1744 1387 1783 se
1417 1729 1564 1799 loqui
1593 1742 1689 1783 eos
1716 1742 2031 1784 commone-

2136 538 2283 607 ἅπαξ
2313 542 2453 597 κατὰ
2485 544 2577 596 τὸν
2622 546 2819 608 τόπον,
2870 546 3240 616 ὐπομνήσαιμ*
3297 544 3364 598 ἄν
3414 544 3540 607 τοὺς
3584 561 3707 611 ςιν-

2134 635 2299 706 τασίᾳ
2323 632 2629 704 δοξολογίας
2653 636 2753 707 τῆς
2792 638 2918 709 περί
2958 636 3052 691 τοῦ
3102 636 3340 710 Χριστοῦ
3386 637 3707 705 συγχέαντας

2134 725 2203 779 τὰ
2230 726 2355 798 περὶ
2377 726 2470 780 τοῦ
2496 727 2845 798 Πρωτοτόκου
2871 729 2979 799 (75)
2999 729 3177 800 πάσης
3198 729 3433 792 κτίσεως
3460 732 3569 791 τοῖς
3588 729 3705 800 περὶ

2134 815 2312 886 ψυχῆς
2348 816 2442 869 καί
2470 816 2564 869 τοῦ
2584 816 2835 888 σώματος
2865 818 3061 889 Ἰησοῦ,
3079 819 3290 890 τάχαδὲ
3323 820 3421 872 καὶ
3447 817 3706 871 nam

2139 925 2305 979 ματος
2336 908 2520 972 αὑτοῦ,
2552 910 2646 963 καὶ
2688 910 2746 963 ἒν
2786 910 2961 981 πάντη
2989 909 3284 965 ἀσύνθετον
3315 911 3599 981 οἰομένους
3638 905 3708 963 εἷ-

2137 1017 2223 1053 ναι
2252 1000 2311 1053 τὸ
2343 998 2504 1069 όφθὲν
2536 1001 2629 1054 καὶ
2658 1000 3002 1071 ὲπιδημῆσαν
3038 999 3118 1071 τῷ
3151 1000 3269 1071 βίῳ,
3317 1002 3403 1054 ὅτι
3447 999 3522 1070 μὴ
3552 1000 3707 1067 ὑγιῶς

2136 1090 2381 1160 λέγουσι·
2415 1090 2713 1162 πυθώμεθα
2751 1090 2860 1163 γὰρ
2905 1090 3086 1145 αὐτῶν
3131 1093 3179 1143 εί
3220 1092 3254 1161 ἡ
3296 1090 3518 1161 (tum;
3567 1108 3586 1141 ι
3614 1090 3706 1160 τῆς

2136 1183 2341 1248 είκόνος
2374 1182 2466 1235 τοῦ
2510 1182 2645 1236 Θεοῦ
2674 1182 2766 1237 τοῦ
2792 1182 3048 1254 ἀοράτου,
3087 1201 3105 1234 ι
3127 1184 3221 1236 καὶ
3258 1183 3292 1254 ἡ
3333 1182 3579 1254 ὑπεροχὴ
3619 1179 3706 1234 τοῦ

2142 1293 2160 1325 ι
2190 1275 2543 1346 Πρωτοτόκου
2564 1275 2740 1345 πάσης
2758 1274 3037 1339 κτίσεως,›
3060 1276 3108 1328 εί
3128 1276 3356 1338 ἐκεῖνος,
3376 1292 3397 1325 ι
3421 1274 3482 1326 ὲν
3508 1267 3553 1341 ᾧ
3570 1272 3706 1327 ἐκτι-

2139 1384 2260 1422 σται
2287 1367 2354 1420 τὰ
2388 1366 2563 1421 πάντα
2598 1366 2667 1420 τὰ
2708 1369 2763 1420 ὲν
2796 1368 2909 1430 τοῖς
2953 1368 3206 1437 οὐρανοῖς
3250 1368 3346 1421 καὶ
3388 1367 3461 1421 τὰ
3492 1368 3584 1420 ἐπὶ
3616 1366 3707 1436 τῆς

2136 1459 2260 1530 γῆς,
2294 1459 2402 1512 εἴτε
2436 1459 2625 1532 ὁρατὰ,
2663 1460 2771 1512 εἴτε
2809 1458 3039 1531 ἀόρατα,
3082 1457 3192 1512 εἴτε
3235 1458 3439 1530 θρόνοι,
3485 1458 3593 1512 εῖτε
3619 1475 3707 1513 xu.

2140 1551 2403 1623 ριότητες,
2445 1554 2553 1605 εἴτε
2595 1550 2781 1624 ἀρχαὶ,
2810 1551 2920 1604 εἴτε
2960 1550 3224 1617 ἐξουσίαι,
3265 1569 3285 1600 ι
3318 1550 3519 1623 λύτρον
3562 1549 3706 1620 ἐδόθη

2135 1641 2254 1693 ἀντὶ
2283 1639 2489 1694 πολλῶν
2514 1657 2527 1671 ·
2566 1641 2660 1693 καὶ
2687 1641 2793 1693 τίνι
2823 1640 2978 1711 ἐδόθη
3006 1640 3187 1711 ἐκείνη
3214 1640 3433 1711 λύτρον,
3479 1639 3710 1709 πολεμίῳ

2137 1733 2419 1804 κατέχοντι
2464 1734 2627 1808 ἡμᾶς.
2651 1732 3045 1805 αἰχμαλώτους,
3072 1732 3176 1797 ἕως
3207 1732 3347 1805 λάϐῃ
3379 1732 3443 1786 τὸ
3488 1732 3670 1805 λύτρον
3691 1748 3706 1762 °

451 1820 628 1878 factos
659 1823 817 1877 velim
840 1864 854 1885 ,
904 1822 998 1892 qui
1027 1820 1233 1877 Christi
1264 1822 1490 1889 gloriam
1521 1822 1797 1878 celebrare
1823 1837 1882 1877 se
1908 1821 2026 1878 exi-

2135 1828 2224 1881 καὶ
2255 1829 2303 1880 εί
2342 1825 2536 1899 ὲχὼρει
2568 1825 2628 1881 τὸ
2650 1825 2964 1896 τηλικοῦτον
2992 1825 3087 1879 καὶ
3110 1823 3364 1879 τοσοῦτον
3388 1827 3595 1887 ἐκεῖνος
3620 1824 3709 1877 lni-

450 1918 755 1984 stimantes,
793 1933 915 1988 qua:
958 1917 1023 1973 ad
1067 1916 1497 1988 Primogenitum
1545 1918 1725 1973 omnis
1764 1927 2031 1974 creatura:

452 2009 733 2079 pertinent”
754 2026 878 2064 cum
912 2010 979 2066 iis
1005 2010 1348 2066 confundunt
1378 2025 1501 2080 quae
1535 2018 1783 2079 spectant
1812 2010 1880 2065 ad
1915 2010 2030 2065 ani-

452 2118 597 2157 mam
634 2110 689 2157 et
716 2117 917 2172 corpus
964 2100 1114 2169 Jesu,
1162 2102 1396 2158 fortasse
1425 2102 1586 2173 727
1621 2110 1673 2158 et
1710 2102 1880 2173 ipsius
1914 2103 2029 2173 spi-

451 2196 650 2259 ritum;
699 2204 753 2249 et
797 2195 943 2249 aliud
988 2195 1213 2249 omnino
1263 2195 1499 2265 simplex
1548 2210 1669 2250 esse
1715 2196 2025 2263 opinantur,

450 2287 596 2356 quod
625 2287 826 2348 visum,
856 2296 912 2342 et
938 2287 992 2341 in
1023 2287 1123 2343 hac
1161 2288 1269 2341 vita
1301 2297 1681 2345 conversatum
1709 2298 1793 2344 est
1825 2307 1837 2342 :
1864 2288 1933 2343 ab
1961 2289 2029 2344 iis

448 2379 593 2433 enim
633 2378 978 2433 sciscitamur
1000 2418 1015 2442 ,
1074 2394 1142 2432 an
1188 2378 1445 2433 divinitas
1480 2397 1498 2431 ι
1534 2379 1787 2449 imaginis
1818 2379 1908 2434 Dei
1941 2380 2028 2434 in-

450 2471 680 2527 visibilis
702 2510 717 2533 .
753 2479 807 2526 et
829 2469 1179 2540 Primogeniti
1207 2471 1386 2525 omnis
1416 2479 1681 2526 creatum
1710 2490 1729 2523 ι
1761 2480 2026 2541 praestan-

450 2565 548 2629 tia,
599 2577 667 2616 an
710 2562 799 2616 ille
835 2580 853 2612 ι
894 2562 947 2615 in
983 2576 1093 2630 quo
1136 2560 1352 2615 condita
1389 2569 1517 2617 sunt
1547 2562 1800 2617 universa
1832 2563 1885 2617 in
1917 2577 2030 2618 ete-

450 2654 547 2715 lis,
583 2662 638 2707 et
662 2654 716 2708 in
748 2663 927 2720 terra,
964 2644 1087 2708 sive
1110 2652 1376 2719 visibilia,
1411 2653 1528 2709 sive
1557 2653 1879 2721 invisibilia,
1914 2655 2029 2712 sive

450 2744 667 2812 throni,
717 2745 831 2800 sive
857 2743 1294 2809 dominationes,
1344 2744 1459 2799 sive
1487 2745 1859 2816 principatus,
1912 2747 2027 2804 sive

342 2870 349 2873 -
450 2844 744 2906 potestates
772 2837 818 2869 ”
857 2855 876 2888 ι
913 2836 1145 2905 pretium
1172 2836 1562 2906 redemptionis
1591 2853 1691 2907 pro
1715 2839 1902 2895 multis
1928 2840 2027 2896 da-

450 2939 537 2985 tus
573 2929 676 2995 sit;
724 2937 778 2983 et
803 2929 1021 2984 cuinam
1056 2928 1445 2998 redemptionis
1488 2929 1720 2999 pretium
1780 2931 1895 2988 haec
1938 2933 2028 2988 di-

2126 1934 2253 1992 τρον
2285 1917 2406 1972 ἀντὶ
2454 1916 2562 1970 τῶν
2609 1918 2969 1988 αἰχμαλώτων
3012 1916 3215 1971 λαϐεῖν.
3268 1916 3381 1969 Καὶ
3430 1918 3495 1969 οὐ
3544 1917 3710 1971 ταῦτα

2127 2028 2269 2082 φημι
2301 2010 2376 2074 ὡς
2412 2009 2768 2081 καταφρονῶν
2795 2010 2892 2081 τῆς
2916 2009 3090 2080 ψυχῆς
3129 2007 3326 2079 Ἰησοῦ,
3364 2009 3462 2062 καὶ
3489 2008 3712 2081 σμικρό-

2125 2122 2233 2158 νων
2281 2103 2472 2175 αὐτὴν,
2520 2101 2656 2156 ἀλλὰ
2700 2101 3021 2173 βουλόμενος
3064 2101 3267 2171 ταύτην
3314 2102 3415 2172 μὲν
3459 2101 3599 2155 κατὰ
3653 2102 3711 2156 τὺ
3821 2125 3829 2131 η

2125 2194 2469 2265 ἐνδεχόμενον
2495 2193 2689 2265 λύτρον
2720 2193 2966 2247 δεδόσθαι
2996 2194 3101 2246 ὑπὸ
3132 2192 3227 2246 τοῦ
3267 2192 3393 2247 ὅλου
3423 2194 3670 2264 Σωτῆρος
3692 2210 3706 2224 ο

2130 2286 2231 2357 τὴν
2271 2286 2329 2339 δὲ
2368 2286 2641 2357 ὑπεροχὴν
2686 2285 2778 2339 καὶ
2812 2283 2910 2355 τὴν
2950 2283 3181 2354 θεότητα
3227 2282 3443 2355 ἐκείνην
3487 2284 3607 2355 μηδ’
3647 2284 3711 2336 ἂν

2130 2374 2452 2445 δεδυνῆσθαι
2501 2374 2694 2446 λύτρον
2739 2373 2995 2446 δοθῆναιο
3050 2374 3187 2445 πλὴν
3230 2376 3470 2446 σήμερον
3501 2376 3563 2427 οὐ
3604 2373 3711 2426 λύω

2130 2467 2223 2521 τὸν
2260 2466 2466 2538 Ἰησοῦν
2496 2467 2603 2520 ἀπὸ
2624 2464 2715 2520 τοῦ
2750 2466 3006 2538 Χριστοῦ,
3037 2465 3172 2520 ἀλλὰ
3202 2465 3385 2536 πολλῷ
3418 2464 3579 2518 πλέον
3599 2462 3709 2518 οἶδα

2132 2559 2190 2613 ἓν
2224 2556 2364 2613 εἶναι
2407 2558 2611 2631 Ἰησοῦν
2646 2559 2738 2611 τὸν
2770 2558 3024 2630 Χριστὸν,
3054 2559 3149 2611 καὶ
3186 2558 3284 2628 τὴν
3313 2557 3492 2629 ψυχὴν
3526 2556 3707 2620 αὐτοῦ,

2133 2655 2273 2726 πρὸς
2304 2653 2395 2707 τὸν
2430 2672 2447 2704 ι
2481 2652 2830 2723 Πρωτότοκον
2880 2652 3059 2721 πάσης
3102 2652 3361 2715 κτίσεωςο
3402 2671 3423 2704 ι
3458 2650 3593 2705 ἀλλὰ
3620 2650 3711 2703 καὶ

2132 2747 2195 2801 τὸ
2221 2745 2381 2815 σῶμα
2418 2744 2604 2808 αὑτοῦ,
2632 2745 2707 2807 ὡς
2730 2742 2913 2807 πλέον,
2945 2746 2993 2797 εί
3018 2744 3099 2796 δεῖ
3126 2742 3299 2807 οὕτως
3325 2744 3612 2813 ὀνομάσαι,
3633 2736 3710 2798 αἶ·-

2132 2856 2220 2893 ναι
2246 2838 2304 2892 ἓν
2334 2837 2450 2892 ὅλον
2478 2836 2656 2903 τοῦτο,
2684 2837 2820 2906 ὅπερ
2860 2853 2879 2886 ι
2906 2836 2935 2888 ὁ
2962 2833 3299 2905 κολλώμενος
3335 2835 3414 2906 τῷ
3442 2836 3627 2908 Κυρίῳ
3648 2834 3710 2891 ιι

2133 2931 2351 3002 πνεῦμά
2381 2932 2547 2984 ἐστιν.
2569 2955 2585 2990 ο

443 3024 646 3078 \initu
685 3023 809 3078 data
856 3023 961 3088 sit;
1010 3038 1079 3077 an
1116 3023 1262 3079 hosti
1307 3022 1549 3092 captivos
1598 3040 1699 3081 nos
1750 3026 2051 3096 detinenti,
2102 3030 2278 3085 donec
2327 3024 2717 3095 redemptionis
2776 3025 3078 3081 mercedem
3147 3024 3490 3095 accepisset?
3548 3035 3600 3079 et
3640 3042 3705 3079 an

446 3118 560 3187 ipse
602 3117 727 3173 talis
762 3132 827 3172 ac
867 3126 1025 3171 tantae
1064 3116 1326 3172 mercedis
1364 3132 1463 3186 pro
1490 3118 1721 3187 captivis
1768 3120 2091 3190 recipienda:
2141 3136 2315 3192 capax
2355 3118 2555 3175 fuerit?
2611 3116 2721 3174 Nec
2761 3133 2824 3174 ea
2863 3132 2993 3174 vero
3019 3117 3224 3175 idcirco
3251 3133 3282 3172 a
3315 3133 3405 3174 me
3434 3117 3701 3179 dicuntur,

446 3211 592 3282 quod
639 3213 878 3266 animam
916 3211 1044 3267 Jesu
1104 3213 1438 3283 despiciam,
1474 3229 1708 3284 eamque
1749 3216 2051 3286 deprimam
2091 3234 2156 3273 ac
2203 3225 2521 3281 extenuem;
2555 3212 2651 3270 sed
2702 3213 2758 3268 id
2796 3213 3133 3269 contendens
3156 3254 3172 3278 ,
3221 3212 3458 3267 animam
3496 3212 3702 3282 quidem

445 3320 475 3358 a
508 3311 621 3359 toto
663 3302 950 3359 Servatore
975 3305 1363 3375 redemptionis
1405 3306 1636 3375 pretium
1676 3305 1848 3363 fuisse
1886 3309 2090 3380 datam,
2130 3307 2313 3380 quoad
2357 3308 2477 3379 ejus
2513 3307 2628 3362 ﬁeri
2674 3306 2884 3377 potuit;
2936 3305 3309 3362 excellentiam
3349 3313 3533 3361 autem
3566 3305 3701 3361 illam

446 3404 499 3447 rt
525 3393 859 3448 divinitatem
885 3396 1117 3465 pretium
1146 3396 1537 3465 redemptionis
1571 3398 1687 3452 dari
1718 3398 2035 3468 neutiquam
2075 3399 2338 3469 potuisse.
2380 3396 2567 3453 Jesum
2602 3396 2787 3468 itaque
2813 3413 2846 3452 a
2887 3397 3106 3453 Christo
3148 3394 3312 3453 hodie
3353 3411 3465 3452 non
3507 3395 3698 3460 divido,

445 3487 543 3544 sed
589 3487 761 3542 multo
806 3488 983 3558 magis
1020 3487 1160 3543 idem
1197 3504 1319 3544 esse
1361 3489 1549 3547 Jesum
1587 3490 1906 3560 Christum,
1944 3493 2225 3565 ipsiusque
2270 3494 2512 3548 animam
2559 3508 2829 3563 agnosco,
2875 3509 2941 3549 ac
2998 3512 3017 3545 ι
3054 3492 3487 3564 Primogenitum
3536 3494 3703 3550 omnis

447 3590 713 3636 creaturae
762 3581 839 3649 “;
894 3601 913 3635 ι
968 3581 1064 3639 sed
1109 3592 1167 3639 et
1202 3599 1403 3655 corpus
1450 3586 1631 3654 illius,
1680 3588 1838 3658 quasi
1867 3590 1991 3660 plus
2023 3590 2263 3661 aliquid,
2315 3590 2363 3645 si
2394 3588 2466 3646 ita
2495 3589 2644 3660 loqui
2682 3588 2768 3645 fas
2800 3598 2917 3658 est,
2962 3604 3130 3645 unum
3175 3589 3309 3646 illud
3351 3599 3530 3646 totum
3565 3605 3702 3658 esse,

449 3675 594 3743 quod
635 3691 654 3725 ι
689 3675 972 3732 adhaerens
1006 3676 1233 3732 Domino
1259 3694 1402 3735 unus
1432 3680 1661 3750 spiritus
1689 3692 1772 3737 est
1800 3683 1867 3736 ⁸⁷.
1904 3702 1923 3735 ι

981 3770 1057 3826 De
1088 3772 1291 3828 duobus
1323 3742 1496 3831 arcis.

2213 3778 2221 3786 '
2553 3773 2692 3843 Περὶ
2724 3773 2845 3828 τῶν
2878 3771 2988 3828 δύο
3011 3742 3275 3844 mpm.

520 3861 572 3916 9.
622 3881 640 3913 ι
682 3861 745 3917 Et
775 3863 1179 3933 egredientibus
1203 3865 1310 3921 illis
1337 3867 1405 3921 ab
1431 3866 1650 3923 Jericho
1670 3909 1685 3932 ,
1730 3877 1918 3925 secuta
1944 3878 2031 3927 est

447 3970 572 4009 eum
603 3955 759 4010 turba
792 3956 961 4011 multa
990 3973 1006 4012 :
1041 3964 1095 4011 et
1119 3972 1247 4013 ecce
1278 3958 1388 4014 duo
1414 3962 1542 4016 caeci
1583 3962 1834 4020 sedentes
1868 3978 2027 4020 secus

448 4048 594 4103 viam
619 4049 699 4113 ⁸⁸,
738 4068 757 4101 ι
812 4057 867 4104 et
906 4048 1136 4120 reliqua.
1197 4048 1336 4105 Vera
1368 4062 1486 4107 esto
1512 4069 1695 4108 rerum
1723 4092 1739 4118 ,
1773 4070 1895 4124 qum
1926 4056 2031 4110 hoc

450 4140 572 4198 loco
613 4150 939 4207 narrantur,
976 4141 1236 4210 historia,
1264 4152 1319 4198 et
1357 4142 1675 4201 Jerichunte
1700 4161 1824 4201 cum
1860 4147 2032 4203 disci-

449 4231 593 4303 pulis
634 4241 919 4289 exeuntem
952 4229 1140 4288 Jesum
1175 4234 1332 4289 turba
1378 4235 1570 4306 ingens
1613 4245 1801 4292 secuta
1836 4240 1937 4303 sit;
1971 4245 2026 4291 et

449 4342 620 4398 prope
656 4326 796 4382 viam
834 4341 940 4398 qua
990 4327 1309 4383 Jeriehunte
1360 4326 1559 4387 exitur,
1597 4322 1850 4378 sedentes
1900 4334 2030 4376 caeci

451 4421 581 4485 duo,
616 4433 740 4474 cum
769 4418 890 4473 illac
919 4418 1148 4474 transire
1176 4417 1360 4473 Jesum
1408 4414 1764 4481 inaudissent,
1793 4413 2029 4469 clamore

453 4512 668 4568 sublato
700 4510 937 4567 dixerint
977 4528 990 4562 :
1037 4529 1057 4563 ι
1101 4509 1361 4572 Domine.
1401 4507 1661 4563 miserere
1696 4506 1903 4569 nostri,
1953 4504 2030 4561 ﬁli

454 4602 623 4657 David
645 4604 713 4669 ⁸⁸,
752 4621 771 4654 ι
803 4609 964 4671 atque
994 4602 1051 4655 in
1083 4601 1149 4655 iis
1180 4616 1302 4671 quae
1334 4599 1532 4669 scripta
1559 4607 1689 4655 sunt
1723 4597 2031 4653 vociferan-

454 4692 539 4749 dis
584 4691 991 4758 consenserint;
1039 4701 1095 4747 et
1135 4700 1354 4763 propter
1398 4707 1570 4747 caecos
1605 4688 2031 4745 misericordiam

455 4783 809 4854 implorantes
837 4784 1092 4839 restitans
1122 4782 1282 4839 Jesus
1313 4797 1409 4839 eos
1445 4782 1735 4848 vocaverit,
1764 4797 1834 4837 ne
1859 4791 2037 4836 trans-

2202 3888 2221 3923 ι
2250 3868 2362 3923 Καὶ
2392 3867 2840 3939 ἐκπορευομένων
2864 3866 3043 3920 αὐτῶν
3077 3868 3184 3921 ἀπὸ
3221 3866 3453 3940 Ἱεριχὼ,
3484 3867 3703 3938 ἠκολού-

2128 3963 2293 4037 θησεν
2327 3961 2477 4032 αὐτῷ
2510 3960 2664 4032 ὄχλος
2688 3958 2854 4023 πολύς
2873 3976 2887 3990 ·
2919 3960 3013 4013 καὶ
3047 3960 3156 4013 ἰδοὺ
3186 3958 3280 4013 δύο
3318 3959 3510 4029 τυφλοὶ
3543 3959 3708 4030 καθή-

2131 4071 2282 4125 μενοι
2330 4053 2481 4125 παρὰ
2503 4053 2602 4123 τὴν
2629 4050 2769 4117 ὁδὸν,
2808 4069 2826 4101 ι
2866 4050 2960 4104 καὶ
2989 4049 3059 4103 τὰ
3088 4049 3232 4121 ἑξῆς.
3267 4052 3451 4105 Ἔστω
3486 4053 3587 4123 μὲν
3617 4052 3707 4106 καὶ

2128 4145 2199 4199 τὰ
2230 4144 2333 4215 τῆς
2367 4143 2607 4215 ἱστορίας
2638 4140 2745 4195 τῶν
2774 4140 2916 4195 κατὰ
2941 4140 3031 4194 τὸν
3061 4140 3224 4194 τόπον
3265 4141 3461 4213 ἀληθῆ,
3497 4143 3592 4197 καὶ
3622 4144 3708 4196 ἐκ·

2130 4234 2481 4306 πορευομένῳ
2534 4232 2641 4287 ἀπὸ
2685 4232 2787 4303 τῆς
2823 4231 3033 4304 Ἰεριχὼ
3074 4231 3152 4304 τῷ
3206 4233 3380 4303 Ἰησοῦ
3422 4234 3565 4305 μετὰ
3603 4234 3707 4288 τῶν

2134 4326 2390 4398 μαθητῶν
2421 4324 2845 4396 ἡκολουθηκέναι
2890 4323 3038 4396 αὐτῷ
3068 4325 3222 4397 ὄχλον
3268 4326 3452 4391 πολὺν,
3490 4328 3586 4381 καὶ
3624 4345 3707 4380 ru-

2132 4419 2254 4489 φλοὶ
2285 4419 2379 4472 δύο
2404 4417 2555 4490 παρὰ
2575 4418 2674 4489 τὴν
2701 4416 2819 4471 ὁδὸν
2846 4416 3198 4487 καθεζόμενοι
3230 4417 3326 4489 τῆς
3349 4418 3458 4472 ἀπὸ
3504 4419 3708 4492 Ἱεριχὼ

2130 4509 2333 4577 ἐξόδου,
2368 4508 2719 4577 ἀκούσαντες,
2752 4510 2836 4563 δτι
2872 4510 3081 4582 Ἰησοῦς
3122 4511 3454 4583 παρέρχεται
3489 4512 3583 4567 τὸν
3620 4513 3706 4565 τόν

2132 4620 2234 4658 πον
2286 4604 2514 4670 ἐκεῖνον,
2572 4602 2668 4656 καὶ
2722 4602 2878 4656 αὐτοὶ
2936 4604 3237 4679 κράξαντες
3292 4605 3665 4676 είρηκέτωσαν
3689 4621 3703 4636 ο

2138 4717 2157 4752 ι
2212 4695 2463 4767 Ἐλέησον
2495 4696 2663 4767 ἡμᾶς,
2692 4693 2886 4767 Κύριε,
2922 4696 3037 4760 υίὸς
3060 4695 3245 4761 Δαυῖδ,
3283 4715 3303 4749 ι
3353 4697 3448 4750 καὶ¹
3497 4714 3707 4770 συμπε-

2127 4787 2529 4859 φωνηκέτωσαν
2558 4787 2616 4840 ὲν
2648 4784 2725 4857 τῷ
2755 4787 3089 4859 κεκραγότες
3121 4788 3183 4843 τὸ
3220 4788 3707 4862 ἀναγεγραμμένον

455 4875 578 4934 iens
632 4885 688 4933 et
736 4876 1188 4951 praetergrediens
1242 4876 1389 4948 ipsos
1439 4878 1738 4948 appellaret
1777 4894 1790 4930 :
1832 4876 1927 4932 sed
1980 4882 2029 4930 et

2135 4879 2405 4951 εἰρηκέναι
2427 4894 2441 4907 ·
2477 4875 2573 4931 καὶ
2599 4875 2688 4930 διὰ
2709 4877 2837 4940 τοὺς
2862 4877 3096 4948 τυφλοὺς
3126 4877 3466 4946 ἀξιώσαντας
3493 4880 3711 4954 ἐλεηθῆ-

1662 4983 1888 5051 VETUS
1924 4993 1991 5049 IN
2000 4990 2512 5049 TERPRETATIO.

456 5116 961 5185 comprehensibilis
990 5125 1074 5173 est
1104 5132 1136 5172 a
1161 5123 1356 5173 morte.
1388 5115 1521 5170 Data
1550 5125 1730 5171 autem
1770 5115 1950 5169 anima
1981 5115 2102 5185 ejus
2132 5114 2187 5169 in
2229 5110 2659 5185 redemptionem
2689 5110 3023 5185 pro_multis,
3058 5126 3171 5167 non
3191 5111 3402 5185 mansit
3425 5112 3576 5183 apud
3602 5127 3723 5169 eum

455 5192 544 5248 cui
577 5181 754 5246 fuerat
781 5191 924 5245 data.
958 5186 1185 5259 Propter
1212 5187 1475 5259 bocdicit
1502 5185 1824 5259 Propheta:
1859 5181 2178 5259 _«_Quoniam
2206 5199 2315 5239 non
2345 5181 2690 5253 derelinques
2718 5181 2953 5259 animam
2984 5196 3160 5259 meam
3191 5182 3243 5237 in
3279 5181 3513 5259 inferno.
3557 5203 3577 5236 ι

525 5262 580 5319 9.
615 5282 633 5314 ι
671 5262 732 5316 In
757 5261 848 5344 illo
877 5251 1136 5344 tempore.
1156 5257 1560 5344 egredientibus
1602 5251 1706 5339 illis
1749 5251 2145 5344 ab‘Hiericho‘,
2186 5264 2387 5344 secutae
2421 5251 3215 5344 suntjeumJtuzrbaaumultmhr
3248 5253 3562 5344 ett-eliquat.
3597 5255 3725 5344 Quae

456 5341 586 5387 sunt
615 5333 915 5388 secundum
951 5322 1230 5387 historiam
1260 5330 1421 5400 hujus
1453 5328 1576 5391 loci,
1609 5327 1665 5382 in
1700 5328 2263 5400 aperto_consistunt._
2282 5324 2414 5400 Quae
2451 5333 2635 5400 autem
2677 5322 3030 5400 spiritualiter
3060 5322 3217 5379 nobis
3262 5322 3540 5400 videntur,
3578 5322 3723 5400 dica-

456 5418 600 5458 mus.
647 5402 716 5457 Et
746 5404 983 5474 primum
1014 5394 1440 5469 consideremus,
1469 5400 1599 5471 quid
1643 5394 1750 5454 est'
1773 5397 1917 5469 quod
1960 5397 2089 5454 dicit
2128 5416 2140 5450 :
2175 5416 2194 5451 ι
2223 5395 2640 5468 Egredientibus
2669 5394 2950 5465 discipulis
2985 5394 3118 5450 Jesu
3157 5410 3281 5450 eum
3329 5395 3451 5467 ipso
3498 5396 3627 5453 Jesu
3658 5398 3722 5451 ah

528 5521 575 5553 ”
600 5520 624 5575 Ι
647 5518 774 5576 Cor.
801 5536 895 5583 vn,
922 5522 1012 5576 25.
1089 5520 1135 5554 ⁸⁸
1166 5520 1296 5575 Luc.
1323 5534 1473 5579 χχιιι,
1499 5518 1601 5584 46;
1630 5517 1771 5574 Psal.
1798 5534 1924 5583 xxx,
1959 5518 2012 5575 6.
2088 5518 2135 5552 ⁸⁸
2161 5517 2305 5575 Psal.
2331 5533 2418 5582 xv,
2453 5516 2538 5574 lo.
2615 5515 2661 5549 ”
2685 5514 2802 5572 Col.
2828 5532 2868 5586 ι,
2896 5516 2982 5582 l5,
3011 5516 3097 5572 16.
3175 5516 3224 5548 ⁸⁸
3259 5513 3389 5570 ibid.
3470 5514 3517 5546 "
3551 5514 3574 5569 l
3600 5515 3718 5571 Cor.

464 5607 536 5658 vr,
570 5591 654 5646 l7.
732 5589 777 5623 ⁸⁸
807 5590 994 5647 Matth.
1024 5608 1111 5657 xx,
1143 5591 1231 5658 29,
1257 5591 1345 5647 '50.
1420 5590 1465 5624 ”
1491 5589 1622 5647 ibid.
1653 5590 1741 5646 50.

534 5704 645 5774 (7'5)
676 5702 1053 5775 Συγχνέίιντας
1082 5705 1153 5759 τὰ
1190 5705 1323 5773 περὶ
1359 5705 1461 5759 τοῦ
1494 5704 1898 5775 Πρωτοτόκου,
1926 5714 2030 5761 etc.

464 5771 615 5829 Hanc
655 5771 903 5830 haeresim
945 5771 1273 5839 perstringit
1294 5771 1643 5843 Philastri'us,
1684 5780 1882 5831 Haeres.
1927 5792 2030 5832 χοι.

2143 5705 2274 5761 Eam
2303 5713 2484 5760 autem
2514 5702 2699 5759 multis
2732 5712 2855 5775 post
2880 5701 3172 5775 Qrigenem
3215 5700 3374 5775 annis
3404 5697 3714 5775 instauravit

2142 5776 2490 5845 Apollinaris,
2519 5775 2586 5831 de
2610 5788 2717 5844 qua
2734 5770 2863 5831 't‘use
2897 5770 3296 5841 Théodoretus,
3319 5772 3447 5828 dial.
3474 5773 3530 5829 ὅ.
3555 5770 3713 5827 ιισετ.
