3962 6546
48 374 208 428 im
1039 351 1396 431 COMMEN’i’.
1439 374 1508 431 1N
1549 374 1964 432 MATTIUEUM
2007 377 2246 435 remus
2287 378 2420 436 xvr.
2635 431 2641 438 ,
3231 386 3369 441 tice

45 512 148 548 ναι
191 495 346 559 στὰς
379 497 407 549 ὀ
439 495 644 566 Ἰησοῦς
670 495 1040 567 πειρωνηκέτω
1072 498 1288 560 αὐτοὺς,
1320 498 1408 552 ἵνα
1436 497 1512 570 μὴ
1546 517 1688 573 παρ-

1801 508 2085 569 postquam
2117 502 2399 567 restiterit,
2415 517 2618 573 eosque
2649 503 3056 577 interrogaverit
3083 508 3324 564 dicens"
3350 528 3366 565 :

53 591 240 656 άγων
300 592 396 644 καὶ
455 590 862 661 παρερχόμενος
910 591 1108 654 αὐτοὺς
1169 591 1331 662 καλῇ.
1381 591 1543 645 Ἀλλά
1591 594 1687 646 καὶ

1801 609 1815 641 ι
1850 591 1990 658 Quid
2017 593 2180 649 vultis
2213 603 2272 648 ut
2300 595 2450 649 vobis
2474 595 2704 651 faciam?
2747 618 2764 648 ι
2796 598 2934 653 Tum
2961 617 3092 656 vero
3121 603 3368 670 postula-

49 683 370 754 ἑστηκὼς,
405 684 498 736 καὶ
545 683 944 753 πυνθανόμενος
987 685 1254 756 εἰρηκέτω
1299 687 1514 748 αὐτοῖς’
1559 706 1576 737 ι
1619 688 1686 740 Τί

1801 692 1905 738 Lum
1937 700 2098 739 suum
2135 685 2247 755 jam
2284 688 2487 742 clarius
2518 700 2856 758 exponentes
2885 693 3012 746 ca3ci
3033 732 3048 755 ,
3106 693 3306 762 aperiri
3336 709 3369 748 a

53 776 277 829 (έλετε
319 778 406 830 ἴνα
442 777 650 848 ποιήσω
679 777 841 848 ύμῖν;
879 797 897 828 ι
937 777 1047 849 Τήν
1080 795 1140 831 τε
1183 778 1405 844 ἀξίωσιν
1444 779 1686 832 ἰδικώτε-

1801 775 1917 832 Iesu
1943 779 2132 833 oculos
2157 795 2288 834 suos
2310 781 2444 834 velle
2475 796 2535 836 se
2555 783 2741 837 dicant
2769 802 2782 838 :
2803 792 2860 838 at
2886 785 3136 839 homines
3156 799 3368 845 amans,

54 885 163 937 ρον
219 869 340 939 ἥδη
388 868 753 940 παριστάντες
799 869 849 920 οἱ
900 868 1093 938 τυφλοὶ
1137 871 1504 942 εἰρηκέτωσαν
1537 870 1687 942 αὺτῷ

1801 883 1856 922 ac
1887 869 2240 924 miseratione
2273 886 2632 943 prosequens,
2667 889 2795 943 erga
2839 889 3014 929 caecos
3057 875 3372 928 misericor-

55 959 262 1012 θέλειν
299 961 392 1015 ἵνα
417 960 708 1030 ἀνοιγῶσιν
741 961 852 1014 ἀπὸ
888 961 980 1014 τοῦ
1018 962 1188 1034 Ἰησοῦ
1227 966 1274 1016 οἱ
1299 963 1567 1035 ὀφθαλμοὶ
1593 965 1691 1018 αύ-

1801 960 1878 1016 dia
1908 961 2136 1016 allectus
2169 960 2446 1027 Servator,
2487 973 2540 1019 et
2563 965 2810 1030 allectus,
2839 967 3055 1036 opinor,
3081 966 3226 1036 quod
3267 965 3371 1018 mi-

56 1047 180 1100 τῶν
205 1064 222 1076 ·
254 1051 364 1102 καὶ
389 1051 418 1102 ό
441 1049 820 1123 φιλάνθρωπος
847 1053 880 1122 ἡ
889 1051 1003 1120 μῶν
1033 1054 1126 1106 καὶ
1161 1054 1450 1126 συμπαθὴς
1474 1056 1624 1128 Σωτὴ
1635 1073 1686 1128 ρ,

1801 1050 2147 1106 sericordiain
2173 1089 2190 1114 ,
2234 1061 2294 1106 ut
2327 1053 2399 1108 ita
2437 1055 2652 1122 dicam,
2685 1054 2815 1111 Jesu
2870 1056 3162 1126 implorare
3207 1056 3374 1126 728

61 1140 521 1213 σπλαγχνισθεὶς
551 1143 642 1195 ἐπὶ
664 1146 776 1206 τοῖς
803 1144 1046 1214 τυφλοῖς,
1075 1145 1498 1217 σπλαγχνισθεὶς
1517 1147 1583 1212 δ’,
1615 1146 1692 1202 οἷ-

1801 1141 2106 1209 maluerint,
2159 1144 2261 1200 hoc
2301 1154 2404 1207 est,
2440 1146 2740 1200 clamantes
2770 1146 3008 1202 dixerint
3031 1147 3073 1179 ⁹¹
3105 1165 3119 1201 :
3149 1165 3170 1194 ι
3206 1145 3369 1202 Mise-

63 1253 198 1304 μαι,
262 1235 354 1306 τῷ
411 1236 798 1306 προειληφέναι
849 1237 1092 1301 ὲκείνους
1137 1239 1198 1291 τὸ
1249 1239 1692 1310 προκαλούμενον

1801 1247 1914 1287 rere
1945 1234 2137 1295 nostri,
2175 1233 2420 1296 Domine.
2453 1235 2525 1290 ﬁli
2554 1235 2721 1290 David
2744 1277 2758 1299 ,
2808 1257 2825 1290 ι
2870 1248 2926 1294 et
2958 1255 3082 1294 eum
3111 1239 3214 1294 lide
3239 1254 3370 1309 ape-

62 1327 188 1390 τὸν,
220 1328 301 1380 ἶν’
337 1327 511 1392 οὕτως
537 1327 812 1399 ὀνομάσω,
845 1329 991 1384 ἔλεον
1019 1331 1114 1385 τοῦ
1149 1333 1344 1404 Ἰησοῦ,
1375 1335 1512 1406 ὅπερ
1535 1332 1602 1406 ἦν
1631 1337 1693 1390 τὸ

1801 1325 1890 1380 riri
1941 1328 2130 1382 oculos
2177 1343 2309 1384 suos
2353 1330 2767 1397 postulaverint,
2811 1334 3080 1388 contactis
3126 1333 3371 1401 ipsorum

66 1420 444 1492 κεκραγότας
473 1420 786 1490 είρηκέναι’
828 1441 847 1473 ι
894 1423 1151 1494 Ἐλέησον
1179 1426 1346 1497 ἡμᾶς,
1378 1427 1573 1499 Κύριε,
1609 1430 1691 1484 υἱὲ

1801 1415 2002 1482 oculis,
2055 1418 2254 1474 virtute
2295 1433 2390 1488 per
2425 1429 2738 1476 contactum
2787 1423 2960 1478 oculis
3005 1424 3250 1478 immissa
3283 1439 3372 1477 sa-

69 1513 272 1574 Δαυῖδ,
320 1533 342 1563 ι
373 1514 464 1566 καὶ
493 1514 926 1578 πεπιστευκότας
950 1513 1245 1584 ἠξιωκέναι
1279 1518 1366 1573 ἴνα
1404 1521 1693 1589 ἀνοιγῶσιν

1801 1510 1962 1564 nandi
1989 1510 2038 1564 vi
2075 1510 2330 1581 pollente,
2363 1512 2523 1566 caecis
2555 1512 2734 1567 visum
2767 1515 3088 1582 restituerit,
3115 1515 3218 1585 ipsi
3245 1529 3374 1570 vero

68 1608 116 1656 οἱ
153 1606 449 1677 ὀφθαλμοὶ
477 1604 678 1667 αὐτῶν,
710 1607 992 1679 ἁψάμενος
1036 1609 1215 1663 αὐτῶν
1241 1610 1349 1664 τῶν
1376 1610 1691 1685 ὀφθαλμῶν,

1801 1602 2002 1672 accepti
2054 1603 2300 1658 beneﬁcii
2349 1605 2579 1675 gratiam
2624 1605 2902 1671 habentes,
2947 1605 3132 1662 Jesutn
3199 1606 3372 1664 secuti

68 1698 326 1769 δύναμιν
358 1699 445 1752 διὰ
469 1699 569 1768 τῆς
597 1700 743 1770 ἁφῆς
780 1701 1029 1772 ἰατρικὴν
1061 1702 1222 1766 ἐνιεὶς
1251 1705 1366 1766 τοῖς
1393 1704 1694 1777 ὀφθαλμοῖς

1801 1694 1909 1748 sint
1939 1713 1952 1748 :
1987 1705 2154 1766 atque
2186 1695 2237 1752 id
2265 1697 2462 1767 aliquis
2505 1713 2826 1767 persuasum
2880 1699 3118 1765 habens,
3162 1715 3372 1755 necnon

73 1792 450 1860 πεποιηκέτω
493 1792 621 1855 τοὺς
656 1791 891 1859 τυφλοὺς
935 1792 1286 1858 ἀναϐλέπειν,
1327 1797 1567 1850 κάκεῖνοι
1607 1797 1696 1850 εύ-

1801 1795 1853 1844 et
1885 1787 2014 1842 illud
2043 1797 2234 1844 tenens
2259 1791 2304 1821 9’
2339 1807 2351 1843 :
2395 1809 2412 1840 ι
2445 1790 2501 1844 Si
2531 1806 2639 1845 non
2673 1791 3036 1858 credideritis,
3073 1807 3180 1846 non
3212 1792 3364 1846 intel-

73 1884 374 1954 χαρίστως
408 1883 928 1954 ἡκολουθηκέτωσαν
966 1883 1046 1955 τῷ
1092 1885 1302 1957 Ἰησοῦ⁹
1341 1888 1434 1940 καὶ
1473 1889 1695 1943 πιστεύ-

1801 1875 2008 1949 ligetis,
2047 1899 2065 1932 ι
2105 1891 2388 1950 propterea
2416 1883 2563 1952 quod
2593 1883 2920 1949 crediderit,
2969 1898 3066 1952 pro
3096 1883 3218 1937 tidei
3259 1898 3373 1938 suae

80 1992 181 2039 σας
209 1993 305 2039 τις
350 1976 580 2040 τούτοις,
613 1977 705 2029 καὶ
733 1977 1018 2045 γινώσκων
1046 1977 1102 2031 δὲ
1133 1979 1197 2032 τό
1221 1995 1233 2009 ·
1278 1998 1296 2032 ι
1337 1980 1464 2034 Ἑάν
1499 1982 1572 2054 μὴ
1608 2000 1695 2036 πι-

81 2066 390 2137 στεύσητε,
440 2068 503 2121 οὐ
547 2069 623 2139 μὴ
661 2071 880 2141 συνῆτε,
933 2089 951 2122 ι
1004 2072 1068 2124 ὲκ
1119 2070 1216 2124 τοῦ
1275 2075 1694 2128 πεπιστευκέναι

82 2159 228 2213 κατά
261 2160 372 2230 τὴν
403 2161 694 2229 ἀναλογίαν
737 2162 837 2231 τῆς
891 2163 1126 2226 πίστεως
1169 2165 1229 2218 τὸ
1275 2165 1512 2220 συνιέναι
1543 2167 1694 2239 εἰλη-

83 2252 259 2320 φέτω,
290 2255 389 2307 καὶ
417 2252 653 2324 εἰληφὼς
674 2255 879 2323 λεγέτω
911 2257 980 2308 τὰ
1013 2257 1142 2322 περὶ
1179 2257 1407 2322 τούτων,
1438 2257 1574 2328 μετά
1603 2258 1694 2312 τὸν

89 2348 217 2416 περὶ
252 2347 441 2400 αὐτῶν
474 2347 573 2417 τῆς
609 2349 846 2412 πίστεως
874 2349 1120 2420 θεμέλιον
1154 2350 1282 2419 περὶ
1317 2351 1496 2404 αὐτῶν
1524 2353 1695 2423 ἑρμη-

84 2438 283 2500 νεύων,
323 2440 467 2492 κατά
502 2439 598 2492 τό’
646 2457 664 2490 ι
712 2440 1062 2502 Ἐπίστευσα,
1100 2440 1180 2492 διὸ
1216 2441 1492 2512 ἐλάλησα·
1536 2461 1554 2492 ι
1602 2443 1695 2494 καὶ

88 2531 230 2583 ἔστω
265 2534 296 2584 ὁ
341 2531 582 2596 τοιοῦτος
621 2533 682 2585 οὐ
731 2531 890 2603 μόνον
934 2531 1208 2585 πιστεύων
1249 2533 1328 2604 τῷ
1374 2533 1549 2604 Ἰησοῦ
1600 2534 1695 2587 καὶ

88 2628 198 2687 τοῖς
238 2623 393 2678 κατά
426 2625 517 2678 τὸν
543 2624 704 2678 τόπον
748 2624 934 2677 τοῦτον
975 2625 1514 2696 ἀναγεγραμμένοις,
1551 2625 1692 2679 ἀλλά

98 2720 188 2770 καὶ
221 2716 520 2786 γινώσκων
553 2717 644 2771 τὸν
689 2719 820 2790 περὶ
864 2717 1044 2772 αὐτῶν
1088 2718 1211 2771 νοῦν
1236 2734 1248 2747 ·
1298 2721 1326 2771 ὀ
1361 2718 1470 2788 γὰρ
1517 2719 1694 2789 μένων

95 2813 149 2862 ἐν
177 2815 245 2881 τῇ
283 2811 392 2880 τῆς
435 2810 668 2873 πίστεως
699 2810 948 2882 ἀληθείᾳ,
986 2811 1081 2864 καὶ
1110 2811 1198 2863 διὰ
1236 2809 1346 2863 τῶν
1383 2810 1559 2880 ἔργων
1599 2810 1693 2864 τοῦ

100 2905 269 2971 λόγου
319 2904 576 2974 ἐμμένων
605 2904 684 2974 τῷ
727 2905 906 2974 Λόγῳ,
945 2902 1086 2957 κατὰ
1118 2903 1216 2974 τὴν
1255 2903 1430 2972 Ἰησοῦ
1459 2905 1696 2972 ἐπαγγε-

98 2999 234 3060 λίαν,
272 2997 538 3066 γινώσκει
581 2997 676 3068 τὴν
708 2997 986 3068 ἀλήθειαν,
1021 2997 1114 3050 καὶ
1154 2999 1243 3049 ὑπ’
1278 2998 1449 3066 αὐτῆς
1483 2995 1696 3049 ἐλευθε-

106 3089 312 3158 ροῦται.
374 3090 480 3140 Καὶ
512 3091 672 3158 ἡμεῖς
702 3089 781 3151 δὲ,
829 3089 951 3142 ἐπεὶ
989 3087 1064 3160 μὴ
1113 3087 1459 3152 πιστεύοντες
1507 3089 1602 3158 μὲν
1635 3090 1695 3142 ού

1795 1979 1909 2022 rata
1953 1979 2106 2039 parte
2155 1971 2569 2044 intelligentiam
2600 1974 2901 2045 acceperit,
2947 1989 3119 2044 eaque
3153 1985 3372 2045 accepta

1794 2077 1916 2132 qua:
1960 2065 2028 2117 ad
2071 2065 2218 2120 hunc
2261 2067 2440 2120 locum
2469 2067 2740 2137 pertinent
2763 2068 3059 2130 edisserat,
3092 2077 3215 2138 post
3245 2085 3374 2122 con-

1795 2154 2042 2208 stitutum
2094 2155 2214 2210 fidei
2265 2156 2350 2212 his
2403 2157 2600 2212 habita:
2647 2156 3060 2212 fundamentum
3101 2173 3162 2212 ea
3207 2173 3374 2228 expo-

1795 2261 1966 2310 nens,
1998 2245 2154 2315 juxta
2183 2247 2315 2302 illud
2347 2249 2393 2281 ³³
2422 2267 2434 2302 :
2471 2268 2490 2300 ι
2521 2249 2777 2314 Credidi,
2810 2259 3030 2320 propter
3055 2249 3199 2319 quod
3227 2251 3374 2302 locn-

1793 2340 1881 2387 tus
1928 2349 2046 2388 sum
2079 2353 2091 2388 :
2133 2356 2150 2385 ι
2195 2352 2257 2391 ac
2295 2338 2385 2406 qui
2431 2350 2531 2392 erit
2564 2341 2860 2408 ejusmodi,
2890 2359 2997 2395 non
3026 2342 3152 2395 Jesu
3182 2341 3384 2407 solum,

1793 2429 1966 2500 iisque
2019 2448 2140 2502 qua:
2189 2433 2292 2488 hoc
2343 2435 2463 2490 loco
2512 2435 2713 2504 scripta
2771 2445 2986 2492 exstant
3051 2453 3376 2492 consensum

1794 2543 1954 2582 suum
1986 2530 2243 2599 praebeat,
2276 2548 2466 2586 verum
2497 2542 2553 2588 et
2577 2548 2765 2588 eorum
2795 2550 3012 2604 quoque
3049 2535 3377 2590 sententiam

1795 2626 2016 2691 calleat;
2050 2644 2174 2682 nam
2207 2631 2298 2698 qui
2339 2630 2393 2684 in
2432 2630 2554 2684 ﬁdei
2589 2633 2815 2686 veritate
2847 2644 3150 2700 permanet,
3189 2648 3244 2690 et
3285 2650 3373 2704 per

1798 2719 1964 2778 Verbi
2013 2737 2177 2792 opera
2222 2721 2404 2779 Verbo
2432 2722 2694 2787 adhaeret,
2727 2723 2884 2793 juxta
2936 2724 3380 2793 pollicitationem

1795 2817 1949 2886 Iesu,
2001 2819 2288 2873 veritatem
2321 2817 2627 2888 cOgnoscit,
2661 2827 2717 2871 et
2751 2817 2821 2870 ab
2855 2817 2972 2886 ipsa
3021 2817 3283 2871 liberatur
3309 2814 3376 2872 “.

1797 2907 1909 2964 Nos
1955 2924 2115 2974 vero,
2163 2908 2607 2978 quandoquidem
2657 2923 2844 2962 eorum
2878 2925 2999 2978 qua:
3040 2909 3181 2962 dicta
3227 2918 3376 2970 sunt,

1798 3015 2019 3054 sensum
2054 3014 2160 3052 non
2199 2999 2585 3067 assequimur,
2639 3014 2761 3054 eum
2794 2998 2896 3052 fide
2932 3014 3215 3064 caremus;
3243 3015 3380 3068 quo-

1799 3090 2122 3160 tiescunque
2159 3097 2341 3143 autem
2377 3088 2768 3159 intelligimus,
2801 3106 2830 3143 a
2862 3090 2966 3143 ﬁde
2998 3099 3182 3144 nostra
3211 3090 3380 3144 habe-

105 3182 359 3253 συνίεμεν
407 3181 500 3234 τοῦ
535 3181 872 3252 βουλήματος
905 3179 1014 3234 τῶν
1055 3179 1386 3251 λεγομένων,
1422 3181 1693 3245 συνιέντες

1801 3195 1924 3234 mus
1953 3189 2013 3234 ut
2044 3179 2444 3249 intelligamus;
2483 3196 2614 3251 age,
2648 3197 2772 3236 eum
2801 3182 2954 3251 prius
2979 3182 3254 3252 apprecati
3283 3183 3379 3253 qui

102 3275 154 3326 δὲ
184 3277 250 3328 ἐκ
292 3273 392 3327 τοῦ
430 3273 706 3327 πιστεύειν
739 3272 1011 3344 συνίεμεν,
1039 3271 1170 3344 φέρε
1215 3273 1283 3326 τά
1321 3273 1695 3326 ὑποπίπτοντα

104 3369 228 3438 ἡμῖν
262 3371 348 3431 εἰς
374 3367 466 3420 τὸν
493 3369 680 3430 τόπον,
708 3367 995 3437 εὐξάμενοι
1028 3366 1106 3437 τῷ
1137 3367 1384 3437 ρυομένῳ
1409 3368 1556 3438 ἡμᾶς
1588 3367 1697 3420 ἀπὸ

103 3462 192 3516 τοῦ
221 3461 568 3530 κεκαλύφθαι
597 3463 730 3531 ἡμῖν
767 3460 826 3512 τὸ
857 3459 1209 3526 Εὑαγγέλιον,
1242 3458 1379 3512 καθὸ
1409 3458 1696 3530 χωροῦμεν

108 3555 585 3627 παραστήσωμεν
640 3553 734 3606 καὶ
780 3552 997 3624 πρῶτόν
1049 3569 1113 3620 γε
1168 3551 1594 3623 κατανοήσωμεν
1644 3550 1696 3603 τί

105 3648 181 3710 τὸ,
222 3647 681 3718 ἐκπορευομένων
727 3645 834 3700 ἀπὸ
885 3644 1097 3717 Ἱεριχὼ
1143 3645 1251 3698 τῶν
1303 3643 1560 3715 μαθητῶν
1599 3643 1696 3697 τοῦ

120 3741 292 3812 Ἰησοῦ
325 3739 462 3812 μετά
488 3737 582 3792 τοῦ
615 3739 864 3809 Σωτῆρος
893 3736 1321 3807 ἡκολουθηκέναι
1351 3737 1499 3808 αὐτῷ
1529 3737 1694 3791 πολὺν

110 3835 281 3906 ὀχλον.
319 3836 460 3906 Ὅρα
494 3833 673 3886 τοίνυν
697 3833 746 3884 εί
776 3831 1019 3896 δύνασαι,
1054 3830 1398 3902 μεμνημένος
1426 3830 1534 3884 τῶν
1565 3832 1695 3901 ἡμῖν

115 3927 597 3999 ὑπαγορευθέντων
643 3925 753 3996 (74)
801 3925 882 3988 είς
926 3924 1026 3994 τὴν
1073 3923 1131 3977 ὲν
1169 3922 1249 3994 τῷ
1290 3923 1431 3977 κατά
1479 3925 1697 3977 Λουκᾶν

115 4022 430 4091 Εὐαγγελίῳ
476 4017 789 4090 παραϐολὴν
835 4017 965 4086 τήνο
1015 4035 1032 4068 ‹
1071 4017 1392 4089 ’Ἄνθρωπός
1443 4035 1526 4081 τις
1569 4034 1698 4071 κατ-

113 4114 321 4167 έξαινεν
357 4111 466 4166 ἀπὸ
500 4109 850 4182 Ἰερουσαλὴμ
873 4111 952 4174 είς
991 4108 1222 4181 Ἱεριχὼ,
1266 4110 1360 4163 καὶ
1407 4109 1701 4180 περιέπεσε

111 4209 362 4280 λῃσταῖς,
412 4229 431 4261 ι
477 4208 778 4278 ἐπιστήσας
822 4207 1001 4276 λέγειν
1055 4206 1264 4277 μήποτε
1321 4203 1416 4256 κα)⁵
1471 4200 1707 4256 ἐνταῦθα

123 4302 334 4376 Ἰεριχὼ
374 4303 485 4373 (75)
513 4301 780 4372 σύμϐολόν
807 4302 922 4353 ὲστι
954 4298 1046 4354 τοῦ
1072 4298 1352 4371 περιγείου
1375 4298 1543 4351 τόπου
1575 4313 1704 4350 συν-

1804 3272 1874 3325 ab
1908 3268 2184 3340 Evangelii
2232 3269 2470 3325 tenebris
2513 3281 2568 3324 et
2615 3270 2952 3326 obscuritate
3008 3284 3107 3323 nos
3165 3269 3382 3335 liberat,

1803 3377 1926 3435 quae
1973 3361 2028 3415 in
2080 3363 2226 3416 hunc
2277 3361 2458 3417 locum
2511 3361 2670 3416 nobis
2719 3367 3043 3416 succurrent
3095 3374 3193 3429 pro
3241 3360 3383 3414 virili

1805 3464 1959 3527 parte
2003 3470 2378 3525 exponamus;
2416 3469 2480 3510 ac
2509 3454 2640 3509 illud
2672 3449 2910 3524 primum
2948 3451 3078 3523 quid
3110 3452 3212 3514 sit,
3244 3451 3384 3506 Jeri-

1805 3549 2008 3604 chunte
2027 3546 2436 3620 egredientibus
2461 3562 2586 3600 cum
2613 3545 2902 3600 Servatore
2928 3545 3212 3614 discipulis
3231 3541 3383 3609 Jesu,

1807 3651 2060 3706 magnam
2086 3651 2211 3690 eum
2247 3635 2462 3689 turbam
2492 3634 2662 3691 fuisse
2693 3635 3064 3699 subsecutam,
3087 3634 3385 3704 perpenda-

1805 3744 1950 3784 mus.
2025 3727 2230 3782 Eorum
2259 3742 2390 3798 ergo
2430 3727 2746 3782 recordatus
2791 3743 2912 3806 quae
2939 3743 3102 3797 super
3129 3743 3191 3781 ea
3229 3743 3385 3796 para-

1804 3822 1928 3876 bola
1956 3821 2196 3875 diximus
2221 3821 2277 3874 in
2302 3820 2593 3891 Evangelia
2624 3821 2922 3875 secundum
2951 3818 3153 3874 Lucam
3191 3835 3386 3888 propo-

1805 3915 1910 3970 sita
1941 3914 2030 3967 ⁹⁵ε
2077 3931 2094 3962 ι
2137 3912 2308 3968 Homo
2335 3912 2556 3982 quidam
2601 3911 2963 3966 descendebat
2986 3912 3055 3965 ab
3080 3909 3382 3966 Jerusalem

1806 4008 1860 4062 in
1883 4006 2124 4073 Jericbo,
2159 4015 2214 4061 et
2257 4005 2450 4060 incidit
2501 4005 2555 4059 in
2589 4005 2849 4069 latrones,
2883 4023 2902 4056 ι
2932 4004 3052 4057 vide
3082 4020 3210 4056 num
3241 4018 3388 4072 quab-

1807 4115 1929 4155 rere
1954 4102 2132 4170 possis
2165 4113 2347 4153 annon
2379 4105 2683 4153 memorata
2711 4095 2799 4149 hic
2829 4093 3044 4149 Jericho
3076 4094 3383 4165 symbolum

1809 4193 1876 4247 sit
1925 4190 2204 4246 terrestris
2253 4190 2401 4244 illius
2448 4189 2576 4250 loci,
2607 4187 2700 4257 qui
2747 4188 2801 4240 in
2833 4185 3114 4255 Scriptura
3147 4188 3384 4240 mundus

1809 4285 1918 4340 dici
1946 4286 2101 4340 solet.
2144 4283 2485 4355 Jcrosolyma
2507 4297 2636 4352 ergo
2657 4279 3028 4336 Jeriebuntem
3053 4279 3385 4334 descendens

116 4373 262 4466 ἡθωςί
280 4373 631 4450 καλουμένου
679 4393 821 4447 κατὰ
859 4394 960 4464 τὴν
987 4391 1209 4464 Γραφὴν
1244 4391 1470 4462 κόσμου.
1517 4390 1576 4443 ’0
1603 4390 1698 4461 μὲν

1813 4381 2009 4445 Adam,
2028 4382 2134 4436 hoc
2163 4389 2266 4445 est,
2286 4381 2472 4445 homo,
2500 4378 2552 4431 in
2575 4378 2812 4431 latrones
2836 4374 3041 4430 incidit.
3080 4373 3150 4427 At
3171 4383 3386 4443 prepter

1358 4529 1590 4588 VETUS
1628 4518 2218 4584 INTERPRETATIO.

117 4655 396 4724 Hiericho,
430 4665 635 4715 secutae
666 4665 796 4713 sunt
828 4671 954 4712 eum
987 4655 1161 4710 turbae
1187 4653 1395 4708 multm.
1431 4647 1630 4724 »_V_id_e
1663 4660 1794 4724 ergo
1829 4643 1876 4700 si
1912 4633 3082 4724 memoreorum-queaAnobissqntdieta
3107 4627 3388 4724 {pii-(1L:-

659 4705 1399 4799 de'lioin—i-rievdescendente
1432 4721 1503 4774 ab
1533 4705 1875 4799 Hierusalem
1919 4713 1975 4799 in
2007 4709 2287 4799 Hiericho,
2319 4705 3087 4799 etlncidﬁnlglalrgttefl

119 4774 235 4856 ἷὲἷὲ
265 4774 1458 4864 ς”ῦὲἳᾶτῖἔὶῑῑιῑὲἯὲἓὶῖιειῖόῖιῖὶέιιῖέίίυτ
1481 4788 1741 4864 Διιιιιηηιιμιιιε
1765 4787 1882 4864 iste
1922 4794 2226 4864 terrenus.“
2237 4779 2346 4864 Qui
2381 4793 2512 4848 ergo
2548 4777 2617 4864 ab
2653 4774 3090 4864 ['lierusalem‘iili

3165 4713 3280 4757 otes
3305 4700 3390 4754 di-

3157 4770 3388 4826 liericho

122 4845 394 4926 ὶιῐὲῖτεήῐίίῖ
417 4845 580 4933 ,Πῆάῆ
613 4845 800 4924 “Ad-ain
827 4845 1103 4932 est“,
1135 4845 1358 4928 ἰῖόῐιὶὸῗ
1400 4861 1493 4930 qui
1537 4857 1736 4933 incidit
1764 4858 1817 4911 in
1859 4857 2137 4933 latronesz
2179 4845 2415 4933 Propter
2450 4845 2616 4933 quem
2655 4846 2816 4933 Jesus
2854 4845 3388 4933 descenditur-earn

606 4914 854 5001 salsi-uel
885 4914 1586 5010 e‘gres'susuestﬂttiedcalus
1625 4928 1830 5010 inultos
1865 4927 1924 5010 in
1965 4940 2038 5004 ea.
2068 4914 3390 5010 (ide-les__,-_et“voletiltfﬁfupiflii}:

121 4981 1594 5080 "635351:“ﬁfitiEI-iéﬁiflliiq'aéEppium.
1637 4997 1944 5080 mundiali,
1987 4994 2102 5080 nisi.
2134 4985 2953 5080 viderintunon‘solumies‘u‘m
2981 4981 3390 5080 nesciri-iterandi?

1324 5052 2158 5144 ullgeveréovivvidentes'secuta:
2195 5070 2326 5118 sunt
2360 5077 2484 5116 eum
2526 5059 2698 5114 turba:
2735 5059 2938 5112 multm.
2978 5055 3045 5110 Et
3081 5065 3164 5111 est
3199 5052 3386 5108 videre

184 5241 227 5274 "
253 5238 449 5294 Matth.
486 5254 579 5305 xx,
605 5239 696 5294 32.
773 5239 816 5272 ⁹¹
848 5238 979 5294 ibid.
1010 5237 1102 5294 29.
1179 5235 1224 5268 ⁹²
1249 5237 1354 5291 Isa.
1379 5250 1455 5298 vr,
1487 5233 1544 5288 9.
1619 5231 1663 5264 ⁸³
1689 5229 1836 5286 Psal.
1874 5243 1999 5291 CXV,
2039 5225 2090 5280 l.

187 5379 300 5451 (Ἠ)
320 5377 849 5451 Μεμνημένοςγτῶν
869 5377 1012 5451 ᾐμῖν
1029 5373 1570 5446 ὑπαγορευθὲντων,
1591 5379 1695 5427 etc.

130 5447 417 5520 Origenes,
442 5451 632 5504 homil.
664 5450 733 5504 54
760 5451 815 5503 in
861 5448 994 5506 Luc.

337 5513 580 5591 Μίιὶπθζε
613 5521 710 5573 καὶ
733 5521 991 5591 ἐνταῦθα
1034 5517 1396 5591 ιεριχώνρθίθο
1420 5513 1708 5591 QrigpPe-s’

131 5585 308 5646 boinil'.
341 5593 374 5645 tl
418 5588 474 5641 in
503 5589 701 5645 Iosue:
741 5610 759 5641 ι
797 5589 851 5643 In
888 5591 1057 5659 figura
1086 5585 1294 5644 'niundi
1330 5585 1711 5659 poniJeriebo

132 5659 176 5712 in
203 5662 501 5731 Scripturis
532 5666 842 5730 frequenter
866 5655 1197 5731 invenimus.
1224 5655 1358 5713 Nam
1390 5656 1516 5731 etin
1546 5655 1712 5731 Evan-

133 5733 259 5796 gelio
289 5725 436 5802 quod
483 5725 684 5786 dicitur
732 5735 896 5786 homo
938 5730 1347 5802 deJerusalem
1395 5729 1453 5802 _in
1490 5725 1712 5802 Jerieho

133 5796 492 5868 descendisse,
523 5812 578 5858 et
630 5803 682 5857 in
734 5803 973 5858 latrones
1022 5801 1347 5866 incurrisse,
1387 5799 1564 5854 forma
1594 5796 1714 5852 sine

2167 5224 2214 5257 ⁸⁸
2243 5221 2404 5278 Joan.
2435 5237 2556 5289 VIII,
2595 5219 2685 5275 32.
2763 5218 2810 5250 "
2838 5215 2969 5272 Luc.
3005 5231 3061 5280 χ,
3087 5215 3176 5270 50.

1805 5366 1973 5423 dubio
1995 5375 2110 5419 erat
2142 5363 2289 5418 illius
2311 5362 2463 5424 Adae,
2494 5359 2587 5430 qui
2609 5359 2676 5413 de
2696 5354 2952 5430 paradiso
2983 5355 3034 5408 in
3061 5354 3179 5430 ejus
3198 5353 3387 5430 mundi

1807 5421 2062 5493 essilium
2095 5445 2281 5490 trusus
2310 5443 2412 5488 est.
2449 5421 2556 5486 Sed
2600 5439 2653 5484 et
2680 5421 2814 5484 caeci
2837 5426 2928 5497 qui
2973 5421 3128 5480 erant
3162 5424 3225 5497 in
3241 5421 3384 5497 .ieri-

1806 5512 1946 5574 eho,
1981 5507 2048 5560 ad
2095 5521 2236 5576 quos
2290 5506 2435 5559 venit
2477 5501 2662 5566 Jesus,
2697 5494 3000 5576 tit-faceret
3039 5494 3385 5576 eos_videre,

1809 5565 2040 5635 formam
2097 5565 2356 5649 g'crebant
2388 5589 2602 5649 eorum,
2633 5565 2726 5639 qui
2771 5569 2822 5649 in
2860 5569 2963 5622 hoc
3004 5565 3389 5649 niundorc‘agci-

1809 5661 1917 5704 tate
1959 5635 2713 5716 ignorantiapremebantur,
2749 5640 2814 5692 ad
2860 5652 3000 5716 quos
3021 5637 3189 5716 _vertit
3216 5635 3388 5692 Filius

1814 5720 1929 5775 Dei.
1966 5709 2090 5772 llaec
2125 5731 2254 5788 ergo
2279 5709 2498 5773 Iericho
2518 5755 2532 5782 ,
2561 5714 2612 5770 id
2641 5719 2726 5767 est
2753 5709 2990 5766 mundus
3021 5709 3129 5777 hic,
3158 5723 3388 5764 casurus

1797 5801 1910 5869 cst.
1952 5811 1971 5844 ι
2007 5791 2268 5845 Hunnus.
