3962 6554
162 390 345 451 1465
1146 397 1501 458 COMMENT.
1544 400 1613 457 IN
1648 402 1776 458 MA'I

1880 403 2065 461 [EUM
2105 404 2344 464 TOMUS
2376 407 2517 463 XVI.
3324 421 3461 476 ιιυσ

160 515 367 571 Δαυῒδ
408 514 549 570 κατὰ
584 516 784 588 σάρκα,
825 519 949 573 ἐπεὶ
985 519 1153 591 μηδὲν
1183 520 1371 576 τούτου
1401 523 1561 578 πλέον
1608 524 1776 580 συνίε-

1888 526 2062 582 ﬁlium
2105 526 2273 584 David
2308 527 2404 600 qui
2443 543 2508 583 ex
2552 529 2761 584 semine
2790 530 2957 588 David
3003 536 3300 590 secundum
3340 554 3463 593 car-

167 624 322 672 σαν,
358 610 474 662 υἱὸν
498 609 690 662 Δαυῖδ·
731 611 827 665 κα)⁴
867 613 1016 664 πᾶσα
1040 612 1219 666 αὐτῶν
1250 616 1284 685 ἡ
1314 614 1549 671 δοκοῦσα
1573 616 1663 671 διὰ
1683 619 1776 691 τὴν

1886 634 2011 673 nem
2047 629 2347 690 prognatus
2374 626 2514 685 erat,
2545 619 2847 690 appellant,
2882 624 3140 690 quoniam
3178 625 3313 679 nihil
3344 641 3462 680 am-

1885 710 2029 779 plius
2074 721 2256 766 mente
2294 712 2606 783 capiebant;
2658 714 2950 783 omnisque
3000 730 3189 769 eorum
3233 718 3459 783 clamor,

1885 818 2047 871 quem
2092 819 2205 874 prae
2244 805 2443 874 pietate
2488 806 2677 861 tollere
2714 805 2818 860 visi
2856 815 3012 871 sunt,
3052 808 3190 861 nihil
3220 810 3366 866 aliud
3393 812 3460 864 de

1888 891 2180 949 Servatore
2209 894 2451 965 proferre
2487 896 2715 959 sciebat,
2740 911 2905 966 quam
2944 897 3121 966 ipsum
3144 912 3266 952 esse
3288 898 3459 952 tilium

1886 983 2079 1039 David.
2122 984 2280 1051 Quod
2312 987 2356 1041 si
2383 987 2525 1042 duos
2552 1002 2726 1042 caecos
2758 985 3016 1043 lsraelem
3041 1002 3162 1043 esse
3187 996 3240 1042 et
3262 986 3457 1043 ludam

1836 1112 1843 1119 η
1887 1078 2050 1149 73o
2069 1079 2386 1144 pronuntio,
2413 1088 2703 1150 antequam
2734 1079 2801 1134 ad
2823 1092 3012 1134 eorum
3040 1079 3280 1134 animam
3299 1078 3460 1136 Iesus

166 696 509 751 θεοσέϐειαν
536 698 917 769 μεγαλοφωνία
937 701 1088 754 οὐδὲν
1118 702 1280 757 πλέον
1309 703 1423 775 ᾔδει
1448 705 1627 775 λέγειν
1654 710 1783 780 περὶ

164 788 286 842 τοῦ
319 789 575 861 Σωτῆρος
605 790 640 861 ἦ
684 791 767 845 ὅτι
799 792 915 856 υἱὸς
944 788 1012 863 ἧν
1044 792 1136 846 τοῦ
1170 795 1351 849 Δαυῖδ.
1396 796 1521 851 Ἐὰν
1558 799 1615 851 δὲ
1641 799 1783 870 λέγω

165 879 286 932 δύο
313 881 574 949 τυφλοὺς,
604 881 699 936 τὸν
731 883 836 956 πρὸ
862 886 960 955 τῆς
1005 887 1177 959 Ἰησοῦ
1223 891 1303 953 είς
1339 890 1437 963 τὴν
1476 891 1653 965 ψυχὴν
1686 896 1784 948 αὐ-

165 970 302 1023 τῶν
335 972 633 1044 ἐπιδημίας
667 975 883 1047 Ἰσραὴλ
903 977 997 1030 καὶ
1028 979 1250 1045 Ἰούδαν,
1275 980 1443 1052 ἄναγε
1472 985 1666 1038 σαυτὸν
1688 986 1782 1041 ἐπὶ

170 1062 292 1123 τὰς
323 1063 671 1130 Βασιλείας,
694 1066 788 1119 καὶ
835 1068 1166 1139 κατανόησον
1211 1073 1351 1127 κατὰ
1392 1075 1518 1137 τοὺς
1556 1076 1781 1148 χρόνους

185 1153 445 1226 Ῥοϐοὰμ
467 1156 842 1230 διαιρούμενον
869 1160 960 1214 τὸν
991 1161 1118 1216 λαὸν
1163 1164 1379 1238 Ἰσραὴλ
1409 1169 1502 1221 καὶ
1540 1169 1740 1223 Ἰούδαν
1764 1188 1781 1201 ·

170 1247 289 1299 καὶ
316 1246 449 1317 ἑξῆς
478 1248 581 1319 δρα
608 1250 734 1313 τοὺς
766 1254 1072 1325 προφήτας,
1103 1256 1195 1309 ὁτὲ
1224 1256 1280 1311 δὲ
1303 1258 1380 1329 τῷ
1424 1259 1660 1331 Ἰσραὴλ,
1691 1260 1781 1315 ὁτὲ

171 1335 247 1389 δὲ
290 1336 375 1408 τῷ
419 1335 586 1410 Ἰούδᾳ
625 1342 1085 1413 προφητεύοντας,
1124 1347 1257 1401 ὃπου
1297 1347 1355 1401 δὲ
1388 1347 1505 1419 ἅμα.
1545 1351 1783 1421 ἀμφοτέ-

178 1444 333 1496 ροις.
382 1428 510 1500 Ἰδίᾳ
540 1431 640 1499 μὲν
669 1426 763 1484 οὖν
787 1432 904 1497 πῶς
938 1435 1180 1507 ἑκατέρῳ
1216 1438 1649 1510 προφητεύουσιν
1687 1439 1779 1494 εὖ-

178 1535 312 1589 ροις
338 1518 407 1573 ἂν
439 1522 718 1592 προσέχων
749 1526 814 1595 τῇ
848 1525 1147 1594 ἀναγνώσει
1169 1528 1276 1582 τῶν
1306 1530 1598 1600 προφητῶν
1619 1549 1633 1564 ο
1664 1532 1780 1602 ἅμα

170 1606 247 1660 δὲ
281 1609 505 1682 Ἰσραὴλ
537 1612 631 1665 κα)⁵
673 1613 861 1687 Ἰούδᾳ,
901 1616 1065 1684 ἡνίκα
1108 1616 1198 1670 διὰ
1241 1618 1336 1671 τοῦ
1380 1619 1556 1691 Ἰησοῦ
1605 1623 1778 1690 ἑπαγ-

173 1698 442 1767 γὲλλεται
488 1704 517 1756 6
554 1702 687 1769 Θεὸς
722 1722 741 1755 ι
787 1706 1123 1762 συντελέσειν
1165 1710 1258 1763 ἐπὶ
1293 1710 1385 1764 τὸν
1416 1707 1562 1765 οἷκον
1610 1712 1779 1767 Ἰούδα

172 1792 469 1864 Διαθήκην
524 1795 632 1867 (79)
661 1797 890 1868 Καινὴν,
935 1800 997 1853 οὐ
1043 1801 1181 1855 κατὰ
1228 1802 1327 1874 τὴν
1382 1803 1658 1877 Διαοήκην
1710 1807 1775 1878 ἢν

1882 1172 2237 1234 accessisset,
2280 1172 2345 1226 ad
2394 1172 2567 1228 libros
2608 1172 2805 1244 Regum
2855 1180 3089 1226 mentem
3135 1173 3353 1238 attolle,
3405 1182 3461 1229 et

1883 1264 2147 1333 populum
2187 1263 2402 1321 Israelis
2432 1275 2487 1321 et
2506 1263 2679 1329 Iudae,
2705 1264 2973 1319 Roboami
3007 1265 3344 1334 temporibus
3372 1266 3458 1321 di-

1882 1356 2087 1420 visum,
2136 1358 2342 1429 cogita;
2392 1366 2506 1412 tum
2543 1358 2738 1414 deinde
2777 1358 2843 1412 ad
2881 1357 3173 1427 prophetas
3217 1358 3453 1423 attende,

1880 1449 1976 1519 qui
2007 1450 2195 1504 lsraeli
2225 1451 2540 1519 aliquando,
2569 1449 2860 1519 aliquando
2885 1448 3057 1513 Iuda},
3088 1449 3305 1519 utrique
3327 1464 3457 1503 vero

1881 1540 2046 1594 simul
2082 1540 2380 1610 aliquando
2423 1540 2813 1596 vaticinantur.
2865 1538 3021 1605 Quod
3068 1540 3113 1593 si
3158 1541 3457 1610 prophetas

1880 1632 2133 1686 evolvere
2174 1630 2268 1686 tibi
2320 1631 2560 1697 libuerit,
2609 1646 2718 1701 quo
2755 1639 2914 1700 pacto
2962 1629 3179 1699 utrique
3206 1645 3454 1685 seorsqu

1880 1721 2156 1777 vaticinati
2206 1722 2317 1776 sint
2360 1729 2698 1792 compertum
2750 1720 3013 1786 habebis;
3044 1719 3229 1775 lsraeli
3274 1730 3456 1775 autem

1882 1811 2045 1866 simul
2083 1821 2139 1866 et
2167 1810 2340 1877 Iudae,
2382 1812 2603 1882 quando
2643 1809 2887 1865 futurum
2933 1811 3219 1879 pollicetur
3244 1809 3388 1865 Deus
3408 1810 3457 1843 ’⁸

176 1883 452 1955 ἐποίησεν
484 1885 513 1937 6
547 1886 679 1951 Θεὸς
725 1891 837 1952 τοῖς
865 1892 1134 1963 πατράσιν
1165 1910 1183 1943 ι
1212 1894 1667 1966 ἐκπορευομένοις
1703 1899 1768 1950 ἐκ

1880 1911 1932 1957 ιιι
1959 1918 2054 1972 per
2079 1902 2266 1958 Iesum
2302 1921 2320 1954 ι
2350 1911 2695 1957 consummet
2733 1917 2894 1971 super
2933 1901 3156 1956 domum
3180 1900 3320 1955 Juda
3353 1901 3456 1956 Te-

174 1977 294 2062 γῆς
321 1978 622 2046 Αἰγύπτου.
652 1982 763 2035 Καὶ
790 1984 980 2052 τυφλοί
1005 2002 1069 2054 γε
1110 1987 1283 2051 ὅντες,
1315 1990 1344 2040 6
1378 1988 1612 2060 Ἰσραὴλ,
1644 1992 1772 2062 περὶ

171 2061 247 2121 οὗ
288 2068 549 2133 πολλάκις
575 2071 994 2145 ἀποδεδώκαμεν
1026 2077 1579 2149 ἁντιδιαστελλόμενοι
1612 2061 1774 2136 αὐτὸν

172 2160 330 2230 πρὸς
366 2161 456 2215 τὸν
498 2163 641 2217 κατὰ
688 2165 868 2238 σάρκα
917 2168 1135 2240 Ἰσραὴλ
1184 2170 1281 2223 καὶ
1337 2171 1507 2225 Ἰούδα
1551 2173 1772 2243 ὁμοίως,

80 2310 84 2313 π
178 2270 199 2300 ι
273 2252 630 2319 ἀκούσαντες,
681 2257 763 2310 ὅτι
827 2259 1033 2330 Ἰησοῦς
1091 2262 1350 2332 παράγει,
1418 2261 1686 2332 ἔκραξαν·
1750 2284 1768 2315 ι

172 2342 544 2409 ἀκούσαντες,
591 2349 777 2419 φησὶν,
822 2350 904 2403 ὅτι
948 2351 1076 2423 γὰρ,
1112 2348 1287 2421 οἶμαι,
1325 2352 1433 2405 τῶν
1473 2354 1773 2425 κηρυσσόν-

173 2451 294 2488 των
330 2436 400 2489 τὰ
434 2437 560 2508 περὶ
598 2438 700 2509 τῆς
733 2440 909 2511 Ἰησοῦ
948 2442 1267 2514 ἐπιδημίας,
1302 2445 1395 2497 κοιλ¹
1424 2445 1505 2497 ὅτι
1539 2445 1775 2516 παράγει

176 2528 284 2599 ⁸τὴν
332 2529 808 2603 παρελευσομένην
866 2533 1077 2604 Ἰεριχὼ
1132 2536 1267 2605 (80),
1329 2535 1612 2607 ἐπιδημῶν
1676 2538 1774 2608 μὲν

177 2622 347 2693 αὐτῇ,
382 2621 794 2695 ὲξελευσὸμενος
834 2625 891 2679 δὲ
934 2627 1029 2680 ἀπ’
1064 2628 1255 2698 αὐτῆς,
1303 2629 1656 2683 εὐλαϐοῦνται
1699 2631 1773 2701 μὴ

178 2715 435 2786 παρέλθῃ
469 2716 666 2780 αὐτοὺς
704 2717 781 2789 μὴ
809 2717 1127 2789 ὲλεηθέντας
1147 2737 1159 2750 ·
1195 2720 1275 2775 διὸ
1305 2722 1609 2793 κεκράγασι
1638 2721 1775 2794 πρὸς

179 2806 349 2859 αὐτὸν
387 2806 637 2875 λέγοντες
660 2826 673 2838 ·
712 2828 730 2861 ι
783 2809 1034 2882 Ἐλέησον
1070 2812 1240 2883 ἡμᾶς,
1281 2812 1476 2884 Κύριε,
1516 2813 1632 2878 υἱὸς
1672 2817 1776 2869 Δα-

182 2897 289 2950 υῗδ.
332 2917 351 2948 ι
382 2898 696 2969 Εὐεργετῶν
726 2900 782 2954 δὲ
808 2904 836 2955 6
870 2902 1062 2974 Σωτὴρ
1094 2904 1154 2956 οὐ
1188 2905 1445 2975 παράγει,
1477 2904 1591 2960 ἀλλ’
1624 2905 1775 2960 ἵστα-

180 3006 297 3052 ται,
345 2990 432 3043 ἶνα
473 2991 697 3055 στάντος
744 2992 909 3051 αὐτοῦ
959 2994 1033 3066 μὴ
1077 2996 1364 3068 παραρῤέῃ
1404 2998 1438 3067 ἡ
1482 2997 1773 3068 εὐεργεσία

183 3081 284 3135 καὶ
330 3082 691 3155 παρέρχηται,
737 3085 853 3140 ἀλλ’
889 3086 965 3149 ὡς
1005 3087 1114 3141 ἀπὸ
1154 3088 1337 3161 πηγῆς
1372 3086 1485 3159 (81)
1531 3088 1773 3159 ἑστώσης

184 3173 480 3246 ἰγγένηται
509 3180 623 3241 τοῖς
644 3178 734 3230 εὐε
741 3194 934 3250 ργετου
943 3178 1143 3250 μένοις.

1875 2003 2203 2051 stamentum
2234 1995 2444 2050 Novum
2481 2014 2495 2049 :
2535 2010 2643 2049 non
2704 1993 3003 2050 secundum
3045 1993 3455 2050 Testamentum

1873 2086 2020 2155 quod
2081 2085 2212 2141 fecit
2242 2105 2261 2138 ι
2324 2085 2467 2140 Deus
2523 2103 2543 2137 ι
2588 2084 2881 2155 patribus»
2935 2084 3003 2139 de
3055 2095 3197 2139 terra
3233 2085 3455 2157 Egypti

1873 2177 2223 2233 exeuntibus.
2284 2175 2353 2230 Et
2399 2192 2524 2232 eum
2575 2176 2704 2231 caeci
2753 2186 2959 2240 essent,
3017 2175 3206 2241 Israel,
3240 2178 3307 2233 de
3344 2193 3455 2246 quo

1874 2269 2043 2322 multa
2089 2283 2119 2322 a
2160 2268 2320 2323 nobis
2349 2268 2494 2322 dicta
2539 2277 2687 2333 sunt,
2728 2283 2853 2323 eum
2889 2266 2958 2321 ab
2998 2266 3199 2324 Israele
3238 2270 3451 2324 carnali

1873 2375 1998 2414 eum
2025 2360 2516 2430 distingueremus;
2560 2367 2727 2430 atque
2755 2359 2940 2415 itidem
2968 2360 3129 2427 Juda,
3163 2370 3451 2431 postquam

1881 2468 1899 2503 ι
1926 2452 2217 2507 audierunt
2236 2453 2362 2522 quia
2410 2450 2571 2507 Jesus
2593 2455 2870 2521 transiret,
2907 2455 3284 2510 clamaverunt
3313 2455 3395 2507 9’:
3429 2472 3449 2504 ι

1874 2552 2167 2614 postquam
2223 2544 2535 2611 audierunt,
2591 2544 2800 2615 inquit,
2846 2547 2915 2601 ab
2962 2548 3052 2611 iis,
3104 2546 3319 2616 opinor,
3359 2546 3453 2613 qui

1876 2635 2280 2690 aununtiabant
2319 2649 2384 2690 ea
2415 2651 2538 2705 qua:
2581 2635 2647 2690 ad
2676 2634 2804 2692 Iesu
2837 2636 3127 2693 adventum
3163 2637 3454 2707 pertinent,

1875 2730 2166 2800 ipsumque
2233 2728 2548 2786 Jerichunte
2614 2745 2738 2800 quae
2802 2731 2918 2801 ipsa
2976 2731 3275 2785 transitura
3335 2739 3453 2795 est,

1877 2823 2142 2889 transire,
2191 2822 2245 2876 in
2298 2822 2443 2878 hanc
2494 2821 2731 2892 quidem,
2767 2836 2995 2894 peregre
3058 2822 3451 2886 advenientem,

1875 2924 1932 2970 at
1977 2916 2102 2970 inde
2147 2916 2455 2979 exiturum,
2504 2925 2762 2972 verentur
2803 2931 2872 2971 ne
2919 2931 2978 2971 se
3020 2915 3451 2972 misericordiam

1876 3016 2222 3070 nequaquam
2291 3012 2623 3059 consecutos
2674 3003 3180 3075 praetergrediatur;
3249 3004 3454 3058 idcirco

1874 3104 1998 3145 eum
2044 3089 2478 3147 iuclamaverunt
2520 3091 2764 3146 dicentes
2789 3092 2805 3123 ⁸
2843 3109 2857 3145 :
2901 3109 2920 3141 ι
2951 3088 3209 3145 Miserere
3253 3088 3449 3152 nostri,

1879 3180 2141 3245 Domine,
2191 3180 2263 3233 (ili
2316 3180 2507 3237 David.
2538 3200 2557 3233 ι
2628 3180 2910 3235 Benetieus
2958 3187 3138 3235 autem
3196 3176 3451 3233 Servatur

187 3282 298 3323 non
336 3269 594 3337 praeterit,
637 3270 731 3324 sed
769 3270 1018 3336 restitat,
1062 3280 1121 3326 ut
1162 3280 1340 3327 stante
1377 3286 1444 3325 eo
1497 3271 1818 3326 beneficium
1860 3271 2193 3347 neutiquam
2240 3270 2515 3327 dilabatur
2555 3286 2621 3327 ac
2676 3278 2997 3343 praetereat,
3045 3269 3142 3328 sed
3191 3278 3451 3339 tauquam

185 3364 259 3420 de
300 3362 449 3419 fonte
490 3375 640 3421 certo
684 3381 748 3421 ac
796 3377 1059 3436 perpetuo
1103 3369 1157 3421 in
1207 3382 1302 3424 eos
1345 3368 1640 3432 derivetur,
1678 3368 1770 3437 qui
1812 3366 2077 3422 beneficio
2101 3365 2431 3421 afficiuntur.

258 3455 398 3519 Στὰς
433 3453 527 3510 οὖν
548 3460 576 3511 6
613 3458 838 3528 Ἰησοῦς,
874 3459 970 3512 καὶ
995 3458 1222 3530 πληγεὶς
1252 3460 1361 3515 ἀπὸ
1400 3460 1497 3531 τῆς
1527 3461 1772 3532 κραυγῆς

1951 3460 2038 3515 Η.
2064 3459 2227 3516 Stans
2246 3474 2375 3531 ergo
2389 3457 2571 3525 Iesus,
2594 3472 2895 3528 eorumque
2918 3458 3157 3513 clamore
3179 3472 3245 3511 ac
3267 3472 3455 3526 posm-

187 3548 388 3613 αὐτῶν,
433 3550 527 3604 καὶ
564 3551 664 3621 τῆς
705 3550 1002 3617 ἀξιώσεως,
1049 3552 1206 3607 καλεῖ
1238 3553 1437 3617 αὐτοὺς
1476 3553 1612 3624 πρὸς
1655 3552 1779 3604 ἑαυ-

184 3640 302 3704 τὸν,
355 3642 454 3714 τὴν
506 3643 681 3715 ἀρχὴν
729 3644 829 3714 τῆς
872 3645 1194 3716 εὐεργεσίας
1257 3646 1358 3718 ἤδη
1427 3644 1773 3715 ποιούμενος,

187 3733 279 3791 ὅτε
315 3732 596 3806 ἐφώνησεν
633 3735 859 3800 αὐτούς·
896 3737 995 3790 οὐκ
1037 3736 1102 3791 ἂν
1146 3737 1255 3809 γὰρ
1293 3738 1466 3801 κενῶς
1502 3736 1772 3807 ὲιρώνησε,

188 3827 286 3882 καὶ
311 3825 402 3879 ἐπὶ
433 3825 510 3897 τῷ
550 3826 715 3898 μηδὲν
742 3828 1040 3899 ἀνυσθῆναι
1068 3829 1126 3883 ἐν
1163 3832 1278 3893 τοῖς
1308 3828 1655 3901 φωνηθεῖσιν.
1688 3830 1774 3897 Ὠς

189 3918 321 3984 εἴθε,
354 3920 450 3973 καὶ
489 3919 649 3992 ήμῶν
689 3920 825 3992 πρὸς
871 3921 1032 3974 αὐτὸν
1068 3921 1419 3993 κεκραγότων
1452 3924 1548 3976 καὶ
1589 3924 1773 3993 λεγόν-

189 4023 324 4062 των·
356 4026 378 4061 ι
422 4009 671 4081 Ἐλέησον
693 4012 862 4085 ἡμᾶς,
888 4010 1083 4083 Κύριε,
1108 4031 1127 4064 ι
1159 4012 1405 4084 φωνήσαι
1437 4014 1584 4084 ἡμᾶς
1609 4015 1772 4087 ἀρχο-

1885 3552 2086 3608 latione
2112 3561 2441 3618 commotus,
2473 3553 2622 3622 ipsos
2648 3551 2715 3607 ad
2751 3566 2809 3606 se
2852 3551 3101 3614 accersit,
3132 3550 3451 3606 beneficium

1884 3660 2044 3700 suum
2075 3644 2187 3714 jam
2228 3644 2354 3700 inde
2385 3659 2620 3699 exorsus
2649 3684 2664 3710 ,
2711 3658 2837 3698 cum
2871 3642 3297 3723 eosTaecersivit,
3342 3657 3452 3697 non

1884 3750 1983 3792 eos
2008 3744 2189 3790 autem
2223 3734 2426 3790 frustra
2452 3735 2690 3799 vocavit,
2733 3750 2834 3790 nec
2862 3736 2936 3789 ita
2970 3744 3032 3789 ut
3075 3734 3127 3788 in
3167 3735 3235 3790 iis
3266 3734 3455 3789 accitis

1881 3827 2019 3880 nihil
2038 3826 2289 3882 effectum
2307 3826 2540 3882 dederit.
2569 3828 2742 3895 Atque
2768 3826 2976 3881 utinam
3010 3841 3135 3881 cum
3159 3829 3335 3896 ipsum
3370 3827 3454 3879 in-

1881 3920 2300 3975 clamaverimus
2316 3919 2592 3974 dicentes:
2619 3916 2906 3974 «Miserere
2934 3917 3132 3984 nostri,
3153 3916 3400 3983 Domine,
3425 3935 3445 3968 ι

1879 4011 1998 4081 ipse
2018 4024 2118 4066 nos
2140 4027 2169 4065 a
2188 4029 2206 4062 ι
2225 4009 2327 4065 Fili
2346 4009 2514 4066 David
2533 4029 2552 4062 ι
2571 4012 2938 4081 auspicantes,
2958 4018 3013 4066 et
3033 4017 3187 4067 stans
3208 4010 3449 4080 quidem,

1436 4120 1664 4180 VETUS
1704 4122 2283 4179 INTERPRETATIO.

192 4242 301 4315 sto,
328 4234 436 4290 nisi
466 4236 593 4307 quia
630 4236 775 4315 filius
808 4246 927 4315 erat
953 4236 1142 4293 David.
1179 4237 1328 4315 Duos
1361 4253 1536 4293 caecos
1570 4247 1752 4315 autem
1786 4239 2028 4315 diximus
2073 4237 2305 4315 populos
2328 4236 2481 4315 duos
2518 4236 2572 4290 in
2603 4235 2711 4315 dua
2742 4249 2905 4315 regna
2955 4233 3167 4315 divisos
3209 4241 3455 4315 tempore

194 4304 437 4379 Roboam
469 4302 499 4361 ε’
519 4316 582 4379 et,
597 4308 719 4362 vide
747 4308 1059 4379 prophetas,
1093 4310 1369 4377 quomodo
1399 4323 1546 4363 nunc
1570 4309 1734 4363 Israel
1760 4350 1775 4375 ,
1827 4325 1973 4365 nunc
1998 4302 2163 4363 Iuda!
2186 4308 2689 4379 prephetaverunt_,
2738 4304 3033 4379 aliquando
3082 4312 3259 4357 autem
3292 4302 3456 4379 simul

194 4375 586 4449 ambobusaHi
612 4372 975 4448 ergo'populi,
1007 4372 1270 4449 quoniam
1299 4379 1455 4449 signo
1481 4379 1718 4449 quodam
1742 4372 2059 4449 prophetico
2081 4372 2369 4449 aud—ierant
2401 4378 2636 4449 transire
2654 4372 2862 4449 Jesum,
2897 4374 3286 4449 clamaverunt.
3318 4372 3457 4449 Puto

195 4448 337 4500 enim
370 4446 521 4521 quod
532 4443 937 4521 audierunt-ab
964 4443 1049 4505 eis
1082 4450 1176 4519 qui
1219 4443 1510 4506 adventum
1542 4443 2250 4521 Christiprophetaverunt.
2280 4447 2345 4501 Et
2366 4447 2625 4521 quoniam
2649 4446 2867 4521 transit,
2902 4444 3124 4521 veniens
3151 4443 3367 4521 quidem
3398 4444 3452 4497 in

193 4533 336 4582 eam,
361 4514 648 4589 egrediens
681 4528 863 4574 autem
890 4535 957 4574 ex
988 4536 1074 4583 ea,
1100 4514 1154 4575 et
1181 4521 1434 4575 timentes
1465 4535 1533 4574 ne
1555 4519 1694 4574 forte
1723 4514 2064 4589 pertranseat
2089 4534 2207 4585 eos,
2239 4514 2579 4589 nequaquam
2610 4516 3040 4589 misericordiam
3062 4514 3267 4569 faciens
3293 4529 3458 4583 super

192 4604 307 4651 eos,
332 4584 642 4643 clamabant
674 4607 688 4644 :
720 4609 740 4641 ι
774 4589 1030 4645 Miserere
1064 4591 1243 4655 nobis,
1279 4589 1538 4651 Domine,
1568 4590 1643 4645 ﬁli
1668 4584 1857 4645 David.
1900 4589 2110 4645 {Iesus
2144 4584 2467 4644 autem'non
2504 4587 2820 4657 pertransit,
2862 4584 2955 4640 sed
3000 4593 3142 4648 stat,
3190 4591 3458 4657 utnstante

197 4658 431 4735 i_llo_non
464 4659 751 4735 transfluat
777 4661 1125 4735 beneﬁcium.
1155 4653 1248 4716 sed
1278 4660 1436 4729 quasi
1467 4661 1535 4735 de
1572 4660 1724 4735 fonte
1758 4668 1939 4716 stante
1993 4660 2271 4735 proﬂuens
2311 4653 2684 4735 misericordia
2713 4659 2966 4735 deveniat
3015 4653 3289 4735 usqn‘euad‘
3338 4668 3456 4735 e_o_s.

193 4727 375 4805 Turba
404 4738 608 4792 autem.
634 4731 686 4805 id
713 4738 815 4795 est,
846 4733 1156 4799 praecedens
1186 4724 1378 4785 eorum
1405 4730 1871 4805 quicrediderant
1896 4771 1911 4794 ,
1942 4724 2105 4787 etiam
2154 4730 2470 4805 increpabat
2506 4730 2587 4784 eis
2620 4728 3017 4805 clamantibus;
3061 4745 3079 4777 ι
3118 4724 3219 4779 Fili
3252 4724 3457 4805 David,

196 4800 454 4873 miserere
479 4800 674 4867 nostri,
705 4820 724 4853 ι
746 4793 807 4857 ιιι
836 4793 1098 4866 iacerent,
1128 4810 1184 4856 et
1218 4816 1326 4856 non
1353 4793 1688 4871 appellarent
1719 4818 1845 4857 eum
1880 4801 2275 4873 contemptibili
2307 4793 2541 4855 'nomine
2565 4841 2581 4867 ,
2630 4801 2722 4857 sed
2754 4798 2937 4870 potius
2966 4797 3209 4852 dicerent
3238 4815 3251 4851 :
3295 4815 3313 4847 ι
3352 4793 3458 4848 Fili

194 4868 309 4936 Dei,
340 4871 600 4927 miserere
628 4873 820 4927 nostri.
854 4891 874 4924 ι

265 4940 353 4995 Η.
379 4939 549 5015 _S_tans
572 4940 883 5015 ergorlesus
904 4942 1239 5015 clamoribus
1269 4958 1458 5001 eorum
1484 4952 1730 5000 retentus
1759 4954 1814 4999 et
1836 4945 2117 5015 precibus,
2151 4949 2313 4999 vocat
2338 4957 2434 4998 eos
2459 4940 2524 5015 ad
2556 4938 2979 5015 se,principi_t_t_m
3004 4935 3460 5015 beneﬁcii-osten-

194 5010 348 5071 dens.
379 5008 489 5065 Nec
519 5003 665 5065 enim
701 5014 754 5067 in
782 5028 1017 5068 vacuum
1054 5014 1271 5071 vocavit
1295 5030 1411 5071 eos.
1448 5016 1670 5071 Utinam
1704 5023 1757 5069 et
1784 5003 1945 5071 nobis
1974 5003 2340 5071 clamantibus
2366 5022 2419 5068 et
2446 5003 2784 5067 dicentibus:
2820 5003 2846 5059 ἱ
2871 5007 3127 5062 Miserere
3153 5006 3331 5068 nobis,
3355 5003 3451 5055 Do-

196 5083 363 5153 mine,
386 5090 610 5153 givocet
638 5098 739 5138 nos
772 5083 1094 5153 incipientes
1128 5099 1159 5139 a
1182 5085 1293 5138 tilio
1319 5085 1486 5139 David
1518 5105 1532 5140 :
1569 5095 1725 5140 stans
1755 5094 1938 5140 autem
1972 5097 2125 5141 vocet
2167 5099 2290 5150 nos,
2325 5085 2483 5153 quasi
2538 5082 2824 5153 intendens
2854 5076 3328 5153 deprecationibus
3361 5087 3457 5153 no-

196 5152 343 5206 stris.
382 5149 530 5205 Dixit
556 5161 738 5207 autem
771 5154 850 5208 eis
884 5149 899 5207 Ξ
937 5173 955 5205 ι
989 5154 1129 5220 Quid
1161 5155 1324 5210 vultis
1358 5165 1416 5209 ut
1441 5155 1638 5210 faciam
1674 5156 1875 5211 vobis?
1914 5176 1932 5208 ι
1971 5156 2128 5222 Quod
2169 5149 2427 5209 existimo
2455 5167 2578 5207 esse
2612 5151 2737 5205 tale.

2788 5144 2946 5215 Quod
2994 5149 3157 5201 vultis
3182 5144 3456 5199 ostendite

194 5221 506 5297 manifeste,
532 5230 590 5276 ut
611 5238 804 5297 omn_es
828 5225 922 5294 qui
956 5215 1310 5297 egrediuntur
1335 5227 1402 5281 de
1434 5224 1691 5281 Hiericho
1722 5235 1777 5280 et
1799 5215 2106 5297 sequuntur
2135 5241 2243 5291 me,
2273 5225 2498 5297 audiant
2520 5231 2575 5278 et
2607 5218 3079 5297 videantfactuln.
3140 5215 3241 5296 Illi.
3273 5221 3455 5297 autem

196 5293 597 5362 responderunt
623 5311 637 5348 :
678 5312 699 5345 ι
728 5292 800 5349 Ut
820 5286 1138 5364 a'peria'ntur
1163 5296 1307 5353 oculi
1332 5296 1526 5352 nostri.
1564 5315 1582 5349 ι
1617 5297 1844 5369 Ingenui
1873 5286 2119 5367 quidem,
2147 5310 2213 5351 eo
2232 5286 2382 5366 quod
2403 5301 2562 5351 erant
2585 5294 2657 5347 de
2674 5289 2841 5349 Israel
2869 5286 3097 5355 etJuda,
3117 5286 3245 5342 caeci
3276 5293 3456 5339 autem

287 5461 332 5493 ’⁸
362 5458 477 5517 Jer.
512 5478 666 5531 xxxi,
695 5463 785 5529 51,
816 5463 919 5532 '52;
949 5462 1115 5519 Hebr.
1143 5479 1259 5529 vm,
1290 5461 1345 5543 8,
1375 5463 1431 5519 9.
1505 5463 1551 5496 ⁸⁸
1581 5461 1773 5520 Matth.
1806 5481 1898 5532 xx,
1928 5462 2017 5519 '50.
2099 5463 2115 5494 ί
2149 5460 2283 5517 ibid.

268 5620 379 5693 (79)
410 5624 814 5680 Συντελέσειν
844 5625 942 5678 ἐπὶ
985 5625 1095 5678 τὸν
1134 5620 1304 5693 οἷκον
1354 5625 1540 5679 Ἰούδα
1568 5625 1775 5693 Διαθή-

359 5692 670 5767 Legendum
700 5695 971 5767 fortasse:
1006 5695 1099 5748 ἐπὶ
1131 5695 1222 5748 τὸν
1261 5691 1409 5767 οἷκον
1443 5696 1658 5767 Ἰσραὴλ
1680 5691 1774 5750 καὶ

203 5764 291 5838 ἐπὶ
323 5762 589 5838 τὺνρὀῖκον
627 5767 797 5821 Ἰούδα
820 5765 1115 5838 ᾼ-ιαθήκην,
1144 5775 1248 5823 etc.
1277 5765 1356 5821 Ita
1385 5762 1583 5823 Jeretu.
1612 5762 1772 5838 ξω,

204 5834 289 5899 δι,
317 5844 372 5895 et
400 5833 566 5896 Hebr.
603 5852 718 5906 vui,
744 5838 797 5895 8.
828 5833 1092 5898 Hostius.
1758 5833 1773 5843 ”

1955 5622 2070 5694 (80)
2103 5620 2222 5694 Thr:
2254 5617 2789 5694 παρελευσᾳμένην
2817 5611 3049 5683 ’1εριχώ.
3073 5610 3332 5694 Mundam
3354 5610 3461 5666 sci~

1881 5679 2028 5753 licet,
2052 5679 2310 5747 leamdem
2333 5679 2498 5759 'enim
2533 5679 2861 5759 allegoriam;
2880 5679 3244 5759 pe"rseq_uitnr.
3273 5679 3350 5759 In.

1952 5750 2066 5841 (8i)
2104 5760 2248 5823 Ἀπὸ
2274 5756 2493 5831 πηγῆς.
2525 5750 2701 5816 (ἒοάὲι
2737 5750 2959 5829 Regius,
2987 5750 3096 5810 ἀπὸ
3128 5753 3227 5825 τῆς
3248 5750 3372 5829 γῆς.
