3962 6548
84 409 263 466 1409

1077 403 1436 462 COMMENT.
1472 403 1539 460 IN
1578 401 1996 461 ΠΔΤΤΗΔΙῙΜ
2034 402 2273 462 ΤΟΜΗΒ
2301 402 2436 460 XVI.

3241 406 3382 463 HIO

78 529 203 602 τὴν
257 529 435 603 αὐτὴν
470 529 711 601 ἱστορίαν
739 528 1064 591 ἐκτίθενται,
1094 530 1235 582 κατὰ.
1263 529 1322 582 δέ
1347 545 1496 593 τινας
1524 527 1710 600 ἑτέραν

1816 528 2058 583 eamdem
2093 525 2314 598 quidem
2356 540 2422 580 ex
2449 524 2758 595 aliquorum
2797 524 3063 581 sententia
3099 526 3382 582 historiam

81 624 534 695 παραπλησίαν,
559 622 708 688 ἄξιόν
740 639 803 692 γε
827 623 923 676 καὶ⁵
942 622 1012 676 τὰ
1032 622 1236 675 τούτων
1258 621 1406 675 ἰδεῖν.
1424 622 1533 675 Καὶ
1561 620 1713 692 πρῶ-

80 713 197 766 τόν
228 730 309 783 γε
335 714 696 785 κατανοητέον
721 711 819 785 τὴν
842 713 986 767 κατὰ
1004 712 1096 766 τὸν
1119 711 1365 783 Μάρκον,
1389 710 1561 775 οὕτως
1587 711 1714 764 ἀνα-

36 791 53 868 ί
83 804 418 876 γράψαντα
446 805 514 859 τὰ
536 804 680 857 κατὰ
699 804 791 858 τὸν
811 804 995 859 τόπον·
1038 822 1058 856 t
1108 805 1220 858 Καὶ
1249 803 1467 877 ἔρχεται
1494 806 1576 868 είς
1617 805 1714 858 Ἰε-

85 898 278 968 ριχώ·
326 898 423 953 καὶ
484 898 920 969 ἐκπορευομένου
972 897 1137 952 αὐτοῦ
1184 898 1413 961 ἐκεῖθεν,
1454 897 1549 950 καὶ
1601 897 1715 952 τῶν

98 986 394 1057 μαθητῶν
432 985 618 1049 αὐτοῦ,
670 986 765 1039 καὶ
808 986 967 1056 ὄχλου
1017 986 1227 1051 ἱκανοῦ,
1270 985 1378 1040 ἰδοὺ
1410 987 1440 1039 6
1472 986 1586 1050 υίὸς
1625 986 1713 1039 Τι-

93 1075 313 1143 μαίου,
369 1077 700 1148 Βαρτιμαῖος
742 1077 960 1145 τυφλὸς,
1003 1095 1022 1128 ι
1052 1078 1147 1130 καὶ
1189 1076 1259 1130 τά
1288 1076 1435 1146 ἑξῆς,
1465 1076 1571 1142 ἕως
1592 1076 1708 1130 τοῦθ

95 1182 117 1215 ι
154 1166 290 1218 Καὶ
317 1164 598 1234 ἠκολούθει
625 1164 774 1236 αύτῷ
793 1167 851 1218 ὲν
875 1167 942 1236 τῇ
962 1165 1088 1237 ὀδῷ.
1115 1184 1134 1218 t
1153 1166 1212 1219 Ὀ
1239 1165 1335 1237 μὲν
1359 1162 1451 1219 οὖν
1476 1168 1542 1237 τῇ
1573 1169 1714 1220 ἱστο-

91 1256 199 1326 ρίᾳ
248 1255 391 1327 ψιλῇ
426 1256 851 1328 παριστάμενος,
893 1256 989 1309 καὶ
1030 1254 1104 1326 μὴ
1147 1254 1469 1326 βουλόμενος
1504 1254 1709 1324 διαφω-

89 1351 219 1402 νεῖν
274 1349 410 1412 τοὺς
449 1348 860 1417 εὐαγγελιστάς,
903 1349 1016 1419 ἐρεῖ
1057 1348 1155 1417 οὐχ
1186 1345 1303 1417 ἃμα
1348 1346 1628 1414 γεγονέναι
1650 1346 1713 1400 τὸ

91 1438 261 1493 κατὰ
309 1441 404 1492 τὸν
439 1438 737 1502 Ματθαίον,
778 1438 872 1491 καὶ
906 1438 999 1491 τὸν
1026 1439 1273 1509 Μάρκον,
1304 1436 1442 1490 ἀλλά
1466 1455 1573 1491 τινι
1614 1438 1711 1508 μὲν

90 1531 387 1603 ἐπιδημίᾳ
422 1534 490 1603 τῇ
525 1534 582 1584 ὲν
619 1530 825 1602 Ἰεριχὼ
861 1530 1143 1599 γεγονέναι
1171 1530 1240 1583 τὰ
1270 1530 1410 1584 κατὰ
1436 1532 1560 1594 τοὺς
1590 1532 1714 1585 ἀνα-

95 1622 428 1692 ϐλέψαντας
474 1622 567 1677 δύο
607 1622 858 1691 τυφλούς·
915 1621 1077 1693 ἑτέρᾳ
1116 1622 1175 1675 δὲ
1217 1621 1286 1674 τά
1317 1621 1457 1675 κατὰ
1483 1621 1573 1674 τὸν
1617 1622 1709 1675 ἕνα

94 1713 309 1768 τοῦτον
344 1713 458 1767 υἱὸν
492 1714 746 1784 Τιμαίου,
781 1714 1135 1785 Βαρτιμαίον’
1170 1713 1265 1766 καὶ
1295 1712 1430 1786 ἄλλῃ
1466 1713 1535 1767 τὰ
1572 1712 1710 1767 κατὰ

95 1808 197 1861 τῦν
233 1809 483 1863 Λουκᾶν.
533 1807 707 1877 Εἴπερ
733 1806 840 1879 γὰρ
878 1805 1123 1877 ἀκριϐῶς
1156 1805 1483 1876 πιστεύομεν
1515 1806 1710 1875 ἀναγε-

96 1899 387 1969 γράφθαι,
423 1898 809 1971 συνεργοῦντος
842 1898 936 1952 καὶ
967 1895 1062 1951 τοῦ
1096 1897 1253 1966 ἁγίου
1280 1897 1614 1968 Πνεύματος,
1641 1897 1709 1949 τὰ

99 1990 451 2058 Εὑαγγέλια,
476 1990 571 2043 καὶ
607 1990 682 2061 μὴ
708 1989 1020 2059 ἐσφάλησαν
1047 1988 1105 2041 ὲν
1130 1987 1208 2058 τῷ
1240 1988 1708 2060 ἀπομνημονεύειν

97 2082 148 2133 οἱ
183 2082 512 2151 γράψαντες
542 2080 683 2134 αὐτὰ
713 2079 978 2151 δηλονότι,
1012 2079 1135 2132 ἐπεὶ
1171 2079 1244 2151 μὴ
1286 2077 1509 2131 δυνατὸν
1531 2079 1589 2131 ὲν
1611 2079 1711 2149 μιᾷ

102 2172 203 2225 καὶ
237 2176 313 2242 τῇ
343 2172 480 2243 αὐτῇ
507 2171 769 2241 ἐπιδημίᾳ
788 2169 987 2241 ἀληθὲς
1018 2165 1155 2222 εἶναι
1181 2169 1274 2222 δύο
1299 2168 1528 2238 τυφλοὺς
1556 2167 1708 2220 τεθε-

103 2264 431 2335 ραπεῦσθαι
459 2263 492 2335 ἦ
523 2264 638 2326 ἕνα,
667 2262 829 2333 ἑτέρα
862 2261 960 2334 μὲν
984 2261 1247 2333 ἐπιδημία
1273 2260 1567 2334 δεδήλωται
1604 2260 1709 2315 ὑπὸ

102 2354 202 2408 τοῦ
235 2353 552 2419 Ματθαίου,
577 2353 740 2423 ἑτέρα
767 2352 826 2405 δὲ
859 2350 965 2403 ὑπὸ
992 2348 1086 2404 τοῦ
1127 2350 1374 2421 Μάρκου,
1403 2349 1504 2420 ήδη
1526 2348 1582 2401 δὲ
1615 2348 1710 2403 καὶ

64 2468 77 2481 ·
101 2445 247 2516 άλλη
271 2444 388 2498 ὑπὸ
415 2444 508 2498 τοῦ
535 2446 721 2499 Λουκᾶ
747 2444 824 2507 ὡς
845 2441 924 2513 τῷ
952 2428 1327 2515 ὲπιστήσαντι’
1357 2442 1421 2495 ἐκ
1447 2439 1547 2510 τῆς
1573 2439 1712 2511 πρὸς

102 2537 239 2599 τοὺς
280 2536 507 2600 λοιποὺς
533 2536 794 2608 διαφορᾶς
825 2533 942 2587 ἐστι
977 2534 1072 2587 καὶ
1103 2532 1260 2586 τοῦτο
1293 2531 1707 2603 τεθαρρηκότως

106 2626 528 2698 ἀποφήνασθαι.
579 2627 692 2681 Καὶ
731 2625 884 2680 οὐδὲν
940 2623 1249 2696 θαυμαστὸν
1304 2623 1710 2694 ὲπιτηρήσαντά

105 2735 236 2771 τινα
283 2717 402 2772 τῶν
439 2720 495 2772 ὲν
557 2718 765 2790 Ἱεριχὼ
811 2718 910 2789 τὴν
953 2716 1227 2789 προτέραν
1269 2713 1583 2785 θεραπείαν,
1621 2712 1707 2766 διὰ

109 2809 210 2878 τῆς
232 2807 472 2875 λέξεως,
493 2808 586 2862 καὶ
610 2810 707 2880 τῆς
732 2807 932 2880 ὁμοίως
963 2806 1072 2878 (85)
1099 2805 1396 2872 ἀξιώσεως,
1423 2805 1519 2858 καὶ
1549 2806 1604 2857 ὲν
1630 2803 1709 2875 τῷ

110 2899 266 2970 αὐτῷ
310 2899 464 2970 τόπῳ
496 2898 851 2970 βεϐουλῆσθαι
902 2896 1325 2970 θεραπευθῆναι.
1368 2894 1527 2949 Εἴποι
1559 2895 1603 2949 δ’
1643 2895 1708 2951 ἄν

114 3006 202 3052 τις
238 2988 414 3056 οὕτω,
453 2991 547 3043 καὶ
571 2990 729 3053 ἄλλος
756 2989 905 3043 ἐστὶν
930 2991 959 3044 6
985 2987 1126 3043 κατὰ
1153 2988 1367 3042 Λουκᾶν
1389 2986 1584 3057 τυφλὸς
1617 2986 1708 3038 θε-

114 3080 440 3152 ραπευθείς.
471 3082 527 3133 '0
550 3081 800 3152 μέντοιγε
821 3080 957 3135 ὅλων
972 3080 1177 3133 τούτων
1197 3078 1372 3149 ζητῶν
1401 3077 1597 3148 βαθυτέ
1609 3095 1707 3148 ραν

112 3174 380 3246 διήγησιν
401 3174 582 3244 φήσει,
610 3175 691 3227 ὅτι
713 3172 772 3227 ἓν
800 3172 974 3226 καὶτὸ
1008 3171 1140 3225 αὐτὸ
1172 3172 1403 3243 πρᾶγμα
1431 3170 1707 3241 διαφόροις
1734 3218 1777 3275 C

112 3262 295 3328 λέξεσι
321 3263 675 3334 παρίσταται·
704 3262 799 3316 δύο
823 3262 921 3335 μὲν
952 3261 1061 3333 γὰρ
1081 3260 1268 3331 τυφλοί
1294 3261 1449 3325 εἰσιν,
1485 3260 1561 3323 ὡς
1580 3261 1711 3312 ἀπο-

113 3358 330 3411 δέδοται
377 3355 589 3428 Ἰσραὴλ
632 3357 726 3411 καὶ
769 3354 990 3420 Ἰούδας·
1030 3349 1111 3418 εἷς
1157 3353 1214 3407 δὲ
1258 3354 1287 3405 6
1330 3353 1469 3407 ὅλων
1505 3351 1708 3405 τούτων

115 3446 267 3511 λαὸς,
296 3447 390 3500 ὅτε
416 3440 495 3509 εἷς
526 3446 779 3518 δηλοῦται
803 3444 1235 3516 θεραπευόμενος
1261 3442 1477 3513 τυφλός.
1508 3442 1707 3513 Ὀχλου

117 3537 210 3594 οὖν
243 3539 438 3594 ἱκανοῦ
465 3539 558 3593 τοῦ
587 3540 695 3593 ἀπὸ
715 3539 824 3593 τῶν
855 3537 1025 3591 ὲθνῶν
1049 3535 1579 3607 συνεκπορευομένου
1602 3534 1710 3588 άπὸ

116 3632 223 3684 τῶν
254 3630 540 3703 κοσμικῶν
577 3629 655 3701 τῷ
714 3628 887 3702 Ἰησοῦ
923 3630 1019 3683 καὶ
1064 3631 1179 3693 τοῖς
1215 3626 1484 3698 μαθηταῖς
1521 3625 1707 3691 αὑτοῦ,

128 3723 528 3795 Ἶσραηλιτικόν
552 3739 617 3775 τιΓ
634 3722 841 3792 λεῖμμα
872 3719 1024 3791 παρὰ
1053 3720 1151 3791 τὴν
1177 3719 1295 3773 ὁδὸν
1329 3718 1708 3789 καθεζόμενον,

120 3815 214 3870 καὶ
242 3813 548 3885 πενόμενον
574 3814 687 3877 τοῖς
720 3812 977 3883 νοήμασι,
999 3811 1095 3865 καὶ
1128 3810 1387 3865 ὲπαιτοῦν
1414 3810 1482 3863 τὰ
1508 3812 1588 3876 είς
1610 3811 1711 3882 τὴν

119 3907 312 3979 χρείαν
344 3905 444 3976 τῆς
467 3904 665 3976 ψυχῆς,
686 3901 945 3966 ἀκοῦσαν,
980 3904 1063 3956 ὅτι
1106 3901 1312 3971 Ἰησοῦς
1339 3903 1368 3955 ὁ
1392 3901 1713 3975 Ναζαρηνός

120 3999 291 4061 ἐστιν,
315 3995 534 4067 ἔρχεται
559 3994 702 4065 μέγα
729 3991 888 4064 βοῶν,
912 3990 1097 4059 ἀξιοῦν
1115 3991 1207 4044 τὸν
1232 3991 1481 4065 Σωτῆρα,
1500 3991 1576 4055 ὡς
1596 3991 1713 4044 υἱὸν

120 4089 310 4154 Δαυῖδ,
331 4088 482 4142 ἔλεον
508 4085 658 4158 αὐτῷ
683 4085 1001 4157 παρασχεῖν
1037 4083 1131 4137 καὶ
1159 4083 1296 4138 ἐπὰν
1328 4083 1443 4154 ἴδῃς
1471 4082 1579 4136 τῶν
1596 4080 1712 4136 ἀπὸ

1812 629 2068 688 narrant;
2105 629 2160 675 at
2194 634 2263 676 ex
2297 619 2529 674 aliorum
2570 618 2829 689 opinione
2866 617 3208 674 consimilem
3243 620 3382 675 alte-

1812 729 1952 781 ram,
1982 728 2231 786 quaenam
2260 713 2331 768 ab
2358 713 2425 767 iis
2449 719 2824 781 proponantur
2848 710 3176 780 perpendere
3205 726 3384 782 opera:

1811 805 2043 875 pretium
2091 812 2196 859 est.
2225 802 2303 858 Ac
2335 803 2514 873 primo
2539 801 2758 871 quidem
2786 800 2909 856 loco
2943 814 3009 854 ea
3041 800 3380 855 discutienda
3439 800 3451 867 Ῐ.

1811 897 2036 952 veniunt
2058 912 2181 967 qum
2221 897 2361 966 apud
2396 895 2636 949 Marcum
2681 892 3051 958 continentur,
3094 906 3124 945 a
3154 906 3263 961 quo
3293 906 3383 945 res

1811 987 1882 1042 ad
1921 988 2069 1043 hunc
2119 989 2299 1043 locum
2344 986 2676 1058 pertinentes
2719 985 2806 1053 bis
2848 984 3027 1039 verbis
3062 983 3386 1053 conscriptae

1811 1089 1938 1136 sunt
1960 1079 2018 1132 ιε
2050 1097 2070 1131 ι
2102 1078 2170 1134 Ει
2198 1079 2342 1135 venit
2364 1078 2583 1135 Iericho
2610 1097 2623 1133 :
2647 1087 2702 1134 et
2735 1077 2860 1133 inde
2888 1092 2956 1133 co
2983 1075 3381 1146 proficiscente,

1809 1180 1866 1227 et
1913 1171 2196 1240 discipulis
2238 1169 2391 1238 ejus,
2439 1178 2495 1226 et
2541 1168 2775 1240 plurima
2829 1168 3197 1233 multitudine,
3255 1182 3387 1222 ecce

1811 1262 1956 1318 filius
1984 1260 2173 1316 Timaei
2200 1260 2520 1316 Bartimteus
2547 1274 2745 1326 cacus,
2775 1278 2795 1312 ι
2840 1267 2894 1313 et
2936 1257 3163 1329 reliqua,
3208 1274 3384 1329 usque

1811 1356 1878 1410 ad
1926 1355 2020 1409 id:
2054 1374 2073 1406 ι
2102 1353 2169 1408 Ει
2201 1353 2531 1424 sequebatur
2579 1368 2704 1408 eum
2759 1353 2812 1407 in
2864 1353 2972 1407 via.
3008 1371 3027 1404 ι
3093 1351 3196 1418 Qui
3249 1366 3383 1423 ergo

1813 1446 2012 1501 nudam
2052 1446 2298 1516 sequitur
2326 1446 2633 1508 historiam,
2674 1461 2773 1500 nec
2809 1445 3040 1499 invicem
3068 1445 3382 1514 discrepare

1810 1536 2169 1609 evangelistas
2208 1536 2424 1600 fatetur,
2454 1552 2565 1591 non
2594 1535 2786 1591 eodem
2823 1546 3063 1605 tempore
3087 1535 3382 1605 contigisse

1810 1626 1952 1681 dicet
1984 1641 2106 1695 qua
2144 1624 2284 1695 apud
2321 1624 2666 1692 Matthaeum,
2701 1640 2929 1695 qua-que
2968 1623 3113 1694 apud
3136 1622 3378 1678 Marcum

1811 1717 2133 1782 traduntur;
2179 1716 2273 1771 sed
2315 1717 2370 1770 in
2408 1717 2590 1786 aliqua
2634 1717 2688 1770 in
2718 1714 3088 1771 Jerichuntem
3139 1716 3381 1785 peregri-

1811 1809 2028 1862 natione
2054 1809 2231 1863 visum
2271 1821 2446 1863 caecos
2471 1802 2612 1862 duos
2655 1807 2957 1877 recepisse;
2992 1807 3049 1861 in
3078 1806 3243 1860 altera
3276 1822 3377 1860 au-

1741 1879 1780 1938 Β
1810 1906 1916 1953 tem
1955 1897 2129 1952 solum
2172 1896 2317 1951 hunc
2360 1895 2547 1951 Timaei
2594 1896 2767 1951 filium
2808 1896 3187 1963 Bartimteum;
3223 1905 3279 1951 et
3320 1897 3375 1951 in

1809 1991 1911 2045 alia
1943 2005 2067 2060 quae
2110 1989 2252 2058 apud
2280 1988 2482 2045 Lucam
2532 1990 2801 2045 habentur
2848 1990 3131 2046 accidisse.
3166 1987 3299 2044 Nam
3328 1990 3375 2045 si

1808 2094 2027 2149 operam
2083 2093 2240 2133 suam
2287 2077 2604 2133 conferente
2632 2078 2836 2148 Spiritu
2887 2090 3079 2135 sancto
3124 2089 3378 2134 accurate

1808 2166 2114 2236 conscripta
2135 2181 2256 2222 esse
2285 2165 2575 2237 Evangelia
2613 2169 2888 2224 credimus
2913 2186 2927 2223 :
2951 2177 3006 2225 et
3035 2170 3087 2223 in
3125 2170 3192 2224 iis
3220 2185 3377 2225 com-

1809 2257 2178 2312 memorandis
2228 2257 2395 2313 rebus
2440 2259 2575 2328 lapsi
2625 2273 2733 2313 non
2767 2268 2895 2315 sunt
2920 2275 3109 2315 eorum
3147 2262 3379 2332 scripto-

1809 2363 1929 2412 res,
1964 2346 2409 2418 quandoquidem
2446 2366 2637 2405 verum
2675 2366 2799 2408 esse
2829 2368 2938 2408 non
2965 2361 3142 2424 potest
3178 2353 3233 2409 in
3267 2369 3377 2410 una

1807 2442 2108 2512 eademque
2150 2428 2615 2512 peregrinatione;
2640 2442 2780 2499 duos
2840 2458 3015 2500 caecos
3066 2445 3151 2500 vel
3205 2461 3377 2502 unum

1809 2532 1983 2587 fuisse
2024 2543 2374 2612 consanatos,
2419 2534 2582 2589 aliain
2611 2535 2828 2605 quidem
2865 2552 2897 2591 a
2924 2535 3174 2593 Matthteo
3218 2553 3374 2607 pere-

1807 2624 2164 2696 grinationem
2200 2607 2530 2696 descriptam
2568 2642 2690 2681 esse
2720 2628 2917 2697 liquet,
2946 2629 3167 2683 alteram
3197 2607 3385 2684 autem

1807 2730 1840 2769 a
1866 2714 2070 2782 Marco,
2101 2722 2155 2769 et
2183 2715 2344 2769 aliam
2389 2732 2606 2771 rursum
2650 2733 2680 2772 a
2711 2715 2888 2785 Luca,
2919 2708 3375 2789 quemadmodum

1807 2805 2004 2874 poterit
2046 2804 2379 2860 confidenter
2406 2806 2676 2886 afﬁrmare
2700 2808 2792 2876 qui
2819 2806 3176 2863 diﬂ'erentiatn
3218 2810 3379 2864 unius

1807 2911 1837 2949 a
1869 2895 2096 2964 reliquis
2138 2895 2529 2951 observaverit.
2564 2894 2675 2951 Nec
2712 2897 2912 2951 mirum
2952 2914 3084 2952 sane
3117 2899 3162 2953 si
3189 2915 3377 2953 eorum

1807 2986 1900 3056 qui
1940 2984 2254 3042 Jericlutnte
2304 2985 2560 3050 fuerunt,
2610 2987 2792 3056 priore
2837 2987 2960 3056 quis
3004 2990 3256 3043 adnotata
3298 3005 3381 3043 sa-

1807 3077 2046 3144 natione,
2090 3093 2154 3133 cx
2197 3077 2396 3140 verbis,
2437 3086 2489 3131 et
2528 3092 2593 3130 ex
2631 3077 2795 3131 simili
2831 3079 3155 3147 precatione,
3191 3078 3244 3132 in
3286 3095 3380 3133 co-

1808 3167 1931 3222 dem
1959 3184 2179 3238 quoque
2218 3177 2443 3224 sanatos
2472 3182 2567 3223 eos
2596 3166 2764 3223 fuisse
2798 3170 2914 3224 loco
2943 3168 3252 3224 contendat.
3289 3170 3379 3225 Sic

1810 3268 1992 3313 autem
2037 3258 2237 3312 dixerit
2283 3257 2580 3328 quispiam,
2631 3259 2797 3313 alium
2847 3253 3065 3330 quoque
3099 3275 3225 3317 eum
3258 3277 3381 3317 esse

1810 3364 2011 3404 caecum
2044 3349 2137 3420 qui
2160 3349 2318 3420 juxta
2346 3348 2549 3406 Lucam
2583 3359 2808 3407 sanatus
2834 3361 2921 3408 est
2944 3355 2988 3407 '.
3018 3352 3088 3407 At
3113 3354 3205 3424 qui
3249 3369 3379 3425 pro-

1810 3440 2119 3496 fundiorem
2203 3441 2401 3496 horum
2490 3442 2987 3514 interpretationem
3072 3447 3380 3514 rimabitur,

1812 3547 1975 3587 unam
2021 3532 2378 3604 eamdemque
2427 3549 2539 3589 rem
2589 3535 2821 3592 diversis
2878 3538 3062 3594 verbis
3117 3541 3382 3595 det-lauari

1810 3625 2215 3693 pronuntiabit;
2254 3628 2364 3683 duo
2395 3627 2662 3697 siquidem
2693 3629 2821 3684 caeci
2861 3638 2989 3685 sunt
3014 3631 3175 3687 Israel
3211 3642 3265 3687 et
3287 3632 3383 3687 Ju-

1815 3716 1935 3779 das.
1972 3718 2045 3772 ita
2079 3727 2138 3772 ut
2179 3735 2210 3773 a
2244 3718 2402 3775 nobis
2442 3720 2714 3788 proditum
2754 3730 2875 3787 est;
2915 3738 3056 3777 unus
3080 3733 3166 3778 est
3202 3735 3381 3779 autent

1811 3822 1878 3863 ex
1913 3809 2184 3864 universis
2232 3809 2339 3863 illis
2368 3807 2635 3865 conflatus
2661 3811 2916 3879 populus,
2946 3813 3166 3881 quando
3190 3814 3385 3870 unicus

1813 3896 2033 3952 sanitati
2081 3898 2365 3952 restitutus
2415 3914 2593 3954 cacus
2643 3900 2951 3955 exhibetur.
3003 3900 3207 3973 lugenti
3252 3919 3383 3972 ergo

1812 4001 1843 4042 c
1872 3988 2123 4056 gentibus
2178 3988 2543 4054 multitudine,
2592 4004 2700 4043 una
2748 4006 2871 4046 cum
2900 3990 3054 4060 Jesu,
3102 3993 3386 4064 ipsiusque

1813 4078 2094 4147 discipulis
2148 4094 2179 4134 e
2224 4079 2387 4136 rebus
2438 4081 2732 4137 mundanis
2779 4091 3030 4150 exeunte,
3072 4082 3385 4141 Israelitica

1341 4214 1572 4272 VETUS
1605 4214 2187 4271 INTERPRETATIO.

126 4372 316 4419 autem
340 4361 557 4433 aliquos
584 4361 808 4433 alteram
841 4360 1098 4433 similem,
1115 4361 1348 4433 dignum
1370 4367 1457 4415 est
1488 4366 1543 4414 et
1564 4374 1686 4429 qua:
1708 4359 1795 4433 _ab_
1812 4358 1891 4414 eis
1920 4358 2405 4433 tli_c_un_tur__videre.
2437 4358 2503 4413 Et
2532 4358 2766 4433 primum
2795 4359 3083 4433 videamus
3106 4360 3176 4416 de
3201 4357 3384 4416 Marco

126 4436 198 4489 ita
231 4428 510 4489 scribente
535 4449 551 4486 :
584 4450 603 4483 ι
645 4430 710 4486 Et
734 4430 950 4486 venitin
980 4428 1329 4501 Hiericho,et
1352 4428 1593 4501 exeunte
1615 4444 1682 4484 eo
1707 4429 1853 4501 inde,
1887 4428 2247 4501 etdiscipulis
2270 4428 2489 4501 ejus,et
2510 4431 2668 4484 turba
2699 4432 2888 4485 multa.
2916 4450 2934 4481 ι
2969 4429 3075 4497 Qui
3103 4446 3230 4501 ergo
3258 4448 3383 4487 cor-

124 4504 392 4575 poraliter
417 4501 744 4575 intelligunt,
771 4511 1001 4575 prapter_
1013 4500 1726 4575 diversitatemverbornm,
1754 4499 1943 4553 dicunt
1974 4500 2081 4575 alia
2105 4498 2382 4575 vir_e_dt_tos
2424 4500 2560 4575 istos
2589 4515 2762 4575 caecos
2787 4498 3379 4575 Cltri_st_um_sa'nasse_:

124 4567 230 4628 alia
269 4581 453 4627 autem
478 4567 958 4640 vice'illum'quem
984 4570 1197 4625 Marcus
1228 4570 1497 4640 exponit:
1529 4569 1685 4623 tertia
1720 4583 1870 4640 vero,
1897 4568 2044 4638 quod
2069 4568 2263 4640 scribit
2282 4567 2479 4640 Lucas.
2505 4569 2608 4636 Qui
2628 4580 2816 4640 autem
2842 4572 3200 4640 spiritualiter
3226 4572 3381 4625 intel-

124 4645 325 4714 ligunt,
354 4656 516 4714 unam
537 4638 1034 4714 eamdemquerem
1064 4639 1295 4695 diversis
1326 4638 1501 4714 modis
1532 4639 1893 4709 evangelistas
1918 4639 2238 4714 exposuisse
2260 4638 2740 4714 defendunt._Du_o
2761 4638 2906 4696 enim
2932 4641 3060 4714 caeci
3087 4650 3213 4697 sunt
3235 4641 3382 4697 sicut

124 4708 395 4775 diximus,
413 4709 583 4766 ludas
606 4720 660 4765 et
684 4708 869 4782 Israel.
904 4708 1055 4782 Unus
1075 4718 1255 4782 autem
1286 4718 1364 4782 est
1391 4708 1594 4782 mixtus
1619 4708 1695 4782 ex:
1719 4719 1952 4782 utroque
1975 4709 2209 4782 pepultis
2235 4710 2545 4782 universus.
2578 4708 2761 4782 Turba
2783 4726 2914 4781 ergo
2950 4712 3119 4766 multa
3148 4727 3212 4766 ex
3245 4727 3380 4782 gen-

126 4785 279 4838 tibus
307 4792 541 4837 exeunte
571 4796 698 4835 cum
719 4778 846 4834 Jesn
879 4790 934 4834 et
981 4779 1260 4848 discipulis
1282 4779 1402 4847 ejus
1433 4779 1501 4849 de
1530 4779 1755 4849 mundo,
1796 4776 2307 4848 Judaicm'qntedam
2337 4779 2579 4849 reliquiae
2602 4780 2757 4849 juxta
2802 4776 2946 4835 viam
2992 4776 3282 4847 sedentes:
3328 4782 3379 4837 id

126 4864 230 4918 εει,
255 4853 418 4922 juxta
439 4850 788 4922 propheticas
809 4849 1250 4922 AScripturas,_Aet
1270 4848 1644 4922 mendicantes
1672 4848 2002 4922 intellectum
2032 4849 2406 4922 necessarium
2432 4848 2742 4922 animat-unt
2761 4867 2985 4906 suarum
3015 4891 3030 4917 ,
3074 4852 3217 4906 sicut
3238 4851 3381 4922 Mar-

127 4916 225 4993 cus
246 4916 498 4993 exponit,
524 4916 737 4993 fortiter
761 4916 1104 4993 clamabant,
1127 4918 1660 4993 tilium_appe_llantes
1690 4916 1877 4973 David.
1910 4918 1975 4973 Et
2003 4934 2127 4974 cum
2152 4920 2353 4993 videris
2377 4935 2474 4993 eos
2502 4923 2594 4990 qui
2621 4935 2694 4993 ex,
2719 4916 3299 4993 Judaaiscrediderunt
3322 4921 3377 4975 in

125 4986 340 5054 Iesum,
368 4991 661 5061 aliquando
680 4990 897 5060 quidem
924 5005 991 5061 ex
1020 4989 1191 5044 Maria
1215 4986 1493 5061 et_JoSeph
1516 5003 1641 5043 esse
1650 5002 1812 5061 _eu_m__
1834 4997 2108 5061 putantes,
2140 4988 2435 5061 aliquando
2458 4986 2639 5061 autem
2665 4991 2733 5044 de
2764 4992 2880 5046 sola
2900 4990 3069 5045 Maria
3090 4999 3145 5061 et
3173 4990 3378 5059 Spiritu

128 5072 343 5128 sancto,
378 5055 584 5115 videbis
614 5055 1011 5130 quomoduille
1039 5074 1216 5114 catcus
1246 5055 1754 5130 clatnabatttuFili
1784 5055 1985 5130 David,
2002 5055 2261 5130 miserere
2286 5059 2413 5112 mei.
2449 5078 2469 5111 ι
2489 5059 2679 5130 _Quem
2707 5060 3154 5129 increpantmulti
3182 5055 3274 5130 qui
3311 5062 3385 5115 dc

131 5131 395 5188 Hiericho
417 5127 1001 5202 egressﬁexgentibus
1030 5137 1180 5193 sunt,
1210 5128 1470 5198 populum
1495 5127 1746 5202 videlicet
1766 5128 1876 5202 _qui
1900 5127 2113 5202 videtur
2139 5128 2360 5184 credere
2387 5144 2453 5182 ex
2474 5127 2702 5202 Judaeis,
2732 5139 2793 5184 ut
2819 5127 3031 5186 taceant
3051 5130 3145 5202 qui
3172 5127 3377 5202 paupe-

130 5220 214 5258 res
246 5212 380 5256 sunt
404 5196 586 5255 in'fide
613 5196 854 5259 Christi;
882 5208 938 5253 et
969 5208 1167 5269 putant
1187 5196 1310 5252 eum
1338 5196 1658 5269 expsemine‘
1680 5196 1782 5269 viri
1806 5196 1863 5269 et
1889 5197 2135 5269 mulieris
2174 5212 2298 5252 esse
2320 5240 2343 5269 ,ί
2385 5200 2689 5255 trahentem
2720 5215 2891 5269 genus
2942 5216 3008 5254 ex
3047 5196 3235 5254 David.
3268 5196 3378 5255 Sed

130 5273 318 5329 multis
348 5271 757 5342 increpantibus
785 5271 958 5341 magis
971 5265 1270 5335 clamabat,
1302 5267 1532 5323 credens
1570 5266 1790 5337 quidem
1822 5267 1877 5322 in
1903 5265 2115 5335 Jesum,
2145 5268 2447 5323 secundum
2488 5278 2671 5325 autem
2699 5265 2978 5325 hominem
3021 5270 3275 5335 credens,
3323 5281 3381 5326 et

198 5417 221 5450 ⁸
243 5415 415 5472 Marc.
450 5431 509 5482 ι,
538 5413 607 5470 46
634 5422 688 5471 et
719 5429 834 5484 seq.
910 5413 934 5445 ⁸
958 5411 1093 5469 Luc.
1117 5427 1275 5477 xvru,
1299 5411 1369 5467 55
1390 5420 1444 5467 et
1469 5425 1584 5481 seq.

131 5559 491 5631 Augustinus,
519 5556 557 5611 1.
591 5572 629 5611 ιι
660 5555 739 5610 De
767 5571 1019 5610 consensu
1045 5554 1299 5625 evangel.,
1321 5569 1371 5607 c.
1403 5552 1503 5617 65,
1535 5567 1701 5607 unam
1809 5566 2009 5677 ξοηεῆ
2046 5551 2141 5607 sed
2166 5566 2289 5622 qua;
2306 5565 2367 5607 re
2397 5550 2610 5634 diversa
2643 5549 2890 5633 credidit,
2917 5564 3079 5631 sensu
3112 5564 3175 5605 ac
3205 5549 3378 5620 signi-

131 5631 491 5677 eamtlamnue
512 5643 541 5677 ιι
569 5626 820 5677 Matthazo
840 5634 895 5677 et
912 5624 1114 5677 Marco.
1137 5624 1231 5677 sed
1253 5626 1478 5677 alteram
1499 5639 1530 5676 a
1556 5621 1703 5677 Luca
1830 5624 2062 5677 ‘cattoue
2089 5622 2278 5677 eodem
2307 5622 2547 5677 reculere
2576 5628 2941 5676 existimavit:
2978 5632 3048 5675 ua
3070 5631 3125 5674 et
3147 5620 3378 5676 Ambro-

131 5620 491 5699 eafndemque
512 5643 542 5682 a
569 5626 820 5699 gatthago
840 5634 895 5699 et
912 5624 1114 5688 Marco,
1137 5620 1231 5679 sed
1253 5626 1478 5699 alteram
1499 5639 1530 5676 a
1556 5621 1703 5678 Luca
1809 5620 2062 5699 ficatione
2089 5620 2278 5699 eodem
2307 5622 2547 5699 recidere
2576 5621 2941 5699 existimavit:
2978 5623 3048 5699 ita
3070 5631 3125 5674 et
3147 5620 3379 5699 Ambro-

133 5692 343 5755 πάι-ιιιτί
364 5690 544 5753 docet.
576 5696 1238 5767 Theophylactusautem,
1264 5694 1704 5763 recentioresque
1811 5694 1928 5767 sius
1957 5693 2187 5748 diversis
2215 5690 2580 5767 iis_miraculis
2606 5692 2745 5747 idem
2769 5692 3037 5747 contineri
3062 5693 3376 5763 mysterium

134 5785 264 5837 pene
296 5784 514 5834 omnes,
550 5768 654 5822 tria
680 5761 986 5822 bascanum
1012 5766 1265 5837 idemque
1289 5761 1702 5837 essestatuu‘nt.
1812 5762 2105 5837 arbitratus
2123 5771 2225 5837 est.
2260 5761 2520 5837 Hunnus.

134 5830 274 5896 Sane
309 5840 480 5910 priori
500 5830 508 5834 ’
532 5838 660 5894 huic
706 5837 987 5895 sententia:
1020 5830 1314 5891 adhaesisse
1348 5834 1558 5890 videtur
1583 5831 1707 5888 Ori-
1809 5833 1996 5904 “(85)
2038 5832 2286 5900 Ὁμοίως.
2316 5830 2476 5887 Forte
2503 5831 2807 5903 legendum,
2837 5832 3049 5904 ὁμοίας.
