3962 6530
54 413 93 470 I
124 414 250 471 H3
1048 415 1400 474 COMMENT.
1442 414 1511 470 ΙΝ
1550 410 1968 472 MATTHEUM
2006 411 2247 469 TOMUS
2283 408 2423 468 XVI.
3222 413 3362 471 HM

50 523 235 594 φλδς
253 525 346 581 διὰ
369 527 438 581 τὰ
461 528 858 600 προειρημένα,
884 528 1087 600 ὁμοίιος
1119 532 1177 585 δὲ
1211 532 1304 585 καὶ
1329 531 1691 603 καθεζόμενος

1800 529 1997 585 tionem
2032 529 2420 586 descendentes
2473 524 2678 581 minuta
2715 527 3016 583 consectari
3045 525 3359 596 videamur;

52 619 259 691 παρὰ
288 619 388 691 τὴν
413 620 552 682 ὁδὸν,
593 621 688 674 καὶ
721 621 980 675 ἐπαιτῶν.
1024 619 1158 677 Εἶτα
1201 624 1433 697 ἐπείπερ
1479 624 1692 694 λέγοντι

1800 622 1861 677 ile
1886 620 2091 677 Timzeo
2118 622 2213 692 qui
2241 620 2342 691 τῆς
2370 618 2536 691 τιμῆς
2555 658 2570 683 ,
2604 617 2710 674 hoc
2741 626 2824 673 est
2852 619 3076 674 honoris
3103 630 3158 675 et
3181 622 3366 692 gloria:

46 708 275 781 αὐτῷ·
314 730 333 762 ι
369 710 498 773 Υἱὸς
517 711 702 776 Δαυῒδ,
736 712 958 783 ἐλέησόν
991 732 1081 785 με,
1117 734 1137 767 ι
1174 716 1450 787 ἐπετίμων
1480 717 1532 770 οἱ
1560 716 1693 770 πολ-

1800 714 2137 787 cognominis
2161 721 2267 781 est,
2302 713 2477 783 deque
2514 710 2625 765 ﬁlio
2672 711 2844 780 ipsius
2870 710 3178 777 Bartimazo,
3214 715 3388 783 quod,

50 799 183 852 λοὶ
212 802 307 856 ἴνα
334 802 609 873 σιωπήσῃ,
628 802 795 874 ,ζητῶ
822 805 870 856 εἰ
895 800 1121 859 δύνασαι
1147 806 1374 870 πολλοὺς
1404 807 1503 877 μὲν
1523 807 1694 861 εἰπεῖν

1800 808 1984 864 Timaei
2021 807 2193 863 ﬁlium
2239 816 2434 873 sonat,
2507 805 2864 877 quaestionem
2914 806 3254 863 habebimus.
3298 811 3368 863 At

55 891 480 965 ἐπιτιμῶντας
512 895 599 948 ἴνα
641 896 917 968 σιωπήσῃ,
970 896 1050 968 τῷ
1095 897 1389 971 Ἐὅιωναίῳ
1420 900 1515 953 καὶ
1544 915 1691 952 mw-

1800 900 1915 955 vide
1950 916 2018 955 an
2049 910 2271 971 propter
2300 900 2624 970 patriarchae
2648 896 2817 954 Jacob
2850 907 2905 954 et
2930 897 3097 954 Israel
3124 899 3366 969 dignita-

55 982 322 1051 χεύοντι
353 986 481 1057 περὶ
524 984 625 1056 τὴν
662 987 744 1050 εἰς
788 987 998 1057 Ἰησοῦν
1027 988 1211 1043 πίστιν
1250 989 1387 1062 (85),
1419 991 1546 1054 τοὺς
1586 990 1694 1044 ἀπὸ

1800 1001 1903 1046 tem
1933 1008 1996 1047 ac
2020 993 2301 1059 honorem,
2327 991 2562 1047 Timaeus
2592 991 2705 1061 ipse
2731 990 2939 1062 tropice
2964 1000 3048 1047 est
3076 1010 3090 1046 :
3119 992 3212 1063 qui
3239 1006 3370 1047 vero

52 1075 213 1129 τῶν
239 1076 436 1141 ἐθνῶν,
477 1078 674 1143 οἵτινες
712 1080 842 1152 παρ’
877 1080 1089 1150 ὀλίγους
1135 1082 1373 1147 ἅπαντες
1402 1081 1696 1137 πεπιστεύ-

60 1186 268 1225 κασιν
299 1171 462 1224 αὑτὸν
498 1172 562 1225 ἐκ
602 1172 872 1245 παρθένου
913 1176 1261 1248 γεγενῆσθαι,
1295 1178 1387 1231 καὶ
1428 1177 1696 1249 ἐπιτιμῶ-

62 1277 181 1315 σιν
205 1262 302 1316 ἵνα
337 1265 606 1336 σιωπήσῃ,
631 1263 709 1335 τῷ
729 1267 958 1338 οἰομένῳ
984 1268 1144 1322 αὐτὸν
1178 1268 1241 1323 ἐκ
1268 1269 1582 1341 σπέρματος
1600 1271 1697 1324 ἀνο

61 1348 226 1421 δρὸς
257 1353 357 1406 καὶ
392 1350 650 1421 γυναικὸς
679 1351 816 1408 εἶναι
846 1357 1175 1425 κατάγοντος
1202 1358 1263 1411 τὸ
1288 1357 1443 1428 γένος
1465 1358 1574 1413 ἀπὸ
1600 1358 1694 1413 τοῦ

62 1443 293 1499 Δαυῐδ.
370 1444 548 1508 Ἀλλὰ,
595 1444 837 1514 καίτοιγε
892 1447 1001 1500 τῶν
1046 1448 1253 1503 πολλῶν
1299 1449 1693 1521 ἐπιτιμώντων,

67 1536 290 1609 πολλῷ
342 1536 539 1607 μᾶλλον
577 1536 839 1610 κέκραγε,
884 1541 1156 1594 πιστεύων
1190 1542 1287 1613 μὲν
1319 1541 1413 1595 ἐπὶ
1453 1542 1546 1597 τὸν
1588 1543 1695 1615 Ἰη-

67 1628 255 1693 σοῦν,
306 1628 793 1702 ἀνθρωπικώτερον
841 1630 899 1684 δὲ
938 1632 1226 1688 πιστεύων·
1273 1633 1366 1687 καὶ
1410 1632 1697 1705 κεκραγὼς

64 1717 274 1788 λέγει·
313 1739 334 1771 ι
372 1720 496 1786 Υἱὸς
524 1721 705 1786 Δαυϊδ,
737 1721 957 1795 ἐλέησόν
989 1741 1075 1795 με.
1111 1744 1130 1776 r
1170 1724 1310 1778 Ἀλλ’
1335 1726 1364 1777 6
1396 1724 1695 1797 φιλάνθρω-

1800 1742 1919 1782 esse.
1959 1727 2144 1781 dicere
2181 1741 2371 1797 queas,
2402 1727 2517 1798 qui,
2554 1728 2600 1782 si
2634 1744 2840 1799 paucos
2881 1728 3142 1798 excipias,
3179 1737 3368 1782 natum

70 1826 197 1874 πος
233 1810 428 1882 Σωτὴρ
468 1812 597 1875 στάς
617 1812 799 1866 οὐκέτι
826 1812 966 1867 κατά
987 1812 1077 1867 τὸν
1108 1815 1384 1870 Ματθαῖον
1413 1814 1575 1878 αὐτὸς
1602 1815 1695 1867 αύ-

1800 1819 1952 1873 illum
1985 1833 2108 1874 esse
2136 1833 2202 1874 ex
2229 1818 2437 1890 virgine
2471 1834 2793 1889 persuasum
2827 1820 3172 1887 habuerunt;
3210 1834 3371 1875 Pum-

68 1901 187 1954 τὸν
229 1906 424 1971 φωνεῖ,
452 1902 567 1956 ἀλλ’
598 1900 750 1958 εἶπεν
778 1905 938 1959 αὐτὸν
981 1906 1314 1978 φωνηθῆναι·
1353 1910 1404 1961 οἱ
1436 1909 1493 1963 δὲ
1523 1926 1693 1979 προσ-

1800 1926 1905 1981 quc
1935 1920 1994 1966 ut
2023 1918 2203 1967 taceat
2231 1888 2532 1978 increpant,
2563 1910 2656 1980 qui
2687 1926 2811 1964 eum
2844 1926 2875 1965 e
2902 1911 3145 1966 mulieris
3170 1925 3235 1965 ac
3264 1909 3368 1964 viri

72 1993 398 2064 ταχθέντες
446 1990 599 2049 εἷπον
650 1997 819 2068 αύτῷ·
868 2016 886 2049 ι
935 1998 1158 2070 Θάρσει,
1201 1998 1432 2072 ἐγειραι·
1497 2020 1517 2053 ι
1558 2000 1693 2054 καθ-

1800 2019 1971 2076 genus
1996 2018 2154 2059 suum
2192 2017 2223 2056 a
2248 1999 2451 2056 Davide
2481 2001 2732 2058 ducentis
2777 2002 2983 2057 semine
3026 2011 3215 2056 natum
3247 2016 3371 2057 esse

72 2082 350 2156 εζομένῳ
368 2084 476 2157 γὰρ
505 2085 672 2158 αὐτῷ,
694 2088 789 2141 καλ⁵
811 2090 1225 2144 ἀναπεπτωκότι
1256 2090 1435 2160 φασίν·
1461 2110 1480 2142 ι
1510 2091 1695 2161 Ἔγει-

1800 2094 2111 2164 Opinantur.
2153 2090 2353 2146 Verum
2387 2091 2573 2147 multis
2610 2091 2731 2147 licet
2765 2092 3169 2163 increpantibus
3198 2093 3370 2147 multo

79 2190 210 2248 ραν
255 2196 276 2230 ι
315 2180 411 2232 καὶ
446 2178 685 2249 λέγουσι·
729 2199 748 2232 ι
773 2182 947 2234 Φωνεῖ
984 2198 1063 2236 σε.
1103 2202 1121 2234 r
1155 2181 1310 2235 Μετά
1334 2182 1507 2237 ταῦτά
1532 2199 1695 2255 φησιν

1800 2186 1972 2257 magis
2002 2184 2331 2241 vociferatus
2360 2194 2464 2251 est,
2498 2184 2553 2239 in
2578 2182 2764 2240 Jesum
2795 2184 3035 2254 quidem,
3067 2194 3121 2240 at
3148 2184 3249 2238 lide
3280 2184 3367 2237 ni-

76 2270 113 2322 ὁ
149 2271 414 2343 Μάρκος,
467 2274 571 2337 ὅτι,
616 2272 905 2327 ἀποϐαλὼν
941 2274 1002 2327 τὸ
1062 2275 1294 2345 ἱμάτιον,
1339 2275 1695 2346 ἀναπηδήσας

1800 2276 1903 2331 nils
1947 2276 2184 2331 humana
2215 2276 2476 2339 credens;
2512 2283 2567 2330 et
2605 2273 2911 2330 vociferans
2950 2274 3062 2328 ait:
3093 2293 3111 2316 ο
3143 2273 3239 2327 Fili
3274 2273 3372 2328 Da-

78 2357 233 2432 ἧλθε
268 2363 407 2434 πρὸς
435 2364 525 2418 τὸν
560 2364 766 2437 Ἰησοῦν
800 2365 934 2435 (86).
968 2363 1095 2439 'Ap’
1128 2363 1220 2422 οῦν
1258 2368 1409 2424 οὐδὲν
1438 2369 1694 2440 ἐννοήσας

1800 2367 1908 2433 vid,
1944 2367 2204 2422 miserere
2241 2366 2367 2421 mei.
2399 2385 2418 2418 ι
2499 2368 2568 2419 At
2594 2364 2847 2420 homines
2878 2380 3074 2419 amans
3112 2364 3371 2419 Servatur

82 2452 387 2525 ἀνέγραψε
437 2456 565 2528 περὶ
616 2456 711 2511 τοῦ
775 2458 1114 2515 ἀποϐαλόντα
1162 2460 1326 2515 αὐτὸν
1367 2462 1428 2515 τὸ
1482 2462 1693 2533 ίμάτιον

1800 2459 2054 2515 restitans
2102 2467 2211 2512 non
2256 2458 2368 2528 jam
2416 2473 2542 2513 eum
2593 2457 2828 2527 amplius
2876 2464 3031 2526 Juxta
3058 2455 3369 2510 Mattbmum

84 2544 567 2617 ἀνατεεπηδηκότα
602 2546 916 2616 ἐληλυθέναι
967 2551 1105 2621 πρὸς
1158 2550 1247 2606 τὸν
1315 2551 1544 2621 Ἰησοῦν,
1598 2550 1695 2605 καὶ

1800 2549 1914 2619 ipse
1956 2549 2208 2614 accersit,
2254 2558 2309 2604 at
2348 2550 2553 2604 accersi
2597 2548 2784 2618 jussit.
2835 2542 3048 2613 Quibus
3090 2556 3271 2602 autem
3317 2547 3371 2600 id

84 2632 453 2706 τολμήσομεν
501 2637 672 2708 φῆσαι
721 2640 899 2711 μάτην
943 2639 1115 2693 ταῦτα
1168 2640 1567 2712 προσερρίφθαι
1615 2639 1695 2711 τῷ

1800 2640 2114 2695 mandatum
2169 2639 2291 2707 fuit,
2336 2643 2388 2695 ei
2434 2639 2778 2695 dixerunt“:
2828 2640 3021 2694 «Bono
3056 2638 3244 2693 animo
3274 2652 3368 2693 es:

91 2726 460 2799 Εὑαγγελίῳς
490 2728 632 2799 Ἐγὼ
666 2732 765 2801 μὲν
784 2728 877 2786 οὖν
898 2732 1030 2787 ἰῶτα
1064 2733 1121 2787 ἓν
1148 2734 1181 2804 ἢ
1216 2734 1345 2805 μίαν
1377 2735 1603 2805 κεραίαν
1630 2735 1693 2787 οὐ

1800 2746 1993 2802 surge;
2023 2749 2043 2783 ι
2094 2730 2301 2787 sedenti
2351 2730 2497 2785 enim
2544 2729 2592 2785 ei
2671 2738 2727 2785 et
2761 2728 3109 2785 decumbenti
3153 2730 3371 2785 dicunt:

1796 1083 2128 1141 nobilitatem
2182 1084 2252 1138 ab
2295 1083 2416 1153 ipso
2461 1082 2754 1147 duxerunt,
2808 1081 2843 1135 i-i
2881 1080 3173 1137 Bartimaeo
3198 1096 3364 1147 caeco,

1794 1182 1849 1229 et
1892 1189 2050 1229 secus
2087 1175 2229 1228 viam
2280 1174 2466 1229 itidem
2519 1173 2758 1238 sedente,
2791 1187 2853 1227 ac
2881 1173 3072 1242 stipem
3120 1183 3365 1245 rogante.

1794 1275 2015 1335 propter
2040 1280 2127 1319 res
2153 1265 2405 1334 superius
2435 1264 2596 1337 734
2624 1281 2654 1318 a
2681 1265 2838 1320 nobis
2867 1265 3042 1320 dictas
3069 1280 3369 1334 repraesen-

1796 1366 1999 1412 tantur.
2031 1357 2232 1411 Deinde
2259 1373 2387 1412 vero
2414 1359 2672 1426 quoniam
2701 1356 2966 1412 dicentem
3003 1372 3126 1410 eum
3146 1358 3166 1388 "
3188 1375 3200 1411 :
3225 1376 3243 1408 ι
3263 1356 3367 1411 Fili

1798 1448 1988 1515 David,
2020 1451 2275 1507 miserere
2292 1453 2450 1515 mei,»
2490 1449 2840 1519 increpabant
2869 1449 3024 1503 multi
3060 1459 3119 1505 ut
3144 1460 3369 1518 taceret,

1796 1557 1983 1612 quaero
2009 1559 2137 1598 num
2165 1543 2348 1610 plures
2396 1542 2518 1597 illos
2549 1543 2891 1613 increpantes
2930 1559 3055 1598 eum
3081 1542 3173 1613 qui
3202 1542 3371 1597 Ebio-

1798 1649 1949 1690 naeus
1979 1642 2034 1689 et
2058 1634 2182 1690 ﬁdei
2214 1634 2269 1689 in
2294 1632 2480 1691 Jcsum
2507 1634 2662 1705 inops
2688 1644 2792 1698 est,
2828 1645 2888 1691 ut
2918 1644 3115 1702 taceat,
3142 1636 3370 1707 gentiles

94 2819 354 2873 πιστεύω
381 2822 543 2893 κενὴν
567 2819 705 2877 εἷναι
728 2822 888 2877 θείων
915 2824 1274 2896 μαθημάτων·
1308 2824 1369 2877 τὸ
1396 2824 1452 2878 δέ
1478 2827 1697 2894 ἐπιτυγ-

92 2911 295 2980 χάνειν
343 2914 714 2986 ἐρμηνεύοντα
757 2916 997 2989 ἡγοῦμαι
1035 2916 1231 2970 πολλοῦ
1276 2916 1479 2970 δεῖσθαι
1534 2916 1693 2985 λόγου

90 3002 189 3055 διὰ
223 3001 291 3055 τὸ
320 3001 751 3076 δυσερμήνευτον
797 3006 907 3060 τῶν
943 3005 1303 3079 πραγμάτων.
1345 3005 1560 3076 Μήποτ⁹
1602 3002 1695 3060 οὖν

91 3092 168 3146 τά
195 3092 280 3159 ὡς
304 3094 506 3163 τυφλοῦ
537 3097 630 3149 καὶ
670 3097 892 3152 ἐπαίτου
924 3096 1375 3168 ἐπικαλύμματα,
1409 3091 1491 3160 οἷς
1535 3114 1694 3168 περι-

92 3183 369 3256 εϐέϐλητο
405 3186 518 3259 (87)
547 3190 575 3241 6
604 3188 955 3261 Βαρτιμαῖος,
978 3188 1251 3259 δηλοῦται·
1294 3188 1451 3242 ἀτινα
1489 3188 1697 3243 ἀπέϐα-

94 3275 192 3329 λεν
214 3278 247 3330 6
282 3276 479 3346 τυφλὸς
507 3278 763 3343 ἀκούσας·
796 3298 814 3331 ι
840 3279 1063 3352 Θάρσει,
1101 3279 1331 3352 ἔγειραι,
1362 3283 1531 3348 φωνεῖ
1559 3297 1637 3333 σε.
1670 3300 1689 3333 ι

97 3369 221 3422 Καὶ
261 3369 550 3424 ἀποϐαλὼν
580 3370 651 3425 τὰ
704 3372 804 3444 τῆς
849 3372 1193 3443 ἐπαιτήσεως
1234 3370 1569 3442 καλύμματα
1602 3371 1695 3425 καὶ

96 3460 453 3534 περιϐόλαια,
503 3464 831 3536 ἀνεπήδησε,
871 3464 965 3517 καὶ
1008 3464 1229 3535 ἀνέστη,
1269 3464 1356 3517 ἵνα
1396 3460 1525 3535 ἔλθῃ
1560 3463 1696 3535 πρὸς

96 3553 198 3606 τὸν
245 3553 474 3625 Ἰησοῦν·
508 3556 602 3609 καὶ
632 3555 807 3626 τυχὼν
836 3556 934 3628 τῆς
977 3557 1107 3627 παρ’
1156 3554 1319 3609 αὐτοῦ
1352 3555 1696 3627 ἀποκρίσεως

100 3648 413 3719 εἰρημένης
441 3648 578 3720 πρὸς
608 3648 704 3721 τὴν
738 3648 979 3716 ἀξίωσιν,
1008 3647 1129 3718 τῆς·
1167 3666 1185 3699 ι
1229 3648 1294 3700 Τί
1327 3647 1502 3711 θέλεις
1538 3648 1694 3719 ποιη-

104 3756 224 3806 σω;
266 3759 286 3792 ι
324 3742 418 3794 καὶ
447 3741 607 3805 αὐτὸς
641 3740 760 3795 εἷπε
797 3740 1017 3813 μείζονα
1048 3740 1230 3813 φωνὴν
1261 3740 1379 3811 τῆς·
1419 3759 1437 3791 ι
1476 3740 1570 3793 Υἱὲ
1595 3742 1699 3791 Δα-

104 3830 220 3896 υἳδ,
243 3831 467 3905 ἐλέησόν
501 3851 588 3906 με·
632 3852 651 3886 r
689 3831 871 3906 μεῖζον
898 3832 1007 3903 γὰρ
1030 3832 1370 3903 ἐπινενόηται
1397 3830 1511 3894 τοῦ,
1543 3850 1561 3882 ι
1607 3830 1698 3883 Υἱέ

102 3923 296 3988 Δαυῖδ,
337 3944 356 3977 ι
388 3924 465 3995 τῷ
496 3925 729 3995 λέγοντι,
764 3944 783 3978 ι
834 3924 1118 3979 Ῥαὒϐουνὶ
1158 3943 1175 3977 ο
1216 3925 1308 3978 καὶ
1336 3924 1397 3977 τὸ
1432 3919 1572 3987 εἶδος
1602 3923 1696 3978 τοῦ

104 4017 300 4081 ἐλέους
343 4021 752 4092 παραστήσαντι
804 4018 889 4075 διὰ
937 4017 1051 4072 τοῦ·
1092 4037 1111 4072 ι
1164 4019 1283 4072 Ἵνα
1330 4017 1634 4087 ἀναϐλέψω.
1674 4035 1694 4069 ι

104 4112 225 4164 Καὶ
250 4112 281 4163 6
312 4112 503 4184 Σωτήρ
533 4129 596 4182 γε
622 4112 709 4166 διά
755 4111 852 4183 μέν
899 4109 1014 4164 τοῦ·
1055 4128 1076 4162 ο
1116 4110 1205 4163 Υίὲ
1250 4108 1431 4173 Δαυῒδ,
1477 4108 1699 4179 ἐλέησόν

107 4223 207 4277 με,
233 4224 254 4258 ι
275 4205 337 4258 οὐ
364 4204 546 4259 δίδωσι
576 4205 673 4278 τὴν
688 4204 1000 4276 εύργεσίαν,
1031 4203 1138 4259 οὐδ’
1167 4203 1253 4256 ὅτε
1276 4202 1337 4255 τὸ
1369 4201 1578 4273 ἱμάτιον
1601 4201 1699 4273 τῆς

107 4298 457 4369 ὲπαιτήσεως
485 4295 811 4366 περιέκειτο,
844 4294 953 4349 οὐδ’
984 4295 1074 4349 ὅτε
1105 4292 1395 4359 ἐκαθέζετο
1422 4292 1571 4364 παρά
1600 4291 1697 4363 τὴν

107 4392 233 4445 ὁδὸν
268 4390 527 4443 ἐπαιτῶν·
578 4388 668 4442 διὰ
715 4388 773 4442 δὲ
817 4388 899 4441 τό·
946 4406 965 4439 ι
1028 4385 1315 4450 Ραϐϐουνὶ,
1357 4385 1442 4439 ἴνα
1470 4383 1696 4437 ἀναϐλέ-

107 4484 225 4555 ψω,
268 4502 289 4535 ι
323 4478 475 4536 εἶπεν
493 4480 660 4552 αὐτῷ·
712 4501 731 4534 ‹
779 4480 1086 4551 ’Υπαγε,ή
1130 4480 1311 4542 πίστις
1351 4495 1444 4531 σου
1489 4475 1697 4529 σέσωκέ

1803 2843 1821 2876 ι
1873 2825 2085 2895 Surge,
2118 2842 2138 2876 ι
2193 2831 2249 2878 et
2286 2823 2655 2879 subnectunt:
2698 2842 2717 2875 ι
2745 2822 2917 2878 Vocat
2953 2834 3025 2877 te.
3060 2841 3079 2875 ι
3141 2820 3374 2891 Subjicit

1796 2917 1992 2973 deinde
2021 2916 2238 2973 Marcus
2287 2931 2411 2972 eum
2451 2934 2469 2968 ι
2500 2915 2739 2987 projecto
2765 2916 3087 2971 vestimento
3111 2914 3370 2970 exsilien-

1798 3019 1904 3065 tem
1936 3010 2152 3065 venisse
2198 3008 2265 3063 ad
2292 3006 2500 3063 Jesnm.
2539 3027 2558 3060 ι
2601 3008 2684 3062 An
2723 3007 2769 3063 is
2811 3022 2975 3077 porro
3013 3006 3148 3060 nihil
3186 3005 3371 3060 animo

1796 3114 2020 3157 versans
2034 3097 2254 3168 scripsit
2281 3096 2493 3167 abjecto
2526 3097 2678 3151 illum
2696 3097 3015 3151 vestimento
3030 3095 3368 3151 exsilientem

1798 3188 1864 3242 ad
1890 3186 2077 3243 Iesum
2116 3187 2433 3253 accessisse,
2464 3194 2520 3242 et
2542 3187 2657 3242 haec
2694 3185 2900 3241 frustra
2935 3185 2989 3241 in
3017 3183 3367 3256 Evangelium

1799 3280 1968 3335 fuisse
2014 3279 2225 3335 intrusa
2275 3279 2632 3350 pronuntiare
2678 3279 3044 3334 audebimus?
3105 3277 3369 3347 Equidem

1798 3388 1866 3427 ne
1899 3373 2010 3427 iota
2043 3373 2264 3443 quidem
2301 3388 2493 3441 unum,
2523 3372 2607 3426 Vcl
2636 3387 2803 3426 unum
2839 3370 3047 3441 apicem
3088 3370 3142 3424 in
3171 3369 3374 3426 divinis

1798 3465 2080 3536 praeceptis
2112 3466 2329 3520 inanem
2363 3480 2484 3521 esse
2519 3464 2808 3531 existimo;
2858 3471 2915 3518 at
2962 3478 3145 3518 veram
3179 3478 3370 3517 eorum

1797 3557 2295 3626 interpretationem
2356 3558 2597 3627 assequi,
2653 3564 2873 3626 propter
2921 3571 3103 3610 rerum
3174 3556 3373 3610 obscu-

1798 3648 2037 3713 ritatem,
2086 3651 2323 3719 spissum
2366 3665 2489 3706 esse
2517 3650 2711 3720 opinor
2762 3664 2827 3705 ac
2867 3662 3156 3718 operosum
3210 3661 3375 3716 nego-

1801 3740 1957 3796 tium.
1994 3740 2125 3797 Vide
2154 3758 2283 3813 ergo
2312 3759 2380 3797 an
2414 3758 2523 3797 non
2550 3742 2709 3814 quasi
2745 3743 2871 3797 caeci
2902 3750 2957 3797 et
2980 3740 3211 3795 mendici
3240 3754 3372 3809 ope—

1798 3833 2063 3898 rimenta,
2097 3834 2297 3903 quibus
2348 3833 2570 3889 indutus
2632 3845 2749 3889 erat
2780 3833 3120 3895 Bartima’us.
3175 3830 3376 3903 sigmﬁ.

1799 3936 2034 3980 cantur:
2067 3940 2189 3995 quae.
2218 3925 2436 3995 quidem
2475 3926 2703 3995 projecit
2736 3941 2936 3989 caecus,
2966 3939 3091 3978 cum
3123 3924 3239 3978 haec
3276 3936 3377 3976 au-

1799 4016 2004 4072 disset:
2039 4033 2057 4066 ι
2092 4014 2245 4069 Βοηο
2278 4016 2463 4069 animo
2489 4030 2569 4081 es,
2596 4024 2756 4069 vocat
2796 4024 2883 4082 te;
2924 4030 3106 4084 surge,
3137 4032 3157 4066 ι
3197 4024 3252 4067 et
3278 4012 3364 4066 ab-

1794 4108 1954 4179 jectis
1972 4107 2336 4162 mendicitatis
2359 4107 2685 4178 tegminibus
2710 4115 2765 4162 et
2791 4105 3145 4172 indumentis,
3172 4104 3376 4159 cxsiliit

1798 4208 1851 4255 et
1873 4200 2129 4264 surrexit,
2150 4208 2207 4253 ut
2222 4198 2288 4252 ad
2306 4197 2491 4252 Jesum
2511 4198 2823 4263 accederet;
2846 4206 2900 4252 ct
2924 4211 3048 4251 cum
3068 4195 3376 4265 responsio-

1798 4307 1920 4346 nem
1952 4289 2247 4360 precationi
2282 4304 2394 4344 suie
2420 4289 2600 4343 datam
2626 4286 2817 4344 fuisset
2859 4296 3205 4351 consecutus,
3237 4287 3377 4340 hanc

1796 4384 2005 4440 scilicet
2023 4383 2079 4433 ἐ
2111 4401 2129 4433 ι
2152 4380 2292 4447 Quid
2320 4380 2401 4435 vis
2421 4378 2657 4435 faciam?
2684 4398 2703 4431 ι
2731 4378 2941 4448 majora
2957 4378 3176 4448 quidem
3211 4378 3278 4432 iis
3300 4377 3374 4432 “:

1803 4493 1823 4527 ι
1850 4473 1956 4528 Fili
1992 4473 2183 4539 David,
2219 4472 2479 4526 miserere
2514 4471 2642 4534 mei,
2675 4490 2695 4523 ι
2740 4471 3058 4541 prolocutus
3102 4478 3188 4524 est
3216 4488 3230 4524 :
3261 4483 3379 4521 ma-

112 4594 199 4631 σε·
242 4596 262 4629 ι
293 4577 386 4630 καὶ
412 4578 440 4630 6
477 4575 573 4646 μὲν
606 4574 795 4647 Σωτὴρ
828 4568 981 4627 εἶπεν
1007 4570 1173 4643 αὐτῷ·
1210 4588 1227 4621 ι
1257 4571 1492 4638 Ὕπαγε·
1530 4587 1549 4620 ι
1583 4570 1611 4621 6
1640 4567 1695 4620 δὲ

1800 4567 1918 4638 jora
1969 4566 2114 4620 enim
2157 4579 2259 4619 eo:
2310 4582 2327 4614 ι
2360 4562 2463 4617 Fili
2496 4561 2684 4629 David,
2720 4583 2739 4616 ι
2803 4563 2988 4618 animo
3035 4570 3379 4619 commentus

110 4670 211 4726 τοῦ
255 4668 676 4741 προστάγματος
723 4666 915 4721 τούτου
957 4666 1203 4736 κρεῖττον
1249 4661 1569 4733 πεποίηκεν·
1632 4659 1695 4712 οὐ

1802 4664 1886 4713 est
1920 4656 2013 4727 qui
2048 4656 2126 4711 ait
2158 4655 2199 4687 “
2229 4675 2242 4709 :
2272 4673 2291 4706 ‹
2323 4652 2607 4723 Rabboni,
2642 4674 2661 4707 ι
2714 4664 2770 4710 et
2800 4654 2990 4728 gratiae
3032 4670 3097 4710 ac
3130 4653 3379 4710 beneﬁcii

1314 4799 1545 4858 VETUS
1576 4792 2159 4855 iNTERPRETA'l‘lO.

116 4953 299 5007 fuerat
320 4949 693 5005 circumdatus
718 4960 733 4999 :
760 4942 908 5025 quod
933 4940 1195 5025 abjic‘ieiis
1222 4936 1368 5017 venit
1391 4935 1457 5025 ad
1479 4934 1690 5017 Iesum,
1728 4930 2131 5025 etrdigniosiori
2160 4927 2607 5025 v‘oceronfessus
2644 4938 2730 4983 est
2749 4925 2981 5025 discitis“:
3074 4920 3374 5025 lRabb‘onila

118 4992 921 5092 ἰῆῖιήἲὸἔίἱιῖἐὶίἷιῖιῖἐίἀΐᾷξὴ
935 4992 1446 5092 Ϊῖςίἱιιὺθοιιίηγει
1477 4992 1708 5092 sicut‘
1738 4992 2032 5092 :Ii‘liiszdicit-
2057 5022 2069 5057 :
2110 5020 2128 5052 ι
2165 5000 2415 5082 Domine,
2452 5018 2470 5051 ι
2506 5013 2713 5069 quam:
2747 4997 2895 5092 ι⁸
2925 4995 3112 5092 David:
3142 5014 3190 5092 nam
3220 4992 3373 5092 Unde

116 5073 471 5149 iet—"Dominus
491 5097 712 5159 propter
745 5083 876 5139 illud
903 5082 1123 5154 quidem
1149 5082 1294 5151 quod
1318 5078 1456 5134 dixit
1485 5094 1498 5131 :
1539 5094 1558 5128 ι
1602 5073 1708 5129 Fili
1742 5073 1933 5139 David,
1962 5075 2225 5130 miserere
2244 5073 2369 5137 mei,
2415 5089 2437 5121 ι
2480 5085 2590 5125 non
2625 5073 2876 5139 praestitit
2903 5073 3193 5121 sanitatem
3216 5104 3233 5131 ,
3266 5078 3373 5118 nec

188 5256 211 5289 ⁷
245 5255 419 5312 Marc.
445 5268 503 5315 ι,
538 5250 628 5306 48.
701 5247 725 5280 ⁸
762 5245 893 5304 ibid.
916 5245 1009 5313 49,
1216 5243 1238 5274 ⁸
1277 5240 1409 5296 ibid.
1444 5239 1532 5295 51.
1610 5239 1655 5273 ⁸⁵
1693 5242 1695 5292 j

1800 5238 1826 5294 Ι.
1862 5238 1952 5293 48.
2030 5235 2072 5267 ¹¹
2113 5234 2246 5289 ibid.
2284 5234 2373 5289 51.

187 5397 333 5469 (δελ
348 5393 439 5460 τῷ
454 5464 464 5469 -
478 5388 783 5469 ἐὅιωιςαέφ
803 5386 916 5469 και.
930 5383 1291 5469 «meiere
1317 5378 1449 5469 περέ
1464 5376 1588 5469 τὴν
1608 5377 1695 5469 εἰς

131 5449 378 5537 viam
395 5449 621 5518 ἑτίστιν.
642 5449 870 5525 Hebion,
903 5458 1007 5511 hoc
1020 5449 1102 5510 est
1116 5462 1261 5542 plus:
1282 5471 1299 5501 ι
1322 5466 1550 5521 egenum
1574 5468 1593 5500 ›
1628 5449 1697 5502 si-

121 5564 362 5634 gniﬁcat:
394 5558 533 5634 cum
563 5564 746 5634 autem
769 5551 896 5634 circi
932 5548 1383 5634 himeudicantes
1404 5543 1692 5634 είζίιειῇιξιιιξῐι

124 5614 520 5692 iiiiEn'ibavia,
568 5627 677 5680 non
709 5623 803 5678 Dei
836 5619 1200 5692 appellarent;
1227 5616 1371 5692 quod
1404 5614 1575 5683 ipsius
1606 5614 1692 5666 di-

126 5686 314 5775 gnitati
345 5686 628 5775 detrahere
659 5686 991 5775 viderentur,
1035 5687 1267 5775 llebioni
1311 5686 1695 5775 ill-osucotnpa:

128 5755 346 5844 gratiqu‘i
372 5755 654 5844 mendicus
678 5776 731 5819 et
762 5765 877 5844 ipse
906 5761 1128 5844 nomine
1156 5768 1300 5844 erat,
1329 5766 1384 5844 et
1411 5755 1690 5844 ghristum

127 5823 346 5919 quode
372 5823 651 5900 e_Davidis
673 5823 879 5893 sem-inc
906 5843 1086 5889 ortum
1114 5828 1399 5886 sciscebat.
1429 5823 1692 5881 Hunnus.

1870 5375 1979 5447 (86)
2032 5372 2450 5447 Ἆναπηδήσᾳς
2477 5369 2624 5444 ἦλθε
2670 5372 2820 5447 πρὸς
2856 5370 2964 5447 τιξτ
2989 5367 3269 5447 Ἰησοῦν..
3296 5365 3375 5447 ita

1799 5438 2017 5503 codices
2068 5438 2336 5510 nonnulli,
2386 5438 2553 5498 Marc.
2601 5459 2654 5508 κ,
2688 5438 2776 5506 50,
2823 5450 2877 5496 et
2905 5439 3130 5511 Vulgata
3184 5438 3375 5503 editio,

1804 5537 1823 5570 ι
1855 5519 2133 5573 exsiliens.
2163 5536 2180 5567 ι
2204 5519 2272 5569 At
2290 5509 2450 5585 vulgo
2474 5514 2683 5585 legitur,
2701 5511 2957 5585 ἀναστάς,
2977 5509 3119 5580 quod
3136 5524 3379 5580 sequun-

1798 5600 1889 5643 tur
1937 5586 2129 5659 Syrus,
2184 5581 2994 5659 Ara_bs,'et_A'_Itliiops._Paulo
3023 5589 3146 5651 post
3196 5590 3375 5635 tamen

1798 5652 2080 5728 Origenes,
2102 5657 2403 5727 ἀνεπήδησε
2428 5656 2521 5709 καὶ
2544 5653 2762 5724 ἀνέστη.
2791 5652 2866 5709 ID.

1806 5750 1981 5893 pé(68)‘7)
2018 5749 2200 5805 Codex
2236 5748 2459 5820 Regius,
2485 5744 2911 5817 ἐπικαλύμματα
2936 5744 3029 5800 καὶ
3058 5743 3377 5816 περιϐόλαια

1938 5837 2052 5891 ητο.

1938 5837 2052 5891 τλτο-
