  <div class='ocr_page' id='page_1' title='image "/cluster/home/n/w/nwhite01/storage/ocr_20150623/13/hvd.32044019207646/739.png"; bbox 0 0 3962 6554; ppageno 0'>
   <div class='ocr_carea' id='block_1_1' title="bbox 584 411 725 468">
    <p class='ocr_par' dir='ltr' id='par_1_1' title="bbox 584 411 725 468">
     <span class='ocr_line' id='line_1_1' title="bbox 584 411 725 468; baseline 0.007 -1"><span class='ocrx_word' id='word_1_1' title='bbox 584 411 725 468; x_wconf 68' lang='lat'><strong>“15</strong></span> 
     </span>
    </p>
   </div>
   <div class='ocr_carea' id='block_1_2' title="bbox 2054 408 2381 468">
    <p class='ocr_par' dir='ltr' id='par_1_2' title="bbox 2054 408 2381 468">
     <span class='ocr_line' id='line_1_2' title="bbox 2054 408 2381 468; baseline 0.003 -2"><span class='ocrx_word' id='word_1_2' title='bbox 2054 408 2381 468; x_wconf 81' lang='lat' dir='ltr'><strong>ORIGENIS</strong></span> 
     </span>
    </p>
   </div>
   <div class='ocr_carea' id='block_1_3' title="bbox 3722 408 3829 464">
    <p class='ocr_par' dir='ltr' id='par_1_3' title="bbox 3722 408 3829 464">
     <span class='ocr_line' id='line_1_3' title="bbox 3722 408 3829 464; baseline 0.009 -1"><span class='ocrx_word' id='word_1_3' title='bbox 3722 408 3829 464; x_wconf 67' lang='lat' dir='ltr'><strong>uls</strong></span> 
     </span>
    </p>
   </div>
   <div class='ocr_carea' id='block_1_4' title="bbox 578 494 2159 609">
    <p class='ocr_par' dir='ltr' id='par_1_4' title="bbox 578 529 2158 603">
     <span class='ocr_line' id='line_1_4' title="bbox 578 529 2158 603; baseline -0.001 -16"><span class='ocrx_word' id='word_1_4' title='bbox 578 531 720 589; x_wconf 79' lang='lat' dir='ltr'><strong>form</strong></span> <span class='ocrx_word' id='word_1_5' title='bbox 733 548 820 587; x_wconf 89' lang='lat' dir='ltr'><strong>am</strong></span> <span class='ocrx_word' id='word_1_6' title='bbox 852 536 1138 603; x_wconf 75' lang='lat' dir='ltr'><strong>proposuit</strong></span> <span class='ocrx_word' id='word_1_7' title='bbox 1167 530 1354 586; x_wconf 89' lang='lat' dir='ltr'><strong>dicens</strong></span> <span class='ocrx_word' id='word_1_8' title='bbox 1378 532 1420 563; x_wconf 83' lang='grc'>¹¹</span> <span class='ocrx_word' id='word_1_9' title='bbox 1449 551 1460 586; x_wconf 90' lang='lat'><strong>:</strong></span> <span class='ocrx_word' id='word_1_10' title='bbox 1493 552 1511 583; x_wconf 72' lang='grc' dir='ltr'>ε</span> <span class='ocrx_word' id='word_1_11' title='bbox 1538 529 1607 587; x_wconf 90' lang='lat' dir='ltr'><strong>Ut</strong></span> <span class='ocrx_word' id='word_1_12' title='bbox 1637 531 1813 586; x_wconf 85' lang='lat' dir='ltr'><strong>visum</strong></span> <span class='ocrx_word' id='word_1_13' title='bbox 1846 532 2158 603; x_wconf 87' lang='lat' dir='ltr'><strong>recipiam.3</strong></span> 
     </span>
    </p>
   </div>
   <div class='ocr_carea' id='block_1_5' title="bbox 2262 494 3829 609">
    <p class='ocr_par' dir='ltr' id='par_1_5' title="bbox 2266 494 3829 609">
     <span class='ocr_line' id='line_1_5' title="bbox 2266 494 3829 609; baseline 0.005 -23"><span class='ocrx_word' id='word_1_14' title='bbox 2266 534 2377 606; x_wconf 81' lang='grc' dir='ltr'>γὰρ</span> <span class='ocrx_word' id='word_1_15' title='bbox 2433 494 2792 606; x_wconf 77' lang='grc' dir='ltr'>ἀπελήλυθεν,</span> <span class='ocrx_word' id='word_1_16' title='bbox 2841 534 2977 589; x_wconf 79' lang='grc' dir='ltr'>ἀλλὰ</span> <span class='ocrx_word' id='word_1_17' title='bbox 3027 535 3312 606; x_wconf 75' lang='grc' dir='ltr'>ἠκολούθει</span> <span class='ocrx_word' id='word_1_18' title='bbox 3358 537 3442 609; x_wconf 79' lang='grc' dir='ltr'>τῷ</span> <span class='ocrx_word' id='word_1_19' title='bbox 3491 535 3667 609; x_wconf 75' lang='grc' dir='ltr'>Ἰησοῦ</span> <span class='ocrx_word' id='word_1_20' title='bbox 3706 530 3757 583; x_wconf 75' lang='grc' dir='ltr'>ὲν</span> <span class='ocrx_word' id='word_1_21' title='bbox 3782 531 3829 602; x_wconf 68' lang='grc' dir='ltr'><strong>τι</strong></span> 
     </span>
    </p>
   </div>
   <div class='ocr_carea' id='block_1_6' title="bbox 578 623 2161 695">
    <p class='ocr_par' dir='ltr' id='par_1_6' title="bbox 578 623 2161 695">
     <span class='ocr_line' id='line_1_6' title="bbox 578 623 2161 695; baseline 0.001 -14"><span class='ocrx_word' id='word_1_22' title='bbox 578 625 688 682; x_wconf 82' lang='lat' dir='ltr'><strong>Nec</strong></span> <span class='ocrx_word' id='word_1_23' title='bbox 737 640 871 681; x_wconf 79' lang='lat' dir='ltr'><strong>vero</strong></span> <span class='ocrx_word' id='word_1_24' title='bbox 919 634 1143 695; x_wconf 76' lang='lat' dir='ltr'><strong>propter</strong></span> <span class='ocrx_word' id='word_1_25' title='bbox 1185 625 1316 679; x_wconf 84' lang='lat' dir='ltr'><strong>illud</strong></span> <span class='ocrx_word' id='word_1_26' title='bbox 1343 625 1422 679; x_wconf 77' lang='grc' dir='ltr'>¹³ε</span> <span class='ocrx_word' id='word_1_27' title='bbox 1457 643 1475 677; x_wconf 75' lang='grc' dir='ltr'>ι</span> <span class='ocrx_word' id='word_1_28' title='bbox 1503 624 1603 680; x_wconf 87' lang='lat' dir='ltr'><strong>Fili</strong></span> <span class='ocrx_word' id='word_1_29' title='bbox 1653 623 1845 692; x_wconf 83' lang='lat' dir='ltr'><strong>David,</strong></span> <span class='ocrx_word' id='word_1_30' title='bbox 1899 626 2161 682; x_wconf 82' lang='lat' dir='ltr'><strong>miserere</strong></span> 
     </span>
    </p>
   </div>
   <div class='ocr_carea' id='block_1_7' title="bbox 2268 624 3125 697">
    <p class='ocr_par' dir='ltr' id='par_1_7' title="bbox 2268 624 3125 697">
     <span class='ocr_line' id='line_1_7' title="bbox 2268 624 3125 697; baseline 0.002 -19"><span class='ocrx_word' id='word_1_31' title='bbox 2268 624 2395 697; x_wconf 82' lang='grc' dir='ltr'>ὁδῷ,</span> <span class='ocrx_word' id='word_1_32' title='bbox 2425 624 2550 678; x_wconf 70' lang='grc' dir='ltr'>ἐπεὶ</span> <span class='ocrx_word' id='word_1_33' title='bbox 2584 624 2790 689; x_wconf 82' lang='grc' dir='ltr'>εὐθέως</span> <span class='ocrx_word' id='word_1_34' title='bbox 2811 624 3125 696; x_wconf 74' lang='grc' dir='ltr'>ἀνέϐλεψεν.</span> 
     </span>
    </p>
   </div>
   <div class='ocr_carea' id='block_1_8' title="bbox 576 717 3827 792">
    <p class='ocr_par' dir='ltr' id='par_1_8' title="bbox 576 717 3827 792">
     <span class='ocr_line' id='line_1_8' title="bbox 576 717 3827 792; baseline 0.001 -17"><span class='ocrx_word' id='word_1_35' title='bbox 576 721 707 787; x_wconf 88' lang='lat' dir='ltr'><strong>mei,</strong></span> <span class='ocrx_word' id='word_1_36' title='bbox 754 738 775 772; x_wconf 99' lang='lat'><strong>3</strong></span> <span class='ocrx_word' id='word_1_37' title='bbox 821 718 1144 781; x_wconf 80' lang='lat' dir='ltr'><strong>beneﬁcium</strong></span> <span class='ocrx_word' id='word_1_38' title='bbox 1196 718 1409 774; x_wconf 73' lang='lat' dir='ltr'><strong>confert</strong></span> <span class='ocrx_word' id='word_1_39' title='bbox 1452 717 1778 790; x_wconf 87' lang='lat' dir='ltr'><strong>Sospitator,</strong></span> <span class='ocrx_word' id='word_1_40' title='bbox 1834 735 2013 791; x_wconf 87' lang='lat' dir='ltr'><strong>neque</strong></span> <span class='ocrx_word' id='word_1_41' title='bbox 2060 736 2184 776; x_wconf 90' lang='lat' dir='ltr'><strong>cum</strong></span> <span class='ocrx_word' id='word_1_42' title='bbox 2225 719 2596 777; x_wconf 81' lang='lat' dir='ltr'><strong>mendicitatis</strong></span> <span class='ocrx_word' id='word_1_43' title='bbox 2641 721 2808 791; x_wconf 87' lang='lat' dir='ltr'><strong>pallio</strong></span> <span class='ocrx_word' id='word_1_44' title='bbox 2849 720 3071 776; x_wconf 88' lang='lat' dir='ltr'><strong>indutus</strong></span> <span class='ocrx_word' id='word_1_45' title='bbox 3113 730 3264 786; x_wconf 87' lang='lat' dir='ltr'><strong>erat,</strong></span> <span class='ocrx_word' id='word_1_46' title='bbox 3310 736 3495 792; x_wconf 80' lang='lat' dir='ltr'><strong>neque</strong></span> <span class='ocrx_word' id='word_1_47' title='bbox 3546 738 3669 778; x_wconf 83' lang='lat' dir='ltr'><strong>cum</strong></span> <span class='ocrx_word' id='word_1_48' title='bbox 3708 735 3827 777; x_wconf 71' lang='lat' dir='ltr'><strong>secus</strong></span> 
     </span>
    </p>
   </div>
   <div class='ocr_carea' id='block_1_9' title="bbox 575 812 3826 884">
    <p class='ocr_par' dir='ltr' id='par_1_9' title="bbox 575 812 3826 884">
     <span class='ocr_line' id='line_1_9' title="bbox 575 812 3826 884; baseline 0.001 -17"><span class='ocrx_word' id='word_1_49' title='bbox 575 813 721 868; x_wconf 86' lang='lat' dir='ltr'><strong>viam</strong></span> <span class='ocrx_word' id='word_1_50' title='bbox 772 813 966 883; x_wconf 88' lang='lat' dir='ltr'><strong>stipem</strong></span> <span class='ocrx_word' id='word_1_51' title='bbox 1011 828 1209 883; x_wconf 82' lang='lat' dir='ltr'><strong>rogans</strong></span> <span class='ocrx_word' id='word_1_52' title='bbox 1253 812 1507 881; x_wconf 86' lang='lat' dir='ltr'><strong>sedebat;</strong></span> <span class='ocrx_word' id='word_1_53' title='bbox 1549 813 1641 869; x_wconf 89' lang='lat' dir='ltr'><strong>sed</strong></span> <span class='ocrx_word' id='word_1_54' title='bbox 1670 821 1894 884; x_wconf 89' lang='lat' dir='ltr'><strong>propter</strong></span> <span class='ocrx_word' id='word_1_55' title='bbox 1922 815 2053 869; x_wconf 91' lang='lat' dir='ltr'><strong>illud</strong></span> <span class='ocrx_word' id='word_1_56' title='bbox 2082 814 2155 870; x_wconf 62' lang='grc' dir='ltr'><em>ιιι</em></span> <span class='ocrx_word' id='word_1_57' title='bbox 2202 833 2221 867; x_wconf 76' lang='grc' dir='ltr'>ι</span> <span class='ocrx_word' id='word_1_58' title='bbox 2257 814 2528 882; x_wconf 80' lang='lat' dir='ltr'><strong>Rabboni,</strong></span> <span class='ocrx_word' id='word_1_59' title='bbox 2571 823 2632 869; x_wconf 90' lang='lat' dir='ltr'><strong>ut</strong></span> <span class='ocrx_word' id='word_1_60' title='bbox 2657 813 2895 879; x_wconf 87' lang='lat' dir='ltr'><strong>videam,</strong></span> <span class='ocrx_word' id='word_1_61' title='bbox 2927 833 2945 865; x_wconf 88' lang='lat'><strong>3</strong></span> <span class='ocrx_word' id='word_1_62' title='bbox 2991 813 3129 869; x_wconf 82' lang='lat' dir='ltr'><strong>dixit</strong></span> <span class='ocrx_word' id='word_1_63' title='bbox 3155 813 3205 868; x_wconf 91' lang='lat' dir='ltr'><strong>ei</strong></span> <span class='ocrx_word' id='word_1_64' title='bbox 3243 831 3257 867; x_wconf 90' lang='lat'><strong>:</strong></span> <span class='ocrx_word' id='word_1_65' title='bbox 3303 833 3323 866; x_wconf 77' lang='grc' dir='ltr'>ι</span> <span class='ocrx_word' id='word_1_66' title='bbox 3361 813 3552 883; x_wconf 75' lang='lat' dir='ltr'><strong>Vade,</strong></span> <span class='ocrx_word' id='word_1_67' title='bbox 3590 818 3714 872; x_wconf 76' lang='lat' dir='ltr'><strong>ﬁdes</strong></span> <span class='ocrx_word' id='word_1_68' title='bbox 3759 823 3826 869; x_wconf 75' lang='lat' dir='ltr'><strong>tu</strong></span> 
     </span>
    </p>
   </div>
   <div class='ocr_carea' id='block_1_10' title="bbox 575 907 3826 983">
    <p class='ocr_par' dir='ltr' id='par_1_10' title="bbox 575 907 3826 983">
     <span class='ocr_line' id='line_1_10' title="bbox 575 907 3826 983; baseline 0.001 -23"><span class='ocrx_word' id='word_1_69' title='bbox 575 915 629 961; x_wconf 89' lang='lat' dir='ltr'><strong>te</strong></span> <span class='ocrx_word' id='word_1_70' title='bbox 655 907 875 964; x_wconf 84' lang='lat' dir='ltr'><strong>salvum</strong></span> <span class='ocrx_word' id='word_1_71' title='bbox 910 907 1074 964; x_wconf 75' lang='lat' dir='ltr'><strong>fecit:</strong></span> <span class='ocrx_word' id='word_1_72' title='bbox 1111 926 1129 961; x_wconf 89' lang='lat'><strong>3</strong></span> <span class='ocrx_word' id='word_1_73' title='bbox 1153 917 1208 963; x_wconf 90' lang='lat' dir='ltr'><strong>et</strong></span> <span class='ocrx_word' id='word_1_74' title='bbox 1238 909 1314 963; x_wconf 86' lang='lat' dir='ltr'><strong>ait</strong></span> <span class='ocrx_word' id='word_1_75' title='bbox 1343 908 1561 979; x_wconf 88' lang='lat' dir='ltr'><strong>quidem</strong></span> <span class='ocrx_word' id='word_1_76' title='bbox 1598 910 1646 965; x_wconf 87' lang='lat' dir='ltr'><strong>ei</strong></span> <span class='ocrx_word' id='word_1_77' title='bbox 1671 909 1925 966; x_wconf 78' lang='lat' dir='ltr'><strong>Servator</strong></span> <span class='ocrx_word' id='word_1_78' title='bbox 1952 929 1966 966; x_wconf 91' lang='lat'><strong>:</strong></span> <span class='ocrx_word' id='word_1_79' title='bbox 1996 910 2157 983; x_wconf 80' lang='lat'><strong>735</strong></span> <span class='ocrx_word' id='word_1_80' title='bbox 2202 910 2417 977; x_wconf 66' lang='lat' dir='ltr'><strong>«Vade;</strong></span> <span class='ocrx_word' id='word_1_81' title='bbox 2451 930 2471 964; x_wconf 88' lang='lat'><strong>3</strong></span> <span class='ocrx_word' id='word_1_82' title='bbox 2545 918 2602 965; x_wconf 87' lang='lat' dir='ltr'><strong>at</strong></span> <span class='ocrx_word' id='word_1_83' title='bbox 2629 909 2721 964; x_wconf 90' lang='lat' dir='ltr'><strong>ille</strong></span> <span class='ocrx_word' id='word_1_84' title='bbox 2762 923 2829 964; x_wconf 91' lang='lat' dir='ltr'><strong>eo</strong></span> <span class='ocrx_word' id='word_1_85' title='bbox 2872 909 3129 965; x_wconf 89' lang='lat' dir='ltr'><strong>mandato</strong></span> <span class='ocrx_word' id='word_1_86' title='bbox 3161 909 3365 964; x_wconf 82' lang='lat' dir='ltr'><strong>melius</strong></span> <span class='ocrx_word' id='word_1_87' title='bbox 3402 908 3539 980; x_wconf 90' lang='lat' dir='ltr'><strong>quid</strong></span> <span class='ocrx_word' id='word_1_88' title='bbox 3578 910 3700 980; x_wconf 71' lang='lat' dir='ltr'><strong>egit,</strong></span> <span class='ocrx_word' id='word_1_89' title='bbox 3745 923 3826 962; x_wconf 77' lang='lat' dir='ltr'><strong>non</strong></span> 
     </span>
    </p>
   </div>
   <div class='ocr_carea' id='block_1_11' title="bbox 575 1001 2829 1079">
    <p class='ocr_par' dir='ltr' id='par_1_11' title="bbox 575 1001 2829 1079">
     <span class='ocr_line' id='line_1_11' title="bbox 575 1001 2829 1079; baseline 0.003 -24"><span class='ocrx_word' id='word_1_90' title='bbox 575 1001 724 1056; x_wconf 89' lang='lat' dir='ltr'><strong>enim</strong></span> <span class='ocrx_word' id='word_1_91' title='bbox 764 1003 919 1070; x_wconf 87' lang='lat' dir='ltr'><strong>abiit,</strong></span> <span class='ocrx_word' id='word_1_92' title='bbox 947 1003 1041 1058; x_wconf 89' lang='lat' dir='ltr'><strong>sed</strong></span> <span class='ocrx_word' id='word_1_93' title='bbox 1065 1001 1252 1058; x_wconf 84' lang='lat' dir='ltr'><strong>Jesum</strong></span> <span class='ocrx_word' id='word_1_94' title='bbox 1289 1004 1343 1058; x_wconf 91' lang='lat' dir='ltr'><strong>in</strong></span> <span class='ocrx_word' id='word_1_95' title='bbox 1371 1004 1566 1061; x_wconf 82' lang='lat' dir='ltr'><strong>itinere</strong></span> <span class='ocrx_word' id='word_1_96' title='bbox 1593 1016 1816 1063; x_wconf 88' lang='lat' dir='ltr'><strong>secutus</strong></span> <span class='ocrx_word' id='word_1_97' title='bbox 1842 1016 1947 1075; x_wconf 90' lang='lat' dir='ltr'><strong>est,</strong></span> <span class='ocrx_word' id='word_1_98' title='bbox 1978 1008 2163 1063; x_wconf 86' lang='lat' dir='ltr'><strong>statim</strong></span> <span class='ocrx_word' id='word_1_99' title='bbox 2204 1016 2369 1079; x_wconf 88' lang='lat' dir='ltr'><strong>atque</strong></span> <span class='ocrx_word' id='word_1_100' title='bbox 2397 1006 2576 1062; x_wconf 88' lang='lat' dir='ltr'><strong>visum</strong></span> <span class='ocrx_word' id='word_1_101' title='bbox 2602 1005 2829 1077; x_wconf 81' lang='lat' dir='ltr'><strong>recepit.</strong></span> 
     </span>
    </p>
   </div>
   <div class='ocr_carea' id='block_1_12' title="bbox 654 1097 2167 1170">
    <p class='ocr_par' dir='ltr' id='par_1_12' title="bbox 654 1097 2167 1170">
     <span class='ocr_line' id='line_1_12' title="bbox 654 1097 2167 1170; baseline 0.004 -18"><span class='ocrx_word' id='word_1_102' title='bbox 654 1098 744 1155; x_wconf 74' lang='grc'><strong>15.</strong></span> <span class='ocrx_word' id='word_1_103' title='bbox 780 1097 925 1166; x_wconf 84' lang='lat' dir='ltr'><strong>Quin</strong></span> <span class='ocrx_word' id='word_1_104' title='bbox 953 1107 1008 1155; x_wconf 92' lang='lat' dir='ltr'><strong>et</strong></span> <span class='ocrx_word' id='word_1_105' title='bbox 1045 1099 1201 1166; x_wconf 91' lang='lat' dir='ltr'><strong>illud,</strong></span> <span class='ocrx_word' id='word_1_106' title='bbox 1239 1099 1314 1154; x_wconf 87' lang='lat' dir='ltr'><strong>ita</strong></span> <span class='ocrx_word' id='word_1_107' title='bbox 1350 1110 1409 1154; x_wconf 94' lang='lat' dir='ltr'><strong>ut</strong></span> <span class='ocrx_word' id='word_1_108' title='bbox 1439 1109 1696 1156; x_wconf 85' lang='lat' dir='ltr'><strong>narratur</strong></span> <span class='ocrx_word' id='word_1_109' title='bbox 1731 1118 1761 1158; x_wconf 91' lang='lat' dir='ltr'><strong>a</strong></span> <span class='ocrx_word' id='word_1_110' title='bbox 1790 1101 1959 1170; x_wconf 90' lang='lat' dir='ltr'><strong>Luca,</strong></span> <span class='ocrx_word' id='word_1_111' title='bbox 1989 1103 2167 1159; x_wconf 90' lang='lat' dir='ltr'><strong>cousi-</strong></span> 
     </span>
    </p>
   </div>
   <div class='ocr_carea' id='block_1_13' title="bbox 584 1188 2159 1250">
    <p class='ocr_par' dir='ltr' id='par_1_13' title="bbox 584 1188 2159 1250">
     <span class='ocr_line' id='line_1_13' title="bbox 584 1188 2159 1250; baseline 0.003 -5"><span class='ocrx_word' id='word_1_112' title='bbox 584 1190 835 1245; x_wconf 91' lang='lat' dir='ltr'><strong>deremus</strong></span> <span class='ocrx_word' id='word_1_113' title='bbox 864 1207 877 1242; x_wconf 91' lang='lat'><strong>:</strong></span> <span class='ocrx_word' id='word_1_114' title='bbox 907 1191 988 1246; x_wconf 92' lang='lat' dir='ltr'><strong>sic</strong></span> <span class='ocrx_word' id='word_1_115' title='bbox 1014 1188 1144 1244; x_wconf 91' lang='lat' dir='ltr'><strong>illud</strong></span> <span class='ocrx_word' id='word_1_116' title='bbox 1169 1204 1228 1245; x_wconf 90' lang='lat' dir='ltr'><strong>se</strong></span> <span class='ocrx_word' id='word_1_117' title='bbox 1258 1189 1420 1245; x_wconf 88' lang='lat' dir='ltr'><strong>habet</strong></span> <span class='ocrx_word' id='word_1_118' title='bbox 1444 1191 1489 1222; x_wconf 83' lang='grc'><strong>¹⁵</strong></span> <span class='ocrx_word' id='word_1_119' title='bbox 1513 1208 1529 1247; x_wconf 89' lang='lat'><strong>:</strong></span> <span class='ocrx_word' id='word_1_120' title='bbox 1557 1209 1577 1242; x_wconf 73' lang='grc' dir='ltr'>ι</span> <span class='ocrx_word' id='word_1_121' title='bbox 1605 1191 1829 1249; x_wconf 84' lang='lat' dir='ltr'><strong>Factum</strong></span> <span class='ocrx_word' id='word_1_122' title='bbox 1863 1202 1947 1250; x_wconf 89' lang='lat' dir='ltr'><strong>est</strong></span> <span class='ocrx_word' id='word_1_123' title='bbox 1976 1202 2159 1250; x_wconf 89' lang='lat' dir='ltr'><strong>autem</strong></span> 
     </span>
    </p>
   </div>
   <div class='ocr_carea' id='block_1_14' title="bbox 584 1279 2165 1352">
    <p class='ocr_par' dir='ltr' id='par_1_14' title="bbox 584 1279 2165 1352">
     <span class='ocr_line' id='line_1_14' title="bbox 584 1279 2165 1352; baseline 0.004 -17"><span class='ocrx_word' id='word_1_124' title='bbox 584 1298 708 1336; x_wconf 90' lang='lat' dir='ltr'><strong>cum</strong></span> <span class='ocrx_word' id='word_1_125' title='bbox 745 1282 1206 1352; x_wconf 80' lang='lat' dir='ltr'><strong>appropinquaret</strong></span> <span class='ocrx_word' id='word_1_126' title='bbox 1246 1279 1484 1349; x_wconf 67' lang='lat' dir='ltr'><strong>Iericho,</strong></span> <span class='ocrx_word' id='word_1_127' title='bbox 1529 1298 1708 1339; x_wconf 83' lang='lat' dir='ltr'><strong>caecus</strong></span> <span class='ocrx_word' id='word_1_128' title='bbox 1752 1284 1973 1352; x_wconf 85' lang='lat' dir='ltr'><strong>quidam</strong></span> <span class='ocrx_word' id='word_1_129' title='bbox 2007 1285 2165 1342; x_wconf 89' lang='lat' dir='ltr'><strong>sede-</strong></span> 
     </span>
    </p>
   </div>
   <div class='ocr_carea' id='block_1_15' title="bbox 583 1372 2160 1447">
    <p class='ocr_par' dir='ltr' id='par_1_15' title="bbox 583 1372 2160 1447">
     <span class='ocr_line' id='line_1_15' title="bbox 583 1372 2160 1447; baseline 0.003 -19"><span class='ocrx_word' id='word_1_130' title='bbox 583 1376 677 1428; x_wconf 90' lang='lat' dir='ltr'><strong>bat</strong></span> <span class='ocrx_word' id='word_1_131' title='bbox 713 1390 870 1431; x_wconf 90' lang='lat' dir='ltr'><strong>secus</strong></span> <span class='ocrx_word' id='word_1_132' title='bbox 912 1374 1055 1428; x_wconf 88' lang='lat' dir='ltr'><strong>viam</strong></span> <span class='ocrx_word' id='word_1_133' title='bbox 1108 1372 1447 1437; x_wconf 87' lang='lat' dir='ltr'><strong>mendicans,</strong></span> <span class='ocrx_word' id='word_1_134' title='bbox 1478 1392 1499 1426; x_wconf 93' lang='lat'><strong>3</strong></span> <span class='ocrx_word' id='word_1_135' title='bbox 1544 1383 1599 1429; x_wconf 89' lang='lat' dir='ltr'><strong>et</strong></span> <span class='ocrx_word' id='word_1_136' title='bbox 1643 1384 1835 1430; x_wconf 68' lang='lat' dir='ltr'><strong>caetera</strong></span> <span class='ocrx_word' id='word_1_137' title='bbox 1879 1392 2053 1447; x_wconf 87' lang='lat' dir='ltr'><strong>usque</strong></span> <span class='ocrx_word' id='word_1_138' title='bbox 2093 1378 2160 1433; x_wconf 92' lang='lat' dir='ltr'><strong>ad</strong></span> 
     </span>
    </p>
   </div>
   <div class='ocr_carea' id='block_1_16' title="bbox 585 1461 2155 1532">
    <p class='ocr_par' dir='ltr' id='par_1_16' title="bbox 585 1461 2155 1532">
     <span class='ocr_line' id='line_1_16' title="bbox 585 1461 2155 1532; baseline -0.001 -13"><span class='ocrx_word' id='word_1_139' title='bbox 585 1464 677 1519; x_wconf 89' lang='lat' dir='ltr'><strong>id:</strong></span> <span class='ocrx_word' id='word_1_140' title='bbox 712 1483 730 1515; x_wconf 73' lang='grc' dir='ltr'>ι</span> <span class='ocrx_word' id='word_1_141' title='bbox 760 1462 824 1516; x_wconf 87' lang='grc' dir='ltr'><strong>Ει</strong></span> <span class='ocrx_word' id='word_1_142' title='bbox 854 1463 1035 1517; x_wconf 91' lang='lat' dir='ltr'><strong>omnis</strong></span> <span class='ocrx_word' id='word_1_143' title='bbox 1062 1462 1213 1532; x_wconf 87' lang='lat' dir='ltr'><strong>plebs</strong></span> <span class='ocrx_word' id='word_1_144' title='bbox 1265 1472 1325 1515; x_wconf 90' lang='lat' dir='ltr'><strong>ut</strong></span> <span class='ocrx_word' id='word_1_145' title='bbox 1350 1461 1503 1528; x_wconf 83' lang='lat' dir='ltr'><strong>vidit,</strong></span> <span class='ocrx_word' id='word_1_146' title='bbox 1538 1463 1686 1519; x_wconf 88' lang='lat' dir='ltr'><strong>dedit</strong></span> <span class='ocrx_word' id='word_1_147' title='bbox 1729 1465 1942 1520; x_wconf 87' lang='lat' dir='ltr'><strong>laudem</strong></span> <span class='ocrx_word' id='word_1_148' title='bbox 1974 1464 2103 1521; x_wconf 90' lang='lat' dir='ltr'><strong>Deo.</strong></span> <span class='ocrx_word' id='word_1_149' title='bbox 2136 1485 2155 1518; x_wconf 91' lang='lat'><strong>3</strong></span> 
     </span>
    </p>
   </div>
   <div class='ocr_carea' id='block_1_17' title="bbox 582 1554 2155 1627">
    <p class='ocr_par' dir='ltr' id='par_1_17' title="bbox 582 1554 2155 1627">
     <span class='ocr_line' id='line_1_17' title="bbox 582 1554 2155 1627; baseline 0.002 -16"><span class='ocrx_word' id='word_1_150' title='bbox 582 1558 662 1611; x_wconf 83' lang='lat' dir='ltr'><strong>Ac</strong></span> <span class='ocrx_word' id='word_1_151' title='bbox 697 1572 762 1611; x_wconf 89' lang='lat' dir='ltr'><strong>ea</strong></span> <span class='ocrx_word' id='word_1_152' title='bbox 799 1556 1017 1627; x_wconf 88' lang='lat' dir='ltr'><strong>quidem</strong></span> <span class='ocrx_word' id='word_1_153' title='bbox 1050 1570 1171 1625; x_wconf 77' lang='lat' dir='ltr'><strong>quae</strong></span> <span class='ocrx_word' id='word_1_154' title='bbox 1210 1569 1334 1608; x_wconf 90' lang='lat' dir='ltr'><strong>cum</strong></span> <span class='ocrx_word' id='word_1_155' title='bbox 1386 1554 1509 1610; x_wconf 86' lang='lat' dir='ltr'><strong>aliis</strong></span> <span class='ocrx_word' id='word_1_156' title='bbox 1550 1556 1597 1612; x_wconf 91' lang='lat' dir='ltr'><strong>ei</strong></span> <span class='ocrx_word' id='word_1_157' title='bbox 1642 1560 1955 1614; x_wconf 89' lang='lat' dir='ltr'><strong>communia</strong></span> <span class='ocrx_word' id='word_1_158' title='bbox 2006 1567 2155 1624; x_wconf 89' lang='lat' dir='ltr'><strong>sunt,</strong></span> 
     </span>
    </p>
   </div>
   <div class='ocr_carea' id='block_1_18' title="bbox 583 1648 2153 1722">
    <p class='ocr_par' dir='ltr' id='par_1_18' title="bbox 583 1648 2153 1722">
     <span class='ocr_line' id='line_1_18' title="bbox 583 1648 2153 1722; baseline 0.003 -19"><span class='ocrx_word' id='word_1_159' title='bbox 583 1649 844 1717; x_wconf 85' lang='lat' dir='ltr'><strong>quoniam</strong></span> <span class='ocrx_word' id='word_1_160' title='bbox 893 1657 1055 1720; x_wconf 86' lang='lat' dir='ltr'><strong>prout</strong></span> <span class='ocrx_word' id='word_1_161' title='bbox 1105 1648 1290 1703; x_wconf 91' lang='lat' dir='ltr'><strong>nobis-</strong></span> <span class='ocrx_word' id='word_1_162' title='bbox 1323 1650 1498 1705; x_wconf 88' lang='lat' dir='ltr'><strong>visum</strong></span> <span class='ocrx_word' id='word_1_163' title='bbox 1555 1649 1688 1716; x_wconf 85' lang='lat' dir='ltr'><strong>fuit,</strong></span> <span class='ocrx_word' id='word_1_164' title='bbox 1731 1652 2153 1722; x_wconf 80' lang='lat' dir='ltr'><strong>explicavimus,</strong></span> 
     </span>
    </p>
   </div>
   <div class='ocr_carea' id='block_1_19' title="bbox 582 1742 2156 1815">
    <p class='ocr_par' dir='ltr' id='par_1_19' title="bbox 582 1742 2156 1815">
     <span class='ocr_line' id='line_1_19' title="bbox 582 1742 2156 1815; baseline 0.001 -19"><span class='ocrx_word' id='word_1_165' title='bbox 582 1742 780 1797; x_wconf 88' lang='lat' dir='ltr'><strong>iterum</strong></span> <span class='ocrx_word' id='word_1_166' title='bbox 832 1756 937 1795; x_wconf 88' lang='lat' dir='ltr'><strong>non</strong></span> <span class='ocrx_word' id='word_1_167' title='bbox 978 1750 1319 1810; x_wconf 86' lang='lat' dir='ltr'><strong>repetemus;</strong></span> <span class='ocrx_word' id='word_1_168' title='bbox 1357 1760 1478 1812; x_wconf 79' lang='lat' dir='ltr'><strong>qua:</strong></span> <span class='ocrx_word' id='word_1_169' title='bbox 1514 1753 1693 1799; x_wconf 86' lang='lat' dir='ltr'><strong>autem</strong></span> <span class='ocrx_word' id='word_1_170' title='bbox 1739 1744 1804 1799; x_wconf 90' lang='lat' dir='ltr'><strong>ad</strong></span> <span class='ocrx_word' id='word_1_171' title='bbox 1837 1760 1950 1800; x_wconf 91' lang='lat' dir='ltr'><strong>rem</strong></span> <span class='ocrx_word' id='word_1_172' title='bbox 1984 1745 2156 1815; x_wconf 88' lang='lat' dir='ltr'><strong>perti-</strong></span> 
     </span>
    </p>
   </div>
   <div class='ocr_carea' id='block_1_20' title="bbox 2335 1096 3818 1174">
    <p class='ocr_par' dir='ltr' id='par_1_20' title="bbox 2335 1096 3818 1174">
     <span class='ocr_line' id='line_1_20' title="bbox 2335 1096 3818 1174; baseline -0.004 -17"><span class='ocrx_word' id='word_1_173' title='bbox 2335 1102 2566 1174; x_wconf 85' lang='grc' dir='ltr'>Ίδωμεν</span> <span class='ocrx_word' id='word_1_174' title='bbox 2596 1100 2654 1155; x_wconf 85' lang='grc' dir='ltr'>δὲ</span> <span class='ocrx_word' id='word_1_175' title='bbox 2684 1101 2780 1155; x_wconf 74' lang='grc' dir='ltr'><strong>καὶ</strong></span> <span class='ocrx_word' id='word_1_176' title='bbox 2803 1098 2866 1153; x_wconf 81' lang='grc' dir='ltr'><strong>τὸ</strong></span> <span class='ocrx_word' id='word_1_177' title='bbox 2903 1098 3001 1154; x_wconf 84' lang='grc' dir='ltr'>τοῦ</span> <span class='ocrx_word' id='word_1_178' title='bbox 3032 1099 3218 1154; x_wconf 77' lang='grc' dir='ltr'>Λουκᾶ</span> <span class='ocrx_word' id='word_1_179' title='bbox 3243 1097 3424 1163; x_wconf 78' lang='grc' dir='ltr'>οὕτως</span> <span class='ocrx_word' id='word_1_180' title='bbox 3456 1096 3605 1168; x_wconf 66' lang='grc' dir='ltr'>ἔχιδν’</span> <span class='ocrx_word' id='word_1_181' title='bbox 3641 1115 3661 1149; x_wconf 72' lang='grc' dir='ltr'>ι</span> <span class='ocrx_word' id='word_1_182' title='bbox 3701 1097 3818 1166; x_wconf 74' lang='grc' dir='ltr'>ἐγέ-</span> 
     </span>
    </p>
   </div>
   <div class='ocr_carea' id='block_1_21' title="bbox 2261 1188 3818 1263">
    <p class='ocr_par' dir='ltr' id='par_1_21' title="bbox 2261 1188 3818 1263">
     <span class='ocr_line' id='line_1_21' title="bbox 2261 1188 3818 1263; baseline -0.004 -14"><span class='ocrx_word' id='word_1_183' title='bbox 2261 1212 2384 1249; x_wconf 84' lang='grc' dir='ltr'>νετο</span> <span class='ocrx_word' id='word_1_184' title='bbox 2422 1194 2478 1248; x_wconf 80' lang='grc' dir='ltr'>δὲ</span> <span class='ocrx_word' id='word_1_185' title='bbox 2515 1192 2755 1263; x_wconf 73' lang='grc' dir='ltr'><strong>ἐγγίζειν</strong></span> <span class='ocrx_word' id='word_1_186' title='bbox 2786 1191 2949 1246; x_wconf 77' lang='grc' dir='ltr'>αὑτὸν</span> <span class='ocrx_word' id='word_1_187' title='bbox 2982 1192 3063 1255; x_wconf 70' lang='grc' dir='ltr'><strong>εἰς</strong></span> <span class='ocrx_word' id='word_1_188' title='bbox 3116 1189 3351 1263; x_wconf 85' lang='grc' dir='ltr'>Ἱεριχὼ,</span> <span class='ocrx_word' id='word_1_189' title='bbox 3397 1190 3500 1244; x_wconf 74' lang='grc' dir='ltr'><strong>καὶ</strong></span> <span class='ocrx_word' id='word_1_190' title='bbox 3536 1188 3725 1258; x_wconf 58' lang='lat' dir='ltr'><strong>mide</strong></span> <span class='ocrx_word' id='word_1_191' title='bbox 3756 1208 3818 1252; x_wconf 77' lang='grc' dir='ltr'><strong>τις</strong></span> 
     </span>
    </p>
   </div>
   <div class='ocr_carea' id='block_1_22' title="bbox 2263 1280 3820 1358">
    <p class='ocr_par' dir='ltr' id='par_1_22' title="bbox 2263 1280 3820 1358">
     <span class='ocr_line' id='line_1_22' title="bbox 2263 1280 3820 1358; baseline -0.004 -18"><span class='ocrx_word' id='word_1_192' title='bbox 2263 1286 2500 1358; x_wconf 77' lang='grc' dir='ltr'><strong>ἐκάθητο</strong></span> <span class='ocrx_word' id='word_1_193' title='bbox 2527 1285 2679 1358; x_wconf 75' lang='grc' dir='ltr'>παρὰ</span> <span class='ocrx_word' id='word_1_194' title='bbox 2713 1283 2812 1357; x_wconf 81' lang='grc' dir='ltr'>τὴν</span> <span class='ocrx_word' id='word_1_195' title='bbox 2846 1283 2963 1338; x_wconf 80' lang='grc' dir='ltr'>ὁδὸν</span> <span class='ocrx_word' id='word_1_196' title='bbox 2991 1283 3250 1349; x_wconf 83' lang='grc' dir='ltr'>ἐπαιτῶν,</span> <span class='ocrx_word' id='word_1_197' title='bbox 3290 1302 3312 1335; x_wconf 92' lang='lat'><strong>3</strong></span> <span class='ocrx_word' id='word_1_198' title='bbox 3347 1284 3446 1336; x_wconf 71' lang='grc' dir='ltr'><strong>καὶ</strong></span> <span class='ocrx_word' id='word_1_199' title='bbox 3476 1281 3550 1335; x_wconf 84' lang='grc' dir='ltr'>τὰ</span> <span class='ocrx_word' id='word_1_200' title='bbox 3580 1280 3718 1350; x_wconf 72' lang='grc' dir='ltr'>ἑξῆς,</span> <span class='ocrx_word' id='word_1_201' title='bbox 3740 1282 3820 1343; x_wconf 70' lang='grc' dir='ltr'><strong>ἕως</strong></span> 
     </span>
    </p>
   </div>
   <div class='ocr_carea' id='block_1_23' title="bbox 2261 1371 3816 1443">
    <p class='ocr_par' dir='ltr' id='par_1_23' title="bbox 2261 1371 3816 1443">
     <span class='ocr_line' id='line_1_23' title="bbox 2261 1371 3816 1443; baseline -0.005 -12"><span class='ocrx_word' id='word_1_202' title='bbox 2261 1377 2377 1431; x_wconf 81' lang='grc' dir='ltr'>τοῦ·</span> <span class='ocrx_word' id='word_1_203' title='bbox 2416 1396 2435 1429; x_wconf 72' lang='grc' dir='ltr'>ι</span> <span class='ocrx_word' id='word_1_204' title='bbox 2471 1378 2581 1431; x_wconf 80' lang='grc' dir='ltr'><strong>Καὶ</strong></span> <span class='ocrx_word' id='word_1_205' title='bbox 2610 1379 2719 1442; x_wconf 85' lang='grc' dir='ltr'>πᾶς</span> <span class='ocrx_word' id='word_1_206' title='bbox 2753 1379 2783 1430; x_wconf 98' lang='lat'><strong>6</strong></span> <span class='ocrx_word' id='word_1_207' title='bbox 2812 1376 2938 1440; x_wconf 77' lang='grc' dir='ltr'>λαὸς</span> <span class='ocrx_word' id='word_1_208' title='bbox 2966 1375 3090 1430; x_wconf 74' lang='grc' dir='ltr'>ἰδὼν</span> <span class='ocrx_word' id='word_1_209' title='bbox 3120 1375 3320 1429; x_wconf 77' lang='grc' dir='ltr'>ἔδωκεν</span> <span class='ocrx_word' id='word_1_210' title='bbox 3350 1371 3511 1428; x_wconf 79' lang='grc' dir='ltr'>αἶνον</span> <span class='ocrx_word' id='word_1_211' title='bbox 3553 1372 3631 1443; x_wconf 78' lang='grc' dir='ltr'>τῷ</span> <span class='ocrx_word' id='word_1_212' title='bbox 3654 1372 3770 1443; x_wconf 72' lang='grc' dir='ltr'>θεῷ.</span> <span class='ocrx_word' id='word_1_213' title='bbox 3800 1392 3816 1423; x_wconf 80' lang='grc' dir='ltr'>ι</span> 
     </span>
    </p>
   </div>
   <div class='ocr_carea' id='block_1_24' title="bbox 2262 1464 3817 1540">
    <p class='ocr_par' dir='ltr' id='par_1_24' title="bbox 2262 1464 3817 1540">
     <span class='ocr_line' id='line_1_24' title="bbox 2262 1464 3817 1540; baseline -0.007 -17"><span class='ocrx_word' id='word_1_214' title='bbox 2262 1469 2374 1524; x_wconf 76' lang='grc' dir='ltr'>Καὶ</span> <span class='ocrx_word' id='word_1_215' title='bbox 2413 1468 2603 1522; x_wconf 80' lang='grc' dir='ltr'>τούτου</span> <span class='ocrx_word' id='word_1_216' title='bbox 2638 1468 2695 1521; x_wconf 83' lang='grc' dir='ltr'>δὲ</span> <span class='ocrx_word' id='word_1_217' title='bbox 2727 1467 2797 1522; x_wconf 76' lang='grc' dir='ltr'>τὰ</span> <span class='ocrx_word' id='word_1_218' title='bbox 2839 1468 2935 1540; x_wconf 85' lang='grc' dir='ltr'><strong>μέν</strong></span> <span class='ocrx_word' id='word_1_219' title='bbox 2966 1466 3120 1521; x_wconf 85' lang='grc' dir='ltr'>κοινὰ</span> <span class='ocrx_word' id='word_1_220' title='bbox 3153 1466 3292 1538; x_wconf 81' lang='grc' dir='ltr'>πρὸς</span> <span class='ocrx_word' id='word_1_221' title='bbox 3329 1466 3465 1529; x_wconf 76' lang='grc' dir='ltr'>τοὺς</span> <span class='ocrx_word' id='word_1_222' title='bbox 3496 1464 3711 1526; x_wconf 58' lang='lat' dir='ltr'><strong>lamna;</strong></span> <span class='ocrx_word' id='word_1_223' title='bbox 3740 1464 3817 1533; x_wconf 55' lang='grc' dir='ltr'>ἢδη</span> 
     </span>
    </p>
   </div>
   <div class='ocr_carea' id='block_1_25' title="bbox 2260 1556 3820 1632">
    <p class='ocr_par' dir='ltr' id='par_1_25' title="bbox 2260 1556 3820 1632">
     <span class='ocr_line' id='line_1_25' title="bbox 2260 1556 3820 1632; baseline -0.005 -17"><span class='ocrx_word' id='word_1_224' title='bbox 2260 1561 2362 1632; x_wconf 83' lang='grc' dir='ltr'><strong>τῆς</strong></span> <span class='ocrx_word' id='word_1_225' title='bbox 2408 1561 2548 1614; x_wconf 86' lang='grc' dir='ltr'>κατὰ</span> <span class='ocrx_word' id='word_1_226' title='bbox 2599 1560 2660 1614; x_wconf 82' lang='grc' dir='ltr'><strong>τὸ</strong></span> <span class='ocrx_word' id='word_1_227' title='bbox 2703 1558 2871 1631; x_wconf 83' lang='grc' dir='ltr'>φανὲν</span> <span class='ocrx_word' id='word_1_228' title='bbox 2898 1561 3031 1630; x_wconf 80' lang='grc' dir='ltr'>ἡμῖν</span> <span class='ocrx_word' id='word_1_229' title='bbox 3059 1559 3367 1631; x_wconf 83' lang='grc' dir='ltr'><strong>διηγήσεως</strong></span> <span class='ocrx_word' id='word_1_230' title='bbox 3408 1557 3706 1627; x_wconf 72' lang='grc' dir='ltr'><strong>τετευχότα</strong></span> <span class='ocrx_word' id='word_1_231' title='bbox 3743 1556 3820 1608; x_wconf 73' lang='grc' dir='ltr'>οὐκ</span> 
     </span>
    </p>
   </div>
   <div class='ocr_carea' id='block_1_26' title="bbox 2261 1647 3820 1723">
    <p class='ocr_par' dir='ltr' id='par_1_26' title="bbox 2261 1647 3820 1723">
     <span class='ocr_line' id='line_1_26' title="bbox 2261 1647 3820 1723; baseline -0.003 -19"><span class='ocrx_word' id='word_1_232' title='bbox 2261 1650 2742 1723; x_wconf 64' lang='grc' dir='ltr'>ἐπαναληψόμεθω</span> <span class='ocrx_word' id='word_1_233' title='bbox 2762 1649 2834 1703; x_wconf 82' lang='grc' dir='ltr'>τὰ</span> <span class='ocrx_word' id='word_1_234' title='bbox 2854 1650 2912 1703; x_wconf 82' lang='grc' dir='ltr'>δὲ</span> <span class='ocrx_word' id='word_1_235' title='bbox 2934 1650 3122 1722; x_wconf 79' lang='grc' dir='ltr'>καίρια</span> <span class='ocrx_word' id='word_1_236' title='bbox 3144 1649 3236 1702; x_wconf 74' lang='grc' dir='ltr'><strong>καὶ</strong></span> <span class='ocrx_word' id='word_1_237' title='bbox 3260 1649 3367 1702; x_wconf 72' lang='grc' dir='ltr'>ἴδια</span> <span class='ocrx_word' id='word_1_238' title='bbox 3391 1648 3544 1703; x_wconf 80' lang='grc' dir='ltr'>κατὰ</span> <span class='ocrx_word' id='word_1_239' title='bbox 3558 1649 3620 1701; x_wconf 76' lang='grc' dir='ltr'>τὸ</span> <span class='ocrx_word' id='word_1_240' title='bbox 3637 1647 3820 1701; x_wconf 69' lang='grc' dir='ltr'>δυνατὸν</span> 
     </span>
    </p>
   </div>
   <div class='ocr_carea' id='block_1_27' title="bbox 2262 1740 3821 1815">
    <p class='ocr_par' dir='ltr' id='par_1_27' title="bbox 2262 1740 3821 1815">
     <span class='ocr_line' id='line_1_27' title="bbox 2262 1740 3821 1815; baseline -0.003 -19"><span class='ocrx_word' id='word_1_241' title='bbox 2262 1744 2392 1813; x_wconf 80' lang='grc' dir='ltr'>ἡμῖν</span> <span class='ocrx_word' id='word_1_242' title='bbox 2432 1743 2877 1815; x_wconf 79' lang='grc' dir='ltr'>παραστήσομεν.</span> <span class='ocrx_word' id='word_1_243' title='bbox 2916 1743 3028 1796; x_wconf 73' lang='grc' dir='ltr'><strong>Καὶ</strong></span> <span class='ocrx_word' id='word_1_244' title='bbox 3061 1740 3277 1814; x_wconf 75' lang='grc' dir='ltr'>πρῶτόν</span> <span class='ocrx_word' id='word_1_245' title='bbox 3306 1757 3372 1810; x_wconf 89' lang='grc' dir='ltr'><strong>γε</strong></span> <span class='ocrx_word' id='word_1_246' title='bbox 3403 1744 3735 1814; x_wconf 76' lang='grc' dir='ltr'>παρατήρει,</span> <span class='ocrx_word' id='word_1_247' title='bbox 3759 1740 3821 1792; x_wconf 76' lang='grc' dir='ltr'>ὅτι</span> 
     </span>
    </p>
   </div>
   <div class='ocr_carea' id='block_1_28' title="bbox 581 1831 2159 1909">
    <p class='ocr_par' dir='ltr' id='par_1_28' title="bbox 581 1836 2148 1909">
     <span class='ocr_line' id='line_1_28' title="bbox 581 1836 2148 1909; baseline 0.003 -19"><span class='ocrx_word' id='word_1_248' title='bbox 581 1844 745 1902; x_wconf 87' lang='lat' dir='ltr'><strong>nent,</strong></span> <span class='ocrx_word' id='word_1_249' title='bbox 785 1843 839 1890; x_wconf 90' lang='lat' dir='ltr'><strong>et</strong></span> <span class='ocrx_word' id='word_1_250' title='bbox 877 1836 1022 1890; x_wconf 89' lang='lat' dir='ltr'><strong>illius</strong></span> <span class='ocrx_word' id='word_1_251' title='bbox 1061 1838 1280 1907; x_wconf 87' lang='lat' dir='ltr'><strong>propria</strong></span> <span class='ocrx_word' id='word_1_252' title='bbox 1321 1847 1466 1903; x_wconf 90' lang='lat' dir='ltr'><strong>sunt,</strong></span> <span class='ocrx_word' id='word_1_253' title='bbox 1500 1854 1598 1908; x_wconf 90' lang='lat' dir='ltr'><strong>pro</strong></span> <span class='ocrx_word' id='word_1_254' title='bbox 1626 1838 1766 1893; x_wconf 83' lang='lat' dir='ltr'><strong>virili</strong></span> <span class='ocrx_word' id='word_1_255' title='bbox 1794 1853 2148 1909; x_wconf 79' lang='lat' dir='ltr'><strong>exponemus.</strong></span> 
     </span>
    </p>
   </div>
   <div class='ocr_carea' id='block_1_29' title="bbox 2262 1831 3821 1909">
    <p class='ocr_par' dir='ltr' id='par_1_29' title="bbox 2262 1831 3821 1906">
     <span class='ocr_line' id='line_1_29' title="bbox 2262 1831 3821 1906; baseline -0.003 -18"><span class='ocrx_word' id='word_1_256' title='bbox 2262 1834 2531 1900; x_wconf 86' lang='grc' dir='ltr'>Ματθαῖος</span> <span class='ocrx_word' id='word_1_257' title='bbox 2571 1834 2671 1905; x_wconf 82' lang='grc' dir='ltr'>μὲν</span> <span class='ocrx_word' id='word_1_258' title='bbox 2704 1835 2798 1889; x_wconf 78' lang='grc' dir='ltr'><strong>καὶ</strong></span> <span class='ocrx_word' id='word_1_259' title='bbox 2822 1835 3068 1906; x_wconf 86' lang='grc' dir='ltr'>Μάρκος,</span> <span class='ocrx_word' id='word_1_260' title='bbox 3101 1833 3549 1906; x_wconf 77' lang='grc' dir='ltr'><strong>ἐκπορευομένου</strong></span> <span class='ocrx_word' id='word_1_261' title='bbox 3582 1833 3714 1905; x_wconf 71' lang='grc' dir='ltr'>μετὰ</span> <span class='ocrx_word' id='word_1_262' title='bbox 3739 1831 3821 1884; x_wconf 68' lang='grc' dir='ltr'><strong>τῶν</strong></span> 
     </span>
    </p>
   </div>
   <div class='ocr_carea' id='block_1_30' title="bbox 580 1927 2153 2002">
    <p class='ocr_par' dir='ltr' id='par_1_30' title="bbox 580 1927 2153 2002">
     <span class='ocr_line' id='line_1_30' title="bbox 580 1927 2153 2002; baseline 0.004 -19"><span class='ocrx_word' id='word_1_263' title='bbox 580 1927 637 1985; x_wconf 90' lang='lat' dir='ltr'><strong>ld</strong></span> <span class='ocrx_word' id='word_1_264' title='bbox 684 1929 920 1999; x_wconf 89' lang='lat' dir='ltr'><strong>primum</strong></span> <span class='ocrx_word' id='word_1_265' title='bbox 971 1930 1200 1985; x_wconf 87' lang='lat' dir='ltr'><strong>observa</strong></span> <span class='ocrx_word' id='word_1_266' title='bbox 1260 1932 1546 2002; x_wconf 87' lang='lat' dir='ltr'><strong>scripsisse</strong></span> <span class='ocrx_word' id='word_1_267' title='bbox 1569 1929 1880 1988; x_wconf 69' lang='lat' dir='ltr'><strong>Matthaaum</strong></span> <span class='ocrx_word' id='word_1_268' title='bbox 1931 1942 1987 1989; x_wconf 86' lang='lat' dir='ltr'><strong>et</strong></span> <span class='ocrx_word' id='word_1_269' title='bbox 2012 1932 2153 1989; x_wconf 83' lang='lat' dir='ltr'><strong>Mar-</strong></span> 
     </span>
    </p>
   </div>
   <div class='ocr_carea' id='block_1_31' title="bbox 580 2023 2153 2096">
    <p class='ocr_par' dir='ltr' id='par_1_31' title="bbox 580 2023 2153 2096">
     <span class='ocr_line' id='line_1_31' title="bbox 580 2023 2153 2096; baseline 0.003 -19"><span class='ocrx_word' id='word_1_270' title='bbox 580 2039 727 2089; x_wconf 87' lang='lat' dir='ltr'><strong>cum,</strong></span> <span class='ocrx_word' id='word_1_271' title='bbox 783 2023 909 2078; x_wconf 65' lang='lat' dir='ltr'><strong>caaci</strong></span> <span class='ocrx_word' id='word_1_272' title='bbox 957 2040 1294 2081; x_wconf 86' lang='lat' dir='ltr'><strong>caecorumve</strong></span> <span class='ocrx_word' id='word_1_273' title='bbox 1343 2024 1628 2079; x_wconf 86' lang='lat' dir='ltr'><strong>historiam</strong></span> <span class='ocrx_word' id='word_1_274' title='bbox 1681 2025 1996 2096; x_wconf 77' lang='lat' dir='ltr'><strong>contigisse,</strong></span> <span class='ocrx_word' id='word_1_275' title='bbox 2027 2040 2153 2081; x_wconf 90' lang='lat' dir='ltr'><strong>cum</strong></span> 
     </span>
    </p>
   </div>
   <div class='ocr_carea' id='block_1_32' title="bbox 579 2116 2159 2188">
    <p class='ocr_par' dir='ltr' id='par_1_32' title="bbox 579 2116 2159 2188">
     <span class='ocr_line' id='line_1_32' title="bbox 579 2116 2159 2188; baseline 0.004 -19"><span class='ocrx_word' id='word_1_276' title='bbox 579 2116 863 2188; x_wconf 85' lang='lat' dir='ltr'><strong>discipulis</strong></span> <span class='ocrx_word' id='word_1_277' title='bbox 893 2119 1184 2174; x_wconf 85' lang='lat' dir='ltr'><strong>comitatus</strong></span> <span class='ocrx_word' id='word_1_278' title='bbox 1211 2117 1528 2172; x_wconf 86' lang='lat' dir='ltr'><strong>Jerichunte</strong></span> <span class='ocrx_word' id='word_1_279' title='bbox 1551 2116 1712 2173; x_wconf 83' lang='lat' dir='ltr'><strong>Jesus</strong></span> <span class='ocrx_word' id='word_1_280' title='bbox 1745 2121 1951 2186; x_wconf 85' lang='lat' dir='ltr'><strong>exiret;</strong></span> <span class='ocrx_word' id='word_1_281' title='bbox 1981 2118 2159 2175; x_wconf 89' lang='lat' dir='ltr'><strong>Lucas</strong></span> 
     </span>
    </p>
   </div>
   <div class='ocr_carea' id='block_1_33' title="bbox 581 2208 2162 2282">
    <p class='ocr_par' dir='ltr' id='par_1_33' title="bbox 581 2208 2162 2282">
     <span class='ocr_line' id='line_1_33' title="bbox 581 2208 2162 2282; baseline 0.002 -19"><span class='ocrx_word' id='word_1_282' title='bbox 581 2217 760 2263; x_wconf 83' lang='lat' dir='ltr'><strong>autem</strong></span> <span class='ocrx_word' id='word_1_283' title='bbox 798 2211 911 2264; x_wconf 86' lang='lat' dir='ltr'><strong>ait:</strong></span> <span class='ocrx_word' id='word_1_284' title='bbox 942 2228 959 2261; x_wconf 74' lang='grc' dir='ltr'>ι</span> <span class='ocrx_word' id='word_1_285' title='bbox 991 2208 1216 2264; x_wconf 86' lang='lat' dir='ltr'><strong>Factum</strong></span> <span class='ocrx_word' id='word_1_286' title='bbox 1257 2218 1340 2262; x_wconf 90' lang='lat' dir='ltr'><strong>est</strong></span> <span class='ocrx_word' id='word_1_287' title='bbox 1380 2216 1561 2262; x_wconf 90' lang='lat' dir='ltr'><strong>autem</strong></span> <span class='ocrx_word' id='word_1_288' title='bbox 1603 2226 1727 2264; x_wconf 90' lang='lat' dir='ltr'><strong>cum</strong></span> <span class='ocrx_word' id='word_1_289' title='bbox 1760 2211 2162 2282; x_wconf 82' lang='lat' dir='ltr'><strong>apprOpinqua-</strong></span> 
     </span>
    </p>
   </div>
   <div class='ocr_carea' id='block_1_34' title="bbox 582 2296 2159 2370">
    <p class='ocr_par' dir='ltr' id='par_1_34' title="bbox 582 2296 2159 2370">
     <span class='ocr_line' id='line_1_34' title="bbox 582 2296 2159 2370; baseline 0.002 -17"><span class='ocrx_word' id='word_1_290' title='bbox 582 2308 664 2355; x_wconf 82' lang='lat' dir='ltr'><strong>rct</strong></span> <span class='ocrx_word' id='word_1_291' title='bbox 699 2298 937 2354; x_wconf 81' lang='lat' dir='ltr'><strong>Jericlio.</strong></span> <span class='ocrx_word' id='word_1_292' title='bbox 974 2318 992 2351; x_wconf 90' lang='lat'><strong>3</strong></span> <span class='ocrx_word' id='word_1_293' title='bbox 1036 2298 1198 2354; x_wconf 81' lang='lat' dir='ltr'><strong>Juxta</strong></span> <span class='ocrx_word' id='word_1_294' title='bbox 1236 2296 1440 2352; x_wconf 86' lang='lat' dir='ltr'><strong>Lucam</strong></span> <span class='ocrx_word' id='word_1_295' title='bbox 1484 2315 1615 2370; x_wconf 80' lang='lat' dir='ltr'><strong>ergo</strong></span> <span class='ocrx_word' id='word_1_296' title='bbox 1646 2299 2015 2356; x_wconf 79' lang='lat' dir='ltr'><strong>Jerichuutem</strong></span> <span class='ocrx_word' id='word_1_297' title='bbox 2072 2301 2159 2355; x_wconf 83' lang='lat' dir='ltr'><strong>in-</strong></span> 
     </span>
    </p>
   </div>
   <div class='ocr_carea' id='block_1_35' title="bbox 580 2391 2158 2461">
    <p class='ocr_par' dir='ltr' id='par_1_35' title="bbox 580 2391 2158 2461">
     <span class='ocr_line' id='line_1_35' title="bbox 580 2391 2158 2461; baseline 0.004 -20"><span class='ocrx_word' id='word_1_298' title='bbox 580 2405 911 2459; x_wconf 75' lang='lat' dir='ltr'><strong>gressurus,</strong></span> <span class='ocrx_word' id='word_1_299' title='bbox 980 2399 1266 2460; x_wconf 86' lang='lat' dir='ltr'><strong>postquam</strong></span> <span class='ocrx_word' id='word_1_300' title='bbox 1325 2392 1390 2446; x_wconf 90' lang='lat' dir='ltr'><strong>ad</strong></span> <span class='ocrx_word' id='word_1_301' title='bbox 1444 2406 1562 2445; x_wconf 90' lang='lat' dir='ltr'><strong>eam</strong></span> <span class='ocrx_word' id='word_1_302' title='bbox 1622 2391 1846 2461; x_wconf 90' lang='lat' dir='ltr'><strong>propius</strong></span> <span class='ocrx_word' id='word_1_303' title='bbox 1901 2393 2158 2459; x_wconf 82' lang='lat' dir='ltr'><strong>accessit,</strong></span> 
     </span>
    </p>
   </div>
   <div class='ocr_carea' id='block_1_36' title="bbox 582 2480 2159 2554">
    <p class='ocr_par' dir='ltr' id='par_1_36' title="bbox 582 2480 2159 2554">
     <span class='ocr_line' id='line_1_36' title="bbox 582 2480 2159 2554; baseline 0.002 -19"><span class='ocrx_word' id='word_1_304' title='bbox 582 2480 710 2535; x_wconf 60' lang='lat' dir='ltr'><strong>caici</strong></span> <span class='ocrx_word' id='word_1_305' title='bbox 740 2481 1084 2535; x_wconf 83' lang='lat' dir='ltr'><strong>sanationem</strong></span> <span class='ocrx_word' id='word_1_306' title='bbox 1120 2482 1548 2537; x_wconf 84' lang='lat' dir='ltr'><strong>administravit.</strong></span> <span class='ocrx_word' id='word_1_307' title='bbox 1591 2481 1837 2552; x_wconf 83' lang='lat' dir='ltr'><strong>Etjuxta</strong></span> <span class='ocrx_word' id='word_1_308' title='bbox 1872 2485 2159 2554; x_wconf 86' lang='lat' dir='ltr'><strong>mysticum</strong></span> 
     </span>
    </p>
   </div>
   <div class='ocr_carea' id='block_1_37' title="bbox 581 2567 2165 2642">
    <p class='ocr_par' dir='ltr' id='par_1_37' title="bbox 581 2567 2165 2642">
     <span class='ocr_line' id='line_1_37' title="bbox 581 2567 2165 2642; baseline 0.005 -22"><span class='ocrx_word' id='word_1_309' title='bbox 581 2582 716 2621; x_wconf 82' lang='lat' dir='ltr'><strong>sane</strong></span> <span class='ocrx_word' id='word_1_310' title='bbox 761 2583 983 2622; x_wconf 88' lang='lat' dir='ltr'><strong>sensum</strong></span> <span class='ocrx_word' id='word_1_311' title='bbox 1038 2567 1237 2623; x_wconf 81' lang='lat' dir='ltr'><strong>dixerit</strong></span> <span class='ocrx_word' id='word_1_312' title='bbox 1289 2569 1491 2640; x_wconf 88' lang='lat' dir='ltr'><strong>aliquis</strong></span> <span class='ocrx_word' id='word_1_313' title='bbox 1546 2571 1699 2640; x_wconf 87' lang='lat' dir='ltr'><strong>prius</strong></span> <span class='ocrx_word' id='word_1_314' title='bbox 1748 2586 1870 2627; x_wconf 91' lang='lat' dir='ltr'><strong>esse</strong></span> <span class='ocrx_word' id='word_1_315' title='bbox 1898 2573 2046 2642; x_wconf 91' lang='lat' dir='ltr'><strong>quod</strong></span> <span class='ocrx_word' id='word_1_316' title='bbox 2089 2574 2165 2628; x_wconf 89' lang='lat' dir='ltr'><strong>ait</strong></span> 
     </span>
    </p>
   </div>
   <div class='ocr_carea' id='block_1_38' title="bbox 580 2652 2163 2732">
    <p class='ocr_par' dir='ltr' id='par_1_38' title="bbox 580 2652 2163 2732">
     <span class='ocr_line' id='line_1_38' title="bbox 580 2652 2163 2732; baseline 0.004 -21"><span class='ocrx_word' id='word_1_317' title='bbox 580 2652 781 2721; x_wconf 79' lang='lat' dir='ltr'><strong>Lucas,</strong></span> <span class='ocrx_word' id='word_1_318' title='bbox 810 2656 1110 2712; x_wconf 89' lang='lat' dir='ltr'><strong>secundum</strong></span> <span class='ocrx_word' id='word_1_319' title='bbox 1155 2658 1300 2729; x_wconf 90' lang='lat' dir='ltr'><strong>quod</strong></span> <span class='ocrx_word' id='word_1_320' title='bbox 1328 2657 1564 2723; x_wconf 84' lang='lat' dir='ltr'><strong>Marcus,</strong></span> <span class='ocrx_word' id='word_1_321' title='bbox 1594 2660 1814 2715; x_wconf 91' lang='lat' dir='ltr'><strong>tertium</strong></span> <span class='ocrx_word' id='word_1_322' title='bbox 1846 2661 1992 2732; x_wconf 86' lang='lat' dir='ltr'><strong>quod</strong></span> <span class='ocrx_word' id='word_1_323' title='bbox 2025 2661 2163 2718; x_wconf 84' lang='lat' dir='ltr'><strong>Mat-</strong></span> 
     </span>
    </p>
   </div>
   <div class='ocr_carea' id='block_1_39' title="bbox 581 2747 2162 2817">
    <p class='ocr_par' dir='ltr' id='par_1_39' title="bbox 581 2747 2162 2817">
     <span class='ocr_line' id='line_1_39' title="bbox 581 2747 2162 2817; baseline 0.005 -15"><span class='ocrx_word' id='word_1_324' title='bbox 581 2748 756 2802; x_wconf 73' lang='lat' dir='ltr'><strong>thaaus</strong></span> <span class='ocrx_word' id='word_1_325' title='bbox 790 2766 803 2802; x_wconf 91' lang='lat'><strong>:</strong></span> <span class='ocrx_word' id='word_1_326' title='bbox 842 2747 1081 2817; x_wconf 88' lang='lat' dir='ltr'><strong>primum</strong></span> <span class='ocrx_word' id='word_1_327' title='bbox 1112 2749 1258 2803; x_wconf 91' lang='lat' dir='ltr'><strong>enim</strong></span> <span class='ocrx_word' id='word_1_328' title='bbox 1290 2750 1356 2804; x_wconf 89' lang='lat' dir='ltr'><strong>ad</strong></span> <span class='ocrx_word' id='word_1_329' title='bbox 1382 2748 1757 2807; x_wconf 84' lang='lat' dir='ltr'><strong>Jerichuntem</strong></span> <span class='ocrx_word' id='word_1_330' title='bbox 1796 2754 2162 2810; x_wconf 89' lang='lat' dir='ltr'><strong>accedendum</strong></span> 
     </span>
    </p>
   </div>
   <div class='ocr_carea' id='block_1_40' title="bbox 462 2842 2164 2914">
    <p class='ocr_par' dir='ltr' id='par_1_40' title="bbox 462 2842 2164 2914">
     <span class='ocr_line' id='line_1_40' title="bbox 462 2842 2164 2914; baseline 0.006 -19"><span class='ocrx_word' id='word_1_331' title='bbox 462 2870 473 2876; x_wconf 62' lang='grc' dir='ltr'><strong>τ</strong></span> <span class='ocrx_word' id='word_1_332' title='bbox 580 2848 685 2908; x_wconf 88' lang='lat' dir='ltr'><strong>est,</strong></span> <span class='ocrx_word' id='word_1_333' title='bbox 720 2849 773 2897; x_wconf 91' lang='lat' dir='ltr'><strong>et</strong></span> <span class='ocrx_word' id='word_1_334' title='bbox 815 2857 933 2896; x_wconf 83' lang='lat' dir='ltr'><strong>eam</strong></span> <span class='ocrx_word' id='word_1_335' title='bbox 976 2842 1323 2912; x_wconf 86' lang='lat' dir='ltr'><strong>postmodum</strong></span> <span class='ocrx_word' id='word_1_336' title='bbox 1378 2844 1813 2914; x_wconf 78' lang='lat' dir='ltr'><strong>ingrediendum,</strong></span> <span class='ocrx_word' id='word_1_337' title='bbox 1847 2862 1912 2903; x_wconf 90' lang='lat' dir='ltr'><strong>ac</strong></span> <span class='ocrx_word' id='word_1_338' title='bbox 1957 2863 2021 2904; x_wconf 89' lang='lat' dir='ltr'><strong>ea</strong></span> <span class='ocrx_word' id='word_1_339' title='bbox 2066 2850 2164 2905; x_wconf 91' lang='lat' dir='ltr'><strong>de-</strong></span> 
     </span>
    </p>
   </div>
   <div class='ocr_carea' id='block_1_41' title="bbox 585 2932 2165 3004">
    <p class='ocr_par' dir='ltr' id='par_1_41' title="bbox 585 2932 2165 3004">
     <span class='ocr_line' id='line_1_41' title="bbox 585 2932 2165 3004; baseline 0.006 -18"><span class='ocrx_word' id='word_1_340' title='bbox 585 2948 731 2986; x_wconf 89' lang='lat' dir='ltr'><strong>mum</strong></span> <span class='ocrx_word' id='word_1_341' title='bbox 763 2934 1093 2987; x_wconf 85' lang='lat' dir='ltr'><strong>exeundum.</strong></span> <span class='ocrx_word' id='word_1_342' title='bbox 1146 2932 1203 2986; x_wconf 87' lang='lat' dir='ltr'><strong>Id</strong></span> <span class='ocrx_word' id='word_1_343' title='bbox 1247 2934 1431 3004; x_wconf 86' lang='lat' dir='ltr'><strong>itaque</strong></span> <span class='ocrx_word' id='word_1_344' title='bbox 1471 2937 1606 2992; x_wconf 87' lang='lat' dir='ltr'><strong>dixit</strong></span> <span class='ocrx_word' id='word_1_345' title='bbox 1648 2935 1860 2994; x_wconf 87' lang='lat' dir='ltr'><strong>Lucas:</strong></span> <span class='ocrx_word' id='word_1_346' title='bbox 1892 2958 1910 2992; x_wconf 81' lang='grc' dir='ltr'>ι</span> <span class='ocrx_word' id='word_1_347' title='bbox 1941 2939 2165 2996; x_wconf 84' lang='lat' dir='ltr'><strong>Factum</strong></span> 
     </span>
    </p>
   </div>
   <div class='ocr_carea' id='block_1_42' title="bbox 558 3027 2169 3097">
    <p class='ocr_par' dir='ltr' id='par_1_42' title="bbox 558 3027 2169 3097">
     <span class='ocr_line' id='line_1_42' title="bbox 558 3027 2169 3097; baseline 0.006 -18"><span class='ocrx_word' id='word_1_348' title='bbox 558 3034 666 3080; x_wconf 76' lang='lat' dir='ltr'><strong>est</strong></span> <span class='ocrx_word' id='word_1_349' title='bbox 723 3040 847 3080; x_wconf 91' lang='lat' dir='ltr'><strong>cum</strong></span> <span class='ocrx_word' id='word_1_350' title='bbox 908 3027 1371 3096; x_wconf 83' lang='lat' dir='ltr'><strong>apprOpinquaret</strong></span> <span class='ocrx_word' id='word_1_351' title='bbox 1419 3028 1671 3097; x_wconf 83' lang='lat' dir='ltr'><strong>Jericho;</strong></span> <span class='ocrx_word' id='word_1_352' title='bbox 1715 3050 1734 3084; x_wconf 92' lang='lat'><strong>3</strong></span> <span class='ocrx_word' id='word_1_353' title='bbox 1800 3032 2015 3089; x_wconf 85' lang='lat' dir='ltr'><strong>Marcus</strong></span> <span class='ocrx_word' id='word_1_354' title='bbox 2068 3050 2169 3088; x_wconf 87' lang='lat' dir='ltr'><strong>au-</strong></span> 
     </span>
    </p>
   </div>
   <div class='ocr_carea' id='block_1_43' title="bbox 583 3116 2152 3191">
    <p class='ocr_par' dir='ltr' id='par_1_43' title="bbox 583 3116 2152 3191">
     <span class='ocr_line' id='line_1_43' title="bbox 583 3116 2152 3191; baseline 0.003 -21"><span class='ocrx_word' id='word_1_355' title='bbox 583 3128 689 3171; x_wconf 84' lang='lat' dir='ltr'><strong>tem</strong></span> <span class='ocrx_word' id='word_1_356' title='bbox 714 3118 756 3149; x_wconf 78' lang='lat'>&quot;</span> <span class='ocrx_word' id='word_1_357' title='bbox 782 3134 795 3170; x_wconf 92' lang='lat'><strong>:</strong></span> <span class='ocrx_word' id='word_1_358' title='bbox 828 3136 845 3167; x_wconf 74' lang='grc' dir='ltr'>ι</span> <span class='ocrx_word' id='word_1_359' title='bbox 879 3116 943 3172; x_wconf 83' lang='grc' dir='ltr'><strong>Ει</strong></span> <span class='ocrx_word' id='word_1_360' title='bbox 972 3120 1116 3173; x_wconf 83' lang='lat' dir='ltr'><strong>venit</strong></span> <span class='ocrx_word' id='word_1_361' title='bbox 1142 3119 1380 3184; x_wconf 72' lang='lat' dir='ltr'><strong>Jericlio,</strong></span> <span class='ocrx_word' id='word_1_362' title='bbox 1406 3131 1458 3175; x_wconf 90' lang='lat' dir='ltr'><strong>et</strong></span> <span class='ocrx_word' id='word_1_363' title='bbox 1484 3121 1865 3191; x_wconf 80' lang='lat' dir='ltr'><strong>proﬁciscente</strong></span> <span class='ocrx_word' id='word_1_364' title='bbox 1880 3139 1944 3179; x_wconf 88' lang='lat' dir='ltr'><strong>eo</strong></span> <span class='ocrx_word' id='word_1_365' title='bbox 1962 3121 2107 3178; x_wconf 75' lang='lat' dir='ltr'><strong>Inde:</strong></span> <span class='ocrx_word' id='word_1_366' title='bbox 2130 3139 2152 3175; x_wconf 89' lang='lat'><strong>3</strong></span> 
     </span>
    </p>
   </div>
   <div class='ocr_carea' id='block_1_44' title="bbox 581 3189 2230 3284">
    <p class='ocr_par' dir='ltr' id='par_1_44' title="bbox 581 3189 2230 3284">
     <span class='ocr_line' id='line_1_44' title="bbox 581 3189 2230 3284; baseline 0.005 -23"><span class='ocrx_word' id='word_1_367' title='bbox 581 3207 872 3264; x_wconf 71' lang='lat' dir='ltr'><strong>Matthaaus</strong></span> <span class='ocrx_word' id='word_1_368' title='bbox 899 3225 1025 3264; x_wconf 87' lang='lat' dir='ltr'><strong>vero</strong></span> <span class='ocrx_word' id='word_1_369' title='bbox 1055 3227 1228 3280; x_wconf 72' lang='lat' dir='ltr'><strong>neque</strong></span> <span class='ocrx_word' id='word_1_370' title='bbox 1276 3189 1715 3282; x_wconf 83' lang='lat' dir='ltr'><strong>apprOpinquare</strong></span> <span class='ocrx_word' id='word_1_371' title='bbox 1761 3215 1982 3284; x_wconf 79' lang='lat' dir='ltr'><strong>scripsit</strong></span> <span class='ocrx_word' id='word_1_372' title='bbox 2016 3213 2160 3269; x_wconf 86' lang='lat' dir='ltr'><strong>Jeri-</strong></span> <span class='ocrx_word' id='word_1_373' title='bbox 2189 3189 2230 3248; x_wconf 67' lang='grc' dir='ltr'>ο</span> 
     </span>
    </p>
   </div>
   <div class='ocr_carea' id='block_1_45' title="bbox 582 3301 2161 3376">
    <p class='ocr_par' dir='ltr' id='par_1_45' title="bbox 582 3301 2161 3376">
     <span class='ocr_line' id='line_1_45' title="bbox 582 3301 2161 3376; baseline 0.005 -23"><span class='ocrx_word' id='word_1_374' title='bbox 582 3303 709 3364; x_wconf 84' lang='lat' dir='ltr'><strong>cho,</strong></span> <span class='ocrx_word' id='word_1_375' title='bbox 747 3317 924 3370; x_wconf 87' lang='lat' dir='ltr'><strong>neque</strong></span> <span class='ocrx_word' id='word_1_376' title='bbox 953 3302 1137 3356; x_wconf 79' lang='lat' dir='ltr'><strong>venire</strong></span> <span class='ocrx_word' id='word_1_377' title='bbox 1166 3301 1404 3363; x_wconf 85' lang='lat' dir='ltr'><strong>Jericho,</strong></span> <span class='ocrx_word' id='word_1_378' title='bbox 1437 3304 1530 3358; x_wconf 91' lang='lat' dir='ltr'><strong>sed</strong></span> <span class='ocrx_word' id='word_1_379' title='bbox 1570 3306 1745 3358; x_wconf 87' lang='lat' dir='ltr'><strong>solum</strong></span> <span class='ocrx_word' id='word_1_380' title='bbox 1792 3324 1810 3355; x_wconf 73' lang='grc' dir='ltr'>ι</span> <span class='ocrx_word' id='word_1_381' title='bbox 1836 3307 2161 3376; x_wconf 81' lang='lat' dir='ltr'><strong>egredienti-</strong></span> 
     </span>
    </p>
   </div>
   <div class='ocr_carea' id='block_1_46' title="bbox 583 3391 2163 3461">
    <p class='ocr_par' dir='ltr' id='par_1_46' title="bbox 583 3391 2163 3461">
     <span class='ocr_line' id='line_1_46' title="bbox 583 3391 2163 3461; baseline 0.004 -16"><span class='ocrx_word' id='word_1_382' title='bbox 583 3392 687 3446; x_wconf 74' lang='lat' dir='ltr'><strong>bus</strong></span> <span class='ocrx_word' id='word_1_383' title='bbox 732 3392 840 3448; x_wconf 89' lang='lat' dir='ltr'><strong>illis</strong></span> <span class='ocrx_word' id='word_1_384' title='bbox 889 3394 957 3447; x_wconf 90' lang='lat' dir='ltr'><strong>ab</strong></span> <span class='ocrx_word' id='word_1_385' title='bbox 986 3391 1226 3461; x_wconf 78' lang='lat' dir='ltr'><strong>Jericlio,</strong></span> <span class='ocrx_word' id='word_1_386' title='bbox 1282 3407 1525 3452; x_wconf 89' lang='lat' dir='ltr'><strong>secutam</strong></span> <span class='ocrx_word' id='word_1_387' title='bbox 1574 3413 1697 3452; x_wconf 87' lang='lat' dir='ltr'><strong>esse</strong></span> <span class='ocrx_word' id='word_1_388' title='bbox 1751 3397 1966 3451; x_wconf 86' lang='lat' dir='ltr'><strong>turbam</strong></span> <span class='ocrx_word' id='word_1_389' title='bbox 2021 3398 2163 3452; x_wconf 88' lang='lat' dir='ltr'><strong>mul-</strong></span> 
     </span>
    </p>
   </div>
   <div class='ocr_carea' id='block_1_47' title="bbox 583 3483 2161 3558">
    <p class='ocr_par' dir='ltr' id='par_1_47' title="bbox 583 3483 2161 3558">
     <span class='ocr_line' id='line_1_47' title="bbox 583 3483 2161 3558; baseline 0.004 -22"><span class='ocrx_word' id='word_1_390' title='bbox 583 3491 694 3537; x_wconf 88' lang='lat' dir='ltr'><strong>tam</strong></span> <span class='ocrx_word' id='word_1_391' title='bbox 722 3484 802 3535; x_wconf 80' lang='lat' dir='ltr'><strong>&quot;z</strong></span> <span class='ocrx_word' id='word_1_392' title='bbox 836 3503 854 3535; x_wconf 88' lang='lat'><strong>3</strong></span> <span class='ocrx_word' id='word_1_393' title='bbox 903 3483 1057 3549; x_wconf 85' lang='lat' dir='ltr'><strong>Quod</strong></span> <span class='ocrx_word' id='word_1_394' title='bbox 1092 3501 1221 3555; x_wconf 80' lang='lat' dir='ltr'><strong>ergo</strong></span> <span class='ocrx_word' id='word_1_395' title='bbox 1264 3502 1294 3541; x_wconf 91' lang='lat' dir='ltr'><strong>a</strong></span> <span class='ocrx_word' id='word_1_396' title='bbox 1316 3486 1461 3543; x_wconf 89' lang='lat' dir='ltr'><strong>Luca</strong></span> <span class='ocrx_word' id='word_1_397' title='bbox 1498 3488 1868 3558; x_wconf 89' lang='lat' dir='ltr'><strong>conscriptum</strong></span> <span class='ocrx_word' id='word_1_398' title='bbox 1896 3498 2000 3553; x_wconf 91' lang='lat' dir='ltr'><strong>est,</strong></span> <span class='ocrx_word' id='word_1_399' title='bbox 2036 3505 2161 3544; x_wconf 90' lang='lat' dir='ltr'><strong>cum</strong></span> 
     </span>
    </p>
   </div>
   <div class='ocr_carea' id='block_1_48' title="bbox 580 3574 2158 3651">
    <p class='ocr_par' dir='ltr' id='par_1_48' title="bbox 580 3574 2158 3651">
     <span class='ocr_line' id='line_1_48' title="bbox 580 3574 2158 3651; baseline 0.003 -21"><span class='ocrx_word' id='word_1_400' title='bbox 580 3574 950 3635; x_wconf 75' lang='lat' dir='ltr'><strong>Jericlzuntem</strong></span> <span class='ocrx_word' id='word_1_401' title='bbox 979 3578 1284 3641; x_wconf 87' lang='lat' dir='ltr'><strong>accederet,</strong></span> <span class='ocrx_word' id='word_1_402' title='bbox 1321 3578 1518 3636; x_wconf 73' lang='lat' dir='ltr'><strong>fecisse</strong></span> <span class='ocrx_word' id='word_1_403' title='bbox 1548 3589 1763 3651; x_wconf 82' lang='lat' dir='ltr'><strong>pctest;</strong></span> <span class='ocrx_word' id='word_1_404' title='bbox 1794 3580 1940 3650; x_wconf 88' lang='lat' dir='ltr'><strong>quod</strong></span> <span class='ocrx_word' id='word_1_405' title='bbox 1977 3589 2158 3636; x_wconf 91' lang='lat' dir='ltr'><strong>autem</strong></span> 
     </span>
    </p>
   </div>
   <div class='ocr_carea' id='block_1_49' title="bbox 585 3665 2163 3741">
    <p class='ocr_par' dir='ltr' id='par_1_49' title="bbox 585 3665 2163 3741">
     <span class='ocr_line' id='line_1_49' title="bbox 585 3665 2163 3741; baseline 0.004 -21"><span class='ocrx_word' id='word_1_406' title='bbox 585 3684 614 3720; x_wconf 73' lang='grc' dir='ltr'>ιι</span> <span class='ocrx_word' id='word_1_407' title='bbox 656 3665 877 3730; x_wconf 82' lang='lat' dir='ltr'><strong>Marco,</strong></span> <span class='ocrx_word' id='word_1_408' title='bbox 925 3682 1049 3722; x_wconf 91' lang='lat' dir='ltr'><strong>cum</strong></span> <span class='ocrx_word' id='word_1_409' title='bbox 1096 3667 1331 3725; x_wconf 85' lang='lat' dir='ltr'><strong>venisset</strong></span> <span class='ocrx_word' id='word_1_410' title='bbox 1362 3669 1771 3740; x_wconf 68' lang='lat' dir='ltr'><strong>Jericlsuntem;</strong></span> <span class='ocrx_word' id='word_1_411' title='bbox 1834 3671 1979 3741; x_wconf 91' lang='lat' dir='ltr'><strong>quod</strong></span> <span class='ocrx_word' id='word_1_412' title='bbox 2035 3686 2163 3728; x_wconf 83' lang='lat' dir='ltr'><strong>vero</strong></span> 
     </span>
    </p>
   </div>
   <div class='ocr_carea' id='block_1_50' title="bbox 582 3758 2159 3826">
    <p class='ocr_par' dir='ltr' id='par_1_50' title="bbox 582 3758 2159 3826">
     <span class='ocr_line' id='line_1_50' title="bbox 582 3758 2159 3826; baseline 0.003 -12"><span class='ocrx_word' id='word_1_413' title='bbox 582 3772 615 3814; x_wconf 72' lang='grc' dir='ltr'>ι</span> <span class='ocrx_word' id='word_1_414' title='bbox 635 3758 907 3826; x_wconf 67' lang='grc' dir='ltr'>Μοιιιιεεο,</span> <span class='ocrx_word' id='word_1_415' title='bbox 935 3775 1059 3815; x_wconf 90' lang='lat' dir='ltr'><strong>cum</strong></span> <span class='ocrx_word' id='word_1_416' title='bbox 1087 3777 1150 3816; x_wconf 82' lang='lat' dir='ltr'><strong>ea</strong></span> <span class='ocrx_word' id='word_1_417' title='bbox 1177 3763 1523 3819; x_wconf 79' lang='lat' dir='ltr'><strong>excessisset.</strong></span> <span class='ocrx_word' id='word_1_418' title='bbox 1552 3762 1717 3819; x_wconf 78' lang='lat' dir='ltr'><strong>Vides</strong></span> <span class='ocrx_word' id='word_1_419' title='bbox 1747 3772 1928 3818; x_wconf 91' lang='lat' dir='ltr'><strong>autem</strong></span> <span class='ocrx_word' id='word_1_420' title='bbox 1955 3778 2159 3819; x_wconf 65' lang='lat' dir='ltr'><strong>aecum</strong></span> 
     </span>
    </p>
   </div>
   <div class='ocr_carea' id='block_1_51' title="bbox 582 3854 2153 3925">
    <p class='ocr_par' dir='ltr' id='par_1_51' title="bbox 582 3854 2153 3925">
     <span class='ocr_line' id='line_1_51' title="bbox 582 3854 2153 3925; baseline 0.003 -20"><span class='ocrx_word' id='word_1_421' title='bbox 582 3854 650 3906; x_wconf 90' lang='lat' dir='ltr'><strong>de</strong></span> <span class='ocrx_word' id='word_1_422' title='bbox 672 3869 781 3922; x_wconf 92' lang='lat' dir='ltr'><strong>quo</strong></span> <span class='ocrx_word' id='word_1_423' title='bbox 806 3855 916 3924; x_wconf 80' lang='lat' dir='ltr'><strong>agit</strong></span> <span class='ocrx_word' id='word_1_424' title='bbox 943 3854 1191 3921; x_wconf 76' lang='lat' dir='ltr'><strong>Lucas&quot;,</strong></span> <span class='ocrx_word' id='word_1_425' title='bbox 1224 3876 1241 3909; x_wconf 72' lang='grc' dir='ltr'>ι</span> <span class='ocrx_word' id='word_1_426' title='bbox 1268 3872 1391 3912; x_wconf 89' lang='lat' dir='ltr'><strong>cum</strong></span> <span class='ocrx_word' id='word_1_427' title='bbox 1428 3855 1643 3912; x_wconf 87' lang='lat' dir='ltr'><strong>audiret</strong></span> <span class='ocrx_word' id='word_1_428' title='bbox 1675 3856 1890 3911; x_wconf 90' lang='lat' dir='ltr'><strong>turbam</strong></span> <span class='ocrx_word' id='word_1_429' title='bbox 1924 3864 2153 3925; x_wconf 58' lang='lat' dir='ltr'><strong>praeter-</strong></span> 
     </span>
    </p>
   </div>
   <div class='ocr_carea' id='block_1_52' title="bbox 582 3949 2163 4022">
    <p class='ocr_par' dir='ltr' id='par_1_52' title="bbox 582 3949 2163 4022">
     <span class='ocr_line' id='line_1_52' title="bbox 582 3949 2163 4022; baseline 0.004 -23"><span class='ocrx_word' id='word_1_430' title='bbox 582 3957 825 4014; x_wconf 89' lang='lat' dir='ltr'><strong>euntem,</strong></span> <span class='ocrx_word' id='word_1_431' title='bbox 860 3967 880 4000; x_wconf 93' lang='lat'><strong>3</strong></span> <span class='ocrx_word' id='word_1_432' title='bbox 959 3965 1067 4004; x_wconf 89' lang='lat' dir='ltr'><strong>non</strong></span> <span class='ocrx_word' id='word_1_433' title='bbox 1107 3961 1286 4006; x_wconf 89' lang='lat' dir='ltr'><strong>autem</strong></span> <span class='ocrx_word' id='word_1_434' title='bbox 1313 3949 1527 4015; x_wconf 87' lang='lat' dir='ltr'><strong>Jesum,</strong></span> <span class='ocrx_word' id='word_1_435' title='bbox 1574 3969 1593 4002; x_wconf 75' lang='grc' dir='ltr'>ι</span> <span class='ocrx_word' id='word_1_436' title='bbox 1633 3951 2001 4022; x_wconf 78' lang='lat' dir='ltr'><strong>interrogasse</strong></span> <span class='ocrx_word' id='word_1_437' title='bbox 2029 3949 2163 4021; x_wconf 87' lang='lat' dir='ltr'><strong>quid</strong></span> 
     </span>
    </p>
   </div>
   <div class='ocr_carea' id='block_1_53' title="bbox 583 4039 2163 4112">
    <p class='ocr_par' dir='ltr' id='par_1_53' title="bbox 583 4039 2163 4112">
     <span class='ocr_line' id='line_1_53' title="bbox 583 4039 2163 4112; baseline 0.003 -18"><span class='ocrx_word' id='word_1_438' title='bbox 583 4039 688 4096; x_wconf 89' lang='lat' dir='ltr'><strong>hoc</strong></span> <span class='ocrx_word' id='word_1_439' title='bbox 726 4050 903 4109; x_wconf 90' lang='lat' dir='ltr'><strong>esset;</strong></span> <span class='ocrx_word' id='word_1_440' title='bbox 937 4062 955 4094; x_wconf 93' lang='lat'><strong>3</strong></span> <span class='ocrx_word' id='word_1_441' title='bbox 984 4052 1040 4097; x_wconf 87' lang='lat' dir='ltr'><strong>at</strong></span> <span class='ocrx_word' id='word_1_442' title='bbox 1070 4043 1116 4098; x_wconf 90' lang='lat' dir='ltr'><strong>is</strong></span> <span class='ocrx_word' id='word_1_443' title='bbox 1141 4043 1207 4098; x_wconf 92' lang='lat' dir='ltr'><strong>de</strong></span> <span class='ocrx_word' id='word_1_444' title='bbox 1231 4058 1341 4112; x_wconf 89' lang='lat' dir='ltr'><strong>quo</strong></span> <span class='ocrx_word' id='word_1_445' title='bbox 1365 4041 1580 4099; x_wconf 84' lang='lat' dir='ltr'><strong>Marcus</strong></span> <span class='ocrx_word' id='word_1_446' title='bbox 1608 4044 1674 4109; x_wconf 82' lang='grc'>¹⁹,</span> <span class='ocrx_word' id='word_1_447' title='bbox 1716 4063 1735 4095; x_wconf 84' lang='grc'><em>‹</em></span> <span class='ocrx_word' id='word_1_448' title='bbox 1766 4058 1889 4099; x_wconf 91' lang='lat' dir='ltr'><strong>cum</strong></span> <span class='ocrx_word' id='word_1_449' title='bbox 1920 4043 2163 4098; x_wconf 88' lang='lat' dir='ltr'><strong>audisset</strong></span> 
     </span>
    </p>
   </div>
   <div class='ocr_carea' id='block_1_54' title="bbox 583 4133 2162 4208">
    <p class='ocr_par' dir='ltr' id='par_1_54' title="bbox 583 4133 2162 4208">
     <span class='ocr_line' id='line_1_54' title="bbox 583 4133 2162 4208; baseline 0.003 -22"><span class='ocrx_word' id='word_1_450' title='bbox 583 4133 710 4202; x_wconf 83' lang='lat' dir='ltr'><strong>quia</strong></span> <span class='ocrx_word' id='word_1_451' title='bbox 734 4133 896 4189; x_wconf 87' lang='lat' dir='ltr'><strong>Jesus</strong></span> <span class='ocrx_word' id='word_1_452' title='bbox 932 4133 1250 4192; x_wconf 86' lang='lat' dir='ltr'><strong>Nazarenus</strong></span> <span class='ocrx_word' id='word_1_453' title='bbox 1289 4147 1392 4203; x_wconf 90' lang='lat' dir='ltr'><strong>est,</strong></span> <span class='ocrx_word' id='word_1_454' title='bbox 1425 4136 1658 4208; x_wconf 83' lang='lat' dir='ltr'><strong>coepisse</strong></span> <span class='ocrx_word' id='word_1_455' title='bbox 1693 4137 1973 4191; x_wconf 85' lang='lat' dir='ltr'><strong>clamare:</strong></span> <span class='ocrx_word' id='word_1_456' title='bbox 2005 4154 2023 4187; x_wconf 91' lang='lat'><strong>3</strong></span> <span class='ocrx_word' id='word_1_457' title='bbox 2061 4136 2162 4191; x_wconf 87' lang='lat' dir='ltr'><strong>hos</strong></span> 
     </span>
    </p>
   </div>
   <div class='ocr_carea' id='block_1_55' title="bbox 582 4226 2159 4300">
    <p class='ocr_par' dir='ltr' id='par_1_55' title="bbox 582 4226 2159 4300">
     <span class='ocr_line' id='line_1_55' title="bbox 582 4226 2159 4300; baseline 0.003 -24"><span class='ocrx_word' id='word_1_458' title='bbox 582 4241 712 4281; x_wconf 79' lang='lat' dir='ltr'><strong>vero</strong></span> <span class='ocrx_word' id='word_1_459' title='bbox 764 4246 782 4278; x_wconf 74' lang='grc' dir='ltr'>ι</span> <span class='ocrx_word' id='word_1_460' title='bbox 813 4227 951 4283; x_wconf 91' lang='lat' dir='ltr'><strong>duos</strong></span> <span class='ocrx_word' id='word_1_461' title='bbox 1000 4243 1173 4284; x_wconf 64' lang='lat' dir='ltr'><strong>caecos</strong></span> <span class='ocrx_word' id='word_1_462' title='bbox 1214 4228 1687 4300; x_wconf 77' lang='lat' dir='ltr'><strong>sedentes,3iuxta</strong></span> <span class='ocrx_word' id='word_1_463' title='bbox 1734 4227 2047 4283; x_wconf 73' lang='lat' dir='ltr'><strong>Matthazum</strong></span> <span class='ocrx_word' id='word_1_464' title='bbox 2081 4226 2159 4280; x_wconf 73' lang='lat'><strong>&#39;°:</strong></span> 
     </span>
    </p>
   </div>
   <div class='ocr_carea' id='block_1_56' title="bbox 588 4319 2157 4393">
    <p class='ocr_par' dir='ltr' id='par_1_56' title="bbox 588 4319 2157 4393">
     <span class='ocr_line' id='line_1_56' title="bbox 588 4319 2157 4393; baseline 0.002 -22"><span class='ocrx_word' id='word_1_465' title='bbox 588 4336 608 4369; x_wconf 72' lang='grc' dir='ltr'>ι</span> <span class='ocrx_word' id='word_1_466' title='bbox 640 4334 797 4375; x_wconf 85' lang='lat' dir='ltr'><strong>secus</strong></span> <span class='ocrx_word' id='word_1_467' title='bbox 841 4321 1006 4388; x_wconf 85' lang='lat' dir='ltr'><strong>viam,</strong></span> <span class='ocrx_word' id='word_1_468' title='bbox 1041 4336 1164 4376; x_wconf 90' lang='lat' dir='ltr'><strong>cum</strong></span> <span class='ocrx_word' id='word_1_469' title='bbox 1205 4322 1489 4378; x_wconf 88' lang='lat' dir='ltr'><strong>audissent</strong></span> <span class='ocrx_word' id='word_1_470' title='bbox 1527 4323 1655 4393; x_wconf 87' lang='lat' dir='ltr'><strong>quia</strong></span> <span class='ocrx_word' id='word_1_471' title='bbox 1680 4321 1844 4377; x_wconf 89' lang='lat' dir='ltr'><strong>Jesus</strong></span> <span class='ocrx_word' id='word_1_472' title='bbox 1877 4319 2157 4385; x_wconf 84' lang='lat' dir='ltr'><strong>transiret,</strong></span> 
     </span>
    </p>
   </div>
   <div class='ocr_carea' id='block_1_57' title="bbox 582 4409 2162 4482">
    <p class='ocr_par' dir='ltr' id='par_1_57' title="bbox 582 4409 2162 4482">
     <span class='ocr_line' id='line_1_57' title="bbox 582 4409 2162 4482; baseline 0.001 -19"><span class='ocrx_word' id='word_1_473' title='bbox 582 4410 944 4478; x_wconf 87' lang='lat' dir='ltr'><strong>clamavisse;</strong></span> <span class='ocrx_word' id='word_1_474' title='bbox 996 4431 1016 4465; x_wconf 93' lang='lat'><strong>3</strong></span> <span class='ocrx_word' id='word_1_475' title='bbox 1049 4427 1150 4467; x_wconf 91' lang='lat' dir='ltr'><strong>nec</strong></span> <span class='ocrx_word' id='word_1_476' title='bbox 1185 4411 1375 4468; x_wconf 84' lang='lat' dir='ltr'><strong>Jesum</strong></span> <span class='ocrx_word' id='word_1_477' title='bbox 1422 4413 1621 4479; x_wconf 66' lang='lat' dir='ltr'><strong>caecis,</strong></span> <span class='ocrx_word' id='word_1_478' title='bbox 1669 4413 1736 4466; x_wconf 92' lang='lat' dir='ltr'><strong>de</strong></span> <span class='ocrx_word' id='word_1_479' title='bbox 1782 4410 1983 4482; x_wconf 89' lang='lat' dir='ltr'><strong>quibus</strong></span> <span class='ocrx_word' id='word_1_480' title='bbox 2025 4409 2162 4465; x_wconf 81' lang='lat' dir='ltr'><strong>Mat-</strong></span> 
     </span>
    </p>
   </div>
   <div class='ocr_carea' id='block_1_58' title="bbox 2263 1925 3819 2000">
    <p class='ocr_par' dir='ltr' id='par_1_58' title="bbox 2263 1925 3819 2000">
     <span class='ocr_line' id='line_1_58' title="bbox 2263 1925 3819 2000; baseline -0.003 -20"><span class='ocrx_word' id='word_1_481' title='bbox 2263 1927 2521 1999; x_wconf 82' lang='grc' dir='ltr'><strong>μαθητῶν</strong></span> <span class='ocrx_word' id='word_1_482' title='bbox 2564 1927 2660 1982; x_wconf 85' lang='grc' dir='ltr'><strong>τοῢ</strong></span> <span class='ocrx_word' id='word_1_483' title='bbox 2729 1927 2904 1998; x_wconf 81' lang='grc' dir='ltr'>Ἰησοῦ</span> <span class='ocrx_word' id='word_1_484' title='bbox 2949 1927 3060 1982; x_wconf 83' lang='grc' dir='ltr'>ἀπὸ</span> <span class='ocrx_word' id='word_1_485' title='bbox 3106 1928 3206 1998; x_wconf 83' lang='grc' dir='ltr'>τῆς</span> <span class='ocrx_word' id='word_1_486' title='bbox 3265 1925 3503 2000; x_wconf 82' lang='grc' dir='ltr'>Ἰεριχὼ,</span> <span class='ocrx_word' id='word_1_487' title='bbox 3544 1926 3819 1999; x_wconf 64' lang='grc' dir='ltr'>ἀνέγραςνιν</span> 
     </span>
    </p>
   </div>
   <div class='ocr_carea' id='block_1_59' title="bbox 2260 2018 3821 2093">
    <p class='ocr_par' dir='ltr' id='par_1_59' title="bbox 2260 2018 3821 2093">
     <span class='ocr_line' id='line_1_59' title="bbox 2260 2018 3821 2093; baseline -0.001 -20"><span class='ocrx_word' id='word_1_488' title='bbox 2260 2021 2539 2090; x_wconf 79' lang='grc' dir='ltr'>γεγονέναι</span> <span class='ocrx_word' id='word_1_489' title='bbox 2568 2019 2636 2074; x_wconf 82' lang='grc' dir='ltr'>τὰ</span> <span class='ocrx_word' id='word_1_490' title='bbox 2669 2020 2799 2093; x_wconf 77' lang='grc' dir='ltr'>περὶ</span> <span class='ocrx_word' id='word_1_491' title='bbox 2839 2022 2965 2085; x_wconf 83' lang='grc' dir='ltr'>τοὺς</span> <span class='ocrx_word' id='word_1_492' title='bbox 3003 2020 3236 2090; x_wconf 76' lang='grc' dir='ltr'>τυφλοὺς</span> <span class='ocrx_word' id='word_1_493' title='bbox 3266 2018 3301 2091; x_wconf 77' lang='grc' dir='ltr'><strong>ἢ</strong></span> <span class='ocrx_word' id='word_1_494' title='bbox 3335 2019 3427 2073; x_wconf 80' lang='grc' dir='ltr'><strong>τὸν</strong></span> <span class='ocrx_word' id='word_1_495' title='bbox 3474 2018 3711 2088; x_wconf 74' lang='grc' dir='ltr'>τυφλόν·</span> <span class='ocrx_word' id='word_1_496' title='bbox 3734 2018 3821 2072; x_wconf 56' lang='grc' dir='ltr'>δὲ</span> 
     </span>
    </p>
   </div>
   <div class='ocr_carea' id='block_1_60' title="bbox 2260 2110 3821 2184">
    <p class='ocr_par' dir='ltr' id='par_1_60' title="bbox 2260 2110 3821 2184">
     <span class='ocr_line' id='line_1_60' title="bbox 2260 2110 3821 2184; baseline -0.003 -19"><span class='ocrx_word' id='word_1_497' title='bbox 2260 2113 2475 2176; x_wconf 81' lang='grc' dir='ltr'><strong>Λουκᾶς</strong></span> <span class='ocrx_word' id='word_1_498' title='bbox 2515 2129 2711 2184; x_wconf 78' lang='grc' dir='ltr'>φησιν’</span> <span class='ocrx_word' id='word_1_499' title='bbox 2753 2132 2771 2165; x_wconf 80' lang='lat' dir='ltr'><strong>t</strong></span> <span class='ocrx_word' id='word_1_500' title='bbox 2823 2113 3069 2183; x_wconf 85' lang='grc' dir='ltr'>Ἐγένετο</span> <span class='ocrx_word' id='word_1_501' title='bbox 3109 2112 3166 2165; x_wconf 82' lang='grc' dir='ltr'>δὲ</span> <span class='ocrx_word' id='word_1_502' title='bbox 3198 2113 3256 2165; x_wconf 85' lang='grc' dir='ltr'><strong>ἐν</strong></span> <span class='ocrx_word' id='word_1_503' title='bbox 3285 2111 3362 2183; x_wconf 81' lang='grc' dir='ltr'>τῷ</span> <span class='ocrx_word' id='word_1_504' title='bbox 3410 2112 3659 2181; x_wconf 70' lang='grc' dir='ltr'>ἐγγίζειν</span> <span class='ocrx_word' id='word_1_505' title='bbox 3694 2110 3821 2162; x_wconf 61' lang='grc' dir='ltr'>αὐτὸν</span> 
     </span>
    </p>
   </div>
   <div class='ocr_carea' id='block_1_61' title="bbox 2261 2202 3822 2278">
    <p class='ocr_par' dir='ltr' id='par_1_61' title="bbox 2261 2202 3822 2278">
     <span class='ocr_line' id='line_1_61' title="bbox 2261 2202 3822 2278; baseline -0.004 -19"><span class='ocrx_word' id='word_1_506' title='bbox 2261 2207 2341 2269; x_wconf 77' lang='grc' dir='ltr'>εἰς</span> <span class='ocrx_word' id='word_1_507' title='bbox 2375 2204 2603 2278; x_wconf 79' lang='grc' dir='ltr'><strong>Ἰεριχώ.</strong></span> <span class='ocrx_word' id='word_1_508' title='bbox 2643 2224 2660 2256; x_wconf 93' lang='lat'><strong>3</strong></span> <span class='ocrx_word' id='word_1_509' title='bbox 2708 2204 2916 2259; x_wconf 81' lang='grc' dir='ltr'>Οὐκοῦν</span> <span class='ocrx_word' id='word_1_510' title='bbox 2945 2203 3085 2259; x_wconf 84' lang='grc' dir='ltr'>κατὰ</span> <span class='ocrx_word' id='word_1_511' title='bbox 3128 2203 3219 2258; x_wconf 81' lang='grc' dir='ltr'><strong>τὸν</strong></span> <span class='ocrx_word' id='word_1_512' title='bbox 3259 2204 3476 2257; x_wconf 83' lang='grc' dir='ltr'>Λουκᾶν</span> <span class='ocrx_word' id='word_1_513' title='bbox 3532 2202 3822 2273; x_wconf 71' lang='grc' dir='ltr'>εἰσερχόμε-</span> 
     </span>
    </p>
   </div>
   <div class='ocr_carea' id='block_1_62' title="bbox 2261 2295 3825 2371">
    <p class='ocr_par' dir='ltr' id='par_1_62' title="bbox 2261 2295 3825 2371">
     <span class='ocr_line' id='line_1_62' title="bbox 2261 2295 3825 2371; baseline -0.006 -19"><span class='ocrx_word' id='word_1_514' title='bbox 2261 2315 2350 2362; x_wconf 87' lang='grc' dir='ltr'><strong>νος</strong></span> <span class='ocrx_word' id='word_1_515' title='bbox 2393 2301 2473 2362; x_wconf 75' lang='lat' dir='ltr'><strong>ei;</strong></span> <span class='ocrx_word' id='word_1_516' title='bbox 2503 2298 2599 2371; x_wconf 83' lang='grc' dir='ltr'><strong>τὴν</strong></span> <span class='ocrx_word' id='word_1_517' title='bbox 2649 2296 2881 2370; x_wconf 87' lang='grc' dir='ltr'>Ἱεριχὼ,</span> <span class='ocrx_word' id='word_1_518' title='bbox 2912 2297 3006 2351; x_wconf 58' lang='grc' dir='ltr'><strong>κοιλ⁵</strong></span> <span class='ocrx_word' id='word_1_519' title='bbox 3031 2296 3197 2367; x_wconf 84' lang='grc' dir='ltr'>ἐγγὺς</span> <span class='ocrx_word' id='word_1_520' title='bbox 3222 2295 3394 2365; x_wconf 82' lang='grc' dir='ltr'>αὐτῆς</span> <span class='ocrx_word' id='word_1_521' title='bbox 3416 2295 3713 2365; x_wconf 79' lang='grc' dir='ltr'>γενόμενος</span> <span class='ocrx_word' id='word_1_522' title='bbox 3732 2296 3825 2345; x_wconf 76' lang='grc' dir='ltr'>ἑπι-</span> 
     </span>
    </p>
   </div>
   <div class='ocr_carea' id='block_1_63' title="bbox 2260 2388 3822 2462">
    <p class='ocr_par' dir='ltr' id='par_1_63' title="bbox 2260 2388 3822 2462">
     <span class='ocr_line' id='line_1_63' title="bbox 2260 2388 3822 2462; baseline -0.004 -18"><span class='ocrx_word' id='word_1_523' title='bbox 2260 2390 2405 2444; x_wconf 84' lang='grc' dir='ltr'>τελεῖ</span> <span class='ocrx_word' id='word_1_524' title='bbox 2427 2390 2523 2462; x_wconf 79' lang='grc' dir='ltr'>τὴν</span> <span class='ocrx_word' id='word_1_525' title='bbox 2559 2390 2700 2444; x_wconf 81' lang='grc' dir='ltr'>κατὰ</span> <span class='ocrx_word' id='word_1_526' title='bbox 2727 2391 2819 2444; x_wconf 82' lang='grc' dir='ltr'><strong>τὸν</strong></span> <span class='ocrx_word' id='word_1_527' title='bbox 2840 2390 3041 2460; x_wconf 83' lang='grc' dir='ltr'>τυφλὸν</span> <span class='ocrx_word' id='word_1_528' title='bbox 3067 2389 3398 2460; x_wconf 77' lang='grc' dir='ltr'>οἰκονομίαν.</span> <span class='ocrx_word' id='word_1_529' title='bbox 3432 2389 3553 2441; x_wconf 75' lang='grc' dir='ltr'>Καὶ</span> <span class='ocrx_word' id='word_1_530' title='bbox 3589 2388 3729 2440; x_wconf 73' lang='grc' dir='ltr'>εἴποι</span> <span class='ocrx_word' id='word_1_531' title='bbox 3754 2400 3822 2446; x_wconf 77' lang='grc' dir='ltr'><strong>τις</strong></span> 
     </span>
    </p>
   </div>
   <div class='ocr_carea' id='block_1_64' title="bbox 2264 2478 3821 2556">
    <p class='ocr_par' dir='ltr' id='par_1_64' title="bbox 2264 2478 3821 2556">
     <span class='ocr_line' id='line_1_64' title="bbox 2264 2478 3821 2556; baseline -0.004 -19"><span class='ocrx_word' id='word_1_532' title='bbox 2264 2483 2331 2537; x_wconf 84' lang='grc' dir='ltr'><strong>ἂν</strong></span> <span class='ocrx_word' id='word_1_533' title='bbox 2358 2485 2500 2539; x_wconf 82' lang='grc' dir='ltr'>κατὰ</span> <span class='ocrx_word' id='word_1_534' title='bbox 2522 2484 2614 2538; x_wconf 84' lang='grc' dir='ltr'><strong>τὸν</strong></span> <span class='ocrx_word' id='word_1_535' title='bbox 2649 2484 2907 2556; x_wconf 82' lang='grc' dir='ltr'>μυστικὸν</span> <span class='ocrx_word' id='word_1_536' title='bbox 2939 2482 3116 2551; x_wconf 82' lang='grc' dir='ltr'>λόγον,</span> <span class='ocrx_word' id='word_1_537' title='bbox 3156 2482 3239 2535; x_wconf 80' lang='grc' dir='ltr'>ὅτι</span> <span class='ocrx_word' id='word_1_538' title='bbox 3268 2480 3486 2552; x_wconf 79' lang='grc' dir='ltr'>πρῶτόν</span> <span class='ocrx_word' id='word_1_539' title='bbox 3518 2483 3640 2533; x_wconf 80' lang='grc' dir='ltr'>ἐστι</span> <span class='ocrx_word' id='word_1_540' title='bbox 3669 2480 3725 2532; x_wconf 68' lang='grc' dir='ltr'><strong>τὸ</strong></span> <span class='ocrx_word' id='word_1_541' title='bbox 3746 2478 3821 2530; x_wconf 67' lang='grc' dir='ltr'>τοῦ</span> 
     </span>
    </p>
   </div>
   <div class='ocr_carea' id='block_1_65' title="bbox 2264 2569 3821 2645">
    <p class='ocr_par' dir='ltr' id='par_1_65' title="bbox 2264 2569 3821 2645">
     <span class='ocr_line' id='line_1_65' title="bbox 2264 2569 3821 2645; baseline -0.004 -16"><span class='ocrx_word' id='word_1_542' title='bbox 2264 2576 2467 2639; x_wconf 78' lang='grc' dir='ltr'>Λουκᾶ,</span> <span class='ocrx_word' id='word_1_543' title='bbox 2493 2574 2742 2645; x_wconf 80' lang='grc' dir='ltr'>δεύτερον</span> <span class='ocrx_word' id='word_1_544' title='bbox 2768 2574 2827 2628; x_wconf 79' lang='grc' dir='ltr'>δὲ</span> <span class='ocrx_word' id='word_1_545' title='bbox 2853 2575 2916 2627; x_wconf 81' lang='grc' dir='ltr'>τὸ</span> <span class='ocrx_word' id='word_1_546' title='bbox 2940 2573 3033 2627; x_wconf 77' lang='grc' dir='ltr'>τοῦ</span> <span class='ocrx_word' id='word_1_547' title='bbox 3066 2573 3318 2645; x_wconf 79' lang='grc' dir='ltr'><strong>Μάρκου,</strong></span> <span class='ocrx_word' id='word_1_548' title='bbox 3345 2573 3437 2625; x_wconf 74' lang='grc' dir='ltr'>καὶ</span> <span class='ocrx_word' id='word_1_549' title='bbox 3458 2572 3650 2643; x_wconf 78' lang='grc' dir='ltr'>τρίτον</span> <span class='ocrx_word' id='word_1_550' title='bbox 3673 2569 3730 2624; x_wconf 65' lang='grc' dir='ltr'>τὸ</span> <span class='ocrx_word' id='word_1_551' title='bbox 3746 2571 3821 2623; x_wconf 63' lang='lat' dir='ltr'><strong>to}</strong></span> 
     </span>
    </p>
   </div>
   <div class='ocr_carea' id='block_1_66' title="bbox 2263 2656 3823 2739">
    <p class='ocr_par' dir='ltr' id='par_1_66' title="bbox 2263 2656 3823 2739">
     <span class='ocr_line' id='line_1_66' title="bbox 2263 2656 3823 2739; baseline -0.006 -17"><span class='ocrx_word' id='word_1_552' title='bbox 2263 2667 2546 2723; x_wconf 80' lang='grc' dir='ltr'>Ματθαιου</span> <span class='ocrx_word' id='word_1_553' title='bbox 2567 2685 2581 2700; x_wconf 78' lang='grc' dir='ltr'><strong>ο</strong></span> <span class='ocrx_word' id='word_1_554' title='bbox 2608 2667 2821 2739; x_wconf 81' lang='grc' dir='ltr'>πρῶτον</span> <span class='ocrx_word' id='word_1_555' title='bbox 2856 2667 2968 2737; x_wconf 76' lang='grc' dir='ltr'>γὰρ</span> <span class='ocrx_word' id='word_1_556' title='bbox 2991 2666 3072 2719; x_wconf 84' lang='grc' dir='ltr'><strong>δεῖ</strong></span> <span class='ocrx_word' id='word_1_557' title='bbox 3111 2666 3328 2736; x_wconf 81' lang='grc' dir='ltr'>ἐγγίσαι</span> <span class='ocrx_word' id='word_1_558' title='bbox 3357 2667 3425 2736; x_wconf 74' lang='grc' dir='ltr'>τῇ</span> <span class='ocrx_word' id='word_1_559' title='bbox 3465 2663 3700 2735; x_wconf 76' lang='grc' dir='ltr'>Ἱεριχὼ,</span> <span class='ocrx_word' id='word_1_560' title='bbox 3728 2656 3823 2713; x_wconf 71' lang='grc' dir='ltr'>εἶτα</span> 
     </span>
    </p>
   </div>
   <div class='ocr_carea' id='block_1_67' title="bbox 2264 2756 3823 2835">
    <p class='ocr_par' dir='ltr' id='par_1_67' title="bbox 2264 2756 3823 2835">
     <span class='ocr_line' id='line_1_67' title="bbox 2264 2756 3823 2835; baseline -0.008 -16"><span class='ocrx_word' id='word_1_561' title='bbox 2264 2764 2522 2819; x_wconf 74' lang='grc' dir='ltr'>εἰσελθεῖν</span> <span class='ocrx_word' id='word_1_562' title='bbox 2566 2766 2646 2829; x_wconf 75' lang='grc' dir='ltr'><strong>εἰς</strong></span> <span class='ocrx_word' id='word_1_563' title='bbox 2693 2763 2885 2835; x_wconf 82' lang='grc' dir='ltr'>αὐτὴν,</span> <span class='ocrx_word' id='word_1_564' title='bbox 2925 2763 3020 2815; x_wconf 71' lang='grc' dir='ltr'><strong>καὶ</strong></span> <span class='ocrx_word' id='word_1_565' title='bbox 3065 2759 3464 2832; x_wconf 77' lang='grc' dir='ltr'>ἐκπορευθῆναι</span> <span class='ocrx_word' id='word_1_566' title='bbox 3512 2756 3609 2812; x_wconf 78' lang='grc' dir='ltr'><strong>ἀπ’</strong></span> <span class='ocrx_word' id='word_1_567' title='bbox 3657 2756 3823 2824; x_wconf 74' lang='grc' dir='ltr'>αὐτῆς.</span> 
     </span>
    </p>
   </div>
   <div class='ocr_carea' id='block_1_68' title="bbox 2278 2844 3822 2927">
    <p class='ocr_par' dir='ltr' id='par_1_68' title="bbox 2278 2844 3822 2927">
     <span class='ocr_line' id='line_1_68' title="bbox 2278 2844 3822 2927; baseline -0.008 -18"><span class='ocrx_word' id='word_1_568' title='bbox 2278 2855 2575 2927; x_wconf 77' lang='grc' dir='ltr'>’Δνέγραψε</span> <span class='ocrx_word' id='word_1_569' title='bbox 2600 2856 2778 2909; x_wconf 85' lang='grc' dir='ltr'>τοίνυν</span> <span class='ocrx_word' id='word_1_570' title='bbox 2799 2857 2828 2908; x_wconf 92' lang='lat'><strong>6</strong></span> <span class='ocrx_word' id='word_1_571' title='bbox 2861 2852 2960 2924; x_wconf 85' lang='grc' dir='ltr'><strong>μὲν</strong></span> <span class='ocrx_word' id='word_1_572' title='bbox 2990 2852 3205 2913; x_wconf 77' lang='grc' dir='ltr'>Λουκᾶς</span> <span class='ocrx_word' id='word_1_573' title='bbox 3233 2850 3313 2903; x_wconf 85' lang='grc' dir='ltr'><strong>τό·</strong></span> <span class='ocrx_word' id='word_1_574' title='bbox 3357 2868 3375 2901; x_wconf 75' lang='grc' dir='ltr'>ι</span> <span class='ocrx_word' id='word_1_575' title='bbox 3398 2849 3647 2917; x_wconf 81' lang='grc' dir='ltr'>Ἐγένετο</span> <span class='ocrx_word' id='word_1_576' title='bbox 3676 2848 3733 2899; x_wconf 80' lang='grc' dir='ltr'><strong>ἐν</strong></span> <span class='ocrx_word' id='word_1_577' title='bbox 3760 2844 3822 2914; x_wconf 57' lang='grc' dir='ltr'><strong>τῷ</strong></span> 
     </span>
    </p>
   </div>
   <div class='ocr_carea' id='block_1_69' title="bbox 2267 2935 3823 3016">
    <p class='ocr_par' dir='ltr' id='par_1_69' title="bbox 2267 2935 3823 3016">
     <span class='ocr_line' id='line_1_69' title="bbox 2267 2935 3823 3016; baseline -0.008 -16"><span class='ocrx_word' id='word_1_578' title='bbox 2267 2947 2504 3016; x_wconf 78' lang='grc' dir='ltr'>ἐγγίζειν</span> <span class='ocrx_word' id='word_1_579' title='bbox 2542 2946 2704 3000; x_wconf 84' lang='grc' dir='ltr'>αὐτὸν</span> <span class='ocrx_word' id='word_1_580' title='bbox 2748 2946 2829 3009; x_wconf 74' lang='grc' dir='ltr'>εἰς</span> <span class='ocrx_word' id='word_1_581' title='bbox 2874 2944 3101 3014; x_wconf 72' lang='grc' dir='ltr'>Ὶεριχώο</span> <span class='ocrx_word' id='word_1_582' title='bbox 3154 2962 3171 2994; x_wconf 91' lang='lat'><strong>3</strong></span> <span class='ocrx_word' id='word_1_583' title='bbox 3210 2946 3240 2996; x_wconf 86' lang='lat'><strong>6</strong></span> <span class='ocrx_word' id='word_1_584' title='bbox 3269 2942 3327 2995; x_wconf 84' lang='grc' dir='ltr'>δὲ</span> <span class='ocrx_word' id='word_1_585' title='bbox 3355 2941 3614 3013; x_wconf 74' lang='grc' dir='ltr'>Μάρκεςσ</span> <span class='ocrx_word' id='word_1_586' title='bbox 3668 2958 3686 2990; x_wconf 76' lang='grc' dir='ltr'>ι</span> <span class='ocrx_word' id='word_1_587' title='bbox 3732 2935 3823 2991; x_wconf 69' lang='lat' dir='ltr'><strong>Kx‘.</strong></span> 
     </span>
    </p>
   </div>
   <div class='ocr_carea' id='block_1_70' title="bbox 2268 3030 3820 3110">
    <p class='ocr_par' dir='ltr' id='par_1_70' title="bbox 2268 3030 3820 3110">
     <span class='ocr_line' id='line_1_70' title="bbox 2268 3030 3820 3110; baseline -0.017 -2"><span class='ocrx_word' id='word_1_588' title='bbox 2268 3038 2487 3110; x_wconf 71' lang='grc' dir='ltr'>ἔρχεται</span> <span class='ocrx_word' id='word_1_589' title='bbox 2519 3039 2600 3102; x_wconf 71' lang='grc' dir='ltr'>εἰς</span> <span class='ocrx_word' id='word_1_590' title='bbox 2641 3037 2875 3110; x_wconf 79' lang='grc' dir='ltr'>’Ῑεριχὼ,</span> <span class='ocrx_word' id='word_1_591' title='bbox 2914 3037 3007 3090; x_wconf 72' lang='grc' dir='ltr'>καὶ</span> <span class='ocrx_word' id='word_1_592' title='bbox 3040 3035 3474 3107; x_wconf 81' lang='grc' dir='ltr'>ἐκπορευομένου</span> <span class='ocrx_word' id='word_1_593' title='bbox 3508 3031 3674 3086; x_wconf 76' lang='grc' dir='ltr'>αὐτοῦ</span> <span class='ocrx_word' id='word_1_594' title='bbox 3698 3030 3820 3082; x_wconf 75' lang='grc' dir='ltr'>ἐκεῖ·</span> 
     </span>
    </p>
   </div>
   <div class='ocr_carea' id='block_1_71' title="bbox 2271 3119 3821 3196">
    <p class='ocr_par' dir='ltr' id='par_1_71' title="bbox 2271 3119 3821 3196">
     <span class='ocr_line' id='line_1_71' title="bbox 2271 3119 3821 3196; baseline -0.005 -14"><span class='ocrx_word' id='word_1_595' title='bbox 2271 3129 2392 3184; x_wconf 83' lang='grc' dir='ltr'>θεν⁶</span> <span class='ocrx_word' id='word_1_596' title='bbox 2438 3150 2457 3183; x_wconf 94' lang='lat'><strong>3</strong></span> <span class='ocrx_word' id='word_1_597' title='bbox 2504 3132 2532 3184; x_wconf 90' lang='lat'><strong>6</strong></span> <span class='ocrx_word' id='word_1_598' title='bbox 2575 3129 2631 3183; x_wconf 87' lang='grc' dir='ltr'><strong>δέ</strong></span> <span class='ocrx_word' id='word_1_599' title='bbox 2677 3130 2954 3195; x_wconf 82' lang='grc' dir='ltr'>Ματθαῖος</span> <span class='ocrx_word' id='word_1_600' title='bbox 2996 3128 3118 3183; x_wconf 79' lang='grc' dir='ltr'>οὔτε</span> <span class='ocrx_word' id='word_1_601' title='bbox 3160 3126 3221 3180; x_wconf 84' lang='grc' dir='ltr'><strong>τὸ</strong></span> <span class='ocrx_word' id='word_1_602' title='bbox 3255 3126 3494 3196; x_wconf 75' lang='grc' dir='ltr'>ἐγγίζειν</span> <span class='ocrx_word' id='word_1_603' title='bbox 3526 3128 3593 3196; x_wconf 73' lang='grc' dir='ltr'>τῇ</span> <span class='ocrx_word' id='word_1_604' title='bbox 3637 3119 3821 3193; x_wconf 68' lang='grc' dir='ltr'>Ἱεριχὼ</span> 
     </span>
    </p>
   </div>
   <div class='ocr_carea' id='block_1_72' title="bbox 2262 3215 3822 3294">
    <p class='ocr_par' dir='ltr' id='par_1_72' title="bbox 2262 3215 3822 3294">
     <span class='ocr_line' id='line_1_72' title="bbox 2262 3215 3822 3294; baseline 0.001 -20"><span class='ocrx_word' id='word_1_605' title='bbox 2262 3221 2592 3294; x_wconf 74' lang='grc' dir='ltr'>ἀνέγραψεν,</span> <span class='ocrx_word' id='word_1_606' title='bbox 2620 3221 2744 3275; x_wconf 71' lang='grc' dir='ltr'>οὔτε</span> <span class='ocrx_word' id='word_1_607' title='bbox 2777 3223 2859 3275; x_wconf 81' lang='grc' dir='ltr'>ὅτι</span> <span class='ocrx_word' id='word_1_608' title='bbox 2891 3221 3107 3294; x_wconf 79' lang='grc' dir='ltr'>ἔρχεται</span> <span class='ocrx_word' id='word_1_609' title='bbox 3140 3222 3219 3285; x_wconf 77' lang='grc' dir='ltr'><strong>εἰς</strong></span> <span class='ocrx_word' id='word_1_610' title='bbox 3260 3216 3490 3290; x_wconf 83' lang='grc' dir='ltr'>Ἰεριχὼ,</span> <span class='ocrx_word' id='word_1_611' title='bbox 3517 3216 3650 3271; x_wconf 74' lang='grc' dir='ltr'>ἀλλὰ</span> <span class='ocrx_word' id='word_1_612' title='bbox 3684 3215 3822 3285; x_wconf 50' lang='lat' dir='ltr'><strong>MV?“</strong></span> 
     </span>
    </p>
   </div>
   <div class='ocr_carea' id='block_1_73' title="bbox 2260 3308 3821 3386">
    <p class='ocr_par' dir='ltr' id='par_1_73' title="bbox 2260 3308 3821 3386">
     <span class='ocr_line' id='line_1_73' title="bbox 2260 3308 3821 3386; baseline -0.007 -18"><span class='ocrx_word' id='word_1_613' title='bbox 2260 3315 2364 3378; x_wconf 85' lang='grc' dir='ltr'>ὃτι,</span> <span class='ocrx_word' id='word_1_614' title='bbox 2388 3334 2407 3366; x_wconf 78' lang='lat' dir='ltr'><strong>t</strong></span> <span class='ocrx_word' id='word_1_615' title='bbox 2432 3315 2881 3386; x_wconf 77' lang='grc' dir='ltr'>ἐκπορευομένων</span> <span class='ocrx_word' id='word_1_616' title='bbox 2902 3316 3081 3369; x_wconf 80' lang='grc' dir='ltr'>αὐτῶν</span> <span class='ocrx_word' id='word_1_617' title='bbox 3101 3315 3206 3369; x_wconf 83' lang='grc' dir='ltr'>ἀπὸ</span> <span class='ocrx_word' id='word_1_618' title='bbox 3233 3310 3469 3385; x_wconf 85' lang='grc' dir='ltr'>Ἱεριχὼ,</span> <span class='ocrx_word' id='word_1_619' title='bbox 3485 3308 3821 3380; x_wconf 61' lang='grc' dir='ltr'>ἠκολούθησεν</span> 
     </span>
    </p>
   </div>
   <div class='ocr_carea' id='block_1_74' title="bbox 2261 3401 3818 3479">
    <p class='ocr_par' dir='ltr' id='par_1_74' title="bbox 2261 3401 3818 3479">
     <span class='ocr_line' id='line_1_74' title="bbox 2261 3401 3818 3479; baseline -0.006 -19"><span class='ocrx_word' id='word_1_620' title='bbox 2261 3407 2409 3479; x_wconf 84' lang='grc' dir='ltr'>αὑτῷ</span> <span class='ocrx_word' id='word_1_621' title='bbox 2446 3408 2599 3479; x_wconf 74' lang='grc' dir='ltr'>ὄχλος</span> <span class='ocrx_word' id='word_1_622' title='bbox 2634 3407 2817 3472; x_wconf 83' lang='grc' dir='ltr'>πολύς.</span> <span class='ocrx_word' id='word_1_623' title='bbox 2868 3427 2886 3461; x_wconf 95' lang='lat'><strong>3</strong></span> <span class='ocrx_word' id='word_1_624' title='bbox 2923 3409 3154 3463; x_wconf 85' lang='grc' dir='ltr'>Δύναται</span> <span class='ocrx_word' id='word_1_625' title='bbox 3185 3401 3279 3460; x_wconf 79' lang='grc' dir='ltr'><strong>οὖν</strong></span> <span class='ocrx_word' id='word_1_626' title='bbox 3323 3405 3387 3458; x_wconf 74' lang='grc' dir='ltr'>τὸ</span> <span class='ocrx_word' id='word_1_627' title='bbox 3419 3405 3519 3476; x_wconf 81' lang='grc' dir='ltr'>μὲν</span> <span class='ocrx_word' id='word_1_628' title='bbox 3543 3401 3678 3457; x_wconf 73' lang='grc' dir='ltr'>κατὰ</span> <span class='ocrx_word' id='word_1_629' title='bbox 3704 3401 3818 3452; x_wconf 57' lang='lat' dir='ltr'><strong>Aou-</strong></span> 
     </span>
    </p>
   </div>
   <div class='ocr_carea' id='block_1_75' title="bbox 2260 3496 3819 3573">
    <p class='ocr_par' dir='ltr' id='par_1_75' title="bbox 2260 3496 3819 3573">
     <span class='ocr_line' id='line_1_75' title="bbox 2260 3496 3819 3573; baseline -0.004 -19"><span class='ocrx_word' id='word_1_630' title='bbox 2260 3502 2365 3554; x_wconf 82' lang='grc' dir='ltr'>κᾶν</span> <span class='ocrx_word' id='word_1_631' title='bbox 2404 3500 2630 3570; x_wconf 84' lang='grc' dir='ltr'>ἐγγίσας</span> <span class='ocrx_word' id='word_1_632' title='bbox 2674 3503 2741 3573; x_wconf 78' lang='grc' dir='ltr'>τῇ</span> <span class='ocrx_word' id='word_1_633' title='bbox 2799 3500 3008 3573; x_wconf 84' lang='grc' dir='ltr'>Ὶεριχὼ</span> <span class='ocrx_word' id='word_1_634' title='bbox 3058 3499 3451 3571; x_wconf 78' lang='grc' dir='ltr'>πεποιηκέναι·</span> <span class='ocrx_word' id='word_1_635' title='bbox 3502 3498 3564 3551; x_wconf 76' lang='grc' dir='ltr'>τὸ</span> <span class='ocrx_word' id='word_1_636' title='bbox 3604 3496 3658 3549; x_wconf 81' lang='grc' dir='ltr'>δὲ</span> <span class='ocrx_word' id='word_1_637' title='bbox 3698 3508 3819 3547; x_wconf 47' lang='grc' dir='ltr'>κατε</span> 
     </span>
    </p>
   </div>
   <div class='ocr_carea' id='block_1_76' title="bbox 2259 3588 3815 3666">
    <p class='ocr_par' dir='ltr' id='par_1_76' title="bbox 2259 3588 3815 3666">
     <span class='ocr_line' id='line_1_76' title="bbox 2259 3588 3815 3666; baseline -0.003 -18"><span class='ocrx_word' id='word_1_638' title='bbox 2259 3594 2505 3666; x_wconf 75' lang='grc' dir='ltr'>Μάρκον,</span> <span class='ocrx_word' id='word_1_639' title='bbox 2546 3592 2716 3647; x_wconf 87' lang='grc' dir='ltr'>ἐλθὼν</span> <span class='ocrx_word' id='word_1_640' title='bbox 2766 3596 2846 3658; x_wconf 73' lang='grc' dir='ltr'><strong>εἰς</strong></span> <span class='ocrx_word' id='word_1_641' title='bbox 2897 3592 3132 3666; x_wconf 74' lang='grc' dir='ltr'>Ἰεριχώο</span> <span class='ocrx_word' id='word_1_642' title='bbox 3170 3594 3231 3646; x_wconf 85' lang='grc' dir='ltr'>τὸ</span> <span class='ocrx_word' id='word_1_643' title='bbox 3265 3593 3321 3646; x_wconf 82' lang='grc' dir='ltr'>δὲ</span> <span class='ocrx_word' id='word_1_644' title='bbox 3371 3592 3513 3646; x_wconf 78' lang='grc' dir='ltr'>κατὰ</span> <span class='ocrx_word' id='word_1_645' title='bbox 3552 3588 3815 3645; x_wconf 70' lang='grc' dir='ltr'>Ματθαῖον.</span> 
     </span>
    </p>
   </div>
   <div class='ocr_carea' id='block_1_77' title="bbox 2261 3676 3817 3756">
    <p class='ocr_par' dir='ltr' id='par_1_77' title="bbox 2261 3676 3817 3756">
     <span class='ocr_line' id='line_1_77' title="bbox 2261 3676 3817 3756; baseline -0.002 -20"><span class='ocrx_word' id='word_1_646' title='bbox 2261 3683 2611 3755; x_wconf 73' lang='grc' dir='ltr'>ἐκπορευθεὶς</span> <span class='ocrx_word' id='word_1_647' title='bbox 2643 3686 2736 3738; x_wconf 80' lang='grc' dir='ltr'><strong>ἀπ’</strong></span> <span class='ocrx_word' id='word_1_648' title='bbox 2765 3684 2955 3755; x_wconf 83' lang='grc' dir='ltr'>αὐτῆς.</span> <span class='ocrx_word' id='word_1_649' title='bbox 2996 3685 3160 3756; x_wconf 77' lang='grc' dir='ltr'>Ὁρᾷς</span> <span class='ocrx_word' id='word_1_650' title='bbox 3186 3684 3266 3749; x_wconf 78' lang='grc' dir='ltr'>δὲ,</span> <span class='ocrx_word' id='word_1_651' title='bbox 3291 3684 3377 3736; x_wconf 82' lang='grc' dir='ltr'>ὅτι</span> <span class='ocrx_word' id='word_1_652' title='bbox 3405 3684 3505 3736; x_wconf 70' lang='grc' dir='ltr'><strong>καὶ</strong></span> <span class='ocrx_word' id='word_1_653' title='bbox 3535 3684 3564 3736; x_wconf 89' lang='lat'><strong>6</strong></span> <span class='ocrx_word' id='word_1_654' title='bbox 3592 3678 3715 3735; x_wconf 72' lang='grc' dir='ltr'>κατὰ</span> <span class='ocrx_word' id='word_1_655' title='bbox 3738 3676 3817 3728; x_wconf 69' lang='grc' dir='ltr'>τὸν</span> 
     </span>
    </p>
   </div>
   <div class='ocr_carea' id='block_1_78' title="bbox 2259 3769 3815 3849">
    <p class='ocr_par' dir='ltr' id='par_1_78' title="bbox 2259 3769 3815 3849">
     <span class='ocr_line' id='line_1_78' title="bbox 2259 3769 3815 3849; baseline -0.008 -18"><span class='ocrx_word' id='word_1_656' title='bbox 2259 3778 2474 3831; x_wconf 84' lang='grc' dir='ltr'>Λουκᾶν</span> <span class='ocrx_word' id='word_1_657' title='bbox 2494 3776 2713 3847; x_wconf 73' lang='grc' dir='ltr'>τυφλὸς,</span> <span class='ocrx_word' id='word_1_658' title='bbox 2743 3797 2761 3829; x_wconf 74' lang='grc' dir='ltr'>ι</span> <span class='ocrx_word' id='word_1_659' title='bbox 2781 3777 3021 3842; x_wconf 82' lang='grc' dir='ltr'>ἀκούσας</span> <span class='ocrx_word' id='word_1_660' title='bbox 3042 3777 3200 3849; x_wconf 73' lang='grc' dir='ltr'>ὄχλου</span> <span class='ocrx_word' id='word_1_661' title='bbox 3215 3775 3687 3849; x_wconf 80' lang='grc' dir='ltr'>διαπορευομένου,</span> <span class='ocrx_word' id='word_1_662' title='bbox 3704 3790 3720 3822; x_wconf 89' lang='lat'><strong>3</strong></span> <span class='ocrx_word' id='word_1_663' title='bbox 3736 3769 3815 3822; x_wconf 71' lang='grc' dir='ltr'>καὶ</span> 
     </span>
    </p>
   </div>
   <div class='ocr_carea' id='block_1_79' title="bbox 2258 3859 3812 3941">
    <p class='ocr_par' dir='ltr' id='par_1_79' title="bbox 2258 3859 3812 3941">
     <span class='ocr_line' id='line_1_79' title="bbox 2258 3859 3812 3941; baseline -0.005 -20"><span class='ocrx_word' id='word_1_664' title='bbox 2258 3868 2320 3921; x_wconf 84' lang='grc' dir='ltr'><strong>οὐ</strong></span> <span class='ocrx_word' id='word_1_665' title='bbox 2340 3869 2511 3939; x_wconf 88' lang='grc' dir='ltr'>δήπου</span> <span class='ocrx_word' id='word_1_666' title='bbox 2532 3869 2626 3923; x_wconf 82' lang='grc' dir='ltr'>τοῦ</span> <span class='ocrx_word' id='word_1_667' title='bbox 2656 3869 2883 3941; x_wconf 81' lang='grc' dir='ltr'>Ἰησοῦ,‹</span> <span class='ocrx_word' id='word_1_668' title='bbox 2906 3869 3234 3923; x_wconf 84' lang='grc' dir='ltr'>ἐπυνθάνετο</span> <span class='ocrx_word' id='word_1_669' title='bbox 3248 3869 3301 3922; x_wconf 77' lang='grc' dir='ltr'>τί</span> <span class='ocrx_word' id='word_1_670' title='bbox 3322 3867 3390 3923; x_wconf 80' lang='grc' dir='ltr'><strong>ἂν</strong></span> <span class='ocrx_word' id='word_1_671' title='bbox 3416 3867 3527 3938; x_wconf 76' lang='grc' dir='ltr'>εἴη·</span> <span class='ocrx_word' id='word_1_672' title='bbox 3548 3886 3567 3919; x_wconf 93' lang='lat'><strong>3</strong></span> <span class='ocrx_word' id='word_1_673' title='bbox 3583 3869 3612 3920; x_wconf 89' lang='lat'><strong>6</strong></span> <span class='ocrx_word' id='word_1_674' title='bbox 3627 3864 3679 3917; x_wconf 80' lang='grc' dir='ltr'><strong>δέ</strong></span> <span class='ocrx_word' id='word_1_675' title='bbox 3699 3859 3812 3914; x_wconf 68' lang='grc' dir='ltr'>κατὰ</span> 
     </span>
    </p>
   </div>
   <div class='ocr_carea' id='block_1_80' title="bbox 2258 3956 3809 4034">
    <p class='ocr_par' dir='ltr' id='par_1_80' title="bbox 2258 3956 3809 4034">
     <span class='ocr_line' id='line_1_80' title="bbox 2258 3956 3809 4034; baseline -0.006 -18"><span class='ocrx_word' id='word_1_676' title='bbox 2258 3962 2350 4016; x_wconf 84' lang='grc' dir='ltr'><strong>τὸν</strong></span> <span class='ocrx_word' id='word_1_677' title='bbox 2371 3963 2617 4034; x_wconf 79' lang='grc' dir='ltr'>Μάρκον,</span> <span class='ocrx_word' id='word_1_678' title='bbox 2642 3980 2659 4013; x_wconf 78' lang='grc' dir='ltr'>ι</span> <span class='ocrx_word' id='word_1_679' title='bbox 2681 3960 2940 4025; x_wconf 85' lang='grc' dir='ltr'>ἀκούσας,</span> <span class='ocrx_word' id='word_1_680' title='bbox 2965 3962 3046 4014; x_wconf 83' lang='grc' dir='ltr'>ὅτι</span> <span class='ocrx_word' id='word_1_681' title='bbox 3075 3960 3281 4031; x_wconf 80' lang='grc' dir='ltr'>Ἰησοῦς</span> <span class='ocrx_word' id='word_1_682' title='bbox 3296 3961 3325 4014; x_wconf 89' lang='lat'><strong>6</strong></span> <span class='ocrx_word' id='word_1_683' title='bbox 3339 3956 3663 4031; x_wconf 79' lang='grc' dir='ltr'>Ναζαρηνός</span> <span class='ocrx_word' id='word_1_684' title='bbox 3675 3956 3809 4008; x_wconf 63' lang='grc' dir='ltr'>ἐστιν.</span> 
     </span>
    </p>
   </div>
   <div class='ocr_carea' id='block_1_81' title="bbox 2259 4041 3808 4126">
    <p class='ocr_par' dir='ltr' id='par_1_81' title="bbox 2259 4041 3808 4126">
     <span class='ocr_line' id='line_1_81' title="bbox 2259 4041 3808 4126; baseline -0.006 -18"><span class='ocrx_word' id='word_1_685' title='bbox 2259 4053 2463 4126; x_wconf 67' lang='grc' dir='ltr'>ἤρξατο</span> <span class='ocrx_word' id='word_1_686' title='bbox 2488 4053 2713 4125; x_wconf 75' lang='grc' dir='ltr'>κράζειν</span> <span class='ocrx_word' id='word_1_687' title='bbox 2729 4069 2743 4082; x_wconf 75' lang='grc' dir='ltr'><strong>ο</strong></span> <span class='ocrx_word' id='word_1_688' title='bbox 2768 4072 2787 4105; x_wconf 90' lang='lat'><strong>3</strong></span> <span class='ocrx_word' id='word_1_689' title='bbox 2813 4053 2863 4107; x_wconf 82' lang='grc' dir='ltr'><strong>οἱ</strong></span> <span class='ocrx_word' id='word_1_690' title='bbox 2887 4053 2944 4106; x_wconf 85' lang='grc' dir='ltr'>δὲ</span> <span class='ocrx_word' id='word_1_691' title='bbox 2979 4053 3119 4107; x_wconf 86' lang='grc' dir='ltr'>κατὰ</span> <span class='ocrx_word' id='word_1_692' title='bbox 3133 4051 3222 4105; x_wconf 70' lang='grc' dir='ltr'>τὸν</span> <span class='ocrx_word' id='word_1_693' title='bbox 3246 4050 3528 4106; x_wconf 84' lang='grc' dir='ltr'>Ματθαῖον</span> <span class='ocrx_word' id='word_1_694' title='bbox 3551 4046 3644 4102; x_wconf 75' lang='grc' dir='ltr'><strong>δύο</strong></span> <span class='ocrx_word' id='word_1_695' title='bbox 3659 4041 3808 4113; x_wconf 69' lang='grc' dir='ltr'>τυφλοὶ</span> 
     </span>
    </p>
   </div>
   <div class='ocr_carea' id='block_1_82' title="bbox 2261 4132 3808 4216">
    <p class='ocr_par' dir='ltr' id='par_1_82' title="bbox 2261 4132 3808 4216">
     <span class='ocr_line' id='line_1_82' title="bbox 2261 4132 3808 4216; baseline -0.009 -19"><span class='ocrx_word' id='word_1_696' title='bbox 2261 4144 2556 4216; x_wconf 83' lang='grc' dir='ltr'>καθήμενοι</span> <span class='ocrx_word' id='word_1_697' title='bbox 2577 4142 2729 4214; x_wconf 80' lang='grc' dir='ltr'>παρὰ</span> <span class='ocrx_word' id='word_1_698' title='bbox 2742 4141 2841 4213; x_wconf 78' lang='grc' dir='ltr'>τὴν</span> <span class='ocrx_word' id='word_1_699' title='bbox 2861 4141 2999 4207; x_wconf 81' lang='grc' dir='ltr'>ὁδὸν,</span> <span class='ocrx_word' id='word_1_700' title='bbox 3018 4140 3366 4204; x_wconf 82' lang='grc' dir='ltr'>ἀκούσαντες,</span> <span class='ocrx_word' id='word_1_701' title='bbox 3383 4139 3467 4191; x_wconf 83' lang='grc' dir='ltr'>ὅτι</span> <span class='ocrx_word' id='word_1_702' title='bbox 3483 4132 3685 4207; x_wconf 75' lang='grc' dir='ltr'>Ἰησοῦς</span> <span class='ocrx_word' id='word_1_703' title='bbox 3698 4144 3808 4200; x_wconf 67' lang='grc' dir='ltr'>περ·</span> 
     </span>
    </p>
   </div>
   <div class='ocr_carea' id='block_1_83' title="bbox 2261 4222 3808 4307">
    <p class='ocr_par' dir='ltr' id='par_1_83' title="bbox 2261 4222 3808 4307">
     <span class='ocr_line' id='line_1_83' title="bbox 2261 4222 3808 4307; baseline -0.008 -18"><span class='ocrx_word' id='word_1_704' title='bbox 2261 4236 2404 4305; x_wconf 88' lang='grc' dir='ltr'>άγει,</span> <span class='ocrx_word' id='word_1_705' title='bbox 2456 4231 2710 4307; x_wconf 79' lang='grc' dir='ltr'>ἔκραξαν.</span> <span class='ocrx_word' id='word_1_706' title='bbox 2752 4234 2863 4286; x_wconf 73' lang='grc' dir='ltr'><strong>Καὶ</strong></span> <span class='ocrx_word' id='word_1_707' title='bbox 2904 4233 3004 4286; x_wconf 78' lang='grc' dir='ltr'><strong>οὐκ</strong></span> <span class='ocrx_word' id='word_1_708' title='bbox 3029 4231 3174 4284; x_wconf 81' lang='grc' dir='ltr'>ἔστιν</span> <span class='ocrx_word' id='word_1_709' title='bbox 3202 4231 3231 4282; x_wconf 97' lang='lat'><strong>6</strong></span> <span class='ocrx_word' id='word_1_710' title='bbox 3270 4229 3413 4283; x_wconf 85' lang='grc' dir='ltr'>κατὰ</span> <span class='ocrx_word' id='word_1_711' title='bbox 3440 4228 3535 4282; x_wconf 78' lang='grc' dir='ltr'><strong>τὸν</strong></span> <span class='ocrx_word' id='word_1_712' title='bbox 3569 4222 3808 4281; x_wconf 50' lang='lat' dir='ltr'><strong>Musonio”</strong></span> 
     </span>
    </p>
   </div>
   <div class='ocr_carea' id='block_1_84' title="bbox 2262 4312 3805 4396">
    <p class='ocr_par' dir='ltr' id='par_1_84' title="bbox 2262 4312 3805 4396">
     <span class='ocr_line' id='line_1_84' title="bbox 2262 4312 3805 4396; baseline -0.005 -18"><span class='ocrx_word' id='word_1_713' title='bbox 2262 4325 2413 4396; x_wconf 74' lang='grc' dir='ltr'>παρὰ</span> <span class='ocrx_word' id='word_1_714' title='bbox 2425 4327 2537 4387; x_wconf 89' lang='grc' dir='ltr'>τοῖς</span> <span class='ocrx_word' id='word_1_715' title='bbox 2563 4322 2783 4393; x_wconf 85' lang='grc' dir='ltr'>τυφλοῖς</span> <span class='ocrx_word' id='word_1_716' title='bbox 2797 4321 3003 4394; x_wconf 79' lang='grc' dir='ltr'>Ἰησοῦς</span> <span class='ocrx_word' id='word_1_717' title='bbox 3019 4318 3504 4394; x_wconf 72' lang='grc' dir='ltr'>Ναζαρηνὸς,’ἀλλ’</span> <span class='ocrx_word' id='word_1_718' title='bbox 3520 4320 3552 4371; x_wconf 89' lang='lat'><strong>6</strong></span> <span class='ocrx_word' id='word_1_719' title='bbox 3573 4314 3711 4387; x_wconf 76' lang='grc' dir='ltr'>παρὰ</span> <span class='ocrx_word' id='word_1_720' title='bbox 3721 4312 3805 4371; x_wconf 75' lang='grc' dir='ltr'>τοῖς</span> 
     </span>
    </p>
   </div>
   <div class='ocr_carea' id='block_1_85' title="bbox 2261 4402 3804 4487">
    <p class='ocr_par' dir='ltr' id='par_1_85' title="bbox 2261 4402 3804 4487">
     <span class='ocr_line' id='line_1_85' title="bbox 2261 4402 3804 4487; baseline -0.005 -16"><span class='ocrx_word' id='word_1_721' title='bbox 2261 4417 2485 4481; x_wconf 84' lang='grc' dir='ltr'>λοιποῖς,</span> <span class='ocrx_word' id='word_1_722' title='bbox 2499 4408 2613 4470; x_wconf 83' lang='grc' dir='ltr'><strong>ὧνὸ</strong></span> <span class='ocrx_word' id='word_1_723' title='bbox 2632 4415 2733 4487; x_wconf 80' lang='grc' dir='ltr'><strong>μὲν</strong></span> <span class='ocrx_word' id='word_1_724' title='bbox 2753 4414 2894 4469; x_wconf 81' lang='grc' dir='ltr'>κατὰ</span> <span class='ocrx_word' id='word_1_725' title='bbox 2914 4414 3004 4468; x_wconf 66' lang='grc' dir='ltr'>τὴν</span> <span class='ocrx_word' id='word_1_726' title='bbox 3020 4416 3245 4486; x_wconf 83' lang='grc' dir='ltr'>Μάρκον</span> <span class='ocrx_word' id='word_1_727' title='bbox 3269 4410 3619 4476; x_wconf 77' lang='grc' dir='ltr'>ἀκούει,ὃτιὸ</span> <span class='ocrx_word' id='word_1_728' title='bbox 3640 4402 3804 4476; x_wconf 73' lang='grc' dir='ltr'><strong>Ἰηωῦς</strong></span> 
     </span>
    </p>
   </div>
   <div class='ocr_carea' id='block_1_86' title="bbox 585 4494 2159 4593">
    <p class='ocr_par' dir='ltr' id='par_1_86' title="bbox 585 4502 2159 4574">
     <span class='ocr_line' id='line_1_86' title="bbox 585 4502 2159 4574; baseline 0.002 -18"><span class='ocrx_word' id='word_1_729' title='bbox 585 4502 758 4559; x_wconf 83' lang='lat' dir='ltr'><strong>thaeus</strong></span> <span class='ocrx_word' id='word_1_730' title='bbox 785 4502 1129 4562; x_wconf 84' lang='lat' dir='ltr'><strong>Nazarenum</strong></span> <span class='ocrx_word' id='word_1_731' title='bbox 1167 4522 1310 4573; x_wconf 86' lang='lat' dir='ltr'><strong>esse,</strong></span> <span class='ocrx_word' id='word_1_732' title='bbox 1344 4521 1467 4562; x_wconf 87' lang='lat' dir='ltr'><strong>esse</strong></span> <span class='ocrx_word' id='word_1_733' title='bbox 1496 4520 1628 4560; x_wconf 88' lang='lat' dir='ltr'><strong>vero</strong></span> <span class='ocrx_word' id='word_1_734' title='bbox 1661 4505 1817 4573; x_wconf 90' lang='lat' dir='ltr'><strong>aliis;</strong></span> <span class='ocrx_word' id='word_1_735' title='bbox 1847 4518 2082 4574; x_wconf 88' lang='lat' dir='ltr'><strong>quorum</strong></span> <span class='ocrx_word' id='word_1_736' title='bbox 2111 4504 2159 4559; x_wconf 89' lang='lat' dir='ltr'><strong>is</strong></span> 
     </span>
    </p>
   </div>
   <div class='ocr_carea' id='block_1_87' title="bbox 2262 4494 3803 4593">
    <p class='ocr_par' dir='ltr' id='par_1_87' title="bbox 2262 4494 3803 4582">
     <span class='ocr_line' id='line_1_87' title="bbox 2262 4494 3803 4582; baseline -0.007 -17"><span class='ocrx_word' id='word_1_737' title='bbox 2262 4512 2291 4565; x_wconf 89' lang='lat'><strong>6</strong></span> <span class='ocrx_word' id='word_1_738' title='bbox 2314 4509 2635 4582; x_wconf 72' lang='grc' dir='ltr'>Ναζαρηνός</span> <span class='ocrx_word' id='word_1_739' title='bbox 2651 4511 2799 4564; x_wconf 79' lang='grc' dir='ltr'>ἐστιν</span> <span class='ocrx_word' id='word_1_740' title='bbox 2819 4526 2832 4540; x_wconf 89' lang='grc'><strong>·</strong></span> <span class='ocrx_word' id='word_1_741' title='bbox 2859 4512 2887 4563; x_wconf 92' lang='lat'><strong>6</strong></span> <span class='ocrx_word' id='word_1_742' title='bbox 2908 4509 2965 4561; x_wconf 86' lang='grc' dir='ltr'>δὲ</span> <span class='ocrx_word' id='word_1_743' title='bbox 2988 4506 3132 4562; x_wconf 82' lang='grc' dir='ltr'>κατὰ</span> <span class='ocrx_word' id='word_1_744' title='bbox 3155 4507 3246 4560; x_wconf 82' lang='grc' dir='ltr'><strong>τὸν</strong></span> <span class='ocrx_word' id='word_1_745' title='bbox 3265 4507 3504 4569; x_wconf 79' lang='grc' dir='ltr'>Λουκᾶν,</span> <span class='ocrx_word' id='word_1_746' title='bbox 3520 4506 3609 4559; x_wconf 84' lang='grc' dir='ltr'>ὅτε</span> <span class='ocrx_word' id='word_1_747' title='bbox 3624 4494 3803 4556; x_wconf 66' lang='grc' dir='ltr'>ἐπυνθά-</span> 
     </span>
    </p>
   </div>
   <div class='ocr_carea' id='block_1_88' title="bbox 583 4594 2159 4669">
    <p class='ocr_par' dir='ltr' id='par_1_88' title="bbox 583 4597 2158 4666">
     <span class='ocr_line' id='line_1_88' title="bbox 583 4597 2158 4666; baseline 0.005 -19"><span class='ocrx_word' id='word_1_748' title='bbox 583 4597 650 4650; x_wconf 90' lang='lat' dir='ltr'><strong>de</strong></span> <span class='ocrx_word' id='word_1_749' title='bbox 680 4613 787 4666; x_wconf 79' lang='lat' dir='ltr'><strong>quo</strong></span> <span class='ocrx_word' id='word_1_750' title='bbox 817 4598 1052 4665; x_wconf 83' lang='lat' dir='ltr'><strong>Marcus,</strong></span> <span class='ocrx_word' id='word_1_751' title='bbox 1098 4600 1281 4657; x_wconf 85' lang='lat' dir='ltr'><strong>Jesum</strong></span> <span class='ocrx_word' id='word_1_752' title='bbox 1333 4616 1455 4655; x_wconf 89' lang='lat' dir='ltr'><strong>esse</strong></span> <span class='ocrx_word' id='word_1_753' title='bbox 1493 4598 1835 4655; x_wconf 88' lang='lat' dir='ltr'><strong>Nazarenum</strong></span> <span class='ocrx_word' id='word_1_754' title='bbox 1882 4600 2066 4666; x_wconf 87' lang='lat' dir='ltr'><strong>audit;</strong></span> <span class='ocrx_word' id='word_1_755' title='bbox 2103 4609 2158 4655; x_wconf 89' lang='lat' dir='ltr'><strong>at</strong></span> 
     </span>
    </p>
   </div>
   <div class='ocr_carea' id='block_1_89' title="bbox 2262 4594 3801 4669">
    <p class='ocr_par' dir='ltr' id='par_1_89' title="bbox 2264 4594 3801 4669">
     <span class='ocr_line' id='line_1_89' title="bbox 2264 4594 3801 4669; baseline -0.004 -17"><span class='ocrx_word' id='word_1_756' title='bbox 2264 4613 2383 4652; x_wconf 86' lang='grc' dir='ltr'>νετο</span> <span class='ocrx_word' id='word_1_757' title='bbox 2398 4596 2547 4669; x_wconf 81' lang='grc' dir='ltr'>παρὰ</span> <span class='ocrx_word' id='word_1_758' title='bbox 2567 4597 2658 4651; x_wconf 80' lang='grc' dir='ltr'><strong>τοῦ</strong></span> <span class='ocrx_word' id='word_1_759' title='bbox 2681 4598 2839 4669; x_wconf 81' lang='grc' dir='ltr'>ὄχλου</span> <span class='ocrx_word' id='word_1_760' title='bbox 2865 4596 2918 4650; x_wconf 84' lang='grc' dir='ltr'>τί</span> <span class='ocrx_word' id='word_1_761' title='bbox 2945 4596 3012 4652; x_wconf 82' lang='grc' dir='ltr'><strong>ἂν</strong></span> <span class='ocrx_word' id='word_1_762' title='bbox 3045 4596 3130 4669; x_wconf 74' lang='grc' dir='ltr'><strong>εἴη</strong></span> <span class='ocrx_word' id='word_1_763' title='bbox 3149 4595 3327 4661; x_wconf 76' lang='grc' dir='ltr'>τοῦτο,</span> <span class='ocrx_word' id='word_1_764' title='bbox 3350 4594 3557 4666; x_wconf 73' lang='grc' dir='ltr'>ἔμαθεν</span> <span class='ocrx_word' id='word_1_765' title='bbox 3580 4595 3801 4659; x_wconf 72' lang='grc' dir='ltr'>ἀπαγγει-</span> 
     </span>
    </p>
   </div>
   <div class='ocr_carea' id='block_1_90' title="bbox 586 4687 2157 4763">
    <p class='ocr_par' dir='ltr' id='par_1_90' title="bbox 586 4687 2157 4763">
     <span class='ocr_line' id='line_1_90' title="bbox 586 4687 2157 4763; baseline 0.003 -24"><span class='ocrx_word' id='word_1_766' title='bbox 586 4687 675 4741; x_wconf 88' lang='lat' dir='ltr'><strong>ille</strong></span> <span class='ocrx_word' id='word_1_767' title='bbox 715 4687 780 4743; x_wconf 91' lang='lat' dir='ltr'><strong>de</strong></span> <span class='ocrx_word' id='word_1_768' title='bbox 814 4705 925 4759; x_wconf 91' lang='lat' dir='ltr'><strong>quo</strong></span> <span class='ocrx_word' id='word_1_769' title='bbox 963 4690 1141 4747; x_wconf 89' lang='lat' dir='ltr'><strong>Lucas</strong></span> <span class='ocrx_word' id='word_1_770' title='bbox 1180 4702 1473 4763; x_wconf 83' lang='lat' dir='ltr'><strong>postquam</strong></span> <span class='ocrx_word' id='word_1_771' title='bbox 1528 4707 1558 4746; x_wconf 91' lang='lat' dir='ltr'><strong>a</strong></span> <span class='ocrx_word' id='word_1_772' title='bbox 1603 4692 1763 4746; x_wconf 88' lang='lat' dir='ltr'><strong>turba</strong></span> <span class='ocrx_word' id='word_1_773' title='bbox 1797 4699 2157 4762; x_wconf 61' lang='lat' dir='ltr'><strong>praetereunte</strong></span> 
     </span>
    </p>
   </div>
   <div class='ocr_carea' id='block_1_91' title="bbox 584 4785 2157 4854">
    <p class='ocr_par' dir='ltr' id='par_1_91' title="bbox 584 4785 2157 4854">
     <span class='ocr_line' id='line_1_91' title="bbox 584 4785 2157 4854; baseline 0.004 -22"><span class='ocrx_word' id='word_1_774' title='bbox 584 4789 936 4849; x_wconf 83' lang='lat' dir='ltr'><strong>percontatus</strong></span> <span class='ocrx_word' id='word_1_775' title='bbox 984 4790 1069 4839; x_wconf 88' lang='lat' dir='ltr'><strong>est</strong></span> <span class='ocrx_word' id='word_1_776' title='bbox 1123 4785 1251 4854; x_wconf 90' lang='lat' dir='ltr'><strong>quid</strong></span> <span class='ocrx_word' id='word_1_777' title='bbox 1309 4785 1415 4840; x_wconf 90' lang='lat' dir='ltr'><strong>hoc</strong></span> <span class='ocrx_word' id='word_1_778' title='bbox 1472 4793 1646 4851; x_wconf 85' lang='lat' dir='ltr'><strong>esset,</strong></span> <span class='ocrx_word' id='word_1_779' title='bbox 1700 4800 1767 4839; x_wconf 87' lang='lat' dir='ltr'><strong>ex</strong></span> <span class='ocrx_word' id='word_1_780' title='bbox 1819 4797 2010 4839; x_wconf 85' lang='lat' dir='ltr'><strong>eorum</strong></span> <span class='ocrx_word' id='word_1_781' title='bbox 2066 4798 2157 4838; x_wconf 86' lang='lat' dir='ltr'><strong>re-</strong></span> 
     </span>
    </p>
   </div>
   <div class='ocr_carea' id='block_1_92' title="bbox 2264 4679 3801 4762">
    <p class='ocr_par' dir='ltr' id='par_1_92' title="bbox 2264 4679 3801 4762">
     <span class='ocr_line' id='line_1_92' title="bbox 2264 4679 3801 4762; baseline -0.004 -20"><span class='ocrx_word' id='word_1_782' title='bbox 2264 4689 2472 4744; x_wconf 84' lang='grc' dir='ltr'>λάντων</span> <span class='ocrx_word' id='word_1_783' title='bbox 2503 4690 2651 4761; x_wconf 82' lang='grc' dir='ltr'><strong>αὐτῴ</strong></span> <span class='ocrx_word' id='word_1_784' title='bbox 2686 4689 2819 4762; x_wconf 89' lang='grc'><strong>(88),</strong></span> <span class='ocrx_word' id='word_1_785' title='bbox 2857 4690 2940 4743; x_wconf 83' lang='grc' dir='ltr'>ὅτι</span> <span class='ocrx_word' id='word_1_786' title='bbox 2977 4688 3184 4761; x_wconf 79' lang='grc' dir='ltr'>Ἰησοῦς</span> <span class='ocrx_word' id='word_1_787' title='bbox 3219 4690 3248 4743; x_wconf 90' lang='lat'><strong>6</strong></span> <span class='ocrx_word' id='word_1_788' title='bbox 3284 4686 3609 4758; x_wconf 76' lang='grc' dir='ltr'>Ναζαρηνὸς</span> <span class='ocrx_word' id='word_1_789' title='bbox 3639 4679 3801 4752; x_wconf 67' lang='grc' dir='ltr'>παρέρο</span> 
     </span>
    </p>
   </div>
   <div class='ocr_carea' id='block_1_93' title="bbox 2266 4776 3801 4855">
    <p class='ocr_par' dir='ltr' id='par_1_93' title="bbox 2266 4776 3801 4855">
     <span class='ocr_line' id='line_1_93' title="bbox 2266 4776 3801 4855; baseline -0.01 -20"><span class='ocrx_word' id='word_1_790' title='bbox 2266 4799 2454 4852; x_wconf 84' lang='grc' dir='ltr'>χεται·</span> <span class='ocrx_word' id='word_1_791' title='bbox 2486 4782 2614 4853; x_wconf 76' lang='grc' dir='ltr'><strong>ἑξῆς</strong></span> <span class='ocrx_word' id='word_1_792' title='bbox 2642 4782 2700 4837; x_wconf 86' lang='grc' dir='ltr'><strong>δέ</strong></span> <span class='ocrx_word' id='word_1_793' title='bbox 2731 4782 2942 4846; x_wconf 85' lang='grc' dir='ltr'>τούτοις</span> <span class='ocrx_word' id='word_1_794' title='bbox 2982 4782 3313 4852; x_wconf 81' lang='grc' dir='ltr'>παρατήρει,</span> <span class='ocrx_word' id='word_1_795' title='bbox 3351 4779 3436 4855; x_wconf 66' lang='grc' dir='ltr'><strong>δτι</strong></span> <span class='ocrx_word' id='word_1_796' title='bbox 3475 4776 3555 4848; x_wconf 81' lang='grc' dir='ltr'>τῷ</span> <span class='ocrx_word' id='word_1_797' title='bbox 3594 4776 3801 4846; x_wconf 70' lang='grc' dir='ltr'>βοήσαντι</span> 
     </span>
    </p>
   </div>
   <div class='ocr_carea' id='block_1_94' title="bbox 1790 4898 2624 4958">
    <p class='ocr_par' dir='ltr' id='par_1_94' title="bbox 1790 4898 2624 4958">
     <span class='ocr_line' id='line_1_94' title="bbox 1790 4898 2624 4958; baseline 0.001 -3"><span class='ocrx_word' id='word_1_798' title='bbox 1790 4899 2021 4958; x_wconf 84' lang='lat' dir='ltr'><strong>VETUS</strong></span> <span class='ocrx_word' id='word_1_799' title='bbox 2056 4898 2624 4956; x_wconf 76' lang='lat' dir='ltr'><strong>INTERPRETATIO</strong></span> 
     </span>
    </p>
   </div>
   <div class='ocr_carea' id='block_1_95' title="bbox 582 4985 3801 5067">
    <p class='ocr_par' dir='ltr' id='par_1_95' title="bbox 582 4985 3801 5067">
     <span class='ocr_line' id='line_1_95' title="bbox 582 4985 3801 5067; baseline -0.002 -17"><span class='ocrx_word' id='word_1_800' title='bbox 582 4995 804 5065; x_wconf 86' lang='lat' dir='ltr'><strong>quando</strong></span> <span class='ocrx_word' id='word_1_801' title='bbox 832 4996 1053 5053; x_wconf 84' lang='lat' dir='ltr'><strong>sedebat</strong></span> <span class='ocrx_word' id='word_1_802' title='bbox 1081 5007 1229 5054; x_wconf 79' lang='lat' dir='ltr'><strong>veste</strong></span> <span class='ocrx_word' id='word_1_803' title='bbox 1270 4998 1533 5054; x_wconf 60' lang='lat' dir='ltr'><strong>caecitatis</strong></span> <span class='ocrx_word' id='word_1_804' title='bbox 1558 5006 1613 5052; x_wconf 90' lang='lat' dir='ltr'><strong>et</strong></span> <span class='ocrx_word' id='word_1_805' title='bbox 1639 4998 2009 5055; x_wconf 87' lang='lat' dir='ltr'><strong>mendicitatis</strong></span> <span class='ocrx_word' id='word_1_806' title='bbox 2036 4997 2272 5063; x_wconf 81' lang='lat' dir='ltr'><strong>velatus,</strong></span> <span class='ocrx_word' id='word_1_807' title='bbox 2297 5012 2397 5051; x_wconf 87' lang='lat' dir='ltr'><strong>nec</strong></span> <span class='ocrx_word' id='word_1_808' title='bbox 2426 4997 2646 5067; x_wconf 87' lang='lat' dir='ltr'><strong>quando</strong></span> <span class='ocrx_word' id='word_1_809' title='bbox 2675 4996 2902 5052; x_wconf 89' lang='lat' dir='ltr'><strong>sedebat</strong></span> <span class='ocrx_word' id='word_1_810' title='bbox 2936 5013 3095 5055; x_wconf 89' lang='lat' dir='ltr'><strong>secus</strong></span> <span class='ocrx_word' id='word_1_811' title='bbox 3144 4998 3291 5053; x_wconf 86' lang='lat' dir='ltr'><strong>viam</strong></span> <span class='ocrx_word' id='word_1_812' title='bbox 3323 4994 3652 5051; x_wconf 87' lang='lat' dir='ltr'><strong>mendicans.</strong></span> <span class='ocrx_word' id='word_1_813' title='bbox 3692 4985 3801 5040; x_wconf 68' lang='lat' dir='ltr'><strong>PN-</strong></span> 
     </span>
    </p>
   </div>
   <div class='ocr_carea' id='block_1_96' title="bbox 580 5066 3524 5139">
    <p class='ocr_par' dir='ltr' id='par_1_96' title="bbox 580 5066 3524 5139">
     <span class='ocr_line' id='line_1_96' title="bbox 580 5066 3524 5139; baseline -0.001 -18"><span class='ocrx_word' id='word_1_814' title='bbox 580 5069 828 5139; x_wconf 84' lang='lat' dir='ltr'><strong>pterhoc</strong></span> <span class='ocrx_word' id='word_1_815' title='bbox 846 5078 1026 5124; x_wconf 89' lang='lat' dir='ltr'><strong>autem</strong></span> <span class='ocrx_word' id='word_1_816' title='bbox 1058 5069 1205 5139; x_wconf 90' lang='lat' dir='ltr'><strong>quod</strong></span> <span class='ocrx_word' id='word_1_817' title='bbox 1227 5070 1398 5125; x_wconf 89' lang='lat' dir='ltr'><strong>dixit:</strong></span> <span class='ocrx_word' id='word_1_818' title='bbox 1432 5089 1450 5121; x_wconf 76' lang='grc' dir='ltr'>ι</span> <span class='ocrx_word' id='word_1_819' title='bbox 1482 5069 1804 5135; x_wconf 81' lang='lat' dir='ltr'><strong>Rabboui,ut</strong></span> <span class='ocrx_word' id='word_1_820' title='bbox 1831 5070 2070 5131; x_wconf 89' lang='lat' dir='ltr'><strong>videam,</strong></span> <span class='ocrx_word' id='word_1_821' title='bbox 2110 5088 2130 5121; x_wconf 94' lang='lat'><strong>3</strong></span> <span class='ocrx_word' id='word_1_822' title='bbox 2160 5068 2298 5139; x_wconf 87' lang='lat' dir='ltr'><strong>dixit</strong></span> <span class='ocrx_word' id='word_1_823' title='bbox 2326 5068 2375 5123; x_wconf 88' lang='lat' dir='ltr'><strong>ei</strong></span> <span class='ocrx_word' id='word_1_824' title='bbox 2402 5086 2415 5121; x_wconf 88' lang='lat'><strong>:</strong></span> <span class='ocrx_word' id='word_1_825' title='bbox 2451 5066 2469 5119; x_wconf 62' lang='grc' dir='ltr'>ι</span> <span class='ocrx_word' id='word_1_826' title='bbox 2506 5066 2676 5139; x_wconf 62' lang='lat' dir='ltr'><strong>Vade,</strong></span> <span class='ocrx_word' id='word_1_827' title='bbox 2710 5067 2847 5122; x_wconf 80' lang='lat' dir='ltr'><strong>lides</strong></span> <span class='ocrx_word' id='word_1_828' title='bbox 2870 5078 2963 5123; x_wconf 86' lang='lat' dir='ltr'><strong>tua</strong></span> <span class='ocrx_word' id='word_1_829' title='bbox 2995 5079 3045 5124; x_wconf 90' lang='lat' dir='ltr'><strong>te</strong></span> <span class='ocrx_word' id='word_1_830' title='bbox 3074 5070 3285 5123; x_wconf 81' lang='lat' dir='ltr'><strong>salvum</strong></span> <span class='ocrx_word' id='word_1_831' title='bbox 3320 5066 3467 5122; x_wconf 77' lang='lat' dir='ltr'><strong>fecit.</strong></span> <span class='ocrx_word' id='word_1_832' title='bbox 3506 5084 3524 5139; x_wconf 73' lang='lat'><strong>3</strong></span> 
     </span>
    </p>
   </div>
   <div class='ocr_carea' id='block_1_97' title="bbox 658 5134 3802 5216">
    <p class='ocr_par' dir='ltr' id='par_1_97' title="bbox 658 5134 3802 5216">
     <span class='ocr_line' id='line_1_97' title="bbox 658 5134 3802 5216; baseline -0.003 -25"><span class='ocrx_word' id='word_1_833' title='bbox 658 5137 761 5216; x_wconf 48' lang='lat'><strong>15;</strong></span> <span class='ocrx_word' id='word_1_834' title='bbox 781 5137 933 5216; x_wconf 79' lang='lat' dir='ltr'><strong>Nunc</strong></span> <span class='ocrx_word' id='word_1_835' title='bbox 961 5134 1242 5216; x_wconf 41' lang='lat' dir='ltr'><strong>vide-alnus</strong></span> <span class='ocrx_word' id='word_1_836' title='bbox 1273 5141 1574 5216; x_wconf 77' lang='lat' dir='ltr'><strong>secundum</strong></span> <span class='ocrx_word' id='word_1_837' title='bbox 1594 5134 1986 5216; x_wconf 40' lang='lat' dir='ltr'><strong>Lucamtgua;</strong></span> <span class='ocrx_word' id='word_1_838' title='bbox 2019 5138 2385 5216; x_wconf 76' lang='lat' dir='ltr'><strong>communiter</strong></span> <span class='ocrx_word' id='word_1_839' title='bbox 2408 5138 2544 5216; x_wconf 65' lang='lat' dir='ltr'><strong>dixit</strong></span> <span class='ocrx_word' id='word_1_840' title='bbox 2578 5145 2990 5216; x_wconf 56' lang='lat' dir='ltr'><strong>praetereuntes,</strong></span> <span class='ocrx_word' id='word_1_841' title='bbox 3017 5140 3236 5210; x_wconf 89' lang='lat' dir='ltr'><strong>propria</strong></span> <span class='ocrx_word' id='word_1_842' title='bbox 3271 5146 3454 5216; x_wconf 73' lang='lat' dir='ltr'><strong>autem</strong></span> <span class='ocrx_word' id='word_1_843' title='bbox 3478 5134 3594 5216; x_wconf 82' lang='lat' dir='ltr'><strong>ejus</strong></span> <span class='ocrx_word' id='word_1_844' title='bbox 3613 5136 3802 5216; x_wconf 47' lang='lat' dir='ltr'><strong>tanqu:</strong></span> 
     </span>
    </p>
   </div>
   <div class='ocr_carea' id='block_1_98' title="bbox 581 5204 3798 5285">
    <p class='ocr_par' dir='ltr' id='par_1_98' title="bbox 581 5204 3798 5285">
     <span class='ocr_line' id='line_1_98' title="bbox 581 5204 3798 5285; baseline -0.002 -24"><span class='ocrx_word' id='word_1_845' title='bbox 581 5216 682 5285; x_wconf 60' lang='lat' dir='ltr'><strong>tes.</strong></span> <span class='ocrx_word' id='word_1_846' title='bbox 720 5206 787 5285; x_wconf 57' lang='lat' dir='ltr'><strong>Et</strong></span> <span class='ocrx_word' id='word_1_847' title='bbox 815 5210 1051 5279; x_wconf 89' lang='lat' dir='ltr'><strong>primum</strong></span> <span class='ocrx_word' id='word_1_848' title='bbox 1077 5210 1294 5279; x_wconf 92' lang='lat' dir='ltr'><strong>quidem</strong></span> <span class='ocrx_word' id='word_1_849' title='bbox 1323 5211 1471 5285; x_wconf 79' lang='lat' dir='ltr'><strong>quod</strong></span> <span class='ocrx_word' id='word_1_850' title='bbox 1501 5204 2118 5285; x_wconf 32' lang='lat' dir='ltr'><strong>Marcu_s__et;M_attha:u_s</strong></span> <span class='ocrx_word' id='word_1_851' title='bbox 2141 5209 2452 5285; x_wconf 77' lang='lat' dir='ltr'><strong>egrediente</strong></span> <span class='ocrx_word' id='word_1_852' title='bbox 2483 5204 2611 5285; x_wconf 57' lang='lat' dir='ltr'><strong>desit</strong></span> <span class='ocrx_word' id='word_1_853' title='bbox 2645 5210 2713 5264; x_wconf 90' lang='lat' dir='ltr'><strong>de</strong></span> <span class='ocrx_word' id='word_1_854' title='bbox 2740 5204 2997 5285; x_wconf 66' lang='lat' dir='ltr'><strong>Hiericho</strong></span> <span class='ocrx_word' id='word_1_855' title='bbox 3018 5204 3241 5285; x_wconf 64' lang='lat' dir='ltr'><strong>poliunt</strong></span> <span class='ocrx_word' id='word_1_856' title='bbox 3259 5206 3488 5285; x_wconf 65' lang='lat' dir='ltr'><strong>:_Lucas</strong></span> <span class='ocrx_word' id='word_1_857' title='bbox 3510 5204 3798 5285; x_wconf 27' lang='lat' dir='ltr'><strong>autemtllii</strong></span> 
     </span>
    </p>
   </div>
   <div class='ocr_carea' id='block_1_99' title="bbox 589 5275 3802 5352">
    <p class='ocr_par' dir='ltr' id='par_1_99' title="bbox 589 5275 3802 5352">
     <span class='ocr_line' id='line_1_99' title="bbox 589 5275 3802 5352; baseline -0.001 -23"><span class='ocrx_word' id='word_1_858' title='bbox 589 5296 608 5329; x_wconf 73' lang='grc' dir='ltr'>ι</span> <span class='ocrx_word' id='word_1_859' title='bbox 634 5275 920 5352; x_wconf 26' lang='lat' dir='ltr'><strong>EtAfact&#39;um</strong></span> <span class='ocrx_word' id='word_1_860' title='bbox 945 5290 1027 5335; x_wconf 90' lang='lat' dir='ltr'><strong>est</strong></span> <span class='ocrx_word' id='word_1_861' title='bbox 1052 5275 1177 5352; x_wconf 83' lang='lat' dir='ltr'><strong>cum</strong></span> <span class='ocrx_word' id='word_1_862' title='bbox 1206 5275 1668 5352; x_wconf 72' lang='lat' dir='ltr'><strong>appropinquaret</strong></span> <span class='ocrx_word' id='word_1_863' title='bbox 1684 5280 1962 5352; x_wconf 85' lang='lat' dir='ltr'><strong>Hiericho,</strong></span> <span class='ocrx_word' id='word_1_864' title='bbox 1985 5287 2041 5333; x_wconf 92' lang='lat' dir='ltr'><strong>et</strong></span> <span class='ocrx_word' id='word_1_865' title='bbox 2068 5275 2242 5352; x_wconf 79' lang='lat' dir='ltr'><strong>factus</strong></span> <span class='ocrx_word' id='word_1_866' title='bbox 2264 5279 2317 5352; x_wconf 85' lang='lat' dir='ltr'><strong>iu</strong></span> <span class='ocrx_word' id='word_1_867' title='bbox 2341 5281 2614 5352; x_wconf 73' lang='lat' dir='ltr'><strong>proximo,</strong></span> <span class='ocrx_word' id='word_1_868' title='bbox 2637 5294 2841 5352; x_wconf 70' lang='lat' dir='ltr'><strong>caecum</strong></span> <span class='ocrx_word' id='word_1_869' title='bbox 2866 5275 3214 5335; x_wconf 82' lang='lat' dir='ltr'><strong>illuminavit.</strong></span> <span class='ocrx_word' id='word_1_870' title='bbox 3241 5298 3261 5331; x_wconf 91' lang='lat'><strong>3</strong></span> <span class='ocrx_word' id='word_1_871' title='bbox 3281 5278 3511 5352; x_wconf 46' lang='lat' dir='ltr'><strong>[iudicet</strong></span> <span class='ocrx_word' id='word_1_872' title='bbox 3533 5275 3802 5352; x_wconf 55' lang='lat' dir='ltr'><strong>aliquigfﬁ&#39;</strong></span> 
     </span>
    </p>
   </div>
   <div class='ocr_carea' id='block_1_100' title="bbox 584 5344 3795 5422">
    <p class='ocr_par' dir='ltr' id='par_1_100' title="bbox 584 5344 3795 5422">
     <span class='ocr_line' id='line_1_100' title="bbox 584 5344 3795 5422; baseline -0.003 -21"><span class='ocrx_word' id='word_1_873' title='bbox 584 5349 823 5402; x_wconf 90' lang='lat' dir='ltr'><strong>cundum</strong></span> <span class='ocrx_word' id='word_1_874' title='bbox 854 5351 1172 5422; x_wconf 76' lang='lat' dir='ltr'><strong>mysterium</strong></span> <span class='ocrx_word' id='word_1_875' title='bbox 1196 5344 1461 5422; x_wconf 61' lang='lat' dir='ltr'><strong>spiritale,</strong></span> <span class='ocrx_word' id='word_1_876' title='bbox 1493 5344 1764 5422; x_wconf 58' lang='lat' dir='ltr'><strong>&#39;quouiam</strong></span> <span class='ocrx_word' id='word_1_877' title='bbox 1798 5344 1956 5421; x_wconf 80' lang='lat' dir='ltr'><strong>prius</strong></span> <span class='ocrx_word' id='word_1_878' title='bbox 1977 5358 2062 5404; x_wconf 88' lang='lat' dir='ltr'><strong>est</strong></span> <span class='ocrx_word' id='word_1_879' title='bbox 2085 5349 2230 5417; x_wconf 84' lang='lat' dir='ltr'><strong>quod</strong></span> <span class='ocrx_word' id='word_1_880' title='bbox 2264 5344 2923 5422; x_wconf 40' lang='lat' dir='ltr'><strong>ait—Luras_._:secundum</strong></span> <span class='ocrx_word' id='word_1_881' title='bbox 2945 5360 3134 5422; x_wconf 83' lang='lat' dir='ltr'><strong>autem</strong></span> <span class='ocrx_word' id='word_1_882' title='bbox 3173 5349 3319 5422; x_wconf 83' lang='lat' dir='ltr'><strong>quod</strong></span> <span class='ocrx_word' id='word_1_883' title='bbox 3350 5347 3583 5409; x_wconf 80' lang='lat' dir='ltr'><strong>Marcus,</strong></span> <span class='ocrx_word' id='word_1_884' title='bbox 3612 5344 3795 5422; x_wconf 45' lang='lat' dir='ltr'><strong>tertia!&quot;</strong></span> 
     </span>
    </p>
   </div>
   <div class='ocr_carea' id='block_1_101' title="bbox 582 5417 3791 5497">
    <p class='ocr_par' dir='ltr' id='par_1_101' title="bbox 582 5417 3791 5497">
     <span class='ocr_line' id='line_1_101' title="bbox 582 5417 3791 5497; baseline -0.003 -25"><span class='ocrx_word' id='word_1_885' title='bbox 582 5432 713 5497; x_wconf 70' lang='lat' dir='ltr'><strong>vero</strong></span> <span class='ocrx_word' id='word_1_886' title='bbox 735 5420 879 5497; x_wconf 80' lang='lat' dir='ltr'><strong>quod</strong></span> <span class='ocrx_word' id='word_1_887' title='bbox 903 5417 1041 5497; x_wconf 72' lang='lat' dir='ltr'><strong>dixit</strong></span> <span class='ocrx_word' id='word_1_888' title='bbox 1063 5417 1367 5497; x_wconf 58' lang='lat' dir='ltr'><strong>Mattheus.</strong></span> <span class='ocrx_word' id='word_1_889' title='bbox 1394 5417 1639 5497; x_wconf 79' lang='lat' dir='ltr'><strong>Primum</strong></span> <span class='ocrx_word' id='word_1_890' title='bbox 1664 5417 2058 5497; x_wconf 56' lang='lat' dir='ltr'><strong>enim;oportet</strong></span> <span class='ocrx_word' id='word_1_891' title='bbox 2089 5421 2528 5490; x_wconf 86' lang='lat' dir='ltr'><strong>appropinquare</strong></span> <span class='ocrx_word' id='word_1_892' title='bbox 2551 5418 2830 5497; x_wconf 77' lang='lat' dir='ltr'><strong>Hiericho,</strong></span> <span class='ocrx_word' id='word_1_893' title='bbox 2861 5417 3327 5497; x_wconf 75' lang='lat' dir='ltr'><strong>c_t_ita_intrai&#39;e_i_tt</strong></span> <span class='ocrx_word' id='word_1_894' title='bbox 3359 5434 3501 5481; x_wconf 86' lang='lat' dir='ltr'><strong>eam,</strong></span> <span class='ocrx_word' id='word_1_895' title='bbox 3529 5417 3791 5497; x_wconf 42' lang='lat' dir='ltr'><strong>&quot;istest&quot;:</strong></span> 
     </span>
    </p>
   </div>
   <div class='ocr_carea' id='block_1_102' title="bbox 585 5483 3791 5567">
    <p class='ocr_par' dir='ltr' id='par_1_102' title="bbox 585 5483 3791 5567">
     <span class='ocr_line' id='line_1_102' title="bbox 585 5483 3791 5567; baseline -0.002 -27"><span class='ocrx_word' id='word_1_896' title='bbox 585 5495 694 5567; x_wconf 62' lang='lat' dir='ltr'><strong>tegi</strong></span> <span class='ocrx_word' id='word_1_897' title='bbox 714 5483 866 5567; x_wconf 67' lang='lat' dir='ltr'><strong>exire</strong></span> <span class='ocrx_word' id='word_1_898' title='bbox 890 5491 1071 5567; x_wconf 68' lang='lat' dir='ltr'><strong>deea.</strong></span> <span class='ocrx_word' id='word_1_899' title='bbox 1097 5490 1283 5567; x_wconf 88' lang='lat' dir='ltr'><strong>_Lucas</strong></span> <span class='ocrx_word' id='word_1_900' title='bbox 1309 5508 1439 5563; x_wconf 78' lang='lat' dir='ltr'><strong>ergo</strong></span> <span class='ocrx_word' id='word_1_901' title='bbox 1470 5492 1663 5567; x_wconf 80' lang='lat' dir='ltr'><strong>scribit</strong></span> <span class='ocrx_word' id='word_1_902' title='bbox 1691 5510 1761 5567; x_wconf 72' lang='lat'><strong>:_«</strong></span> <span class='ocrx_word' id='word_1_903' title='bbox 1794 5490 1864 5545; x_wconf 87' lang='lat' dir='ltr'><strong>Et</strong></span> <span class='ocrx_word' id='word_1_904' title='bbox 1881 5483 2092 5567; x_wconf 60' lang='lat' dir='ltr'><strong>&#39;l‘actum</strong></span> <span class='ocrx_word' id='word_1_905' title='bbox 2125 5483 2214 5545; x_wconf 67' lang='lat' dir='ltr'><strong>est</strong></span> <span class='ocrx_word' id='word_1_906' title='bbox 2236 5483 2854 5567; x_wconf 60' lang='lat' dir='ltr'><strong>c&#39;um&#39;appmpinquaret</strong></span> <span class='ocrx_word' id='word_1_907' title='bbox 2890 5489 3167 5567; x_wconf 66' lang='lat' dir='ltr'><strong>Hiericho.</strong></span> <span class='ocrx_word' id='word_1_908' title='bbox 3200 5509 3219 5567; x_wconf 76' lang='lat'><strong>3</strong></span> <span class='ocrx_word' id='word_1_909' title='bbox 3258 5489 3476 5567; x_wconf 83' lang='lat' dir='ltr'><strong>_Marcu_s_</strong></span> <span class='ocrx_word' id='word_1_910' title='bbox 3500 5483 3664 5567; x_wconf 61' lang='lat' dir='ltr'><strong>autent</strong></span> 
     </span>
    </p>
   </div>
   <div class='ocr_carea' id='block_1_103' title="bbox 591 5554 3789 5633">
    <p class='ocr_par' dir='ltr' id='par_1_103' title="bbox 591 5554 3789 5633">
     <span class='ocr_line' id='line_1_103' title="bbox 591 5554 3789 5633; baseline -0.001 -20"><span class='ocrx_word' id='word_1_911' title='bbox 591 5578 608 5607; x_wconf 73' lang='grc' dir='ltr'><strong>ο</strong></span> <span class='ocrx_word' id='word_1_912' title='bbox 640 5554 708 5613; x_wconf 86' lang='grc' dir='ltr'><strong>Ει</strong></span> <span class='ocrx_word' id='word_1_913' title='bbox 732 5561 884 5614; x_wconf 82' lang='lat' dir='ltr'><strong>venit</strong></span> <span class='ocrx_word' id='word_1_914' title='bbox 909 5559 1189 5630; x_wconf 88' lang='lat' dir='ltr'><strong>Hiericho,</strong></span> <span class='ocrx_word' id='word_1_915' title='bbox 1214 5572 1268 5619; x_wconf 93' lang='lat' dir='ltr'><strong>et</strong></span> <span class='ocrx_word' id='word_1_916' title='bbox 1289 5554 1525 5619; x_wconf 65' lang='lat' dir='ltr'><strong>exeunte</strong></span> <span class='ocrx_word' id='word_1_917' title='bbox 1549 5578 1615 5618; x_wconf 90' lang='lat' dir='ltr'><strong>eo</strong></span> <span class='ocrx_word' id='word_1_918' title='bbox 1648 5561 1794 5617; x_wconf 89' lang='lat' dir='ltr'><strong>inde.</strong></span> <span class='ocrx_word' id='word_1_919' title='bbox 1833 5582 1853 5615; x_wconf 94' lang='lat'><strong>3</strong></span> <span class='ocrx_word' id='word_1_920' title='bbox 1882 5560 2171 5617; x_wconf 71' lang='lat' dir='ltr'><strong>Mattbaeus</strong></span> <span class='ocrx_word' id='word_1_921' title='bbox 2200 5576 2330 5617; x_wconf 84' lang='lat' dir='ltr'><strong>vero</strong></span> <span class='ocrx_word' id='word_1_922' title='bbox 2360 5554 2538 5632; x_wconf 65' lang='lat' dir='ltr'><strong>neque</strong></span> <span class='ocrx_word' id='word_1_923' title='bbox 2565 5554 3041 5633; x_wconf 76' lang='lat' dir='ltr'><strong>appropinquasse</strong></span> <span class='ocrx_word' id='word_1_924' title='bbox 3073 5559 3331 5617; x_wconf 87' lang='lat' dir='ltr'><strong>Hiericho</strong></span> <span class='ocrx_word' id='word_1_925' title='bbox 3352 5557 3553 5620; x_wconf 84' lang='lat' dir='ltr'><strong>scribit.</strong></span> <span class='ocrx_word' id='word_1_926' title='bbox 3582 5563 3668 5607; x_wconf 68' lang='lat' dir='ltr'><strong>nec</strong></span> <span class='ocrx_word' id='word_1_927' title='bbox 3681 5555 3789 5612; x_wconf 68' lang='grc' dir='ltr'><strong>(ιωδ</strong></span> 
     </span>
    </p>
   </div>
   <div class='ocr_carea' id='block_1_104' title="bbox 658 5676 3781 5776">
    <p class='ocr_par' dir='ltr' id='par_1_104' title="bbox 658 5676 3781 5776">
     <span class='ocr_line' id='line_1_104' title="bbox 658 5676 3781 5776; baseline -0.004 -27"><span class='ocrx_word' id='word_1_928' title='bbox 658 5694 700 5776; x_wconf 77' lang='lat'><strong>‘_’</strong></span> <span class='ocrx_word' id='word_1_929' title='bbox 716 5694 883 5753; x_wconf 85' lang='lat' dir='ltr'><strong>Marc.</strong></span> <span class='ocrx_word' id='word_1_930' title='bbox 918 5701 1084 5776; x_wconf 45' lang='grc' dir='ltr'><strong>κδ]Σ</strong></span> <span class='ocrx_word' id='word_1_931' title='bbox 1159 5700 1371 5776; x_wconf 28' lang='lat' dir='ltr'><strong>‘f‘ibid.</strong></span> <span class='ocrx_word' id='word_1_932' title='bbox 1401 5702 1491 5758; x_wconf 70' lang='lat'><strong>48.</strong></span> <span class='ocrx_word' id='word_1_933' title='bbox 1567 5699 1980 5776; x_wconf 43' lang='lat' dir='ltr'><strong>fiibid.5_l_,52_.</strong></span> <span class='ocrx_word' id='word_1_934' title='bbox 2057 5702 2101 5733; x_wconf 85' lang='grc'><strong>¹¹⁵</strong></span> <span class='ocrx_word' id='word_1_935' title='bbox 2122 5699 2256 5776; x_wconf 63' lang='lat' dir='ltr'><strong>Luc.</strong></span> <span class='ocrx_word' id='word_1_936' title='bbox 2290 5716 2445 5768; x_wconf 83' lang='lat' dir='ltr'><strong>xvm,</strong></span> <span class='ocrx_word' id='word_1_937' title='bbox 2468 5700 2538 5756; x_wconf 75' lang='lat'><strong>35</strong></span> <span class='ocrx_word' id='word_1_938' title='bbox 2563 5713 2617 5758; x_wconf 90' lang='lat' dir='ltr'><strong>et</strong></span> <span class='ocrx_word' id='word_1_939' title='bbox 2643 5719 2760 5776; x_wconf 88' lang='lat' dir='ltr'><strong>seq.</strong></span> <span class='ocrx_word' id='word_1_940' title='bbox 2840 5700 3065 5758; x_wconf 64' lang='lat' dir='ltr'><strong>“hlaro.</strong></span> <span class='ocrx_word' id='word_1_941' title='bbox 3090 5716 3157 5769; x_wconf 77' lang='grc' dir='ltr'>ι,</span> <span class='ocrx_word' id='word_1_942' title='bbox 3183 5699 3276 5755; x_wconf 68' lang='grc'><strong>46.</strong></span> <span class='ocrx_word' id='word_1_943' title='bbox 3354 5693 3586 5753; x_wconf 72' lang='lat' dir='ltr'><strong>&quot;Matth.</strong></span> <span class='ocrx_word' id='word_1_944' title='bbox 3609 5676 3781 5747; x_wconf 69' lang='lat'><strong>&quot;.29.</strong></span> 
     </span>
    </p>
   </div>
   <div class='ocr_carea' id='block_1_105' title="bbox 589 5763 2246 5841">
    <p class='ocr_par' dir='ltr' id='par_1_105' title="bbox 589 5763 2246 5841">
     <span class='ocr_line' id='line_1_105' title="bbox 589 5763 2246 5841; baseline 0.006 -23"><span class='ocrx_word' id='word_1_945' title='bbox 589 5764 631 5795; x_wconf 82' lang='lat'><strong>&quot;‘</strong></span> <span class='ocrx_word' id='word_1_946' title='bbox 671 5763 802 5823; x_wconf 85' lang='lat' dir='ltr'><strong>Luc.</strong></span> <span class='ocrx_word' id='word_1_947' title='bbox 834 5763 987 5835; x_wconf 70' lang='grc' dir='ltr'>κνιιι,</span> <span class='ocrx_word' id='word_1_948' title='bbox 1018 5771 1108 5826; x_wconf 76' lang='grc'><strong>56.</strong></span> <span class='ocrx_word' id='word_1_949' title='bbox 1186 5772 1230 5804; x_wconf 80' lang='grc'><strong>¹⁹</strong></span> <span class='ocrx_word' id='word_1_950' title='bbox 1266 5772 1433 5829; x_wconf 76' lang='lat' dir='ltr'><strong>Marc.</strong></span> <span class='ocrx_word' id='word_1_951' title='bbox 1470 5790 1526 5834; x_wconf 86' lang='lat' dir='ltr'><strong>x,</strong></span> <span class='ocrx_word' id='word_1_952' title='bbox 1558 5772 1648 5829; x_wconf 72' lang='grc'><strong>47.</strong></span> <span class='ocrx_word' id='word_1_953' title='bbox 1724 5773 1770 5805; x_wconf 77' lang='grc'><strong>’⁸</strong></span> <span class='ocrx_word' id='word_1_954' title='bbox 1808 5763 2000 5830; x_wconf 71' lang='lat' dir='ltr'><strong>Matth.</strong></span> <span class='ocrx_word' id='word_1_955' title='bbox 2032 5788 2127 5841; x_wconf 77' lang='lat' dir='ltr'><strong>xx,</strong></span> <span class='ocrx_word' id='word_1_956' title='bbox 2156 5771 2246 5829; x_wconf 75' lang='lat'><strong>30.</strong></span> 
     </span>
    </p>
   </div>
   <div class='ocr_carea' id='block_1_106' title="bbox 656 5880 1769 5958">
    <p class='ocr_par' dir='ltr' id='par_1_106' title="bbox 656 5880 1769 5958">
     <span class='ocr_line' id='line_1_106' title="bbox 656 5880 1769 5958; baseline 0.007 -22"><span class='ocrx_word' id='word_1_957' title='bbox 656 5880 768 5950; x_wconf 73' lang='lat'><strong>(88)</strong></span> <span class='ocrx_word' id='word_1_958' title='bbox 805 5880 994 5949; x_wconf 80' lang='grc' dir='ltr'><strong>Αὐτῷ.</strong></span> <span class='ocrx_word' id='word_1_959' title='bbox 1036 5883 1197 5942; x_wconf 84' lang='lat' dir='ltr'><strong>Forte</strong></span> <span class='ocrx_word' id='word_1_960' title='bbox 1224 5886 1533 5958; x_wconf 75' lang='lat' dir='ltr'><strong>legendum,</strong></span> <span class='ocrx_word' id='word_1_961' title='bbox 1568 5891 1769 5951; x_wconf 73' lang='grc' dir='ltr'>αὐτῶν.</span> 
     </span>
    </p>
   </div>
  </div>
