3962 6542
539 333 677 390 ιιιθ

1984 364 1987 369 .
2007 322 2330 380 ORIGENIS

533 448 756 520 scripsit
780 448 824 479 "
850 463 864 500 :
916 466 934 498 ι
966 446 1027 502 Et
1062 462 1186 502 cum
1216 448 1713 519 appropinquarent
1734 445 2104 516 Jerosolymte,

2212 446 2299 499 ὅτε
2326 445 2634 516 ἐγγίζουσιν
2664 448 2745 511 είς
2786 447 3135 520 Ἱεροσόλυμα
3165 447 3260 502 καὶ
3283 450 3364 513 είς
3383 447 3669 522 Βηθανίαν
3694 451 3792 521 (90)

532 549 590 598 et
616 539 890 597 Bethania:
927 539 993 594 ad
1034 550 1272 595 montem
1297 537 1597 607 Olivarum,
1632 558 1652 591 ι
1694 549 1751 595 et
1774 539 2006 610 reliqua,
2036 538 2104 592 ad

532 631 651 691 haec
695 646 909 702 usque:
940 651 959 684 ‹
1010 629 1077 686 Ει
1106 631 1365 687 continuo
1408 632 1561 687 illum
1609 630 1865 688 dimittet.
1899 650 1918 683 ι
1983 628 2110 685 Haec

532 737 750 794 quoque
777 721 954 777 Lucas
1002 720 1071 776 iis
1093 720 1274 777 verbis
1318 721 1572 791 exposuit
1594 721 1641 753 "
1667 737 1680 773 :
1714 740 1733 773 ι
1764 719 2110 777 Praecedebat

532 813 834 869 ascendens
882 810 1278 886 Jerosolymam
1303 852 1319 880 ,
1382 830 1402 864 ι
1452 821 1506 868 et
1549 811 1782 883 reliqua,
1822 826 1997 882 usque
2039 810 2108 866 ad

531 904 627 963 id:
658 923 677 957 ι
710 904 801 960 Sic
837 898 1052 969 dicetis,
1099 902 1226 973 quia
1276 902 1539 960 Dominus
1589 919 1657 959 eo
1704 920 1841 974 opus
1869 903 2052 959 habet.
2082 921 2101 955 ι

534 993 711 1066 Super
741 994 934 1048 talibus
956 993 1230 1065 Evangelii
1260 994 1397 1049 locis
1427 995 1493 1050 ad
1523 995 1848 1065 scriptorum
1894 1003 2111 1050 senten-

536 1087 666 1143 tiam
710 1100 773 1141 ac
801 1084 1086 1141 consilium
1138 1096 1373 1141 mentem
1419 1086 1699 1144 advertere
1753 1102 1932 1159 opera:
1982 1101 2108 1157 pre-

533 1181 667 1236 tium
696 1188 799 1247 est,
831 1195 1090 1251 quorsum
1117 1188 1239 1250 post
1264 1179 1531 1253 prodigia,
1564 1188 1618 1236 et
1648 1195 1828 1236 rerum
1864 1195 1893 1234 a
1921 1179 2103 1250 Sospi-

533 1284 708 1332 tatore
739 1287 1017 1347 gestarum
1053 1282 1331 1345 portenta,
1362 1288 1427 1327 ea
1460 1272 1621 1327 etiam
1657 1272 2105 1343 conscripserint,

531 1383 653 1438 quae
680 1367 815 1422 nihil
850 1365 1118 1437 ejusmodi
1159 1364 1439 1441 exhibent.
1471 1362 1602 1419 Esto
1626 1364 1770 1419 enim
1799 1364 1867 1420 de
1896 1365 2109 1420 visione

531 1457 692 1514 caecis
726 1457 997 1522 restituta,
1036 1453 1461 1526 paralyticorum
1509 1455 1814 1521 sanatione,
1866 1465 2110 1510 mortuo-

531 1565 655 1606 rum
707 1549 1124 1613 resurrectione,
1153 1556 1208 1601 et
1238 1546 1579 1616 leprosorum
1616 1546 1939 1616 purgatione
1965 1562 2108 1602 com-

530 1641 756 1698 mentati
783 1641 894 1696 sint
927 1638 1294 1709 evangelista,
1325 1645 1386 1692 ut
1418 1637 1746 1707 scriptorum
1778 1652 1997 1691 suorum
2033 1638 2109 1692 le-

524 1742 709 1789 ctores
753 1732 808 1787 in
832 1731 960 1787 Jesu
1008 1730 1387 1786 aediﬁcentur:
1423 1727 1555 1799 quid
1597 1738 1777 1784 autem
1829 1729 2108 1800 proposito

2212 538 2346 610 πρὸς
2378 537 2440 593 τδ
2476 537 2602 612 ὅρος
2637 537 2744 593 τῶν
2786 539 3031 606 Ἐλαιῶν,
3057 559 3077 592 ι
3109 538 3205 594 καὶ
3230 540 3299 595 τὰ
3325 540 3474 611 ἑξῆς,
3520 540 3635 603 ειυς
3674 542 3789 595 τοῦ.

2218 649 2236 683 t
2272 631 2382 685 Καὶ
2405 630 2605 696 εὐθέως
2637 630 2797 687 αὑτὸν
2817 631 3135 686 ἀποστελεῖ·
3174 651 3196 683 θ
3226 634 3254 685 ό
3280 631 3336 684 δὲ
3356 633 3581 695 Λουκᾶς
3616 633 3794 687 τοῦτον

2208 722 2301 776 τὸν
2340 721 2538 794 τρόπον
2571 721 2870 777 καὶταῦτα
2898 722 3103 777 εἰπών·
3148 742 3168 775 ι
3224 720 3558 794 Ἐπορεύετο
3604 724 3793 795 ἐμπρο-

2210 814 2334 869 σθεν
2369 814 2670 870 ἀναϐαίνων
2699 818 2778 881 είς
2811 816 3180 888 Ἱεροσόλυμα,
3208 835 3227 869 ι
3261 817 3358 870 καὶ
3384 816 3458 871 τά
3497 817 3653 888 ἑξῆς,
3698 820 3790 883 ἕως

2208 907 2339 962 τοῦο
2387 928 2406 960 ι
2460 908 2647 972 Οὕτως
2692 911 2889 980 ἐρεῖτε,
2932 910 3014 962 ὃτι
3055 910 3084 963 ό
3132 908 3340 980 Κύριος
3385 909 3559 963 αὐτοῦ
3616 911 3791 980 χρείαν

2210 997 2339 1069 ἔχει.
2386 1017 2405 1050 ι
2457 997 2638 1062 Ἀξιόν
2680 999 2795 1051 ἐστι
2846 997 3078 1069 μάλιστα
3120 999 3213 1051 ἐπὶ
3252 999 3364 1052 τῶν
3406 999 3670 1052 τοιούτων
3704 1000 3787 1053 τοῦ

2208 1086 2539 1157 Εύαγγελίου
2602 1087 2779 1160 ῥητῶν
2848 1088 3140 1151 ἐπιστῆσαι
3188 1088 3267 1161 τῷ
3336 1089 3648 1161 βουλήματι
3696 1090 3791 1143 τῶν

2210 1179 2630 1251 ἀναγραφόντων
2681 1180 2775 1233 καὶ
2818 1182 2884 1251 τῇ
2932 1179 3251 1253 προαιρέσει
3308 1181 3526 1244 αὐτῶν,
3578 1183 3633 1235 τί
3680 1199 3785 1235 σκο-

2209 1267 2437 1331 ποῦντες
2466 1267 2782 1343 ἀνέγραψαν
2820 1269 2958 1340 πρὸς
2996 1273 3110 1335 τοῖς
3148 1270 3465 1343 τεραστίοις
3492 1272 3592 1326 καὶ
3630 1290 3791 1343 παρα-

2207 1360 2378 1426 δόξοις
2434 1360 2544 1414 τῶν
2607 1361 2712 1415 ὑπὸ
2775 1360 2867 1415 τοῦ
2943 1362 3195 1434 Σωτῆρος
3268 1363 3666 1433 γεγενημένων
3707 1364 3787 1417 καὶ

2207 1452 2276 1506 τὰ
2371 1451 2535 1524 μηδὲν
2632 1452 2964 1523 ἐμφαίνοντα
3061 1453 3322 1507 τοιοῦτον.
3420 1455 3609 1507 Ἔστω
3693 1454 3789 1525 γὰρ

2208 1545 2337 1615 περὶ
2391 1542 2607 1614 τυφλῶν
2672 1543 3041 1613 ἀναδλέψεως,
3103 1545 3198 1598 καὶ
3260 1545 3523 1616 παρέτων
3585 1546 3788 1607 ἰάσεως.

2208 1636 2300 1689 καὶ
2348 1636 2557 1707 νεκρῶν
2603 1636 2983 1698 ἀναστάσεως.
3034 1637 3127 1689 καὶ
3181 1636 3397 1707 λεπρῶν
3454 1635 3791 1708 καθαρίσεως

2211 1726 2740 1800 πεπραγματεῦσθαι
2768 1729 2893 1792 τοὺς
2934 1709 3345 1797 έύαγγελιστάς,
3383 1730 3469 1794 είς
3509 1729 3793 1809 οἰκοδομὴν

532 1825 701 1881 hocce
744 1825 865 1881 loco
898 1823 1262 1892 signiﬁcatum
1306 1822 1518 1885 volunt,
1547 1835 1658 1892 quo
1701 1829 1991 1891 postquam
2016 1819 2104 1875 Je-

2212 1821 2307 1893 τὴν
2357 1822 2482 1892 περὶ
2531 1820 2624 1873 τοῦ
2681 1819 2857 1890 Ἰησοῦ
2899 1822 3011 1883 τοῖς
3043 1820 3450 1891 ἐντευξομένοις
3496 1821 3684 1874 αὐτῶν
3732 1823 3792 1892 τῇ

530 1917 823 1989 rosnlymis
860 1914 1318 1987 appropinquavit
1345 1913 1507 1969 Jesus
1552 1928 1676 1968 cum
1718 1913 2022 1983 discipulis,
2051 1921 2107 1967 et

529 2010 679 2065 venit
698 2008 1009 2079 Bethphage
1046 2022 1214 2078 prope
1255 2015 1495 2061 montem
1539 2003 1853 2069 Olivarum,
1890 2005 2107 2060 misisse

529 2109 784 2157 narratur
804 2099 942 2155 duos
969 2098 1287 2169 discipulos,
1317 2097 1444 2153 dato
1475 2097 1542 2152 iis
1576 2098 1833 2152 mandato
1865 2105 1923 2151 nt
1952 2097 2096 2153 soln-

532 2203 643 2250 tam
689 2207 813 2248 cum
841 2192 991 2262 pullo
1027 2191 1238 2246 asinam
1289 2190 1625 2246 adducerent
1654 2189 1720 2243 ad
1749 2204 1827 2253 se,
1862 2190 1952 2259 qni
1986 2189 2105 2242 lon-

530 2283 656 2356 gius
698 2282 799 2336 iter
846 2280 1013 2352 pedes
1062 2294 1456 2349 nonnunquam
1523 2279 1826 2341 coniicere,
1883 2276 2106 2345 suisque

524 2374 760 2445 pedibus
790 2371 1282 2444 peregrinationem
1326 2370 1615 2425 absolvere
1655 2385 1760 2425 non
1790 2369 2000 2435 renuit;
2047 2377 2109 2422 ut

530 2482 656 2523 cum
682 2464 1019 2536 Jerosolyma
1048 2462 1275 2518 veniens
1306 2476 1407 2531 per
1430 2460 1734 2515 Samariam
1772 2459 2010 2527 transiit,
2039 2459 2106 2515 ad

530 2566 865 2630 pnteumque
901 2554 1165 2626 pervenit,
1196 2563 1251 2609 et
1279 2552 1537 2625 fatigatus
1580 2568 1646 2606 ex
1691 2552 1906 2616 itinere,
1940 2567 2108 2623 prope

531 2647 685 2704 illum
717 2644 964 2704 consedit
982 2644 1074 2697 "‘i
1117 2642 1256 2711 Quid
1285 2643 1386 2700 sibi
1419 2643 1532 2698 vult
1565 2651 1619 2697 et
1647 2642 1763 2712 ipse
1788 2641 1951 2698 Jcsus
1980 2658 2104 2698 cum

528 2739 808 2811 alligatam
844 2737 1057 2794 asinam
1107 2750 1232 2791 cum
1273 2734 1420 2805 pullo
1468 2734 1601 2790 solvi
1636 2734 1813 2804 jubet,
1857 2734 1984 2790 etei
2015 2734 2107 2805 qui

534 2830 636 2885 hac
664 2828 732 2884 de
772 2843 833 2883 re
858 2826 1138 2898 quidpiam
1176 2824 1395 2892 dixerit,
1425 2824 1659 2880 Domino
1702 2825 1771 2880 iis
1809 2841 1946 2896 opus
1985 2841 2109 2882 esse

531 2917 849 2991 responderi
867 2917 1107 2983 mandat,
1136 2915 1389 2986 ipsosque
1412 2915 1699 2993 confestim
1720 2917 2111 2972 dimissurum?

533 3005 740 3064 Tantus
765 3009 910 3064 enim
945 3007 1035 3062 ille
1066 3005 1352 3072 Dominus,
1401 3005 1491 3061 cui
1534 3006 1689 3061 asina
1729 3014 1783 3062 et
1816 3006 1966 3077 pullo
1993 3006 2107 3077 jam

530 3100 664 3155 olim
697 3099 929 3171 alligatis
967 3113 1106 3168 opus
1140 3105 1255 3163 est,
1295 3097 1698 3169 magniﬁcentia
1741 3113 1841 3153 sua
1884 3098 2106 3169 dignum

2210 1914 2429 1984 γραφῇ·
2482 1911 2535 1964 τί
2576 1910 2825 1981 βούλεται
2880 1913 3062 1975 αὐτοῖς
3098 1912 3158 1965 τὺ
3193 1912 3555 1984 προκείμενον
3617 1911 3790 1984 ῥητὸν.

2212 2004 2346 2059 καθὸ
2396 2003 2561 2076 ἡνίκα
2613 2006 2725 2067 τοῖς
2784 2002 3178 2076 Ἱεροσολύμοις
3228 2005 3457 2076 ἤγγισεν
3492 2008 3522 2059 ό
3598 2005 3795 2075 Ἰησσῇ

2214 2093 2352 2165 μετὰ
2406 2091 2515 2147 τῶν
2564 2092 2848 2164 μαθητῶν.
2902 2093 2997 2147 καὶ
3054 2093 3310 2165 ἐλήλυθεν
3364 2097 3445 2159 εἰς
3501 2095 3791 2167 Βηθφαγὴ

2211 2183 2435 2255 πλησίον
2471 2184 2564 2238 τοῦ
2598 2185 2757 2256 ὅρους
2791 2185 2898 2238 τῶν
2939 2185 3184 2251 Ἐλαιῶν,
3231 2187 3517 2241 ἀπέστειλε
3549 2188 3653 2241 δύο
3695 2205 3790 2259 μα-

2212 2272 2401 2345 θητὰς,
2458 2274 2838 2347 ἐντελλόμενος
2893 2277 3076 2340 αὐτοῖς
3124 2278 3254 2350 περὶ
3284 2279 3406 2332 δνου
3446 2281 3542 2333 καὶ
3594 2279 3791 2344 πώλου,

2213 2369 2299 2423 ἵνα
2329 2368 2587 2435 λύσαντες
2612 2370 2893 2439 ἀγάγωσιν
2931 2370 3100 2442 αὐτῷ,
3140 2372 3217 2443 τῷ
3245 2372 3356 2427 ἐσθ’
3392 2374 3481 2427 ὅτε
3517 2374 3596 2447 μὴ
3640 2375 3790 2444 ὀκνή-

2215 2479 2366 2515 σαντι
2402 2460 2623 2516 πλείονα
2659 2462 2777 2517 ὁδὸν
2811 2461 3104 2527 πεζεῦσαι,
3150 2464 3243 2516 καὶ
3284 2465 3396 2528 τοῖς
3431 2465 3634 2519 ἑαυτοῦ
3677 2464 3792 2518 ποσὶ

2213 2554 2310 2626 τὴν
2348 2552 2650 2625 ὁδοιπορίαν
2680 2552 2983 2619 ἐκτελέσαι,
3021 2555 3095 2620 ὡς
3121 2557 3210 2609 ὅτε
3248 2555 3357 2609 ἀπὸ
3406 2556 3790 2628 Ἱεροσολύμων

2212 2642 2465 2715 διήρχετο
2501 2642 2588 2697 διὰ
2618 2643 2719 2714 τῆς
2746 2644 3079 2716 Σαμαρείας,
3112 2644 3325 2715 φθάσας
3355 2645 3446 2699 ἐπὶ
3488 2646 3551 2698 τὸ
3593 2647 3788 2718 ςρὲαρ,

2214 2737 2483 2800 κοπιάσας
2540 2735 2652 2806 (9i)
2713 2738 2778 2790 ὲκ
2826 2736 2928 2806 τῆς
2976 2736 3283 2809 ὁδοιπορίας
3337 2737 3609 2809 ὲκαθέσϐη
3666 2736 3787 2811 παρ’

2214 2825 2394 2897 ater;
2436 2824 2499 2878 Τί
2531 2825 2589 2879 δὲ
2620 2825 2712 2879 καὶ
2748 2825 2898 2897 αύτῷ
2925 2825 3003 2898 τῷ
3044 2827 3217 2898 Ἰησοῦ
3246 2828 3532 2900 πρόκειται
3560 2828 3684 2883 όνον
3707 2828 3788 2882 δε-

2213 2916 2445 2988 δεμένην
2491 2916 2628 2987 μετὰ
2677 2916 2858 2971 πώλου
2899 2917 3120 2973 λύεσθαι
3168 2919 3476 2988 κελεύοντι,
3531 2921 3791 2993 προστάσ-

2217 3023 2362 3060 σοντι
2400 3006 2575 3076 λέγειν
2615 3007 2693 3079 τῷ
2723 3008 3002 3064 ότιποτοῦν
3039 3010 3131 3064 ἐπὶ
3176 3009 3351 3082 τούτῳ
3387 3012 3669 3080 φάσκοντι,
3709 3012 3788 3065 ὃτι

2214 3099 2244 3151 ὁ
2284 3098 2486 3169 Κύριος
2526 3099 2703 3152 αὐτῶν
2751 3100 2940 3173 χρείαν
2986 3099 3120 3171 ἔχει,
3164 3101 3367 3167 εὐθέως
3406 3102 3464 3156 δὲ
3506 3103 3791 3157 ἀποστελεῖ

530 3192 738 3262 aliquid
771 3191 929 3248 nobis
959 3190 1230 3246 ostendat.
1261 3188 1594 3257 Quaestionis
1620 3190 1785 3246 etiam
1817 3189 2107 3246 dilliculta~

2212 3188 2438 3257 αὑτούςς
2494 3189 2554 3243 '0
2605 3191 2714 3262 γὰρ
2763 3192 3081 3263 τηλικοῦτος
3128 3193 3354 3265 Κύριος.
3402 3194 3596 3266 χρείαν
3652 3195 3787 3265 ἔχων

532 3294 642 3340 tem
683 3293 843 3354 auget
868 3281 1163 3338 Zacharias
1199 3282 1461 3353 propheta
1489 3280 1768 3338 Barachite
1807 3282 1973 3352 ﬁlius,
2014 3284 2107 3354 qui

534 3373 877 3446 prophetiam
921 3372 1397 3430 animadversione
1444 3372 1665 3444 dignam
1721 3374 1791 3430 iis
1832 3374 1900 3430 de
1946 3375 2110 3431 rebus

537 3465 744 3529 edidit,
803 3464 860 3519 in
909 3478 1018 3535 qua
1067 3463 1153 3519 bis
1208 3464 1341 3534 ipsis
1384 3464 1565 3521 verbis
1627 3464 1753 3520 talia
1800 3464 2111 3537 conscripta

535 3564 665 3614 sunt
683 3556 765 3609 "z
799 3575 817 3608 ι
842 3555 1029 3612 Gaude
1051 3557 1421 3624 vehementer,
1454 3555 1561 3610 ﬁlia
1589 3554 1754 3624 Sion;
1780 3555 1944 3628 738
1972 3572 2111 3629 prae-

535 3651 678 3718 dica,
716 3651 823 3707 ﬁlia
853 3649 1188 3717 Jerusalem;
1221 3663 1347 3706 ecce
1369 3648 1483 3704 Rex
1513 3657 1639 3704 tuus
1665 3651 1846 3704 veniet
1879 3649 1973 3703 tibi
2017 3648 2108 3720 ju-

534 3755 674 3812 stus,
705 3755 759 3800 et
782 3758 1037 3810 servans;
1081 3743 1197 3813 ipse
1230 3751 1572 3809 mansuetus,
1597 3749 1651 3797 et
1679 3738 1982 3796 ascendens
2013 3757 2110 3796 su-

534 3849 633 3907 per
668 3834 1027 3905 subjngalcm,
1057 3841 1110 3888 et
1141 3832 1349 3903 pullum
1380 3832 1657 3902 juvenem.
1693 3851 1713 3885 ι
1750 3830 1906 3899 Quod
1951 3832 1998 3887 si
2042 3832 2113 3888 ab

536 3926 656 3999 ipso
691 3924 960 3996 Propheta
1009 3926 1221 3982 discere
1251 3925 1363 3991 vis,
1423 3924 1696 3996 quomodo
1749 3925 1905 3995 juxta
1956 3923 2110 3979 haec:

2213 3281 2336 3335 ὄνου
2374 3281 2469 3335 καὶ⁸
2504 3281 2683 3337 πώλου
2713 3282 2820 3336 τῶν
2854 3283 3019 3338 πάλαι
3046 3284 3366 3356 δεδεμένων,
3406 3286 3713 3358 ὲμφαινέτω
3736 3301 3786 3339 τι

2214 3372 2363 3438 ἄξιον
2391 3372 2556 3427 αὑτοῦ
2585 3374 2683 3444 τῆς
2724 3375 3217 3448 μεγαλοπρεπείας.
3273 3377 3563 3432 Ἐπιτείνει
3605 3377 3660 3431 δὲ
3692 3377 3784 3449 τὴν

2216 3465 2358 3521 κατά
2399 3466 2488 3519 τὸν
2525 3465 2686 3520 τόπον
2718 3467 2946 3538 ζήτησιν
2992 3471 3279 3542 προφήτης
3327 3472 3602 3543 Ζαχαρίας
3642 3473 3671 3524 ὁ
3694 3469 3782 3524 τοῦ

2219 3559 2509 3632 Βαραχίου,
2570 3558 2951 3631 προφητεύσας
3010 3560 3139 3632 περὶ
3193 3559 3399 3615 τούτων
3461 3562 3782 3632 προφητείαν

2216 3650 2371 3718 ἀξίαν
2425 3651 2782 3714 ἐπιστάσεως,
2834 3652 2895 3704 ὲν
3025 3652 3213 3716 αὐταῖς
3264 3650 3445 3719 λέξεσι
3493 3653 3779 3725 γέγραπται

2216 3740 2409 3795 ταῦτα·
2457 3760 2475 3792 t
2536 3741 2708 3812 Χαῖρε
2761 3740 2986 3813 σφόδρα,
3034 3740 3271 3814 θύγατερ
3317 3741 3481 3808 Σιὼν,
3533 3746 3776 3814 κήρυσσε.

2219 3830 2456 3904 θύγατερ
2498 3832 2855 3904 Ἱερουεαλήμ
2888 3832 2996 3903 (92)
3018 3848 3032 3863 ’
3072 3832 3182 3887 ἰδοὺ
3225 3836 3253 3887 ὁ
3280 3833 3544 3898 Βασιλεύς
3580 3853 3667 3889 σου
3704 3835 3779 3907 ιρ-

2218 3922 2372 3992 χεταί
2404 3939 2484 3976 σοι
2514 3922 2743 3988 δίκαιος,
2776 3924 2871 3978 καὶ
2906 3922 3113 3989 σώζων,
3140 3923 3302 3988 αὐτὸς
3332 3926 3515 3997 πραῢς
3543 3928 3668 3996 (93),
3694 3926 3777 3981 καὶ

1737 4031 1966 4090 VETUS
2004 4030 2587 4089 INTERPRETATIO.

536 4134 701 4190 situm
727 4146 941 4195 eorum,
969 4130 1099 4201 quid
1125 4131 1557 4201 considerantes,
1588 4137 1712 4201 post
1736 4127 2008 4201 mirabilia
2044 4127 2164 4197 ejus
2193 4137 2247 4201 et
2272 4145 2445 4201 opera
2464 4129 2727 4200 gloriosa,
2768 4128 2933 4184 etiam
2958 4129 3026 4201 de
3047 4127 3386 4185 exhibitione
3411 4131 3584 4186 asina:
3607 4140 3659 4185 et
3675 4145 3773 4186 ses-

537 4204 693 4259 sione
719 4201 933 4256 Domini
964 4197 1130 4271 super
1162 4216 1281 4256 eam
1317 4198 1559 4256 facerent
1583 4197 1942 4271 mentionem.
1966 4197 2114 4271 Pone
2137 4199 2265 4268 quia
2302 4197 2369 4255 de
2399 4197 2934 4271 vis'ionegcatcorum,
2981 4199 3048 4253 de
3097 4201 3525 4271 paralyticorurn
3568 4201 3773 4256 constri—

535 4274 736 4338 etione,
770 4271 837 4327 de
864 4268 1269 4341 resurrectione
1291 4281 1661 4341 mortuorum,
1684 4269 1752 4324 de
1777 4268 2130 4341 mundatione
2154 4271 2494 4341 leprosornm
2523 4269 2864 4341 scripserunt
2899 4268 3274 4341 evangelistae,
3309 4278 3368 4324 ut
3398 4269 3667 4341 aediﬁcent
3697 4272 3773 4325 bu-

536 4343 714 4411 mines
727 4343 798 4411 Ain
830 4341 936 4397 ﬁde
957 4340 1167 4411 ,Christi
1190 4340 1430 4411 legentes
1460 4340 1525 4411 in,
1542 4338 1848 4411 Scripturis
1875 4352 2040 4411 opera
2067 4338 2186 4411 ejus
2211 4357 2238 4411 :_
2256 4339 2384 4409 quid
2408 4349 2588 4411 autem
2610 4338 2899 4395 voluerunt
2926 4338 3276 4411 cpnécribere
3304 4340 3451 4411 quod
3469 4341 3771 4411 appmpians

534 4410 694 4482 Jesus
723 4409 1116 4482 Hierosolymis
1142 4407 1268 4482 curri
1301 4410 1584 4482 discipulis
1617 4407 1755 4482 suis,
1789 4417 1846 4463 et
1866 4407 2104 4482 veniens
2124 4407 2436 4482 Bctltphage
2459 4410 2613 4479 juxta
2652 4420 2894 4482 montem
2928 4409 3123 4482 Oliveti
3145 4449 3161 4472 ,
3190 4407 3344 4464 misit
3365 4407 3523 4466 duos'
3543 4407 3768 4482 discipu-

536 4481 642 4561 los,
678 4480 949 4560 mandans
977 4477 1057 4535 eis
1172 4480 1329 4535 asina
1354 4477 1592 4563 “et_pu|lo
1623 4478 1765 4563 ejus,
1781 4486 1851 4563 ¹μι
1865 4477 2141 4563 solventes
2170 4477 2597 4563 adductmt'eam
2644 4481 2710 4562 ad
2746 4495 2834 4563 se,
2868 4481 2962 4560 qu'i
2999 4480 3311 4563 frequenter
3360 4495 3473 4562 non
3523 4477 3769 4563 pigritarit

537 4551 800 4620 majorem
829 4550 974 4603 viam
1004 4550 1236 4619 pedibus
1262 4547 1564 4617 ambulare,
1591 4547 1734 4620 sicut
1765 4547 1905 4620 iecit
1937 4548 2157 4620 quando
2210 4549 2280 4602 ab
2330 4547 2723 4620 Hierosolymis
2762 4547 3051 4620 transiens
3088 4547 3183 4618 per
3225 4547 3544 4605 Samariam
3584 4547 3686 4605 ibat
3727 4551 3767 4603 in

537 4617 837 4689 Galilatam,
872 4617 1261 4673 cum'venisset
1283 4620 1349 4689 ad
1378 4632 1602 4687 puteum
1629 4633 1695 4674 eo
1719 4617 1912 4689 itinere
1938 4617 2137 4689 lassus,
2172 4628 2225 4673 et
2258 4634 2421 4688 super
2450 4617 2884 4675 eum'sedisset?
2915 4617 3273 4689 Quidautem
3296 4628 3381 4675 est
3404 4622 3555 4687 quod
3601 4632 3652 4675 et
3678 4620 3769 4689 ipse

536 4688 700 4744 Jesus
728 4689 1095 4760 asinam_cum
1122 4688 1269 4757 pullo
1299 4688 1419 4757 ejus
1451 4689 1670 4760 ligatam
1715 4688 1925 4760 solvere
1959 4688 2135 4760 jubet,
2169 4697 2225 4760 ct
2273 4687 2495 4743 mandat
2533 4699 2590 4742 ut
2622 4689 2821 4744 dicenti
2863 4691 3021 4760 sibi:
3052 4687 3234 4760 Quare
3288 4689 3539 4745 solvitis?
3566 4687 3763 4760 respou-

537 4759 701 4814 deant
730 4775 744 4812 :
778 4756 916 4824 Quia
936 4756 1204 4829 Dominus
1236 4756 1456 4827 operam
1476 4756 1597 4828 ejus
1621 4758 1914 4829 desiderat,
1956 4756 2243 4813 confestim
2268 4767 2453 4829 autem
2482 4759 2721 4814 remittet
2752 4773 2898 4816 eam.
2949 4758 3060 4815 Nec
3084 4758 3232 4829 enim
3256 4759 3584 4829 rhujusmodi
3611 4756 3766 4813 Demi-

538 4844 644 4885 nus
674 4828 1040 4884 necessariam
1070 4827 1276 4882 habens
1306 4830 1519 4883 asinam
1548 4836 1603 4882 et
1629 4828 1837 4898 pullum
1867 4829 1986 4898 ejus
2010 4828 2304 4898 aliquando
2337 4828 2531 4899 ligatos
2551 4868 2567 4894 ,
2603 4829 2844 4885 ostendit
2868 4830 2921 4884 in
2959 4830 3136 4900 prima
3163 4827 3304 4884 facie
3330 4827 3542 4901 aliquid
3570 4832 3764 4901 dignun

526 5066 531 5089 δ
609 4993 655 5028 ³⁷
695 4990 862 5050 Marc.
891 4993 1024 5061 31,1
1054 5003 1109 5050 et
1144 5009 1260 5066 seq.
1334 4996 1380 5028 ’³
1418 4992 1553 5053 Luc.
1592 5012 1707 5064 xu,
1734 4994 1806 5051 28
1834 5004 1889 5052 et
1911 5012 2025 5068 seq.
2101 4999 2107 5029 ε

2215 5012 2342 5052 oan.
2372 5012 2448 5063 ιν,
2615 4996 2659 5029 ³ο
2699 4995 2865 5051 Zach.
2902 5013 2977 5063 ix,
3012 4997 3067 5053 9.

604 5149 733 5223 (90),
766 5148 1129 5223 ’Enjlfovmr
1159 5151 1248 5216 εις
1282 5148 1660 5223 Ἱεροσόλυμα
1682 5151 1779 5206 καὶ
1798 5152 1897 5223 εἰς
1927 5154 2108 5223 3916a-

517 5198 526 5260 Ι
573 5198 1777 5291 ίᾶἶξίιᾷένύιξᾶίηνεῖηίοῖρτξξῖἶίᾷἷεῖῑνῦῖῖξ
1793 5198 2103 5276 ίῖεὶέἷὶἷῖιὲ.

539 5305 652 5353 atx,
684 5290 775 5346 29.
803 5289 895 5345 Sic
918 5289 1108 5344 autem
1138 5289 1312 5345 Graeci
1343 5290 1560 5345 codices
1590 5292 1789 5347 habent
1820 5310 1834 5346 :
1872 5292 1983 5345 Καὶ
2016 5294 2106 5345 ὅτε

535 5361 842 5435 εγγίζουσιν
890 5362 971 5423 είς
985 5357 1386 5435 ςιερουσαλῂμ,
1414 5362 1499 5435 εἰς
1538 5360 1845 5435 Βεθφαγὴν,
1877 5361 1971 5435 Eat
1996 5362 2107 5435 Βη-

537 5377 842 5429 εγγιςουσιν
890 5377 971 5423 εις
1017 5377 1386 5483 ἰεθρουσαλῃμ,
1414 5377 1495 5445 εις
1539 5377 1845 5434 υευφαγην,
1877 5377 1971 5416 και
1996 5377 2106 5443 ϋη-

537 5430 760 5502 θανίανξ
791 5430 944 5502 deest
985 5429 1064 5500 Βη
1101 5431 1249 5502 φαγῄ
1288 5446 1343 5486 tn
1389 5431 1737 5502 quibusdam.
1768 5436 1840 5486 At
1880 5430 2018 5488 Beza
2050 5449 2106 5487 in

539 5502 685 5555 hunc
712 5497 879 5572 Harci
904 5497 1356 5572 locum,'t_Vetus
1378 5497 1559 5572 autem
1592 5500 1879 5571 interpres,
1907 5503 2107 5572 inquit,

538 5580 598 5626 ut
628 5578 684 5624 et
715 5566 907 5640 Syrus,
942 5570 1113 5625 solam
1162 5569 1481 5626 Bethaniam
1529 5566 1939 5637 commemorat,
1983 5566 2107 5627 ineo

536 5638 908 5714 vetustissimo
949 5640 1134 5714 codice
1166 5640 1539 5714 a‘Stipulante;
1585 5660 1605 5694 ι
1636 5657 1762 5698 cum
1814 5640 1985 5714 Syrus
2027 5651 2108 5698 ta-

536 5726 659 5765 men
673 5707 995 5783 liethphage
1022 5720 1075 5765 et
1095 5707 1413 5783 Bethaniam
1436 5707 2108 5783 commemoret,'consen-

536 5779 796 5837 tientibus
826 5777 1105 5852 EthiOpe,
1141 5790 1195 5838 et
1230 5778 1415 5840 Persa.
1444 5780 1707 5841 Hunnus.

2287 5150 2398 5244 $23.2
2437 5151 2767 5244 temac-
2787 5152 2972 5244 ηξοηε
2993 5152 3373 5244 εεςῑινεηιιιιωι
3391 5155 3489 5244 τιαι

2286 5224 2399 5304 (9Ξ)
2437 5222 2744 5292 Κήρυσσε,
2781 5225 3032 5294 θύγατερ
3070 5224 3481 5295 Ἰερουσαλήμ.
3528 5225 3761 5295 Vulgata:

2219 5291 2486 5376 «‘Jubila,
2548 5293 3093 5376 tiliamJerusalem.»
3154 5293 3444 5351 Hebraeum
3514 5295 3648 5351 enim
3692 5300 3764 5354 ’19

2215 5373 2513 5434 utrumque
2546 5364 2837 5434 signiﬁcat.
2873 5363 2955 5434 lo.
3464 5392 3474 5403 -

2284 5432 2396 5506 (95)
2421 5432 2630 5506 ’Δότὸρ
2679 5435 2891 5503 πραῢς.
2934 5433 3336 5506 Symmachus,
3383 5443 3441 5491 et
3495 5435 3558 5491 5·
3577 5432 3721 5490 editio

2216 5501 2737 5578 πτωχόςηιίυειὶηιιὲ
2778 5501 3075 5578 υιιίιῐηῄιιο
3108 5506 3271 5561 habet
3312 5505 3516 5578 πραΰς,
3543 5514 3593 5559 et

2214 5566 2537 5646 xéc-"Hebr.
2584 5580 2707 5641 ἰν,
2755 5575 2903 5645 quod
2956 5566 3301 5646 (pauperem
3330 5566 3373 5629 ι’
3404 5566 3559 5631 sonat
3598 5566 3749 5630 :LXX

2212 5653 2394 5698 autem
2428 5644 2731 5715 _lege_runt,
2778 5644 2910 5715 τυ,
2956 5644 3133 5715 quod
3178 5653 3264 5701 est
3321 5664 3343 5698 ι
3374 5652 3741 5715 mansuetus.t

2211 5710 2675 5787 quemadmodum
2699 5710 2754 5787 et
2783 5710 3387 5787 Jonatbau.'l‘beodotio
3406 5758 3422 5787 ,
3478 5710 3741 5774 ἐπακούων

2212 5798 2242 5838 a
2266 5793 2394 5855 my,
2434 5784 2781 5842 «exaudivit.
2811 5803 2831 5837 ι
2863 5786 2942 5841 ιι).

3667 331 3795 387 tm
3912 302 3913 323 ‘
