3962 6532
140 774 143 775 ν
240 704 491 782 ξηεήσας
524 710 623 780 τὴν
660 710 964 783 ἀποστολὴν
995 711 1028 783 ἢ
1068 713 1177 766 τῶν
1218 714 1366 769 κατὰ
1409 715 1501 769 τὸν
1554 715 1829 770 Ματθαῖον

222 981 455 1054 ’Κύριος
498 983 705 1054 Ἰησοῦς
743 986 997 1057 Χριστὸς,
1017 986 1085 1041 δι’
1116 978 1178 1041 οὗ
1206 988 1276 1042 τὰ
1308 989 1502 1055 πάντα,
1524 1010 1542 1042 ι
1579 984 1623 1059 ᾧ
1656 990 1828 1062 μηδα-

185 1148 203 1167 .
244 1074 371 1145 μῶς
404 1075 706 1166 αντιλέγειν
738 1076 930 1148 ἔμελλε
975 1078 1084 1133 τῶν
1122 1078 1389 1148 λεγόντων
1427 1098 1546 1145 τις’
1585 1100 1604 1133 ι
1651 1081 1745 1146 Εἰς
1777 1081 1830 1138 τι

238 407 390 466 {4‘25
1196 407 1546 466 COMMENT.
1589 410 1655 464 IN
1693 398 1837 466 MAT

1935 410 2105 469 :EUM
2143 411 2379 470 TOMUS
2414 412 2558 471 XVI.

3369 409 3506 470 itis

239 523 388 590 Θέως
411 526 468 580 δέ
492 526 781 580 ἀποστελεῖ
810 526 1026 592 αὐτοὺς,
1062 546 1080 579 i
1228 548 1246 580 ι
1281 528 1390 583 Καὶ
1421 531 1625 596 εὐθέως
1659 533 1822 587 αὑτὸν

1931 509 2012 591 his
2041 535 2220 591 verbis
2247 535 2293 569 ”
2319 552 2333 589 :
2365 555 2384 588 ι
2412 535 2478 591 Et
2508 532 2796 592 confestim
2837 533 3071 592 dimittet
3099 550 3230 605 eos;
3254 555 3282 591 ιΔ
3316 535 3401 591 Vel
3426 535 3503 592 “z

236 615 535 670 ἀποστελεῖ
566 617 727 671 πάλιν
767 610 901 671 ὦδε·
946 636 964 670 i
1003 617 1184 683 λύσεις
1210 619 1268 673 δὲ
1296 619 1357 673 τὸ
1388 622 1825 695 ἐπηπορημένον,

1936 643 1958 678 ι
2002 624 2069 680 Et
2118 627 2379 683 continuo
2427 627 2581 683 illum
2638 625 2874 683 dimittet
2925 626 3031 683 huc
3077 644 3345 697 rursum;
3376 646 3397 682 ι
3450 638 3508 683 at

1928 718 2280 789 quaestionem
2334 719 2406 775 ita
2451 718 2650 785 solves,
2699 717 2746 773 si
2789 717 2874 772 vel
2898 716 3130 773 duorum
3178 719 3394 777 illorum
3437 719 3506 775 de

1929 808 2129 877 quibus
2156 807 2463 874 Matthmus,
2497 808 2579 863 vel
2614 807 2748 879 pulli
2789 806 2858 862 de
2895 820 3006 878 quo
3042 807 3282 878 Marcus,
3309 811 3502 869 dimis-

1930 902 2137 953 sionem
2183 900 2551 969 perpenderis.
2589 899 2746 965 Quod
2778 905 2960 954 autem
3012 916 3120 956 non
3168 900 3310 956 alius
3350 901 3503 971 quis-

1929 1002 2093 1060 quam
2132 991 2477 1061 alligatorum
2518 994 2774 1052 dominus
2814 1003 2952 1062 erat,
2979 1008 3142 1064 quam
3178 1010 3199 1045 ι
3228 1008 3371 1048 υηυε
3396 991 3482 1049 Do

1929 1081 2113 1138 minus
2130 1100 2149 1135 ι
2182 1092 2367 1139 noster
2398 1102 2419 1135 ι
2436 1083 2593 1140 Jesus
2610 1084 2862 1143 Christus
2890 1102 2985 1157 per
3002 1100 3165 1157 quem
3192 1082 3375 1141 omnia
3398 1082 3496 1148 ⁸⁸,ο

1930 1172 2019 1228 cui
2060 1172 2434 1244 rei'ragaturus
2468 1190 2629 1231 nemo
2663 1186 2782 1232 erat
2820 1193 2886 1232 ex
2930 1177 2997 1232 iis
3026 1175 3119 1247 qui
3144 1172 3500 1230 dicebant”:

1937 1281 1956 1314 ι
1985 1259 2125 1331 Quid
2164 1266 2373 1322 solVitis
2401 1267 2651 1336 pullum?
2684 1287 2702 1320 ι
2749 1268 2834 1324 vel
2873 1268 3022 1323 aliud
3061 1265 3350 1339 quidlibet,
3385 1279 3504 1319 ma.

1931 1355 2187 1411 nifestum
2253 1367 2379 1425 est;
2454 1373 2579 1414 nam
2644 1361 2802 1431 quasi
2872 1361 3101 1415 minime
3165 1357 3503 1415 adversaturi

1930 1456 2136 1515 essent,
2170 1447 2309 1504 dixit
2336 1447 2591 1507 Servator
2612 1451 2696 1505 ":
2726 1469 2747 1503 ι
2774 1451 2842 1506 Et
2878 1452 2924 1507 si
2958 1451 3082 1523 quis
3110 1449 3265 1506 vobis
3298 1447 3504 1519 aliquid

1931 1538 2164 1604 dixerit,
2223 1541 2387 1597 dicite
2429 1543 2555 1613 quia
2602 1541 2866 1598 Dominus
2908 1541 2996 1598 his
3053 1556 3194 1611 opus
3244 1541 3442 1606 habet;
3475 1557 3496 1591 ο

1931 1633 2015 1688 vel
2059 1633 2105 1666 “
2148 1649 2163 1687 :
2208 1652 2230 1687 ι
2275 1633 2333 1690 Si
2376 1635 2500 1706 quis
2549 1634 2704 1691 vobis
2758 1635 2959 1689 dixerit
2995 1650 3011 1689 :
3059 1632 3241 1700 Quare
3292 1630 3505 1688 solvitis

1934 1723 2179 1793 pullum?
2217 1723 2386 1779 Dicite
2419 1724 2546 1794 quia
2581 1723 2814 1779 Domino
2840 1721 3181 1778 necessarius
3209 1729 3327 1789 est;
3361 1740 3380 1774 ι
3419 1720 3505 1776 vel

1933 1814 2389 1887 quemadmodum
2424 1816 2501 1871 ait
2532 1814 2710 1873 Lucas
2732 1817 2812 1870 “z
2841 1834 2861 1869 ι
2886 1814 2942 1872 Si
2966 1818 3098 1887 quis
3128 1829 3227 1870 vos
3272 1812 3507 1867 interro.

1938 1907 2187 1979 gaverit:
2220 1904 2401 1973 Quare
2459 1906 2709 1965 solvitis?
2745 1909 2825 1964 sic
2855 1908 3049 1964 dicetis
3081 1907 3132 1962 ei
3172 1924 3187 1961 :
3228 1904 3367 1973 Quia
3399 1902 3506 1959 Do-

1933 1998 2115 2054 minus
2154 2012 2375 2068 operam
2416 1999 2537 2069 ejus
2582 2000 2874 2056 desiderat.
2905 2020 2930 2067 ι,
2968 1999 3190 2068 Quaeres
3231 1996 3396 2053 etiam
3435 2010 3506 2051 an

1928 2097 2221 2162 postquam
2255 2089 2651 2164 Jerosolymam
2699 2092 2965 2163 pervenit,
3011 2100 3068 2148 et
3113 2105 3209 2147 eos
3250 2088 3338 2145 vel
3377 2101 3504 2143 eum

1934 2182 2193 2240 Servator
2253 2183 2594 2251 conscendit,
2629 2183 2808 2255 aliqua
2862 2182 2979 2239 fieri
3032 2181 3262 2239 debebat
3316 2177 3507 2237 missio

1930 2275 1998 2331 ad
2029 2276 2400 2333 necessarium
2448 2276 2568 2332 loco
2598 2276 2727 2331 huic
2752 2290 2891 2347 Opus
2922 2274 3232 2346 quidpiam;
3268 2280 3329 2328 ut
3349 2272 3505 2342 juxta

1929 2367 1983 2423 id
2028 2369 2175 2439 quod
2222 2368 2440 2425 silentio
2489 2368 2707 2438 quidem
2759 2366 3184 2438 praetermissum
3236 2371 3355 2431 est,
3411 2361 3508 2418 sed

1927 2460 2290 2517 nihilominus
2347 2460 2721 2532 signiﬁcatur,
2789 2460 2917 2515 licet
2956 2476 3065 2516 non
3106 2465 3324 2529 aperte,
3368 2467 3507 2526 opus

1930 2551 2157 2621 aliquod
2200 2550 2445 2607 facerent
2485 2550 2638 2606 asina
2687 2557 2742 2605 et
2785 2550 2987 2620 pullus.
3035 2547 3092 2603 Id
3118 2548 3255 2603 adeo
3284 2543 3418 2601 mihi
3450 2543 3506 2598 in

1930 2650 2166 2697 mentem
2215 2640 2487 2712 suggessit
2529 2642 2924 2697 beatitudinum
2959 2641 3094 2697 ordo
3135 2640 3191 2695 in
3217 2634 3509 2707 Evangelia

1932 2732 2229 2788 secundum
2276 2731 2589 2788 Mattliaaum
2648 2732 2980 2804 propositus,
3015 2732 3069 2787 in
3112 2730 3334 2801 quibus,
3380 2730 3509 2802 pos!

1930 2824 2059 2879 illud
2088 2841 2101 2877 :
2135 2843 2153 2876 ι
2185 2824 2334 2879 Beati
2384 2840 2651 2895 pauperes
2700 2825 2916 2896 spiritu,
2960 2824 3090 2895 quia
3136 2824 3380 2895 ipsorum
3422 2830 3510 2879 est

1932 2931 2160 2985 regnum
2186 2916 2473 2979 cmlorum,
2504 2935 2523 2968 ι
2570 2900 2843 2985 deinceps
2871 2916 2924 2970 id
2970 2915 3234 2985 scriptum
3285 2922 3504 2970 exstat:

1938 3024 1956 3055 ι
1987 3003 2136 3059 Beati
2191 3005 2371 3069 mites,
2400 3004 2662 3075 quoniam
2715 3004 3075 3075 possidebunt
3127 3013 3326 3060 terram
3357 3002 3438 3058 “:
3478 3021 3499 3057 ι

1929 3094 2019 3151 hic
2055 3094 2199 3149 enim
2235 3094 2464 3149 observa
2491 3108 2680 3149 eorum
2719 3095 2896 3165 primo
2922 3109 3043 3151 esse
3077 3109 3307 3165 regnum
3335 3094 3475 3149 cmlo

1931 3200 2075 3249 rum,
2106 3184 2198 3255 qui
2229 3184 2367 3240 beati
2395 3185 2780 3255 praedicantur,
2819 3191 2874 3239 et
2907 3183 3057 3255 ipsos
3086 3183 3280 3239 deinde
3305 3194 3503 3238 terram

1934 3290 2326 3344 possessuros;
2384 3290 2493 3331 non
2538 3276 2698 3346 quasi
2753 3289 2850 3345 per
2907 3290 3069 3331 omne
3119 3290 3293 3330 aevum
3338 3287 3503 3343 super

1931 3382 2052 3421 eam
2097 3364 2267 3421 futuri
2308 3366 2450 3435 sint,
2495 3381 2618 3421 nam
2660 3376 2947 3437 postquam
2997 3366 3262 3422 solamine
3304 3364 3507 3421 fuerint

1935 3458 2131 3524 levati,
2172 3468 2226 3513 et
2264 3468 2545 3529 propterea
2586 3460 2732 3529 quod
2771 3460 3084 3526 esurierint,
3136 3466 3192 3515 et
3234 3455 3509 3514 sitiverint

1930 3548 2224 3619 justitiam,
2267 3550 2384 3620 ipsa
2422 3551 2604 3607 satiati
2654 3560 2709 3606 et
2750 3552 3181 3607 misericordiam
3226 3551 3504 3607 consecuti

1935 3640 2160 3707 fuerint,
2208 3651 2261 3697 et
2304 3640 2472 3697 Deum
2527 3643 2797 3710 viderint,
2851 3644 3133 3714 ipsiusque
3180 3643 3276 3698 lilii
3328 3648 3503 3699 vocati

1934 3730 2155 3797 fuerint,
2195 3747 2387 3787 rursus
2424 3732 2690 3788 caelorum
2724 3748 2890 3804 regno
2930 3733 3301 3789 restituentur.
3344 3734 3503 3800 Quom

1934 3823 1980 3879 si
2010 3824 2160 3880 asina
2192 3833 2245 3878 et
2275 3824 2455 3893 pullus
2477 3839 2616 3894 quos
2642 3825 2900 3879 Servator
2942 3817 3280 3891 conscendit,
3309 3823 3346 3879 ii
3379 3837 3501 3880 sunt

1933 3930 2073 3984 quos
2108 3914 2369 3980 diximus,
2410 3931 2543 3971 cave
2592 3930 2660 3970 ne
2700 3915 2754 3970 in
2805 3917 3016 3971 ratione
3058 3916 3362 3971 carentium
3412 3929 3488 3971 ve

1932 4009 2234 4063 terinorum
2283 4006 2603 4062 animalium
2648 4023 2771 4062 cum
2827 4007 2895 4061 iis
2935 4007 3136 4077 quibus
3173 4013 3362 4063 vectus
3404 4005 3507 4063 fuit

238 800 372 866 δύο,
405 800 439 871 ἢ
478 800 573 855 τοῦ
617 800 758 856 κατὰ
790 803 880 856 τὸν
909 802 1134 876 Μάρκον
1158 803 1359 859 πώλου.
1395 807 1516 861 Ὀτι
1541 807 1597 859 δὲ
1628 805 1830 879 Κύριος

236 891 422 955 οὐδεὶς
441 891 601 956 ἄλλος
626 888 696 963 ἦν
728 892 839 948 τῶν
869 893 1169 965 δεδεμένων
1188 935 1202 959 ,
1240 897 1353 951 ἀλλ’
1385 897 1419 968 ἢ
1448 898 1477 949 6
1505 898 1661 969 ἡμῶν
1694 916 1713 951 ι
1748 892 1830 965 εἷς

237 1165 405 1219 λύετε
437 1163 530 1220 τὸν
577 1167 785 1233 πῶλον;
835 1189 854 1221 ι
896 1168 929 1241 ἢ
976 1171 1256 1225 ὁτιποτοῦν
1296 1174 1610 1242 φασκόντων
1637 1174 1824 1246 δῆλον·

240 1257 327 1321 ὡς
371 1257 482 1330 γὰρ
526 1257 600 1329 μὴ
647 1259 1017 1332 ἀντερούντων
1056 1261 1205 1333 αὐτῷ
1244 1259 1394 1318 εἶπεν
1438 1263 1467 1315 6
1508 1266 1698 1337 Σωτὴρ
1726 1266 1825 1320 τό·

246 1368 270 1401 ι
315 1350 425 1404 Καὶ
452 1350 548 1405 ἐὰν
576 1368 661 1415 τις
693 1352 822 1422 ὑμῖν
854 1352 983 1426 εἴπῃ
1005 1371 1078 1417 τι,
1112 1354 1308 1426 ἐρεῖτε,
1335 1357 1416 1410 ὅτι
1444 1359 1471 1410 6
1504 1358 1705 1429 Κύριος
1732 1358 1829 1413 αὐ-

237 1439 358 1494 τῶν
400 1440 589 1514 χρείαν
641 1442 774 1514 ἔχει,
818 1463 836 1496 ι
883 1444 951 1515 ηδ
1008 1463 1027 1496 ι
1098 1446 1223 1501 Ἐάν
1269 1465 1355 1512 τις
1394 1448 1521 1519 ὑμῖν
1554 1448 1710 1522 εῖπῃο
1765 1449 1830 1504 Τί

239 1531 405 1586 λύετε
427 1531 519 1587 τδν
551 1533 765 1599 πῶλον;
803 1536 1013 1601 εἴπατε,
1047 1536 1126 1590 ὅτι
1159 1540 1188 1591 6
1218 1538 1421 1611 Κύριος
1447 1539 1617 1595 αὐτοῦ
1641 1541 1833 1614 χρείαν

231 1626 264 1679 ἔ
274 1642 384 1695 χει·
417 1643 437 1676 ι
474 1624 571 1679 καὶ
599 1627 739 1682 κατὰ
767 1626 858 1680 τὸν
888 1629 1105 1684 Δουκᾶν
1137 1630 1192 1684 δέ
1215 1648 1228 1661 ·
1256 1648 1273 1682 ι
1298 1623 1433 1685 Ἐάν
1453 1650 1555 1696 τις,
1587 1652 1605 1685 ι
1643 1634 1827 1703 φησιν,

248 1734 268 1766 ι
304 1717 450 1788 ὑμᾶς
477 1719 675 1790 ἐρωτᾷ·
698 1718 797 1773 Διὰ
819 1719 871 1773 τί
900 1720 1057 1776 λύετε
1076 1739 1090 1788 ;
1111 1722 1253 1777 οὕτω
1283 1725 1458 1795 ἐρεῖτε
1476 1741 1491 1755 ⁸
1517 1725 1635 1779 Ὅτι
1657 1726 1687 1778 6
1720 1725 1831 1779 Κύ-

244 1808 365 1878 ριος
392 1808 558 1863 αὐτοῦ
588 1810 777 1881 χρείαν
805 1810 937 1883 ἔχει.
986 1833 1004 1866 ι
1048 1815 1159 1869 Καὶ
1192 1814 1449 1887 ζητήσεις
1484 1819 1530 1870 εἰ
1562 1817 1699 1888 μετὰ
1730 1817 1828 1889 τὴν

253 1900 634 1972 Ἰερουσαλὴμ,
679 1902 774 1956 καὶ
806 1903 868 1957 τὸ
915 1904 1305 1976 ἐπιϐεϐηκέναι
1341 1907 1550 1973 τούτοις
1580 1908 1613 1981 ἢ
1653 1909 1828 1981 τούτῳ

238 1992 340 2045 τὸν
379 1994 636 2066 Σωτῆρα,
678 1994 947 2068 ἀποστολὴ
987 2014 1073 2061 τις
1119 1997 1211 2051 ἐπί
1250 2016 1302 2052 τι
1335 1999 1493 2071 ἔργον
1536 2002 1829 2070 ἀναγκαῖον

240 2083 386 2154 πρὸς
429 2084 518 2137 τὸν
549 2083 711 2139 τόπον
738 2087 985 2154 γίνεσθαι
1013 2086 1235 2160 ἔμελλεν
1257 2129 1272 2155 ,
1313 2091 1401 2144 ἴνα
1440 2109 1491 2144 τι
1535 2094 1830 2164 ποιήσωσιν

239 2176 276 2244 ἡ
317 2175 437 2239 δνος
469 2177 563 2229 καὶ
596 2179 624 2230 6
657 2177 836 2241 πῶλος
874 2176 1034 2249 ἔργον
1068 2180 1208 2233 κατὰ
1233 2181 1293 2233 τὸ
1323 2180 1697 2253 σιωπώμενον.
1728 2186 1829 2255 ἐμ-

242 2264 574 2334 φαινόμενον
605 2266 722 2337 μὲν,
759 2268 818 2320 οὐ
848 2268 1061 2339 τρανῶς
1088 2269 1144 2323 δέ
1167 2270 1549 2342 δεδηλωμένον.
1583 2273 1830 2330 Ἕννοιαν

238 2353 302 2407 δέ
324 2354 420 2408 τοῦ
447 2357 690 2410 τοιούτου
724 2357 986 2430 λαμϐάνω
1018 2361 1320 2433 ἐπιστήσας
1349 2364 1416 2434 τῇ
1448 2361 1598 2430 τάξει
1631 2364 1739 2418 τῶν
1772 2369 1829 2419 ἐν

240 2444 327 2516 τῷ
368 2445 509 2500 κατὰ
552 2447 826 2503 Ματθαῖον
873 2449 1269 2522 μακαρισμῶν,
1331 2454 1389 2505 ἐν
1430 2449 1512 2517 οἷς
1560 2454 1699 2525 μετὰ
1732 2457 1825 2510 τό·

248 2555 271 2590 c
297 2540 575 2612 Μακάριοι
602 2544 651 2595 οἱ
674 2542 879 2613 πτωχοὶ
903 2540 980 2613 τῷ
1002 2543 1291 2614 πνεύματι,
1312 2545 1394 2599 ὅτι
1422 2546 1600 2600 αὐτῶν
1623 2549 1770 2603 ἐστιν
1795 2551 1828 2621 ἡ

246 2629 498 2701 βασιλεία
529 2631 639 2686 τῶν
670 2629 935 2704 οὐρανῶν,
978 2653 996 2685 ι
1033 2635 1163 2704 ἐξῆς
1185 2636 1497 2707 γέγραπται
1523 2638 1611 2692 τό·
1648 2658 1667 2690 ι
1708 2642 1829 2695 Μα-

243 2723 433 2796 κάριοι
486 2727 534 2777 οἱ
588 2728 805 2797 πραεῖς,
860 2726 944 2779 ὅτι
1002 2727 1155 2780 αὐτοὶ
1209 2727 1677 2803 κληρονομήσουσι
1730 2733 1829 2804 τὴν

243 2815 358 2885 γῆν
376 2832 390 2846 ’
428 2836 446 2868 ι
472 2818 627 2887 τήρει
651 2816 759 2888 γὰρ
776 2819 834 2871 ὲν
866 2818 1095 2884 τούτοις,
1117 2820 1197 2873 ὃτι
1222 2821 1434 2893 πρῶτον
1464 2823 1563 2893 μὲν
1587 2824 1696 2879 τῶν
1721 2843 1827 2895 μα-

243 2907 678 2980 καριζομένωνή
714 2907 959 2979 βασιλεία
993 2911 1108 2963 ἐστὶ
1134 2911 1242 2964 τῶν
1270 2913 1545 2984 οὐρανῶν·
1577 2915 1828 2987 δεύτερον

241 3000 300 3055 δὲ
353 3000 816 3072 κληρονομήσουσι
858 3002 957 3074 τὴν
1005 3004 1137 3074 γῆνο
1181 3005 1280 3076 οὐχ
1331 3004 1471 3058 ὥστε
1515 3005 1607 3059 τὸν
1654 3006 1829 3060 πάντα

240 3090 419 3144 αἰῶνα
456 3086 592 3145 εἶναι
618 3094 704 3145 ἐπ’
745 3093 948 3164 αὐτῆς·
989 3094 1429 3168 παρακληθέντες
1453 3096 1582 3170 γὰρ,
1615 3099 1710 3151 καὶ
1740 3098 1828 3152 διὰ

241 3181 307 3237 τδ
359 3184 748 3255 πεπεινηκέναι
785 3186 880 3239 καὶ
929 3185 1274 3257 δεδιψηκὼαι
1312 3187 1676 3258 δικαιοσύνης,
1736 3207 1829 3243 κο-
1855 3220 1897 3275 c

243 3272 534 3345 ρεσθέντες
563 3273 751 3344 αὐτῆς,
783 3274 877 3327 καὶ
908 3275 1242 3346 ἐλεηθέντες,
1270 3278 1363 3330 καὶ
1393 3277 1483 3331 τὸν
1516 3277 1648 3332 Θεὸν
1692 3280 1828 3334 ἰδόν-

239 3381 362 3427 τες,
388 3364 483 3417 καὶ
514 3366 621 3418 υἱοὶ
659 3364 823 3418 αὑτοῦ
854 3366 1167 3437 κληθέντες,
1216 3367 1378 3421 πάλιν
1415 3369 1508 3423 ἐπὶ
1545 3369 1641 3441 τὴν
1676 3370 1830 3441 βασι-

240 3455 395 3509 λείαν
426 3455 888 3512 ἀποκαθίστανται
905 3458 1013 3511 τῶν
1038 3459 1302 3530 οὐρανῶν.
1351 3460 1475 3515 Ἐὰν
1500 3461 1557 3515 δέ
1591 3462 1710 3527 live;
1738 3465 1831 3517 καὶ

241 3547 445 3612 πῶλος,
473 3543 551 3612 οἷς
572 3548 600 3600 6
629 3548 817 3620 Σωτὴρ
833 3550 1124 3614 ἐπιϐαίνει,
1147 3552 1197 3604 οἱ
1222 3551 1605 3623 ἀποδεδομένοι
1630 3555 1832 3625 τυγχά-

238 3658 405 3707 νωσι,
452 3640 526 3711 μὴ
563 3640 878 3715 προσκόψῃς
904 3641 983 3713 τῷ
1012 3642 1155 3714 λόγῳ
1192 3643 1587 3715 παραϐάλλοντι
1614 3646 1829 3715 ἀλόγοις

240 3730 407 3796 ζώοις
444 3731 764 3803 ἀχθοφόροις
800 3734 927 3797 τοὺς
967 3733 1230 3806 φέροντας
1272 3734 1366 3788 τὸν
1411 3735 1615 3806 Ἰησοῦν
1644 3738 1827 3802 αὐτοῖς

239 3824 570 3895 ὀχούμενον·
601 3824 742 3895 τάχα
774 3824 882 3897 γάρ
918 3842 970 3878 τι
995 3824 1236 3880 τοιοῦτον
1275 3828 1475 3898 νοήσας
1502 3827 1596 3880 καὶ
1627 3829 1656 3881 6
1692 3828 1828 3899 Προ-

242 3919 425 3989 φήτης
451 3913 569 3970 εἷπε
602 3917 664 3969 τὸ
700 3916 979 3985 γεγονέναι
1012 3916 1313 3988 κτηνώδης,
1345 3918 1445 3989 οὐχ
1465 3916 1823 3984 ἁπαξαπλῶς,

240 4008 385 4063 ἀλλά
431 4008 584 4080 παρὰ
626 4007 704 4079 τῷ
737 4007 856 4080 Θεῷ
886 4049 901 4074 ,
938 4008 972 4079 ἢ
1009 4008 1159 4080 παρὰ
1190 4006 1268 4078 τῷ
1304 4008 1545 4080 Χριστῷ,
1592 4011 1686 4063 καὶ
1726 4010 1787 4062 τό
1811 4025 1822 4038 ·

247 4118 268 4152 ι
313 4100 489 4169 Κάγὼ
539 4098 821 4171 κτηνώδης
868 4099 1132 4171 ἐγενήθην
1165 4100 1315 4170 παρὰ
1348 4101 1463 4153 σοι·
1530 4120 1548 4153 i
1600 4101 1676 4166 ὼς
1717 4101 1827 4173 γὰρ

1935 4098 2207 4165 Servator,
2230 4098 2691 4167 comparationem
2731 4098 3003 4169 impingas
3024 4114 3037 4152 :
3062 4096 3331 4168 ejusmodi
3357 4097 3505 4153 enim

241 4192 385 4264 ’πρὸς
409 4193 498 4246 τὸν
529 4192 827 4261 Αύτολόγον
855 4192 947 4245 καὶ
982 4192 1117 4263 πρὸς
1142 4192 1240 4264 τὴν
1272 4192 1363 4247 τοῦ
1385 4192 1519 4247 Θεοῦ
1546 4194 1828 4263 μεγαλειό-

1933 4190 2165 4245 l’ortasse
2217 4190 2497 4260 quidpiam
2555 4190 2740 4245 animo
2792 4204 3022 4245 versans
3068 4188 3336 4260 Propheta
3365 4231 3380 4257 ,
3444 4203 3506 4246 se

239 4303 382 4357 τητα
427 4283 717 4357 κτηνώδεις
753 4285 920 4356 ἐσμὲν
958 4285 1057 4355 οὐχ
1100 4288 1262 4357 ἡμεῖς
1317 4287 1487 4357 μόνοι,
1550 4286 1684 4341 ἀλλὰ
1734 4287 1829 4340 καὶ⁴

1931 4284 2234 4353 iumentum
2283 4281 2449 4349 dixit,
2506 4280 2663 4354 741
2730 4296 2838 4337 non
2888 4280 3106 4352 quidem
3163 4280 3504 4352 simpliciter,

1435 4381 1667 4438 VETUS
1704 4375 2279 4436 INTERPRETATIO.

243 4472 431 4529 festim
461 4471 701 4528 remittet
727 4473 859 4527 eos?
888 4484 909 4515 ι
940 4472 1153 4529 Solutio
1183 4482 1361 4528 antem
1397 4473 1557 4530 istius
1585 4473 1922 4543 quaestionis,
1955 4473 2095 4528 sicut
2127 4471 2383 4543 arbitror,
2400 4470 2526 4543 haec
2560 4478 2677 4543 est_:_
2687 4467 2954 4543 Quoniam
2988 4467 3266 4543 Dominus
3284 4468 3501 4543 quidem

242 4543 577 4614 gorum_qui
608 4544 823 4597 fuerant
852 4544 1024 4614 ligati,
1059 4559 1219 4599 nemo
1246 4545 1385 4600 alius
1412 4557 1550 4606 erat,
1592 4537 1695 4599 nisi
1727 4545 1813 4598 ille
1842 4537 2043 4611 dequo
2076 4543 2151 4595 ait
2188 4540 2484 4614 Apostolus
2523 4558 2537 4594 :
2578 4559 2597 4590 ‹
2633 4537 2803 4614 Nobis
2838 4549 3019 4614 autem
3050 4556 3194 4614 unus
3233 4537 3501 4614 Dominus

242 4611 410 4683 Iesus
446 4609 716 4674 Christus,
758 4628 871 4683 per
896 4609 1060 4683 quem
1106 4615 1313 4683 omnia,
1359 4633 1377 4665 ι
1415 4615 1504 4668 cui
1534 4616 1794 4683 qneniani
1828 4609 2173 4683 nequaquam
2217 4609 2661 4683 contradictnrus
2701 4612 2878 4683 fuerat
2910 4609 3116 4683 aliquis
3142 4610 3440 4683 dicentium
3479 4626 3494 4664 :

251 4702 272 4735 ι
322 4681 505 4804 guare
535 4679 1033 4804 solvitis'gulluin?
1069 4702 1088 4735 ι
1126 4682 1478 4737 manifestum
1523 4679 1624 4738 est.
1660 4682 1792 4738 Nam
1827 4679 1984 4754 quasi
2020 4679 2167 4736 nullo
2206 4682 2579 4735 contradicere
2624 4681 2848 4749 potenti,
2883 4679 2964 4735 sic
3013 4680 3145 4735 dicit
3187 4679 3440 4735 Christus
3484 4695 3501 4736 :

251 4772 273 4804 ι
373 4761 395 4804 ι
423 4751 468 4804 si
499 4751 697 4804 aliquis
724 4767 788 4804 vo
830 4752 874 4804 is
908 4753 1127 4804 dixerit.
1162 4753 1353 4804 dicetis
1376 4754 1633 4804 auoniam
1665 4753 1926 4804 Dominus
1952 4767 2176 4804 onerum
2202 4751 2494 4804 desiderat.
2525 4769 2544 4802 ι
2583 4748 2648 4804 Ει
2677 4750 2798 4804 vide
2827 4749 2954 4804 auia
2983 4758 3271 4804 postquam
3305 4762 3501 4804 ascen-

251 4772 277 4823 ι
326 4748 395 4823 Et
423 4751 468 4823 s_i
499 4751 697 4823 aliquis
719 4748 874 4823 vobis
908 4753 1127 4818 dixerit,
1162 4753 1353 4823 dicetis
1376 4754 1633 4823 quoniam
1665 4748 1926 4808 Domitius
1952 4751 2494 4823 operamdesiderat.
2522 4769 2544 4823 ρ
2583 4748 2648 4805 Et
2677 4750 2798 4823 vide
2827 4749 2954 4823 quia
2982 4758 3271 4823 postquam
3305 4762 3501 4823 ascen-

243 4821 396 4878 derit
431 4818 607 4877 Jesus'
632 4822 687 4876 in
719 4819 1154 4894 Hierosolymam
1193 4818 1409 4878 sedens"
1433 4839 1597 4893 super
1623 4824 1830 4894 pullum
1878 4818 2027 4877 hunc
2053 4823 2135 4876 vel
2164 4821 2339 4888 illum,
2382 4820 2573 4902 missio
2602 4818 2859 4891 quadam
2885 4818 2953 4902 ad
2984 4818 3375 4942 og‘ziisaliquod
3408 4833 3503 4873 ne-

244 4891 555 4942 cessarium
585 4892 652 4942 ad
685 4891 861 4942 ipsum
898 4893 1078 4942 locum
1123 4900 1241 4942 erat
1276 4891 1481 4942 futura-
1517 4902 1577 4942 ut
1606 4894 1812 4942 aliquid
1851 4893 2033 4942 oneris
2076 4890 2281 4942 faciant
2315 4904 2470 4942 asma
2521 4900 2575 4942 et
2620 4891 2803 4942 nullus
2861 4904 3002 4942 eius.
3079 4899 3099 4942 t
3145 4890 3249 4942 hoc
3278 4887 3500 4942 quidem

244 4891 555 4963 cessarium
585 4892 653 4946 ad
685 4891 861 4961 ipsum
898 4887 1078 4947 locum
1123 4900 1241 4963 erat
1276 4887 1577 4959 futurafut
1606 4887 1812 4963 aliquid
1851 4893 2033 4963 operis
2076 4890 2281 4947 faciant
2315 4890 2470 4963 asina
2504 4900 2575 4963 _et
2620 4887 2803 4963 pullus
2861 4887 3099 4963 ejus.AE_t
3145 4887 3500 4963 hocquidem

243 4960 555 5032 signiﬁcat,
576 4977 683 5032 non
708 4959 899 5017 tamen
930 4963 1095 5032 clare.
1145 4960 1378 5017 Sensum
1420 4971 1600 5017 autem
1643 4959 1958 5032 hujusmodi
1997 4962 2303 5032 intellectus
2347 4960 2554 5029 accipio
2582 4959 2811 5032 credens
2846 4959 3024 5014 ordini
3074 4959 3498 5015 beatitudinum.

247 5029 418 5112 quem
456 5030 585 5085 facit
619 5029 1095 5112 Matthzeus..Nam
1131 5040 1417 5112 postquam
1447 5032 1583 5112 dixit
1622 5047 1637 5086 :
1670 5052 1689 5085 ι
1717 5029 1877 5112 Beati
1901 5046 2168 5112 pauperes
2205 5031 2705 5112 spiritu,.qu_oniaii_i
2736 5031 2977 5099 ipsorum
2998 5035 3354 5112 estregnuni
3388 5041 3502 5108 εφ-

243 5096 455 5173 lorum,
494 5110 667 5173 ipost
703 5101 805 5173 hoc
841 5103 1104 5173 scriptum
1131 5096 1221 5173 est
1250 5096 1319 5155 ε’(
1356 5102 1502 5156 Beati
1539 5102 1832 5167 mansueti,
1863 5096 2121 5172 quoniam
2152 5096 2255 5170 ipsi
2274 5096 2644 5173 possidebunt
2679 5096 2902 5173 terram.
2935 5120 2952 5149 ι
2996 5096 3239 5173 Dicimus
3270 5097 3414 5151 enim
3443 5097 3498 5151 in

248 5171 341 5225 his
371 5166 633 5240 quoniam
685 5172 923 5241 primum
954 5166 1175 5244 quidem
1213 5172 1497 5226 beatorum
1538 5180 1625 5227 est
1651 5166 1896 5244 regnum:
1920 5166 2188 5244 caelorum
2223 5188 2237 5223 :
2272 5166 2326 5223 iii
2353 5171 2595 5244 secundo
2641 5166 2820 5244 auitam
2853 5169 2972 5223 loco
2999 5166 3353 5244 possidebunt
3392 5175 3501 5244 ter-

183 5268 210 5312 ι
243 5235 407 5312 ram,
430 5255 541 5312 non
581 5249 648 5312 fut
672 5235 765 5311 per
798 5256 959 5296 omne
976 5235 1245 5297 'szrculum
1282 5244 1391 5297 sint
1431 5257 1596 5312 super
1619 5235 1765 5305 eam.
1800 5240 1895 5296 sed
1922 5240 2188 5312 consolati
2224 5254 2323 5312 pro
2351 5254 2418 5293 eo
2448 5238 2593 5307 quod
2617 5235 3029 5312 esurierunttet
3056 5238 3311 5292 sitierunt
3336 5235 3520 5312 justi-l

178 5300 596 5399 tiara—“satiati
630 5300 797 5399 ἰιίιειιζ
823 5324 876 5399 et
905 5300 1675 5399 misericori‘liamneons'eculti,
1702 5300 2363 5399 iterumiestitu‘anti‘irm
2387 5300 3499 5399 regiium-cteloruiinﬁutcerteqtuinitim

192 5381 411 5461 3multi
437 5394 505 5434 ex
535 5382 737 5505 populo
766 5381 1101 5445 Iudaeorum,
1129 5382 1215 5435 vel
1247 5383 1510 5452 gentium,
1543 5382 1628 5438 vel
1656 5397 1796 5452 quos
1834 5381 2046 5436 asinam
2081 5389 2132 5434 et

243 5452 452 5505 derunt
478 5451 535 5504 in
564 5452 605 5504 (3
627 5451 804 5505 iristo.
834 5462 889 5505 et
915 5461 1274 5505 susceperunt
1307 5468 1471 5505 super
1499 5469 1577 5505 se.
1618 5461 1804 5505 postea
1836 5451 1990 5505 missi
2038 5464 2069 5504 a
2108 5450 2132 5504 ί

199 5466 213 5483 ⁵
243 5465 452 5504 uerunt
478 5465 535 5504 ιη
564 5465 641 5504 ιλιι

197 5613 209 5648 ἓ

190 5654 213 5706 υ

245 5798 328 5849 xi,

2194 5380 2366 5433 ullum
2403 5375 2567 5448 supra
2596 5393 2788 5433 sumus
2810 5377 3166 5448 interpretati,
3198 5375 3295 5448 qui
3326 5375 3503 5448 credi-

2194 5396 2366 5433 unum
2403 5396 2567 5448 supra
2596 5396 2788 5433 ευῐιιιιε
2810 5396 3166 5446 ιηιθνρνειθιι,
3199 5396 3295 5446 qui
3326 5396 3498 5433 creui-

2158 5396 2331 5504 Rristo
2373 5449 2575 5503 reversi
2612 5457 2738 5503 sunt
2770 5447 2837 5502 ad
2882 5447 3143 5516 p0pulum
3185 5446 3498 5513 Judaicum,

735 5529 925 5646 gentes
957 5516 1197 5576 nondum
1230 5516 1536 5604 credentes,
1573 5516 1634 5576 ut
1664 5522 2024 5602 praedicarent
2069 5520 2151 5574 eis
2182 5518 2473 5602 Dominum
2502 5516 2699 5599 Jesum.
2743 5516 2939 5599 Filium
2984 5516 3100 5572 Dei.
3149 5516 3215 5571 Et
3267 5517 3372 5599 hoc
3415 5525 3495 5572 est

775 5606 924 5646 icens
960 5609 974 5646 :
1013 5608 1033 5644 ι
1065 5590 1366 5646 Confestim
1400 5600 1639 5646 remittet
1682 5607 1799 5646 eos.
1841 5610 1860 5644 ι
1902 5591 1961 5646 Si
1993 5605 2125 5646 ergo
2159 5604 2312 5644 asma
2340 5599 2396 5645 et
2435 5588 2617 5646 mitius
2652 5602 2775 5646 eius
2816 5587 2891 5641 illi
2925 5595 3054 5646 sunt
3090 5603 3231 5646 unos
3257 5588 3495 5643 diximus

775 5593 924 5646 icens
960 5609 974 5647 :
1013 5608 1033 5644 ι
1065 5590 1366 5647 Confestim
1400 5593 1639 5647 remittet
1666 5587 1799 5647 'eos.
1841 5610 1860 5644 ι
1902 5591 1961 5646 Si
1993 5605 2125 5662 ergo
2159 5590 2312 5644 asina
2340 5599 2396 5645 et
2435 5588 2617 5658 pullus
2652 5587 2775 5657 ejus
2816 5587 2891 5641 illi
2925 5595 3054 5648 sunt
3090 5603 3231 5659 quos
3257 5588 3499 5643 diximus

648 5451 804 5516 risto,
834 5462 889 5506 et
915 5450 1274 5520 susceperunt
1307 5468 1471 5521 super
1499 5469 1577 5514 se,
1618 5450 1804 5522 postea
1836 5451 1990 5506 missi
2038 5464 2069 5504 a
2105 5450 2150 5522 β

246 5520 333 5574 vel
381 5519 450 5574 ad
479 5529 705 5576 caeteras

245 5590 401 5660 quod
431 5590 704 5661 signiﬁcat

319 5712 366 5743 "
408 5710 593 5765 Matth.
628 5728 744 5775 χχι,
780 5712 834 5766 5.

360 5798 413 5837 ἱ).

913 5712 957 5744 ⁸⁸
995 5711 1160 5767 Marc.
1191 5728 1267 5773 xu.
1303 5713 1357 5768 5.
1459 5714 1501 5746 ⁶¹
1547 5712 1562 5766 Ι
1592 5712 1719 5768 Cor.
1749 5729 1863 5779 viii,
1891 5712 1942 5769 6.
2046 5711 2091 5744 “
2128 5711 2261 5768 Luc.
2300 5726 2411 5778 XIX,
2441 5709 2530 5765 55.
2629 5707 2673 5741 ⁸³
2717 5707 2906 5764 Matth.
2929 5724 3044 5776 xxi,
3083 5709 3136 5765 5.
3243 5706 3292 5741 ⁸⁸
3329 5705 3498 5763 Marc.

491 5782 535 5813 θ’
577 5780 709 5837 Luc.
742 5799 856 5850 xix,
891 5783 979 5837 51.
1055 5782 1099 5815 ⁸⁸
1140 5782 1326 5838 Matth.
1363 5801 1415 5849 γ,
1445 5784 1477 5838 5
1505 5794 1556 5840 et
1583 5799 1698 5854 seq.

2046 5711 2091 5744 “
2128 5711 2261 5768 Luc.
2300 5726 2411 5778 nx,
2441 5709 2530 5765 55.
2629 5707 2673 5741 ⁸³
2717 5707 2906 5764 Matth.
2929 5724 3044 5776 xxi,
3083 5709 3136 5765 5.
