3962 6588
192 422 370 479 {429
436 463 451 471 -
1179 418 1536 479 COMMENT.
1577 423 1644 479 IN
1684 420 2102 484 MATTIIA‘JUM
2141 420 2380 481 TOMUS
2414 421 2558 479 XVI.
3350 421 3490 474 ma

193 535 299 597 αις
358 531 638 605 φαρέτραν
671 530 767 587 τοῦ
809 534 1199 602 κατατοξεῦσαι
1234 537 1290 591 ἐν
1336 540 1644 612 σκοτομήνῃ
1680 542 1796 604 τοὺς

1911 542 2271 611 sospitantem
2312 546 2367 596 et
2405 542 2751 595 mansuetum
2795 533 3189 606 Jerosolymam
3220 532 3295 590 ita
3322 535 3489 590 adve-

198 624 408 688 οὗθεῖς
429 626 494 696 τῇ
531 623 748 696 καρδίᾳ.
797 642 818 679 ι
859 624 1092 698 Ἔμελλε
1119 626 1175 680 δὲ
1209 627 1331 681 τότε
1365 630 1463 682 καὶ
1489 629 1694 700 πλῆθος
1720 631 1796 684 κατ

1916 630 2073 686 nire?
2100 646 2224 686 cum
2268 630 2618 704 dissipandus
2643 638 2763 689 erat
2806 630 2988 686 omnis
3030 644 3192 686 arcus
3225 629 3372 695 belli,
3420 643 3491 685 ne

197 713 424 783 εἰρήνη
455 709 592 766 εῖναι
638 712 747 766 ἀπὸ
788 712 899 767 τῶν
939 715 1306 769 πιστευόντων
1350 718 1443 771 καὶ
1489 718 1796 789 σωζομένωι

1914 720 2149 792 amplius
2177 740 2196 775 ι
2231 733 2542 793 peccatores
2576 722 2920 779 intenderent
2948 735 3132 785 arcus,
3157 727 3212 775 et
3237 729 3493 790 pararent

197 803 419 867 ἐθνῶν,
465 803 829 875 κατάρχοντος
872 805 1077 860 ὑδάτων
1117 808 1221 871 ἕως
1259 807 1536 879 θαλάσσης
1577 809 1673 863 τοῦ
1707 812 1796 865 Σω

1913 813 2138 883 sagittas
2173 830 2304 870 suas
2339 816 2394 870 in
2423 817 2702 885 pharetra,
2734 821 2797 869 ut
2822 811 3144 883 sagittarcnt
3168 810 3224 865 in
3253 812 3490 867 obscuro

199 894 416 966 τῆρος,
460 896 826 967 κατάρχοντος
866 898 921 952 δὲ
952 900 1045 953 καὶ
1076 900 1336 971 ποταμῶν
1372 901 1655 967 διεκϐολὰς
1684 904 1809 974 γῆς,

201 986 316 1039 καὶ
352 986 617 1054 διεξόδους
654 989 996 1060 ποιουμένων
1032 991 1127 1043 καὶ
1167 991 1493 1057 ποτιξόντων
1527 993 1595 1047 τὰ
1639 993 1812 1049 πολλὰ

203 1077 419 1150 αὐτῆς.
465 1076 526 1133 '0
564 1079 624 1133 δὲ
668 1078 836 1134 θέλων
880 1080 1246 1155 ἁπλούστερον
1281 1083 1375 1136 ἐπὶ
1415 1083 1507 1137 τοῦ
1546 1084 1676 1139 λαοῦ
1729 1081 1811 1151 οἷς

204 1171 626 1242 ὲπ.δεδήμηκεν
656 1173 685 1226 ό
714 1173 906 1244 Σωτὴρ
936 1173 1154 1227 ἀκούειν
1182 1174 1261 1227 τό·
1290 1194 1307 1226 ι
1330 1175 1579 1249 Θύγατερ
1608 1176 1802 1238 Σιὼν,ι

207 1262 342 1329 καὶ,
381 1262 672 1336 ιΘύγατερ
736 1264 1156 1337 Ἰερουσαλὴμ»
1214 1267 1395 1337 φήσει,
1443 1268 1525 1321 ὅτι
1575 1268 1605 1321 ό
1651 1267 1807 1338 λόγος

210 1357 322 1428 μὲν
364 1358 695 1428 προστάσσει
729 1357 943 1430 χαίρειν
980 1360 1048 1429 τῇ
1088 1356 1316 1429 θυγατρὶ
1350 1357 1487 1413 Σιὼν
1511 1400 1526 1423 ,
1579 1359 1672 1414 καὶ
1705 1378 1806 1432 κη-

209 1446 445 1519 ρύσσειν
470 1450 537 1521 τῇ
576 1447 806 1519 θυγατρὶ
859 1448 1214 1521 Ἰερουσαλήμ
1235 1466 1249 1480 ·
1300 1452 1348 1502 εί
1381 1450 1439 1504 δέ
1471 1468 1616 1515 τινες
1648 1451 1807 1521 ἠπεί-

206 1538 397 1610 Θησαν
432 1538 495 1592 οὐ
524 1538 594 1592 τὰ
625 1539 718 1594 τοῦ
753 1541 962 1611 χαίρειν
1001 1543 1325 1611 ποιήσαντες
1350 1540 1477 1606 ἄξια
1498 1581 1513 1605 ,
1546 1541 1667 1595 οὐδὲ
1703 1560 1806 1596 πα-

210 1629 584 1701 ραδεξάμενοι
610 1630 671 1684 τὸ
713 1632 841 1704 περί¹
873 1631 967 1686 τοῦ
1003 1633 1299 1705 κηρύσσειν
1336 1635 1685 1706 πρόσταγμα,
1711 1637 1806 1688 αύ-

207 1719 302 1774 τοὶ
338 1721 622 1791 γεγόνασιν
659 1722 868 1777 ἑαυτῶν
898 1723 1061 1778 αἴτιοι
1092 1723 1185 1778 τοῦ
1235 1724 1499 1780 παθεῖν.ἆ
1531 1726 1802 1781 πεπόνθα-

208 1828 326 1877 σιν,
363 1810 502 1866 ὥστε
549 1813 803 1885 λεχθῆναι
851 1816 1035 1881 αὐτοῖς
1058 1833 1073 1848 ο
1135 1836 1154 1869 ι
1205 1817 1364 1889 Ὑμῖν
1403 1813 1471 1889 ἦν
1507 1818 1803 1887 ἀναγκαῖον

1912 914 2091 961 rectos
2114 906 2281 962 corde
2307 904 2564 961 ".i'l‘unc
2590 914 2774 961 autem
2803 912 2860 960 et
2887 902 3185 958 multitudo
3211 910 3265 957 et
3294 916 3399 971 pax
3420 917 3490 957 ex
3540 938 3545 941 -

1910 995 2259 1052 credentibus
2309 1005 2364 1052 et
2432 997 2665 1052 salutem
2715 993 3180 1064 consequentibus
3236 993 3491 1063 gentibus

1908 1085 2092 1142 futura
2138 1097 2276 1151 erat,
2317 1087 2635 1142 dominante
2677 1086 2837 1156 aquis
2887 1084 3174 1141 Servatore
3220 1083 3287 1139 ad
3336 1097 3489 1138 mare

1908 1193 2104 1248 usque,
2130 1186 2185 1233 et
2210 1177 2528 1234 ﬂuminibus
2559 1191 2780 1249 quoque
2822 1175 3061 1230 maxima
3106 1183 3267 1230 terrze
3312 1172 3489 1242 spatia

1908 1272 2322 1342 peragrantibus
2353 1281 2407 1327 et
2432 1271 2807 1343 irrigantihus,
2839 1270 2906 1325 ad
2934 1269 3075 1324 ostia
3119 1282 3293 1337 usque
3329 1274 3489 1321 terra:

1906 1364 2108 1433 quibus
2152 1362 2396 1418 eliqunt.
2427 1361 2583 1429 Quod
2610 1362 2655 1417 si
2694 1361 2818 1432 quis
2850 1359 2919 1416 de
2961 1358 3183 1430 pepulo,
3215 1356 3281 1412 ad
3323 1370 3486 1427 quem

1905 1469 2128 1526 peregre
2152 1455 2368 1509 advenit
2384 1453 2660 1520 Servator,
2685 1451 2987 1522 simplicius
3008 1448 3355 1520 intelligenda
3374 1448 3489 1503 hac

1904 1560 2025 1601 esse
2051 1546 2230 1601 volet:
2254 1565 2273 1597 ι
2296 1546 2431 1600 Filia
2469 1545 2657 1611 Sion,»
2690 1552 2745 1600 et
2786 1562 2806 1596 ι
2845 1542 2979 1597 Filia
3014 1540 3372 1599 Jerusalem.»
3397 1539 3488 1608 ju-

1903 1635 2031 1691 bere
2054 1636 2277 1692 verbum
2308 1636 2452 1692 dicet
2481 1636 2605 1691 tiliae
2650 1633 2781 1690 Sion
2809 1643 2869 1689 ut
2907 1634 3142 1705 gaudeat
3161 1641 3216 1687 et
3243 1631 3366 1685 ﬁliae
3392 1628 3485 1686 Je-

1904 1726 2140 1782 rusalem
2191 1736 2250 1781 ut
2304 1726 2593 1797 praedicet;
2637 1725 2729 1782 cui
2770 1726 3026 1780 mandato
3058 1723 3104 1778 si
3136 1723 3230 1793 qui
3274 1735 3486 1776 morem

1903 1830 2014 1870 non
2048 1816 2335 1886 gesserint,
2381 1816 2574 1870 idonea
2622 1814 2823 1869 laetitiae
2866 1828 3032 1884 opera
3078 1827 3188 1868 non
3239 1818 3480 1882 agentes,
3580 1859 3593 1869 ,

209 1905 580 1974 καταγγεῖλαι
620 1906 711 1960 τὸν
745 1907 904 1976 λόγον
946 1908 1041 1962 τοῦ
1080 1908 1245 1963 Θεοῦ·
1288 1912 1410 1965 ἐπεὶ
1449 1910 1506 1964 δέ
1549 1911 1796 1978 ἀναξίους

1904 1921 2082 1976 neque
2109 1906 2432 1978 praedicandi
2465 1913 2794 1977 praeceptum
2821 1904 3202 1974 suscipientes,
3230 1902 3334 1972 ipsi
3359 1916 3485 1956 eau-

212 1996 436 2070 ιιρίνετε
469 1998 711 2063 ἑαυτοὺς,
743 1999 851 2053 ίδοὺ
881 2000 1223 2071 στρεφόμεθα
1242 2002 1323 2065 είς
1345 1999 1414 2055 τὰ
1445 2000 1592 2072 ἔθνη.
1625 2020 1643 2054 ι
1678 2000 1799 2073 Χρὴ

207 2089 273 2143 οὲ
305 2090 402 2143 καὶ
434 2088 591 2162 τοῦτο
630 2091 848 2157 εἰδέναι,
882 2093 963 2146 ὅτι
986 2132 1001 2156 ,
1042 2092 1202 2146 πέντε
1237 2092 1617 2165 περιτυχόντες
1646 2094 1797 2148 ἐκδό-

211 2196 336 2233 σεσι
362 2179 453 2234 τοῦ
486 2182 780 2253 Ζαχαρίου,
819 2181 973 2254 παρὰ
1001 2182 1237 2253 μέν.τοϊς
1272 2183 1672 2255 Ἑϐδομήκοντα
1701 2184 1798 2238 καὶ

209 2267 295 2340 τῷ
352 2270 550 2341 Ἀκύλᾳ
591 2270 822 2343 εὕρομεν
844 2271 936 2325 τό⁸
973 2291 993 2324 ι
1033 2272 1204 2336 Αὐτὸς
1238 2273 1448 2349 πραῢς,
1484 2275 1578 2328 καὶ
1615 2274 1798 2327 ἐπιϐε-

208 2359 403 2432 ϐηκὼς
442 2362 537 2415 ἐπὶ
580 2362 868 2431 ὑποζύγιον
916 2362 1013 2416 καὶ
1057 2363 1233 2417 πῶλον
1275 2364 1413 2430 νέον,
1472 2382 1490 2416 ι
1536 2366 1594 2438 ἢ,
1644 2384 1664 2418 ι
1704 2366 1797 2419 ἐπὶ

207 2453 341 2505 ὄνου
374 2454 468 2506 καὶ
492 2452 670 2507 πώλου
695 2453 812 2507 υίοῦ
843 2454 1075 2508 όνάδων·
1116 2473 1135 2507 ι
1176 2454 1327 2527 παρὰ
1359 2456 1416 2509 δὲ
1443 2456 1756 2511 θεοδοτίωνι
1775 2473 1788 2488 ·

217 2559 240 2594 ι
274 2543 447 2607 Αὐτὸς
465 2545 772 2609 ἐπακούων,
800 2547 893 2599 καὶ
924 2545 1270 2618 ἐπιϐεϐηκὼς
1293 2545 1385 2599 ἐπὶ
1416 2545 1536 2600 δνον
1554 2547 1650 2601 καλ⁹
1678 2546 1795 2601 πῶ-

209 2634 305 2688 λον
347 2635 459 2688 υἱὸν
497 2636 646 2689 δνου-
688 2656 707 2689 ι
757 2636 908 2709 παρὰ
944 2637 1000 2690 δὲ
1041 2637 1321 2709 Συμμάχῳ
1345 2654 1359 2668 ο
1395 2655 1414 2688 ι
1451 2638 1622 2703 Αὐτὸς
1650 2655 1797 2693 πτω-

210 2726 329 2800 (bc,
348 2730 442 2784 καὶ
462 2729 806 2802 ἐπιϐεϐηκὼς
822 2730 915 2784 ἐπὶ
938 2727 1059 2784 ὄνον
1087 2732 1182 2785 καὶ
1211 2729 1387 2787 πῶλον
1402 2730 1516 2784 υίδν
1537 2731 1741 2796 όνάδοςσ
1768 2750 1787 2784 ι

210 2820 274 2871 ἐν
300 2817 357 2872 δὲ
378 2821 444 2891 τῇ
477 2819 702 2892 πέμπτῃ
746 2819 989 2874 ἐκδόσει·
1044 2838 1063 2872 ι
1097 2820 1268 2883 Αὐτὸς
1292 2819 1523 2890 πτωχὸς,
1553 2821 1645 2875 καὶ
1674 2823 1795 2875 ἐπι-

210 2908 463 2982 ϐεϐηκὼς
491 2912 584 2965 ἐπὶ
614 2911 907 2979 ὑποζύγιον
947 2914 1041 2968 καὶ
1069 2914 1249 2968 πῶλον
1285 2914 1400 2967 υἱὸν
1426 2915 1583 2967 δνων.
1630 2932 1650 2965 ι
1683 2914 1794 2969 Καὶ

209 3000 431 3056 δύναταί
458 3003 521 3071 γέ
554 3021 638 3067 τις
667 3004 840 3060 ταῦτα
868 3006 1199 3078 ἐφαρμόζειν
1231 3007 1298 3077 τῇ
1327 3005 1579 3060 κατὰτδν
1618 3003 1794 3069 ἐξετα-

210 3093 438 3163 ζόμενον
465 3095 560 3149 τοῦ
608 3097 941 3166 Εύαγγελίου
978 3098 1142 3152 τόπον
1183 3099 1412 3171 ἱστορία,
1468 3098 1556 3152 ὅτε
1596 3099 1789 3170 πρᾶος,

213 3183 308 3236 καὶ
341 3184 627 3240 ἐπακούων
646 3225 662 3251 ,
702 3188 798 3241 καὶ
827 3188 1042 3258 πτωχὸς
1076 3187 1333 3260 ἐλήλυθεν
1360 3191 1440 3253 είς
1465 3188 1564 3261 τὴν
1595 3190 1793 3262 Ἰερου-

1904 2012 2020 2052 sam
2061 1996 2329 2052 dederunt
2372 2011 2471 2051 cur
2519 2011 2582 2051 ea
2631 2011 2752 2065 qua:
2781 1995 3023 2065 perpessi
3055 2002 3202 2058 sunt,
3235 2000 3484 2064 pateren-

1899 2098 2019 2156 tur;
2061 2089 2136 2144 ita
2181 2097 2239 2143 ut
2271 2088 2405 2159 ipsis
2433 2087 2721 2144 dicendum
2757 2088 2828 2143 sit
2851 2087 2898 2119 ⁸³
2932 2103 2947 2141 :
2984 2105 3003 2136 ι
3044 2084 3214 2141 Vobis
3261 2092 3483 2155 oporte-

1899 2181 1994 2237 bat
2019 2180 2334 2236 annuntiari
2363 2195 2590 2251 regnum
2625 2178 2719 2235 Dei
2755 2198 2768 2234 :
2808 2178 2902 2235 sed
2929 2178 3187 2249 quoniam
3229 2175 3485 2247 indignos

1898 2288 1999 2328 vos
2037 2271 2322 2343 iudicatis,
2356 2285 2483 2329 ecce
2533 2273 2905 2328 convertimur
2953 2270 3019 2325 ad
3051 2276 3257 2340 gentes.
3290 2286 3309 2319 ι
3343 2264 3484 2321 [llud

1899 2365 2183 2421 sciendum
2234 2373 2491 2437 praeterea
2536 2365 2590 2419 in
2644 2364 2887 2434 quinque
2934 2376 3034 2416 nos
3065 2359 3342 2415 Zachariae
3369 2357 3486 2413 edi-

1897 2456 2074 2511 tiones
2105 2455 2387 2519 ineidisse,
2417 2464 2470 2510 et
2516 2454 2658 2524 apud
2694 2451 2834 2506 LXX
2866 2461 2920 2507 et
2951 2450 3203 2521 Aquilam
3249 2448 3303 2505 id
3329 2463 3486 2518 repe-

1896 2549 2036 2602 risse
2073 2565 2087 2601 :
2133 2565 2151 2599 ι
2190 2544 2309 2616 Ipse
2338 2556 2660 2602 mansuetus
2685 2555 2739 2600 et
2770 2543 3074 2599 ascendens
3107 2557 3271 2612 super
3299 2540 3487 2611 subju-

1896 2638 2093 2708 galem,
2120 2644 2175 2693 et
2198 2638 2405 2708 pullum
2431 2637 2687 2709 juvenem
2709 2654 2755 2703 ;ι
2775 2635 2859 2690 vel
2881 2653 2896 2690 :
2920 2653 2939 2685 ι
2973 2632 3147 2704 Super
3174 2634 3409 2700 asinam,
3429 2639 3486 2688 et

1896 2730 2106 2800 pullum
2180 2728 2353 2784 lilium
2407 2729 2722 2794 asinarum;
2782 2746 2801 2780 ι
2851 2726 2994 2797 apud
3053 2723 3484 2780 Theodotionem

1896 2831 2079 2876 autem
2124 2840 2137 2875 :
2177 2839 2196 2873 ι
2240 2820 2360 2891 Ipse
2388 2821 2688 2876 exaudiens
2735 2828 2789 2874 et
2819 2819 3123 2875 ascendens
3174 2831 3339 2887 super
3373 2815 3485 2871 asi-

1897 2931 2046 2980 nam,
2094 2923 2148 2969 et
2199 2915 2406 2985 pullum
2426 2914 2607 2978 lilium
2636 2913 2835 2980 asinae;
2893 2929 2913 2964 ι
2950 2920 3005 2967 at
3054 2911 3195 2980 apud
3233 2908 3485 2981 Symma-

1895 3011 2059 3064 chum
2095 3025 2123 3063 ‘:
2163 3026 2183 3059 ι
2238 3007 2355 3077 Ipse
2386 3021 2612 3077 pauper,
2646 3012 2699 3059 et
2727 3003 3029 3058 ascendens
3056 3014 3221 3069 super
3243 2999 3479 3065 asinam,

1893 3109 1947 3155 et
1972 3098 2178 3168 pullum
2211 3095 2382 3152 lilium
2406 3095 2606 3162 asina;
2642 3113 2660 3147 ι
2694 3094 2750 3148 in
2796 3093 2995 3162 quinta
3018 3105 3148 3146 vero
3179 3090 3421 3145 editione
3458 3107 3476 3145 :

1901 3210 1921 3243 ι
1953 3193 2075 3260 Ipse
2111 3205 2316 3260 pauper
2340 3187 2645 3244 ascendens
2673 3199 2838 3255 super
2877 3182 3243 3253 subjugalem,
3273 3190 3327 3236 et
3353 3181 3478 3251 pul-

215 3272 400 3346 σαλὴμ
426 3277 455 3330 ὁ
499 3277 690 3350 Σωτήρ
714 3294 727 3308 ·
764 3277 1041 3350 ἐπτώχευε
1072 3279 1181 3351 γὰρ
1207 3280 1459 3344 πλούσιος
1497 3280 1593 3346 ὢν,
1636 3282 1721 3335 ἵνα
1745 3284 1794 3335 oi

1902 3283 2014 3337 lum
2037 3281 2207 3336 lilium
2240 3280 2542 3336 asinarum.
2579 3295 2597 3330 ι
2634 3275 2703 3331 Ει
2736 3277 2851 3331 haec
2899 3274 3119 3344 quidem
3153 3281 3383 3344 possunt
3409 3273 3481 3329 ab

211 3364 500 3430 ἀκούοντες
540 3368 706 3422 αὑτοῦ
741 3369 835 3423 τοῦ
868 3369 1232 3435 ἐπακούοντος
1261 3370 1420 3443 ήμῶν
1454 3373 1521 3443 τῇ
1556 3372 1798 3445 πτωχείᾳ

207 3455 376 3510 αύτοῦ
418 3458 813 3532 πλουτήσωσιν.

1902 3373 2088 3442 aliquo
2118 3372 2362 3426 historiae
2392 3370 2468 3425 illi
2492 3367 2741 3439 adaptari
2767 3382 2891 3437 qua:
2921 3366 3028 3421 hoc
3051 3364 3327 3437 Evangelii
3359 3364 3480 3419 loco

1902 3463 2232 3528 continetur,
2256 3477 2379 3517 cum
2407 3467 2747 3523 mansuetus,
2770 3464 2825 3513 et
2853 3457 3172 3524 exaudiens,
3194 3464 3249 3510 et
3275 3470 3481 3526 pauper

212 3545 471 3605 Servatur
496 3550 890 3626 Jerosolymam
925 3556 1205 3628 ingressus
1231 3567 1354 3625 est;
1391 3574 1516 3614 cum
1560 3559 1706 3615 enim
1745 3558 1900 3615 dives
1945 3566 2113 3623 esset,
2155 3557 2316 3627 inops
2366 3566 2547 3612 tamen
2593 3562 2732 3623 erat,
2766 3562 2828 3609 ut
2858 3553 2954 3625 qui
3009 3552 3291 3609 audientes
3316 3550 3478 3626 743

215 3638 263 3695 si
290 3649 417 3695 sunt
445 3643 540 3714 qui
570 3660 670 3701 nos
699 3648 941 3713 exaudit,
973 3649 1146 3720 ipsius
1167 3660 1484 3721 paupertate
1514 3652 1801 3707 ditescant.

285 3734 511 3807 ’ἰδωμεν
537 3737 594 3792 δὲ
624 3741 753 3811 περὶ
780 3741 880 3812 τῆς
905 3741 1166 3813 Βηθφαγὴ
1200 3744 1295 3814 μὲν
1315 3743 1457 3796 κατὰ
1488 3743 1786 3808 Ματοαῖον,

214 3822 484 3896 Βηθανίας
508 3826 566 3881 δέ
608 3828 750 3882 κατὰ
787 3828 879 3882 τὸν
906 3829 1155 3900 Μάρκον,
1179 3829 1446 3902 Βηθφαφὴ
1477 3829 1533 3883 δὲ
1563 3829 1657 3883 καὶ
1679 3830 1787 3899 Βη-

212 3916 400 3982 θανίας
437 3917 580 3971 κατὰ
597 3919 689 3973 τὸν
719 3920 953 3977 Λουκᾶν.
983 3919 1168 3974 Ταῦτα
1220 3921 1278 3973 δὲ
1305 3916 1373 3992 ἦν
1412 3920 1551 3991 πρὸς
1575 3920 1636 3973 τὸ
1663 3920 1788 3992 ὅρος

210 4007 274 4062 τὸ
298 4008 627 4081 καλούμενον
671 4011 917 4067 Ἐλαιῶν.
957 4011 1457 4086 Ἑρμηνεύεσθαιδέ
1490 4029 1669 4083 φαμεν
1688 4012 1786 4085 τὴν

210 4099 504 4174 Βηθφαγὴν
527 4103 627 4175 μὲν
649 4122 667 4156 ι
690 4100 838 4158 οἷκον
863 4105 1127 4174 σιαγόνων
1159 4106 1235 4176 (l)
1255 4128 1302 4176 ,ι
1325 4104 1448 4174 ἥτις
1468 4102 1574 4156 τῶν
1599 4104 1787 4176 ἱερέων

1969 3742 2053 3796 l7.
2087 3740 2243 3798 Nunc
2287 3749 2468 3797 autem
2511 3741 2579 3798 de
2623 3740 2936 3811 Bethphage
2987 3738 3288 3794 secundum
3339 3735 3476 3792 Mat-

1896 3832 2130 3900 thaeum;
2159 3832 2418 3887 Bethania
2451 3831 2752 3889 secundum
2781 3830 3057 3897 Marcum;
3087 3829 3396 3898 Bethphage
3419 3834 3477 3883 et

1894 3924 2155 3980 Bethania
2184 3924 2481 3980 secundum
2509 3923 2710 3979 Lucam
2736 3939 2983 3993 agamus.
3027 3921 3153 3977 Haec
3176 3929 3355 3976 autem
3378 3936 3475 3976 su-

1893 4032 1991 4086 pra
2036 4028 2275 4071 montem
2334 4016 2555 4077 ﬁebant,
2600 4015 2695 4086 qui
2723 4013 3004 4069 Olivarum
3052 4013 3271 4068 dicitur.
3310 4012 3476 4067 Beth-

1894 4107 2068 4178 phage
2101 4122 2284 4176 porro,
2323 4125 2342 4158 ι
2391 4105 2614 4163 domum
2651 4103 3019 4169 maxillarum,
3048 4123 3067 4156 ι
3108 4103 3475 4174 interpretan-

1412 4220 1641 4281 VETUS
1679 4220 2261 4281 INTERPRETATIO.

209 4317 467 4391 gaudium
514 4317 751 4374 fructum
788 4319 1022 4390 Spiritus
1050 4320 1223 4376 sancti
1262 4319 1427 4374 ﬁliam
1456 4318 1550 4372 Dei
1585 4318 1737 4391 Sion,
1766 4329 1815 4375 et
1858 4320 2022 4391 filiam
2062 4319 2182 4389 ejus
2226 4318 2564 4391 Hierusalem
2596 4318 3212 4391 pradicareaveniebat
3241 4317 3386 4391 enim
3421 4320 3472 4391 ei

212 4404 304 4443 rex
351 4387 534 4458 justus
565 4399 621 4445 et
650 4387 888 4452 salvan's,
920 4399 974 4445 et
1021 4406 1129 4445 non
1161 4391 1484 4460 simpliciter
1529 4390 1772 4455 salvans,
1820 4392 1914 4444 sed
1943 4387 2128 4458 justus
2170 4398 2225 4444 et
2248 4390 2488 4454 salvans,
2524 4390 2575 4445 id
2598 4387 2717 4458 est,
2756 4406 2879 4446 cum
2919 4388 3129 4458 judicio
3158 4398 3216 4443 et
3255 4388 3474 4458 justiti:

213 4460 429 4514 salvans
457 4477 471 4515 :
502 4460 750 4529 veniebat
775 4460 969 4516 sedens
1001 4476 1164 4529 super
1188 4459 1399 4515 asinam
1429 4467 1482 4513 et
1510 4459 1713 4529 pullum
1746 4460 2039 4523 novellum,
2068 4474 2208 4528 quos
2237 4460 2500 4529 diximus,
2531 4461 2761 4516 visitans
2787 4461 2976 4522 Israel,
3008 4468 3062 4516 et
3089 4459 3474 4514 exterminans

211 4543 406 4585 currus
428 4546 494 4585 ex
521 4528 783 4599 Ephrata,
807 4529 1014 4584 similes
1045 4528 1368 4585 constitutos
1396 4528 1650 4599 currihus
1681 4528 1981 4585 Pharaonis
2003 4544 2143 4599 quos
2164 4529 2398 4599 proiecit
2426 4531 2479 4584 in
2507 4546 2679 4585 mare.
2710 4529 2974 4586 Veniebat
3004 4539 3189 4585 autem
3216 4536 3277 4583 ut
3301 4538 3474 4583 exter-

216 4598 388 4670 minet
435 4597 600 4670 etiam
654 4616 856 4670 equum
903 4601 1106 4654 animal
1156 4600 1414 4654 bellicum
1458 4600 1525 4670 de
1554 4597 1919 4664 Hierusalem,
1971 4597 2034 4654 ut
2062 4597 2461 4669 pacem‘faciat
2492 4601 2681 4668 Israel,
2716 4609 3043 4656 cenvertens
3073 4599 3314 4670 perditas
3345 4613 3475 4654 oves

211 4668 408 4741 ipsius.
435 4667 725 4736 Quomodo
752 4685 857 4723 non
887 4678 1006 4741 erat
1036 4686 1137 4741 res?
1158 4671 1318 4740 digna
1352 4667 1552 4741 gaudio
1596 4683 1792 4741 magno
1824 4670 1904 4723 sic
1932 4667 2118 4741 venire
2162 4685 2341 4741 regem
2365 4670 2575 4740 justum
2603 4667 2766 4741 atque
2796 4667 3098 4726 salvantem
3128 4670 3181 4723 in
3212 4667 3474 4741 Hierusa-

208 4736 315 4792 Iem
348 4753 415 4794 ex
459 4755 567 4810 qua
606 4748 725 4795 erat
766 4736 1635 4812 exterminandusvomnisarcus
1662 4738 1914 4803 bellicus,
1946 4753 2005 4794 ut
2029 4739 2143 4809 jam
2180 4736 2458 4812 nunquam
2514 4759 2533 4791 ι
2577 4736 2901 4812 peccatores
2928 4760 2948 4793 ι
2984 4741 3036 4795 in
3058 4755 3153 4812 _ea
3189 4739 3474 4794 intendant

215 4824 238 4881 ε
275 4809 491 4874 arcum,
526 4825 755 4881 {ireque
784 4818 1092 4881 praeparent
1129 4827 1148 4861 ι
1188 4811 1417 4881 sagittas
1446 4809 1499 4863 in
1530 4809 1803 4881 pharetra,
1834 4817 1894 4864 ut
1919 4812 2177 4880 sagittent
2206 4810 2262 4864 in
2292 4809 2536 4865 obscuro
2565 4809 2746 4867 rectos
2777 4811 2960 4867 corde.
3005 4830 3024 4864 ι
3057 4809 3187 4864 Erat
3211 4818 3342 4881 tunc
3365 4823 3472 4878 pax

212 4875 390 4950 l‘utnra
438 4895 501 4934 ex
549 4875 927 4950 ﬁde-gentium
972 4875 1305 4936 salvatarum
1352 4875 1584 4950 Domitio
1628 4878 1967 4949 principante
1986 4875 2270 4950 'aquarum
2307 4895 2487 4950 usque
2534 4881 2603 4936 ad
2633 4896 2804 4943 mare,
2843 4881 2896 4935 id
2931 4888 3036 4947 est,
3072 4875 3401 4950 populorum
3453 4894 3469 4950 ς

214 4949 578 5022 principatum
610 4945 790 5022 autem
823 4960 877 5022 et
907 4948 1148 5022 ﬂuminis
1191 4949 1504 5022 emissionis
1539 4945 1717 5022 terrae,
1757 4945 1821 5022 et
1838 4951 2019 5005 exitus
2052 4945 2411 5022 'facientium,
2437 4960 2505 5022 et_
2530 4952 2872 5022 irrigautium
2908 4945 3091 5022 multa
3138 4945 3330 5018 ipsius.
3365 4945 3469 5012 Qui

209 5030 390 5097 autem
409 5020 888 5097 _simphciler_vult
931 5020 1230 5097 intelligere
1258 5018 1389 5097 Sion
1424 5018 2005 5097 populos_ludt§orum
2030 5020 2096 5074 ad
2124 5035 2265 5097 quos
2292 5018 2743 5097 vellit_Salvajor,
2778 5021 2858 5097 sic
2890 5019 3073 5097 dicere
3100 5026 3302 5088 putest,
3330 5030 3469 5097 quo:

215 5091 358 5144 niam
409 5080 643 5145 Verbum
675 5092 894 5160 quidem
931 5089 1025 5144 Dei
1052 5080 1312 5160 pr'iecepit
1341 5080 1580 5160 gaudere
1611 5090 1772 5143 tiliam
1806 5088 1961 5157 Sion,
1997 5099 2051 5144 et
2085 5080 2383 5160 praedicare
2412 5092 2576 5146 tiliam
2602 5080 2964 5160 Hierusalem.
2999 5089 3059 5144 Si
3081 5080 3263 5142 autem
3295 5080 3468 5160 aliqui

212 5175 398 5215 eorum
430 5154 869 5230 discrediderint,
904 5175 1011 5214 non
1042 5154 1206 5230 digna
1234 5154 1448 5230 'gau'dio
1480 5174 1644 5228 opera
1678 5154 1961 5222 facientes,
1991 5154 2167 5230 neq'ue
2199 5160 2561 5230 suscipientes
2598 5159 2931 5230 praedicandi
2975 5163 3328 5230 praeceptum,
3364 5154 3467 5224 ipsi

211 5230 312 5285 sibi
345 5245 510 5286 causa
556 5240 685 5284 sunt
728 5229 879 5295 facti,
908 5241 965 5284 ut
1005 5227 1281 5299 patiantur
1310 5245 1372 5283 ea
1401 5227 1529 5299 quas
1569 5230 1717 5299 passi
1751 5238 1900 5295 sunt,
1927 5238 1986 5284 ut
2014 5227 2156 5284 recte
2183 5227 2401 5284 dicatur
2430 5233 2498 5285 ad
2530 5227 2627 5286 eos
2662 5247 2677 5284 :
2717 5248 2735 5281 ι
2780 5228 2944 5299 vobis
2976 5227 3198 5299 quidem
3231 5227 3467 5281 missum

212 5301 386 5355 fuerat
414 5300 504 5370 Ι)νί
534 5299 797 5362 Verbum,
827 5300 921 5356 sed
950 5298 1081 5369 quia
1119 5300 1371 5370 indignos
1399 5298 1498 5370 vos
1517 5300 1774 5368 judicatis
1803 5308 2020 5353 aeternae
2052 5301 2195 5370 vitae,
2225 5314 2354 5354 ecce
2385 5300 2758 5370 convertimur
2789 5298 2857 5353 ad
2889 5298 3097 5368 gentes.
3148 5314 3168 5348 ι

282 5370 367 5424 l7.
401 5369 698 5425 Videamus
731 5379 913 5425 autem
939 5363 993 5425 et
1029 5371 1096 5424 de
1126 5363 1347 5425 nomine
1394 5363 1704 5439 Betliphage
1739 5372 2040 5439 secundum
2079 5368 2417 5436 Matthaeum,
2448 5367 2722 5425 Bethania;
2774 5363 2956 5439 autem
2986 5363 3460 5439 secundumuhlar-

220 5451 358 5505 c.m,
386 5440 697 5511 Bethphage
728 5449 909 5496 autem
937 5449 992 5495 et
1018 5439 1296 5495 Bethania:
1340 5433 1896 5495 secundum'Lucam.
1930 5437 1995 5494 Et
2023 5439 2111 5494 hic
2138 5449 2257 5495 erat
2280 5433 2434 5496 locus
2466 5440 2521 5495 in
2557 5448 2744 5496 ntonte
2776 5438 2873 5512 qui
2918 5437 3216 5495 vocabatur
3243 5433 3465 5494 Oliveti.

278 5558 327 5592 "
364 5555 510 5615 Psal.
546 5576 603 5624 x,
634 5561 688 5616 5.
766 5561 812 5593 "
850 5559 971 5615 Act.
1013 5576 1136 5627 xm,
1170 5558 1260 5615 46.

275 5674 350 5747 (1)
399 5675 716 5745 Βεθςραγνὴν
753 5674 887 5747 μὲν(
923 5670 1094 5747 οἷκον
1133 5677 1452 5747 σιαγόνων.
1498 5672 1780 5747 Origenes.

1890 5676 2236 5731 sacerdotalis
2269 5676 2484 5745 quidam
2530 5675 2680 5730 locus
2723 5692 2736 5729 :
2768 5676 2997 5733 maxillae
3029 5678 3175 5733 enim
3211 5679 3465 5735 sacerdo-

215 5744 395 5801 homil.
433 5747 500 5801 57
531 5744 787 5801 inLch
825 5766 843 5799 ι
874 5744 1131 5801 Bethania
1172 5744 1558 5814 interpretatur
1600 5744 1785 5799 domus
1894 5747 2037 5800 tibus
2083 5744 2382 5809 dabantur,
2436 5746 2575 5800 sicut
2622 5746 2674 5799 iu
2724 5746 2839 5818 lege
2929 5750 3233 5819 accipitur;
3275 5769 3293 5801 ι
3328 5760 3384 5806 et
3411 5752 3467 5805 in

219 5816 550 5872 obedientile:
595 5816 908 5872 Bcthnhage
956 5832 1116 5872 vero.
1169 5817 1351 5870 domus
1410 5814 1781 5872 maxillarum.
1890 5816 2044 5870 Joan.
2082 5832 2153 5872 ιι.
2190 5817 2253 5871 15
2280 5825 2333 5869 et
2364 5831 2500 5872 δρα..
2539 5825 2667 5871 tom.
2717 5834 2768 5872 xi
2810 5835 2821 5871 :
2865 5763 2997 5872 'Xrtb
3029 5819 3325 5872 Βηθωαγῆς
3355 5820 3410 5872 δὲ
3438 5823 3466 5872 ὁ

219 5816 550 5884 οὸεάὶειιιὶιε;
595 5816 908 5890 Bethphage
956 5832 1116 5881 vero,
1169 5817 1351 5870 domus
1410 5814 1781 5882 maxillarum,

1890 5816 2044 5870 Joan.
2082 5832 2153 5882 ιι,
2190 5817 2253 5871 15
2280 5825 2333 5869 et
2364 5831 2500 5885 seq.,
2539 5825 2667 5871 toni.
2717 5816 2821 5873 xu:

2928 5818 2997 5873 πὸ
3029 5818 3325 5894 Βηθφαγῆς
3355 5820 3410 5876 δὲ
3438 5823 3466 5876 δ
