3962 6532
144 418 172 473 1
189 419 304 476 457

1119 416 1475 480 COMMENT.
1511 423 1580 480 IN
1621 423 2036 482 MATTHASUM
2077 422 2316 480 TOMUS
2356 420 2495 476 XVI.

3272 427 3298 482 i
3307 425 3412 483 4-58

142 533 413 596 πλεῖστος
439 499 617 604 ὄχλος,
649 534 744 588 καὶ
762 533 1013 608 τέταρτοι
1043 538 1091 589 οί
1140 537 1429 603 κόπτοντες
1452 539 1575 603 τοὺς
1607 538 1735 592 κλά-

1845 553 2028 592 ramos
2056 538 2123 592 ab
2153 535 2440 591 arboribus
2481 532 2854 604 amputabant,
2889 544 2943 590 et
2970 535 3025 590 in
3047 534 3134 591 via
3165 535 3412 593 subster--

136 624 284 689 δους
312 625 422 679 ἀπὸ
481 625 588 679 τῶν
617 626 848 697 δένδρων
877 630 971 681 κα)⁸
1032 628 1397 699 στρωννύντες
1429 629 1485 681 ἐν
1518 632 1583 700 τῇ
1615 628 1739 700 ὀδῷ.

138 716 290 770 Νόει
305 717 362 769 δέ
387 717 602 788 μοιάπὸ
630 718 834 772 τούτων
869 721 964 772 καὶ
988 720 1234 790 πέμπτον
1259 722 1354 774 καὶ
1377 721 1531 774 ἕκτον
1560 722 1744 790 τάγμα

138 809 582 880 κατειλεγμένον
615 808 720 863 τῶν
747 811 838 864 τὸν
887 811 1092 882 Ἰησοῦν
1122 813 1489 882 προαγόντων,
1515 812 1609 865 καὶ
1636 811 1742 864 τῶν

139 900 603 954 ἀκολουθούντων
652 902 802 972 αύτῷ
823 919 835 932 ·
899 903 994 956 καὶ
1055 903 1394 974 προάγοντας
1474 904 1572 973 μέν
1636 905 1742 974 φή-

144 1005 278 1053 σεις
305 989 420 1060 (l0)
467 990 576 1044 ἀπὸ
602 990 710 1043 τῶν
740 991 845 1062 πρὸ
869 993 970 1063 τῆς
1021 994 1319 1064 παρουσίας
1365 989 1504 1047 εἶναι
1554 997 1618 1048 ἐκ
1645 993 1741 1048 τοῦ

139 1081 292 1136 λαοῦ
325 1083 572 1147 δικαίων,
602 1083 743 1154 τάχα
768 1084 862 1138 καὶ
893 1085 1203 1157 προφητῶν·
1237 1086 1658 1149 ἀκολουθοῦντας
1685 1086 1742 1139 δὲ

138 1176 286 1238 τοὺς
316 1174 426 1228 ἀπὸ
482 1174 591 1228 τῶν
630 1175 766 1246 μετά
823 1175 922 1247 τὴν
975 1179 1276 1248 παρουσίαν
1331 1179 1610 1248 ἑπομένων
1663 1177 1742 1249 τῷ

137 1264 341 1336 Λόγῳ,
376 1263 470 1317 καὶ
509 1263 944 1319 ἀκολουθούντων
996 1265 1166 1336 αὐτῷ,
1218 1265 1329 1319 εἴτε
1379 1266 1602 1319 δικαίων
1631 1265 1741 1318 εἴτε

139 1360 254 1413 καὶ
281 1360 600 1413 ἀποστόλων
632 1357 893 1430 Χριστοῦ.
954 1358 1100 1429 Πλὴν
1131 1359 1230 1411 ούκ
1260 1359 1394 1412 ἄλλα
1432 1357 1531 1428 μὲν
1557 1358 1740 1426 ἔλεγον

139 1453 198 1504 οἱ
237 1452 596 1523 προάγοντες,
627 1450 760 1506 ἄλλα
816 1450 870 1503 δὲ
910 1450 960 1503 οἱ
1013 1449 1450 1518 ἀκολουθοῦντες
1510 1449 1740 1522 ἔκραζον

138 1539 264 1610 γὰρ
296 1539 498 1603 πάντες
527 1540 643 1610 ἅμα
676 1537 750 1601 ὡς
783 1536 943 1610 χορὸς
992 1537 1234 1608 συνᾴδων
1287 1538 1380 1592 καὶ
1428 1537 1738 1608 σύμφωνος,

140 1634 250 1686 καὶ
285 1633 470 1701 ἔλεγον
497 1635 591 1686 καὶ⁸
629 1633 690 1686 τὸ
728 1632 1063 1702 ἀνθρώπινον
1104 1631 1398 1702 ὑμνοῦντες
1430 1631 1520 1685 τοῦ
1559 1632 1742 1701 Σωτῆο

141 1741 250 1793 ρος
282 1725 342 1776 ἐν
373 1724 470 1795 τῷ·
509 1743 529 1775 I
565 1722 795 1778 Ὡσαννά
817 1722 896 1794 τῷ
921 1723 1023 1794 υίῷ
1057 1723 1270 1777 Δαυῒδ”›
1307 1725 1402 1777 καὶ¹
1434 1724 1534 1793 τὴν
1562 1723 1740 1776 δευτέ-

142 1833 257 1886 ραν
283 1815 449 1870 αὐτοῦ
481 1816 790 1888 ἐπιδημίαν·
841 1835 859 1866 ι
886 1815 1260 1886 Εὐλογημένος
1291 1818 1319 1869 6
1348 1816 1640 1887 ἐρχόμενος
1682 1817 1739 1870 ἐν

1849 630 2066 683 nebant.
2101 628 2358 695 Quintam
2391 633 2672 695 praeterea,
2701 632 2754 677 et
2794 631 3002 678 sextam
3032 625 3309 680 cohortem
3346 640 3413 680 ex

1846 720 1913 775 iis
1944 719 2036 789 qui
2077 717 2260 774 Jesum
2292 717 2686 788 praecedebant,
2714 715 2916 786 quique
2945 715 3416 785 subsequebantur

1847 809 2130 866 conﬂatam
2168 811 2269 863 hoc
2297 809 2417 864 loco
2447 807 2676 863 observa
2697 825 2710 859 :
2729 815 2782 862 et
2815 822 2940 862 vero
2964 806 3057 875 qui
3083 806 3413 876 praecedunt,

1844 917 1908 957 ex
1943 902 2146 958 sanctis
2176 900 2407 956 fortasse
2435 909 2489 957 et
2522 900 2802 971 prOpbetis
2831 899 2924 968 qui
2956 908 3081 954 ante
3125 898 3414 954 adventum

1843 995 2118 1061 vixerunt,
2156 994 2411 1050 collectos
2459 1009 2578 1049 esse
2636 993 2820 1060 dices;
2865 991 2958 1061 qui
3009 991 3421 1061 subsequuntur

1845 1098 2047 1153 autem,
2074 1105 2137 1144 ex
2177 1088 2364 1158 justis,
2393 1087 2474 1143 vel
2521 1086 2724 1141 Christi
2760 1085 3025 1156 apostolis
3055 1083 3148 1156 qui
3173 1096 3296 1156 post
3322 1085 3420 1138 ad-

1845 1192 2064 1237 ventum
2112 1181 2348 1236 Verbum
2392 1181 2650 1237 asscctati
2696 1189 2843 1235 sunt.
2891 1179 3276 1233 Verumtamen
3309 1193 3420 1232 non

1845 1275 1948 1328 alia
1984 1274 2369 1344 pra-cedentes,
2407 1273 2509 1327 alia
2549 1288 2677 1327 vero
2707 1272 3101 1341 subsequentes
3147 1269 3420 1336 dicebant,

1844 1382 1955 1420 uno
1997 1365 2140 1420 enim
2191 1380 2286 1419 ore
2336 1365 2480 1419 haud
2511 1379 2667 1419 secus
2699 1379 2764 1418 ac
2799 1378 3028 1419 concors
3059 1371 3112 1417 et
3145 1377 3421 1418 consonus

1845 1458 2046 1512 chorus
2097 1455 2406 1512 clamabant
2441 1470 2654 1521 omnes,
2682 1463 2737 1510 et
2767 1453 3073 1508 Servatoris
3109 1453 3421 1507 humanita-

1847 1554 1951 1600 tem
1979 1545 2062 1600 his
2087 1547 2265 1601 verbis
2296 1545 2729 1601 celebrabant“:
2756 1565 2774 1596 ‹
2801 1543 3021 1599 Osanna
3042 1543 3150 1598 lilio
3165 1541 3365 1608 David;
3391 1561 3411 1596 ι

1845 1646 1900 1690 at
1929 1635 2222 1691 secundum
2262 1635 2434 1705 ipsius
2472 1637 2785 1698 adventum.
2829 1635 2930 1689 hoc
2978 1636 3222 1706 hymno:
3260 1651 3279 1685 ι
3315 1633 3417 1687 Be-

1845 1728 2095 1782 nedictus
2128 1727 2220 1798 qui
2257 1728 2402 1782 venit
2435 1729 2488 1781 in
2518 1727 2736 1782 nomine
2768 1725 3021 1792 Domini;
3054 1745 3073 1778 ›
3113 1725 3418 1781 restitutio-

1846 1833 1970 1872 nem
2015 1827 2194 1872 autem
2225 1817 2345 1889 ejus
2390 1818 2444 1872 in
2475 1826 2662 1872 sancta
2704 1816 2946 1872 dicentes
2991 1835 3004 1871 :
3042 1834 3061 1867 I
3108 1814 3326 1872 Osanna
3360 1813 3417 1868 in

141 1904 383 1978 ὀνόματι
410 1907 670 1978 Κυρίου-ι
707 1906 804 1959 καὶ
832 1906 930 1977 τὴν
961 1906 1041 1968 εἰς
1092 1905 1161 1959 τά
1191 1905 1321 1974 ἅγια
1350 1906 1734 1960 ἀποκατάστα-
1768 1916 1810 1972 Β
1838 1909 2086 1965 excelsis.
2126 1927 2145 1959 ι

141 2013 240 2050 σιν
267 2001 328 2051 ἐν
355 1998 452 2069 τῷ·
491 2016 510 2050 I
547 1997 776 2052 Ὡσαννὰ
807 1999 865 2050 ἐν
903 2001 1016 2062 τοῖς
1044 1997 1305 2067 ὑψίστοις.
1335 2018 1353 2050 ι

224 2090 446 2143 Τούτων
475 2089 540 2161 δὴ
568 2089 677 2143 τῶν
724 2088 890 2160 τριῶν
917 2089 1276 2160 ἐκφωνήσεων
1301 2088 1608 2158 λεγομένων
1637 2089 1741 2141 ὑπὸ

141 2177 256 2248 τῆς
283 2179 606 2249 συμφωνίας
635 2179 742 2232 τῶν
774 2178 1122 2250 προαγόντων
1181 2179 1277 2232 κα)⁵
1309 2177 1740 2231 ἀκολουθούντων

141 2269 234 2340 τῷ
278 2268 478 2340 Ἰησοῦ,
509 2270 536 2322 6
572 2269 674 2340 μὲν
706 2269 877 2340 εἰσῄει
909 2272 988 2334 είς
1013 2269 1082 2322 τά
1107 2269 1334 2340 ἀληθινὰ
1371 2269 1734 2340 ’ῐεροσόλυμαο

143 2359 483 2424 ξενισθεῖσαι
510 2361 566 2413 δὲ
599 2360 655 2414 αἱ
675 2359 924 2432 οὐράνιαι
948 2359 1224 2430 δυνάμεις,
1266 2361 1466 2422 αἵτινες
1496 2359 1738 2428 λέγονται

145 2453 309 2507 πᾶσα
332 2447 471 2504 εἶναι
504 2453 536 2522 ἡ
592 2451 765 2515 πόλις,
823 2452 1080 2521 ἔφασκον·
1119 2470 1136 2502 t
1183 2451 1279 2514 Τίς
1311 2453 1456 2504 ἐστιν
1482 2446 1670 2516 οὖτοςς
1713 2471 1731 2502 ι

141 2541 417 2616 ἀνάλογον
436 2537 548 2604 τοῖς
570 2542 1019 2612 προφητευθείσιν
1048 2545 1104 2596 ἐν
1138 2542 1221 2611 κγ’
1254 2542 1454 2613 ψαλμῷ
1488 2544 1614 2615 περὶ
1639 2545 1739 2615 τῆς

142 2633 475 2705 ἀναλήψεως
501 2633 596 2687 τοῦ
623 2635 894 2706 Σωτῆρος,
927 2636 1020 2688 καὶ
1045 2633 1137 2688 τοῦ
1169 2633 1420 2706 ξενισμοῦ
1448 2636 1554 2689 τῶν
1578 2637 1740 2708 ούρα-

144 2725 285 2778 νίων
319 2724 603 2795 δυνάμεων
637 2724 992 2796 ξενιζομένων
1039 2725 1134 2778 ἐπὶ
1191 2724 1269 2796 τῷ
1303 2726 1476 2797 καινῷ
1509 2726 1602 2780 τοῦ
1635 2745 1739 2780 σω-

148 2815 391 2886 ματικοῦ
429 2815 592 2870 αὑτοῦ
619 2816 894 2887 ὀχήματος
927 2815 1179 2886 θεάματι.
1215 2819 1368 2888 Ἔχει
1394 2817 1450 2871 δὲ
1479 2817 1652 2882 οὕτως
1680 2821 1737 2872 ἐν

143 2906 228 2977 τῷ
259 2906 482 2977 ψαλμῷ·
525 2925 544 2959 t
573 2908 774 2980 Ἄρατε
808 2907 1003 2972 πύλας,
1028 2909 1077 2961 οἱ
1110 2909 1389 2979 ἄρχοντες,
1418 2909 1590 2979 ὑμῶν,
1645 2910 1738 2963 καὶ

142 2998 453 3069 ἐπάρθητε,
484 2999 649 3052 πύλαι
699 2999 926 3064 αἰώνιοι,
987 3001 1080 3053 καὶ
1131 3000 1495 3053 εἰσελεύσεται
1521 3002 1736 3054 68am.-

140 3089 276 3154 λεὺς
303 3091 403 3161 τῆς
433 3091 610 3161 δόξης,
653 3111 671 3143 I
726 3093 820 3146 καὶ
864 3092 929 3146 τὰ
963 3093 1110 3162 ἐξῆς.
1153 3092 1263 3144 Καὶ
1306 3093 1364 3144 ἐν
1425 3093 1625 3164 Ἦσαῖα
1679 3093 1736 3146 δὲ

142 3180 514 3250 παραπλήσια
541 3181 948 3252 προφητεύεται
975 3199 1041 3233 πε
1051 3182 1104 3252 ρὶ
1129 3181 1225 3252 τῆς
1253 3180 1392 3252 μετά
1411 3182 1509 3252 τὴν
1531 3183 1733 3234 οἰκονο-

144 3273 282 3344 μίαν
315 3273 501 3326 ἀνόδου
524 3273 613 3326 τοῦ
631 3275 906 3346 Σωτῆροςο
926 3275 1236 3344 γέγραπται
1259 3273 1386 3344 γάρ·
1419 3292 1437 3323 ι
1463 3273 1559 3336 Τίς
1582 3267 1734 3336 οὗτος

138 3369 169 3420 6
205 3367 654 3437 παραγενόμενος
687 3365 747 3431 ἐξ
793 3365 992 3436 Ἑδὼμ,
1017 3365 1266 3438 ἐρύθημα
1305 3364 1536 3434 ἱματίων
1570 3364 1736 3417 αὑτοῦ

137 3459 208 3511 ἐκ
242 3458 436 3530 Βοσὸρ,
470 3453 622 3522 οὗτος
653 3458 851 3528 ὡραῖος
880 3458 937 3509 ἐν
969 3457 1162 3527 στολῆς
1200 3476 1218 3508 I
1265 3456 1346 3509 Τά
1379 3457 1435 3509 δὲ
1468 3455 1610 3508 κατά
1643 3455 1734 3508 τὸν

137 3550 309 3604 τόπον
339 3549 438 3603 ὅλα
479 3551 573 3603 καὶ
614 3550 678 3602 σὺ
708 3550 912 3622 δυνήσῃ
949 3547 1347 3618 ἀναλεξάμενος
1376 3548 1730 3616 κατανοῆσαι,

137 3643 193 3696 τί
223 3658 287 3696 τε
332 3641 578 3712 λέγουσιν
615 3644 670 3697 αί
703 3641 1042 3713 ξενιζόμεναι
1084 3641 1340 3712 δυνάμεις
1377 3641 1468 3693 ἐπὶ
1511 3639 1611 3710 τῆς
1639 3639 1733 3693 τοῦ

139 3732 420 3804 σωτηρίου
465 3731 717 3802 σώματος
745 3732 954 3794 ἀνόδου,
981 3731 1074 3784 καὶ
1109 3731 1159 3784 τί
1207 3731 1396 3794 αὑταῖς
1435 3730 1731 3802 ἀποκρίνε-

137 3845 253 3880 ται.
287 3825 474 3878 Ταῦτα
497 3825 560 3896 δή
597 3842 684 3896 μοι
709 3823 1074 3896 παρείληπται
1107 3821 1412 3893 βουλομένῳ
1443 3821 1612 3874 σῶσαι
1633 3822 1731 3893 τὴν

137 3918 469 3973 ἀκολουθίαν
499 3918 597 3989 τῆς
639 3916 780 3971 κατά
813 3915 911 3987 τὴν
955 3914 1173 3988 Γραφὴν
1215 3913 1590 3987 τροπολογίας,
1625 3915 1728 3979 ὅτι,

143 4029 163 4060 ι
201 4008 534 4072 εἰσελθόντος
580 4006 744 4060 αὑτοῦ
795 4007 876 4070 είς
912 4006 1280 4078 Ἰεροσόλυμα,
1330 4005 1546 4077 ἐσείσθη
1583 4008 1729 4060 πᾶσα

137 4103 171 4169 ἡ
223 4100 379 4162 πόλις
405 4099 639 4168 λέγουσα
663 4116 676 4129 ⁶
715 4099 811 4162 Τίς
842 4101 988 4151 ἐστιν
1029 4093 1214 4162 οὗτος
1248 4116 1266 4147 I
1297 4096 1451 4150 Μετά
1485 4097 1540 4150 δὲ
1575 4098 1730 4152 τοῦτο

137 4188 275 4258 ἐξῆς
311 4189 642 4259 γέγραπται,
689 4189 771 4242 ὅτι
818 4188 1001 4241 πολλοὶ
1039 4186 1255 4255 ἔλεγον·
1313 4205 1331 4236 ι
1379 4180 1547 4250 Οὗτός
1583 4189 1730 4240 ἐστιν

150 4279 366 4350 Ἰησοῦς
391 4280 419 4332 6
451 4282 736 4352 προφήτης
760 4282 789 4332 6
822 4279 930 4334 ἀπὸ
961 4277 1214 4349 Ναζαρὲτ
1240 4278 1338 4348 τῆς
1363 4278 1669 4342 Γαλιλαίας,
1705 4299 1722 4332 ι

136 4371 532 4441 ὁμολογοῦντες
553 4371 643 4424 τὸν
688 4370 1154 4442 προφητευθέντα,
1191 4370 1273 4422 ὅτι
1305 4388 1323 4419 t
1367 4367 1729 4441 όΝαζωραῖος

138 4461 500 4533 κληθήσεται,
524 4481 542 4514 I
560 4465 588 4515 6
605 4462 805 4532 κυρίως
822 4461 900 4532 τῷ
918 4461 1036 4532 Θεῴ
1059 4462 1144 4514 ἀεὶ
1160 4461 1537 4530 ἀνακείμενος.
1570 4459 1728 4514 Ἀλλὰ

136 4552 288 4606 κατά
329 4553 428 4624 τὴν
471 4553 721 4625 διήγησιν
761 4551 962 4624 ταύτην
1013 4551 1435 4624 περιγεγράφθω
1467 4551 1534 4605 τά
1587 4551 1729 4605 κατά

135 4643 234 4696 τὸν
276 4643 463 4708 τόπον,
496 4645 590 4697 καὶ
617 4643 758 4714 ἀρχή
787 4659 870 4706 τις
911 4640 1050 4694 ἔστω
1091 4641 1283 4712 ἐτέρας
1326 4642 1630 4712 περικοπῆς
1661 4641 1730 4694 τά

137 4733 542 4804 ἐπιφερόμενα,
592 4733 680 4787 ἵνα
723 4733 797 4804 μὴ
840 4731 1218 4802 ἀναγκάζηται
1273 4751 1378 4800 τις,
1437 4736 1727 4790 συνάπτων

1915 2093 2002 2150 l9.
2034 2092 2306 2148 Caeterum
2343 2094 2482 2148 hanc
2511 2092 2959 2149 exclamationem
2999 2103 3108 2144 uno
3150 2095 3415 2144 concentu

1843 2185 2158 2239 tollentibus
2199 2185 2290 2254 qui
2323 2183 2506 2239 Jesum
2557 2182 2954 2254 praecedebant,
2985 2180 3189 2250 quique
3222 2193 3417 2248 seque-

1841 2277 2059 2341 bantur,
2119 2278 2234 2346 ipse
2292 2292 2475 2331 veram
2528 2275 2923 2344 Jerosolymam
2976 2273 3256 2343 ingressus
3309 2279 3414 2324 est.

1843 2369 2170 2438 Stupefacue
2207 2379 2386 2424 autem
2417 2369 2640 2424 virtutes
2670 2368 2938 2430 cmlestes,
2985 2380 3106 2435 quae
3137 2374 3248 2418 tota
3295 2357 3419 2417 esse

1840 2461 2032 2515 civitas
2066 2461 2342 2522 dicuntur,
2372 2461 2590 2515 aiebant
2623 2459 2666 2490 “
2695 2473 2711 2511 :
2761 2476 2779 2509 ι
2816 2457 2946 2524 Quis
2979 2465 3061 2511 est
3109 2454 3233 2510 hic?
3271 2471 3423 2525 Iper-

1843 2557 1969 2612 inde
2023 2564 2081 2608 ut
2110 2570 2230 2624 qua:
2257 2555 2312 2607 in
2346 2552 2604 2623 vigesimo
2631 2550 2791 2606 tertio
2818 2550 3030 2620 psalmo
3053 2548 3120 2602 de
3167 2545 3420 2602 Servato-

1840 2647 1918 2699 ris
1947 2646 2001 2698 in
2029 2647 2168 2701 coelo
2198 2645 2524 2715 receptione,
2557 2653 2611 2698 et
2661 2643 2969 2698 ctelestium
3015 2640 3284 2694 virtutum
3321 2650 3421 2690 no-

1839 2749 1965 2788 vum
2010 2751 2285 2804 corporeae
2335 2735 2508 2805 ipsius
2554 2745 2788 2788 vectura:
2839 2730 3208 2802 spectaculum
3249 2725 3423 2781 admi-

1840 2827 2076 2880 rantium
2133 2836 2357 2896 stupore
2415 2835 2468 2880 et
2503 2824 2912 2895 perturbatione
2961 2819 3216 2892 praedicta
3271 2825 3420 2896 sunt.

1842 2913 1933 2970 Sic
1961 2925 2140 2969 autem
2176 2894 2236 2968 inv
2257 2916 2357 2970 hoc
2381 2894 2590 2984 psalmo
2613 2913 2842 2967 babetur
2866 2912 2907 2942 ⁸⁷
2937 2929 2949 2964 :
2980 2929 2998 2961 ι
3028 2908 3273 2964 Attollite
3289 2894 3421 2976 por-

1841 3013 1942 3068 tas,
1963 3003 2256 3071 principes,
2276 3013 2508 3066 vestras,
2533 3012 2586 3055 et
2602 3000 2912 3065 elevamini,
2930 3008 3098 3068 porta:
3113 2996 3419 3058 :eteruales,

1837 3105 1891 3150 et
1918 3095 2162 3148 introibit
2192 3093 2304 3148 Rex
2353 3094 2560 3164 glorise,
2593 3113 2612 3145 ι
2645 3101 2698 3148 et
2720 3109 2841 3162 quae
2871 3102 3195 3160 sequuntur.
3224 3089 3422 3144 Consi-

1839 3187 1987 3240 milia
2002 3184 2398 3256 quoquelsaias
2411 3187 2477 3240 (le
2495 3183 2822 3250 Servatoris,
2839 3193 2960 3252 post
2980 3183 3413 3236 administratam

1838 3277 2172 3348 provinciam
2197 3277 2300 3332 sibi
2324 3277 2658 3347 impositam,
2681 3291 2912 3332 ascensu
2945 3273 3271 3328 vaticinatur
3296 3290 3310 3337 ;
3338 3271 3420 3326 sic

1837 3369 1982 3423 enim
2008 3369 2270 3439 scriptum
2288 3378 2371 3422 est
2387 3370 2481 3422 ⁸⁸η
2496 3368 2629 3434 Quis
2646 3378 2730 3423 est
2748 3368 2850 3421 iste
2868 3367 2958 3437 qui
2984 3367 3129 3421 venit
3144 3367 3209 3420 de
3226 3363 3420 3430 Edom,

1838 3459 1998 3531 747
2021 3461 2186 3515 rubor
2209 3461 2441 3516 vestium
2465 3461 2532 3514 de
2555 3460 2742 3525 Bosra,
2778 3460 2878 3514 iste
2901 3457 3174 3513 formosus
3202 3457 3257 3511 in
3281 3457 3420 3512 stola

1839 3551 1963 3604 sua?
2003 3568 2021 3600 ι
2057 3549 2230 3620 Hujus
2263 3565 2394 3605 sane
2419 3550 2522 3605 loci
2559 3550 2799 3621 singulas
2827 3558 3008 3619 partes
3043 3549 3208 3605 simul
3253 3549 3420 3605 colle-

1837 3649 1953 3696 ctas
1990 3656 2084 3710 per
2116 3653 2166 3696 te
2209 3650 2362 3710 potes
2394 3642 2724 3713 intelligere,
2765 3657 2974 3698 necnon
3010 3642 3139 3712 quid
3175 3641 3424 3712 corporis

1843 3731 2148 3786 Servatoris
2175 3746 2461 3786 ascensum
2491 3732 2752 3786 mirantes
2782 3732 2954 3787 turbae
2978 3731 3184 3796 dicant,
3211 3739 3263 3783 et
3289 3729 3421 3799 quid

1837 3820 2086 3889 responsi
2115 3818 2308 3874 ferant.
2340 3817 2464 3874 Haec
2493 3819 2711 3889 quidem
2744 3836 2773 3874 a
2810 3835 2896 3874 me
2922 3820 3082 3873 allata
3115 3827 3260 3882 sunt,
3311 3832 3422 3888 quo

1838 3914 2152 3983 tropologia:
2180 3911 2477 3982 Scriptura:
2512 3911 2895 3967 cohwrentiam
2939 3927 3247 3976 servarem,
3292 3911 3420 3980 quia

1841 4025 1860 4057 ‹
1889 4021 2012 4058 cum
2031 4005 2285 4060 intrasset
2301 4003 2751 4075 Hierosolymam,
2775 4015 3044 4058 commota
3066 4013 3149 4058 est
3170 4003 3421 4056 universa

1837 4098 2050 4160 civitas,
2076 4096 2263 4151 dicens
2293 4115 2306 4149 :
2333 4094 2466 4161 Quis
2495 4105 2579 4150 est
2613 4095 2700 4148 hic
2733 4095 2803 4148 "?
2843 4113 2861 4146 ι
2902 4093 3030 4148 Post
3054 4095 3142 4148 illa
3165 4095 3421 4164 deinceps

1837 4187 2099 4256 scriptum
2124 4196 2208 4240 est
2234 4185 2436 4240 dixisse
2467 4185 2669 4240 multos
2699 4185 2745 4217 ⁷ο
2774 4203 2787 4240 :
2819 4203 2837 4237 ι
2881 4183 2979 4239 Hic
3010 4182 3271 4241 estJestIs
3296 4199 3423 4254 pro-

1837 4279 1998 4348 pheta
2025 4293 2052 4331 a
2081 4274 2350 4330 Nazaretlt
2377 4275 2658 4338 Galilaeaz,»
2684 4291 2810 4330 eum
2835 4275 3176 4342 conﬁtentes,
3208 4275 3276 4330 de
3307 4290 3419 4344 quo

1837 4370 1888 4425 id
1917 4369 2120 4425 editum
2161 4368 2336 4424 fuerat
2376 4369 2694 4424 vaticinium
2726 4369 2769 4400 "
2820 4388 2832 4423 :
2873 4387 2891 4420 ε
2937 4369 3206 4435 Quoniam
3245 4365 3420 4422 Naza-

1837 4477 1977 4517 raeus
2007 4461 2324 4528 vocabitur,
2376 4480 2395 4513 ι
2443 4460 2726 4531 speciatim
2756 4461 3016 4514 nimirum
3063 4458 3175 4516 Deo
3204 4474 3420 4529 semper

1837 4560 2211 4608 consecratus.
2253 4551 2450 4607 Verum
2477 4552 2578 4607 hac
2605 4551 2944 4621 expositione
2971 4550 3422 4621 circumscriptus

1837 4650 1954 4698 esto
1975 4642 2130 4698 locus
2159 4642 2262 4697 iste
2298 4659 2312 4696 :
2349 4657 2472 4711 quae
2497 4650 2678 4696 autem
2707 4642 2952 4696 subnexa
2987 4650 3151 4707 sunt,
3201 4640 3423 4696 initium

1837 4735 1967 4790 dent
1988 4734 2142 4788 alteri
2167 4734 2434 4801 membro,
2461 4749 2527 4789 ne
2549 4747 2740 4788 eorum
2765 4733 3264 4804 interpretationem
3292 4745 3420 4787 cum

137 4827 238 4880 καὶ
271 4826 373 4896 τὴν
403 4825 532 4897 περὶ
561 4824 782 4880 ἐκείνων
811 4823 1060 4896 διήγησιν
1080 4825 1192 4887 τοῖς
1217 4825 1522 4895 προτέροις,
1546 4826 1728 4896 ζητεῖν

1842 4826 2218 4897 superioribus
2246 4834 2582 4882 connectens
2608 4825 2809 4897 aliquis
2837 4826 3144 4896 disquirere
3170 4832 3422 4895 cogatur,

1351 4938 1585 4999 VETUS
1623 4943 2205 5002 INTEHPRETATIO.

139 5059 437 5135 ceterique
468 5057 652 5114 ﬁdeles
666 5057 770 5135 _qui
802 5057 984 5135 secuti
1001 5064 1130 5135 sunt
1155 5055 1393 5135 Verbum
1427 5056 1541 5135 Dei.
1567 5057 1770 5113 Tamen
1803 5075 1908 5114 non
1945 5061 2092 5135 aliud
2113 5062 2366 5118 dicebant
2390 5065 2483 5134 qui
2507 5064 2902 5135 praecedebant,
2925 5063 3072 5118 aliud
3096 5073 3275 5120 autem
3323 5065 3416 5135 qui

141 5131 550 5204 sequebantur,
585 5131 680 5183 sed
710 5144 907 5204 omnes
939 5128 1249 5204 clamabant
1281 5128 1506 5204 insimul
1532 5133 2293 5204 consoIIa_._voce,humanam
2327 5128 2546 5203 quidem
2581 5136 2783 5204 Christi
2811 5135 3268 5204 dispensationem
3301 5128 3413 5190 lau-

138 5196 341 5257 dantes
384 5199 440 5252 in
484 5200 722 5271 eoquod
753 5199 1050 5271 dicebant:
1087 5215 1104 5248 ι
1132 5196 1357 5271 Osanna
1389 5197 1502 5271 tilio
1532 5197 1700 5252 David
1739 5199 2106 5271 {Benedictus
2135 5204 2226 5271 qui
2249 5196 2400 5258 venit
2427 5203 2483 5259 in
2510 5206 2732 5260 nomine
2757 5196 2972 5258 Domini
3007 5221 3022 5259 :
3058 5223 3078 5257 ›
3114 5205 3418 5261 ῐθειὶιυιὶοο

138 5287 268 5327 nem
299 5279 482 5324 autem
526 5267 646 5337 ejus
672 5269 724 5322 in
761 5277 972 5331 sancta,
1006 5268 1058 5321 in
1091 5283 1158 5323 eo
1181 5269 1326 5337 quod
1351 5268 1601 5337 dicebant
1633 5285 1647 5322 :
1693 5287 1712 5319 ι
1748 5267 1971 5326 Osanna
2006 5273 2060 5327 in
2091 5267 2347 5330 excelsis.
2381 5293 2402 5328 ι

215 5343 306 5395 19.
351 5358 370 5391 I
405 5340 462 5394 in
494 5333 595 5410 illo
619 5348 881 5410 tempore,
911 5353 1034 5410 cum
1064 5333 1323 5410 intrasset
1346 5335 1506 5410 Jesus
1527 5333 1996 5410 Hierosolymam,
2025 5353 2303 5398 commota
2343 5352 2429 5399 est
2463 5347 2718 5400 universa
2743 5342 2954 5407 civitas,
2995 5343 3184 5410 dicens
3217 5360 3231 5399 :
3281 5341 3418 5410 Quis

135 5421 235 5484 est
263 5411 451 5484 hic?)
492 5408 548 5462 ln
585 5408 704 5484 istis
734 5407 880 5484 i_I_unc
904 5408 1117 5484 duobus
1143 5409 1476 5462 clamoribus
1504 5407 1768 5484 _dic_tis.ex
1795 5407 2072 5468 consensu
2099 5414 2522 5482 precedentium
2560 5423 2614 5469 et
2646 5415 2988 5484 sequentium

3040 5398 3227 5468 .iesum
3253 5455 3269 5480 ,
3291 5398 3419 5484 ipse

138 5481 372 5552 quidem
406 5480 627 5534 intravit
656 5480 708 5532 in
739 5477 1170 5548 Hierosolymam
1197 5493 1378 5532 veram
1408 5496 1420 5531 :
1452 5477 1790 5533 admirantes
1836 5490 2020 5536 autem
2050 5477 2280 5540 virtutes
2326 5485 2578 5540 cwlesles
2605 5523 2622 5550 ,
2655 5477 2776 5554 qua:
2813 5484 3152 5555 appellantur
3195 5477 3414 5552 civitas,

214 5601 261 5631 "
302 5598 494 5653 Matth.
522 5615 636 5664 xu,
664 5599 718 5654 9.
765 5600 818 5632 ⁸⁸
881 5598 1010 5653 ibid.
1041 5598 1128 5652 10.

141 5671 185 5702 ⁷⁸
209 5669 405 5724 Matth.
441 5684 504 5734 tt,
535 5669 624 5724 23.

1229 5599 1273 5630 ⁸⁷
1313 5597 1458 5654 Psal.
1494 5613 1628 5652 xxIII
1652 5640 1666 5666 ,
1695 5597 1744 5651 7.

1851 5601 1895 5631 ⁸⁸
1932 5586 2036 5657 Ϊεο.
2072 5618 2226 5671 LXIII,
2265 5603 2312 5656 l.
2431 5602 2476 5634 ”
2515 5600 2707 5656 Matth.
2740 5617 2855 5667 xxt,
2903 5600 2983 5656 ιθ.
3095 5600 3142 5633 ⁷⁸
3162 5599 3293 5656 ibid.
3324 5599 3415 5657 Η.

217 5783 336 5856 (l0)
361 5785 480 5857 Καὶ
517 5786 891 5856 προάγοντας
941 5785 1052 5852 μὲν
1097 5785 1332 5856 φήσεις,
1387 5796 1492 5845 etc.
1539 5784 1735 5844 Hieron

1842 5803 1922 5853 us,
1985 5785 2129 5857 Opus
2164 5784 2396 5854 imperf.,
2430 5783 2578 5840 hom.
2612 5777 2715 5853 57,-
2748 5781 3409 5856 pseudwChrysostomus

148 5853 324 5912 lIoIn.’
352 5855 418 5909 12
449 5858 504 5909 in
539 5853 735 5922 Marcl;
777 5853 1235 5930 Theophylahtus.
1271 5859 1349 5914 In.
