  <div class='ocr_page' id='page_1' title='image "/cluster/home/n/w/nwhite01/storage/ocr_20150623/13/hvd.32044019207646/753.png"; bbox 0 0 3962 6584; ppageno 0'>
   <div class='ocr_carea' id='block_1_1' title="bbox 531 381 670 438">
    <p class='ocr_par' dir='ltr' id='par_1_1' title="bbox 531 381 670 438">
     <span class='ocr_line' id='line_1_1' title="bbox 531 381 670 438; baseline 0 0"><span class='ocrx_word' id='word_1_1' title='bbox 531 381 670 438; x_wconf 67' lang='grc' dir='ltr'><strong>ιω</strong></span> 
     </span>
    </p>
   </div>
   <div class='ocr_carea' id='block_1_2' title="bbox 1978 378 2296 437">
    <p class='ocr_par' dir='ltr' id='par_1_2' title="bbox 1978 378 2296 437">
     <span class='ocr_line' id='line_1_2' title="bbox 1978 378 2296 437; baseline 0.003 -2"><span class='ocrx_word' id='word_1_2' title='bbox 1978 378 2296 437; x_wconf 82' lang='lat' dir='ltr'><strong>ORIGENIS</strong></span> 
     </span>
    </p>
   </div>
   <div class='ocr_carea' id='block_1_3' title="bbox 3660 388 3794 446">
    <p class='ocr_par' dir='ltr' id='par_1_3' title="bbox 3660 388 3794 446">
     <span class='ocr_line' id='line_1_3' title="bbox 3660 388 3794 446; baseline 0.022 -3"><span class='ocrx_word' id='word_1_3' title='bbox 3660 388 3794 446; x_wconf 69' lang='grc' dir='ltr'><strong>ιω</strong></span> 
     </span>
    </p>
   </div>
   <div class='ocr_carea' id='block_1_4' title="bbox 529 489 2102 570">
    <p class='ocr_par' dir='ltr' id='par_1_4' title="bbox 529 489 2094 565">
     <span class='ocr_line' id='line_1_4' title="bbox 529 489 2094 565; baseline -0.001 -12"><span class='ocrx_word' id='word_1_4' title='bbox 529 496 619 553; x_wconf 87' lang='lat' dir='ltr'><strong>nis</strong></span> <span class='ocrx_word' id='word_1_5' title='bbox 647 492 868 565; x_wconf 88' lang='lat' dir='ltr'><strong>quidem</strong></span> <span class='ocrx_word' id='word_1_6' title='bbox 913 500 1173 561; x_wconf 83' lang='lat' dir='ltr'><strong>mentem,</strong></span> <span class='ocrx_word' id='word_1_7' title='bbox 1219 489 1413 552; x_wconf 62' lang='lat' dir='ltr'><strong>litterae</strong></span> <span class='ocrx_word' id='word_1_8' title='bbox 1450 494 1727 553; x_wconf 80' lang='lat' dir='ltr'><strong>contextui</strong></span> <span class='ocrx_word' id='word_1_9' title='bbox 1773 494 2094 561; x_wconf 80' lang='lat' dir='ltr'><strong>servientes,</strong></span> 
     </span>
    </p>
   </div>
   <div class='ocr_carea' id='block_1_5' title="bbox 2205 489 3793 570">
    <p class='ocr_par' dir='ltr' id='par_1_5' title="bbox 2205 494 3793 570">
     <span class='ocr_line' id='line_1_5' title="bbox 2205 494 3793 570; baseline 0.001 -20"><span class='ocrx_word' id='word_1_10' title='bbox 2205 496 2253 550; x_wconf 76' lang='grc' dir='ltr'>δὲ</span> <span class='ocrx_word' id='word_1_11' title='bbox 2284 494 2664 560; x_wconf 81' lang='grc' dir='ltr'><strong>δουλεύσαντες</strong></span> <span class='ocrx_word' id='word_1_12' title='bbox 2687 498 2753 568; x_wconf 83' lang='grc' dir='ltr'><strong>τῇ</strong></span> <span class='ocrx_word' id='word_1_13' title='bbox 2788 495 2950 563; x_wconf 77' lang='grc' dir='ltr'>λέξει,</span> <span class='ocrx_word' id='word_1_14' title='bbox 2977 496 3053 561; x_wconf 88' lang='grc' dir='ltr'><strong>ὡς</strong></span> <span class='ocrx_word' id='word_1_15' title='bbox 3079 495 3420 570; x_wconf 79' lang='grc' dir='ltr'><strong>ἐχωροῦμεν,</strong></span> <span class='ocrx_word' id='word_1_16' title='bbox 3451 495 3519 550; x_wconf 73' lang='grc' dir='ltr'><strong>τὸ</strong></span> <span class='ocrx_word' id='word_1_17' title='bbox 3545 495 3793 553; x_wconf 69' lang='grc' dir='ltr'>Ἰωάννου</span> 
     </span>
    </p>
   </div>
   <div class='ocr_carea' id='block_1_6' title="bbox 529 586 2105 660">
    <p class='ocr_par' dir='ltr' id='par_1_6' title="bbox 529 586 2105 660">
     <span class='ocr_line' id='line_1_6' title="bbox 529 586 2105 660; baseline -0.001 -15"><span class='ocrx_word' id='word_1_18' title='bbox 529 587 862 660; x_wconf 82' lang='lat' dir='ltr'><strong>tropologice</strong></span> <span class='ocrx_word' id='word_1_19' title='bbox 921 587 1334 658; x_wconf 82' lang='lat' dir='ltr'><strong>explicavimus,</strong></span> <span class='ocrx_word' id='word_1_20' title='bbox 1390 597 1660 658; x_wconf 80' lang='lat' dir='ltr'><strong>quatenus</strong></span> <span class='ocrx_word' id='word_1_21' title='bbox 1726 602 1844 644; x_wconf 89' lang='lat' dir='ltr'><strong>eam</strong></span> <span class='ocrx_word' id='word_1_22' title='bbox 1899 586 2105 643; x_wconf 84' lang='lat' dir='ltr'><strong>fuimus</strong></span> 
     </span>
    </p>
   </div>
   <div class='ocr_carea' id='block_1_7' title="bbox 528 678 2104 751">
    <p class='ocr_par' dir='ltr' id='par_1_7' title="bbox 528 678 2104 751">
     <span class='ocr_line' id='line_1_7' title="bbox 528 678 2104 751; baseline -0.002 -15"><span class='ocrx_word' id='word_1_23' title='bbox 528 679 764 736; x_wconf 73' lang='lat' dir='ltr'><strong>assecuti</strong></span> <span class='ocrx_word' id='word_1_24' title='bbox 795 697 808 733; x_wconf 93' lang='lat'><strong>:</strong></span> <span class='ocrx_word' id='word_1_25' title='bbox 845 678 940 735; x_wconf 84' lang='lat' dir='ltr'><strong>sed</strong></span> <span class='ocrx_word' id='word_1_26' title='bbox 977 679 1234 749; x_wconf 89' lang='lat' dir='ltr'><strong>quoniam</strong></span> <span class='ocrx_word' id='word_1_27' title='bbox 1269 679 1439 735; x_wconf 89' lang='lat' dir='ltr'><strong>series</strong></span> <span class='ocrx_word' id='word_1_28' title='bbox 1465 679 1704 751; x_wconf 81' lang='lat' dir='ltr'><strong>postulat</strong></span> <span class='ocrx_word' id='word_1_29' title='bbox 1733 688 1794 734; x_wconf 91' lang='lat' dir='ltr'><strong>ut</strong></span> <span class='ocrx_word' id='word_1_30' title='bbox 1833 678 1901 734; x_wconf 91' lang='lat' dir='ltr'><strong>de</strong></span> <span class='ocrx_word' id='word_1_31' title='bbox 1944 679 2104 733; x_wconf 81' lang='lat' dir='ltr'><strong>rebus</strong></span> 
     </span>
    </p>
   </div>
   <div class='ocr_carea' id='block_1_8' title="bbox 530 770 2102 842">
    <p class='ocr_par' dir='ltr' id='par_1_8' title="bbox 530 770 2102 842">
     <span class='ocr_line' id='line_1_8' title="bbox 530 770 2102 842; baseline -0.001 -16"><span class='ocrx_word' id='word_1_32' title='bbox 530 770 823 842; x_wconf 71' lang='lat' dir='ltr'><strong>propositis</strong></span> <span class='ocrx_word' id='word_1_33' title='bbox 849 771 1149 826; x_wconf 88' lang='lat' dir='ltr'><strong>secundum</strong></span> <span class='ocrx_word' id='word_1_34' title='bbox 1182 770 1416 827; x_wconf 65' lang='lat' dir='ltr'><strong>Matthaai</strong></span> <span class='ocrx_word' id='word_1_35' title='bbox 1449 773 1821 828; x_wconf 84' lang='lat' dir='ltr'><strong>narrationem</strong></span> <span class='ocrx_word' id='word_1_36' title='bbox 1861 772 2102 828; x_wconf 88' lang='lat' dir='ltr'><strong>dissera-</strong></span> 
     </span>
    </p>
   </div>
   <div class='ocr_carea' id='block_1_9' title="bbox 532 862 2104 935">
    <p class='ocr_par' dir='ltr' id='par_1_9' title="bbox 532 862 2104 935">
     <span class='ocr_line' id='line_1_9' title="bbox 532 862 2104 935; baseline -0.001 -16"><span class='ocrx_word' id='word_1_37' title='bbox 532 879 678 928; x_wconf 74' lang='lat' dir='ltr'><strong>mus,</strong></span> <span class='ocrx_word' id='word_1_38' title='bbox 711 864 960 918; x_wconf 77' lang='lat' dir='ltr'><strong>invocato</strong></span> <span class='ocrx_word' id='word_1_39' title='bbox 997 862 1272 934; x_wconf 64' lang='lat' dir='ltr'><strong>sapientia:</strong></span> <span class='ocrx_word' id='word_1_40' title='bbox 1299 862 1479 931; x_wconf 83' lang='lat' dir='ltr'><strong>Patre,</strong></span> <span class='ocrx_word' id='word_1_41' title='bbox 1518 864 1746 935; x_wconf 81' lang='lat' dir='ltr'><strong>agedum</strong></span> <span class='ocrx_word' id='word_1_42' title='bbox 1790 881 1858 920; x_wconf 91' lang='lat' dir='ltr'><strong>an</strong></span> <span class='ocrx_word' id='word_1_43' title='bbox 1899 863 2104 934; x_wconf 89' lang='lat' dir='ltr'><strong>aliquid</strong></span> 
     </span>
    </p>
   </div>
   <div class='ocr_carea' id='block_1_10' title="bbox 534 954 2101 1028">
    <p class='ocr_par' dir='ltr' id='par_1_10' title="bbox 534 954 2101 1028">
     <span class='ocr_line' id='line_1_10' title="bbox 534 954 2101 1028; baseline -0.002 -16"><span class='ocrx_word' id='word_1_44' title='bbox 534 957 726 1012; x_wconf 87' lang='lat' dir='ltr'><strong>audaci</strong></span> <span class='ocrx_word' id='word_1_45' title='bbox 760 954 885 1013; x_wconf 78' lang='lat' dir='ltr'><strong>Jesu</strong></span> <span class='ocrx_word' id='word_1_46' title='bbox 932 954 1173 1012; x_wconf 79' lang='lat' dir='ltr'><strong>facinore</strong></span> <span class='ocrx_word' id='word_1_47' title='bbox 1203 956 1429 1028; x_wconf 85' lang='lat' dir='ltr'><strong>dignum</strong></span> <span class='ocrx_word' id='word_1_48' title='bbox 1471 956 1563 1011; x_wconf 90' lang='lat' dir='ltr'><strong>hic</strong></span> <span class='ocrx_word' id='word_1_49' title='bbox 1591 957 1867 1028; x_wconf 83' lang='lat' dir='ltr'><strong>possimus</strong></span> <span class='ocrx_word' id='word_1_50' title='bbox 1902 956 2101 1025; x_wconf 73' lang='lat' dir='ltr'><strong>depro~</strong></span> 
     </span>
    </p>
   </div>
   <div class='ocr_carea' id='block_1_11' title="bbox 529 1048 2103 1119">
    <p class='ocr_par' dir='ltr' id='par_1_11' title="bbox 529 1048 2103 1119">
     <span class='ocr_line' id='line_1_11' title="bbox 529 1048 2103 1119; baseline 0 -15"><span class='ocrx_word' id='word_1_51' title='bbox 529 1064 699 1113; x_wconf 85' lang='lat' dir='ltr'><strong>mere,</strong></span> <span class='ocrx_word' id='word_1_52' title='bbox 731 1050 1034 1104; x_wconf 82' lang='lat' dir='ltr'><strong>videamus.</strong></span> <span class='ocrx_word' id='word_1_53' title='bbox 1075 1048 1151 1103; x_wconf 89' lang='lat' dir='ltr'><strong>Ac</strong></span> <span class='ocrx_word' id='word_1_54' title='bbox 1186 1051 1420 1119; x_wconf 86' lang='lat' dir='ltr'><strong>primum</strong></span> <span class='ocrx_word' id='word_1_55' title='bbox 1452 1049 1712 1119; x_wconf 83' lang='lat' dir='ltr'><strong>quidnam</strong></span> <span class='ocrx_word' id='word_1_56' title='bbox 1750 1049 1820 1105; x_wconf 87' lang='lat' dir='ltr'><strong>sit</strong></span> <span class='ocrx_word' id='word_1_57' title='bbox 1852 1049 1981 1103; x_wconf 89' lang='lat' dir='ltr'><strong>illud</strong></span> <span class='ocrx_word' id='word_1_58' title='bbox 2007 1048 2103 1104; x_wconf 85' lang='lat' dir='ltr'><strong>Dei</strong></span> 
     </span>
    </p>
   </div>
   <div class='ocr_carea' id='block_1_12' title="bbox 532 1139 2099 1212">
    <p class='ocr_par' dir='ltr' id='par_1_12' title="bbox 532 1139 2099 1212">
     <span class='ocr_line' id='line_1_12' title="bbox 532 1139 2099 1212; baseline -0.003 -16"><span class='ocrx_word' id='word_1_59' title='bbox 532 1142 789 1212; x_wconf 87' lang='lat' dir='ltr'><strong>templum</strong></span> <span class='ocrx_word' id='word_1_60' title='bbox 835 1141 1124 1196; x_wconf 90' lang='lat' dir='ltr'><strong>dicendum</strong></span> <span class='ocrx_word' id='word_1_61' title='bbox 1174 1150 1278 1204; x_wconf 91' lang='lat' dir='ltr'><strong>est,</strong></span> <span class='ocrx_word' id='word_1_62' title='bbox 1327 1141 1471 1209; x_wconf 89' lang='lat' dir='ltr'><strong>quod</strong></span> <span class='ocrx_word' id='word_1_63' title='bbox 1511 1156 1816 1211; x_wconf 81' lang='lat' dir='ltr'><strong>agnoscens</strong></span> <span class='ocrx_word' id='word_1_64' title='bbox 1861 1139 2001 1194; x_wconf 92' lang='lat' dir='ltr'><strong>Deus</strong></span> <span class='ocrx_word' id='word_1_65' title='bbox 2047 1140 2099 1192; x_wconf 93' lang='lat' dir='ltr'><strong>in</strong></span> 
     </span>
    </p>
   </div>
   <div class='ocr_carea' id='block_1_13' title="bbox 529 1228 2102 1299">
    <p class='ocr_par' dir='ltr' id='par_1_13' title="bbox 529 1228 2102 1299">
     <span class='ocr_line' id='line_1_13' title="bbox 529 1228 2102 1299; baseline 0 -16"><span class='ocrx_word' id='word_1_66' title='bbox 529 1229 796 1299; x_wconf 86' lang='lat' dir='ltr'><strong>Propheta</strong></span> <span class='ocrx_word' id='word_1_67' title='bbox 829 1229 965 1284; x_wconf 85' lang='lat' dir='ltr'><strong>dixit</strong></span> <span class='ocrx_word' id='word_1_68' title='bbox 989 1230 1077 1281; x_wconf 69' lang='lat'><strong>7°:</strong></span> <span class='ocrx_word' id='word_1_69' title='bbox 1116 1248 1134 1280; x_wconf 86' lang='grc' dir='ltr'><strong>ι</strong></span> <span class='ocrx_word' id='word_1_70' title='bbox 1177 1228 1381 1284; x_wconf 88' lang='lat' dir='ltr'><strong>Domus</strong></span> <span class='ocrx_word' id='word_1_71' title='bbox 1430 1244 1569 1295; x_wconf 91' lang='lat' dir='ltr'><strong>mea,</strong></span> <span class='ocrx_word' id='word_1_72' title='bbox 1610 1230 1808 1284; x_wconf 90' lang='lat' dir='ltr'><strong>domus</strong></span> <span class='ocrx_word' id='word_1_73' title='bbox 1836 1229 2102 1283; x_wconf 87' lang='lat' dir='ltr'><strong>orationis</strong></span> 
     </span>
    </p>
   </div>
   <div class='ocr_carea' id='block_1_14' title="bbox 530 1316 2098 1388">
    <p class='ocr_par' dir='ltr' id='par_1_14' title="bbox 530 1316 2098 1388">
     <span class='ocr_line' id='line_1_14' title="bbox 530 1316 2098 1388; baseline 0 -17"><span class='ocrx_word' id='word_1_74' title='bbox 530 1318 830 1374; x_wconf 83' lang='lat' dir='ltr'><strong>vocabitur.</strong></span> <span class='ocrx_word' id='word_1_75' title='bbox 877 1336 896 1369; x_wconf 73' lang='grc' dir='ltr'><strong>ι</strong></span> <span class='ocrx_word' id='word_1_76' title='bbox 930 1316 1092 1372; x_wconf 82' lang='lat' dir='ltr'><strong>Juxta</strong></span> <span class='ocrx_word' id='word_1_77' title='bbox 1124 1318 1598 1374; x_wconf 82' lang='lat' dir='ltr'><strong>circumcisionem</strong></span> <span class='ocrx_word' id='word_1_78' title='bbox 1628 1334 1758 1388; x_wconf 89' lang='lat' dir='ltr'><strong>ergo</strong></span> <span class='ocrx_word' id='word_1_79' title='bbox 1803 1318 2098 1372; x_wconf 83' lang='lat' dir='ltr'><strong>secundum</strong></span> 
     </span>
    </p>
   </div>
   <div class='ocr_carea' id='block_1_15' title="bbox 530 1409 2098 1480">
    <p class='ocr_par' dir='ltr' id='par_1_15' title="bbox 530 1409 2098 1480">
     <span class='ocr_line' id='line_1_15' title="bbox 530 1409 2098 1480; baseline -0.001 -17"><span class='ocrx_word' id='word_1_80' title='bbox 530 1424 771 1474; x_wconf 87' lang='lat' dir='ltr'><strong>carnem,</strong></span> <span class='ocrx_word' id='word_1_81' title='bbox 826 1415 880 1464; x_wconf 85' lang='lat' dir='ltr'><strong>et</strong></span> <span class='ocrx_word' id='word_1_82' title='bbox 941 1410 1243 1479; x_wconf 81' lang='lat' dir='ltr'><strong>corporalia</strong></span> <span class='ocrx_word' id='word_1_83' title='bbox 1315 1410 1447 1480; x_wconf 80' lang='lat' dir='ltr'><strong>legis</strong></span> <span class='ocrx_word' id='word_1_84' title='bbox 1497 1409 1632 1464; x_wconf 84' lang='lat' dir='ltr'><strong>festa</strong></span> <span class='ocrx_word' id='word_1_85' title='bbox 1696 1425 1760 1463; x_wconf 88' lang='lat' dir='ltr'><strong>ac</strong></span> <span class='ocrx_word' id='word_1_86' title='bbox 1810 1409 2098 1475; x_wconf 72' lang='lat' dir='ltr'><strong>sacrificia,</strong></span> 
     </span>
    </p>
   </div>
   <div class='ocr_carea' id='block_1_16' title="bbox 529 1498 2101 1569">
    <p class='ocr_par' dir='ltr' id='par_1_16' title="bbox 529 1498 2101 1569">
     <span class='ocr_line' id='line_1_16' title="bbox 529 1498 2101 1569; baseline -0.001 -16"><span class='ocrx_word' id='word_1_87' title='bbox 529 1501 787 1569; x_wconf 86' lang='lat' dir='ltr'><strong>templum</strong></span> <span class='ocrx_word' id='word_1_88' title='bbox 835 1498 929 1555; x_wconf 89' lang='lat' dir='ltr'><strong>Dei</strong></span> <span class='ocrx_word' id='word_1_89' title='bbox 972 1500 1386 1555; x_wconf 81' lang='lat' dir='ltr'><strong>existimabatur</strong></span> <span class='ocrx_word' id='word_1_90' title='bbox 1418 1515 1542 1555; x_wconf 89' lang='lat' dir='ltr'><strong>esse</strong></span> <span class='ocrx_word' id='word_1_91' title='bbox 1584 1498 1861 1568; x_wconf 75' lang='lat' dir='ltr'><strong>opificium</strong></span> <span class='ocrx_word' id='word_1_92' title='bbox 1894 1499 2025 1553; x_wconf 90' lang='lat' dir='ltr'><strong>illud</strong></span> <span class='ocrx_word' id='word_1_93' title='bbox 2071 1514 2101 1552; x_wconf 74' lang='grc' dir='ltr'>(ι</span> 
     </span>
    </p>
   </div>
   <div class='ocr_carea' id='block_1_17' title="bbox 529 1585 2098 1658">
    <p class='ocr_par' dir='ltr' id='par_1_17' title="bbox 529 1585 2098 1658">
     <span class='ocr_line' id='line_1_17' title="bbox 529 1585 2098 1658; baseline -0.001 -18"><span class='ocrx_word' id='word_1_94' title='bbox 529 1587 800 1658; x_wconf 86' lang='lat' dir='ltr'><strong>lapidibus</strong></span> <span class='ocrx_word' id='word_1_95' title='bbox 847 1603 1044 1644; x_wconf 90' lang='lat' dir='ltr'><strong>sensus</strong></span> <span class='ocrx_word' id='word_1_96' title='bbox 1090 1588 1406 1658; x_wconf 80' lang='lat' dir='ltr'><strong>expertibus</strong></span> <span class='ocrx_word' id='word_1_97' title='bbox 1442 1602 1472 1641; x_wconf 89' lang='lat' dir='ltr'><strong>a</strong></span> <span class='ocrx_word' id='word_1_98' title='bbox 1522 1585 1818 1642; x_wconf 88' lang='lat' dir='ltr'><strong>Salomone</strong></span> <span class='ocrx_word' id='word_1_99' title='bbox 1860 1586 2098 1657; x_wconf 88' lang='lat' dir='ltr'><strong>primum</strong></span> 
     </span>
    </p>
   </div>
   <div class='ocr_carea' id='block_1_18' title="bbox 528 1678 2097 1748">
    <p class='ocr_par' dir='ltr' id='par_1_18' title="bbox 528 1678 2097 1748">
     <span class='ocr_line' id='line_1_18' title="bbox 528 1678 2097 1748; baseline -0.001 -13"><span class='ocrx_word' id='word_1_100' title='bbox 528 1688 926 1745; x_wconf 87' lang='lat' dir='ltr'><strong>constructum,</strong></span> <span class='ocrx_word' id='word_1_101' title='bbox 957 1680 1026 1735; x_wconf 89' lang='lat' dir='ltr'><strong>ab</strong></span> <span class='ocrx_word' id='word_1_102' title='bbox 1050 1678 1222 1736; x_wconf 87' lang='lat' dir='ltr'><strong>Esdra</strong></span> <span class='ocrx_word' id='word_1_103' title='bbox 1252 1678 1449 1734; x_wconf 90' lang='lat' dir='ltr'><strong>deinde</strong></span> <span class='ocrx_word' id='word_1_104' title='bbox 1475 1686 1865 1745; x_wconf 86' lang='lat' dir='ltr'><strong>restauratum,</strong></span> <span class='ocrx_word' id='word_1_105' title='bbox 1894 1687 1949 1733; x_wconf 92' lang='lat' dir='ltr'><strong>at</strong></span> <span class='ocrx_word' id='word_1_106' title='bbox 1973 1688 2097 1748; x_wconf 87' lang='lat' dir='ltr'><strong>post</strong></span> 
     </span>
    </p>
   </div>
   <div class='ocr_carea' id='block_1_19' title="bbox 529 1769 2096 1839">
    <p class='ocr_par' dir='ltr' id='par_1_19' title="bbox 529 1769 2096 1839">
     <span class='ocr_line' id='line_1_19' title="bbox 529 1769 2096 1839; baseline 0.001 -13"><span class='ocrx_word' id='word_1_107' title='bbox 529 1769 956 1827; x_wconf 89' lang='lat' dir='ltr'><strong>incarnationem</strong></span> <span class='ocrx_word' id='word_1_108' title='bbox 981 1769 1132 1836; x_wconf 81' lang='lat' dir='ltr'><strong>Jesu,</strong></span> <span class='ocrx_word' id='word_1_109' title='bbox 1164 1786 1193 1826; x_wconf 92' lang='lat' dir='ltr'><strong>a</strong></span> <span class='ocrx_word' id='word_1_110' title='bbox 1223 1769 1485 1826; x_wconf 77' lang='lat' dir='ltr'><strong>Romanis</strong></span> <span class='ocrx_word' id='word_1_111' title='bbox 1507 1770 1728 1827; x_wconf 90' lang='lat' dir='ltr'><strong>demum</strong></span> <span class='ocrx_word' id='word_1_112' title='bbox 1747 1771 2020 1839; x_wconf 89' lang='lat' dir='ltr'><strong>dirutum;</strong></span> <span class='ocrx_word' id='word_1_113' title='bbox 2047 1781 2096 1827; x_wconf 89' lang='lat' dir='ltr'><strong>el</strong></span> 
     </span>
    </p>
   </div>
   <div class='ocr_carea' id='block_1_20' title="bbox 528 1842 2172 1932">
    <p class='ocr_par' dir='ltr' id='par_1_20' title="bbox 528 1842 2172 1932">
     <span class='ocr_line' id='line_1_20' title="bbox 528 1842 2172 1932; baseline -0.001 -16"><span class='ocrx_word' id='word_1_114' title='bbox 528 1861 645 1917; x_wconf 63' lang='lat' dir='ltr'><strong>haec</strong></span> <span class='ocrx_word' id='word_1_115' title='bbox 684 1862 880 1916; x_wconf 90' lang='lat' dir='ltr'><strong>domus</strong></span> <span class='ocrx_word' id='word_1_116' title='bbox 914 1861 1179 1917; x_wconf 89' lang='lat' dir='ltr'><strong>orationis</strong></span> <span class='ocrx_word' id='word_1_117' title='bbox 1220 1877 1343 1917; x_wconf 91' lang='lat' dir='ltr'><strong>esse</strong></span> <span class='ocrx_word' id='word_1_118' title='bbox 1373 1862 1724 1930; x_wconf 89' lang='lat' dir='ltr'><strong>credebatur;</strong></span> <span class='ocrx_word' id='word_1_119' title='bbox 1762 1876 1873 1932; x_wconf 89' lang='lat' dir='ltr'><strong>quo</strong></span> <span class='ocrx_word' id='word_1_120' title='bbox 1907 1876 2099 1918; x_wconf 90' lang='lat' dir='ltr'><strong>everso</strong></span> <span class='ocrx_word' id='word_1_121' title='bbox 2134 1842 2172 1895; x_wconf 73' lang='grc' dir='ltr'>Β</span> 
     </span>
    </p>
   </div>
   <div class='ocr_carea' id='block_1_21' title="bbox 526 1950 2102 2025">
    <p class='ocr_par' dir='ltr' id='par_1_21' title="bbox 526 1950 2102 2025">
     <span class='ocr_line' id='line_1_21' title="bbox 526 1950 2102 2025; baseline 0.001 -17"><span class='ocrx_word' id='word_1_122' title='bbox 526 1950 766 2020; x_wconf 68' lang='lat' dir='ltr'><strong>Iudaeos,</strong></span> <span class='ocrx_word' id='word_1_123' title='bbox 804 1960 992 2022; x_wconf 87' lang='lat' dir='ltr'><strong>utpote</strong></span> <span class='ocrx_word' id='word_1_124' title='bbox 1020 1953 1242 2007; x_wconf 89' lang='lat' dir='ltr'><strong>domum</strong></span> <span class='ocrx_word' id='word_1_125' title='bbox 1274 1954 1668 2025; x_wconf 84' lang='lat' dir='ltr'><strong>orationisjam</strong></span> <span class='ocrx_word' id='word_1_126' title='bbox 1716 1966 1827 2009; x_wconf 83' lang='lat' dir='ltr'><strong>non</strong></span> <span class='ocrx_word' id='word_1_127' title='bbox 1866 1956 2102 2024; x_wconf 90' lang='lat' dir='ltr'><strong>amplius</strong></span> 
     </span>
    </p>
   </div>
   <div class='ocr_carea' id='block_1_22' title="bbox 530 2043 2100 2117">
    <p class='ocr_par' dir='ltr' id='par_1_22' title="bbox 530 2043 2100 2117">
     <span class='ocr_line' id='line_1_22' title="bbox 530 2043 2100 2117; baseline 0 -18"><span class='ocrx_word' id='word_1_128' title='bbox 530 2044 812 2109; x_wconf 87' lang='lat' dir='ltr'><strong>habentes,</strong></span> <span class='ocrx_word' id='word_1_129' title='bbox 854 2043 1195 2114; x_wconf 82' lang='lat' dir='ltr'><strong>privilegium</strong></span> <span class='ocrx_word' id='word_1_130' title='bbox 1243 2045 1429 2100; x_wconf 90' lang='lat' dir='ltr'><strong>itidem</strong></span> <span class='ocrx_word' id='word_1_131' title='bbox 1478 2046 1806 2102; x_wconf 88' lang='lat' dir='ltr'><strong>visitationis</strong></span> <span class='ocrx_word' id='word_1_132' title='bbox 1854 2046 1945 2101; x_wconf 88' lang='lat' dir='ltr'><strong>Dei</strong></span> <span class='ocrx_word' id='word_1_133' title='bbox 1986 2046 2100 2117; x_wconf 86' lang='lat' dir='ltr'><strong>jam</strong></span> 
     </span>
    </p>
   </div>
   <div class='ocr_carea' id='block_1_23' title="bbox 528 2135 2099 2209">
    <p class='ocr_par' dir='ltr' id='par_1_23' title="bbox 528 2135 2099 2209">
     <span class='ocr_line' id='line_1_23' title="bbox 528 2135 2099 2209; baseline -0.003 -15"><span class='ocrx_word' id='word_1_134' title='bbox 528 2139 762 2209; x_wconf 88' lang='lat' dir='ltr'><strong>amplius</strong></span> <span class='ocrx_word' id='word_1_135' title='bbox 809 2151 919 2191; x_wconf 90' lang='lat' dir='ltr'><strong>non</strong></span> <span class='ocrx_word' id='word_1_136' title='bbox 976 2135 1235 2192; x_wconf 86' lang='lat' dir='ltr'><strong>habuisse</strong></span> <span class='ocrx_word' id='word_1_137' title='bbox 1278 2138 1589 2193; x_wconf 89' lang='lat' dir='ltr'><strong>necessario</strong></span> <span class='ocrx_word' id='word_1_138' title='bbox 1641 2137 1935 2193; x_wconf 87' lang='lat' dir='ltr'><strong>dicendum</strong></span> <span class='ocrx_word' id='word_1_139' title='bbox 1980 2146 2099 2201; x_wconf 89' lang='lat' dir='ltr'><strong>est;</strong></span> 
     </span>
    </p>
   </div>
   <div class='ocr_carea' id='block_1_24' title="bbox 528 2214 2100 2301">
    <p class='ocr_par' dir='ltr' id='par_1_24' title="bbox 528 2214 2100 2301">
     <span class='ocr_line' id='line_1_24' title="bbox 528 2214 2100 2301; baseline -0.003 -15"><span class='ocrx_word' id='word_1_140' title='bbox 528 2244 640 2300; x_wconf 86' lang='lat' dir='ltr'><strong>quo</strong></span> <span class='ocrx_word' id='word_1_141' title='bbox 670 2230 776 2286; x_wconf 87' lang='lat' dir='ltr'><strong>frui</strong></span> <span class='ocrx_word' id='word_1_142' title='bbox 820 2214 1187 2287; x_wconf 84' lang='lat' dir='ltr'><strong>credebantur</strong></span> <span class='ocrx_word' id='word_1_143' title='bbox 1216 2230 1520 2301; x_wconf 80' lang='lat' dir='ltr'><strong>privilegio,</strong></span> <span class='ocrx_word' id='word_1_144' title='bbox 1552 2240 1836 2300; x_wconf 89' lang='lat' dir='ltr'><strong>propterea</strong></span> <span class='ocrx_word' id='word_1_145' title='bbox 1868 2229 2013 2299; x_wconf 92' lang='lat' dir='ltr'><strong>quod</strong></span> <span class='ocrx_word' id='word_1_146' title='bbox 2046 2229 2100 2282; x_wconf 92' lang='lat' dir='ltr'><strong>in</strong></span> 
     </span>
    </p>
   </div>
   <div class='ocr_carea' id='block_1_25' title="bbox 528 2320 2103 2392">
    <p class='ocr_par' dir='ltr' id='par_1_25' title="bbox 528 2320 2103 2392">
     <span class='ocr_line' id='line_1_25' title="bbox 528 2320 2103 2392; baseline 0 -17"><span class='ocrx_word' id='word_1_147' title='bbox 528 2321 793 2377; x_wconf 90' lang='lat' dir='ltr'><strong>orationis</strong></span> <span class='ocrx_word' id='word_1_148' title='bbox 839 2322 1006 2377; x_wconf 91' lang='lat' dir='ltr'><strong>domo</strong></span> <span class='ocrx_word' id='word_1_149' title='bbox 1047 2322 1298 2385; x_wconf 88' lang='lat' dir='ltr'><strong>orabant,</strong></span> <span class='ocrx_word' id='word_1_150' title='bbox 1348 2329 1637 2391; x_wconf 85' lang='lat' dir='ltr'><strong>postquam</strong></span> <span class='ocrx_word' id='word_1_151' title='bbox 1684 2320 1871 2392; x_wconf 82' lang='lat' dir='ltr'><strong>legalis</strong></span> <span class='ocrx_word' id='word_1_152' title='bbox 1922 2320 2103 2375; x_wconf 90' lang='lat' dir='ltr'><strong>cultus</strong></span> 
     </span>
    </p>
   </div>
   <div class='ocr_carea' id='block_1_26' title="bbox 528 2410 2104 2481">
    <p class='ocr_par' dir='ltr' id='par_1_26' title="bbox 528 2410 2104 2481">
     <span class='ocr_line' id='line_1_26' title="bbox 528 2410 2104 2481; baseline 0 -17"><span class='ocrx_word' id='word_1_153' title='bbox 528 2411 719 2471; x_wconf 80' lang='lat' dir='ltr'><strong>munia</strong></span> <span class='ocrx_word' id='word_1_154' title='bbox 759 2411 1027 2467; x_wconf 91' lang='lat' dir='ltr'><strong>obierant.</strong></span> <span class='ocrx_word' id='word_1_155' title='bbox 1066 2410 1375 2480; x_wconf 90' lang='lat' dir='ltr'><strong>Sospitator</strong></span> <span class='ocrx_word' id='word_1_156' title='bbox 1411 2426 1541 2465; x_wconf 88' lang='lat' dir='ltr'><strong>vero</strong></span> <span class='ocrx_word' id='word_1_157' title='bbox 1582 2418 1767 2467; x_wconf 85' lang='lat' dir='ltr'><strong>noster</strong></span> <span class='ocrx_word' id='word_1_158' title='bbox 1798 2411 1893 2481; x_wconf 90' lang='lat' dir='ltr'><strong>qui</strong></span> <span class='ocrx_word' id='word_1_159' title='bbox 1932 2411 2104 2465; x_wconf 87' lang='lat' dir='ltr'><strong>actio-</strong></span> 
     </span>
    </p>
   </div>
   <div class='ocr_carea' id='block_1_27' title="bbox 530 2500 2103 2572">
    <p class='ocr_par' dir='ltr' id='par_1_27' title="bbox 530 2500 2103 2572">
     <span class='ocr_line' id='line_1_27' title="bbox 530 2500 2103 2572; baseline 0.003 -18"><span class='ocrx_word' id='word_1_160' title='bbox 530 2516 664 2555; x_wconf 88' lang='lat' dir='ltr'><strong>num</strong></span> <span class='ocrx_word' id='word_1_161' title='bbox 718 2516 943 2557; x_wconf 82' lang='lat' dir='ltr'><strong>suarum</strong></span> <span class='ocrx_word' id='word_1_162' title='bbox 1002 2502 1328 2571; x_wconf 88' lang='lat' dir='ltr'><strong>spiritalium</strong></span> <span class='ocrx_word' id='word_1_163' title='bbox 1389 2500 1634 2572; x_wconf 86' lang='lat' dir='ltr'><strong>symbola</strong></span> <span class='ocrx_word' id='word_1_164' title='bbox 1679 2500 1871 2568; x_wconf 87' lang='lat' dir='ltr'><strong>edidit,</strong></span> <span class='ocrx_word' id='word_1_165' title='bbox 1926 2517 1995 2557; x_wconf 80' lang='lat' dir='ltr'><strong>ex</strong></span> <span class='ocrx_word' id='word_1_166' title='bbox 2035 2518 2103 2558; x_wconf 84' lang='lat' dir='ltr'><strong>eo</strong></span> 
     </span>
    </p>
   </div>
   <div class='ocr_carea' id='block_1_28' title="bbox 532 2592 2105 2662">
    <p class='ocr_par' dir='ltr' id='par_1_28' title="bbox 532 2592 2105 2662">
     <span class='ocr_line' id='line_1_28' title="bbox 532 2592 2105 2662; baseline 0.003 -17"><span class='ocrx_word' id='word_1_167' title='bbox 532 2592 733 2662; x_wconf 90' lang='lat' dir='ltr'><strong>templo</strong></span> <span class='ocrx_word' id='word_1_168' title='bbox 767 2593 1059 2648; x_wconf 87' lang='lat' dir='ltr'><strong>vendentes</strong></span> <span class='ocrx_word' id='word_1_169' title='bbox 1089 2602 1143 2648; x_wconf 88' lang='lat' dir='ltr'><strong>et</strong></span> <span class='ocrx_word' id='word_1_170' title='bbox 1172 2601 1414 2648; x_wconf 89' lang='lat' dir='ltr'><strong>ementes</strong></span> <span class='ocrx_word' id='word_1_171' title='bbox 1456 2593 1808 2662; x_wconf 88' lang='lat' dir='ltr'><strong>corporaliter</strong></span> <span class='ocrx_word' id='word_1_172' title='bbox 1847 2594 2105 2650; x_wconf 89' lang='lat' dir='ltr'><strong>deturba-</strong></span> 
     </span>
    </p>
   </div>
   <div class='ocr_carea' id='block_1_29' title="bbox 530 2681 2102 2751">
    <p class='ocr_par' dir='ltr' id='par_1_29' title="bbox 530 2681 2102 2751">
     <span class='ocr_line' id='line_1_29' title="bbox 530 2681 2102 2751; baseline 0.003 -14"><span class='ocrx_word' id='word_1_173' title='bbox 530 2681 623 2747; x_wconf 84' lang='lat' dir='ltr'><strong>rit,</strong></span> <span class='ocrx_word' id='word_1_174' title='bbox 655 2682 1148 2738; x_wconf 90' lang='lat' dir='ltr'><strong>nummulariorum</strong></span> <span class='ocrx_word' id='word_1_175' title='bbox 1187 2699 1429 2751; x_wconf 90' lang='lat' dir='ltr'><strong>mensas,</strong></span> <span class='ocrx_word' id='word_1_176' title='bbox 1460 2694 1515 2740; x_wconf 92' lang='lat' dir='ltr'><strong>et</strong></span> <span class='ocrx_word' id='word_1_177' title='bbox 1544 2686 1830 2742; x_wconf 86' lang='lat' dir='ltr'><strong>cathedras</strong></span> <span class='ocrx_word' id='word_1_178' title='bbox 1860 2688 2102 2742; x_wconf 86' lang='lat' dir='ltr'><strong>venden-</strong></span> 
     </span>
    </p>
   </div>
   <div class='ocr_carea' id='block_1_30' title="bbox 533 2775 2104 2848">
    <p class='ocr_par' dir='ltr' id='par_1_30' title="bbox 533 2775 2104 2848">
     <span class='ocr_line' id='line_1_30' title="bbox 533 2775 2104 2848; baseline 0.003 -18"><span class='ocrx_word' id='word_1_179' title='bbox 533 2775 670 2831; x_wconf 90' lang='lat' dir='ltr'><strong>tium</strong></span> <span class='ocrx_word' id='word_1_180' title='bbox 697 2775 978 2831; x_wconf 89' lang='lat' dir='ltr'><strong>columbas</strong></span> <span class='ocrx_word' id='word_1_181' title='bbox 999 2777 1270 2843; x_wconf 84' lang='lat' dir='ltr'><strong>everterit,</strong></span> <span class='ocrx_word' id='word_1_182' title='bbox 1293 2786 1346 2832; x_wconf 91' lang='lat' dir='ltr'><strong>et</strong></span> <span class='ocrx_word' id='word_1_183' title='bbox 1369 2792 1489 2847; x_wconf 73' lang='lat' dir='ltr'><strong>qua:</strong></span> <span class='ocrx_word' id='word_1_184' title='bbox 1503 2778 1703 2848; x_wconf 84' lang='lat' dir='ltr'><strong>scripta</strong></span> <span class='ocrx_word' id='word_1_185' title='bbox 1720 2788 1936 2834; x_wconf 80' lang='lat' dir='ltr'><strong>exstant</strong></span> <span class='ocrx_word' id='word_1_186' title='bbox 1960 2780 2104 2835; x_wconf 85' lang='lat' dir='ltr'><strong>dixe-</strong></span> 
     </span>
    </p>
   </div>
   <div class='ocr_carea' id='block_1_31' title="bbox 530 2866 2100 2941">
    <p class='ocr_par' dir='ltr' id='par_1_31' title="bbox 530 2866 2100 2941">
     <span class='ocr_line' id='line_1_31' title="bbox 530 2866 2100 2941; baseline 0.003 -21"><span class='ocrx_word' id='word_1_187' title='bbox 530 2866 624 2933; x_wconf 89' lang='lat' dir='ltr'><strong>rit,</strong></span> <span class='ocrx_word' id='word_1_188' title='bbox 664 2866 732 2922; x_wconf 88' lang='lat' dir='ltr'><strong>ad</strong></span> <span class='ocrx_word' id='word_1_189' title='bbox 773 2867 1187 2924; x_wconf 83' lang='lat' dir='ltr'><strong>conversionem</strong></span> <span class='ocrx_word' id='word_1_190' title='bbox 1232 2871 1515 2939; x_wconf 77' lang='lat' dir='ltr'><strong>praesentis</strong></span> <span class='ocrx_word' id='word_1_191' title='bbox 1552 2879 1665 2925; x_wconf 90' lang='lat' dir='ltr'><strong>tum</strong></span> <span class='ocrx_word' id='word_1_192' title='bbox 1715 2869 1853 2927; x_wconf 88' lang='lat' dir='ltr'><strong>forte</strong></span> <span class='ocrx_word' id='word_1_193' title='bbox 1892 2871 2100 2941; x_wconf 90' lang='lat' dir='ltr'><strong>p0puli,</strong></span> 
     </span>
    </p>
   </div>
   <div class='ocr_carea' id='block_1_32' title="bbox 530 2959 2101 3031">
    <p class='ocr_par' dir='ltr' id='par_1_32' title="bbox 530 2959 2101 3031">
     <span class='ocr_line' id='line_1_32' title="bbox 530 2959 2101 3031; baseline 0.004 -18"><span class='ocrx_word' id='word_1_194' title='bbox 530 2959 626 3031; x_wconf 86' lang='lat' dir='ltr'><strong>qui</strong></span> <span class='ocrx_word' id='word_1_195' title='bbox 657 2974 781 3014; x_wconf 90' lang='lat' dir='ltr'><strong>cum</strong></span> <span class='ocrx_word' id='word_1_196' title='bbox 814 2969 1060 3016; x_wconf 89' lang='lat' dir='ltr'><strong>sanctam</strong></span> <span class='ocrx_word' id='word_1_197' title='bbox 1106 2959 1461 3019; x_wconf 88' lang='lat' dir='ltr'><strong>festivitatem</strong></span> <span class='ocrx_word' id='word_1_198' title='bbox 1494 2963 1548 3017; x_wconf 92' lang='lat' dir='ltr'><strong>in</strong></span> <span class='ocrx_word' id='word_1_199' title='bbox 1579 2964 1802 3019; x_wconf 89' lang='lat' dir='ltr'><strong>nomine</strong></span> <span class='ocrx_word' id='word_1_200' title='bbox 1835 2963 1927 3020; x_wconf 87' lang='lat' dir='ltr'><strong>Dei</strong></span> <span class='ocrx_word' id='word_1_201' title='bbox 1959 2965 2101 3020; x_wconf 81' lang='lat' dir='ltr'><strong>cele-</strong></span> 
     </span>
    </p>
   </div>
   <div class='ocr_carea' id='block_1_33' title="bbox 530 3046 2100 3126">
    <p class='ocr_par' dir='ltr' id='par_1_33' title="bbox 530 3046 2100 3126">
     <span class='ocr_line' id='line_1_33' title="bbox 530 3046 2100 3126; baseline 0.001 -20"><span class='ocrx_word' id='word_1_202' title='bbox 530 3046 691 3107; x_wconf 85' lang='lat' dir='ltr'><strong>brare</strong></span> <span class='ocrx_word' id='word_1_203' title='bbox 731 3050 1025 3117; x_wconf 87' lang='lat' dir='ltr'><strong>debuisset,</strong></span> <span class='ocrx_word' id='word_1_204' title='bbox 1059 3053 1460 3109; x_wconf 87' lang='lat' dir='ltr'><strong>venditionibus</strong></span> <span class='ocrx_word' id='word_1_205' title='bbox 1495 3054 1973 3126; x_wconf 89' lang='lat' dir='ltr'><strong>emptionibusque</strong></span> <span class='ocrx_word' id='word_1_206' title='bbox 1993 3071 2100 3109; x_wconf 92' lang='lat' dir='ltr'><strong>non</strong></span> 
     </span>
    </p>
   </div>
   <div class='ocr_carea' id='block_1_34' title="bbox 531 3140 2171 3239">
    <p class='ocr_par' dir='ltr' id='par_1_34' title="bbox 531 3140 2171 3239">
     <span class='ocr_line' id='line_1_34' title="bbox 531 3140 2171 3239; baseline 0.002 -42"><span class='ocrx_word' id='word_1_207' title='bbox 531 3140 588 3197; x_wconf 90' lang='lat' dir='ltr'><strong>In</strong></span> <span class='ocrx_word' id='word_1_208' title='bbox 611 3142 733 3198; x_wconf 91' lang='lat' dir='ltr'><strong>loco</strong></span> <span class='ocrx_word' id='word_1_209' title='bbox 754 3142 1022 3213; x_wconf 86' lang='lat' dir='ltr'><strong>ejusmodi</strong></span> <span class='ocrx_word' id='word_1_210' title='bbox 1053 3144 1219 3200; x_wconf 80' lang='lat' dir='ltr'><strong>rebus</strong></span> <span class='ocrx_word' id='word_1_211' title='bbox 1248 3144 1466 3211; x_wconf 89' lang='lat' dir='ltr'><strong>idoneo,</strong></span> <span class='ocrx_word' id='word_1_212' title='bbox 1504 3146 1598 3201; x_wconf 89' lang='lat' dir='ltr'><strong>sed</strong></span> <span class='ocrx_word' id='word_1_213' title='bbox 1628 3145 1680 3199; x_wconf 92' lang='lat' dir='ltr'><strong>in</strong></span> <span class='ocrx_word' id='word_1_214' title='bbox 1713 3147 1913 3216; x_wconf 88' lang='lat' dir='ltr'><strong>templo</strong></span> <span class='ocrx_word' id='word_1_215' title='bbox 1939 3161 2102 3201; x_wconf 89' lang='lat' dir='ltr'><strong>vaca—</strong></span> <span class='ocrx_word' id='word_1_216' title='bbox 2130 3184 2171 3239; x_wconf 65' lang='grc' dir='ltr'>Ο</span> 
     </span>
    </p>
   </div>
   <div class='ocr_carea' id='block_1_35' title="bbox 530 3230 2102 3303">
    <p class='ocr_par' dir='ltr' id='par_1_35' title="bbox 530 3230 2102 3303">
     <span class='ocr_line' id='line_1_35' title="bbox 530 3230 2102 3303; baseline 0.004 -18"><span class='ocrx_word' id='word_1_217' title='bbox 530 3230 662 3286; x_wconf 86' lang='lat' dir='ltr'><strong>bat:</strong></span> <span class='ocrx_word' id='word_1_218' title='bbox 707 3231 798 3286; x_wconf 91' lang='lat' dir='ltr'><strong>bic</strong></span> <span class='ocrx_word' id='word_1_219' title='bbox 836 3232 927 3286; x_wconf 86' lang='lat' dir='ltr'><strong>ubi</strong></span> <span class='ocrx_word' id='word_1_220' title='bbox 968 3232 1176 3299; x_wconf 87' lang='lat' dir='ltr'><strong>colens,</strong></span> <span class='ocrx_word' id='word_1_221' title='bbox 1226 3242 1484 3303; x_wconf 88' lang='lat' dir='ltr'><strong>tanquam</strong></span> <span class='ocrx_word' id='word_1_222' title='bbox 1538 3234 1593 3287; x_wconf 91' lang='lat' dir='ltr'><strong>in</strong></span> <span class='ocrx_word' id='word_1_223' title='bbox 1635 3236 1899 3289; x_wconf 88' lang='lat' dir='ltr'><strong>orationis</strong></span> <span class='ocrx_word' id='word_1_224' title='bbox 1936 3235 2102 3291; x_wconf 90' lang='lat' dir='ltr'><strong>domo</strong></span> 
     </span>
    </p>
   </div>
   <div class='ocr_carea' id='block_1_36' title="bbox 530 3324 2099 3398">
    <p class='ocr_par' dir='ltr' id='par_1_36' title="bbox 530 3324 2099 3398">
     <span class='ocr_line' id='line_1_36' title="bbox 530 3324 2099 3398; baseline 0.004 -20"><span class='ocrx_word' id='word_1_225' title='bbox 530 3338 688 3378; x_wconf 88' lang='lat' dir='ltr'><strong>orare</strong></span> <span class='ocrx_word' id='word_1_226' title='bbox 719 3324 981 3390; x_wconf 83' lang='lat' dir='ltr'><strong>debebat;</strong></span> <span class='ocrx_word' id='word_1_227' title='bbox 1031 3333 1086 3377; x_wconf 91' lang='lat' dir='ltr'><strong>at</strong></span> <span class='ocrx_word' id='word_1_228' title='bbox 1125 3339 1211 3379; x_wconf 88' lang='lat' dir='ltr'><strong>res</strong></span> <span class='ocrx_word' id='word_1_229' title='bbox 1255 3324 1485 3380; x_wconf 88' lang='lat' dir='ltr'><strong>orationi</strong></span> <span class='ocrx_word' id='word_1_230' title='bbox 1537 3327 1840 3383; x_wconf 86' lang='lat' dir='ltr'><strong>contrarias</strong></span> <span class='ocrx_word' id='word_1_231' title='bbox 1886 3329 2099 3398; x_wconf 84' lang='lat' dir='ltr'><strong>agebat,</strong></span> 
     </span>
    </p>
   </div>
   <div class='ocr_carea' id='block_1_37' title="bbox 532 3413 2104 3475">
    <p class='ocr_par' dir='ltr' id='par_1_37' title="bbox 532 3413 2104 3475">
     <span class='ocr_line' id='line_1_37' title="bbox 532 3413 2104 3475; baseline 0.004 -7"><span class='ocrx_word' id='word_1_232' title='bbox 532 3413 678 3469; x_wconf 89' lang='lat' dir='ltr'><strong>haud</strong></span> <span class='ocrx_word' id='word_1_233' title='bbox 703 3429 861 3469; x_wconf 89' lang='lat' dir='ltr'><strong>secus</strong></span> <span class='ocrx_word' id='word_1_234' title='bbox 887 3430 950 3468; x_wconf 90' lang='lat' dir='ltr'><strong>ac</strong></span> <span class='ocrx_word' id='word_1_235' title='bbox 980 3414 1034 3467; x_wconf 91' lang='lat' dir='ltr'><strong>in</strong></span> <span class='ocrx_word' id='word_1_236' title='bbox 1061 3415 1238 3470; x_wconf 88' lang='lat' dir='ltr'><strong>dicata</strong></span> <span class='ocrx_word' id='word_1_237' title='bbox 1274 3416 1537 3470; x_wconf 86' lang='lat' dir='ltr'><strong>mercatui</strong></span> <span class='ocrx_word' id='word_1_238' title='bbox 1570 3416 1733 3471; x_wconf 92' lang='lat' dir='ltr'><strong>domo</strong></span> <span class='ocrx_word' id='word_1_239' title='bbox 1769 3418 2007 3474; x_wconf 87' lang='lat' dir='ltr'><strong>vendens</strong></span> <span class='ocrx_word' id='word_1_240' title='bbox 2039 3436 2104 3475; x_wconf 90' lang='lat' dir='ltr'><strong>ac</strong></span> 
     </span>
    </p>
   </div>
   <div class='ocr_carea' id='block_1_38' title="bbox 531 3506 2104 3575">
    <p class='ocr_par' dir='ltr' id='par_1_38' title="bbox 531 3506 2104 3575">
     <span class='ocr_line' id='line_1_38' title="bbox 531 3506 2104 3575; baseline 0.004 -15"><span class='ocrx_word' id='word_1_241' title='bbox 531 3520 740 3572; x_wconf 91' lang='lat' dir='ltr'><strong>emens,</strong></span> <span class='ocrx_word' id='word_1_242' title='bbox 769 3506 1031 3575; x_wconf 88' lang='lat' dir='ltr'><strong>pecunias</strong></span> <span class='ocrx_word' id='word_1_243' title='bbox 1053 3515 1389 3575; x_wconf 78' lang='lat' dir='ltr'><strong>permutans,</strong></span> <span class='ocrx_word' id='word_1_244' title='bbox 1414 3516 1468 3561; x_wconf 91' lang='lat' dir='ltr'><strong>et</strong></span> <span class='ocrx_word' id='word_1_245' title='bbox 1490 3506 1547 3561; x_wconf 92' lang='lat' dir='ltr'><strong>in</strong></span> <span class='ocrx_word' id='word_1_246' title='bbox 1571 3508 1845 3565; x_wconf 87' lang='lat' dir='ltr'><strong>cathedris</strong></span> <span class='ocrx_word' id='word_1_247' title='bbox 1871 3511 2104 3567; x_wconf 89' lang='lat' dir='ltr'><strong>venden-</strong></span> 
     </span>
    </p>
   </div>
   <div class='ocr_carea' id='block_1_39' title="bbox 531 3593 2102 3665">
    <p class='ocr_par' dir='ltr' id='par_1_39' title="bbox 531 3593 2102 3665">
     <span class='ocr_line' id='line_1_39' title="bbox 531 3593 2102 3665; baseline 0.006 -17"><span class='ocrx_word' id='word_1_248' title='bbox 531 3593 726 3649; x_wconf 88' lang='lat' dir='ltr'><strong>darum</strong></span> <span class='ocrx_word' id='word_1_249' title='bbox 755 3593 1132 3649; x_wconf 90' lang='lat' dir='ltr'><strong>columbarum</strong></span> <span class='ocrx_word' id='word_1_250' title='bbox 1172 3594 1348 3665; x_wconf 89' lang='lat' dir='ltr'><strong>gratia</strong></span> <span class='ocrx_word' id='word_1_251' title='bbox 1376 3596 1571 3652; x_wconf 84' lang='lat' dir='ltr'><strong>sedens</strong></span> <span class='ocrx_word' id='word_1_252' title='bbox 1599 3616 1611 3651; x_wconf 91' lang='lat'><strong>:</strong></span> <span class='ocrx_word' id='word_1_253' title='bbox 1658 3596 1973 3655; x_wconf 69' lang='lat' dir='ltr'><strong>Judazorum</strong></span> <span class='ocrx_word' id='word_1_254' title='bbox 2002 3617 2102 3657; x_wconf 92' lang='lat' dir='ltr'><strong>au-</strong></span> 
     </span>
    </p>
   </div>
   <div class='ocr_carea' id='block_1_40' title="bbox 532 3685 2098 3761">
    <p class='ocr_par' dir='ltr' id='par_1_40' title="bbox 532 3685 2098 3761">
     <span class='ocr_line' id='line_1_40' title="bbox 532 3685 2098 3761; baseline 0.005 -20"><span class='ocrx_word' id='word_1_255' title='bbox 532 3694 642 3742; x_wconf 91' lang='lat' dir='ltr'><strong>tem</strong></span> <span class='ocrx_word' id='word_1_256' title='bbox 698 3686 957 3742; x_wconf 88' lang='lat' dir='ltr'><strong>facinoris</strong></span> <span class='ocrx_word' id='word_1_257' title='bbox 1018 3685 1319 3742; x_wconf 69' lang='lat' dir='ltr'><strong>foeditatem</strong></span> <span class='ocrx_word' id='word_1_258' title='bbox 1384 3697 1514 3743; x_wconf 90' lang='lat' dir='ltr'><strong>tunc</strong></span> <span class='ocrx_word' id='word_1_259' title='bbox 1567 3687 1728 3746; x_wconf 86' lang='lat' dir='ltr'><strong>Jesus</strong></span> <span class='ocrx_word' id='word_1_260' title='bbox 1793 3692 2098 3761; x_wconf 88' lang='lat' dir='ltr'><strong>abstulerit,</strong></span> 
     </span>
    </p>
   </div>
   <div class='ocr_carea' id='block_1_41' title="bbox 531 3778 2102 3853">
    <p class='ocr_par' dir='ltr' id='par_1_41' title="bbox 531 3778 2102 3853">
     <span class='ocr_line' id='line_1_41' title="bbox 531 3778 2102 3853; baseline 0.005 -21"><span class='ocrx_word' id='word_1_261' title='bbox 531 3778 752 3849; x_wconf 83' lang='lat' dir='ltr'><strong>quando</strong></span> <span class='ocrx_word' id='word_1_262' title='bbox 794 3779 1130 3849; x_wconf 82' lang='lat' dir='ltr'><strong>negotiantes</strong></span> <span class='ocrx_word' id='word_1_263' title='bbox 1172 3794 1289 3845; x_wconf 89' lang='lat' dir='ltr'><strong>eos,</strong></span> <span class='ocrx_word' id='word_1_264' title='bbox 1332 3788 1388 3836; x_wconf 88' lang='lat' dir='ltr'><strong>et</strong></span> <span class='ocrx_word' id='word_1_265' title='bbox 1427 3779 1482 3834; x_wconf 92' lang='lat' dir='ltr'><strong>in</strong></span> <span class='ocrx_word' id='word_1_266' title='bbox 1530 3795 1823 3853; x_wconf 82' lang='lat' dir='ltr'><strong>corporeas</strong></span> <span class='ocrx_word' id='word_1_267' title='bbox 1876 3784 2102 3840; x_wconf 86' lang='lat' dir='ltr'><strong>delicias</strong></span> 
     </span>
    </p>
   </div>
   <div class='ocr_carea' id='block_1_42' title="bbox 532 3868 2101 3948">
    <p class='ocr_par' dir='ltr' id='par_1_42' title="bbox 532 3868 2101 3948">
     <span class='ocr_line' id='line_1_42' title="bbox 532 3868 2101 3948; baseline 0.004 -23"><span class='ocrx_word' id='word_1_268' title='bbox 532 3868 696 3940; x_wconf 83' lang='lat'><strong>750</strong></span> <span class='ocrx_word' id='word_1_269' title='bbox 724 3884 784 3924; x_wconf 91' lang='lat' dir='ltr'><strong>se</strong></span> <span class='ocrx_word' id='word_1_270' title='bbox 811 3868 1173 3935; x_wconf 75' lang='lat' dir='ltr'><strong>eﬁ‘undentes,</strong></span> <span class='ocrx_word' id='word_1_271' title='bbox 1206 3885 1332 3925; x_wconf 91' lang='lat' dir='ltr'><strong>cum</strong></span> <span class='ocrx_word' id='word_1_272' title='bbox 1359 3871 1515 3941; x_wconf 75' lang='lat' dir='ltr'><strong>juxta</strong></span> <span class='ocrx_word' id='word_1_273' title='bbox 1552 3875 1933 3945; x_wconf 81' lang='lat' dir='ltr'><strong>praescriptum</strong></span> <span class='ocrx_word' id='word_1_274' title='bbox 1965 3877 2101 3948; x_wconf 83' lang='lat' dir='ltr'><strong>legis</strong></span> 
     </span>
    </p>
   </div>
   <div class='ocr_carea' id='block_1_43' title="bbox 532 3959 1797 4034">
    <p class='ocr_par' dir='ltr' id='par_1_43' title="bbox 532 3959 1797 4034">
     <span class='ocr_line' id='line_1_43' title="bbox 532 3959 1797 4034; baseline 0.006 -20"><span class='ocrx_word' id='word_1_275' title='bbox 532 3959 732 4016; x_wconf 89' lang='lat' dir='ltr'><strong>festum</strong></span> <span class='ocrx_word' id='word_1_276' title='bbox 760 3960 1036 4016; x_wconf 86' lang='lat' dir='ltr'><strong>celebrare</strong></span> <span class='ocrx_word' id='word_1_277' title='bbox 1063 3961 1398 4028; x_wconf 88' lang='lat' dir='ltr'><strong>debuissent,</strong></span> <span class='ocrx_word' id='word_1_278' title='bbox 1433 3966 1797 4034; x_wconf 86' lang='lat' dir='ltr'><strong>reprehendit.</strong></span> 
     </span>
    </p>
   </div>
   <div class='ocr_carea' id='block_1_44' title="bbox 601 4051 2098 4130">
    <p class='ocr_par' dir='ltr' id='par_1_44' title="bbox 601 4051 2098 4130">
     <span class='ocr_line' id='line_1_44' title="bbox 601 4051 2098 4130; baseline 0.005 -23"><span class='ocrx_word' id='word_1_279' title='bbox 601 4052 691 4108; x_wconf 74' lang='lat' dir='ltr'><strong>2i.</strong></span> <span class='ocrx_word' id='word_1_280' title='bbox 743 4051 901 4109; x_wconf 88' lang='lat' dir='ltr'><strong>Nunc</strong></span> <span class='ocrx_word' id='word_1_281' title='bbox 964 4062 1145 4109; x_wconf 90' lang='lat' dir='ltr'><strong>autem</strong></span> <span class='ocrx_word' id='word_1_282' title='bbox 1180 4054 1475 4111; x_wconf 83' lang='lat' dir='ltr'><strong>conﬂatum</strong></span> <span class='ocrx_word' id='word_1_283' title='bbox 1525 4071 1590 4111; x_wconf 80' lang='lat' dir='ltr'><strong>ex</strong></span> <span class='ocrx_word' id='word_1_284' title='bbox 1638 4057 1775 4114; x_wconf 89' lang='lat' dir='ltr'><strong>vivis</strong></span> <span class='ocrx_word' id='word_1_285' title='bbox 1827 4058 2098 4130; x_wconf 87' lang='lat' dir='ltr'><strong>lapidibus</strong></span> 
     </span>
    </p>
   </div>
   <div class='ocr_carea' id='block_1_45' title="bbox 531 4145 2105 4221">
    <p class='ocr_par' dir='ltr' id='par_1_45' title="bbox 531 4145 2105 4221">
     <span class='ocr_line' id='line_1_45' title="bbox 531 4145 2105 4221; baseline 0.002 -19"><span class='ocrx_word' id='word_1_286' title='bbox 531 4146 793 4217; x_wconf 86' lang='lat' dir='ltr'><strong>templum</strong></span> <span class='ocrx_word' id='word_1_287' title='bbox 831 4145 1132 4204; x_wconf 87' lang='lat' dir='ltr'><strong>Ecclesiam</strong></span> <span class='ocrx_word' id='word_1_288' title='bbox 1176 4162 1297 4203; x_wconf 90' lang='lat' dir='ltr'><strong>esse</strong></span> <span class='ocrx_word' id='word_1_289' title='bbox 1342 4148 1618 4214; x_wconf 78' lang='lat' dir='ltr'><strong>existimo,</strong></span> <span class='ocrx_word' id='word_1_290' title='bbox 1664 4150 1717 4204; x_wconf 92' lang='lat' dir='ltr'><strong>in</strong></span> <span class='ocrx_word' id='word_1_291' title='bbox 1752 4164 1925 4221; x_wconf 89' lang='lat' dir='ltr'><strong>eaque</strong></span> <span class='ocrx_word' id='word_1_292' title='bbox 1965 4166 2105 4205; x_wconf 90' lang='lat' dir='ltr'><strong>non-</strong></span> 
     </span>
    </p>
   </div>
   <div class='ocr_carea' id='block_1_46' title="bbox 533 4238 2102 4311">
    <p class='ocr_par' dir='ltr' id='par_1_46' title="bbox 533 4238 2102 4311">
     <span class='ocr_line' id='line_1_46' title="bbox 533 4238 2102 4311; baseline 0.003 -17"><span class='ocrx_word' id='word_1_293' title='bbox 533 4238 714 4295; x_wconf 88' lang='lat' dir='ltr'><strong>nullos</strong></span> <span class='ocrx_word' id='word_1_294' title='bbox 741 4253 885 4307; x_wconf 89' lang='lat' dir='ltr'><strong>esse,</strong></span> <span class='ocrx_word' id='word_1_295' title='bbox 916 4239 1011 4309; x_wconf 93' lang='lat' dir='ltr'><strong>qui</strong></span> <span class='ocrx_word' id='word_1_296' title='bbox 1047 4253 1155 4293; x_wconf 91' lang='lat' dir='ltr'><strong>non</strong></span> <span class='ocrx_word' id='word_1_297' title='bbox 1197 4241 1356 4311; x_wconf 89' lang='lat' dir='ltr'><strong>quasi</strong></span> <span class='ocrx_word' id='word_1_298' title='bbox 1388 4241 1441 4294; x_wconf 93' lang='lat' dir='ltr'><strong>in</strong></span> <span class='ocrx_word' id='word_1_299' title='bbox 1484 4239 1727 4297; x_wconf 86' lang='lat' dir='ltr'><strong>Ecclesia</strong></span> <span class='ocrx_word' id='word_1_300' title='bbox 1768 4242 1972 4306; x_wconf 87' lang='lat' dir='ltr'><strong>vivant,</strong></span> <span class='ocrx_word' id='word_1_301' title='bbox 2006 4242 2102 4298; x_wconf 84' lang='lat' dir='ltr'><strong>sed</strong></span> 
     </span>
    </p>
   </div>
   <div class='ocr_carea' id='block_1_47' title="bbox 531 4332 2103 4406">
    <p class='ocr_par' dir='ltr' id='par_1_47' title="bbox 531 4332 2103 4406">
     <span class='ocr_line' id='line_1_47' title="bbox 531 4332 2103 4406; baseline 0.004 -21"><span class='ocrx_word' id='word_1_302' title='bbox 531 4332 691 4404; x_wconf 89' lang='lat' dir='ltr'><strong>quasi</strong></span> <span class='ocrx_word' id='word_1_303' title='bbox 739 4351 758 4383; x_wconf 81' lang='grc' dir='ltr'><strong>ι</strong></span> <span class='ocrx_word' id='word_1_304' title='bbox 813 4333 1113 4387; x_wconf 86' lang='lat' dir='ltr'><strong>secundum</strong></span> <span class='ocrx_word' id='word_1_305' title='bbox 1163 4347 1381 4387; x_wconf 89' lang='lat' dir='ltr'><strong>carnem</strong></span> <span class='ocrx_word' id='word_1_306' title='bbox 1427 4333 1766 4402; x_wconf 78' lang='lat' dir='ltr'><strong>militent&quot;;</strong></span> <span class='ocrx_word' id='word_1_307' title='bbox 1820 4352 1839 4386; x_wconf 75' lang='grc' dir='ltr'><strong>ι</strong></span> <span class='ocrx_word' id='word_1_308' title='bbox 1899 4336 2103 4406; x_wconf 88' lang='lat' dir='ltr'><strong>quique</strong></span> 
     </span>
    </p>
   </div>
   <div class='ocr_carea' id='block_1_48' title="bbox 533 4424 2099 4495">
    <p class='ocr_par' dir='ltr' id='par_1_48' title="bbox 533 4424 2099 4495">
     <span class='ocr_line' id='line_1_48' title="bbox 533 4424 2099 4495; baseline 0 -15"><span class='ocrx_word' id='word_1_309' title='bbox 533 4424 796 4481; x_wconf 90' lang='lat' dir='ltr'><strong>orationis</strong></span> <span class='ocrx_word' id='word_1_310' title='bbox 843 4438 911 4479; x_wconf 82' lang='lat' dir='ltr'><strong>ex</strong></span> <span class='ocrx_word' id='word_1_311' title='bbox 957 4424 1093 4480; x_wconf 90' lang='lat' dir='ltr'><strong>vivis</strong></span> <span class='ocrx_word' id='word_1_312' title='bbox 1140 4424 1412 4495; x_wconf 90' lang='lat' dir='ltr'><strong>lapidibus</strong></span> <span class='ocrx_word' id='word_1_313' title='bbox 1454 4434 1829 4482; x_wconf 86' lang='lat' dir='ltr'><strong>constructam</strong></span> <span class='ocrx_word' id='word_1_314' title='bbox 1874 4426 2099 4480; x_wconf 90' lang='lat' dir='ltr'><strong>domum</strong></span> 
     </span>
    </p>
   </div>
   <div class='ocr_carea' id='block_1_49' title="bbox 533 4517 2097 4588">
    <p class='ocr_par' dir='ltr' id='par_1_49' title="bbox 533 4517 2097 4588">
     <span class='ocr_line' id='line_1_49' title="bbox 533 4517 2097 4588; baseline 0.003 -19"><span class='ocrx_word' id='word_1_315' title='bbox 533 4530 630 4587; x_wconf 89' lang='lat' dir='ltr'><strong>per</strong></span> <span class='ocrx_word' id='word_1_316' title='bbox 654 4531 809 4571; x_wconf 89' lang='lat' dir='ltr'><strong>suam</strong></span> <span class='ocrx_word' id='word_1_317' title='bbox 854 4517 1154 4587; x_wconf 85' lang='lat' dir='ltr'><strong>nequitiam</strong></span> <span class='ocrx_word' id='word_1_318' title='bbox 1197 4519 1472 4573; x_wconf 88' lang='lat' dir='ltr'><strong>latronum</strong></span> <span class='ocrx_word' id='word_1_319' title='bbox 1504 4518 1820 4588; x_wconf 90' lang='lat' dir='ltr'><strong>speluncam</strong></span> <span class='ocrx_word' id='word_1_320' title='bbox 1853 4517 2056 4574; x_wconf 86' lang='lat' dir='ltr'><strong>faciant</strong></span> <span class='ocrx_word' id='word_1_321' title='bbox 2084 4538 2097 4575; x_wconf 90' lang='lat'><strong>:</strong></span> 
     </span>
    </p>
   </div>
   <div class='ocr_carea' id='block_1_50' title="bbox 531 4608 2099 4681">
    <p class='ocr_par' dir='ltr' id='par_1_50' title="bbox 531 4608 2099 4681">
     <span class='ocr_line' id='line_1_50' title="bbox 531 4608 2099 4681; baseline 0.004 -20"><span class='ocrx_word' id='word_1_322' title='bbox 531 4609 657 4678; x_wconf 89' lang='lat' dir='ltr'><strong>quis</strong></span> <span class='ocrx_word' id='word_1_323' title='bbox 678 4608 822 4664; x_wconf 88' lang='lat' dir='ltr'><strong>enim</strong></span> <span class='ocrx_word' id='word_1_324' title='bbox 851 4618 1138 4679; x_wconf 89' lang='lat' dir='ltr'><strong>postquam</strong></span> <span class='ocrx_word' id='word_1_325' title='bbox 1163 4619 1381 4680; x_wconf 88' lang='lat' dir='ltr'><strong>peccata</strong></span> <span class='ocrx_word' id='word_1_326' title='bbox 1406 4610 1462 4664; x_wconf 90' lang='lat' dir='ltr'><strong>in</strong></span> <span class='ocrx_word' id='word_1_327' title='bbox 1488 4609 1746 4667; x_wconf 86' lang='lat' dir='ltr'><strong>Ecclesiis</strong></span> <span class='ocrx_word' id='word_1_328' title='bbox 1772 4610 2099 4681; x_wconf 88' lang='lat' dir='ltr'><strong>quibusdam</strong></span> 
     </span>
    </p>
   </div>
   <div class='ocr_carea' id='block_1_51' title="bbox 533 4699 2096 4774">
    <p class='ocr_par' dir='ltr' id='par_1_51' title="bbox 533 4699 2096 4774">
     <span class='ocr_line' id='line_1_51' title="bbox 533 4699 2096 4774; baseline 0.002 -20"><span class='ocrx_word' id='word_1_329' title='bbox 533 4699 603 4754; x_wconf 90' lang='lat' dir='ltr'><strong>ab</strong></span> <span class='ocrx_word' id='word_1_330' title='bbox 641 4699 710 4757; x_wconf 88' lang='lat' dir='ltr'><strong>iis</strong></span> <span class='ocrx_word' id='word_1_331' title='bbox 740 4701 1034 4757; x_wconf 87' lang='lat' dir='ltr'><strong>commissa</strong></span> <span class='ocrx_word' id='word_1_332' title='bbox 1063 4702 1419 4772; x_wconf 85' lang='lat' dir='ltr'><strong>perspexerit,</strong></span> <span class='ocrx_word' id='word_1_333' title='bbox 1449 4702 1546 4774; x_wconf 92' lang='lat' dir='ltr'><strong>qui</strong></span> <span class='ocrx_word' id='word_1_334' title='bbox 1573 4702 1805 4758; x_wconf 89' lang='lat' dir='ltr'><strong>aliorum</strong></span> <span class='ocrx_word' id='word_1_335' title='bbox 1840 4702 2096 4772; x_wconf 90' lang='lat' dir='ltr'><strong>pietatem</strong></span> 
     </span>
    </p>
   </div>
   <div class='ocr_carea' id='block_1_52' title="bbox 2207 584 3794 663">
    <p class='ocr_par' dir='ltr' id='par_1_52' title="bbox 2207 584 3794 663">
     <span class='ocr_line' id='line_1_52' title="bbox 2207 584 3794 663; baseline 0.001 -22"><span class='ocrx_word' id='word_1_336' title='bbox 2207 588 2485 659; x_wconf 86' lang='grc' dir='ltr'>βούλημα·</span> <span class='ocrx_word' id='word_1_337' title='bbox 2518 587 2631 641; x_wconf 82' lang='grc' dir='ltr'>ἀλλ’</span> <span class='ocrx_word' id='word_1_338' title='bbox 2661 589 2783 642; x_wconf 77' lang='grc' dir='ltr'>ἐπεὶ</span> <span class='ocrx_word' id='word_1_339' title='bbox 2811 589 2904 643; x_wconf 74' lang='grc' dir='ltr'><strong>καὶ</strong></span> <span class='ocrx_word' id='word_1_340' title='bbox 2930 584 3024 643; x_wconf 84' lang='grc' dir='ltr'><strong>νῦν</strong></span> <span class='ocrx_word' id='word_1_341' title='bbox 3063 592 3093 644; x_wconf 85' lang='grc' dir='ltr'>ὁ</span> <span class='ocrx_word' id='word_1_342' title='bbox 3136 591 3330 663; x_wconf 73' lang='grc' dir='ltr'>είρμὸς</span> <span class='ocrx_word' id='word_1_343' title='bbox 3374 590 3536 662; x_wconf 73' lang='grc' dir='ltr'>ἡμᾶς</span> <span class='ocrx_word' id='word_1_344' title='bbox 3570 590 3794 644; x_wconf 65' lang='grc' dir='ltr'>ἀπαιτεῖ</span> 
     </span>
    </p>
   </div>
   <div class='ocr_carea' id='block_1_53' title="bbox 2203 678 3792 754">
    <p class='ocr_par' dir='ltr' id='par_1_53' title="bbox 2203 678 3792 754">
     <span class='ocr_line' id='line_1_53' title="bbox 2203 678 3792 754; baseline 0.001 -21"><span class='ocrx_word' id='word_1_345' title='bbox 2203 682 2377 734; x_wconf 86' lang='grc' dir='ltr'>εἰπεῖν</span> <span class='ocrx_word' id='word_1_346' title='bbox 2418 678 2557 733; x_wconf 81' lang='grc' dir='ltr'>κατὰ</span> <span class='ocrx_word' id='word_1_347' title='bbox 2588 680 2686 752; x_wconf 83' lang='grc' dir='ltr'>τὴν</span> <span class='ocrx_word' id='word_1_348' title='bbox 2720 679 2995 735; x_wconf 82' lang='grc' dir='ltr'>Ματθαίου</span> <span class='ocrx_word' id='word_1_349' title='bbox 3030 680 3177 749; x_wconf 80' lang='grc' dir='ltr'>λέξιν</span> <span class='ocrx_word' id='word_1_350' title='bbox 3218 683 3352 754; x_wconf 75' lang='grc' dir='ltr'>περὶ</span> <span class='ocrx_word' id='word_1_351' title='bbox 3383 681 3499 735; x_wconf 79' lang='grc' dir='ltr'><strong>τῶν</strong></span> <span class='ocrx_word' id='word_1_352' title='bbox 3537 683 3792 753; x_wconf 73' lang='grc' dir='ltr'>ἐκκειμέ-</span> 
     </span>
    </p>
   </div>
   <div class='ocr_carea' id='block_1_54' title="bbox 2203 768 3791 844">
    <p class='ocr_par' dir='ltr' id='par_1_54' title="bbox 2203 768 3791 844">
     <span class='ocr_line' id='line_1_54' title="bbox 2203 768 3791 844; baseline 0 -19"><span class='ocrx_word' id='word_1_353' title='bbox 2203 787 2329 833; x_wconf 87' lang='grc' dir='ltr'><strong>νων,</strong></span> <span class='ocrx_word' id='word_1_354' title='bbox 2364 768 2456 823; x_wconf 81' lang='grc' dir='ltr'>τὸν</span> <span class='ocrx_word' id='word_1_355' title='bbox 2501 769 2721 842; x_wconf 86' lang='grc' dir='ltr'><strong>Πατέρα</strong></span> <span class='ocrx_word' id='word_1_356' title='bbox 2761 770 2862 840; x_wconf 82' lang='grc' dir='ltr'>τῆς</span> <span class='ocrx_word' id='word_1_357' title='bbox 2905 771 3093 840; x_wconf 79' lang='grc' dir='ltr'>σοφίας</span> <span class='ocrx_word' id='word_1_358' title='bbox 3138 772 3632 843; x_wconf 67' lang='grc' dir='ltr'><strong>ἐπικαλεσάμενοι,</strong></span> <span class='ocrx_word' id='word_1_359' title='bbox 3678 773 3791 844; x_wconf 72' lang='grc' dir='ltr'>φέρ’</span> 
     </span>
    </p>
   </div>
   <div class='ocr_carea' id='block_1_55' title="bbox 2204 860 3794 936">
    <p class='ocr_par' dir='ltr' id='par_1_55' title="bbox 2204 860 3794 936">
     <span class='ocr_line' id='line_1_55' title="bbox 2204 860 3794 936; baseline 0.003 -23"><span class='ocrx_word' id='word_1_360' title='bbox 2204 860 2401 931; x_wconf 71' lang='grc' dir='ltr'>ἴδωμεν</span> <span class='ocrx_word' id='word_1_361' title='bbox 2428 863 2477 914; x_wconf 87' lang='grc' dir='ltr'><strong>εί</strong></span> <span class='ocrx_word' id='word_1_362' title='bbox 2500 860 2648 927; x_wconf 77' lang='grc' dir='ltr'>ἄξιόν</span> <span class='ocrx_word' id='word_1_363' title='bbox 2673 880 2727 916; x_wconf 89' lang='grc' dir='ltr'><strong>τι</strong></span> <span class='ocrx_word' id='word_1_364' title='bbox 2747 863 3022 933; x_wconf 82' lang='grc' dir='ltr'>δυνάμεθα</span> <span class='ocrx_word' id='word_1_365' title='bbox 3045 863 3145 935; x_wconf 86' lang='grc' dir='ltr'>τῆς</span> <span class='ocrx_word' id='word_1_366' title='bbox 3171 862 3352 935; x_wconf 87' lang='grc' dir='ltr'>Ἰησοῦ</span> <span class='ocrx_word' id='word_1_367' title='bbox 3385 864 3530 934; x_wconf 76' lang='grc' dir='ltr'>μετὰ</span> <span class='ocrx_word' id='word_1_368' title='bbox 3562 864 3794 936; x_wconf 70' lang='grc' dir='ltr'>θάρσους</span> 
     </span>
    </p>
   </div>
   <div class='ocr_carea' id='block_1_56' title="bbox 2203 948 3791 1035">
    <p class='ocr_par' dir='ltr' id='par_1_56' title="bbox 2203 948 3791 1035">
     <span class='ocr_line' id='line_1_56' title="bbox 2203 948 3791 1035; baseline 0.006 -34"><span class='ocrx_word' id='word_1_369' title='bbox 2203 948 2454 1035; x_wconf 67' lang='grc' dir='ltr'>πραξεως</span> <span class='ocrx_word' id='word_1_370' title='bbox 2484 953 2657 1006; x_wconf 79' lang='grc' dir='ltr'>εἰπεῖν</span> <span class='ocrx_word' id='word_1_371' title='bbox 2697 954 2778 1016; x_wconf 87' lang='grc' dir='ltr'><strong>εἰς</strong></span> <span class='ocrx_word' id='word_1_372' title='bbox 2817 953 2908 1008; x_wconf 80' lang='grc' dir='ltr'>τὸν</span> <span class='ocrx_word' id='word_1_373' title='bbox 2951 954 3133 1009; x_wconf 80' lang='grc' dir='ltr'>τόπον.</span> <span class='ocrx_word' id='word_1_374' title='bbox 3165 956 3280 1008; x_wconf 78' lang='grc' dir='ltr'><strong>Καὶ</strong></span> <span class='ocrx_word' id='word_1_375' title='bbox 3319 955 3549 1026; x_wconf 75' lang='grc' dir='ltr'>πρῶτον</span> <span class='ocrx_word' id='word_1_376' title='bbox 3577 956 3791 1010; x_wconf 75' lang='grc' dir='ltr'>λεκτέον</span> 
     </span>
    </p>
   </div>
   <div class='ocr_carea' id='block_1_57' title="bbox 2200 1041 3789 1117">
    <p class='ocr_par' dir='ltr' id='par_1_57' title="bbox 2200 1041 3789 1117">
     <span class='ocr_line' id='line_1_57' title="bbox 2200 1041 3789 1117; baseline 0.004 -23"><span class='ocrx_word' id='word_1_377' title='bbox 2200 1041 2254 1094; x_wconf 86' lang='grc' dir='ltr'><strong>τί</strong></span> <span class='ocrx_word' id='word_1_378' title='bbox 2280 1041 2343 1094; x_wconf 80' lang='grc' dir='ltr'>τὸ</span> <span class='ocrx_word' id='word_1_379' title='bbox 2372 1042 2518 1114; x_wconf 80' lang='grc' dir='ltr'>ἱερὸν</span> <span class='ocrx_word' id='word_1_380' title='bbox 2548 1042 2642 1097; x_wconf 86' lang='grc' dir='ltr'><strong>τοῦ</strong></span> <span class='ocrx_word' id='word_1_381' title='bbox 2666 1043 2822 1109; x_wconf 83' lang='grc' dir='ltr'>Θεοῦ,</span> <span class='ocrx_word' id='word_1_382' title='bbox 2848 1045 2987 1117; x_wconf 82' lang='grc' dir='ltr'>ὅπερ</span> <span class='ocrx_word' id='word_1_383' title='bbox 3017 1046 3293 1117; x_wconf 81' lang='grc' dir='ltr'>ὁμολογῶν</span> <span class='ocrx_word' id='word_1_384' title='bbox 3319 1048 3354 1100; x_wconf 77' lang='grc' dir='ltr'><strong>ὁ</strong></span> <span class='ocrx_word' id='word_1_385' title='bbox 3383 1047 3525 1112; x_wconf 73' lang='grc' dir='ltr'>Θεὸς</span> <span class='ocrx_word' id='word_1_386' title='bbox 3557 1045 3716 1101; x_wconf 76' lang='grc' dir='ltr'>εἶπεν</span> <span class='ocrx_word' id='word_1_387' title='bbox 3738 1049 3789 1101; x_wconf 77' lang='grc' dir='ltr'>ἐν</span> 
     </span>
    </p>
   </div>
   <div class='ocr_carea' id='block_1_58' title="bbox 2202 1130 3791 1209">
    <p class='ocr_par' dir='ltr' id='par_1_58' title="bbox 2202 1130 3791 1209">
     <span class='ocr_line' id='line_1_58' title="bbox 2202 1130 3791 1209; baseline 0.006 -26"><span class='ocrx_word' id='word_1_388' title='bbox 2202 1130 2279 1202; x_wconf 80' lang='grc' dir='ltr'>τῷ</span> <span class='ocrx_word' id='word_1_389' title='bbox 2322 1132 2617 1205; x_wconf 67' lang='grc' dir='ltr'>Προφήτη·</span> <span class='ocrx_word' id='word_1_390' title='bbox 2654 1153 2675 1188; x_wconf 81' lang='grc' dir='ltr'><strong>ι</strong></span> <span class='ocrx_word' id='word_1_391' title='bbox 2719 1135 2779 1188; x_wconf 89' lang='lat'><strong>&#39;0</strong></span> <span class='ocrx_word' id='word_1_392' title='bbox 2806 1131 2953 1198; x_wconf 76' lang='grc' dir='ltr'>οἶκός</span> <span class='ocrx_word' id='word_1_393' title='bbox 2979 1152 3080 1206; x_wconf 90' lang='grc' dir='ltr'><strong>μου</strong></span> <span class='ocrx_word' id='word_1_394' title='bbox 3120 1131 3271 1201; x_wconf 77' lang='grc' dir='ltr'>οἶκος</span> <span class='ocrx_word' id='word_1_395' title='bbox 3302 1138 3645 1209; x_wconf 71' lang='grc' dir='ltr'><strong>προσευχῆς</strong></span> <span class='ocrx_word' id='word_1_396' title='bbox 3670 1137 3791 1209; x_wconf 78' lang='grc' dir='ltr'>κλη-</span> 
     </span>
    </p>
   </div>
   <div class='ocr_carea' id='block_1_59' title="bbox 2203 1222 3795 1302">
    <p class='ocr_par' dir='ltr' id='par_1_59' title="bbox 2203 1222 3795 1302">
     <span class='ocr_line' id='line_1_59' title="bbox 2203 1222 3795 1302; baseline 0.005 -27"><span class='ocrx_word' id='word_1_397' title='bbox 2203 1222 2445 1294; x_wconf 75' lang='grc' dir='ltr'>θήσεται.</span> <span class='ocrx_word' id='word_1_398' title='bbox 2488 1245 2505 1276; x_wconf 74' lang='grc' dir='ltr'><strong>ι</strong></span> <span class='ocrx_word' id='word_1_399' title='bbox 2550 1225 2836 1295; x_wconf 79' lang='grc' dir='ltr'>Ἀνάλογον</span> <span class='ocrx_word' id='word_1_400' title='bbox 2868 1227 2966 1298; x_wconf 77' lang='grc' dir='ltr'><strong>μὲν</strong></span> <span class='ocrx_word' id='word_1_401' title='bbox 3017 1223 3109 1281; x_wconf 74' lang='grc' dir='ltr'>οὖν</span> <span class='ocrx_word' id='word_1_402' title='bbox 3152 1231 3217 1300; x_wconf 78' lang='grc' dir='ltr'><strong>τῇ</strong></span> <span class='ocrx_word' id='word_1_403' title='bbox 3249 1228 3395 1282; x_wconf 77' lang='grc' dir='ltr'>κατὰ</span> <span class='ocrx_word' id='word_1_404' title='bbox 3428 1231 3617 1300; x_wconf 61' lang='grc' dir='ltr'><strong>σάρκα⁵</strong></span> <span class='ocrx_word' id='word_1_405' title='bbox 3652 1247 3795 1302; x_wconf 75' lang='grc' dir='ltr'>περι-</span> 
     </span>
    </p>
   </div>
   <div class='ocr_carea' id='block_1_60' title="bbox 2200 1314 3790 1391">
    <p class='ocr_par' dir='ltr' id='par_1_60' title="bbox 2200 1314 3790 1391">
     <span class='ocr_line' id='line_1_60' title="bbox 2200 1314 3790 1391; baseline 0.006 -25"><span class='ocrx_word' id='word_1_406' title='bbox 2200 1318 2339 1386; x_wconf 82' lang='grc' dir='ltr'>τομῇ</span> <span class='ocrx_word' id='word_1_407' title='bbox 2374 1314 2468 1368; x_wconf 83' lang='grc' dir='ltr'>καὶ</span> <span class='ocrx_word' id='word_1_408' title='bbox 2495 1319 2613 1380; x_wconf 80' lang='grc' dir='ltr'>ταῖς</span> <span class='ocrx_word' id='word_1_409' title='bbox 2648 1319 2986 1388; x_wconf 81' lang='grc' dir='ltr'><strong>σωματικαῖς</strong></span> <span class='ocrx_word' id='word_1_410' title='bbox 3009 1317 3103 1370; x_wconf 84' lang='grc' dir='ltr'><strong>τοῦ</strong></span> <span class='ocrx_word' id='word_1_411' title='bbox 3123 1318 3291 1391; x_wconf 80' lang='grc' dir='ltr'>νόμου</span> <span class='ocrx_word' id='word_1_412' title='bbox 3317 1321 3545 1391; x_wconf 75' lang='grc' dir='ltr'>ἑορταῖς</span> <span class='ocrx_word' id='word_1_413' title='bbox 3577 1322 3676 1374; x_wconf 73' lang='grc' dir='ltr'><strong>καὶ</strong></span> <span class='ocrx_word' id='word_1_414' title='bbox 3701 1320 3790 1375; x_wconf 80' lang='grc' dir='ltr'>θυ-</span> 
     </span>
    </p>
   </div>
   <div class='ocr_carea' id='block_1_61' title="bbox 2203 1406 3793 1477">
    <p class='ocr_par' dir='ltr' id='par_1_61' title="bbox 2203 1406 3793 1477">
     <span class='ocr_line' id='line_1_61' title="bbox 2203 1406 3793 1477; baseline 0.006 -19"><span class='ocrx_word' id='word_1_415' title='bbox 2203 1406 2366 1470; x_wconf 79' lang='grc' dir='ltr'>σίαις,</span> <span class='ocrx_word' id='word_1_416' title='bbox 2389 1407 2530 1477; x_wconf 80' lang='grc' dir='ltr'>ἱερὸν</span> <span class='ocrx_word' id='word_1_417' title='bbox 2556 1408 2835 1477; x_wconf 78' lang='grc' dir='ltr'>ἐνομίζετο</span> <span class='ocrx_word' id='word_1_418' title='bbox 2860 1407 2950 1462; x_wconf 86' lang='grc' dir='ltr'><strong>τοῦ</strong></span> <span class='ocrx_word' id='word_1_419' title='bbox 2967 1406 3101 1463; x_wconf 87' lang='grc' dir='ltr'><strong>Θεοῦ</strong></span> <span class='ocrx_word' id='word_1_420' title='bbox 3130 1406 3269 1463; x_wconf 75' lang='grc' dir='ltr'>εἴναι</span> <span class='ocrx_word' id='word_1_421' title='bbox 3297 1412 3358 1465; x_wconf 75' lang='grc' dir='ltr'><strong>τὺ</strong></span> <span class='ocrx_word' id='word_1_422' title='bbox 3374 1412 3627 1466; x_wconf 79' lang='grc' dir='ltr'>ὲκλίθων</span> <span class='ocrx_word' id='word_1_423' title='bbox 3648 1414 3793 1466; x_wconf 71' lang='grc' dir='ltr'>ἀναι-</span> 
     </span>
    </p>
   </div>
   <div class='ocr_carea' id='block_1_62' title="bbox 2204 1494 3793 1571">
    <p class='ocr_par' dir='ltr' id='par_1_62' title="bbox 2204 1494 3793 1571">
     <span class='ocr_line' id='line_1_62' title="bbox 2204 1494 3793 1571; baseline 0.004 -23"><span class='ocrx_word' id='word_1_424' title='bbox 2204 1494 2411 1565; x_wconf 85' lang='grc' dir='ltr'>σθήτων</span> <span class='ocrx_word' id='word_1_425' title='bbox 2445 1495 2875 1568; x_wconf 84' lang='grc' dir='ltr'>κατασκεύασμα</span> <span class='ocrx_word' id='word_1_426' title='bbox 2906 1499 3254 1570; x_wconf 79' lang='grc' dir='ltr'>οἰκοδομηθὲν</span> <span class='ocrx_word' id='word_1_427' title='bbox 3292 1500 3402 1554; x_wconf 79' lang='grc' dir='ltr'>ὑπὸ</span> <span class='ocrx_word' id='word_1_428' title='bbox 3446 1500 3793 1571; x_wconf 67' lang='grc' dir='ltr'>Σολομῶντος</span> 
     </span>
    </p>
   </div>
   <div class='ocr_carea' id='block_1_63' title="bbox 2203 1581 3793 1663">
    <p class='ocr_par' dir='ltr' id='par_1_63' title="bbox 2203 1581 3793 1663">
     <span class='ocr_line' id='line_1_63' title="bbox 2203 1581 3793 1663; baseline 0.001 -23"><span class='ocrx_word' id='word_1_429' title='bbox 2203 1586 2437 1658; x_wconf 85' lang='grc' dir='ltr'>πρῶτον,</span> <span class='ocrx_word' id='word_1_430' title='bbox 2497 1587 2592 1641; x_wconf 73' lang='grc' dir='ltr'>καὶ</span> <span class='ocrx_word' id='word_1_431' title='bbox 2635 1587 3052 1659; x_wconf 82' lang='grc' dir='ltr'>ἀνοικοδομηθὲν</span> <span class='ocrx_word' id='word_1_432' title='bbox 3092 1590 3172 1642; x_wconf 79' lang='grc' dir='ltr'>ἔτι</span> <span class='ocrx_word' id='word_1_433' title='bbox 3213 1591 3319 1644; x_wconf 78' lang='grc' dir='ltr'><strong>ὑπὸ</strong></span> <span class='ocrx_word' id='word_1_434' title='bbox 3365 1592 3604 1663; x_wconf 77' lang='grc' dir='ltr'>Ἔσδρα,</span> <span class='ocrx_word' id='word_1_435' title='bbox 3661 1581 3793 1661; x_wconf 67' lang='grc' dir='ltr'>πλὴν</span> 
     </span>
    </p>
   </div>
   <div class='ocr_carea' id='block_1_64' title="bbox 2203 1674 3795 1751">
    <p class='ocr_par' dir='ltr' id='par_1_64' title="bbox 2203 1674 3795 1751">
     <span class='ocr_line' id='line_1_64' title="bbox 2203 1674 3795 1751; baseline 0.003 -22"><span class='ocrx_word' id='word_1_436' title='bbox 2203 1676 2342 1747; x_wconf 84' lang='grc' dir='ltr'>μετὰ</span> <span class='ocrx_word' id='word_1_437' title='bbox 2372 1676 2468 1747; x_wconf 78' lang='grc' dir='ltr'>τὴν</span> <span class='ocrx_word' id='word_1_438' title='bbox 2496 1674 2587 1729; x_wconf 88' lang='grc' dir='ltr'><strong>τοῦ</strong></span> <span class='ocrx_word' id='word_1_439' title='bbox 2614 1677 2865 1748; x_wconf 80' lang='grc' dir='ltr'>Σωτῆρος</span> <span class='ocrx_word' id='word_1_440' title='bbox 2895 1679 3199 1750; x_wconf 74' lang='grc' dir='ltr'>οἰκονομίαν</span> <span class='ocrx_word' id='word_1_441' title='bbox 3221 1680 3325 1733; x_wconf 74' lang='grc' dir='ltr'>ὑπὸ</span> <span class='ocrx_word' id='word_1_442' title='bbox 3349 1681 3650 1751; x_wconf 83' lang='grc' dir='ltr'>Ῥωμαίων</span> <span class='ocrx_word' id='word_1_443' title='bbox 3671 1680 3795 1733; x_wconf 55' lang='grc' dir='ltr'>καθ’</span> 
     </span>
    </p>
   </div>
   <div class='ocr_carea' id='block_1_65' title="bbox 2201 1764 3794 1843">
    <p class='ocr_par' dir='ltr' id='par_1_65' title="bbox 2201 1764 3794 1843">
     <span class='ocr_line' id='line_1_65' title="bbox 2201 1764 3794 1843; baseline 0 -21"><span class='ocrx_word' id='word_1_444' title='bbox 2201 1767 2416 1839; x_wconf 87' lang='grc' dir='ltr'>αιρεθέν</span> <span class='ocrx_word' id='word_1_445' title='bbox 2440 1783 2454 1798; x_wconf 81' lang='lat'>&#39;</span> <span class='ocrx_word' id='word_1_446' title='bbox 2501 1767 2595 1820; x_wconf 72' lang='grc' dir='ltr'>καὶ</span> <span class='ocrx_word' id='word_1_447' title='bbox 2624 1764 2771 1832; x_wconf 78' lang='grc' dir='ltr'>οἰκος</span> <span class='ocrx_word' id='word_1_448' title='bbox 2814 1771 3021 1833; x_wconf 78' lang='grc' dir='ltr'>ἐκεῖνος</span> <span class='ocrx_word' id='word_1_449' title='bbox 3066 1770 3484 1843; x_wconf 74' lang='grc' dir='ltr'>ὑπελαμϐάνετο</span> <span class='ocrx_word' id='word_1_450' title='bbox 3525 1768 3673 1825; x_wconf 77' lang='grc' dir='ltr'>εἶναι</span> <span class='ocrx_word' id='word_1_451' title='bbox 3712 1772 3794 1823; x_wconf 67' lang='grc' dir='ltr'><strong>εὖ·</strong></span> 
     </span>
    </p>
   </div>
   <div class='ocr_carea' id='block_1_66' title="bbox 2203 1854 3795 1934">
    <p class='ocr_par' dir='ltr' id='par_1_66' title="bbox 2203 1854 3795 1934">
     <span class='ocr_line' id='line_1_66' title="bbox 2203 1854 3795 1934; baseline -0.008 -10"><span class='ocrx_word' id='word_1_452' title='bbox 2203 1859 2303 1929; x_wconf 76' lang='grc' dir='ltr'><strong>χῆς</strong></span> <span class='ocrx_word' id='word_1_453' title='bbox 2324 1876 2339 1889; x_wconf 87' lang='grc'>⁶</span> <span class='ocrx_word' id='word_1_454' title='bbox 2368 1854 2429 1913; x_wconf 72' lang='grc' dir='ltr'>οὗ</span> <span class='ocrx_word' id='word_1_455' title='bbox 2459 1858 2892 1930; x_wconf 76' lang='grc' dir='ltr'>καθαιρεθέντος,</span> <span class='ocrx_word' id='word_1_456' title='bbox 2922 1861 3213 1930; x_wconf 78' lang='grc' dir='ltr'>ἀναγκαῖον</span> <span class='ocrx_word' id='word_1_457' title='bbox 3242 1862 3558 1927; x_wconf 78' lang='grc' dir='ltr'>Ἰουδαίους,</span> <span class='ocrx_word' id='word_1_458' title='bbox 3590 1864 3674 1927; x_wconf 80' lang='grc' dir='ltr'>ὡς</span> <span class='ocrx_word' id='word_1_459' title='bbox 3698 1881 3795 1934; x_wconf 47' lang='lat' dir='ltr'><strong>in}.</strong></span> 
     </span>
    </p>
   </div>
   <div class='ocr_carea' id='block_1_67' title="bbox 2205 1945 3793 2025">
    <p class='ocr_par' dir='ltr' id='par_1_67' title="bbox 2205 1945 3793 2025">
     <span class='ocr_line' id='line_1_67' title="bbox 2205 1945 3793 2025; baseline 0.003 -23"><span class='ocrx_word' id='word_1_460' title='bbox 2205 1949 2321 2003; x_wconf 88' lang='grc' dir='ltr'>κέτι</span> <span class='ocrx_word' id='word_1_461' title='bbox 2368 1949 2589 2021; x_wconf 75' lang='grc' dir='ltr'>ἔχοντας</span> <span class='ocrx_word' id='word_1_462' title='bbox 2619 1945 2766 2004; x_wconf 77' lang='grc' dir='ltr'>οἰκον</span> <span class='ocrx_word' id='word_1_463' title='bbox 2810 1954 3141 2024; x_wconf 83' lang='grc' dir='ltr'>προσευχῆς,</span> <span class='ocrx_word' id='word_1_464' title='bbox 3174 1954 3353 2022; x_wconf 84' lang='grc' dir='ltr'>λέγειν</span> <span class='ocrx_word' id='word_1_465' title='bbox 3395 1956 3607 2025; x_wconf 79' lang='grc' dir='ltr'>μηκέτι</span> <span class='ocrx_word' id='word_1_466' title='bbox 3656 1954 3793 2024; x_wconf 71' lang='grc' dir='ltr'>ἔχειν</span> 
     </span>
    </p>
   </div>
   <div class='ocr_carea' id='block_1_68' title="bbox 2201 2037 3792 2115">
    <p class='ocr_par' dir='ltr' id='par_1_68' title="bbox 2201 2037 3792 2115">
     <span class='ocr_line' id='line_1_68' title="bbox 2201 2037 3792 2115; baseline 0.004 -23"><span class='ocrx_word' id='word_1_467' title='bbox 2201 2040 2263 2093; x_wconf 87' lang='grc' dir='ltr'>τὸ</span> <span class='ocrx_word' id='word_1_468' title='bbox 2288 2037 2563 2112; x_wconf 79' lang='grc' dir='ltr'>ἐξαίρετον</span> <span class='ocrx_word' id='word_1_469' title='bbox 2595 2040 2696 2111; x_wconf 79' lang='grc' dir='ltr'>τῆς</span> <span class='ocrx_word' id='word_1_470' title='bbox 2726 2041 3030 2114; x_wconf 80' lang='grc' dir='ltr'>ἐπισκοπῆς</span> <span class='ocrx_word' id='word_1_471' title='bbox 3060 2042 3154 2096; x_wconf 88' lang='grc' dir='ltr'><strong>τοῦ</strong></span> <span class='ocrx_word' id='word_1_472' title='bbox 3177 2042 3336 2107; x_wconf 87' lang='grc' dir='ltr'>Θεοῦ,</span> <span class='ocrx_word' id='word_1_473' title='bbox 3365 2044 3393 2097; x_wconf 84' lang='grc' dir='ltr'>ὃ</span> <span class='ocrx_word' id='word_1_474' title='bbox 3421 2045 3574 2115; x_wconf 75' lang='grc' dir='ltr'>ἔχειν</span> <span class='ocrx_word' id='word_1_475' title='bbox 3603 2044 3792 2115; x_wconf 73' lang='grc' dir='ltr'>ᾤοντο.</span> 
     </span>
    </p>
   </div>
   <div class='ocr_carea' id='block_1_69' title="bbox 2205 2126 3795 2205">
    <p class='ocr_par' dir='ltr' id='par_1_69' title="bbox 2205 2126 3795 2205">
     <span class='ocr_line' id='line_1_69' title="bbox 2205 2126 3795 2205; baseline 0.004 -22"><span class='ocrx_word' id='word_1_476' title='bbox 2205 2130 2354 2197; x_wconf 84' lang='grc' dir='ltr'>παρὰ</span> <span class='ocrx_word' id='word_1_477' title='bbox 2386 2129 2446 2183; x_wconf 83' lang='grc' dir='ltr'><strong>τὺ</strong></span> <span class='ocrx_word' id='word_1_478' title='bbox 2487 2132 2544 2184; x_wconf 84' lang='grc' dir='ltr'>ὲν</span> <span class='ocrx_word' id='word_1_479' title='bbox 2577 2129 2656 2201; x_wconf 82' lang='grc' dir='ltr'>τῷ</span> <span class='ocrx_word' id='word_1_480' title='bbox 2686 2131 2820 2202; x_wconf 70' lang='grc' dir='ltr'>οἴκῳ</span> <span class='ocrx_word' id='word_1_481' title='bbox 2846 2132 2948 2202; x_wconf 75' lang='grc' dir='ltr'>τῆς</span> <span class='ocrx_word' id='word_1_482' title='bbox 2980 2134 3285 2205; x_wconf 82' lang='grc' dir='ltr'>προσευχῆς</span> <span class='ocrx_word' id='word_1_483' title='bbox 3330 2126 3618 2205; x_wconf 69' lang='grc' dir='ltr'>εὔχεο-θαι,</span> <span class='ocrx_word' id='word_1_484' title='bbox 3660 2136 3795 2205; x_wconf 65' lang='grc' dir='ltr'>μετὰ</span> 
     </span>
    </p>
   </div>
   <div class='ocr_carea' id='block_1_70' title="bbox 2203 2220 3794 2294">
    <p class='ocr_par' dir='ltr' id='par_1_70' title="bbox 2203 2220 3794 2294">
     <span class='ocr_line' id='line_1_70' title="bbox 2203 2220 3794 2294; baseline 0.003 -22"><span class='ocrx_word' id='word_1_485' title='bbox 2203 2220 2264 2272; x_wconf 86' lang='grc' dir='ltr'>τὸ</span> <span class='ocrx_word' id='word_1_486' title='bbox 2304 2220 2371 2273; x_wconf 78' lang='grc' dir='ltr'><strong>τὰ</strong></span> <span class='ocrx_word' id='word_1_487' title='bbox 2402 2221 2500 2291; x_wconf 83' lang='grc' dir='ltr'>τῆς</span> <span class='ocrx_word' id='word_1_488' title='bbox 2521 2222 2751 2293; x_wconf 79' lang='grc' dir='ltr'>νομικῆς</span> <span class='ocrx_word' id='word_1_489' title='bbox 2782 2222 3036 2293; x_wconf 74' lang='grc' dir='ltr'>λατρείας</span> <span class='ocrx_word' id='word_1_490' title='bbox 3064 2223 3347 2276; x_wconf 76' lang='grc' dir='ltr'>ἐπιτελεῖν.</span> <span class='ocrx_word' id='word_1_491' title='bbox 3377 2225 3489 2277; x_wconf 76' lang='grc' dir='ltr'><strong>Καὶ</strong></span> <span class='ocrx_word' id='word_1_492' title='bbox 3518 2224 3794 2294; x_wconf 44' lang='lat'><strong>1.165611,-</strong></span> 
     </span>
    </p>
   </div>
   <div class='ocr_carea' id='block_1_71' title="bbox 2204 2310 3795 2385">
    <p class='ocr_par' dir='ltr' id='par_1_71' title="bbox 2204 2310 3795 2385">
     <span class='ocr_line' id='line_1_71' title="bbox 2204 2310 3795 2385; baseline 0.001 -21"><span class='ocrx_word' id='word_1_493' title='bbox 2204 2310 2346 2364; x_wconf 85' lang='grc' dir='ltr'>κέτω</span> <span class='ocrx_word' id='word_1_494' title='bbox 2382 2310 2706 2381; x_wconf 81' lang='grc' dir='ltr'>σωματικῶς</span> <span class='ocrx_word' id='word_1_495' title='bbox 2740 2313 2836 2366; x_wconf 80' lang='grc' dir='ltr'><strong>ἀπ’</strong></span> <span class='ocrx_word' id='word_1_496' title='bbox 2868 2312 3077 2365; x_wconf 76' lang='grc' dir='ltr'>ἐκείνου</span> <span class='ocrx_word' id='word_1_497' title='bbox 3105 2314 3134 2365; x_wconf 85' lang='grc' dir='ltr'><strong>ὁ</strong></span> <span class='ocrx_word' id='word_1_498' title='bbox 3156 2314 3248 2366; x_wconf 74' lang='grc' dir='ltr'>καὶ</span> <span class='ocrx_word' id='word_1_499' title='bbox 3278 2312 3526 2385; x_wconf 76' lang='grc' dir='ltr'>σύμϐολα</span> <span class='ocrx_word' id='word_1_500' title='bbox 3552 2314 3795 2385; x_wconf 66' lang='grc' dir='ltr'>ποιήσας</span> 
     </span>
    </p>
   </div>
   <div class='ocr_carea' id='block_1_72' title="bbox 2203 2402 3794 2477">
    <p class='ocr_par' dir='ltr' id='par_1_72' title="bbox 2203 2402 3794 2477">
     <span class='ocr_line' id='line_1_72' title="bbox 2203 2402 3794 2477; baseline 0.003 -22"><span class='ocrx_word' id='word_1_501' title='bbox 2203 2402 2312 2458; x_wconf 87' lang='grc' dir='ltr'><strong>τῶν</strong></span> <span class='ocrx_word' id='word_1_502' title='bbox 2344 2402 2487 2456; x_wconf 85' lang='grc' dir='ltr'>ἰδίων</span> <span class='ocrx_word' id='word_1_503' title='bbox 2519 2404 2900 2473; x_wconf 83' lang='grc' dir='ltr'>πνευματικῶν</span> <span class='ocrx_word' id='word_1_504' title='bbox 2933 2405 3182 2475; x_wconf 79' lang='grc' dir='ltr'>πράξεων</span> <span class='ocrx_word' id='word_1_505' title='bbox 3228 2405 3417 2476; x_wconf 74' lang='grc' dir='ltr'>Σωτὴρ</span> <span class='ocrx_word' id='word_1_506' title='bbox 3444 2406 3638 2477; x_wconf 73' lang='grc' dir='ltr'>ἡμῶν,</span> <span class='ocrx_word' id='word_1_507' title='bbox 3669 2409 3794 2476; x_wconf 62' lang='grc' dir='ltr'>τοὺς</span> 
     </span>
    </p>
   </div>
   <div class='ocr_carea' id='block_1_73' title="bbox 2205 2491 3794 2566">
    <p class='ocr_par' dir='ltr' id='par_1_73' title="bbox 2205 2491 3794 2566">
     <span class='ocr_line' id='line_1_73' title="bbox 2205 2491 3794 2566; baseline -0.001 -19"><span class='ocrx_word' id='word_1_508' title='bbox 2205 2493 2518 2557; x_wconf 82' lang='grc' dir='ltr'>πωλοῦντας</span> <span class='ocrx_word' id='word_1_509' title='bbox 2558 2494 2652 2548; x_wconf 79' lang='grc' dir='ltr'>καὶ</span> <span class='ocrx_word' id='word_1_510' title='bbox 2679 2494 3068 2565; x_wconf 80' lang='grc' dir='ltr'>ἀγοράζοντας,</span> <span class='ocrx_word' id='word_1_511' title='bbox 3112 2493 3331 2557; x_wconf 76' lang='grc' dir='ltr'>καὶτὰς</span> <span class='ocrx_word' id='word_1_512' title='bbox 3370 2491 3666 2566; x_wconf 74' lang='grc' dir='ltr'>τραπέζας</span> <span class='ocrx_word' id='word_1_513' title='bbox 3691 2492 3794 2545; x_wconf 76' lang='grc' dir='ltr'><strong>τῶν</strong></span> 
     </span>
    </p>
   </div>
   <div class='ocr_carea' id='block_1_74' title="bbox 2205 2585 3791 2659">
    <p class='ocr_par' dir='ltr' id='par_1_74' title="bbox 2205 2585 3791 2659">
     <span class='ocr_line' id='line_1_74' title="bbox 2205 2585 3791 2659; baseline -0.002 -19"><span class='ocrx_word' id='word_1_514' title='bbox 2205 2585 2565 2640; x_wconf 72' lang='grc' dir='ltr'>κολλυϐιστῶν</span> <span class='ocrx_word' id='word_1_515' title='bbox 2598 2586 3069 2659; x_wconf 74' lang='grc' dir='ltr'>καταϐεϐληκέτω,</span> <span class='ocrx_word' id='word_1_516' title='bbox 3103 2587 3197 2640; x_wconf 74' lang='grc' dir='ltr'>καὶ</span> <span class='ocrx_word' id='word_1_517' title='bbox 3240 2585 3340 2650; x_wconf 78' lang='grc' dir='ltr'>τὰς</span> <span class='ocrx_word' id='word_1_518' title='bbox 3370 2586 3654 2659; x_wconf 77' lang='grc' dir='ltr'>καθέδρας</span> <span class='ocrx_word' id='word_1_519' title='bbox 3685 2586 3791 2638; x_wconf 77' lang='grc' dir='ltr'><strong>τῶν</strong></span> 
     </span>
    </p>
   </div>
   <div class='ocr_carea' id='block_1_75' title="bbox 2204 2676 3791 2750">
    <p class='ocr_par' dir='ltr' id='par_1_75' title="bbox 2204 2676 3791 2750">
     <span class='ocr_line' id='line_1_75' title="bbox 2204 2676 3791 2750; baseline 0 -20"><span class='ocrx_word' id='word_1_520' title='bbox 2204 2676 2509 2731; x_wconf 85' lang='grc' dir='ltr'>πολούντων</span> <span class='ocrx_word' id='word_1_521' title='bbox 2534 2677 2634 2741; x_wconf 80' lang='grc' dir='ltr'><strong>τὰς</strong></span> <span class='ocrx_word' id='word_1_522' title='bbox 2676 2677 3023 2750; x_wconf 82' lang='grc' dir='ltr'>περιστερὰς,</span> <span class='ocrx_word' id='word_1_523' title='bbox 3059 2679 3153 2731; x_wconf 77' lang='grc' dir='ltr'>καὶ</span> <span class='ocrx_word' id='word_1_524' title='bbox 3190 2678 3458 2750; x_wconf 82' lang='grc' dir='ltr'>εἰρηκέτω</span> <span class='ocrx_word' id='word_1_525' title='bbox 3490 2678 3559 2732; x_wconf 83' lang='grc' dir='ltr'>τὰ</span> <span class='ocrx_word' id='word_1_526' title='bbox 3608 2677 3791 2732; x_wconf 74' lang='grc' dir='ltr'>ὲκκείο</span> 
     </span>
    </p>
   </div>
   <div class='ocr_carea' id='block_1_76' title="bbox 2208 2768 3793 2842">
    <p class='ocr_par' dir='ltr' id='par_1_76' title="bbox 2208 2768 3793 2842">
     <span class='ocr_line' id='line_1_76' title="bbox 2208 2768 3793 2842; baseline 0.001 -21"><span class='ocrx_word' id='word_1_527' title='bbox 2208 2785 2341 2840; x_wconf 88' lang='grc' dir='ltr'>μενα</span> <span class='ocrx_word' id='word_1_528' title='bbox 2364 2770 2442 2833; x_wconf 89' lang='grc' dir='ltr'><strong>εἰς</strong></span> <span class='ocrx_word' id='word_1_529' title='bbox 2465 2768 2798 2840; x_wconf 76' lang='grc' dir='ltr'>ἐπιστροφὴν</span> <span class='ocrx_word' id='word_1_530' title='bbox 2822 2769 2917 2822; x_wconf 87' lang='grc' dir='ltr'><strong>τοῦ</strong></span> <span class='ocrx_word' id='word_1_531' title='bbox 2939 2769 3059 2823; x_wconf 82' lang='grc' dir='ltr'>τότε</span> <span class='ocrx_word' id='word_1_532' title='bbox 3082 2769 3233 2834; x_wconf 86' lang='grc' dir='ltr'>λαοῦ,</span> <span class='ocrx_word' id='word_1_533' title='bbox 3262 2770 3384 2823; x_wconf 73' lang='grc' dir='ltr'>ἀντὶ</span> <span class='ocrx_word' id='word_1_534' title='bbox 3412 2770 3627 2842; x_wconf 74' lang='grc' dir='ltr'>σεμνῆς</span> <span class='ocrx_word' id='word_1_535' title='bbox 3657 2787 3793 2823; x_wconf 77' lang='grc' dir='ltr'>παν-</span> 
     </span>
    </p>
   </div>
   <div class='ocr_carea' id='block_1_77' title="bbox 2202 2852 3789 2932">
    <p class='ocr_par' dir='ltr' id='par_1_77' title="bbox 2202 2852 3789 2932">
     <span class='ocr_line' id='line_1_77' title="bbox 2202 2852 3789 2932; baseline 0.001 -19"><span class='ocrx_word' id='word_1_536' title='bbox 2202 2860 2455 2932; x_wconf 81' lang='grc' dir='ltr'>ηγύρεως</span> <span class='ocrx_word' id='word_1_537' title='bbox 2488 2860 2909 2932; x_wconf 73' lang='grc' dir='ltr'>ἐπιτελουμένης</span> <span class='ocrx_word' id='word_1_538' title='bbox 2953 2863 3010 2915; x_wconf 81' lang='grc' dir='ltr'>ὲν</span> <span class='ocrx_word' id='word_1_539' title='bbox 3056 2862 3280 2932; x_wconf 85' lang='grc' dir='ltr'>ὀνόματι</span> <span class='ocrx_word' id='word_1_540' title='bbox 3323 2861 3456 2915; x_wconf 85' lang='grc' dir='ltr'>Θεοῦ</span> <span class='ocrx_word' id='word_1_541' title='bbox 3492 2852 3789 2932; x_wconf 77' lang='grc' dir='ltr'>σχολαζόν-</span> 
     </span>
    </p>
   </div>
   <div class='ocr_carea' id='block_1_78' title="bbox 2204 2954 3789 3027">
    <p class='ocr_par' dir='ltr' id='par_1_78' title="bbox 2204 2954 3789 3027">
     <span class='ocr_line' id='line_1_78' title="bbox 2204 2954 3789 3027; baseline 0 -17"><span class='ocrx_word' id='word_1_542' title='bbox 2204 2973 2310 3010; x_wconf 88' lang='grc' dir='ltr'><strong>των</strong></span> <span class='ocrx_word' id='word_1_543' title='bbox 2348 2955 2426 3026; x_wconf 79' lang='grc' dir='ltr'>τῷ</span> <span class='ocrx_word' id='word_1_544' title='bbox 2450 2955 2646 3008; x_wconf 89' lang='grc' dir='ltr'>πωλεῖν</span> <span class='ocrx_word' id='word_1_545' title='bbox 2684 2954 2776 3009; x_wconf 81' lang='grc' dir='ltr'>καὶ</span> <span class='ocrx_word' id='word_1_546' title='bbox 2804 2955 3115 3026; x_wconf 80' lang='grc' dir='ltr'>ἀγοράζειν,</span> <span class='ocrx_word' id='word_1_547' title='bbox 3153 2956 3253 3009; x_wconf 81' lang='grc' dir='ltr'>οὐκ</span> <span class='ocrx_word' id='word_1_548' title='bbox 3277 2956 3334 3009; x_wconf 81' lang='grc' dir='ltr'>ὲν</span> <span class='ocrx_word' id='word_1_549' title='bbox 3362 2957 3429 3027; x_wconf 73' lang='grc' dir='ltr'>τῇ</span> <span class='ocrx_word' id='word_1_550' title='bbox 3465 2955 3789 3027; x_wconf 69' lang='grc' dir='ltr'>καθηκούσῃ</span> 
     </span>
    </p>
   </div>
   <div class='ocr_carea' id='block_1_79' title="bbox 2205 3042 3790 3121">
    <p class='ocr_par' dir='ltr' id='par_1_79' title="bbox 2205 3042 3790 3121">
     <span class='ocr_line' id='line_1_79' title="bbox 2205 3042 3790 3121; baseline 0.001 -22"><span class='ocrx_word' id='word_1_551' title='bbox 2205 3047 2359 3120; x_wconf 74' lang='grc' dir='ltr'>χώρᾳ</span> <span class='ocrx_word' id='word_1_552' title='bbox 2405 3047 2464 3100; x_wconf 87' lang='grc' dir='ltr'>ὲν</span> <span class='ocrx_word' id='word_1_553' title='bbox 2509 3042 2543 3121; x_wconf 75' lang='grc' dir='ltr'>ᾖ</span> <span class='ocrx_word' id='word_1_554' title='bbox 2582 3046 2688 3100; x_wconf 75' lang='grc' dir='ltr'>ἔδει</span> <span class='ocrx_word' id='word_1_555' title='bbox 2722 3047 2922 3101; x_wconf 75' lang='grc' dir='ltr'>πωλεῖν</span> <span class='ocrx_word' id='word_1_556' title='bbox 2967 3048 3059 3101; x_wconf 59' lang='grc' dir='ltr'><strong>καὶ⁸</strong></span> <span class='ocrx_word' id='word_1_557' title='bbox 3090 3046 3399 3120; x_wconf 77' lang='grc' dir='ltr'>ἀγοράζειν,</span> <span class='ocrx_word' id='word_1_558' title='bbox 3443 3047 3559 3102; x_wconf 78' lang='grc' dir='ltr'>ἀλλ’</span> <span class='ocrx_word' id='word_1_559' title='bbox 3598 3051 3666 3103; x_wconf 79' lang='grc' dir='ltr'>ὲν</span> <span class='ocrx_word' id='word_1_560' title='bbox 3712 3047 3790 3119; x_wconf 75' lang='grc' dir='ltr'><strong>τῷ</strong></span> 
     </span>
    </p>
   </div>
   <div class='ocr_carea' id='block_1_80' title="bbox 2206 3136 3788 3211">
    <p class='ocr_par' dir='ltr' id='par_1_80' title="bbox 2206 3136 3788 3211">
     <span class='ocr_line' id='line_1_80' title="bbox 2206 3136 3788 3211; baseline 0.002 -21"><span class='ocrx_word' id='word_1_561' title='bbox 2206 3137 2338 3209; x_wconf 81' lang='grc' dir='ltr'>ίερῷ</span> <span class='ocrx_word' id='word_1_562' title='bbox 2361 3154 2374 3168; x_wconf 87' lang='grc'><strong>·</strong></span> <span class='ocrx_word' id='word_1_563' title='bbox 2409 3136 2537 3191; x_wconf 75' lang='grc' dir='ltr'>ἔνθα</span> <span class='ocrx_word' id='word_1_564' title='bbox 2562 3138 2730 3210; x_wconf 79' lang='grc' dir='ltr'>ἐχρῆν</span> <span class='ocrx_word' id='word_1_565' title='bbox 2762 3138 2860 3208; x_wconf 85' lang='grc' dir='ltr'>μὲν</span> <span class='ocrx_word' id='word_1_566' title='bbox 2886 3138 3309 3210; x_wconf 82' lang='grc' dir='ltr'>συνερχομένους</span> <span class='ocrx_word' id='word_1_567' title='bbox 3336 3138 3594 3211; x_wconf 72' lang='grc' dir='ltr'>εὔχεσθαι</span> <span class='ocrx_word' id='word_1_568' title='bbox 3621 3140 3705 3203; x_wconf 84' lang='grc' dir='ltr'><strong>ὡς</strong></span> <span class='ocrx_word' id='word_1_569' title='bbox 3728 3141 3788 3193; x_wconf 75' lang='grc' dir='ltr'>ὲν</span> 
     </span>
    </p>
   </div>
   <div class='ocr_carea' id='block_1_81' title="bbox 2204 3230 3789 3304">
    <p class='ocr_par' dir='ltr' id='par_1_81' title="bbox 2204 3230 3789 3304">
     <span class='ocr_line' id='line_1_81' title="bbox 2204 3230 3789 3304; baseline 0.001 -21"><span class='ocrx_word' id='word_1_570' title='bbox 2204 3230 2338 3300; x_wconf 77' lang='grc' dir='ltr'>οἴκῳ</span> <span class='ocrx_word' id='word_1_571' title='bbox 2368 3232 2675 3303; x_wconf 77' lang='grc' dir='ltr'>προσευχῆς</span> <span class='ocrx_word' id='word_1_572' title='bbox 2698 3248 2711 3262; x_wconf 88' lang='grc'><strong>·</strong></span> <span class='ocrx_word' id='word_1_573' title='bbox 2753 3230 2970 3285; x_wconf 84' lang='grc' dir='ltr'>ὲποίουν</span> <span class='ocrx_word' id='word_1_574' title='bbox 3016 3231 3072 3285; x_wconf 81' lang='grc' dir='ltr'>δὲ</span> <span class='ocrx_word' id='word_1_575' title='bbox 3103 3231 3172 3289; x_wconf 80' lang='grc' dir='ltr'>τὰ</span> <span class='ocrx_word' id='word_1_576' title='bbox 3208 3231 3428 3286; x_wconf 84' lang='grc' dir='ltr'>ὲναντία</span> <span class='ocrx_word' id='word_1_577' title='bbox 3458 3234 3527 3304; x_wconf 76' lang='grc' dir='ltr'><strong>τῇ</strong></span> <span class='ocrx_word' id='word_1_578' title='bbox 3560 3231 3698 3304; x_wconf 76' lang='grc' dir='ltr'>εὐχῇ</span> <span class='ocrx_word' id='word_1_579' title='bbox 3732 3233 3789 3284; x_wconf 77' lang='grc' dir='ltr'>ἐν</span> 
     </span>
    </p>
   </div>
   <div class='ocr_carea' id='block_1_82' title="bbox 2205 3320 3786 3394">
    <p class='ocr_par' dir='ltr' id='par_1_82' title="bbox 2205 3320 3786 3394">
     <span class='ocr_line' id='line_1_82' title="bbox 2205 3320 3786 3394; baseline 0.001 -19"><span class='ocrx_word' id='word_1_580' title='bbox 2205 3321 2371 3392; x_wconf 79' lang='grc' dir='ltr'>αὐτῷ,</span> <span class='ocrx_word' id='word_1_581' title='bbox 2404 3322 2478 3387; x_wconf 87' lang='grc' dir='ltr'>ὡς</span> <span class='ocrx_word' id='word_1_582' title='bbox 2507 3324 2565 3376; x_wconf 78' lang='grc' dir='ltr'>ὲν</span> <span class='ocrx_word' id='word_1_583' title='bbox 2610 3321 2743 3394; x_wconf 80' lang='grc' dir='ltr'>οἴκῳ</span> <span class='ocrx_word' id='word_1_584' title='bbox 2781 3320 3069 3394; x_wconf 75' lang='grc' dir='ltr'>ἐμπορικῷ</span> <span class='ocrx_word' id='word_1_585' title='bbox 3099 3320 3403 3387; x_wconf 86' lang='grc' dir='ltr'>πωλοῦντες</span> <span class='ocrx_word' id='word_1_586' title='bbox 3446 3322 3545 3376; x_wconf 74' lang='grc' dir='ltr'>καὶ</span> <span class='ocrx_word' id='word_1_587' title='bbox 3580 3322 3786 3394; x_wconf 73' lang='grc' dir='ltr'><strong>ἁγοράο</strong></span> 
     </span>
    </p>
   </div>
   <div class='ocr_carea' id='block_1_83' title="bbox 2206 3414 3785 3488">
    <p class='ocr_par' dir='ltr' id='par_1_83' title="bbox 2206 3414 3785 3488">
     <span class='ocr_line' id='line_1_83' title="bbox 2206 3414 3785 3488; baseline 0.002 -20"><span class='ocrx_word' id='word_1_588' title='bbox 2206 3414 2411 3480; x_wconf 84' lang='grc' dir='ltr'>ζοντες,</span> <span class='ocrx_word' id='word_1_589' title='bbox 2436 3417 2531 3470; x_wconf 74' lang='grc' dir='ltr'>καὶ</span> <span class='ocrx_word' id='word_1_590' title='bbox 2557 3415 2795 3488; x_wconf 85' lang='grc' dir='ltr'>ἀργύρια</span> <span class='ocrx_word' id='word_1_591' title='bbox 2817 3415 3241 3481; x_wconf 79' lang='grc' dir='ltr'>κολλυσίζοντες,</span> <span class='ocrx_word' id='word_1_592' title='bbox 3267 3416 3362 3470; x_wconf 74' lang='grc' dir='ltr'>καὶ</span> <span class='ocrx_word' id='word_1_593' title='bbox 3390 3416 3486 3470; x_wconf 70' lang='grc' dir='ltr'><strong>ἐπὶ</strong></span> <span class='ocrx_word' id='word_1_594' title='bbox 3509 3416 3785 3487; x_wconf 82' lang='grc' dir='ltr'>καθεδρῶν</span> 
     </span>
    </p>
   </div>
   <div class='ocr_carea' id='block_1_84' title="bbox 2205 3506 3780 3580">
    <p class='ocr_par' dir='ltr' id='par_1_84' title="bbox 2205 3506 3780 3580">
     <span class='ocr_line' id='line_1_84' title="bbox 2205 3506 3780 3580; baseline 0.001 -19"><span class='ocrx_word' id='word_1_595' title='bbox 2205 3506 2579 3579; x_wconf 76' lang='grc' dir='ltr'>καθεζόμενοι,</span> <span class='ocrx_word' id='word_1_596' title='bbox 2612 3508 2702 3562; x_wconf 75' lang='grc' dir='ltr'><strong>ἵνα</strong></span> <span class='ocrx_word' id='word_1_597' title='bbox 2732 3507 2953 3561; x_wconf 86' lang='grc' dir='ltr'>πωλῶσι</span> <span class='ocrx_word' id='word_1_598' title='bbox 2992 3509 3337 3580; x_wconf 83' lang='grc' dir='ltr'>περιστεράς.</span> <span class='ocrx_word' id='word_1_599' title='bbox 3364 3509 3477 3562; x_wconf 74' lang='grc' dir='ltr'><strong>Καὶ</strong></span> <span class='ocrx_word' id='word_1_600' title='bbox 3516 3509 3581 3562; x_wconf 80' lang='grc' dir='ltr'><strong>τὸ</strong></span> <span class='ocrx_word' id='word_1_601' title='bbox 3611 3508 3780 3579; x_wconf 78' lang='grc' dir='ltr'>ἄσεμ-</span> 
     </span>
    </p>
   </div>
   <div class='ocr_carea' id='block_1_85' title="bbox 2206 3599 3779 3675">
    <p class='ocr_par' dir='ltr' id='par_1_85' title="bbox 2206 3599 3779 3675">
     <span class='ocr_line' id='line_1_85' title="bbox 2206 3599 3779 3675; baseline 0.001 -22"><span class='ocrx_word' id='word_1_602' title='bbox 2206 3616 2296 3653; x_wconf 90' lang='grc' dir='ltr'><strong>νον</strong></span> <span class='ocrx_word' id='word_1_603' title='bbox 2338 3599 2447 3653; x_wconf 90' lang='grc' dir='ltr'><strong>τῶν</strong></span> <span class='ocrx_word' id='word_1_604' title='bbox 2489 3600 2787 3675; x_wconf 78' lang='grc' dir='ltr'>γινομένων</span> <span class='ocrx_word' id='word_1_605' title='bbox 2822 3600 2972 3673; x_wconf 77' lang='grc' dir='ltr'>παρὰ</span> <span class='ocrx_word' id='word_1_606' title='bbox 3017 3600 3294 3665; x_wconf 83' lang='grc' dir='ltr'>Ἰουδαίοις</span> <span class='ocrx_word' id='word_1_607' title='bbox 3342 3603 3465 3657; x_wconf 81' lang='grc' dir='ltr'>τότε</span> <span class='ocrx_word' id='word_1_608' title='bbox 3505 3603 3536 3654; x_wconf 84' lang='grc' dir='ltr'><strong>ὁ</strong></span> <span class='ocrx_word' id='word_1_609' title='bbox 3579 3602 3779 3671; x_wconf 77' lang='grc' dir='ltr'>Ἰησοῦς</span> 
     </span>
    </p>
   </div>
   <div class='ocr_carea' id='block_1_86' title="bbox 2208 3691 3779 3765">
    <p class='ocr_par' dir='ltr' id='par_1_86' title="bbox 2208 3691 3779 3765">
     <span class='ocr_line' id='line_1_86' title="bbox 2208 3691 3779 3765; baseline 0 -20"><span class='ocrx_word' id='word_1_610' title='bbox 2208 3692 2364 3763; x_wconf 82' lang='grc' dir='ltr'>ἡμῶν</span> <span class='ocrx_word' id='word_1_611' title='bbox 2392 3691 3035 3765; x_wconf 42' lang='grc' dir='ltr'>καθῃρηκέτωκὲλέγξας</span> <span class='ocrx_word' id='word_1_612' title='bbox 3065 3694 3209 3758; x_wconf 80' lang='grc' dir='ltr'>τοὺς,</span> <span class='ocrx_word' id='word_1_613' title='bbox 3244 3692 3365 3746; x_wconf 80' lang='grc' dir='ltr'>ἀντὶ</span> <span class='ocrx_word' id='word_1_614' title='bbox 3397 3692 3493 3747; x_wconf 84' lang='grc' dir='ltr'><strong>τοῦ</strong></span> <span class='ocrx_word' id='word_1_615' title='bbox 3526 3693 3664 3748; x_wconf 80' lang='grc' dir='ltr'>κατὰ</span> <span class='ocrx_word' id='word_1_616' title='bbox 3690 3694 3779 3746; x_wconf 61' lang='grc' dir='ltr'>τὸν</span> 
     </span>
    </p>
   </div>
   <div class='ocr_carea' id='block_1_87' title="bbox 2207 3785 3777 3859">
    <p class='ocr_par' dir='ltr' id='par_1_87' title="bbox 2207 3785 3777 3859">
     <span class='ocr_line' id='line_1_87' title="bbox 2207 3785 3777 3859; baseline 0.001 -21"><span class='ocrx_word' id='word_1_617' title='bbox 2207 3785 2369 3856; x_wconf 88' lang='grc' dir='ltr'>νόμον</span> <span class='ocrx_word' id='word_1_618' title='bbox 2412 3785 2708 3856; x_wconf 80' lang='grc' dir='ltr'>ἑορτάζειν,</span> <span class='ocrx_word' id='word_1_619' title='bbox 2762 3786 3252 3858; x_wconf 77' lang='grc' dir='ltr'>ἐμπορευομένους,</span> <span class='ocrx_word' id='word_1_620' title='bbox 3304 3786 3401 3841; x_wconf 76' lang='grc' dir='ltr'>καὶ</span> <span class='ocrx_word' id='word_1_621' title='bbox 3452 3786 3777 3859; x_wconf 73' lang='grc' dir='ltr'>σωματικῶς</span> 
     </span>
    </p>
   </div>
   <div class='ocr_carea' id='block_1_88' title="bbox 2206 3876 2546 3948">
    <p class='ocr_par' dir='ltr' id='par_1_88' title="bbox 2206 3876 2546 3948">
     <span class='ocr_line' id='line_1_88' title="bbox 2206 3876 2546 3948; baseline 0.003 -19"><span class='ocrx_word' id='word_1_622' title='bbox 2206 3876 2546 3948; x_wconf 79' lang='grc' dir='ltr'>τρυφῶντας.</span> 
     </span>
    </p>
   </div>
   <div class='ocr_carea' id='block_1_89' title="bbox 2278 4059 3774 4134">
    <p class='ocr_par' dir='ltr' id='par_1_89' title="bbox 2278 4059 3774 4134">
     <span class='ocr_line' id='line_1_89' title="bbox 2278 4059 3774 4134; baseline 0.002 -19"><span class='ocrx_word' id='word_1_623' title='bbox 2278 4060 2389 4115; x_wconf 74' lang='grc' dir='ltr'><strong>Καὶ</strong></span> <span class='ocrx_word' id='word_1_624' title='bbox 2417 4059 2509 4115; x_wconf 87' lang='grc' dir='ltr'><strong>νῦν</strong></span> <span class='ocrx_word' id='word_1_625' title='bbox 2540 4061 2596 4114; x_wconf 85' lang='grc' dir='ltr'>δὲ</span> <span class='ocrx_word' id='word_1_626' title='bbox 2625 4060 2830 4133; x_wconf 81' lang='grc' dir='ltr'>νομίζω</span> <span class='ocrx_word' id='word_1_627' title='bbox 2866 4061 3009 4134; x_wconf 80' lang='grc' dir='ltr'>ἰερδν</span> <span class='ocrx_word' id='word_1_628' title='bbox 3044 4065 3109 4117; x_wconf 81' lang='grc' dir='ltr'>ὲκ</span> <span class='ocrx_word' id='word_1_629' title='bbox 3135 4061 3296 4117; x_wconf 86' lang='grc' dir='ltr'>λίθων</span> <span class='ocrx_word' id='word_1_630' title='bbox 3337 4062 3555 4129; x_wconf 83' lang='grc' dir='ltr'>ζώντων</span> <span class='ocrx_word' id='word_1_631' title='bbox 3579 4063 3774 4118; x_wconf 83' lang='grc' dir='ltr'>οἰκοδο-</span> 
     </span>
    </p>
   </div>
   <div class='ocr_carea' id='block_1_90' title="bbox 2210 4149 3771 4227">
    <p class='ocr_par' dir='ltr' id='par_1_90' title="bbox 2210 4149 3771 4227">
     <span class='ocr_line' id='line_1_90' title="bbox 2210 4149 3771 4227; baseline 0.002 -22"><span class='ocrx_word' id='word_1_632' title='bbox 2210 4152 2379 4224; x_wconf 82' lang='grc' dir='ltr'>μηθὲν</span> <span class='ocrx_word' id='word_1_633' title='bbox 2404 4149 2543 4208; x_wconf 78' lang='grc' dir='ltr'>εἷναι</span> <span class='ocrx_word' id='word_1_634' title='bbox 2567 4153 2665 4225; x_wconf 78' lang='grc' dir='ltr'>τὴν</span> <span class='ocrx_word' id='word_1_635' title='bbox 2700 4153 3047 4225; x_wconf 87' lang='grc' dir='ltr'>Ἐκκλησίαν,</span> <span class='ocrx_word' id='word_1_636' title='bbox 3074 4155 3169 4210; x_wconf 68' lang='grc' dir='ltr'><strong>καί⁵</strong></span> <span class='ocrx_word' id='word_1_637' title='bbox 3196 4151 3335 4210; x_wconf 80' lang='grc' dir='ltr'>εἶναι</span> <span class='ocrx_word' id='word_1_638' title='bbox 3363 4157 3422 4210; x_wconf 79' lang='grc' dir='ltr'>ὲν</span> <span class='ocrx_word' id='word_1_639' title='bbox 3454 4156 3587 4227; x_wconf 75' lang='grc' dir='ltr'>αὐτῇ</span> <span class='ocrx_word' id='word_1_640' title='bbox 3628 4172 3771 4219; x_wconf 77' lang='grc' dir='ltr'>τινας</span> 
     </span>
    </p>
   </div>
   <div class='ocr_carea' id='block_1_91' title="bbox 2204 4245 3769 4318">
    <p class='ocr_par' dir='ltr' id='par_1_91' title="bbox 2204 4245 3769 4318">
     <span class='ocr_line' id='line_1_91' title="bbox 2204 4245 3769 4318; baseline -0.001 -18"><span class='ocrx_word' id='word_1_641' title='bbox 2204 4247 2302 4318; x_wconf 83' lang='grc' dir='ltr'>οὐχ</span> <span class='ocrx_word' id='word_1_642' title='bbox 2328 4247 2403 4310; x_wconf 84' lang='grc' dir='ltr'>ὡς</span> <span class='ocrx_word' id='word_1_643' title='bbox 2435 4247 2493 4299; x_wconf 82' lang='grc' dir='ltr'>ὲν</span> <span class='ocrx_word' id='word_1_644' title='bbox 2534 4245 2829 4318; x_wconf 76' lang='grc' dir='ltr'>Ἐκκλησία</span> <span class='ocrx_word' id='word_1_645' title='bbox 2863 4246 3090 4312; x_wconf 86' lang='grc' dir='ltr'>ζῶντας,</span> <span class='ocrx_word' id='word_1_646' title='bbox 3120 4246 3235 4301; x_wconf 84' lang='grc' dir='ltr'>ἀλλ’</span> <span class='ocrx_word' id='word_1_647' title='bbox 3266 4246 3343 4311; x_wconf 81' lang='grc' dir='ltr'><strong>ὡς</strong></span> <span class='ocrx_word' id='word_1_648' title='bbox 3376 4265 3397 4299; x_wconf 80' lang='grc' dir='ltr'><strong>ι</strong></span> <span class='ocrx_word' id='word_1_649' title='bbox 3435 4247 3573 4301; x_wconf 78' lang='grc' dir='ltr'>κατὰ</span> <span class='ocrx_word' id='word_1_650' title='bbox 3601 4247 3769 4318; x_wconf 79' lang='grc' dir='ltr'>σάρκα</span> 
     </span>
    </p>
   </div>
   <div class='ocr_carea' id='block_1_92' title="bbox 2206 4337 3766 4411">
    <p class='ocr_par' dir='ltr' id='par_1_92' title="bbox 2206 4337 3766 4411">
     <span class='ocr_line' id='line_1_92' title="bbox 2206 4337 3766 4411; baseline -0.001 -19"><span class='ocrx_word' id='word_1_651' title='bbox 2206 4338 2683 4410; x_wconf 85' lang='grc' dir='ltr'>στρατευομένους,</span> <span class='ocrx_word' id='word_1_652' title='bbox 2709 4357 2726 4391; x_wconf 77' lang='grc' dir='ltr'><strong>ι</strong></span> <span class='ocrx_word' id='word_1_653' title='bbox 2756 4338 2949 4403; x_wconf 74' lang='grc' dir='ltr'>οἵτινες</span> <span class='ocrx_word' id='word_1_654' title='bbox 2982 4339 3077 4393; x_wconf 79' lang='grc' dir='ltr'><strong>καὶ</strong></span> <span class='ocrx_word' id='word_1_655' title='bbox 3106 4337 3318 4393; x_wconf 87' lang='grc' dir='ltr'>ποιοῦσι</span> <span class='ocrx_word' id='word_1_656' title='bbox 3344 4339 3437 4393; x_wconf 75' lang='grc' dir='ltr'>τὸν</span> <span class='ocrx_word' id='word_1_657' title='bbox 3480 4341 3574 4411; x_wconf 78' lang='grc' dir='ltr'>τῆς</span> <span class='ocrx_word' id='word_1_658' title='bbox 3604 4356 3766 4410; x_wconf 73' lang='grc' dir='ltr'>προσο</span> 
     </span>
    </p>
   </div>
   <div class='ocr_carea' id='block_1_93' title="bbox 2204 4427 3766 4505">
    <p class='ocr_par' dir='ltr' id='par_1_93' title="bbox 2204 4427 3766 4505">
     <span class='ocr_line' id='line_1_93' title="bbox 2204 4427 3766 4505; baseline 0.001 -21"><span class='ocrx_word' id='word_1_659' title='bbox 2204 4432 2368 4503; x_wconf 84' lang='grc' dir='ltr'>ευχῆς</span> <span class='ocrx_word' id='word_1_660' title='bbox 2404 4433 2467 4485; x_wconf 86' lang='grc' dir='ltr'>ὲκ</span> <span class='ocrx_word' id='word_1_661' title='bbox 2496 4429 2711 4497; x_wconf 87' lang='grc' dir='ltr'>ζώντων</span> <span class='ocrx_word' id='word_1_662' title='bbox 2752 4430 2915 4485; x_wconf 88' lang='grc' dir='ltr'>λίθων</span> <span class='ocrx_word' id='word_1_663' title='bbox 2946 4427 3092 4485; x_wconf 83' lang='grc' dir='ltr'>οἷκον</span> <span class='ocrx_word' id='word_1_664' title='bbox 3120 4431 3335 4505; x_wconf 83' lang='grc' dir='ltr'>λῃστῶν</span> <span class='ocrx_word' id='word_1_665' title='bbox 3363 4432 3453 4486; x_wconf 83' lang='grc' dir='ltr'><strong>διὰ</strong></span> <span class='ocrx_word' id='word_1_666' title='bbox 3482 4432 3576 4504; x_wconf 78' lang='grc' dir='ltr'>τὴν</span> <span class='ocrx_word' id='word_1_667' title='bbox 3597 4429 3766 4485; x_wconf 73' lang='grc' dir='ltr'>αὐτῶν</span> 
     </span>
    </p>
   </div>
   <div class='ocr_carea' id='block_1_94' title="bbox 2207 4519 3766 4594">
    <p class='ocr_par' dir='ltr' id='par_1_94' title="bbox 2207 4519 3766 4594">
     <span class='ocr_line' id='line_1_94' title="bbox 2207 4519 3766 4594; baseline -0.003 -18"><span class='ocrx_word' id='word_1_668' title='bbox 2207 4521 2402 4576; x_wconf 89' lang='grc' dir='ltr'>κακίαν</span> <span class='ocrx_word' id='word_1_669' title='bbox 2436 4519 2696 4592; x_wconf 87' lang='grc' dir='ltr'>σπήλαιον</span> <span class='ocrx_word' id='word_1_670' title='bbox 2720 4536 2734 4551; x_wconf 72' lang='grc' dir='ltr'><strong>ο</strong></span> <span class='ocrx_word' id='word_1_671' title='bbox 2772 4519 2855 4584; x_wconf 89' lang='grc' dir='ltr'><strong>τίς</strong></span> <span class='ocrx_word' id='word_1_672' title='bbox 2906 4521 3033 4593; x_wconf 79' lang='grc' dir='ltr'>γὰρ,</span> <span class='ocrx_word' id='word_1_673' title='bbox 3077 4522 3417 4594; x_wconf 77' lang='grc' dir='ltr'>κατανοήσας</span> <span class='ocrx_word' id='word_1_674' title='bbox 3454 4521 3521 4575; x_wconf 81' lang='grc' dir='ltr'>τὰ</span> <span class='ocrx_word' id='word_1_675' title='bbox 3549 4520 3603 4575; x_wconf 70' lang='grc' dir='ltr'>ἓν</span> <span class='ocrx_word' id='word_1_676' title='bbox 3633 4535 3766 4572; x_wconf 82' lang='grc' dir='ltr'>τισιν</span> 
     </span>
    </p>
   </div>
   <div class='ocr_carea' id='block_1_95' title="bbox 2219 4611 3765 4685">
    <p class='ocr_par' dir='ltr' id='par_1_95' title="bbox 2219 4611 3765 4685">
     <span class='ocr_line' id='line_1_95' title="bbox 2219 4611 3765 4685; baseline -0.003 -17"><span class='ocrx_word' id='word_1_677' title='bbox 2219 4611 2568 4684; x_wconf 86' lang='grc' dir='ltr'>Ἐκκλησίαις</span> <span class='ocrx_word' id='word_1_678' title='bbox 2595 4612 3017 4683; x_wconf 83' lang='grc' dir='ltr'>ἁμαρτανόμενα</span> <span class='ocrx_word' id='word_1_679' title='bbox 3042 4611 3146 4666; x_wconf 79' lang='grc' dir='ltr'><strong>ὑπὸ</strong></span> <span class='ocrx_word' id='word_1_680' title='bbox 3164 4612 3274 4667; x_wconf 87' lang='grc' dir='ltr'><strong>τῶν</strong></span> <span class='ocrx_word' id='word_1_681' title='bbox 3295 4612 3654 4685; x_wconf 76' lang='grc' dir='ltr'>νομιζομένων</span> <span class='ocrx_word' id='word_1_682' title='bbox 3670 4626 3765 4663; x_wconf 80' lang='grc' dir='ltr'>πο-</span> 
     </span>
    </p>
   </div>
   <div class='ocr_carea' id='block_1_96' title="bbox 2159 4700 3760 4776">
    <p class='ocr_par' dir='ltr' id='par_1_96' title="bbox 2159 4700 3760 4776">
     <span class='ocr_line' id='line_1_96' title="bbox 2159 4700 3760 4776; baseline -0.001 -19"><span class='ocrx_word' id='word_1_683' title='bbox 2159 4741 2164 4746; x_wconf 65' lang='grc'>.</span> <span class='ocrx_word' id='word_1_684' title='bbox 2210 4704 2400 4775; x_wconf 81' lang='grc' dir='ltr'>ρισμὸν</span> <span class='ocrx_word' id='word_1_685' title='bbox 2425 4700 2564 4758; x_wconf 79' lang='grc' dir='ltr'>εἶναι</span> <span class='ocrx_word' id='word_1_686' title='bbox 2600 4702 2700 4776; x_wconf 82' lang='grc' dir='ltr'>τὴν</span> <span class='ocrx_word' id='word_1_687' title='bbox 2737 4701 2939 4776; x_wconf 77' lang='grc' dir='ltr'>ἑτέρων</span> <span class='ocrx_word' id='word_1_688' title='bbox 2965 4702 3269 4771; x_wconf 80' lang='grc' dir='ltr'>εὐσέϐειαν,</span> <span class='ocrx_word' id='word_1_689' title='bbox 3306 4704 3403 4760; x_wconf 76' lang='grc' dir='ltr'><strong>καὶ</strong></span> <span class='ocrx_word' id='word_1_690' title='bbox 3428 4705 3545 4759; x_wconf 84' lang='grc' dir='ltr'>δέον</span> <span class='ocrx_word' id='word_1_691' title='bbox 3580 4706 3641 4757; x_wconf 82' lang='grc' dir='ltr'>ὲκ</span> <span class='ocrx_word' id='word_1_692' title='bbox 3671 4701 3760 4755; x_wconf 82' lang='grc' dir='ltr'><strong>τοῦ</strong></span> 
     </span>
    </p>
   </div>
   <div class='ocr_carea' id='block_1_97' title="bbox 1725 4837 2591 4897">
    <p class='ocr_par' dir='ltr' id='par_1_97' title="bbox 1725 4837 2591 4897">
     <span class='ocr_line' id='line_1_97' title="bbox 1725 4837 2591 4897; baseline -0.002 -2"><span class='ocrx_word' id='word_1_693' title='bbox 1725 4839 1955 4897; x_wconf 82' lang='lat' dir='ltr'><strong>VETUS</strong></span> <span class='ocrx_word' id='word_1_694' title='bbox 2002 4837 2591 4897; x_wconf 70' lang='lat' dir='ltr'><strong>INTERPRETATIO.</strong></span> 
     </span>
    </p>
   </div>
   <div class='ocr_carea' id='block_1_98' title="bbox 533 4950 3755 5028">
    <p class='ocr_par' dir='ltr' id='par_1_98' title="bbox 533 4950 3755 5028">
     <span class='ocr_line' id='line_1_98' title="bbox 533 4950 3755 5028; baseline 0.002 -21"><span class='ocrx_word' id='word_1_695' title='bbox 533 4950 916 5028; x_wconf 25' lang='lat' dir='ltr'><strong>a‘Salomone,</strong></span> <span class='ocrx_word' id='word_1_696' title='bbox 935 4954 1130 5028; x_wconf 89' lang='lat' dir='ltr'><strong>deinde</strong></span> <span class='ocrx_word' id='word_1_697' title='bbox 1160 4966 1469 5026; x_wconf 89' lang='lat' dir='ltr'><strong>reparatum</strong></span> <span class='ocrx_word' id='word_1_698' title='bbox 1501 4956 1571 5012; x_wconf 88' lang='lat' dir='ltr'><strong>ab</strong></span> <span class='ocrx_word' id='word_1_699' title='bbox 1596 4956 1801 5028; x_wconf 83' lang='lat' dir='ltr'><strong>Esdra,</strong></span> <span class='ocrx_word' id='word_1_700' title='bbox 1827 4966 2015 5028; x_wconf 88' lang='lat' dir='ltr'><strong>postea</strong></span> <span class='ocrx_word' id='word_1_701' title='bbox 2043 4972 2172 5013; x_wconf 89' lang='lat' dir='ltr'><strong>vero</strong></span> <span class='ocrx_word' id='word_1_702' title='bbox 2199 4966 2320 5028; x_wconf 84' lang='lat' dir='ltr'><strong>post</strong></span> <span class='ocrx_word' id='word_1_703' title='bbox 2354 4958 2558 5015; x_wconf 90' lang='lat' dir='ltr'><strong>Christi</strong></span> <span class='ocrx_word' id='word_1_704' title='bbox 2595 4961 2886 5016; x_wconf 86' lang='lat' dir='ltr'><strong>adventum</strong></span> <span class='ocrx_word' id='word_1_705' title='bbox 2915 4976 2945 5015; x_wconf 90' lang='lat' dir='ltr'><strong>a</strong></span> <span class='ocrx_word' id='word_1_706' title='bbox 2990 4961 3257 5015; x_wconf 78' lang='lat' dir='ltr'><strong>Romanis</strong></span> <span class='ocrx_word' id='word_1_707' title='bbox 3297 4961 3621 5016; x_wconf 88' lang='lat' dir='ltr'><strong>destructum</strong></span> <span class='ocrx_word' id='word_1_708' title='bbox 3659 4976 3673 5011; x_wconf 92' lang='lat'><strong>:</strong></span> <span class='ocrx_word' id='word_1_709' title='bbox 3702 4965 3755 5013; x_wconf 80' lang='lat' dir='ltr'><strong>et</strong></span> 
     </span>
    </p>
   </div>
   <div class='ocr_carea' id='block_1_99' title="bbox 530 5024 3753 5101">
    <p class='ocr_par' dir='ltr' id='par_1_99' title="bbox 530 5024 3753 5101">
     <span class='ocr_line' id='line_1_99' title="bbox 530 5024 3753 5101; baseline 0.002 -24"><span class='ocrx_word' id='word_1_710' title='bbox 530 5024 623 5080; x_wconf 85' lang='lat' dir='ltr'><strong>illa</strong></span> <span class='ocrx_word' id='word_1_711' title='bbox 651 5026 1066 5101; x_wconf 75' lang='lat' dir='ltr'><strong>existimabatur</strong></span> <span class='ocrx_word' id='word_1_712' title='bbox 1088 5024 1283 5082; x_wconf 80' lang='lat' dir='ltr'><strong>domus</strong></span> <span class='ocrx_word' id='word_1_713' title='bbox 1305 5043 1432 5101; x_wconf 82' lang='lat' dir='ltr'><strong>esse</strong></span> <span class='ocrx_word' id='word_1_714' title='bbox 1457 5028 1745 5101; x_wconf 84' lang='lat' dir='ltr'><strong>orationis.</strong></span> <span class='ocrx_word' id='word_1_715' title='bbox 1776 5024 1894 5101; x_wconf 79' lang='lat' dir='ltr'><strong>Qua</strong></span> <span class='ocrx_word' id='word_1_716' title='bbox 1921 5024 2218 5101; x_wconf 62' lang='lat' dir='ltr'><strong>destructa,</strong></span> <span class='ocrx_word' id='word_1_717' title='bbox 2254 5042 2476 5101; x_wconf 66' lang='lat' dir='ltr'><strong>necesse</strong></span> <span class='ocrx_word' id='word_1_718' title='bbox 2501 5040 2587 5086; x_wconf 84' lang='lat' dir='ltr'><strong>est</strong></span> <span class='ocrx_word' id='word_1_719' title='bbox 2616 5039 2675 5084; x_wconf 91' lang='lat' dir='ltr'><strong>ut</strong></span> <span class='ocrx_word' id='word_1_720' title='bbox 2703 5028 2875 5084; x_wconf 63' lang='lat' dir='ltr'><strong>Judaei</strong></span> <span class='ocrx_word' id='word_1_721' title='bbox 2904 5032 3062 5101; x_wconf 88' lang='lat' dir='ltr'><strong>quasi</strong></span> <span class='ocrx_word' id='word_1_722' title='bbox 3098 5046 3206 5085; x_wconf 92' lang='lat' dir='ltr'><strong>non</strong></span> <span class='ocrx_word' id='word_1_723' title='bbox 3231 5029 3347 5100; x_wconf 87' lang='lat' dir='ltr'><strong>jam</strong></span> <span class='ocrx_word' id='word_1_724' title='bbox 3371 5029 3622 5101; x_wconf 70' lang='lat' dir='ltr'><strong>habentes</strong></span> <span class='ocrx_word' id='word_1_725' title='bbox 3660 5028 3753 5101; x_wconf 75' lang='lat' dir='ltr'><strong>do-</strong></span> 
     </span>
    </p>
   </div>
   <div class='ocr_carea' id='block_1_100' title="bbox 530 5097 3750 5170">
    <p class='ocr_par' dir='ltr' id='par_1_100' title="bbox 530 5097 3750 5170">
     <span class='ocr_line' id='line_1_100' title="bbox 530 5097 3750 5170; baseline 0.001 -23"><span class='ocrx_word' id='word_1_726' title='bbox 530 5110 681 5170; x_wconf 67' lang='lat' dir='ltr'><strong>mum</strong></span> <span class='ocrx_word' id='word_1_727' title='bbox 714 5097 999 5170; x_wconf 69' lang='lat' dir='ltr'><strong>orationis,</strong></span> <span class='ocrx_word' id='word_1_728' title='bbox 1023 5098 1134 5167; x_wconf 89' lang='lat' dir='ltr'><strong>jam</strong></span> <span class='ocrx_word' id='word_1_729' title='bbox 1159 5098 1905 5170; x_wconf 73' lang='lat' dir='ltr'><strong>_nor_i_babeantprivilegium</strong></span> <span class='ocrx_word' id='word_1_730' title='bbox 1931 5099 2317 5170; x_wconf 83' lang='lat' dir='ltr'><strong>speculationis</strong></span> <span class='ocrx_word' id='word_1_731' title='bbox 2348 5098 2462 5166; x_wconf 85' lang='lat' dir='ltr'><strong>Dei,</strong></span> <span class='ocrx_word' id='word_1_732' title='bbox 2493 5116 2593 5155; x_wconf 89' lang='lat' dir='ltr'><strong>nec</strong></span> <span class='ocrx_word' id='word_1_733' title='bbox 2620 5100 2834 5170; x_wconf 87' lang='lat' dir='ltr'><strong>possint</strong></span> <span class='ocrx_word' id='word_1_734' title='bbox 2867 5097 3167 5156; x_wconf 76' lang='lat' dir='ltr'><strong>secundum</strong></span> <span class='ocrx_word' id='word_1_735' title='bbox 3201 5097 3373 5170; x_wconf 76' lang='lat' dir='ltr'><strong>legem</strong></span> <span class='ocrx_word' id='word_1_736' title='bbox 3392 5098 3518 5170; x_wconf 89' lang='lat' dir='ltr'><strong>Deo</strong></span> <span class='ocrx_word' id='word_1_737' title='bbox 3547 5097 3750 5170; x_wconf 71' lang='lat' dir='ltr'><strong>servire.</strong></span> 
     </span>
    </p>
   </div>
   <div class='ocr_carea' id='block_1_101' title="bbox 530 5162 3745 5241">
    <p class='ocr_par' dir='ltr' id='par_1_101' title="bbox 530 5162 3745 5241">
     <span class='ocr_line' id='line_1_101' title="bbox 530 5162 3745 5241; baseline 0.001 -23"><span class='ocrx_word' id='word_1_738' title='bbox 530 5162 644 5219; x_wconf 85' lang='lat' dir='ltr'><strong>Hoc</strong></span> <span class='ocrx_word' id='word_1_739' title='bbox 660 5181 797 5241; x_wconf 77' lang='lat' dir='ltr'><strong>ergo</strong></span> <span class='ocrx_word' id='word_1_740' title='bbox 824 5164 990 5241; x_wconf 82' lang='lat' dir='ltr'><strong>facto,</strong></span> <span class='ocrx_word' id='word_1_741' title='bbox 1023 5162 1207 5241; x_wconf 74' lang='lat' dir='ltr'><strong>omnia</strong></span> <span class='ocrx_word' id='word_1_742' title='bbox 1236 5165 1489 5241; x_wconf 82' lang='lat' dir='ltr'><strong>Christus</strong></span> <span class='ocrx_word' id='word_1_743' title='bbox 1516 5162 1676 5241; x_wconf 72' lang='lat' dir='ltr'><strong>ejecit</strong></span> <span class='ocrx_word' id='word_1_744' title='bbox 1701 5162 2038 5241; x_wconf 57' lang='lat' dir='ltr'><strong>in&#39;mysterio</strong></span> <span class='ocrx_word' id='word_1_745' title='bbox 2062 5162 2683 5241; x_wconf 36' lang='lat' dir='ltr'><strong>spiritualium’actuu&#39;m</strong></span> <span class='ocrx_word' id='word_1_746' title='bbox 2720 5184 2947 5225; x_wconf 89' lang='lat' dir='ltr'><strong>suorum</strong></span> <span class='ocrx_word' id='word_1_747' title='bbox 2978 5189 2993 5225; x_wconf 89' lang='lat'><strong>:</strong></span> <span class='ocrx_word' id='word_1_748' title='bbox 3043 5178 3098 5226; x_wconf 89' lang='lat' dir='ltr'><strong>et</strong></span> <span class='ocrx_word' id='word_1_749' title='bbox 3146 5162 3283 5224; x_wconf 69' lang='lat' dir='ltr'><strong>tunc</strong></span> <span class='ocrx_word' id='word_1_750' title='bbox 3299 5167 3429 5241; x_wconf 78' lang='lat' dir='ltr'><strong>fecit</strong></span> <span class='ocrx_word' id='word_1_751' title='bbox 3467 5168 3745 5232; x_wconf 82' lang='lat' dir='ltr'><strong>visibiliter,</strong></span> 
     </span>
    </p>
   </div>
   <div class='ocr_carea' id='block_1_102' title="bbox 531 5235 3750 5309">
    <p class='ocr_par' dir='ltr' id='par_1_102' title="bbox 531 5235 3750 5309">
     <span class='ocr_line' id='line_1_102' title="bbox 531 5235 3750 5309; baseline 0.001 -21"><span class='ocrx_word' id='word_1_752' title='bbox 531 5235 676 5304; x_wconf 88' lang='lat' dir='ltr'><strong>quod</strong></span> <span class='ocrx_word' id='word_1_753' title='bbox 703 5235 917 5306; x_wconf 78' lang='lat' dir='ltr'><strong>semper</strong></span> <span class='ocrx_word' id='word_1_754' title='bbox 943 5236 1290 5309; x_wconf 80' lang='lat' dir='ltr'><strong>invisibiliter</strong></span> <span class='ocrx_word' id='word_1_755' title='bbox 1322 5239 1453 5308; x_wconf 86' lang='lat' dir='ltr'><strong>agit,</strong></span> <span class='ocrx_word' id='word_1_756' title='bbox 1485 5235 1710 5306; x_wconf 81' lang='lat' dir='ltr'><strong>ejiciens</strong></span> <span class='ocrx_word' id='word_1_757' title='bbox 1744 5235 2037 5295; x_wconf 62' lang='lat' dir='ltr'><strong>ven&#39;dentes</strong></span> <span class='ocrx_word' id='word_1_758' title='bbox 2062 5235 2119 5309; x_wconf 71' lang='lat' dir='ltr'><strong>et</strong></span> <span class='ocrx_word' id='word_1_759' title='bbox 2148 5247 2393 5294; x_wconf 86' lang='lat' dir='ltr'><strong>ementes</strong></span> <span class='ocrx_word' id='word_1_760' title='bbox 2419 5240 2485 5293; x_wconf 86' lang='lat' dir='ltr'><strong>de</strong></span> <span class='ocrx_word' id='word_1_761' title='bbox 2508 5241 2728 5309; x_wconf 85' lang='lat' dir='ltr'><strong>templo,</strong></span> <span class='ocrx_word' id='word_1_762' title='bbox 2760 5248 2814 5293; x_wconf 92' lang='lat' dir='ltr'><strong>et</strong></span> <span class='ocrx_word' id='word_1_763' title='bbox 2842 5255 3059 5296; x_wconf 89' lang='lat' dir='ltr'><strong>mensas</strong></span> <span class='ocrx_word' id='word_1_764' title='bbox 3087 5239 3574 5309; x_wconf 85' lang='lat' dir='ltr'><strong>nummulariorum</strong></span> <span class='ocrx_word' id='word_1_765' title='bbox 3612 5252 3750 5293; x_wconf 79' lang='lat' dir='ltr'><strong>ever-</strong></span> 
     </span>
    </p>
   </div>
   <div class='ocr_carea' id='block_1_103' title="bbox 531 5307 3750 5379">
    <p class='ocr_par' dir='ltr' id='par_1_103' title="bbox 531 5307 3750 5379">
     <span class='ocr_line' id='line_1_103' title="bbox 531 5307 3750 5379; baseline 0 -21"><span class='ocrx_word' id='word_1_766' title='bbox 531 5311 649 5379; x_wconf 82' lang='lat' dir='ltr'><strong>tens</strong></span> <span class='ocrx_word' id='word_1_767' title='bbox 686 5314 740 5379; x_wconf 77' lang='lat' dir='ltr'><strong>e_l</strong></span> <span class='ocrx_word' id='word_1_768' title='bbox 769 5308 1057 5379; x_wconf 83' lang='lat' dir='ltr'><strong>cathedras</strong></span> <span class='ocrx_word' id='word_1_769' title='bbox 1078 5307 1440 5379; x_wconf 16' lang='lat' dir='ltr'><strong>vendentium;</strong></span> <span class='ocrx_word' id='word_1_770' title='bbox 1459 5309 1763 5374; x_wconf 90' lang='lat' dir='ltr'><strong>columbas,</strong></span> <span class='ocrx_word' id='word_1_771' title='bbox 1790 5310 1858 5364; x_wconf 87' lang='lat' dir='ltr'><strong>ad</strong></span> <span class='ocrx_word' id='word_1_772' title='bbox 1892 5308 2290 5379; x_wconf 87' lang='lat' dir='ltr'><strong>correptionem</strong></span> <span class='ocrx_word' id='word_1_773' title='bbox 2331 5311 2537 5379; x_wconf 90' lang='lat' dir='ltr'><strong>populi,</strong></span> <span class='ocrx_word' id='word_1_774' title='bbox 2583 5307 2641 5363; x_wconf 82' lang='lat' dir='ltr'><strong>ut</strong></span> <span class='ocrx_word' id='word_1_775' title='bbox 2672 5325 2778 5363; x_wconf 91' lang='lat' dir='ltr'><strong>non</strong></span> <span class='ocrx_word' id='word_1_776' title='bbox 2804 5326 2902 5379; x_wconf 88' lang='lat' dir='ltr'><strong>pro</strong></span> <span class='ocrx_word' id='word_1_777' title='bbox 2935 5311 3124 5365; x_wconf 90' lang='lat' dir='ltr'><strong>mundi</strong></span> <span class='ocrx_word' id='word_1_778' title='bbox 3157 5308 3539 5364; x_wconf 84' lang='lat' dir='ltr'><strong>festivitatibus</strong></span> <span class='ocrx_word' id='word_1_779' title='bbox 3566 5310 3613 5362; x_wconf 89' lang='lat' dir='ltr'><strong>in</strong></span> <span class='ocrx_word' id='word_1_780' title='bbox 3659 5322 3750 5360; x_wconf 89' lang='lat' dir='ltr'><strong>no-</strong></span> 
     </span>
    </p>
   </div>
   <div class='ocr_carea' id='block_1_104' title="bbox 532 5374 3749 5450">
    <p class='ocr_par' dir='ltr' id='par_1_104' title="bbox 532 5374 3749 5450">
     <span class='ocr_line' id='line_1_104' title="bbox 532 5374 3749 5450; baseline 0.002 -23"><span class='ocrx_word' id='word_1_781' title='bbox 532 5375 678 5429; x_wconf 92' lang='lat' dir='ltr'><strong>mine</strong></span> <span class='ocrx_word' id='word_1_782' title='bbox 705 5374 799 5431; x_wconf 88' lang='lat' dir='ltr'><strong>Dei</strong></span> <span class='ocrx_word' id='word_1_783' title='bbox 831 5377 1199 5450; x_wconf 80' lang='lat' dir='ltr'><strong>emptionibus</strong></span> <span class='ocrx_word' id='word_1_784' title='bbox 1221 5387 1275 5433; x_wconf 94' lang='lat' dir='ltr'><strong>et</strong></span> <span class='ocrx_word' id='word_1_785' title='bbox 1307 5377 1713 5436; x_wconf 87' lang='lat' dir='ltr'><strong>venditionibus</strong></span> <span class='ocrx_word' id='word_1_786' title='bbox 1736 5390 1933 5436; x_wconf 86' lang='lat' dir='ltr'><strong>vacent</strong></span> <span class='ocrx_word' id='word_1_787' title='bbox 1965 5380 2018 5433; x_wconf 89' lang='lat' dir='ltr'><strong>in</strong></span> <span class='ocrx_word' id='word_1_788' title='bbox 2049 5374 2166 5433; x_wconf 82' lang='lat' dir='ltr'><strong>loco</strong></span> <span class='ocrx_word' id='word_1_789' title='bbox 2196 5394 2311 5450; x_wconf 84' lang='lat' dir='ltr'><strong>non</strong></span> <span class='ocrx_word' id='word_1_790' title='bbox 2332 5374 2690 5450; x_wconf 64' lang='lat' dir='ltr'><strong>competenti,</strong></span> <span class='ocrx_word' id='word_1_791' title='bbox 2734 5380 2787 5432; x_wconf 92' lang='lat' dir='ltr'><strong>in</strong></span> <span class='ocrx_word' id='word_1_792' title='bbox 2805 5374 2931 5450; x_wconf 62' lang='lat' dir='ltr'><strong>&#39;qno</strong></span> <span class='ocrx_word' id='word_1_793' title='bbox 2964 5396 3076 5435; x_wconf 92' lang='lat' dir='ltr'><strong>non</strong></span> <span class='ocrx_word' id='word_1_794' title='bbox 3108 5379 3309 5435; x_wconf 87' lang='lat' dir='ltr'><strong>debent</strong></span> <span class='ocrx_word' id='word_1_795' title='bbox 3351 5380 3609 5445; x_wconf 85' lang='lat' dir='ltr'><strong>vendere,</strong></span> <span class='ocrx_word' id='word_1_796' title='bbox 3653 5391 3749 5431; x_wconf 80' lang='lat' dir='ltr'><strong>nec</strong></span> 
     </span>
    </p>
   </div>
   <div class='ocr_carea' id='block_1_105' title="bbox 529 5447 2816 5521">
    <p class='ocr_par' dir='ltr' id='par_1_105' title="bbox 529 5447 2816 5521">
     <span class='ocr_line' id='line_1_105' title="bbox 529 5447 2816 5521; baseline 0.004 -25"><span class='ocrx_word' id='word_1_797' title='bbox 529 5447 865 5521; x_wconf 79' lang='lat' dir='ltr'><strong>cm_e_re,__sed</strong></span> <span class='ocrx_word' id='word_1_798' title='bbox 894 5447 1234 5521; x_wconf 82' lang='lat' dir='ltr'><strong>orationibus</strong></span> <span class='ocrx_word' id='word_1_799' title='bbox 1260 5463 1473 5515; x_wconf 77' lang='lat' dir='ltr'><strong>vacare,</strong></span> <span class='ocrx_word' id='word_1_800' title='bbox 1503 5451 1598 5519; x_wconf 90' lang='lat' dir='ltr'><strong>qui</strong></span> <span class='ocrx_word' id='word_1_801' title='bbox 1620 5460 2022 5521; x_wconf 81' lang='lat' dir='ltr'><strong>congregantur</strong></span> <span class='ocrx_word' id='word_1_802' title='bbox 2040 5448 2217 5521; x_wconf 82' lang='lat' dir='ltr'><strong>quasi</strong></span> <span class='ocrx_word' id='word_1_803' title='bbox 2241 5450 2298 5503; x_wconf 89' lang='lat' dir='ltr'><strong>in</strong></span> <span class='ocrx_word' id='word_1_804' title='bbox 2324 5447 2489 5521; x_wconf 85' lang='lat' dir='ltr'><strong>domo</strong></span> <span class='ocrx_word' id='word_1_805' title='bbox 2527 5450 2816 5505; x_wconf 89' lang='lat' dir='ltr'><strong>orationis.</strong></span> 
     </span>
    </p>
   </div>
   <div class='ocr_carea' id='block_1_106' title="bbox 599 5514 3745 5589">
    <p class='ocr_par' dir='ltr' id='par_1_106' title="bbox 599 5514 3745 5589">
     <span class='ocr_line' id='line_1_106' title="bbox 599 5514 3745 5589; baseline 0 -24"><span class='ocrx_word' id='word_1_806' title='bbox 599 5514 692 5567; x_wconf 77' lang='grc'><strong>21.</strong></span> <span class='ocrx_word' id='word_1_807' title='bbox 727 5514 879 5589; x_wconf 64' lang='lat' dir='ltr'><strong>Nunc</strong></span> <span class='ocrx_word' id='word_1_808' title='bbox 901 5526 1081 5572; x_wconf 87' lang='lat' dir='ltr'><strong>autem</strong></span> <span class='ocrx_word' id='word_1_809' title='bbox 1112 5518 1347 5574; x_wconf 90' lang='lat' dir='ltr'><strong>arbitror</strong></span> <span class='ocrx_word' id='word_1_810' title='bbox 1375 5514 1498 5575; x_wconf 87' lang='lat' dir='ltr'><strong>esse</strong></span> <span class='ocrx_word' id='word_1_811' title='bbox 1521 5514 1785 5589; x_wconf 71' lang='lat' dir='ltr'><strong>templum</strong></span> <span class='ocrx_word' id='word_1_812' title='bbox 1820 5514 2002 5574; x_wconf 81' lang='lat' dir='ltr'><strong>Deiex</strong></span> <span class='ocrx_word' id='word_1_813' title='bbox 2039 5514 2310 5588; x_wconf 75' lang='lat' dir='ltr'><strong>lapidibus</strong></span> <span class='ocrx_word' id='word_1_814' title='bbox 2335 5520 2474 5574; x_wconf 87' lang='lat' dir='ltr'><strong>vivis</strong></span> <span class='ocrx_word' id='word_1_815' title='bbox 2499 5530 2897 5586; x_wconf 88' lang='lat' dir='ltr'><strong>constructum,</strong></span> <span class='ocrx_word' id='word_1_816' title='bbox 2928 5523 3224 5574; x_wconf 71' lang='lat' dir='ltr'><strong>Ecclesiam</strong></span> <span class='ocrx_word' id='word_1_817' title='bbox 3252 5519 3475 5574; x_wconf 84' lang='lat' dir='ltr'><strong>Christi.</strong></span> <span class='ocrx_word' id='word_1_818' title='bbox 3510 5516 3633 5572; x_wconf 89' lang='lat' dir='ltr'><strong>Sunt</strong></span> <span class='ocrx_word' id='word_1_819' title='bbox 3654 5527 3745 5567; x_wconf 78' lang='lat' dir='ltr'><strong>au-</strong></span> 
     </span>
    </p>
   </div>
   <div class='ocr_carea' id='block_1_107' title="bbox 529 5586 3737 5662">
    <p class='ocr_par' dir='ltr' id='par_1_107' title="bbox 529 5586 3737 5662">
     <span class='ocr_line' id='line_1_107' title="bbox 529 5586 3737 5662; baseline 0.001 -24"><span class='ocrx_word' id='word_1_820' title='bbox 529 5586 906 5662; x_wconf 77' lang='lat' dir='ltr'><strong>tem_multi_in</strong></span> <span class='ocrx_word' id='word_1_821' title='bbox 930 5601 1123 5662; x_wconf 68' lang='lat' dir='ltr'><strong>canon</strong></span> <span class='ocrx_word' id='word_1_822' title='bbox 1146 5590 1287 5662; x_wconf 84' lang='lat' dir='ltr'><strong>sicut</strong></span> <span class='ocrx_word' id='word_1_823' title='bbox 1314 5589 1468 5645; x_wconf 88' lang='lat' dir='ltr'><strong>decet</strong></span> <span class='ocrx_word' id='word_1_824' title='bbox 1490 5586 1731 5646; x_wconf 79' lang='lat' dir='ltr'><strong>viventes</strong></span> <span class='ocrx_word' id='word_1_825' title='bbox 1753 5586 2213 5662; x_wconf 50' lang='lat' dir='ltr'><strong>_spi_ritaliter,__sed</strong></span> <span class='ocrx_word' id='word_1_826' title='bbox 2239 5607 2257 5639; x_wconf 82' lang='grc' dir='ltr'><strong>ι</strong></span> <span class='ocrx_word' id='word_1_827' title='bbox 2285 5589 2585 5662; x_wconf 83' lang='lat' dir='ltr'><strong>secundum</strong></span> <span class='ocrx_word' id='word_1_828' title='bbox 2619 5604 2838 5644; x_wconf 89' lang='lat' dir='ltr'><strong>carnem</strong></span> <span class='ocrx_word' id='word_1_829' title='bbox 2868 5590 3125 5662; x_wconf 80' lang='lat' dir='ltr'><strong>militant,</strong></span> <span class='ocrx_word' id='word_1_830' title='bbox 3154 5607 3175 5662; x_wconf 62' lang='grc' dir='ltr'><strong>ξ</strong></span> <span class='ocrx_word' id='word_1_831' title='bbox 3202 5591 3298 5659; x_wconf 90' lang='lat' dir='ltr'><strong>qui</strong></span> <span class='ocrx_word' id='word_1_832' title='bbox 3326 5598 3383 5645; x_wconf 91' lang='lat' dir='ltr'><strong>et</strong></span> <span class='ocrx_word' id='word_1_833' title='bbox 3392 5589 3607 5662; x_wconf 65' lang='lat' dir='ltr'><strong>domum</strong></span> <span class='ocrx_word' id='word_1_834' title='bbox 3628 5597 3737 5662; x_wconf 56' lang='lat' dir='ltr'><strong>op:</strong></span> 
     </span>
    </p>
   </div>
   <div class='ocr_carea' id='block_1_108' title="bbox 531 5652 3737 5730">
    <p class='ocr_par' dir='ltr' id='par_1_108' title="bbox 531 5652 3737 5730">
     <span class='ocr_line' id='line_1_108' title="bbox 531 5652 3737 5730; baseline 0.002 -24"><span class='ocrx_word' id='word_1_835' title='bbox 531 5653 698 5710; x_wconf 87' lang='lat' dir='ltr'><strong>tionis</strong></span> <span class='ocrx_word' id='word_1_836' title='bbox 726 5654 795 5710; x_wconf 90' lang='lat' dir='ltr'><strong>de</strong></span> <span class='ocrx_word' id='word_1_837' title='bbox 843 5656 1112 5726; x_wconf 88' lang='lat' dir='ltr'><strong>lapidibus</strong></span> <span class='ocrx_word' id='word_1_838' title='bbox 1150 5660 1287 5714; x_wconf 86' lang='lat' dir='ltr'><strong>vivis</strong></span> <span class='ocrx_word' id='word_1_839' title='bbox 1326 5669 1699 5716; x_wconf 89' lang='lat' dir='ltr'><strong>constructam</strong></span> <span class='ocrx_word' id='word_1_840' title='bbox 1745 5652 1953 5717; x_wconf 76' lang='lat' dir='ltr'><strong>faciunt</strong></span> <span class='ocrx_word' id='word_1_841' title='bbox 1986 5652 2303 5730; x_wconf 84' lang='lat' dir='ltr'><strong>speluncam</strong></span> <span class='ocrx_word' id='word_1_842' title='bbox 2340 5674 2462 5717; x_wconf 86' lang='lat' dir='ltr'><strong>esse</strong></span> <span class='ocrx_word' id='word_1_843' title='bbox 2494 5660 2793 5728; x_wconf 90' lang='lat' dir='ltr'><strong>latronum,</strong></span> <span class='ocrx_word' id='word_1_844' title='bbox 2839 5659 3052 5718; x_wconf 87' lang='lat' dir='ltr'><strong>actibus</strong></span> <span class='ocrx_word' id='word_1_845' title='bbox 3094 5652 3353 5717; x_wconf 69' lang='lat' dir='ltr'><strong>Suis&#39;nou</strong></span> <span class='ocrx_word' id='word_1_846' title='bbox 3382 5656 3619 5729; x_wconf 72' lang='lat' dir='ltr'><strong>Ecclesia</strong></span> <span class='ocrx_word' id='word_1_847' title='bbox 3646 5652 3737 5709; x_wconf 75' lang='lat' dir='ltr'><strong>Dei</strong></span> 
     </span>
    </p>
   </div>
   <div class='ocr_carea' id='block_1_109' title="bbox 600 5769 1540 5848">
    <p class='ocr_par' dir='ltr' id='par_1_109' title="bbox 600 5769 1540 5848">
     <span class='ocr_line' id='line_1_109' title="bbox 600 5769 1540 5848; baseline 0.01 -22"><span class='ocrx_word' id='word_1_848' title='bbox 600 5769 647 5806; x_wconf 84' lang='lat'><strong>&quot;</strong></span> <span class='ocrx_word' id='word_1_849' title='bbox 683 5769 788 5828; x_wconf 85' lang='lat' dir='ltr'><strong>lsa.</strong></span> <span class='ocrx_word' id='word_1_850' title='bbox 821 5788 930 5839; x_wconf 70' lang='lat' dir='ltr'><strong>LVI,</strong></span> <span class='ocrx_word' id='word_1_851' title='bbox 960 5774 1013 5830; x_wconf 82' lang='lat'><strong>7.</strong></span> <span class='ocrx_word' id='word_1_852' title='bbox 1088 5775 1134 5809; x_wconf 79' lang='grc' dir='ltr'><strong>⁸ο</strong></span> <span class='ocrx_word' id='word_1_853' title='bbox 1163 5773 1207 5829; x_wconf 88' lang='lat' dir='ltr'><strong>ll</strong></span> <span class='ocrx_word' id='word_1_854' title='bbox 1233 5775 1361 5834; x_wconf 89' lang='lat' dir='ltr'><strong>Cor.</strong></span> <span class='ocrx_word' id='word_1_855' title='bbox 1397 5794 1451 5848; x_wconf 74' lang='grc' dir='ltr'>ι,</span> <span class='ocrx_word' id='word_1_856' title='bbox 1486 5779 1540 5835; x_wconf 79' lang='grc'><strong>5.</strong></span> 
     </span>
    </p>
   </div>
  </div>
