3962 6530
180 306 331 365 1445

1127 311 1480 370 COMMENT.
1523 314 1590 370 IN
1629 315 2043 372 MATTHAEUM
2083 318 2321 379 TOMUS
2355 322 2496 379 XVI.

3306 333 3445 394 me

178 422 518 493 Εὐαγγελίου
551 424 713 496 μόνον
739 422 950 499 διαζῇν,
989 427 1149 482 τοῦτο
1184 430 1285 501 μὲν
1330 430 1404 503 μὴ
1444 433 1741 487 ποιούντων

1866 443 2134 502 quaestum
2152 450 2275 492 esse
2296 437 2634 504 existimant,
2660 455 2897 513 cumque
2920 457 2986 499 ex
3007 434 3301 518 Evangelio
3351 452 3434 507 vi-

171 514 415 570 πλοῦτον
449 515 507 568 δὲ
539 517 635 570 καὶ
673 516 876 590 πολλὴν
900 518 1095 590 κτῆσιν
1123 522 1482 591 συναγόντων,
1523 524 1624 578 οὐκ
1649 525 1766 596 ὲρεῖ

174 606 451 677 σπήλαιον
489 605 704 682 λῃστῶν
743 610 1023 679 γεγονέναι
1066 611 1127 666 τὸ
1158 611 1475 684 τηλικοῦτον
1506 616 1607 687 τῆς
1640 616 1765 671 Ἑκ-

168 696 412 769 κλησίας
457 703 785 774 μυστήριονς
819 703 972 756 Ὢστ⁶
993 703 1059 758 ἂν
1101 706 1276 758 εἰπεῖν
1302 708 1394 759 τὸν
1434 706 1641 779 Ἰησοῦν
1670 709 1763 763 ἐπὶ

160 792 291 854 τοῖς
317 791 783 864 ἁμαρτανομένοις
811 795 870 847 ὲν
891 788 935 863 ᾧ
959 795 1308 869 ᾠκοδόμησεν
1337 798 1468 871 ἱερῷ
1491 797 1670 866 ζῶντι,
1700 800 1761 855 τό

160 897 235 935 τε
292 882 402 936 ἀπὸ
448 882 557 937 τῶν
601 883 848 956 Ψαλμῶν
887 885 1059 950 οὕτως
1103 886 1225 959 ἕχον
1245 905 1259 919 ⁸
1320 906 1341 940 ι
1397 889 1493 954 Τίς
1523 890 1761 961 ὠφέλεια

164 972 233 1027 ὲν
264 973 349 1044 τῷ
378 973 570 1045 αἵματί
604 993 706 1046 μου
745 977 804 1029 ἐν
848 976 925 1047 τῷ
964 977 1265 1050 καταϐῆναι
1312 996 1380 1051 με
1424 982 1503 1047 εις
1541 981 1760 1052 διαφθο-

169 1063 317 1135 ράν;
354 1084 375 1118 ι
419 1067 512 1120 καὶ
542 1066 604 1119 τὸ
644 1067 753 1121 ἀπὸ
784 1067 900 1132 τοῦ,
936 1068 1011 1133 ὡς
1039 1065 1209 1141 οἶμαι,
1252 1071 1411 1145 Ὠσηὲ
1454 1072 1587 1143 (17),
1630 1073 1760 1131 ἔνθα

160 1154 205 1226 ἡ
229 1154 332 1209 τοῦ
370 1155 543 1227 Ἰησοῦ
576 1155 721 1229 ψυχὴ
748 1158 896 1228 λέγει
919 1159 1392 1233 δυσαρεστουμένη
1424 1162 1501 1234 τῷ
1528 1163 1629 1234 βιῳ
1648 1165 1756 1218 τῶν

158 1246 623 1320 ἁμαρτανόντων,
668 1250 762 1303 καὶ
791 1250 849 1302 ὲν
879 1249 955 1321 τῷ
987 1251 1116 1322 ἱερῷ
1146 1247 1286 1306 εἶναι
1314 1253 1633 1327 δοκούντων,
1660 1257 1720 1310 τό
1738 1274 1752 1288 ·

162 1357 194 1392 ι
251 1341 445 1410 Οῐμοι,
501 1341 582 1394 ὃτι
634 1340 898 1412 ἐγενήθην
953 1342 1028 1407 ὡς
1083 1345 1329 1413 συνάγων
1385 1346 1639 1420 καλάμην
1698 1351 1756 1404 ἐν

152 1432 391 1504 ἀμητῷ,
423 1433 518 1487 καὶ
567 1435 642 1498 ὡς
689 1434 1007 1504 ἐπιφυλλίδα
1044 1437 1102 1489 ἐν
1136 1438 1410 1511 τρυγητῷ,
1458 1442 1557 1495 οὐκ
1605 1442 1756 1508 ὄντος

154 1525 407 1596 στάχυος
435 1525 546 1597 (18)
574 1525 669 1579 τοῦ
704 1529 896 1595 φαγεῖν
920 1527 989 1581 τὰ
1010 1529 1349 1599 πρωτόγονα.
1378 1532 1559 1602 Οῖμοι,
1584 1532 1751 1606 ψυχὴ,

152 1611 254 1665 ὅτι
282 1612 559 1666 ἀπόλωλεν
589 1614 822 1686 εὐλαϐὴς
866 1617 975 1670 ἀπὸ
1002 1617 1104 1688 τῆς
1134 1619 1258 1689 γῆς,
1285 1620 1380 1674 καὶ
1411 1621 1440 1675 ὁ
1470 1623 1752 1695 κατορθῶν

151 1706 228 1758 ὲν
269 1704 580 1778 ἀνθρώποις
615 1710 714 1779 οὐχ
748 1709 1016 1781 ὑπάρχει.
1056 1729 1074 1762 ι
1123 1712 1231 1764 Καὶ
1275 1711 1369 1766 ἐὰν
1400 1716 1752 1787 προσκόπτῃς

1872 533 2020 580 ctum
2042 535 2222 598 petere
2255 540 2524 600 oporteat,
2557 532 2608 588 id
2653 534 2874 604 quidem
2915 551 3024 591 non
3062 536 3296 607 faciunt,
3346 544 3443 599 sed

1868 615 2109 683 divitias,
2156 619 2513 693 ingentesque
2545 621 2832 680 facultates
2858 639 3194 697 comparant,
3222 638 3441 688 tantum

1865 705 1996 763 illud
2027 708 2284 767 Ecclesiae
2315 715 2635 785 mysterium
2663 716 2941 772 latronum
2972 720 3285 788 speluncam
3319 741 3444 782 esse

1864 797 2068 855 factum
2100 817 2210 859 non
2245 803 2514 861 fateatur?
2547 807 2686 864 adeo
2730 818 2793 864 ιιι
2812 810 2881 866 de
2906 814 3167 880 peccatis,
3202 817 3256 870 in
3286 818 3439 885 vivo,

1862 893 2009 961 quod
2039 893 2156 961 ipse
2198 896 2505 963 :edilieavit,
2546 899 2749 969 templo
2787 901 3067 971 admissis,
3096 908 3345 975 apposite
3385 910 3441 966 id

1861 980 2010 1036 dicat
2034 981 2309 1051 Christus,
2333 988 2480 1056 quod
2510 1003 2541 1044 e
2568 987 2800 1045 Psalmis
2842 992 3219 1064 depromptum
3249 999 3433 1055 est“:

1865 1090 1883 1123 ι
1921 1071 2054 1140 Quae
2082 1076 2289 1131 utilitas
2333 1077 2389 1132 in
2431 1081 2695 1150 sanguine
2726 1097 2869 1146 meo,
2901 1084 3029 1138 dum
3060 1083 3335 1144 descendo
3378 1089 3436 1145 in

1860 1171 2307 1241 corruptionem?
2330 1192 2349 1225 ι
2377 1184 2431 1230 et
2446 1175 2591 1245 quod
2610 1175 2752 1247 apud
2773 1174 2933 1244 Osee,
2954 1178 3007 1232 ni
3029 1177 3208 1248 fallor,
3232 1192 3432 1248 exstat,

1859 1262 1951 1317 ubi
2002 1261 2129 1318 Jesu
2176 1266 2379 1333 anima,
2421 1268 2530 1323 vita
2578 1281 2945 1339 peccatorum,
2994 1274 3088 1344 qui
3129 1274 3182 1328 in
3229 1276 3436 1347 templo

1830 1348 2222 1410 ‘nihilominus
2271 1372 2393 1413 esse
2434 1359 2708 1427 videntur,
2756 1362 2983 1432 oil‘ensa,
3030 1365 3107 1419 ait
3149 1365 3235 1421 8':
3279 1385 3299 1418 ι
3343 1365 3438 1423 Va:

1857 1444 1992 1498 mihi
2025 1447 2153 1515 quia
2185 1445 2363 1504 factus
2391 1465 2511 1505 sum
2548 1451 2691 1507 sicut
2719 1452 2812 1523 qui
2850 1465 3145 1527 congregat
3176 1456 3434 1528 stipulam

1856 1536 1909 1593 in
1952 1555 2150 1606 messe,
2179 1549 2233 1596 et
2265 1544 2409 1598 sicut
2444 1560 2688 1601 racemos
2720 1546 2773 1601 in
2813 1548 3106 1615 vindemia,
3151 1567 3275 1608 cum
3322 1568 3433 1609 non

1855 1629 1926 1683 sit
1950 1631 2099 1699 spica
2123 1631 2190 1686 ad
2211 1634 2604 1690 comedendum
2622 1637 2921 1707 primitiva.
2947 1639 3042 1695 Vae
3066 1643 3197 1697 mihi
3226 1644 3430 1712 anima,

1853 1724 1981 1791 quia
2005 1725 2166 1794 periit
2202 1727 2327 1797 pius
2359 1727 2426 1782 de
2465 1736 2626 1793 terra,
2659 1737 2713 1784 et
2743 1745 2851 1786 non
2894 1740 2979 1788 est
3019 1732 3076 1788 in
3110 1734 3431 1792 hominibus

149 1813 233 1865 γε
266 1797 348 1869 τῷ
369 1798 543 1853 ταῦτα
567 1798 745 1868 λέγειν
773 1802 863 1856 τὸν
903 1802 1128 1874 Ἰησοῦν,
1152 1805 1245 1858 καὶ
1276 1805 1573 1862 πενθοῦντα
1595 1809 1745 1881 ἡμῶν

1854 1812 1947 1882 qui
1983 1815 2275 1887 corrigat.»
2310 1814 2367 1870 Si
2398 1817 2499 1871 hac
2526 1833 2688 1888 porro
2709 1818 2836 1877 Jesu
2869 1822 3140 1891 oratione,
3175 1825 3432 1897 quodque

149 1888 239 1943 τὰ
271 1890 591 1959 πταίσματα
642 1894 871 1962 φάσκειν
916 1894 1012 1948 τόδ
1054 1913 1072 1947 ι
1125 1898 1304 1967 Οῖμοι,
1356 1896 1524 1970 ψυχῆ,
1565 1919 1583 1951 ι
1625 1918 1751 1955 συν-

151 1980 424 2047 ιξέτασον
455 1984 665 2048 τούτοις
705 1985 767 2039 τὸ
807 1987 915 2041 ἀπὸ
944 1987 1039 2041 τοῦ
1084 1989 1440 2059 Εὐαγγελίου,
1483 1990 1612 2047 ἔνθα
1657 1993 1752 2062 γέ-

149 2089 435 2145 γραπται,
463 2076 566 2139 ὅτι,
609 2094 627 2126 ι
664 2075 786 2129 ἰδὼν
817 2076 917 2148 τὴν
963 2077 1335 2150 Ἰερουσαλὴμ,
1370 2079 1634 2135 ἔκλαυσεν
1661 2082 1748 2136 ἐπ’

149 2163 329 2236 αὐτῇ,
376 2165 471 2218 καὶ
516 2162 658 2221 εἶπε.
711 2186 729 2219 ι
787 2167 899 2221 Καὶ
953 2168 1152 2239 μᾶλλόν
1190 2186 1274 2238 γε,
1310 2170 1470 2242 εῐπερ
1513 2171 1751 2241 εὐλόγως

148 2253 432 2311 ἔκλαυσεν
483 2258 577 2311 ἐπὶ
624 2258 1000 2332 Ἰερουσαλὴμ,
1048 2261 1412 2335 εὐλογώτερον
1456 2262 1748 2319 κλαύσεται

148 2348 259 2403 ἐπὶ
301 2349 401 2422 τὴν
441 2350 789 2423 Ἐκκλησίαν,
824 2352 1270 2424 οἰκοδομηθεῖσαν
1320 2356 1418 2426 μὲν
1467 2356 1555 2410 ἵνα
1601 2354 1749 2423 οἶκος

149 2443 477 2514 προσευχῆς
513 2438 570 2517 ᾖ,
602 2443 900 2516 γενομένην
931 2443 989 2497 δὲ
1026 2444 1115 2499 διὰ
1158 2445 1259 2518 τὴν
1306 2447 1748 2521 αἰσχροκέρδειαν

149 2534 261 2589 καὶ
298 2536 512 2607 τρυφήν
543 2553 725 2602 τινων,
761 2536 874 2590 ἀλλ’
905 2536 1019 2591 εἴθε
1052 2537 1128 2611 μὴ
1157 2539 1251 2593 καὶ
1280 2539 1388 2593 τῶν
1429 2542 1747 2613 ἡγουμένων

150 2628 261 2683 τοῦ
295 2628 447 2695 λαοῦ,
475 2629 737 2701 σπήλαιον
762 2630 997 2704 λῃστῶν.
1042 2632 1201 2687 Ἀλλά
1229 2633 1351 2686 τότε
1376 2615 1472 2705 μὲν
1502 2634 1747 2707 εἰσῆλθεν

164 2720 382 2792 Ἰησοῦς
409 2724 491 2786 εἰς
532 2723 594 2777 τὸ
640 2724 781 2796 ἱερὸν
824 2722 920 2777 τοῦ
969 2723 1129 2789 Θεοῦ,
1174 2726 1268 2779 καὶ
1307 2724 1577 2798 ὲκάθαρεν
1614 2728 1748 2781 αὐτὸ

147 2814 412 2869 ἑκϐαλὼν
441 2817 649 2882 πάντας
670 2818 796 2882 τοὺς
825 2818 1140 2883 πωλοῦντας
1168 2820 1261 2873 καὶ
1294 2818 1662 2891 ἀγοράζοντας
1688 2822 1747 2874 ὲν

145 2904 240 2977 τῷ
272 2905 424 2978 ἱερῷ,
455 2907 672 2971 καὶτὰς
696 2909 976 2978 τραπέζας
1019 2910 1128 2964 τῶν
1171 2910 1531 2965 κολλυϐιστῶν
1574 2928 1747 2965 κατα-

150 2996 404 3067 στρέψας
437 2996 575 3068 μετὰ
625 2982 1045 3071 τῶνκαθεδρῶν
1087 3000 1145 3053 ὲν
1192 2995 1281 3064 αἶς
1338 2998 1657 3065 ἐκαθέζοντο
1694 3002 1745 3054 οἱ

147 3087 469 3154 πωλοῦντες
491 3088 590 3153 τὰς
624 3091 971 3165 περιστεράς.
991 3091 1105 3145 Νῦν
1130 3091 1186 3145 δὲ
1218 3094 1341 3147 ὅσον
1373 3093 1471 3165 μὲν
1488 3095 1589 3146 οὐκ
1626 3093 1747 3146 ἐπι-

148 3180 489 3234 σκοτωῦνται
525 3182 574 3234 οἱ
602 3180 680 3253 τῷ
709 3183 928 3254 ὀνόματι
973 3182 1146 3256 Ἰησοῦ
1192 3183 1430 3257 Χριστοῦ
1467 3185 1741 3257 γινόμενοι

145 3270 251 3326 ἐπὶ
282 3271 348 3326 τὸ
377 3272 510 3326 αὐτὸ
531 3274 590 3327 ὲν
645 3279 1007 3344 συναγωγαῖς,
1036 3276 1173 3329 εἰσιν
1216 3278 1266 3330 οἱ
1313 3276 1620 3341 πωλοῦντες
1648 3278 1742 3331 καὶ

145 3362 521 3434 ἀγοράζοντες
553 3366 610 3417 ὲν
634 3364 712 3436 τῷ
746 3364 896 3437 ἱερῷ,
922 3367 1016 3419 καὶ
1044 3363 1113 3418 τὰ
1132 3365 1293 3419 λοιπά
1315 3366 1613 3431 ποιοῦντες,
1647 3368 1741 3421 καὶ

145 3453 394 3526 εὐδαμοῦ
457 3454 663 3526 Ἰησοῦς
712 3456 895 3520 αὐτοῖς
939 3457 1300 3526 ἐπιφαίνεται,
1357 3458 1447 3511 ἵνα
1495 3457 1739 3512 ἐκϐαλὼν

148 3545 310 3619 δώσῃ
341 3547 466 3611 τούς
488 3546 727 3611 λοιποὺς,
758 3547 791 3619 ἢ
824 3547 1110 3611 κάκείνους
1142 3546 1504 3619 ἐκϐληθέντας
1538 3552 1736 3622 ποιήσῃ

148 3637 542 3693 συναισθέσθαι
568 3639 667 3709 τῆς
684 3640 977 3711 ἁμαρτίας,
1000 3639 1094 3692 καὶ
1114 3638 1374 3693 εἰσελθεῖν
1393 3643 1472 3704 εἰς
1492 3641 1553 3694 τὸ
1570 3642 1732 3713 ἱερὸν,

142 3729 341 3784 οὐκέτι
386 3732 525 3802 μετὰ
556 3731 650 3785 τοῦ
701 3730 897 3786 πωλεῖν
946 3732 1040 3786 καὶ
1065 3732 1378 3804 ἀγοράζειν,
1418 3732 1452 3803 ἢ
1483 3732 1550 3787 τά
1573 3733 1737 3788 λοιπὰ

1855 1902 2039 1971 lapsus
2070 1915 2286 1961 noslros
2308 1907 2514 1963 deﬂens
2534 1908 2733 1966 dixerit
2766 1929 2779 1966 :
2823 1930 2843 1963 ι
2870 1911 2961 1969 Va:
2993 1915 3127 1970 mihi
3167 1916 3371 1984 anima,
3404 1936 3424 1969 ι

1852 1993 2162 2061 ollenderis,
2209 2013 2334 2054 cum
2383 2001 2467 2057 his
2509 2003 2776 2059 contende
2804 2003 2851 2035 ⁸³
2883 2020 3007 2075 quae
3038 2005 3310 2061 habentur
3359 2008 3419 2062 in

1854 2082 2170 2152 Evangelio,
2199 2088 2291 2143 ubi
2317 2091 2581 2161 scriptum
2612 2103 2716 2159 est,
2755 2111 2774 2145 ι
2817 2093 3083 2151 videntem
3106 2110 3230 2152 eum
3262 2094 3425 2152 Jeru-

1851 2175 2019 2231 salem
2052 2176 2270 2235 ﬂevisse
2316 2195 2481 2253 super
2529 2184 2700 2251 illam,
2754 2195 2810 2242 et
2853 2186 3082 2243 dixisse.
3126 2206 3147 2240 ι
3185 2186 3342 2255 Quod
3378 2184 3424 2245 si

1850 2281 2016 2338 super
2055 2269 2356 2327 Jerusalem
2410 2290 2535 2330 cum
2581 2277 2792 2333 ratione
2821 2276 2990 2345 ﬂevit,
3042 2279 3203 2351 longe
3250 2282 3428 2353 magis

1849 2359 2012 2413 etiam
2047 2372 2473 2421 consentaneum
2503 2356 2607 2422 erit
2645 2376 2707 2423 ut
2736 2383 2904 2440 super
2934 2369 3244 2427 Ecclesiam
3274 2371 3423 2439 ﬂeat,

1850 2464 1972 2519 qua:
1998 2451 2065 2506 ad
2108 2452 2160 2507 id
2202 2455 2468 2512 aediﬁcata
2499 2467 2585 2513 est
2613 2466 2673 2513 ut
2706 2460 2903 2517 domus
2947 2461 3020 2516 sit
3047 2462 3333 2529 orationis,
3368 2474 3424 2519 at

1848 2550 2069 2612 propter
2097 2555 2313 2614 turpem
2365 2548 2757 2605 nonnullorum
2790 2562 3058 2621 quaestum
3108 2567 3172 2608 ac
3205 2554 3422 2623 luxum,

1849 2642 2012 2702 atque
2053 2638 2273 2690 utinam
2312 2652 2421 2692 non
2464 2649 2521 2695 et
2561 2640 2870 2712 principum
2917 2642 3128 2713 populi,
3161 2644 3422 2714 spelunca

1849 2723 2122 2780 latronum
2174 2727 2367 2785 eﬂ'ecta
2418 2731 2542 2785 est?
2594 2729 2791 2787 Verum
2824 2742 2955 2787 tunc
3001 2733 3285 2806 ingressus
3333 2747 3423 2792 est

1848 2814 2065 2883 quidem
2093 2815 2256 2873 Jesus
2284 2819 2337 2872 in
2363 2821 2620 2890 templum
2653 2821 2770 2889 Dei,
2795 2822 2953 2894 751
2987 2833 3043 2880 et
3064 2824 3193 2881 illud
3218 2841 3421 2899 expur-

1850 2906 2014 2973 gavit,
2062 2909 2254 2977 ejectis
2304 2911 2561 2967 omnibus
2610 2912 2970 2970 vendentibus
3014 2925 3070 2971 et
3108 2921 3421 2978 ementibus

1849 2995 1904 3049 in
1939 2998 2160 3068 templo,
2195 3008 2249 3055 et
2275 3002 2479 3057 mensis
2519 3003 3009 3060 nummulariorum
3038 3009 3262 3077 eversis,
3308 3026 3416 3066 una

1849 3100 1976 3141 cum
2007 3088 2285 3144 cathedris
2327 3091 2384 3145 in
2422 3091 2624 3161 quibus
2667 3092 2929 3149 sedebant
2972 3095 3067 3166 qui
3111 3098 3421 3155 vendebant

1849 3178 2147 3236 columbas.
2194 3180 2351 3238 Nunc
2396 3191 2578 3237 autem
2615 3184 2859 3253 quandiu
2906 3200 3014 3241 non
3061 3187 3419 3245 observantur

1847 3271 1942 3342 qui
1982 3272 2037 3326 in
2089 3275 2313 3329 nomine
2342 3272 2471 3330 Jesu
2507 3274 2710 3330 Christi
2754 3276 2920 3332 simul
2972 3278 3027 3332 in
3060 3282 3419 3339 cvnventibus

1847 3373 2067 3428 coeunt,
2094 3363 2132 3418 ii
2163 3373 2292 3421 sunt
2317 3365 2409 3435 qui
2440 3366 2700 3428 vendunt,
2727 3373 2781 3421 et
2810 3378 3001 3423 emunt
3024 3369 3078 3424 in
3108 3372 3330 3442 templo,
3364 3384 3420 3429 et

1847 3454 2056 3526 reliqua
2094 3455 2325 3523 faciunt,
2372 3474 2549 3528 neque
2589 3459 2657 3514 iis
2691 3460 2801 3515 ullo
2830 3461 2993 3517 modo
3025 3463 3317 3521 videndum
3358 3482 3419 3523 se

1845 3548 1938 3602 dat
1957 3546 2138 3612 Jesus,
2164 3557 2244 3613 ut,
2264 3550 2453 3619 ejectis
2477 3551 2605 3619 illis,
2628 3553 2869 3623 reliquos
2889 3565 3087 3622 servet,
3106 3557 3187 3611 vel
3212 3567 3271 3613 ut
3296 3559 3418 3617 illos

1843 3641 2046 3710 ejectos
2092 3642 2143 3696 in
2185 3643 2392 3712 peccati
2438 3645 2522 3699 sui
2563 3647 2894 3716 agnitionem
2940 3658 2994 3704 et
3025 3651 3415 3707 conscientiam

1843 3732 2099 3800 adducat,
2130 3744 2184 3789 et
2212 3735 2265 3788 in
2301 3737 2561 3805 templum
2596 3752 2816 3804 rursus,
2865 3753 2975 3793 non
3006 3741 3297 3809 vendendi,
3331 3742 3418 3796 vel

1354 3866 1586 3927 VETUS
1623 3869 2202 3929 lNTERPRETATiO.

145 3991 357 4073 dignis,
390 3991 484 4047 sed
518 3992 775 4063 spelunca
804 3992 1097 4073 latronum.
1129 3991 1232 4059 Qui
1257 3993 1401 4047 enim
1426 3989 1738 4073 considerat
1764 3991 2040 4073 in‘multi‘s
2069 3988 2546 4073 Ecclesiisialium
2577 3989 3014 4073 Christianorum
3047 4001 3292 4073 peccata,
3319 3993 3414 4073 qui

144 4059 489 4135 arbitrentur
537 4059 817 4135 quaestum
844 4077 968 4135 esse
1018 4063 1296 4135 pietatem,
1323 4071 1393 4135 et
1435 4077 1561 4117 cum
1594 4059 2493 4135 deberentdeEvangelioyivere
2530 4062 2830 4135 secundum
2872 4064 3015 4135 quod
3046 4059 3228 4117 vivere
3250 4059 3418 4135 debet

146 4148 349 4212 servos
376 4131 495 4200 Dei,
531 4131 635 4188 hoc
661 4131 1029 4212 non‘iaciuni,
1056 4133 1401 4212 seddivitias
1438 4139 1492 4188 et
1519 4131 1724 4212 muiias
1747 4133 2129 4212 possessiones
2155 4131 2483 4212 acquirunt:
2520 4144 2702 4212 nonne
2731 4132 2875 4211 dicet
2899 4131 3213 4212 speluncam
3250 4132 3416 4187 latro-

104 4253 112 4260 .
145 4210 287 4257 num
320 4200 519 4258 factam
547 4218 670 4259 esse
701 4202 805 4258 sub
835 4203 940 4259 illis
965 4202 1287 4265 Ecclesium,
1328 4211 1387 4256 ut
1419 4210 1564 4258 recte
1601 4202 1746 4257 dicat
1778 4201 2032 4257 Christus
2064 4200 2132 4253 ad
2165 4216 2259 4255 eos
2286 4208 2502 4269 propter
2521 4200 2930 4269 dissipationem
2967 4200 3221 4257 Ecclesia:
3259 4217 3412 4259 suae:

148 4289 172 4324 ι
208 4271 353 4353 Quae
376 4274 585 4353 utilitas
606 4274 661 4353 in
679 4273 945 4341 sanguine
970 4288 1115 4353 meo,
1145 4275 1274 4353 dum
1298 4272 1650 4353 descendam
1674 4270 2123 4353 corruptionem?
2145 4288 2165 4321 ι
2189 4269 2330 4353 item
2358 4270 2473 4353 ipse
2501 4284 2596 4352 per
2618 4269 2896 4352 Michaeam
2926 4270 3018 4353 tali
3043 4273 3206 4353 modo
3232 4290 3247 4327 :
3276 4290 3298 4324 ι
3322 4271 3415 4329 Va

145 4342 290 4397 mihi
322 4344 584 4420 quoniam
627 4342 803 4420 factus
830 4358 953 4420 sum
986 4343 1128 4420 sicut
1158 4344 1250 4420 qui
1281 4343 1492 4420 colligit
1521 4342 1777 4420 stipulam
1817 4341 1871 4394 in
1914 4355 2111 4405 messe,
2152 4348 2207 4420 et
2248 4341 2391 4420 sicut
2424 4341 2517 4420 qui
2550 4355 2829 4395 racemum
2865 4341 2920 4394 in
2955 4341 3246 4420 vindemia,
3280 4358 3409 4420 cum

143 4426 263 4494 non
297 4410 581 4494 sithotrio
607 4415 674 4469 ad
697 4410 1540 4494 manducandum.primogenita.
1564 4410 1654 4465 Vae
1679 4410 1888 4494 animae
1904 4410 2390 4494 meaehquia‘periit
2415 4412 2701 4494 timoratus
2726 4426 2759 4494 a
2781 4420 2944 4494 terra,
2973 4420 3028 4466 et
3055 4415 3151 4492 qui
3174 4413 3415 4494 corrigas

145 4481 204 4534 in
226 4481 687 4560 hominibusnon
714 4494 817 4538 est.
852 4481 1108 4560 qutcum
1130 4479 1473 4560 intellexeris
1498 4480 1683 4560 Jes_u_r_n
1713 4481 1981 4560 dicentem
2015 4480 2163 4560 ialia,
2182 4489 2242 4560 et
2262 4479 2535 4559 lugentem
2567 4490 2785 4560 peccata
2808 4492 3013 4560 nostra,
3038 4479 3221 4560 aspice
3247 4479 3415 4560 simul

143 4558 203 4605 et
226 4551 362 4606 illud
396 4553 620 4622 quodin
649 4552 940 4622 Evangelio
978 4552 1238 4607 scribitur
1278 4571 1290 4606 :
1329 4568 1363 4622 t
1388 4551 1526 4606 Cum
1557 4548 2142 4622 vidissetrlel‘usalein,
2166 4548 2516 4622 iﬂevit‘supet:
2544 4548 2685 4616 eam,
2716 4558 2771 4605 et
2806 4550 2966 4622 dixit.
2998 4569 3018 4602 ι
3059 4548 3127 4605 Et
3164 4552 3211 4606 si
3242 4554 3411 4607 ratio-

145 4618 581 4693 nahirliter'ilevit
618 4637 785 4693 super
805 4618 1133 4685 Ierusalem,
1181 4631 1235 4676 et
1269 4619 1835 4693 rationabilius_llebit
1855 4635 2020 4689 super
2050 4618 2352 4693 Ecclesiam
2381 4618 2700 4693 aediﬁcatam
2725 4620 2943 4689 quidem
2970 4632 3027 4693 ut
3046 4632 3190 4676 esset
3213 4622 3413 4679 domus

144 4692 444 4760 orationis,
475 4689 886 4748 factam—autem
913 4699 1132 4762 propter
1177 4692 1353 4760 turpia
1378 4691 1528 4744 lucra
1567 4690 1826 4771 et_luxus
1864 4691 2222 4771 quorumdam
2251 4689 2434 4811 (quod
2465 4691 2669 4770 utinam
2707 4706 2816 4744 non
2849 4692 3067 4773 esseti)
3102 4692 3408 4773 principum

145 4763 341 4811 nonuli
389 4763 705 4811 sneluncam
740 4763 1036 4811 latronum.
1082 4760 1184 4811 Sed
1226 4771 1354 4811 tunc
1384 4760 1603 4811 quidem
1633 4770 1855 4811 mtravnt
1880 4759 2040 4811 Jesus
2072 4776 2125 4811 In
2160 4768 2302 4811 temn
2329 4776 2417 4811 um
2454 4757 2567 4811 Det.
2606 4768 2661 4811 et
2695 4762 2977 4811 mundavrt
3005 4761 3157 4811 illud.
3186 4777 3408 4811 eiiciens

145 4763 341 4833 populi
389 4757 705 4833 speluncam
740 4757 1184 4833 latron'um'._Sed
1226 4757 1354 4816 tunc
1384 4760 1603 4830 quidem
1633 4760 1855 4833 intravit
1880 4757 2040 4814 Iesus
2072 4759 2125 4812 in
2160 4757 2417 4828 templum
2454 4757 2567 4833 Dei,
2606 4768 2661 4814 et
2695 4762 2977 4833 inundavit
3005 4757 3158 4824 illud,
3186 4757 3413 4830 ejiciens

147 4829 451 4888 vendentes
478 4842 533 4888 et
558 4841 801 4888 ementes
827 4833 881 4886 in
905 4831 1129 4909 templo,
1152 4840 1206 4884 et
1228 4829 2251 4909 mensasnummulariorumnevertens
2282 4838 2335 4884 et
2369 4829 2658 4909 cathedras
2684 4831 3041 4909 vendentium
3078 4829 3358 4909 columbas
3392 4850 3408 4886 :

145 4914 301 4979 nunc
333 4913 516 4958 autem
546 4903 806 4973 quamdiu
845 4916 950 4955 non
984 4898 1292 4979 visitantur,
1328 4901 1419 4969 qui
1455 4900 1769 4979 in__nomine
1801 4898 1944 4979 Jesu”
1968 4898 2173 4979 Christi
2207 4900 2537 4979 conveniunt
2578 4899 2630 4952 in
2678 4899 2883 4979 ipsum,
2920 4910 3049 4953 sunt
3083 4901 3134 4953 in
3168 4916 3411 4979 convene

148 4969 303 5029 tibus
331 4967 624 5029 vendentes
654 4980 709 5027 et
742 4982 984 5027 ementes
1013 4972 1067 5024 in
1100 4972 1323 5040 templo,
1348 4967 1411 5024 et
1452 4970 1661 5039 reliqua
1695 4971 1880 5023 omnia
1920 4967 2207 5033 facientes,
2246 4978 2301 5023 et
2341 4984 2616 5038 nusquam
2643 4967 2723 5024 eis
2755 4969 3009 5025 Christus
3053 4980 3299 5040 apparet,
3350 4978 3413 5026 ut

219 5110 266 5144 ⁸⁸
294 5108 443 5165 Psal.
475 5123 640 5176 nix,
677 5106 764 5163 10.
838 5109 883 5141 ε’
904 5106 1069 5164 Mich.
1106 5121 1201 5171 vn,
1233 5107 1284 5173 1,
1316 5106 1369 5162 2.
1444 5106 1492 5138 ⁸³
1518 5105 1652 5163 Luc.
1682 5123 1795 5173 xix,
1829 5107 1920 5161 M.

1834 5263 1892 5331 ει
1918 5237 2446 5331 Arabs.__li_ebraice,_
2476 5237 2679 5314 5mm.
2724 5252 2904 5331 Item“:
2940 5250 3216 5331 ἀπόλωλεν
3254 5248 3413 5307 εὐλα-

1833 5324 1957 5394 ϐής,
1981 5324 2052 5377 its
2073 5323 2240 5379 editio
2256 5324 2682 5404 Gompiutens‘ts,
2700 5333 2754 5404 ei
2768 5323 2995 5404 Aldina;
3021 5320 3407 5404 Hieronymus,

1844 5391 2187 5463 (reverens;
2220 5413 2238 5446 ι
2288 5402 2345 5448 at
2396 5391 2645 5459 Sixtina,
2698 5391 2958 5463 εὐσεϐής,
2987 5391 3085 5463 cui
3137 5391 3411 5463 consentit

1835 5464 2044 5528 Arabs;
2073 5459 2345 5518 Jou'athan
2369 5503 2384 5526 ,
2427 5483 2446 5514 ι
2474 5463 2854 5519 misericordes
2871 5459 2929 5533 ξι
2966 5459 3151 5533 Αδγςιιε
3171 5502 3183 5523 ,
3222 5479 3241 5513 ι
3270 5462 3410 5516 ἱιιιοο
3455 5482 3467 5529 ι

1870 5550 1929 5586 er
1961 5552 1980 5585 ι
2006 5533 2269 5589 Eumdem
2296 5535 2441 5587 hunc
2466 5535 2668 5599 locum,
2694 5532 2843 5587 hom.
2867 5531 2934 5585 14
2957 5529 3259 5596 ἱηἸενεηιη
3284 5546 3410 5601 pro-
3452 5532 3464 5553 ί

1834 5601 2324 5726 ἶξνξὶιειειιεοηεε,
2358 5602 2609 5675 στάχυος,
2636 5612 2766 5669 etc.,
2796 5601 3031 5675 εὐλαϐής
3051 5642 3067 5672 ,
3097 5613 3410 5659 constante:
3439 5666 3458 5709 ‘

1886 5690 1918 5726 ιι
1968 5712 1981 5726 .
2083 5714 2096 5726 .

1854 5682 1981 5744 egit.
2020 5682 2096 5728 In.
2308 5732 2315 5735 .

219 5257 485 5336 (I7)-qu
519 5256 583 5312 τὸ
614 5257 733 5312 ἀπὸ
755 5256 991 5336 round);-
1013 5251 1421 5336 ρῖμαιηὨφηέ,
1443 5263 1551 5336 etc.
1582 5253 1722 5336 osee

149 5325 277 5386 curn
312 5325 537 5383 Michaea
567 5329 846 5383 memoriae
879 5325 1361 5381 falsus'conl'udit.
1402 5325 1545 5380 Idem
1590 5325 1721 5379 alibi

150 5408 344 5471 peccat
373 5414 767 5471 saepenumero,
794 5396 1249 5471 quemadmodum
1277 5397 1394 5449 viro
1431 5393 1728 5471 Sciiptura:
1774 5454 1779 5457 _

150 5464 381 5545 quidem
400 5464 922 5545 callentissimo,'sed_
941 5466 1060 5545 eius
1082 5465 1201 5520 loca
1227 5464 1551 5545 inconsultis
1572 5464 1726 5545 libris

150 5535 469 5595 memoriter
495 5538 766 5601 recitanti,
783 5546 839 5593 et
859 5538 925 5591 ad
946 5537 1051 5591 alia
1073 5535 1385 5606 properanti
1414 5549 1518 5590 usu
1540 5535 1726 5589 venire

151 5607 648 5687 deerit-{lamas-
858 5675 871 5687 .
1274 5685 1283 5687 Α
1417 5673 1444 5687 ..
1528 5674 1580 5687 η,

220 5681 338 5752 (18)
366 5681 501 5752 οὐκ
547 5678 721 5752 ὄντος
757 5675 1045 5752 στάχυος.
1094 5673 1339 5752 vulgatae
1377 5673 1486 5752 τῶν
1524 5674 1581 5752 Q’_
1607 5671 1724 5727 edi-

152 5741 332 5807 tiones
365 5750 601 5805 habent:
632 5741 746 5821 Οὐχ
774 5741 1110 5820 ὑπάρχοντος
1141 5741 1385 5819 βότρυος.
1428 5743 1506 5800 Ita
1548 5741 1721 5816 Syrus
