3962 6536
183 399 359 455 1183

1156 396 1508 453 COMMENT.
1551 398 1619 454 IN
1657 398 2079 458 ΜΑΤἸἭᾸΞΗΜ
2113 400 2352 459 TOMUS
2390 401 2528 459 XVI.

3330 412 3469 470 I454

178 507 299 561 τοῦ
330 504 468 562 Θεοῦ
522 505 662 566 ὅλον,
714 507 814 577 τὴν
860 506 1042 560 πᾶσαν
1082 505 1424 578 Ἐκκλησίαν,
1469 506 1585 579 τὴν,
1632 509 1691 575 ἐξ
1730 502 1790 563 οῦ

1897 510 2080 566 stituta
2112 520 2195 568 est
2218 511 2479 581 Ecclesia,
2526 513 2579 568 in
2621 513 2839 570 nomine
2871 515 3072 574 Christi
3107 519 3175 574 ad
3205 535 3465 581 consumo

181 598 446 671 συνέστη
510 597 843 669 Ἐκκλησία,
903 599 959 651 ὲν
982 597 1205 669 ὀνόματι
1243 599 1478 668 Χριστοῦ
1534 617 1792 674 συνεστη-

181 693 371 745 κυῖαν
408 690 570 762 μέχρι
590 690 692 761 τῆς
726 690 1032 753 συντελεϊας
1061 689 1154 743 τοῦ
1182 691 1395 754 αἰῶνος,
1431 690 1524 756 οὓς
1556 692 1620 747 ἂν
1659 692 1792 765 εῦρῃ

179 781 284 857 τῷ
310 782 513 835 πωλεῖν
543 782 636 835 καὶ
663 781 953 854 ἀγοράζειν
980 783 1345 853 σχολάσαντας
1367 783 1474 837 τῶν
1510 784 1797 856 νομιζομέ-

184 884 318 919 νων
346 862 485 919 εἷναι
518 867 576 919 ὲν
608 867 685 939 τῷ
716 867 846 939 ἱερῷ
868 868 962 922 τοῦ
986 870 1121 923 Θεοῦ
1150 871 1355 945 ἐκϐάλῃ
1398 872 1540 944 (27)’
1586 876 1681 928 καὶ
1703 874 1793 940 οὓς

185 956 269 1010 ἂν
305 957 442 1030 εῦρῃ
476 959 752 1030 τραπέζας
777 960 1056 1033 πήξαντας
1083 965 1176 1017 καὶ
1205 966 1521 1034 γινομένους
1549 967 1795 1021 κολλυϐι-

191 1042 368 1107 στὰς,
406 1044 637 1112 ἐλέγξει,
668 1048 1052 1120 καταστρέψας
1070 1049 1249 1102 αὐτῶν
1274 1051 1372 1115 τὰς
1386 1053 1682 1124 τραπέζας,
1701 1055 1795 1108 καὶ

189 1130 288 1203 τῷ
316 1132 458 1205 λόγῳ
498 1134 680 1203 δείξας
729 1131 817 1191 οἷα
844 1138 972 1211 περὶ
1018 1140 1078 1192 τὸ
1111 1141 1374 1215 ἀργύριον
1408 1146 1755 1217 ἡμαρτήκασι
1777 1164 1790 1178 ο

187 1225 336 1278 τότε
360 1226 418 1279 δὲ
447 1228 540 1280 καὶ
568 1227 684 1292 τὰς,
718 1228 795 1293 ὡς
822 1228 1219 1303 διηγησάμεθα,
1249 1234 1517 1307 καθέδρας
1545 1237 1652 1292 τῶν
1681 1255 1796 1291 πω-

192 1316 450 1372 λούντων
478 1318 575 1382 τὰς
600 1322 927 1393 περιστερὰς
956 1325 1337 1397 καταστρέψει.
1370 1328 1429 1380 Εἰ
1453 1328 1510 1383 δέ
1532 1347 1614 1393 τις
1640 1331 1793 1385 οὐδὲν

193 1413 322 1467 τῶν
354 1414 518 1485 τριῶν
536 1415 739 1470 τούτων
766 1417 922 1472 εἰδῶν
946 1417 1079 1490 ἔχει,
1102 1423 1196 1478 καὶ
1223 1424 1281 1477 ὲν
1307 1422 1384 1494 τῷ
1414 1423 1526 1496 ναῷ
1550 1427 1795 1499 εὑρίσκε-

194 1522 302 1560 ται
336 1506 429 1560 τοῦ
458 1507 615 1572 Θεοῦ,
648 1509 947 1581 θαρρείτωο
978 1511 1100 1565 οὔτε
1130 1514 1239 1586 γὰρ
1268 1514 1659 1588 ἐκϐληθήσεται
1691 1519 1794 1573 ὑπὸ

194 1598 308 1652 τοῦ
366 1600 580 1670 Ἰησοῦ,
639 1601 763 1655 οῦτε
809 1622 861 1657 τι
898 1606 1005 1659 τῶν
1043 1606 1208 1660 αὐτοῦ
1258 1613 1790 1682 καταστραφήσεξται,

195 1691 327 1745 οὔθ’
357 1693 433 1757 ὡς
464 1696 692 1766 ποιήσας
738 1693 1005 1751 τὸν¹οἷκον
1041 1700 1352 1773 προσευχῆς
1403 1703 1663 1774 σπήλαιον
1700 1704 1795 1777 λῃ-

201 1782 358 1836 στῶν
409 1785 833 1856 ὀνειδισθήσεται
870 1787 946 1852 ὡς
988 1789 1222 1863 λῃστὴς,
1252 1794 1338 1846 ὅτε
1373 1793 1791 1866 κολασθήσονται

172 1876 255 1928 οἱ
284 1877 607 1947 ποιήσαντες
637 1882 702 1951 τῇ
727 1880 932 1935 ἑαυτῶν
961 1880 1182 1955 λῃστείᾳ
1210 1886 1303 1939 καὶ
1330 1886 1513 1960 ἀδικίᾳ
1531 1888 1623 1942 τὸν
1645 1885 1791 1943 οἷκον
1825 1864 1866 1921 Β

199 1965 312 2036 τῆς
347 1968 649 2040 προσευχῆς
681 1968 939 2041 σπήλαιον
966 1969 1197 2043 λῃστῶν.

281 2151 592 2223 Εἰρημένου
618 2151 727 2224 (28)
763 2152 937 2207 τοίνυν
967 2157 1045 2219 εις
1073 2156 1135 2209 τὸ
1164 2155 1327 2227 ῥητὸν
1354 2158 1452 2229 τῆς
1493 2159 1794 2214 ὑποπεσού-

203 2265 317 2319 σης
341 2249 471 2318 ἡμῖν
500 2248 592 2302 καὶ
612 2249 692 2312 εἰς
719 2248 816 2321 τὴν
855 2248 1174 2319 Ἐκκλησίαν
1195 2249 1358 2321 διχῶς
1399 2252 1794 2325 ἀποδεδομένης

200 2338 539 2410 διηγήσεως,
578 2339 709 2412 φέρε
744 2340 882 2411 μετὰ
913 2341 1084 2396 ταῦτα
1128 2341 1322 2413 ἴδωμεν
1361 2345 1408 2396 εἰ
1450 2343 1671 2399 δύναται
1701 2345 1793 2398 καὶ

200 2429 357 2484 οῦτω
373 2430 440 2485 τὰ
471 2432 610 2485 κατὰ
639 2433 730 2486 τὸν
762 2432 925 2487 τόπον
962 2433 1235 2505 νοηθῆναι.
1285 2436 1396 2488 Οὐκ
1436 2435 1654 2491 ἔλαττον
1696 2438 1793 2509 τῆς

218 2520 549 2593 Ἐκκλησίας
576 2523 734 2593 φύσει
758 2525 901 2596 ἱερόν
930 2526 1195 2580 ὲστιΘεοῦ
1222 2529 1371 2581 πᾶσα
1392 2528 1583 2600 λογικὴ
1611 2529 1791 2598 φύσις,

204 2614 693 2685 κατεσκευασμένη
722 2615 807 2667 ἶνα
830 2617 1052 2687 χωρήσῃ
1075 2615 1230 2680 δόξαν
1253 2616 1388 2670 Θεοῦ
1409 2657 1423 2682 ,
1460 2616 1588 2688 περὶ
1616 2612 1684 2689 ἦς
1704 2617 1794 2687 γέ-

204 2720 457 2775 γραπται
507 2707 565 2758 ὲν
618 2709 684 2778 τῇ
732 2706 961 2779 δευτέρᾳ
1004 2707 1109 2760 τῶν
1150 2708 1661 2781 Παραλειπομένων,
1701 2714 1796 2767 καὶ

205 2797 278 2865 τῇ
330 2796 485 2868 τρίτῃ
538 2796 646 2854 τῶν
698 2798 1011 2864 Βασιλειῶν,
1060 2801 1319 2871 ὀφοεισης
1351 2802 1485 2872 μετὰ
1522 2802 1622 2872 τὴν
1651 2805 1796 2856 οἰκον

202 2886 384 2960 δομὴν
408 2887 502 2944 τοῦ
536 2889 642 2945 νεὼ
669 2893 725 2945 ὲν
756 2892 921 2963 αὐτῷ.
948 2892 1121 2951 ,Τοῦτο
1145 2893 1209 2965 δὴ
1240 2895 1301 2947 τὸ
1326 2894 1485 2964 φύσει
1515 2894 1624 2966 (29)
1650 2895 1792 2968 ἱερὸν

204 2980 308 3034 τοῦ
341 2980 497 3047 Θεοῦ,
526 2983 623 3055 τὴν
656 2983 853 3056 ψυχὴν,
889 2984 1328 3058 πεπληρώκαμεν
1369 2988 1419 3039 οἱ
1452 2988 1792 3059 ἁμαρτάνον-

205 3091 305 3137 τες
328 3074 646 3130 πωλούντων
667 3079 758 3131 καὶ
785 3079 1160 3150 ἀγοραζόντων
1177 3079 1472 3150 λογισμῶν,
1506 3080 1601 3134 καὶ
1619 3080 1792 3136 ἄλλων

209 3170 345 3239 περὶ
368 3168 629 3242 ἀργυρίου
658 3171 835 3226 πάντα
873 3175 1217 3227 σκοπούντων
1258 3173 1621 3245 διαλογισμῶν
1645 3190 1659 3205 ⁸
1697 3192 1793 3228 πε-

210 3263 322 3336 πλη
333 3263 582 3337 ρὼκαμεν
609 3266 667 3320 δὲ
694 3268 1118 3340 ἁμαρτάνοντες,
1141 3270 1234 3323 καὶ
1271 3268 1445 3324 ἄλλων
1474 3270 1793 3325 πωλούντων

210 3359 310 3410 καὶ
335 3358 793 3429 ἁπεμπολούντων
813 3362 865 3414 εἴ
898 3379 950 3414 τι
978 3361 1130 3431 ἆγιον
1149 3362 1258 3432 (50)
1282 3361 1631 3433 κατάλειμμα
1651 3364 1708 3415 ὲν
1725 3365 1790 3435 τῇ

208 3448 359 3521 ψυχῇ
381 3452 537 3522 ήμῶν
564 3453 875 3525 γεγένηται,
898 3455 1033 3528 ὅπερ
1058 3451 1125 3527 ἦν
1153 3456 1471 3528 περιστερά.
1507 3457 1673 3525 Λέγει
1701 3453 1793 3510 οὖν

208 3546 327 3607 τοῖς
353 3546 752 3616 ἁμαρτάνουσιν
774 3550 802 3601 ὁ
840 3549 1062 3619 Ἰησοῦς.
1094 3551 1186 3603 καὶ
1210 3550 1659 3623 πεπληρωμένοις
1699 3551 1793 3622 λῃ-

1896 603 2192 658 mationem
2247 619 2419 675 usque
2470 604 2655 660 saeculi
2705 615 3056 675 perseverat,
3110 625 3468 684 quoscunque

1894 707 1959 749 ex
2001 694 2069 750 iis
2097 695 2189 764 qui
2237 696 2292 750 in
2322 696 2523 766 templo
2553 695 2649 752 Dei
2697 712 2818 752 esse
2846 697 3162 764 creduntur,
3199 706 3469 774 emptioni

1896 784 2304 856 venditionique
2347 802 2568 857 operam
2608 787 2822 843 dedisse
2866 792 3220 858 compererit,
3254 794 3466 863 ejiciet;

1896 889 2144 945 quosque
2178 892 2395 931 mensas
2429 879 2707 943 statuisse,
2741 886 2796 933 et
2828 880 3209 936 nummularia:
3249 884 3329 938 rei
3370 900 3467 941 va-

1895 981 2050 1021 casse
2078 966 2513 1037 deprehenderit,
2548 970 2754 1024 eversis
2795 985 2984 1047 eorum
3020 973 3249 1037 mensis,
3276 989 3469 1044 pecca-

1896 1055 2076 1127 tisque
2114 1059 2371 1114 omnibus
2404 1060 2548 1115 circa
2578 1061 2865 1130 pecuniam
2911 1062 3187 1129 admissis,
3217 1080 3470 1123 sermone

1895 1149 2098 1219 apertis
2128 1165 2193 1206 ac
2222 1151 2526 1221 patefactis,
2560 1161 2849 1224 coarguet;
2874 1165 3005 1209 tunc
3033 1171 3251 1228 quoque
3278 1173 3468 1213 eorum

1893 1242 2084 1310 etiam,
2133 1253 2194 1299 ut
2226 1244 2494 1312 diximus,
2541 1245 2637 1316 qui
2681 1246 2965 1302 columbas
2995 1247 3256 1316 vendunt,
3284 1251 3472 1309 cathe-

1894 1332 2022 1389 dras
2050 1335 2344 1391 subvertet.
2372 1335 2527 1403 Quod
2561 1339 2607 1392 si
2637 1336 2812 1391 tribus
2843 1337 2929 1393 his
2956 1340 3245 1409 generibus
3271 1341 3469 1412 aliquis

1895 1426 2214 1497 neutiquam
2262 1427 2426 1484 fuerit
2470 1428 2666 1494 amnis,
2694 1436 2748 1481 et
2778 1428 2832 1482 in
2858 1427 2951 1483 Dei
2988 1429 3185 1500 templo
3219 1431 3469 1487 invenia-

1896 1526 2004 1583 tur,
2042 1520 2279 1574 contidat
2325 1520 2448 1588 ille;
2508 1536 2536 1575 a
2575 1519 2703 1575 Jesu
2745 1520 2888 1574 enim
2930 1521 3162 1577 .minime
3199 1522 3467 1592 ejicietur,

1895 1626 2071 1682 neque
2112 1614 2178 1667 de
2220 1593 2383 1669 rebus
2425 1613 2490 1668 ad
2532 1629 2656 1668 eum
2710 1613 3108 1683 pertinentibus
3169 1616 3468 1687 quidquam

1895 1713 2192 1769 evertetur,
2244 1721 2420 1776 neque
2465 1706 2771 1775 quasi-qui
2825 1706 3094 1760 latronum
3152 1708 3467 1777 speluncam

1896 1793 2118 1850 domum
2185 1798 2449 1851 orationis
2503 1796 2730 1862 fecerit,
2780 1798 2960 1854 verbis
3019 1807 3279 1869 tanquam
3328 1800 3468 1856 latro

1895 1887 2285 1958 castigabitur;
2338 1905 2462 1945 cum
2524 1905 2715 1960 pmnas
2761 1891 2989 1955 dabunt,
3020 1891 3113 1961 qui
3164 1891 3467 1948 latrociniis

1895 1976 2009 2032 suis
2053 1988 2106 2031 et
2145 1980 2382 2049 nequitia
2410 1981 2632 2035 domum
2666 1982 2930 2038 orationis
2948 1982 3219 2038 latronum
3248 1986 3469 2056 spelun-

1894 2084 2013 2125 cam
2047 2068 2314 2125 fecerunt.

1964 2160 2053 2217 25.
2099 2162 2395 2233 Postquam
2440 2179 2569 2236 ergo
2614 2169 2974 2238 excogitatam
3020 2184 3050 2223 a
3078 2167 3255 2233 nobis,
3282 2168 3468 2226 etEc-

1893 2254 2071 2310 clesia:
2099 2256 2301 2326 duplici
2332 2258 2496 2314 modo
2526 2261 2851 2330 applicatam
2883 2261 3279 2333 expositionem
3306 2278 3472 2335 super

1894 2348 1999 2403 hoc
2035 2348 2155 2404 loco
2194 2351 2538 2415 tradidimus,
2572 2354 2824 2423 agedum,
2861 2370 2927 2410 an
2961 2369 3027 2411 eo
3058 2370 3278 2426 quoque
3310 2364 3471 2425 pacto

1894 2439 2119 2511 intelligi
2167 2442 2381 2512 possint
2421 2459 2545 2513 quae
2587 2444 2691 2500 hoc
2732 2446 3003 2501 habentur
3031 2447 3174 2514 loco,
3211 2455 3471 2517 praeterea

1894 2529 2196 2586 videamus.
2229 2530 2384 2587 llaud
2422 2548 2581 2589 secus
2610 2550 2675 2590 ac
2703 2533 2965 2604 Ecclesia,
2994 2538 3312 2592 naturaliter
3332 2546 3471 2592 tem-

1894 2622 2043 2692 plum
2068 2621 2161 2677 Dei
2198 2632 2285 2678 est
2325 2623 2580 2680 universa
2624 2636 2819 2682 natura
2865 2628 3078 2683 ratione
3124 2629 3374 2698 praedita,
3403 2630 3472 2684 ad

1895 2712 1948 2768 id
1979 2721 2161 2768 creata
2194 2725 2255 2769 ut
2282 2716 2461 2787 capiat
2482 2717 2711 2786 gloriam
2737 2718 2850 2786 Dei,
2876 2734 2997 2789 quae
3016 2718 3470 2791 Paralipomenon

1895 2807 2158 2874 secundo,
2188 2818 2242 2863 et
2276 2809 2437 2864 tertio
2465 2808 2673 2882 Regum
2708 2810 2822 2866 visa
2855 2827 2977 2868 esse
3014 2813 3069 2868 in
3112 2814 3313 2885 templo
3348 2822 3474 2883 post

1895 2896 2069 2967 ipsius
2097 2908 2427 2955 structuram
2470 2912 2727 2958 narratur
2748 2904 2817 2955 ’³.
2866 2905 2923 2961 ld
2956 2914 3159 2970 autem,
3191 2907 3336 2976 quod
3372 2922 3470 2963 na-

1897 2999 2017 3044 tura
2044 3001 2235 3061 saapte
2264 2993 2523 3063 templum
2552 2993 2646 3049 Dei
2675 3002 2777 3061 est,
2809 2995 3045 3050 animam
3078 2997 3302 3064 scilicet,
3336 3014 3467 3055 ven-

1892 3081 2147 3138 dentibus
2174 3093 2228 3139 et
2252 3086 2554 3142 ementibus
2581 3086 2741 3157 755
2771 3089 3209 3159 cogitationibus,
3236 3099 3291 3147 et
3315 3106 3466 3162 qua:-

1895 3188 2113 3244 cunque
2142 3175 2210 3230 ad
2248 3190 2363 3231 rem
2400 3178 2823 3233 nummulariam
2862 3181 3136 3252 pertinent
3185 3182 3469 3238 attendem-

1899 3266 2044 3321 tihus
2073 3281 2174 3321 nos
2201 3277 2487 3337 peccantes
2515 3269 2939 3339 complevimus;
2966 3279 3129 3341 atque
3162 3272 3283 3327 aliis
3315 3270 3470 3339 item,

1896 3358 2026 3413 dum
2063 3360 2300 3427 peccatis
2329 3359 2493 3415 dediti
2526 3376 2751 3427 sumus,
2786 3362 3146 3419 vendentibus
3182 3372 3235 3419 et
3274 3364 3474 3419 nundi-

1897 3450 2160 3505 nantibus
2208 3450 2472 3521 quidquid
2508 3460 2756 3507 sanctum
2801 3452 2857 3507 in
2887 3453 3066 3508 anima
3109 3463 3297 3511 nostra
3342 3455 3472 3510 reli-

1895 3556 2063 3610 quum
2113 3540 2237 3608 fuit,
2285 3543 2431 3613 quod
2483 3554 2601 3599 erat
2645 3545 2919 3611 columba,
2974 3547 3320 3616 replevimus.
3367 3545 3473 3615 Qui

214 3634 358 3687 στῶν
394 3634 666 3708 λογισμῶν
711 3637 803 3691 τό*
837 3656 857 3688 ι
886 3637 1229 3710 Γέγραπται’
1262 3640 1317 3694 '0
1333 3636 1479 3703 οἶκός
1505 3658 1606 3711 μου
1641 3636 1790 3706 οἶκος

1897 3646 2026 3702 ergo
2063 3634 2299 3703 peccatis
2347 3634 2546 3690 addicti
2586 3644 2738 3704 sunt,
2775 3645 2831 3692 et
2878 3638 3317 3708 cogitationibus,
3352 3654 3475 3710 quae

213 3725 521 3797 προσευχῆς
570 3726 902 3799 κληθήσεται
922 3745 935 3759 ’
971 3729 1128 3801 ὑμεῖς
1159 3728 1215 3782 δὲ
1246 3730 1407 3783 αὑτὸν
1456 3732 1791 3801 πεποιήκατε

1900 3724 2170 3779 latronum
2202 3726 2409 3781 similes
2442 3727 2573 3792 sint,
2606 3729 2795 3798 repleti
2823 3739 2970 3797 sunt,
3004 3730 3071 3785 iis
3109 3730 3183 3785 ait
3207 3729 3367 3787 Iesus
3389 3733 3470 3785 οἰ

218 3817 481 3890 σπήλαιον
492 3820 727 3893 λῃστῶν.
743 3841 762 3875 ι
781 3823 841 3876 Ὀ
862 3823 958 3894 μὲν
974 3819 1066 3878 οῦν
1102 3822 1308 3895 Ἰησοῦς
1333 3825 1458 3886 τοὺς
1475 3824 1793 3894 ποιήσαντας

1918 3838 1937 3870 ι
1998 3817 2269 3889 Scriptum
2316 3827 2457 3875 est:
2513 3818 2718 3876 Domus
2791 3837 2943 3885 mea,
3020 3822 3215 3877 domus
3270 3824 3478 3880 oratio-

218 3910 478 3982 σπήλαιον
498 3911 709 3987 λῃστῶν
728 3914 818 3967 τὸν
846 3911 993 3968 οἶκον
1009 3915 1108 3986 τῆς
1126 3914 1433 3986 προσευχῆς
1465 3913 1665 3987 λῃστὰς
1686 3913 1793 3976 ἐξέ-

1902 3911 1989 3967 nis
2024 3909 2340 3976 vocabitur;
2387 3924 2486 3965 vos
2518 3920 2698 3966 autem
2735 3911 2941 3969 fecistis
2978 3912 3123 3967 illam
3159 3913 3472 3982 speluncam

218 4000 383 4055 ϐαλεν
404 4003 468 4055 ἐκ
489 4002 582 4056 τοῦ
617 4003 763 4075 ἱεροῦ
782 4020 797 4034 ’
824 4006 874 4057 οἱ
914 4004 970 4057 δὲ
1006 4004 1076 4058 τὰ
1109 4005 1249 4059 αὐτὰ
1278 4008 1390 4069 τοῖς
1414 4005 1637 4076 λῃσταῖς
1670 4019 1793 4075 φρο-

1903 4003 2204 4058 latronum.
2237 4022 2256 4054 ι
2305 4002 2572 4059 Latrones
2608 4019 2760 4075 ergo,
2806 4004 2897 4074 qui
2941 4003 3165 4059 domum
3212 4006 3473 4060 orationis

214 4094 432 4158 νοῦντες
456 4097 584 4167 περὶ
619 4097 716 4167 μὲν
750 4096 923 4168 Ἰησοῦ
949 4097 1232 4170 εἰρήκασι·
1264 4117 1281 4149 ι
1314 4097 1557 4168 Σταύρου
1580 4135 1594 4161 ,
1632 4094 1793 4149 σταύ-

1901 4095 2215 4165 speluncam
2251 4093 2498 4151 fecerunt
2530 4096 2826 4160 latronum,
2863 4096 3064 4165 templo
3089 4097 3248 4166 ejecit
3278 4094 3469 4153 Jesus:

218 4204 313 4259 ρου
334 4188 528 4242 αὐτόν·
562 4209 581 4240 ι
610 4190 738 4261 περὶ
772 4190 829 4243 δὲ
878 4188 973 4243 τοῦ
1011 4188 1205 4261 λῃστοῦ
1232 4190 1521 4262 Βαραϐϐἄ·
1572 4208 1592 4241 ι
1632 4188 1791 4242 ’Λπό-

1897 4196 1955 4241 at
1998 4186 2091 4256 qui
2136 4184 2325 4240 eadem
2373 4186 2440 4241 de
2475 4184 2604 4241 Jesu
2646 4184 2888 4242 sentiunt
2933 4200 3053 4255 qua:
3100 4186 3364 4253 latrones,
3408 4187 3477 4242 de

214 4280 375 4333 λῦσον
417 4282 545 4351 ὑμῖν
572 4281 663 4334 τὸν
699 4282 1008 4353 Βαραϐϐᾶν.
1058 4302 1075 4334 ι
1115 4284 1314 4355 Διόπερ
1354 4283 1512 4354 μέχρι
1555 4282 1790 4353 σήμερον

1897 4280 2024 4337 Iesu
2055 4279 2274 4350 quidem
2305 4278 3263 4350 dixerunt":rCruciﬁge,crucifige
3280 4295 3469 4348 eump

229 4376 470 4430 Ἰουδαῖοι
512 4377 718 4449 Ἰησοῦν
746 4378 843 4449 μὲν
867 4377 965 4431 ούκ
997 4376 1228 4448 ἔχουσιν,
1259 4378 1318 4430 ού
1350 4377 1458 4447 γὰρ
1498 4373 1791 4428 πεπιστεύ-

1897 4371 1963 4426 de
1988 4370 2200 4426 latrone
2248 4365 2427 4425 autem
2463 4369 2709 4425 Barabba
2737 4386 2750 4421 :
2784 4388 2802 4420 ι
2830 4368 3050 4425 Dimitte
3095 4370 3253 4427 nobis
3278 4370 3475 4429 Barab-

217 4484 376 4524 κασιν
402 4471 483 4535 εὶς
503 4470 594 4525 τὸν
621 4470 746 4524 Υεὸν
780 4470 873 4525 τοῦ
904 4470 1040 4523 Θεοῦ
1061 4487 1074 4500 ’
1106 4469 1290 4541 ἔχουσι
1328 4470 1386 4523 δὲ
1423 4470 1541 4540 μεθ’
1581 4467 1789 4522 ἑαυτῶν

1897 4466 2041 4521 bam.
2078 4485 2095 4518 ι
2147 4465 2422 4533 Quocirca
2470 4466 2536 4521 ad
2568 4465 2711 4521 hanc
2764 4479 2940 4536 usque
2964 4464 3106 4522 diem
3135 4464 3325 4522 Iesum
3354 4470 3477 4539 qui-

1418 4605 1650 4663 VETUS
1688 4602 2276 4659 INTERPRETATIO.

220 4723 379 4808 fuerit
411 4740 520 4780 non
558 4725 766 4808 habens
791 4725 1209 4808 aliquidudehis
1230 4725 1572 4808 .criminibus
1601 4725 1797 4789 tribus,
1831 4734 1885 4780 et
1927 4726 2181 4808 inventus
2211 4723 2378 4806 fuerit
2405 4739 2529 4808 esse
2557 4724 2875 4808 .in_templo,
2904 4724 3166 4808 confidat.
3193 4721 3303 4808 Nec.
3329 4727 3473 4786 enim

220 4798 466 4879 eiicietur
489 4812 519 4851 a
543 4795 797 4879 Ehristo,
834 4794 934 4853 nec
958 4797 1163 4879 aliquid
1195 4796 1315 4868 ejus
1336 4805 1627 4879 evertetur,
1643 4796 2202 4879 .neeexprobra'bitur
2219 4796 2376 4879 quasi
2406 4794 2597 4879 fecerit
2601 4794 2835 4879 domum
2866 4797 3132 4879 orationis
3159 4799 3473 4879 speluncam

220 4863 520 4949 latronum.
543 4864 683 4920 Puto
701 4876 891 4949 autem
921 4875 974 4949 e_t
1006 4863 1069 4949 in:
1091 4868 1196 4923 hoc
1224 4863 1469 4949 tempore
1497 4863 2012 4949 invisibiliter'venit
2033 4863 2291 4949 Iesus‘ad.
2323 4868 2567 4936 singulas
2601 4864 2890 4949 Ecclesias
2909 4864 3024 4932 Dei,
3062 4875 3117 4921 et
3150 4863 3302 4949 ejicit
3332 4885 3473 4939 quos

221 4953 389 5009 supra
413 4937 651 4993 diximus
683 4938 877 5007 dignos
915 4938 1202 5009 eiectione.
1229 4936 1675 5009 Quotiescunque
1696 4937 2077 5009 enimexcitat
2104 4938 2457 4992 tentationem
2499 4952 2662 5006 super
2686 4936 3011 5003 Ecclesiam,
3042 4937 3186 5009 venit
3223 4939 3290 4994 ad
3325 4936 3470 5005 eam,

220 5019 276 5065 et
292 5007 478 5091 visita}
512 5023 653 5091 eam,
682 5016 740 5062 ut
770 5007 1106 5091 faciat‘quod
1132 5007 1310 5091 facere
1334 5007 1601 5091 scribitur
1623 5008 1677 5062 in
1713 5007 1825 5091 hoc
1849 5007 2017 5091 loco:
2060 5075 2073 5088 ο
2241 5077 2274 5091 ,Δ
2339 5075 2378 5091 n
2482 5076 2494 5089 ο
2637 5077 2649 5088 .
2812 5086 2822 5091 Δ
3029 5077 3063 5091 Δ.
3108 5007 3111 5009 ’
3177 5077 3190 5091 1

292 5078 381 5133 25.
419 5076 549 5133 Post
586 5080 699 5133 haec
734 5075 1018 5135 videamus
1050 5093 1118 5133 ne
1158 5078 1298 5133 forte
1332 5088 1386 5133 et
1411 5078 1490 5133 sic
1525 5077 1678 5134 locus
1713 5078 1815 5133 iste
1848 5075 2076 5146 intelligi
2107 5077 2300 5146 possit.
2336 5075 2529 5132 Omnis
2563 5077 2707 5131 enim
2735 5086 2931 5132 natura
2964 5077 3301 5134 rationabilis
3329 5087 3469 5133 tem-

222 5148 368 5232 plum
405 5159 489 5204 est
515 5148 637 5230 .Dei,
676 5165 805 5232 quas
826 5151 893 5203 ad
926 5151 1026 5204 hoc
1057 5157 1142 5203 est
1172 5158 1469 5232 creatanttt
1490 5151 1669 5232 capiat
1699 5149 1924 5232 gloriam
1965 5146 2093 5232 Dei'.
2116 5146 2231 5232 Iloc
2264 5162 2394 5218 ergo
2419 5149 2675 5232 quod'est
2706 5148 3027 5232 naturaliter
3055 5149 3317 5232 templum
3350 5149 3469 5232 Dei,

224 5215 275 5274 id
307 5228 389 5275 est
440 5219 644 5298 anima,
679 5215 967 5298 implemus
991 5229 1280 5298 peccantes
1312 5215 1642 5298 quibusdam
1678 5215 1896 5298 quidem
1930 5215 2312 5298 vendentibus,
2332 5215 2674 5298 quihusdam
2700 5225 2891 5298 autem
2921 5215 3231 5298 ementibus
3258 5219 3468 5298 cogita-

223 5290 462 5345 tionibus
493 5289 673 5355 malis,
705 5285 770 5367 et:
790 5285 1083 5367 si‘aliquiil
1104 5285 1356 5367 sanctum
1390 5290 1658 5367 reliquum
1692 5285 1776 5344 est
1802 5288 2067 5367 in-anima
2092 5296 2314 5367 nostra,
2340 5285 2484 5356 quod
2519 5296 2601 5342 est
2628 5287 2902 5367 columba.
2938 5285 3077 5367 Dicit
3098 5302 3233 5367 eligo
3262 5285 3354 5343 ad'
3373 5304 3469 5345 eos

261 5362 319 5441 ui.
353 5368 603 5440 peccant,
636 5369 689 5413 et
709 5361 860 5443 pleni
901 5357 1029 5443 sunt
1060 5360 1271 5415 furibus
1298 5357 1723 5443 cogitationibus
1748 5378 1769 5443 ,ι
1806 5376 1824 5411 ι
1862 5357 2070 5412 Demus
2106 5364 2482 5443 meandomus
2506 5357 3117 5443 [orationis‘vocabiturz
3152 5357 3258 5413 Vos
3284 5368 3465 5414 autem

261 5376 312 5414 Ill
353 5376 603 5429 peccant,
636 5376 689 5413 et
716 5376 860 5430 ptent
901 5376 1029 5416 ευιιι
1060 5376 1271 5415 ιιινιυυε
1298 5376 1723 5443 οοειιιιιιοιιιῡυξ
1755 5378 1769 5413 Ζ
1806 5376 1824 5411 ι
1862 5376 2070 5412 υῡῐηιιε
2106 5376 2247 5438 inea,
2284 5376 2482 5413 ‘lOIIlUS
2512 5376 2775 5413 οτιιιιοιιιε
2800 5376 3104 5412 νοοειυιιυτ.
3157 5376 3258 5413 VOS
3284 5376 3465 5414 amem

225 5376 424 5485 λοιβῆς»
454 5445 574 5485 eam
608 5432 921 5499 Speluncam
962 5431 1253 5486 latronum.
1289 5451 1309 5483 ι
1349 5431 1415 5487 lat
1441 5430 1602 5487 Jesus
1632 5430 1849 5500 quidem
1886 5442 1981 5482 eos
2026 5443 2119 5497 qut
2155 5427 2471 5498 speluncam
2503 5426 2745 5483 fecerant
2779 5427 3054 5482 latronum
3087 5426 3313 5484 domum
3338 5445 3468 5485 ora-

292 5569 331 5600 "
362 5566 407 5622 Ii
431 5566 642 5644 Par._v,
675 5569 783 5638 I4;
816 5569 886 5624 lIl
918 5569 1047 5644 Reg.
1096 5587 1212 5639 rm,
1246 5569 1332 5625 Il.
1410 5570 1454 5602 ⁹²
1490 5569 1674 5627 Matth.
1727 5584 1839 5636 ut,
1886 5566 1972 5621 15.
2063 5566 2111 5597 ⁸³
2141 5566 2332 5624 Matth.
2365 5585 2533 5636 xxvu,
2565 5568 2653 5635 ‘ll,
2703 5566 2811 5635 ‘22;
2848 5565 2981 5623 Luc.
3032 5585 3188 5637 mu,
3240 5570 3327 5637 I9,
3362 5571 3467 5640 il;

225 5635 373 5694 Ioan.
407 5656 522 5704 XIX,
553 5640 606 5693 6.

294 5778 406 5850 (27)
452 5780 723 5850 Ἐκόάλῃ.
753 5781 914 5839 Forte
952 5783 1297 5840 scribendum
1329 5785 1565 5843 ἐκϐαλεῖ.

1969 5787 2083 5857 (‘29)
2122 5784 2301 5840 Τοῦτο
2329 5781 2429 5857 δὴ,
2460 5788 2563 5857 etc.
2579 5781 2731 5857 _Vid_e
2758 5782 2977 5857 Origen.
3025 5794 3065 5843 t.
3094 5803 3132 5843 ll
3159 5786 3212 5841 in
3233 5786 3391 5845 Joan.

290 5851 401 5923 με)
440 5854 788 5924 Εζρημένου.
831 5852 991 5912 Forte
1015 5856 1333 5929 εἰρημένης.

1975 5852 2086 5927 (50)
2124 5858 2336 5927 Ἃγιον.
2365 5852 2549 5911 Codex
2579 5853 2799 5925 Regius,
2826 5852 2971 5912 ἄλλο.
