  <div class='ocr_page' id='page_1' title='image "/cluster/home/n/w/nwhite01/storage/ocr_20150623/13/hvd.32044019207646/759.png"; bbox 0 0 3962 6544; ppageno 0'>
   <div class='ocr_carea' id='block_1_1' title="bbox 530 400 673 478">
    <p class='ocr_par' dir='ltr' id='par_1_1' title="bbox 530 400 673 478">
     <span class='ocr_line' id='line_1_1' title="bbox 530 400 673 478; baseline 0.014 -21"><span class='ocrx_word' id='word_1_1' title='bbox 530 400 673 478; x_wconf 59' lang='lat' dir='ltr'><strong>iter.</strong></span> 
     </span>
    </p>
   </div>
   <div class='ocr_carea' id='block_1_2' title="bbox 1996 402 2316 461">
    <p class='ocr_par' dir='ltr' id='par_1_2' title="bbox 1996 402 2316 461">
     <span class='ocr_line' id='line_1_2' title="bbox 1996 402 2316 461; baseline 0.003 -1"><span class='ocrx_word' id='word_1_2' title='bbox 1996 402 2316 461; x_wconf 79' lang='lat' dir='ltr'><strong>ORiGENlS</strong></span> 
     </span>
    </p>
   </div>
   <div class='ocr_carea' id='block_1_3' title="bbox 3668 407 3792 463">
    <p class='ocr_par' dir='ltr' id='par_1_3' title="bbox 3668 407 3792 463">
     <span class='ocr_line' id='line_1_3' title="bbox 3668 407 3792 463; baseline -0.048 0"><span class='ocrx_word' id='word_1_3' title='bbox 3668 407 3690 463; x_wconf 65' lang='grc' dir='ltr'>ί</span> <span class='ocrx_word' id='word_1_4' title='bbox 3708 411 3792 461; x_wconf 52' lang='grc' dir='ltr'>ῦῗιιιι</span> 
     </span>
    </p>
   </div>
   <div class='ocr_carea' id='block_1_4' title="bbox 531 516 2092 594">
    <p class='ocr_par' dir='ltr' id='par_1_4' title="bbox 531 516 2092 586">
     <span class='ocr_line' id='line_1_4' title="bbox 531 516 2092 586; baseline -0.001 -9"><span class='ocrx_word' id='word_1_5' title='bbox 531 523 651 577; x_wconf 89' lang='lat' dir='ltr'><strong>dem</strong></span> <span class='ocrx_word' id='word_1_6' title='bbox 688 534 794 575; x_wconf 90' lang='lat' dir='ltr'><strong>non</strong></span> <span class='ocrx_word' id='word_1_7' title='bbox 824 517 1023 574; x_wconf 99' lang='lat' dir='ltr'><strong>habent</strong></span> <span class='ocrx_word' id='word_1_8' title='bbox 1052 516 1242 586; x_wconf 59' lang='lat' dir='ltr'><strong>Judaei,</strong></span> <span class='ocrx_word' id='word_1_9' title='bbox 1268 532 1369 574; x_wconf 90' lang='lat' dir='ltr'><strong>nec</strong></span> <span class='ocrx_word' id='word_1_10' title='bbox 1393 518 1538 575; x_wconf 90' lang='lat' dir='ltr'><strong>enim</strong></span> <span class='ocrx_word' id='word_1_11' title='bbox 1572 520 1623 575; x_wconf 92' lang='lat' dir='ltr'><strong>in</strong></span> <span class='ocrx_word' id='word_1_12' title='bbox 1644 518 1838 576; x_wconf 79' lang='lat' dir='ltr'><strong>Filium</strong></span> <span class='ocrx_word' id='word_1_13' title='bbox 1864 520 1956 576; x_wconf 88' lang='lat' dir='ltr'><strong>Dei</strong></span> <span class='ocrx_word' id='word_1_14' title='bbox 1986 537 2092 576; x_wconf 91' lang='lat' dir='ltr'><strong>cre-</strong></span> 
     </span>
    </p>
   </div>
   <div class='ocr_carea' id='block_1_5' title="bbox 2200 516 3787 594">
    <p class='ocr_par' dir='ltr' id='par_1_5' title="bbox 2203 520 3787 594">
     <span class='ocr_line' id='line_1_5' title="bbox 2203 520 3787 594; baseline 0.001 -20"><span class='ocrx_word' id='word_1_15' title='bbox 2203 521 2292 574; x_wconf 69' lang='grc' dir='ltr'>τὸν</span> <span class='ocrx_word' id='word_1_16' title='bbox 2318 520 2425 573; x_wconf 79' lang='grc' dir='ltr'>ἀτεὺ</span> <span class='ocrx_word' id='word_1_17' title='bbox 2466 520 2572 573; x_wconf 87' lang='grc' dir='ltr'><strong>τῶν</strong></span> <span class='ocrx_word' id='word_1_18' title='bbox 2621 522 3003 593; x_wconf 72' lang='grc' dir='ltr'><strong>πνευματικῶν</strong></span> <span class='ocrx_word' id='word_1_19' title='bbox 3043 522 3139 593; x_wconf 80' lang='grc' dir='ltr'>τῆς</span> <span class='ocrx_word' id='word_1_20' title='bbox 3194 523 3461 594; x_wconf 74' lang='grc' dir='ltr'>πονηρίας</span> <span class='ocrx_word' id='word_1_21' title='bbox 3510 522 3787 593; x_wconf 71' lang='grc' dir='ltr'>Βαραῦὂᾶν</span> 
     </span>
    </p>
   </div>
   <div class='ocr_carea' id='block_1_6' title="bbox 530 609 2099 684">
    <p class='ocr_par' dir='ltr' id='par_1_6' title="bbox 530 609 2099 684">
     <span class='ocr_line' id='line_1_6' title="bbox 530 609 2099 684; baseline -0.001 -15"><span class='ocrx_word' id='word_1_22' title='bbox 530 614 814 679; x_wconf 82' lang='lat' dir='ltr'><strong>tlideruut;</strong></span> <span class='ocrx_word' id='word_1_23' title='bbox 851 619 906 665; x_wconf 90' lang='lat' dir='ltr'><strong>at</strong></span> <span class='ocrx_word' id='word_1_24' title='bbox 933 612 1197 666; x_wconf 79' lang='lat' dir='ltr'><strong>latronem</strong></span> <span class='ocrx_word' id='word_1_25' title='bbox 1227 609 1553 679; x_wconf 79' lang='lat' dir='ltr'><strong>Darabbam,</strong></span> <span class='ocrx_word' id='word_1_26' title='bbox 1586 612 1679 682; x_wconf 86' lang='lat' dir='ltr'><strong>qui</strong></span> <span class='ocrx_word' id='word_1_27' title='bbox 1708 613 1775 669; x_wconf 88' lang='lat' dir='ltr'><strong>de</strong></span> <span class='ocrx_word' id='word_1_28' title='bbox 1802 613 2099 684; x_wconf 86' lang='lat' dir='ltr'><strong>spirituali-</strong></span> 
     </span>
    </p>
   </div>
   <div class='ocr_carea' id='block_1_7' title="bbox 531 701 2102 773">
    <p class='ocr_par' dir='ltr' id='par_1_7' title="bbox 531 701 2102 773">
     <span class='ocr_line' id='line_1_7' title="bbox 531 701 2102 773; baseline 0.002 -15"><span class='ocrx_word' id='word_1_29' title='bbox 531 704 632 758; x_wconf 88' lang='lat' dir='ltr'><strong>bus</strong></span> <span class='ocrx_word' id='word_1_30' title='bbox 675 702 929 773; x_wconf 74' lang='lat' dir='ltr'><strong>nequitia:</strong></span> <span class='ocrx_word' id='word_1_31' title='bbox 982 711 1084 765; x_wconf 87' lang='lat' dir='ltr'><strong>est,</strong></span> <span class='ocrx_word' id='word_1_32' title='bbox 1124 701 1236 771; x_wconf 88' lang='lat' dir='ltr'><strong>jam</strong></span> <span class='ocrx_word' id='word_1_33' title='bbox 1283 703 1740 773; x_wconf 85' lang='lat' dir='ltr'><strong>comprehensum</strong></span> <span class='ocrx_word' id='word_1_34' title='bbox 1786 714 1842 759; x_wconf 91' lang='lat' dir='ltr'><strong>et</strong></span> <span class='ocrx_word' id='word_1_35' title='bbox 1886 720 2102 761; x_wconf 90' lang='lat' dir='ltr'><strong>carcere</strong></span> 
     </span>
    </p>
   </div>
   <div class='ocr_carea' id='block_1_8' title="bbox 528 792 2102 864">
    <p class='ocr_par' dir='ltr' id='par_1_8' title="bbox 528 792 2102 864">
     <span class='ocr_line' id='line_1_8' title="bbox 528 792 2102 864; baseline 0 -13"><span class='ocrx_word' id='word_1_36' title='bbox 528 792 849 851; x_wconf 89' lang='lat' dir='ltr'><strong>conclusum</strong></span> <span class='ocrx_word' id='word_1_37' title='bbox 897 807 1083 848; x_wconf 90' lang='lat' dir='ltr'><strong>secum</strong></span> <span class='ocrx_word' id='word_1_38' title='bbox 1137 793 1358 861; x_wconf 89' lang='lat' dir='ltr'><strong>habent,</strong></span> <span class='ocrx_word' id='word_1_39' title='bbox 1411 808 1573 864; x_wconf 86' lang='lat' dir='ltr'><strong>quem</strong></span> <span class='ocrx_word' id='word_1_40' title='bbox 1619 795 1908 852; x_wconf 89' lang='lat' dir='ltr'><strong>adversum</strong></span> <span class='ocrx_word' id='word_1_41' title='bbox 1937 812 1996 853; x_wconf 87' lang='lat' dir='ltr'><strong>se</strong></span> <span class='ocrx_word' id='word_1_42' title='bbox 2019 796 2102 852; x_wconf 92' lang='lat' dir='ltr'><strong>di-</strong></span> 
     </span>
    </p>
   </div>
   <div class='ocr_carea' id='block_1_9' title="bbox 530 885 2105 956">
    <p class='ocr_par' dir='ltr' id='par_1_9' title="bbox 530 885 2105 956">
     <span class='ocr_line' id='line_1_9' title="bbox 530 885 2105 956; baseline 0.001 -15"><span class='ocrx_word' id='word_1_43' title='bbox 530 888 672 942; x_wconf 90' lang='lat' dir='ltr'><strong>mitti</strong></span> <span class='ocrx_word' id='word_1_44' title='bbox 709 885 1126 956; x_wconf 80' lang='lat' dir='ltr'><strong>postulaverunt</strong></span> <span class='ocrx_word' id='word_1_45' title='bbox 1167 900 1180 937; x_wconf 92' lang='lat'><strong>:</strong></span> <span class='ocrx_word' id='word_1_46' title='bbox 1217 892 1501 955; x_wconf 87' lang='lat' dir='ltr'><strong>propterea</strong></span> <span class='ocrx_word' id='word_1_47' title='bbox 1552 885 1960 943; x_wconf 88' lang='lat' dir='ltr'><strong>incredulorum</strong></span> <span class='ocrx_word' id='word_1_48' title='bbox 2005 888 2105 943; x_wconf 85' lang='lat' dir='ltr'><strong>Ju-</strong></span> 
     </span>
    </p>
   </div>
   <div class='ocr_carea' id='block_1_10' title="bbox 528 977 1757 1047">
    <p class='ocr_par' dir='ltr' id='par_1_10' title="bbox 528 977 1757 1047">
     <span class='ocr_line' id='line_1_10' title="bbox 528 977 1757 1047; baseline 0.002 -13"><span class='ocrx_word' id='word_1_49' title='bbox 528 980 767 1035; x_wconf 85' lang='lat' dir='ltr'><strong>daeorum</strong></span> <span class='ocrx_word' id='word_1_50' title='bbox 798 977 1086 1047; x_wconf 88' lang='lat' dir='ltr'><strong>imperium</strong></span> <span class='ocrx_word' id='word_1_51' title='bbox 1120 985 1262 1031; x_wconf 89' lang='lat' dir='ltr'><strong>tenet</strong></span> <span class='ocrx_word' id='word_1_52' title='bbox 1293 977 1566 1035; x_wconf 84' lang='lat' dir='ltr'><strong>Barabbas</strong></span> <span class='ocrx_word' id='word_1_53' title='bbox 1597 978 1757 1036; x_wconf 86' lang='lat' dir='ltr'><strong>latro.</strong></span> 
     </span>
    </p>
   </div>
   <div class='ocr_carea' id='block_1_11' title="bbox 725 1111 1878 1186">
    <p class='ocr_par' dir='ltr' id='par_1_11' title="bbox 725 1111 1878 1186">
     <span class='ocr_line' id='line_1_11' title="bbox 725 1111 1878 1186; baseline 0.001 -18"><span class='ocrx_word' id='word_1_54' title='bbox 725 1114 817 1186; x_wconf 55' lang='grc' dir='ltr'><strong>υιὶε</strong></span> <span class='ocrx_word' id='word_1_55' title='bbox 851 1115 1054 1169; x_wconf 75' lang='lat' dir='ltr'><strong>sanatis</strong></span> <span class='ocrx_word' id='word_1_56' title='bbox 1084 1112 1136 1168; x_wconf 82' lang='lat' dir='ltr'><strong>in</strong></span> <span class='ocrx_word' id='word_1_57' title='bbox 1169 1111 1359 1182; x_wconf 83' lang='lat' dir='ltr'><strong>templo</strong></span> <span class='ocrx_word' id='word_1_58' title='bbox 1389 1113 1541 1167; x_wconf 69' lang='lat' dir='ltr'><strong>ca&#39;cis</strong></span> <span class='ocrx_word' id='word_1_59' title='bbox 1567 1121 1617 1167; x_wconf 85' lang='lat' dir='ltr'><strong>et</strong></span> <span class='ocrx_word' id='word_1_60' title='bbox 1651 1113 1878 1170; x_wconf 72' lang='lat' dir='ltr'><strong>claudis.</strong></span> 
     </span>
    </p>
   </div>
   <div class='ocr_carea' id='block_1_12' title="bbox 595 1227 2097 1284">
    <p class='ocr_par' dir='ltr' id='par_1_12' title="bbox 595 1227 2097 1284">
     <span class='ocr_line' id='line_1_12' title="bbox 595 1227 2097 1284; baseline 0.001 -2"><span class='ocrx_word' id='word_1_61' title='bbox 595 1228 685 1283; x_wconf 70' lang='grc'><strong>24.</strong></span> <span class='ocrx_word' id='word_1_62' title='bbox 739 1248 755 1277; x_wconf 81' lang='grc' dir='ltr'><strong>ι</strong></span> <span class='ocrx_word' id='word_1_63' title='bbox 791 1227 854 1281; x_wconf 85' lang='grc' dir='ltr'>Ει</span> <span class='ocrx_word' id='word_1_64' title='bbox 883 1234 1235 1283; x_wconf 89' lang='lat' dir='ltr'><strong>accesserunt</strong></span> <span class='ocrx_word' id='word_1_65' title='bbox 1283 1227 1349 1281; x_wconf 89' lang='lat' dir='ltr'><strong>ad</strong></span> <span class='ocrx_word' id='word_1_66' title='bbox 1386 1242 1510 1282; x_wconf 91' lang='lat' dir='ltr'><strong>eum</strong></span> <span class='ocrx_word' id='word_1_67' title='bbox 1555 1228 1680 1283; x_wconf 65' lang='lat' dir='ltr'><strong>caeci</strong></span> <span class='ocrx_word' id='word_1_68' title='bbox 1720 1237 1775 1282; x_wconf 90' lang='lat' dir='ltr'><strong>et</strong></span> <span class='ocrx_word' id='word_1_69' title='bbox 1813 1228 1993 1284; x_wconf 85' lang='lat' dir='ltr'><strong>claudi</strong></span> <span class='ocrx_word' id='word_1_70' title='bbox 2044 1230 2097 1283; x_wconf 91' lang='lat' dir='ltr'><strong>in</strong></span> 
     </span>
    </p>
   </div>
   <div class='ocr_carea' id='block_1_13' title="bbox 528 1318 2094 1390">
    <p class='ocr_par' dir='ltr' id='par_1_13' title="bbox 528 1318 2094 1390">
     <span class='ocr_line' id='line_1_13' title="bbox 528 1318 2094 1390; baseline -0.003 -16"><span class='ocrx_word' id='word_1_71' title='bbox 528 1320 746 1390; x_wconf 81' lang='lat' dir='ltr'><strong>templo,</strong></span> <span class='ocrx_word' id='word_1_72' title='bbox 779 1328 833 1374; x_wconf 92' lang='lat' dir='ltr'><strong>ct</strong></span> <span class='ocrx_word' id='word_1_73' title='bbox 863 1318 1076 1374; x_wconf 89' lang='lat' dir='ltr'><strong>sanavit</strong></span> <span class='ocrx_word' id='word_1_74' title='bbox 1117 1332 1213 1373; x_wconf 88' lang='lat' dir='ltr'><strong>eos</strong></span> <span class='ocrx_word' id='word_1_75' title='bbox 1233 1318 1301 1383; x_wconf 67' lang='grc'><strong>’³,</strong></span> <span class='ocrx_word' id='word_1_76' title='bbox 1328 1337 1346 1371; x_wconf 63' lang='grc' dir='ltr'><strong>ν</strong></span> <span class='ocrx_word' id='word_1_77' title='bbox 1395 1328 1448 1372; x_wconf 93' lang='lat' dir='ltr'><strong>et</strong></span> <span class='ocrx_word' id='word_1_78' title='bbox 1478 1318 1688 1389; x_wconf 87' lang='lat' dir='ltr'><strong>reliqua</strong></span> <span class='ocrx_word' id='word_1_79' title='bbox 1723 1335 1894 1389; x_wconf 88' lang='lat' dir='ltr'><strong>usque</strong></span> <span class='ocrx_word' id='word_1_80' title='bbox 1920 1319 1985 1373; x_wconf 91' lang='lat' dir='ltr'><strong>ad</strong></span> <span class='ocrx_word' id='word_1_81' title='bbox 2016 1318 2094 1373; x_wconf 53' lang='lat' dir='ltr'><strong>id&#39;:</strong></span> 
     </span>
    </p>
   </div>
   <div class='ocr_carea' id='block_1_14' title="bbox 532 1410 2119 1482">
    <p class='ocr_par' dir='ltr' id='par_1_14' title="bbox 532 1410 2119 1482">
     <span class='ocr_line' id='line_1_14' title="bbox 532 1410 2119 1482; baseline -0.001 -16"><span class='ocrx_word' id='word_1_82' title='bbox 532 1412 640 1468; x_wconf 74' lang='lat' dir='ltr'><strong>cEx</strong></span> <span class='ocrx_word' id='word_1_83' title='bbox 667 1428 761 1468; x_wconf 91' lang='lat' dir='ltr'><strong>ore</strong></span> <span class='ocrx_word' id='word_1_84' title='bbox 784 1412 1068 1467; x_wconf 78' lang='lat' dir='ltr'><strong>infantium</strong></span> <span class='ocrx_word' id='word_1_85' title='bbox 1093 1420 1147 1466; x_wconf 92' lang='lat' dir='ltr'><strong>et</strong></span> <span class='ocrx_word' id='word_1_86' title='bbox 1179 1410 1493 1466; x_wconf 88' lang='lat' dir='ltr'><strong>lactentium</strong></span> <span class='ocrx_word' id='word_1_87' title='bbox 1526 1410 1799 1482; x_wconf 82' lang='lat' dir='ltr'><strong>perfecisti</strong></span> <span class='ocrx_word' id='word_1_88' title='bbox 1826 1412 2119 1473; x_wconf 59' lang='lat' dir='ltr'><strong>laudema,</strong></span> 
     </span>
    </p>
   </div>
   <div class='ocr_carea' id='block_1_15' title="bbox 525 1500 2091 1574">
    <p class='ocr_par' dir='ltr' id='par_1_15' title="bbox 525 1500 2091 1574">
     <span class='ocr_line' id='line_1_15' title="bbox 525 1500 2091 1574; baseline -0.003 -13"><span class='ocrx_word' id='word_1_89' title='bbox 525 1505 740 1562; x_wconf 69' lang='lat' dir='ltr'><strong>Litterae</strong></span> <span class='ocrx_word' id='word_1_90' title='bbox 784 1520 979 1561; x_wconf 87' lang='lat' dir='ltr'><strong>sensus</strong></span> <span class='ocrx_word' id='word_1_91' title='bbox 1025 1504 1219 1574; x_wconf 89' lang='lat' dir='ltr'><strong>planus</strong></span> <span class='ocrx_word' id='word_1_92' title='bbox 1265 1511 1348 1558; x_wconf 83' lang='lat' dir='ltr'><strong>est</strong></span> <span class='ocrx_word' id='word_1_93' title='bbox 1385 1511 1441 1557; x_wconf 92' lang='lat' dir='ltr'><strong>et</strong></span> <span class='ocrx_word' id='word_1_94' title='bbox 1485 1500 1694 1569; x_wconf 73' lang='lat' dir='ltr'><strong>facilis;</strong></span> <span class='ocrx_word' id='word_1_95' title='bbox 1729 1503 1823 1558; x_wconf 90' lang='lat' dir='ltr'><strong>sed</strong></span> <span class='ocrx_word' id='word_1_96' title='bbox 1869 1512 1927 1557; x_wconf 91' lang='lat' dir='ltr'><strong>ut</strong></span> <span class='ocrx_word' id='word_1_97' title='bbox 1959 1518 2091 1558; x_wconf 82' lang='lat' dir='ltr'><strong>ana-</strong></span> 
     </span>
    </p>
   </div>
   <div class='ocr_carea' id='block_1_16' title="bbox 522 1593 2097 1667">
    <p class='ocr_par' dir='ltr' id='par_1_16' title="bbox 522 1593 2097 1667">
     <span class='ocr_line' id='line_1_16' title="bbox 522 1593 2097 1667; baseline -0.001 -19"><span class='ocrx_word' id='word_1_98' title='bbox 522 1598 743 1667; x_wconf 78' lang='lat' dir='ltr'><strong>gngicas</strong></span> <span class='ocrx_word' id='word_1_99' title='bbox 795 1595 1271 1666; x_wconf 82' lang='lat' dir='ltr'><strong>interpretationes</strong></span> <span class='ocrx_word' id='word_1_100' title='bbox 1305 1609 1471 1665; x_wconf 86' lang='lat' dir='ltr'><strong>supra</strong></span> <span class='ocrx_word' id='word_1_101' title='bbox 1522 1593 1747 1650; x_wconf 88' lang='lat' dir='ltr'><strong>traditas</strong></span> <span class='ocrx_word' id='word_1_102' title='bbox 1783 1608 2097 1664; x_wconf 89' lang='lat' dir='ltr'><strong>persequar,</strong></span> 
     </span>
    </p>
   </div>
   <div class='ocr_carea' id='block_1_17' title="bbox 522 1685 2097 1759">
    <p class='ocr_par' dir='ltr' id='par_1_17' title="bbox 522 1685 2097 1759">
     <span class='ocr_line' id='line_1_17' title="bbox 522 1685 2097 1759; baseline -0.004 -13"><span class='ocrx_word' id='word_1_103' title='bbox 522 1693 576 1746; x_wconf 92' lang='lat' dir='ltr'><strong>in</strong></span> <span class='ocrx_word' id='word_1_104' title='bbox 629 1689 826 1759; x_wconf 90' lang='lat' dir='ltr'><strong>templo</strong></span> <span class='ocrx_word' id='word_1_105' title='bbox 876 1688 991 1753; x_wconf 91' lang='lat' dir='ltr'><strong>Dei,</strong></span> <span class='ocrx_word' id='word_1_106' title='bbox 1042 1688 1205 1743; x_wconf 89' lang='lat' dir='ltr'><strong>domo</strong></span> <span class='ocrx_word' id='word_1_107' title='bbox 1262 1687 1545 1754; x_wconf 88' lang='lat' dir='ltr'><strong>orationis,</strong></span> <span class='ocrx_word' id='word_1_108' title='bbox 1593 1685 1835 1742; x_wconf 85' lang='lat' dir='ltr'><strong>Ecclesia</strong></span> <span class='ocrx_word' id='word_1_109' title='bbox 1873 1686 2097 1751; x_wconf 82' lang='lat' dir='ltr'><strong>scilicet,</strong></span> 
     </span>
    </p>
   </div>
   <div class='ocr_carea' id='block_1_18' title="bbox 520 1779 2095 1850">
    <p class='ocr_par' dir='ltr' id='par_1_18' title="bbox 520 1779 2095 1850">
     <span class='ocr_line' id='line_1_18' title="bbox 520 1779 2095 1850; baseline -0.004 -13"><span class='ocrx_word' id='word_1_110' title='bbox 520 1798 629 1839; x_wconf 88' lang='lat' dir='ltr'><strong>non</strong></span> <span class='ocrx_word' id='word_1_111' title='bbox 667 1796 861 1837; x_wconf 89' lang='lat' dir='ltr'><strong>onmcs</strong></span> <span class='ocrx_word' id='word_1_112' title='bbox 904 1780 1122 1846; x_wconf 87' lang='lat' dir='ltr'><strong>videre,</strong></span> <span class='ocrx_word' id='word_1_113' title='bbox 1174 1796 1351 1850; x_wconf 88' lang='lat' dir='ltr'><strong>neque</strong></span> <span class='ocrx_word' id='word_1_114' title='bbox 1399 1794 1612 1843; x_wconf 85' lang='lat' dir='ltr'><strong>onmes,</strong></span> <span class='ocrx_word' id='word_1_115' title='bbox 1647 1788 1707 1833; x_wconf 94' lang='lat' dir='ltr'><strong>ut</strong></span> <span class='ocrx_word' id='word_1_116' title='bbox 1754 1779 1825 1832; x_wconf 88' lang='lat' dir='ltr'><strong>ita</strong></span> <span class='ocrx_word' id='word_1_117' title='bbox 1880 1779 2095 1849; x_wconf 90' lang='lat' dir='ltr'><strong>loquar,</strong></span> 
     </span>
    </p>
   </div>
   <div class='ocr_carea' id='block_1_19' title="bbox 2204 613 3789 688">
    <p class='ocr_par' dir='ltr' id='par_1_19' title="bbox 2204 613 3789 688">
     <span class='ocr_line' id='line_1_19' title="bbox 2204 613 3789 688; baseline 0.001 -21"><span class='ocrx_word' id='word_1_118' title='bbox 2204 614 2295 667; x_wconf 80' lang='grc' dir='ltr'><strong>τὸν</strong></span> <span class='ocrx_word' id='word_1_119' title='bbox 2318 613 2518 685; x_wconf 76' lang='grc' dir='ltr'>λῃστὴν</span> <span class='ocrx_word' id='word_1_120' title='bbox 2543 614 2644 686; x_wconf 70' lang='grc' dir='ltr'>ήδη</span> <span class='ocrx_word' id='word_1_121' title='bbox 2672 615 3083 688; x_wconf 74' lang='grc' dir='ltr'><strong>κεκρατημένον</strong></span> <span class='ocrx_word' id='word_1_122' title='bbox 3109 656 3123 679; x_wconf 91' lang='grc'><strong>,</strong></span> <span class='ocrx_word' id='word_1_123' title='bbox 3153 617 3247 670; x_wconf 70' lang='grc' dir='ltr'><strong>καὶ</strong></span> <span class='ocrx_word' id='word_1_124' title='bbox 3280 620 3362 680; x_wconf 76' lang='grc' dir='ltr'><strong>είς</strong></span> <span class='ocrx_word' id='word_1_125' title='bbox 3406 615 3664 686; x_wconf 76' lang='grc' dir='ltr'>φυλακὴν</span> <span class='ocrx_word' id='word_1_126' title='bbox 3701 634 3789 669; x_wconf 58' lang='grc' dir='ltr'>καφ</span> 
     </span>
    </p>
   </div>
   <div class='ocr_carea' id='block_1_20' title="bbox 2201 703 3789 777">
    <p class='ocr_par' dir='ltr' id='par_1_20' title="bbox 2201 703 3789 777">
     <span class='ocr_line' id='line_1_20' title="bbox 2201 703 3789 777; baseline 0.001 -19"><span class='ocrx_word' id='word_1_127' title='bbox 2201 703 2676 776; x_wconf 77' lang='grc' dir='ltr'>τακεκλεισμένον,</span> <span class='ocrx_word' id='word_1_128' title='bbox 2712 706 2770 758; x_wconf 84' lang='grc' dir='ltr'>ὃν</span> <span class='ocrx_word' id='word_1_129' title='bbox 2796 705 2917 759; x_wconf 85' lang='grc' dir='ltr'>καθ’</span> <span class='ocrx_word' id='word_1_130' title='bbox 2940 705 3147 760; x_wconf 81' lang='grc' dir='ltr'>ἑαυτῶν</span> <span class='ocrx_word' id='word_1_131' title='bbox 3171 707 3283 777; x_wconf 79' lang='grc'><strong>(31)</strong></span> <span class='ocrx_word' id='word_1_132' title='bbox 3318 705 3570 776; x_wconf 70' lang='grc' dir='ltr'>ἠξίωσαν</span> <span class='ocrx_word' id='word_1_133' title='bbox 3598 705 3789 759; x_wconf 72' lang='grc' dir='ltr'>ἀπολυο</span> 
     </span>
    </p>
   </div>
   <div class='ocr_carea' id='block_1_21' title="bbox 2203 794 3787 868">
    <p class='ocr_par' dir='ltr' id='par_1_21' title="bbox 2203 794 3787 868">
     <span class='ocr_line' id='line_1_21' title="bbox 2203 794 3787 868; baseline 0 -21"><span class='ocrx_word' id='word_1_134' title='bbox 2203 794 2363 866; x_wconf 82' lang='grc' dir='ltr'>θῆναι</span> <span class='ocrx_word' id='word_1_135' title='bbox 2378 813 2390 825; x_wconf 66' lang='grc' dir='ltr'><strong>θ</strong></span> <span class='ocrx_word' id='word_1_136' title='bbox 2422 794 2510 848; x_wconf 77' lang='grc' dir='ltr'>διὰ</span> <span class='ocrx_word' id='word_1_137' title='bbox 2525 794 2684 855; x_wconf 78' lang='grc' dir='ltr'>τοῦτο</span> <span class='ocrx_word' id='word_1_138' title='bbox 2699 795 2857 868; x_wconf 82' lang='grc' dir='ltr'>ἄρχει</span> <span class='ocrx_word' id='word_1_139' title='bbox 2877 795 2986 859; x_wconf 60' lang='grc' dir='ltr'><strong>τῶν</strong></span> <span class='ocrx_word' id='word_1_140' title='bbox 3005 796 3247 850; x_wconf 82' lang='grc' dir='ltr'>ἀπίστων</span> <span class='ocrx_word' id='word_1_141' title='bbox 3282 795 3561 850; x_wconf 79' lang='grc' dir='ltr'><strong>Ἰουδαίων</strong></span> <span class='ocrx_word' id='word_1_142' title='bbox 3586 795 3787 867; x_wconf 71' lang='grc' dir='ltr'>Βαραϐ-</span> 
     </span>
    </p>
   </div>
   <div class='ocr_carea' id='block_1_22' title="bbox 2203 888 2622 960">
    <p class='ocr_par' dir='ltr' id='par_1_22' title="bbox 2203 888 2622 960">
     <span class='ocr_line' id='line_1_22' title="bbox 2203 888 2622 960; baseline 0.005 -21"><span class='ocrx_word' id='word_1_143' title='bbox 2203 888 2304 951; x_wconf 77' lang='grc' dir='ltr'><strong>ϐᾶς</strong></span> <span class='ocrx_word' id='word_1_144' title='bbox 2336 889 2365 941; x_wconf 86' lang='grc' dir='ltr'>ὁ</span> <span class='ocrx_word' id='word_1_145' title='bbox 2397 888 2622 960; x_wconf 71' lang='grc' dir='ltr'>λῃστής.</span> 
     </span>
    </p>
   </div>
   <div class='ocr_carea' id='block_1_23' title="bbox 2269 1069 3725 1142">
    <p class='ocr_par' dir='ltr' id='par_1_23' title="bbox 2269 1069 3725 1142">
     <span class='ocr_line' id='line_1_23' title="bbox 2269 1069 3725 1142; baseline 0.001 -17"><span class='ocrx_word' id='word_1_146' title='bbox 2269 1070 2409 1140; x_wconf 79' lang='grc' dir='ltr'>Περί</span> <span class='ocrx_word' id='word_1_147' title='bbox 2437 1069 2556 1124; x_wconf 78' lang='grc' dir='ltr'>τῶν</span> <span class='ocrx_word' id='word_1_148' title='bbox 2584 1072 2653 1124; x_wconf 79' lang='grc' dir='ltr'>ἐν</span> <span class='ocrx_word' id='word_1_149' title='bbox 2685 1070 2762 1136; x_wconf 86' lang='grc' dir='ltr'>τῷ</span> <span class='ocrx_word' id='word_1_150' title='bbox 2797 1071 2931 1139; x_wconf 74' lang='grc' dir='ltr'>ἱερῷ</span> <span class='ocrx_word' id='word_1_151' title='bbox 2965 1072 3453 1142; x_wconf 72' lang='grc' dir='ltr'>θεραπευθέντων</span> <span class='ocrx_word' id='word_1_152' title='bbox 3475 1071 3725 1142; x_wconf 58' lang='grc' dir='ltr'>τυφλῶν</span> 
     </span>
    </p>
   </div>
   <div class='ocr_carea' id='block_1_24' title="bbox 2805 1141 3184 1211">
    <p class='ocr_par' dir='ltr' id='par_1_24' title="bbox 2805 1141 3184 1211">
     <span class='ocr_line' id='line_1_24' title="bbox 2805 1141 3184 1211; baseline 0.003 -16"><span class='ocrx_word' id='word_1_153' title='bbox 2805 1143 2902 1195; x_wconf 76' lang='grc' dir='ltr'>καὶ</span> <span class='ocrx_word' id='word_1_154' title='bbox 2954 1141 3184 1211; x_wconf 64' lang='grc' dir='ltr'>χωλῶν.</span> 
     </span>
    </p>
   </div>
   <div class='ocr_carea' id='block_1_25' title="bbox 2280 1232 3781 1306">
    <p class='ocr_par' dir='ltr' id='par_1_25' title="bbox 2280 1232 3781 1306">
     <span class='ocr_line' id='line_1_25' title="bbox 2280 1232 3781 1306; baseline 0 -20"><span class='ocrx_word' id='word_1_155' title='bbox 2280 1253 2297 1286; x_wconf 81' lang='grc' dir='ltr'><strong>ι</strong></span> <span class='ocrx_word' id='word_1_156' title='bbox 2332 1233 2440 1288; x_wconf 79' lang='grc' dir='ltr'><strong>Καὶ</strong></span> <span class='ocrx_word' id='word_1_157' title='bbox 2493 1232 2797 1305; x_wconf 79' lang='grc' dir='ltr'>προσῆλθον</span> <span class='ocrx_word' id='word_1_158' title='bbox 2836 1234 2985 1305; x_wconf 83' lang='grc' dir='ltr'>αὐτῷ</span> <span class='ocrx_word' id='word_1_159' title='bbox 3028 1235 3218 1304; x_wconf 71' lang='grc' dir='ltr'>τυφλοὶ</span> <span class='ocrx_word' id='word_1_160' title='bbox 3265 1235 3359 1289; x_wconf 70' lang='grc' dir='ltr'><strong>καὶ</strong></span> <span class='ocrx_word' id='word_1_161' title='bbox 3404 1235 3576 1306; x_wconf 77' lang='grc' dir='ltr'>χωλοὶ</span> <span class='ocrx_word' id='word_1_162' title='bbox 3622 1238 3679 1288; x_wconf 76' lang='grc' dir='ltr'>ὲν</span> <span class='ocrx_word' id='word_1_163' title='bbox 3715 1236 3781 1305; x_wconf 75' lang='grc' dir='ltr'>τῷ</span> 
     </span>
    </p>
   </div>
   <div class='ocr_carea' id='block_1_26' title="bbox 2201 1323 3830 1399">
    <p class='ocr_par' dir='ltr' id='par_1_26' title="bbox 2201 1323 3830 1399">
     <span class='ocr_line' id='line_1_26' title="bbox 2201 1323 3830 1399; baseline 0.001 -20"><span class='ocrx_word' id='word_1_164' title='bbox 2201 1325 2354 1398; x_wconf 72' lang='grc' dir='ltr'>ἱερῷ,</span> <span class='ocrx_word' id='word_1_165' title='bbox 2404 1326 2498 1380; x_wconf 81' lang='grc' dir='ltr'>καὶ</span> <span class='ocrx_word' id='word_1_166' title='bbox 2540 1323 2906 1398; x_wconf 77' lang='grc' dir='ltr'>ἐθεράπευσεν</span> <span class='ocrx_word' id='word_1_167' title='bbox 2946 1327 3161 1394; x_wconf 77' lang='grc' dir='ltr'>αὐτοὺς,</span> <span class='ocrx_word' id='word_1_168' title='bbox 3206 1347 3224 1379; x_wconf 76' lang='grc' dir='ltr'><strong>ι</strong></span> <span class='ocrx_word' id='word_1_169' title='bbox 3264 1328 3356 1381; x_wconf 80' lang='grc' dir='ltr'><strong>καὶ</strong></span> <span class='ocrx_word' id='word_1_170' title='bbox 3397 1327 3467 1380; x_wconf 76' lang='grc' dir='ltr'>τὰ</span> <span class='ocrx_word' id='word_1_171' title='bbox 3512 1328 3647 1399; x_wconf 77' lang='grc' dir='ltr'><strong>ἑξῆς</strong></span> <span class='ocrx_word' id='word_1_172' title='bbox 3689 1328 3781 1391; x_wconf 78' lang='grc' dir='ltr'>ἓως</span> <span class='ocrx_word' id='word_1_173' title='bbox 3818 1386 3830 1399; x_wconf 44' lang='grc'><em>,</em></span> 
     </span>
    </p>
   </div>
   <div class='ocr_carea' id='block_1_27' title="bbox 2200 1419 3781 1493">
    <p class='ocr_par' dir='ltr' id='par_1_27' title="bbox 2200 1419 3781 1493">
     <span class='ocr_line' id='line_1_27' title="bbox 2200 1419 3781 1493; baseline -0.001 -20"><span class='ocrx_word' id='word_1_174' title='bbox 2200 1419 2294 1473; x_wconf 86' lang='grc' dir='ltr'><strong>τοῦ</strong></span> <span class='ocrx_word' id='word_1_175' title='bbox 2316 1438 2327 1448; x_wconf 92' lang='grc'>·</span> <span class='ocrx_word' id='word_1_176' title='bbox 2371 1437 2389 1471; x_wconf 77' lang='grc' dir='ltr'><strong>ι</strong></span> <span class='ocrx_word' id='word_1_177' title='bbox 2443 1419 2536 1473; x_wconf 88' lang='grc' dir='ltr'>Ἐκ</span> <span class='ocrx_word' id='word_1_178' title='bbox 2568 1419 2834 1490; x_wconf 85' lang='grc' dir='ltr'>στόματος</span> <span class='ocrx_word' id='word_1_179' title='bbox 2860 1420 3067 1490; x_wconf 84' lang='grc' dir='ltr'>νηπίων</span> <span class='ocrx_word' id='word_1_180' title='bbox 3092 1422 3186 1475; x_wconf 76' lang='grc' dir='ltr'>καὶ</span> <span class='ocrx_word' id='word_1_181' title='bbox 3214 1421 3566 1492; x_wconf 76' lang='grc' dir='ltr'><strong>θηλαζόντων</strong></span> <span class='ocrx_word' id='word_1_182' title='bbox 3590 1438 3781 1493; x_wconf 71' lang='grc' dir='ltr'>κατηρ-</span> 
     </span>
    </p>
   </div>
   <div class='ocr_carea' id='block_1_28' title="bbox 2200 1507 3779 1583">
    <p class='ocr_par' dir='ltr' id='par_1_28' title="bbox 2200 1507 3779 1583">
     <span class='ocr_line' id='line_1_28' title="bbox 2200 1507 3779 1583; baseline -0.001 -19"><span class='ocrx_word' id='word_1_183' title='bbox 2200 1511 2335 1565; x_wconf 88' lang='grc' dir='ltr'>τίσω</span> <span class='ocrx_word' id='word_1_184' title='bbox 2366 1507 2535 1565; x_wconf 75' lang='grc' dir='ltr'>αἶνον.</span> <span class='ocrx_word' id='word_1_185' title='bbox 2567 1530 2585 1562; x_wconf 74' lang='grc' dir='ltr'><strong>ι</strong></span> <span class='ocrx_word' id='word_1_186' title='bbox 2622 1510 2701 1564; x_wconf 70' lang='lat' dir='ltr'><strong>Td</strong></span> <span class='ocrx_word' id='word_1_187' title='bbox 2736 1511 2835 1581; x_wconf 82' lang='grc' dir='ltr'><strong>μὲν</strong></span> <span class='ocrx_word' id='word_1_188' title='bbox 2854 1511 2951 1583; x_wconf 86' lang='grc' dir='ltr'><strong>τῆς</strong></span> <span class='ocrx_word' id='word_1_189' title='bbox 2977 1510 3171 1575; x_wconf 81' lang='grc' dir='ltr'>λέξεως</span> <span class='ocrx_word' id='word_1_190' title='bbox 3203 1511 3366 1582; x_wconf 65' lang='grc' dir='ltr'>δῆλω</span> <span class='ocrx_word' id='word_1_191' title='bbox 3396 1510 3779 1573; x_wconf 70' lang='grc' dir='ltr'>ἀκολούθωςᾶ</span> 
     </span>
    </p>
   </div>
   <div class='ocr_carea' id='block_1_29' title="bbox 2200 1602 3781 1675">
    <p class='ocr_par' dir='ltr' id='par_1_29' title="bbox 2200 1602 3781 1675">
     <span class='ocr_line' id='line_1_29' title="bbox 2200 1602 3781 1675; baseline -0.004 -18"><span class='ocrx_word' id='word_1_192' title='bbox 2200 1605 2319 1667; x_wconf 83' lang='grc' dir='ltr'>ταῖς</span> <span class='ocrx_word' id='word_1_193' title='bbox 2367 1602 2894 1675; x_wconf 81' lang='grc' dir='ltr'>προαποδεδομέναις</span> <span class='ocrx_word' id='word_1_194' title='bbox 2950 1604 3258 1672; x_wconf 78' lang='grc' dir='ltr'><strong>ἀναγωγαῖς</strong></span> <span class='ocrx_word' id='word_1_195' title='bbox 3302 1602 3555 1666; x_wconf 80' lang='grc' dir='ltr'><strong>λεκτέον,</strong></span> <span class='ocrx_word' id='word_1_196' title='bbox 3613 1603 3693 1654; x_wconf 84' lang='grc' dir='ltr'>ὅτι</span> <span class='ocrx_word' id='word_1_197' title='bbox 3730 1604 3781 1653; x_wconf 82' lang='grc' dir='ltr'>ὲν</span> 
     </span>
    </p>
   </div>
   <div class='ocr_carea' id='block_1_30' title="bbox 2201 1694 3782 1768">
    <p class='ocr_par' dir='ltr' id='par_1_30' title="bbox 2201 1694 3782 1768">
     <span class='ocr_line' id='line_1_30' title="bbox 2201 1694 3782 1768; baseline -0.001 -19"><span class='ocrx_word' id='word_1_198' title='bbox 2201 1697 2279 1767; x_wconf 83' lang='grc' dir='ltr'>τῷ</span> <span class='ocrx_word' id='word_1_199' title='bbox 2315 1694 2444 1768; x_wconf 84' lang='grc' dir='ltr'><strong>ἱερῷ</strong></span> <span class='ocrx_word' id='word_1_200' title='bbox 2477 1694 2570 1749; x_wconf 90' lang='grc' dir='ltr'><strong>τοῦ</strong></span> <span class='ocrx_word' id='word_1_201' title='bbox 2603 1695 2760 1759; x_wconf 82' lang='grc' dir='ltr'>Θεοῦ,</span> <span class='ocrx_word' id='word_1_202' title='bbox 2796 1694 2873 1766; x_wconf 82' lang='grc' dir='ltr'>τῷ</span> <span class='ocrx_word' id='word_1_203' title='bbox 2901 1695 3036 1766; x_wconf 69' lang='grc' dir='ltr'>οἴκῳ</span> <span class='ocrx_word' id='word_1_204' title='bbox 3063 1695 3163 1766; x_wconf 83' lang='grc' dir='ltr'>τῆς</span> <span class='ocrx_word' id='word_1_205' title='bbox 3187 1694 3522 1767; x_wconf 71' lang='grc' dir='ltr'>προσευχῆς,</span> <span class='ocrx_word' id='word_1_206' title='bbox 3560 1698 3629 1766; x_wconf 79' lang='grc' dir='ltr'>τῇ</span> <span class='ocrx_word' id='word_1_207' title='bbox 3674 1695 3782 1747; x_wconf 77' lang='grc' dir='ltr'><strong>Ἐκ-</strong></span> 
     </span>
    </p>
   </div>
   <div class='ocr_carea' id='block_1_31' title="bbox 2201 1786 3781 1859">
    <p class='ocr_par' dir='ltr' id='par_1_31' title="bbox 2201 1786 3781 1859">
     <span class='ocr_line' id='line_1_31' title="bbox 2201 1786 3781 1859; baseline -0.001 -18"><span class='ocrx_word' id='word_1_208' title='bbox 2201 1788 2420 1859; x_wconf 67' lang='grc' dir='ltr'>κλησίᾳ,</span> <span class='ocrx_word' id='word_1_209' title='bbox 2452 1788 2513 1840; x_wconf 83' lang='grc' dir='ltr'><strong>ού</strong></span> <span class='ocrx_word' id='word_1_210' title='bbox 2548 1786 2747 1855; x_wconf 69' lang='grc' dir='ltr'>πᾴντες</span> <span class='ocrx_word' id='word_1_211' title='bbox 2790 1788 2898 1841; x_wconf 80' lang='grc' dir='ltr'>είσὶ</span> <span class='ocrx_word' id='word_1_212' title='bbox 2943 1787 3255 1858; x_wconf 78' lang='grc' dir='ltr'>βλέποντες,</span> <span class='ocrx_word' id='word_1_213' title='bbox 3295 1787 3442 1851; x_wconf 74' lang='grc' dir='ltr'>οὐδὲ,</span> <span class='ocrx_word' id='word_1_214' title='bbox 3492 1788 3566 1840; x_wconf 73' lang='grc' dir='ltr'><strong>ἶν’</strong></span> <span class='ocrx_word' id='word_1_215' title='bbox 3617 1786 3781 1850; x_wconf 71' lang='grc' dir='ltr'>οὕτως</span> 
     </span>
    </p>
   </div>
   <div class='ocr_carea' id='block_1_32' title="bbox 519 1871 2092 1951">
    <p class='ocr_par' dir='ltr' id='par_1_32' title="bbox 519 1871 2091 1946">
     <span class='ocr_line' id='line_1_32' title="bbox 519 1871 2091 1946; baseline -0.003 -15"><span class='ocrx_word' id='word_1_216' title='bbox 519 1884 669 1931; x_wconf 91' lang='lat' dir='ltr'><strong>recto</strong></span> <span class='ocrx_word' id='word_1_217' title='bbox 716 1876 851 1946; x_wconf 87' lang='lat' dir='ltr'><strong>pede</strong></span> <span class='ocrx_word' id='word_1_218' title='bbox 908 1872 1160 1929; x_wconf 85' lang='lat' dir='ltr'><strong>incedere</strong></span> <span class='ocrx_word' id='word_1_219' title='bbox 1227 1871 1516 1927; x_wconf 89' lang='lat' dir='ltr'><strong>dicendum</strong></span> <span class='ocrx_word' id='word_1_220' title='bbox 1566 1880 1695 1937; x_wconf 88' lang='lat' dir='ltr'><strong>est;</strong></span> <span class='ocrx_word' id='word_1_221' title='bbox 1748 1887 1870 1925; x_wconf 90' lang='lat' dir='ltr'><strong>nam</strong></span> <span class='ocrx_word' id='word_1_222' title='bbox 1914 1887 1981 1926; x_wconf 77' lang='lat' dir='ltr'><strong>ex</strong></span> <span class='ocrx_word' id='word_1_223' title='bbox 2025 1871 2091 1926; x_wconf 91' lang='lat' dir='ltr'><strong>iis</strong></span> 
     </span>
    </p>
   </div>
   <div class='ocr_carea' id='block_1_33' title="bbox 2200 1871 3778 1951">
    <p class='ocr_par' dir='ltr' id='par_1_33' title="bbox 2200 1876 3778 1951">
     <span class='ocr_line' id='line_1_33' title="bbox 2200 1876 3778 1951; baseline -0.002 -19"><span class='ocrx_word' id='word_1_224' title='bbox 2200 1879 2470 1949; x_wconf 81' lang='grc' dir='ltr'>ὀνομάσω,</span> <span class='ocrx_word' id='word_1_225' title='bbox 2503 1877 2957 1951; x_wconf 73' lang='grc' dir='ltr'>ὀρθοποδοῦντεςσ</span> <span class='ocrx_word' id='word_1_226' title='bbox 2990 1879 3096 1933; x_wconf 74' lang='grc' dir='ltr'>εἰσὶ</span> <span class='ocrx_word' id='word_1_227' title='bbox 3125 1878 3234 1949; x_wconf 82' lang='grc' dir='ltr'>γάρ</span> <span class='ocrx_word' id='word_1_228' title='bbox 3263 1894 3409 1941; x_wconf 86' lang='grc' dir='ltr'>τινες</span> <span class='ocrx_word' id='word_1_229' title='bbox 3444 1878 3541 1930; x_wconf 71' lang='grc' dir='ltr'>καὶ</span> <span class='ocrx_word' id='word_1_230' title='bbox 3575 1876 3778 1945; x_wconf 54' lang='grc' dir='ltr'>τυφλοὶ,</span> 
     </span>
    </p>
   </div>
   <div class='ocr_carea' id='block_1_34' title="bbox 517 1963 2091 2041">
    <p class='ocr_par' dir='ltr' id='par_1_34' title="bbox 517 1963 2091 2041">
     <span class='ocr_line' id='line_1_34' title="bbox 517 1963 2091 2041; baseline -0.004 -18"><span class='ocrx_word' id='word_1_231' title='bbox 517 1968 611 2041; x_wconf 85' lang='lat' dir='ltr'><strong>qui</strong></span> <span class='ocrx_word' id='word_1_232' title='bbox 641 1967 952 2037; x_wconf 78' lang='lat' dir='ltr'><strong>congregati</strong></span> <span class='ocrx_word' id='word_1_233' title='bbox 991 1976 1139 2030; x_wconf 92' lang='lat' dir='ltr'><strong>sunt,</strong></span> <span class='ocrx_word' id='word_1_234' title='bbox 1172 1965 1305 2021; x_wconf 83' lang='lat' dir='ltr'><strong>caeci</strong></span> <span class='ocrx_word' id='word_1_235' title='bbox 1342 1972 1471 2020; x_wconf 90' lang='lat' dir='ltr'><strong>sunt</strong></span> <span class='ocrx_word' id='word_1_236' title='bbox 1504 1963 1777 2030; x_wconf 91' lang='lat' dir='ltr'><strong>nonnulli,</strong></span> <span class='ocrx_word' id='word_1_237' title='bbox 1823 1963 1915 2018; x_wconf 86' lang='lat' dir='ltr'><strong>alii</strong></span> <span class='ocrx_word' id='word_1_238' title='bbox 1963 1980 2091 2018; x_wconf 84' lang='lat' dir='ltr'><strong>vero</strong></span> 
     </span>
    </p>
   </div>
   <div class='ocr_carea' id='block_1_35' title="bbox 517 2054 2091 2129">
    <p class='ocr_par' dir='ltr' id='par_1_35' title="bbox 517 2054 2091 2129">
     <span class='ocr_line' id='line_1_35' title="bbox 517 2054 2091 2129; baseline -0.003 -15"><span class='ocrx_word' id='word_1_239' title='bbox 517 2058 717 2125; x_wconf 90' lang='lat' dir='ltr'><strong>claudi,</strong></span> <span class='ocrx_word' id='word_1_240' title='bbox 746 2057 838 2129; x_wconf 88' lang='lat' dir='ltr'><strong>qui</strong></span> <span class='ocrx_word' id='word_1_241' title='bbox 871 2056 1019 2128; x_wconf 92' lang='lat' dir='ltr'><strong>quod</strong></span> <span class='ocrx_word' id='word_1_242' title='bbox 1057 2057 1354 2112; x_wconf 70' lang='lat' dir='ltr'><strong>caecitatem</strong></span> <span class='ocrx_word' id='word_1_243' title='bbox 1397 2064 1448 2109; x_wconf 88' lang='lat' dir='ltr'><strong>et</strong></span> <span class='ocrx_word' id='word_1_244' title='bbox 1495 2054 1945 2111; x_wconf 83' lang='lat' dir='ltr'><strong>claudicationem</strong></span> <span class='ocrx_word' id='word_1_245' title='bbox 1988 2055 2091 2112; x_wconf 86' lang='lat' dir='ltr'><strong>sibi</strong></span> 
     </span>
    </p>
   </div>
   <div class='ocr_carea' id='block_1_36' title="bbox 517 2145 2092 2217">
    <p class='ocr_par' dir='ltr' id='par_1_36' title="bbox 517 2145 2092 2217">
     <span class='ocr_line' id='line_1_36' title="bbox 517 2145 2092 2217; baseline -0.003 -10"><span class='ocrx_word' id='word_1_246' title='bbox 517 2149 820 2217; x_wconf 89' lang='lat' dir='ltr'><strong>consciant,</strong></span> <span class='ocrx_word' id='word_1_247' title='bbox 853 2160 907 2204; x_wconf 82' lang='lat' dir='ltr'><strong>et</strong></span> <span class='ocrx_word' id='word_1_248' title='bbox 949 2165 979 2203; x_wconf 89' lang='lat' dir='ltr'><strong>a</strong></span> <span class='ocrx_word' id='word_1_249' title='bbox 1019 2149 1139 2204; x_wconf 91' lang='lat' dir='ltr'><strong>solo</strong></span> <span class='ocrx_word' id='word_1_250' title='bbox 1180 2147 1309 2213; x_wconf 89' lang='lat' dir='ltr'><strong>Deo,</strong></span> <span class='ocrx_word' id='word_1_251' title='bbox 1346 2154 1401 2202; x_wconf 88' lang='lat' dir='ltr'><strong>et</strong></span> <span class='ocrx_word' id='word_1_252' title='bbox 1445 2145 1538 2203; x_wconf 90' lang='lat' dir='ltr'><strong>Dei</strong></span> <span class='ocrx_word' id='word_1_253' title='bbox 1576 2146 1752 2202; x_wconf 85' lang='lat' dir='ltr'><strong>Verbo</strong></span> <span class='ocrx_word' id='word_1_254' title='bbox 1800 2147 1982 2202; x_wconf 89' lang='lat' dir='ltr'><strong>sanari</strong></span> <span class='ocrx_word' id='word_1_255' title='bbox 2034 2161 2092 2202; x_wconf 90' lang='lat' dir='ltr'><strong>se</strong></span> 
     </span>
    </p>
   </div>
   <div class='ocr_carea' id='block_1_37' title="bbox 516 2238 2089 2311">
    <p class='ocr_par' dir='ltr' id='par_1_37' title="bbox 516 2238 2089 2311">
     <span class='ocr_line' id='line_1_37' title="bbox 516 2238 2089 2311; baseline -0.004 -13"><span class='ocrx_word' id='word_1_256' title='bbox 516 2256 677 2311; x_wconf 87' lang='lat' dir='ltr'><strong>posse</strong></span> <span class='ocrx_word' id='word_1_257' title='bbox 715 2240 1038 2310; x_wconf 78' lang='lat' dir='ltr'><strong>intelligant,</strong></span> <span class='ocrx_word' id='word_1_258' title='bbox 1073 2248 1362 2309; x_wconf 85' lang='lat' dir='ltr'><strong>postquam</strong></span> <span class='ocrx_word' id='word_1_259' title='bbox 1402 2238 1468 2293; x_wconf 87' lang='lat' dir='ltr'><strong>ad</strong></span> <span class='ocrx_word' id='word_1_260' title='bbox 1513 2238 1564 2294; x_wconf 89' lang='lat' dir='ltr'><strong>id</strong></span> <span class='ocrx_word' id='word_1_261' title='bbox 1598 2247 1967 2303; x_wconf 84' lang='lat' dir='ltr'><strong>accesserunt,</strong></span> <span class='ocrx_word' id='word_1_262' title='bbox 1999 2252 2089 2292; x_wconf 85' lang='lat' dir='ltr'><strong>sa-</strong></span> 
     </span>
    </p>
   </div>
   <div class='ocr_carea' id='block_1_38' title="bbox 517 2342 740 2389">
    <p class='ocr_par' dir='ltr' id='par_1_38' title="bbox 517 2342 740 2389">
     <span class='ocr_line' id='line_1_38' title="bbox 517 2342 740 2389; baseline -0.004 0"><span class='ocrx_word' id='word_1_263' title='bbox 517 2342 740 2389; x_wconf 89' lang='lat' dir='ltr'><strong>nantur.</strong></span> 
     </span>
    </p>
   </div>
   <div class='ocr_carea' id='block_1_39' title="bbox 584 2420 2089 2495">
    <p class='ocr_par' dir='ltr' id='par_1_39' title="bbox 584 2420 2089 2495">
     <span class='ocr_line' id='line_1_39' title="bbox 584 2420 2089 2495; baseline -0.005 -14"><span class='ocrx_word' id='word_1_264' title='bbox 584 2426 676 2481; x_wconf 76' lang='lat'><strong>25.</strong></span> <span class='ocrx_word' id='word_1_265' title='bbox 696 2425 955 2495; x_wconf 84' lang='lat' dir='ltr'><strong>Deinceps</strong></span> <span class='ocrx_word' id='word_1_266' title='bbox 985 2424 1247 2494; x_wconf 90' lang='lat' dir='ltr'><strong>scriptum</strong></span> <span class='ocrx_word' id='word_1_267' title='bbox 1272 2431 1357 2479; x_wconf 91' lang='lat' dir='ltr'><strong>est</strong></span> <span class='ocrx_word' id='word_1_268' title='bbox 1372 2424 1418 2456; x_wconf 81' lang='lat'>&quot;</span> <span class='ocrx_word' id='word_1_269' title='bbox 1455 2422 1730 2493; x_wconf 89' lang='lat' dir='ltr'><strong>principes</strong></span> <span class='ocrx_word' id='word_1_270' title='bbox 1746 2420 2089 2476; x_wconf 89' lang='lat' dir='ltr'><strong>sacerdotum</strong></span> 
     </span>
    </p>
   </div>
   <div class='ocr_carea' id='block_1_40' title="bbox 516 2512 2087 2585">
    <p class='ocr_par' dir='ltr' id='par_1_40' title="bbox 516 2512 2087 2585">
     <span class='ocr_line' id='line_1_40' title="bbox 516 2512 2087 2585; baseline -0.004 -14"><span class='ocrx_word' id='word_1_271' title='bbox 516 2526 565 2572; x_wconf 82' lang='lat' dir='ltr'><strong>et</strong></span> <span class='ocrx_word' id='word_1_272' title='bbox 593 2516 826 2583; x_wconf 85' lang='lat' dir='ltr'><strong>scribas,</strong></span> <span class='ocrx_word' id='word_1_273' title='bbox 862 2516 1079 2572; x_wconf 90' lang='lat' dir='ltr'><strong>etiamsi</strong></span> <span class='ocrx_word' id='word_1_274' title='bbox 1112 2523 1361 2585; x_wconf 87' lang='lat' dir='ltr'><strong>portenta</strong></span> <span class='ocrx_word' id='word_1_275' title='bbox 1397 2530 1428 2569; x_wconf 89' lang='lat' dir='ltr'><strong>a</strong></span> <span class='ocrx_word' id='word_1_276' title='bbox 1459 2512 1594 2571; x_wconf 84' lang='lat' dir='ltr'><strong>Jesu</strong></span> <span class='ocrx_word' id='word_1_277' title='bbox 1627 2514 1773 2569; x_wconf 88' lang='lat' dir='ltr'><strong>edita</strong></span> <span class='ocrx_word' id='word_1_278' title='bbox 1799 2513 2087 2579; x_wconf 78' lang='lat' dir='ltr'><strong>vidissent,</strong></span> 
     </span>
    </p>
   </div>
   <div class='ocr_carea' id='block_1_41' title="bbox 513 2591 2093 2680">
    <p class='ocr_par' dir='ltr' id='par_1_41' title="bbox 513 2591 2093 2680">
     <span class='ocr_line' id='line_1_41' title="bbox 513 2591 2093 2680; baseline -0.004 -15"><span class='ocrx_word' id='word_1_279' title='bbox 513 2617 570 2665; x_wconf 83' lang='lat' dir='ltr'><strong>et</strong></span> <span class='ocrx_word' id='word_1_280' title='bbox 599 2622 797 2680; x_wconf 85' lang='lat' dir='ltr'><strong>pueros</strong></span> <span class='ocrx_word' id='word_1_281' title='bbox 826 2607 879 2663; x_wconf 89' lang='lat' dir='ltr'><strong>in</strong></span> <span class='ocrx_word' id='word_1_282' title='bbox 918 2607 1136 2677; x_wconf 89' lang='lat' dir='ltr'><strong>templo,</strong></span> <span class='ocrx_word' id='word_1_283' title='bbox 1168 2606 1331 2679; x_wconf 74' lang='lat'><strong>756</strong></span> <span class='ocrx_word' id='word_1_284' title='bbox 1355 2606 1459 2662; x_wconf 87' lang='lat' dir='ltr'><strong>hoc</strong></span> <span class='ocrx_word' id='word_1_285' title='bbox 1482 2620 1588 2672; x_wconf 88' lang='lat' dir='ltr'><strong>est,</strong></span> <span class='ocrx_word' id='word_1_286' title='bbox 1623 2591 1677 2660; x_wconf 89' lang='lat' dir='ltr'><strong>in</strong></span> <span class='ocrx_word' id='word_1_287' title='bbox 1709 2604 1972 2668; x_wconf 84' lang='lat' dir='ltr'><strong>Ecclesia,</strong></span> <span class='ocrx_word' id='word_1_288' title='bbox 2003 2603 2093 2659; x_wconf 86' lang='lat' dir='ltr'><strong>Fi-</strong></span> 
     </span>
    </p>
   </div>
   <div class='ocr_carea' id='block_1_42' title="bbox 2195 1968 3778 2042">
    <p class='ocr_par' dir='ltr' id='par_1_42' title="bbox 2195 1968 3778 2042">
     <span class='ocr_line' id='line_1_42' title="bbox 2195 1968 3778 2042; baseline -0.003 -16"><span class='ocrx_word' id='word_1_289' title='bbox 2195 1973 2289 2026; x_wconf 75' lang='grc' dir='ltr'><strong>καὶ</strong></span> <span class='ocrx_word' id='word_1_290' title='bbox 2334 1970 2483 2026; x_wconf 82' lang='grc' dir='ltr'>ἄλλοι</span> <span class='ocrx_word' id='word_1_291' title='bbox 2527 1971 2689 2042; x_wconf 75' lang='grc' dir='ltr'>χωλοὶ</span> <span class='ocrx_word' id='word_1_292' title='bbox 2730 1968 2839 2022; x_wconf 88' lang='grc' dir='ltr'><strong>τῶν</strong></span> <span class='ocrx_word' id='word_1_293' title='bbox 2882 1968 3304 2040; x_wconf 75' lang='grc' dir='ltr'>ἀθροιζομένων,</span> <span class='ocrx_word' id='word_1_294' title='bbox 3344 1970 3548 2035; x_wconf 76' lang='grc' dir='ltr'>οἵτινες</span> <span class='ocrx_word' id='word_1_295' title='bbox 3589 1971 3658 2023; x_wconf 79' lang='grc' dir='ltr'>ἐκ</span> <span class='ocrx_word' id='word_1_296' title='bbox 3692 1968 3778 2023; x_wconf 81' lang='grc' dir='ltr'><strong>τοῦ</strong></span> 
     </span>
    </p>
   </div>
   <div class='ocr_carea' id='block_1_43' title="bbox 2201 2057 3778 2131">
    <p class='ocr_par' dir='ltr' id='par_1_43' title="bbox 2201 2057 3778 2131">
     <span class='ocr_line' id='line_1_43' title="bbox 2201 2057 3778 2131; baseline 0 -17"><span class='ocrx_word' id='word_1_297' title='bbox 2201 2061 2583 2115; x_wconf 83' lang='grc' dir='ltr'>συναισθέσθαι</span> <span class='ocrx_word' id='word_1_298' title='bbox 2616 2060 2717 2131; x_wconf 79' lang='grc' dir='ltr'>τῆς</span> <span class='ocrx_word' id='word_1_299' title='bbox 2742 2057 2950 2113; x_wconf 80' lang='grc' dir='ltr'>ἑαυτῶν</span> <span class='ocrx_word' id='word_1_300' title='bbox 2981 2057 3308 2130; x_wconf 81' lang='grc' dir='ltr'>τυφλότητος</span> <span class='ocrx_word' id='word_1_301' title='bbox 3331 2059 3427 2114; x_wconf 78' lang='grc' dir='ltr'><strong>καὶ</strong></span> <span class='ocrx_word' id='word_1_302' title='bbox 3453 2060 3778 2131; x_wconf 74' lang='grc' dir='ltr'>κοιλότητος,</span> 
     </span>
    </p>
   </div>
   <div class='ocr_carea' id='block_1_44' title="bbox 2193 2146 3777 2222">
    <p class='ocr_par' dir='ltr' id='par_1_44' title="bbox 2193 2146 3777 2222">
     <span class='ocr_line' id='line_1_44' title="bbox 2193 2146 3777 2222; baseline -0.001 -18"><span class='ocrx_word' id='word_1_303' title='bbox 2193 2152 2287 2206; x_wconf 76' lang='grc' dir='ltr'>καὶ</span> <span class='ocrx_word' id='word_1_304' title='bbox 2312 2151 2408 2217; x_wconf 84' lang='grc' dir='ltr'><strong>τοῦ</strong></span> <span class='ocrx_word' id='word_1_305' title='bbox 2436 2150 2747 2220; x_wconf 80' lang='grc' dir='ltr'>γινώσκειν,</span> <span class='ocrx_word' id='word_1_306' title='bbox 2778 2150 2860 2204; x_wconf 86' lang='grc' dir='ltr'>ὅτι</span> <span class='ocrx_word' id='word_1_307' title='bbox 2882 2149 3096 2211; x_wconf 75' lang='grc' dir='ltr'>οὐδενὸς</span> <span class='ocrx_word' id='word_1_308' title='bbox 3115 2148 3151 2220; x_wconf 77' lang='grc' dir='ltr'><strong>ἥ</strong></span> <span class='ocrx_word' id='word_1_309' title='bbox 3175 2146 3272 2202; x_wconf 88' lang='grc' dir='ltr'><strong>τοῦ</strong></span> <span class='ocrx_word' id='word_1_310' title='bbox 3290 2147 3428 2202; x_wconf 89' lang='grc' dir='ltr'>Θεοῦ</span> <span class='ocrx_word' id='word_1_311' title='bbox 3454 2150 3625 2222; x_wconf 75' lang='grc' dir='ltr'>ἔργον</span> <span class='ocrx_word' id='word_1_312' title='bbox 3648 2151 3777 2211; x_wconf 73' lang='grc' dir='ltr'>ἐστὶ,</span> 
     </span>
    </p>
   </div>
   <div class='ocr_carea' id='block_1_45' title="bbox 2192 2239 3778 2314">
    <p class='ocr_par' dir='ltr' id='par_1_45' title="bbox 2192 2239 3778 2314">
     <span class='ocr_line' id='line_1_45' title="bbox 2192 2239 3778 2314; baseline -0.001 -18"><span class='ocrx_word' id='word_1_313' title='bbox 2192 2244 2287 2296; x_wconf 79' lang='grc' dir='ltr'>καὶ</span> <span class='ocrx_word' id='word_1_314' title='bbox 2312 2242 2404 2297; x_wconf 87' lang='grc' dir='ltr'><strong>τοῦ</strong></span> <span class='ocrx_word' id='word_1_315' title='bbox 2424 2242 2597 2312; x_wconf 86' lang='grc' dir='ltr'>Λόγου</span> <span class='ocrx_word' id='word_1_316' title='bbox 2624 2240 2717 2296; x_wconf 87' lang='grc' dir='ltr'><strong>τοῦ</strong></span> <span class='ocrx_word' id='word_1_317' title='bbox 2735 2239 2872 2296; x_wconf 82' lang='grc' dir='ltr'>Θεοῦ</span> <span class='ocrx_word' id='word_1_318' title='bbox 2907 2241 2970 2294; x_wconf 77' lang='grc' dir='ltr'>τὸ</span> <span class='ocrx_word' id='word_1_319' title='bbox 2994 2240 3329 2314; x_wconf 85' lang='grc' dir='ltr'>θεραπεῦσαι</span> <span class='ocrx_word' id='word_1_320' title='bbox 3355 2242 3577 2307; x_wconf 83' lang='grc' dir='ltr'>αὐτοὺς,</span> <span class='ocrx_word' id='word_1_321' title='bbox 3614 2259 3778 2314; x_wconf 65' lang='lat' dir='ltr'><strong>atpos-</strong></span> 
     </span>
    </p>
   </div>
   <div class='ocr_carea' id='block_1_46' title="bbox 2194 2335 3059 2408">
    <p class='ocr_par' dir='ltr' id='par_1_46' title="bbox 2194 2335 3059 2408">
     <span class='ocr_line' id='line_1_46' title="bbox 2194 2335 3059 2408; baseline 0.002 -20"><span class='ocrx_word' id='word_1_322' title='bbox 2194 2336 2441 2401; x_wconf 86' lang='grc' dir='ltr'>ελθόντες</span> <span class='ocrx_word' id='word_1_323' title='bbox 2468 2335 2618 2408; x_wconf 83' lang='grc' dir='ltr'>αύτῷ</span> <span class='ocrx_word' id='word_1_324' title='bbox 2643 2335 3059 2407; x_wconf 82' lang='grc' dir='ltr'>θεραπεύονται.</span> 
     </span>
    </p>
   </div>
   <div class='ocr_carea' id='block_1_47' title="bbox 2264 2422 3779 2498">
    <p class='ocr_par' dir='ltr' id='par_1_47' title="bbox 2264 2422 3779 2498">
     <span class='ocr_line' id='line_1_47' title="bbox 2264 2422 3779 2498; baseline -0.003 -17"><span class='ocrx_word' id='word_1_325' title='bbox 2264 2425 2421 2481; x_wconf 87' lang='grc' dir='ltr'>Μετά</span> <span class='ocrx_word' id='word_1_326' title='bbox 2465 2425 2623 2480; x_wconf 85' lang='grc' dir='ltr'>τοῦτο</span> <span class='ocrx_word' id='word_1_327' title='bbox 2665 2425 3000 2498; x_wconf 81' lang='grc' dir='ltr'>γέγραπται,</span> <span class='ocrx_word' id='word_1_328' title='bbox 3045 2424 3126 2478; x_wconf 78' lang='grc' dir='ltr'>ὅτι</span> <span class='ocrx_word' id='word_1_329' title='bbox 3167 2425 3215 2477; x_wconf 82' lang='lat' dir='ltr'><strong>oi</strong></span> <span class='ocrx_word' id='word_1_330' title='bbox 3261 2425 3539 2496; x_wconf 79' lang='grc' dir='ltr'>ἀρχιερεῖς</span> <span class='ocrx_word' id='word_1_331' title='bbox 3585 2423 3685 2477; x_wconf 72' lang='grc' dir='ltr'><strong>καὶ</strong></span> <span class='ocrx_word' id='word_1_332' title='bbox 3736 2422 3779 2475; x_wconf 60' lang='grc' dir='ltr'><strong>τι</strong></span> 
     </span>
    </p>
   </div>
   <div class='ocr_carea' id='block_1_48' title="bbox 2192 2515 3777 2591">
    <p class='ocr_par' dir='ltr' id='par_1_48' title="bbox 2192 2515 3777 2591">
     <span class='ocr_line' id='line_1_48' title="bbox 2192 2515 3777 2591; baseline -0.003 -18"><span class='ocrx_word' id='word_1_333' title='bbox 2192 2520 2558 2591; x_wconf 80' lang='grc' dir='ltr'>γραμματεῖς,</span> <span class='ocrx_word' id='word_1_334' title='bbox 2576 2516 2816 2585; x_wconf 78' lang='grc' dir='ltr'>καίτοιγε</span> <span class='ocrx_word' id='word_1_335' title='bbox 2839 2516 3040 2580; x_wconf 71' lang='grc' dir='ltr'>ἰδόντες</span> <span class='ocrx_word' id='word_1_336' title='bbox 3062 2516 3131 2570; x_wconf 84' lang='grc' dir='ltr'>τὰ</span> <span class='ocrx_word' id='word_1_337' title='bbox 3151 2515 3433 2587; x_wconf 79' lang='grc' dir='ltr'>θαυμάσια</span> <span class='ocrx_word' id='word_1_338' title='bbox 3456 2515 3492 2570; x_wconf 81' lang='grc' dir='ltr'><strong>ἀ</strong></span> <span class='ocrx_word' id='word_1_339' title='bbox 3513 2516 3777 2586; x_wconf 73' lang='grc' dir='ltr'>ἐποίησεν</span> 
     </span>
    </p>
   </div>
   <div class='ocr_carea' id='block_1_49' title="bbox 2190 2604 3778 2681">
    <p class='ocr_par' dir='ltr' id='par_1_49' title="bbox 2190 2604 3778 2681">
     <span class='ocr_line' id='line_1_49' title="bbox 2190 2604 3778 2681; baseline -0.002 -19"><span class='ocrx_word' id='word_1_340' title='bbox 2190 2610 2221 2662; x_wconf 83' lang='grc' dir='ltr'><strong>ὁ</strong></span> <span class='ocrx_word' id='word_1_341' title='bbox 2283 2607 2512 2681; x_wconf 84' lang='grc' dir='ltr'>Ἰησοῦς,</span> <span class='ocrx_word' id='word_1_342' title='bbox 2559 2608 2655 2662; x_wconf 75' lang='grc' dir='ltr'><strong>καὶ</strong></span> <span class='ocrx_word' id='word_1_343' title='bbox 2700 2606 2809 2660; x_wconf 88' lang='grc' dir='ltr'><strong>τῶν</strong></span> <span class='ocrx_word' id='word_1_344' title='bbox 2839 2606 3048 2660; x_wconf 78' lang='grc' dir='ltr'>παίδων</span> <span class='ocrx_word' id='word_1_345' title='bbox 3102 2606 3394 2671; x_wconf 80' lang='grc' dir='ltr'>ἀκούοντες</span> <span class='ocrx_word' id='word_1_346' title='bbox 3444 2604 3778 2671; x_wconf 64' lang='grc' dir='ltr'>δοξαζόντων</span> 
     </span>
    </p>
   </div>
   <div class='ocr_carea' id='block_1_50' title="bbox 518 2696 2092 2771">
    <p class='ocr_par' dir='ltr' id='par_1_50' title="bbox 518 2696 2092 2767">
     <span class='ocr_line' id='line_1_50' title="bbox 518 2696 2092 2767; baseline -0.002 -13"><span class='ocrx_word' id='word_1_347' title='bbox 518 2701 652 2757; x_wconf 87' lang='lat' dir='ltr'><strong>lium</strong></span> <span class='ocrx_word' id='word_1_348' title='bbox 699 2698 792 2756; x_wconf 90' lang='lat' dir='ltr'><strong>Dei</strong></span> <span class='ocrx_word' id='word_1_349' title='bbox 840 2699 1096 2754; x_wconf 85' lang='lat' dir='ltr'><strong>laudibus</strong></span> <span class='ocrx_word' id='word_1_350' title='bbox 1157 2699 1497 2755; x_wconf 85' lang='lat' dir='ltr'><strong>celebrantes</strong></span> <span class='ocrx_word' id='word_1_351' title='bbox 1553 2697 1848 2765; x_wconf 86' lang='lat' dir='ltr'><strong>audirent,</strong></span> <span class='ocrx_word' id='word_1_352' title='bbox 1894 2696 2092 2767; x_wconf 88' lang='lat' dir='ltr'><strong>spretis</strong></span> 
     </span>
    </p>
   </div>
   <div class='ocr_carea' id='block_1_51' title="bbox 2200 2696 3777 2771">
    <p class='ocr_par' dir='ltr' id='par_1_51' title="bbox 2200 2698 3777 2771">
     <span class='ocr_line' id='line_1_51' title="bbox 2200 2698 3777 2771; baseline -0.003 -17"><span class='ocrx_word' id='word_1_353' title='bbox 2200 2702 2282 2756; x_wconf 80' lang='grc' dir='ltr'>τὸν</span> <span class='ocrx_word' id='word_1_354' title='bbox 2314 2701 2439 2756; x_wconf 82' lang='grc' dir='ltr'>Υἱὸν</span> <span class='ocrx_word' id='word_1_355' title='bbox 2473 2699 2568 2755; x_wconf 89' lang='grc' dir='ltr'><strong>τοῦ</strong></span> <span class='ocrx_word' id='word_1_356' title='bbox 2586 2699 2733 2754; x_wconf 86' lang='grc' dir='ltr'>Θεοῦ</span> <span class='ocrx_word' id='word_1_357' title='bbox 2764 2701 2825 2753; x_wconf 79' lang='grc' dir='ltr'>ὲν</span> <span class='ocrx_word' id='word_1_358' title='bbox 2864 2698 2945 2770; x_wconf 79' lang='grc' dir='ltr'>τῷ</span> <span class='ocrx_word' id='word_1_359' title='bbox 2979 2698 3132 2771; x_wconf 79' lang='grc' dir='ltr'>ἱερῷ,</span> <span class='ocrx_word' id='word_1_360' title='bbox 3158 2701 3224 2770; x_wconf 81' lang='grc' dir='ltr'>τῇ</span> <span class='ocrx_word' id='word_1_361' title='bbox 3258 2699 3572 2769; x_wconf 73' lang='grc' dir='ltr'>Ἐκκλησία,</span> <span class='ocrx_word' id='word_1_362' title='bbox 3607 2700 3777 2767; x_wconf 67' lang='grc' dir='ltr'>ἠγαν-</span> 
     </span>
    </p>
   </div>
   <div class='ocr_carea' id='block_1_52' title="bbox 517 2790 2092 2866">
    <p class='ocr_par' dir='ltr' id='par_1_52' title="bbox 517 2790 2092 2863">
     <span class='ocr_line' id='line_1_52' title="bbox 517 2790 2092 2863; baseline -0.001 -16"><span class='ocrx_word' id='word_1_363' title='bbox 517 2792 703 2863; x_wconf 90' lang='lat' dir='ltr'><strong>pueris</strong></span> <span class='ocrx_word' id='word_1_364' title='bbox 721 2792 911 2848; x_wconf 72' lang='lat' dir='ltr'><strong>Iesum</strong></span> <span class='ocrx_word' id='word_1_365' title='bbox 961 2790 1309 2848; x_wconf 89' lang='lat' dir='ltr'><strong>laudantibus</strong></span> <span class='ocrx_word' id='word_1_366' title='bbox 1347 2791 1664 2862; x_wconf 82' lang='lat' dir='ltr'><strong>indignatos</strong></span> <span class='ocrx_word' id='word_1_367' title='bbox 1696 2805 1840 2857; x_wconf 90' lang='lat' dir='ltr'><strong>esse,</strong></span> <span class='ocrx_word' id='word_1_368' title='bbox 1871 2804 2092 2860; x_wconf 65' lang='lat' dir='ltr'><strong>praeque</strong></span> 
     </span>
    </p>
   </div>
   <div class='ocr_carea' id='block_1_53' title="bbox 2200 2790 3839 2866">
    <p class='ocr_par' dir='ltr' id='par_1_53' title="bbox 2200 2790 3839 2866">
     <span class='ocr_line' id='line_1_53' title="bbox 2200 2790 3839 2866; baseline -0.005 -17"><span class='ocrx_word' id='word_1_369' title='bbox 2200 2796 2329 2866; x_wconf 66' lang='grc' dir='ltr'>ἀκτη</span> <span class='ocrx_word' id='word_1_370' title='bbox 2338 2812 2437 2849; x_wconf 88' lang='grc' dir='ltr'><strong>σαν</strong></span> <span class='ocrx_word' id='word_1_371' title='bbox 2478 2791 2943 2866; x_wconf 80' lang='grc' dir='ltr'>καταφρονοῦντες</span> <span class='ocrx_word' id='word_1_372' title='bbox 2984 2792 3096 2845; x_wconf 89' lang='grc' dir='ltr'><strong>τῶν</strong></span> <span class='ocrx_word' id='word_1_373' title='bbox 3137 2790 3452 2863; x_wconf 73' lang='grc' dir='ltr'>ὑμνούντων</span> <span class='ocrx_word' id='word_1_374' title='bbox 3514 2790 3610 2843; x_wconf 79' lang='grc' dir='ltr'><strong>τὸν</strong></span> <span class='ocrx_word' id='word_1_375' title='bbox 3678 2790 3776 2859; x_wconf 80' lang='grc' dir='ltr'><strong>Ἰη-</strong></span> <span class='ocrx_word' id='word_1_376' title='bbox 3832 2826 3839 2831; x_wconf 89' lang='grc'><strong>-</strong></span> 
     </span>
    </p>
   </div>
   <div class='ocr_carea' id='block_1_54' title="bbox 521 2881 2092 2957">
    <p class='ocr_par' dir='ltr' id='par_1_54' title="bbox 521 2881 2090 2955">
     <span class='ocr_line' id='line_1_54' title="bbox 521 2881 2090 2955; baseline -0.002 -17"><span class='ocrx_word' id='word_1_377' title='bbox 521 2883 895 2955; x_wconf 75' lang='lat' dir='ltr'><strong>indignatione</strong></span> <span class='ocrx_word' id='word_1_378' title='bbox 951 2881 1281 2952; x_wconf 87' lang='lat' dir='ltr'><strong>Sospilalori</strong></span> <span class='ocrx_word' id='word_1_379' title='bbox 1336 2882 1541 2938; x_wconf 77' lang='lat' dir='ltr'><strong>dixisse</strong></span> <span class='ocrx_word' id='word_1_380' title='bbox 1566 2882 1650 2936; x_wconf 81' lang='lat'><strong>&quot;:</strong></span> <span class='ocrx_word' id='word_1_381' title='bbox 1681 2900 1700 2933; x_wconf 75' lang='grc' dir='ltr'>ί</span> <span class='ocrx_word' id='word_1_382' title='bbox 1739 2881 1910 2937; x_wconf 84' lang='lat' dir='ltr'><strong>Audis</strong></span> <span class='ocrx_word' id='word_1_383' title='bbox 1959 2881 2090 2952; x_wconf 90' lang='lat' dir='ltr'><strong>quid</strong></span> 
     </span>
    </p>
   </div>
   <div class='ocr_carea' id='block_1_55' title="bbox 2200 2881 3771 2957">
    <p class='ocr_par' dir='ltr' id='par_1_55' title="bbox 2200 2882 3771 2957">
     <span class='ocr_line' id='line_1_55' title="bbox 2200 2882 3771 2957; baseline -0.004 -16"><span class='ocrx_word' id='word_1_384' title='bbox 2200 2886 2321 2941; x_wconf 87' lang='grc' dir='ltr'>σοῦν</span> <span class='ocrx_word' id='word_1_385' title='bbox 2346 2886 2592 2949; x_wconf 85' lang='grc' dir='ltr'>παιδίων,</span> <span class='ocrx_word' id='word_1_386' title='bbox 2632 2886 2726 2940; x_wconf 76' lang='grc' dir='ltr'>καὶ</span> <span class='ocrx_word' id='word_1_387' title='bbox 2760 2884 3236 2957; x_wconf 74' lang='grc' dir='ltr'>ἀγανακτήσαντες</span> <span class='ocrx_word' id='word_1_388' title='bbox 3263 2900 3393 2954; x_wconf 86' lang='grc' dir='ltr'>φασι</span> <span class='ocrx_word' id='word_1_389' title='bbox 3414 2882 3494 2953; x_wconf 83' lang='grc' dir='ltr'>τῷ</span> <span class='ocrx_word' id='word_1_390' title='bbox 3525 2882 3740 2953; x_wconf 77' lang='grc' dir='ltr'>Σωτῆρι</span> <span class='ocrx_word' id='word_1_391' title='bbox 3758 2900 3771 2911; x_wconf 88' lang='grc'><strong>·</strong></span> 
     </span>
    </p>
   </div>
   <div class='ocr_carea' id='block_1_56' title="bbox 514 2971 2092 3047">
    <p class='ocr_par' dir='ltr' id='par_1_56' title="bbox 514 2973 2088 3045">
     <span class='ocr_line' id='line_1_56' title="bbox 514 2973 2088 3045; baseline -0.003 -12"><span class='ocrx_word' id='word_1_392' title='bbox 514 2978 606 3034; x_wconf 89' lang='lat' dir='ltr'><strong>isti</strong></span> <span class='ocrx_word' id='word_1_393' title='bbox 662 2976 894 3032; x_wconf 86' lang='lat' dir='ltr'><strong>dicunt?</strong></span> <span class='ocrx_word' id='word_1_394' title='bbox 923 2995 941 3028; x_wconf 76' lang='grc' dir='ltr'><strong>ι</strong></span> <span class='ocrx_word' id='word_1_395' title='bbox 993 2984 1049 3030; x_wconf 88' lang='lat' dir='ltr'><strong>at</strong></span> <span class='ocrx_word' id='word_1_396' title='bbox 1098 2990 1222 3033; x_wconf 90' lang='lat' dir='ltr'><strong>eum</strong></span> <span class='ocrx_word' id='word_1_397' title='bbox 1274 2974 1535 3045; x_wconf 84' lang='lat' dir='ltr'><strong>pudorem</strong></span> <span class='ocrx_word' id='word_1_398' title='bbox 1585 2973 1693 3030; x_wconf 91' lang='lat' dir='ltr'><strong>illis</strong></span> <span class='ocrx_word' id='word_1_399' title='bbox 1737 2973 2088 3030; x_wconf 88' lang='lat' dir='ltr'><strong>incutientem</strong></span> 
     </span>
    </p>
   </div>
   <div class='ocr_carea' id='block_1_57' title="bbox 2200 2971 3773 3047">
    <p class='ocr_par' dir='ltr' id='par_1_57' title="bbox 2200 2971 3773 3047">
     <span class='ocr_line' id='line_1_57' title="bbox 2200 2971 3773 3047; baseline -0.004 -15"><span class='ocrx_word' id='word_1_400' title='bbox 2200 2998 2218 3032; x_wconf 79' lang='grc' dir='ltr'><strong>ι</strong></span> <span class='ocrx_word' id='word_1_401' title='bbox 2259 2981 2503 3043; x_wconf 77' lang='grc' dir='ltr'>Ἀκούεις</span> <span class='ocrx_word' id='word_1_402' title='bbox 2518 2979 2569 3032; x_wconf 90' lang='grc' dir='ltr'><strong>τί</strong></span> <span class='ocrx_word' id='word_1_403' title='bbox 2585 2971 2732 3032; x_wconf 76' lang='grc' dir='ltr'>οὗτοι</span> <span class='ocrx_word' id='word_1_404' title='bbox 2758 2978 3007 3047; x_wconf 83' lang='grc' dir='ltr'>λέγουσιν</span> <span class='ocrx_word' id='word_1_405' title='bbox 3034 2994 3048 3042; x_wconf 90' lang='grc'><strong>;</strong></span> <span class='ocrx_word' id='word_1_406' title='bbox 3078 2996 3097 3028; x_wconf 85' lang='grc'><strong>›</strong></span> <span class='ocrx_word' id='word_1_407' title='bbox 3126 2979 3155 3031; x_wconf 87' lang='grc' dir='ltr'>ὁ</span> <span class='ocrx_word' id='word_1_408' title='bbox 3176 2976 3253 3042; x_wconf 80' lang='grc' dir='ltr'>δὲ,</span> <span class='ocrx_word' id='word_1_409' title='bbox 3271 2976 3541 3030; x_wconf 86' lang='grc' dir='ltr'>δυσωπῶν</span> <span class='ocrx_word' id='word_1_410' title='bbox 3554 2974 3773 3037; x_wconf 63' lang='grc' dir='ltr'>αὐτοὺς,</span> 
     </span>
    </p>
   </div>
   <div class='ocr_carea' id='block_1_58' title="bbox 512 3064 2092 3143">
    <p class='ocr_par' dir='ltr' id='par_1_58' title="bbox 512 3064 2091 3141">
     <span class='ocr_line' id='line_1_58' title="bbox 512 3064 2091 3141; baseline 0 -18"><span class='ocrx_word' id='word_1_411' title='bbox 512 3069 905 3141; x_wconf 88' lang='lat' dir='ltr'><strong>respondisse:</strong></span> <span class='ocrx_word' id='word_1_412' title='bbox 958 3065 1068 3122; x_wconf 76' lang='lat' dir='ltr'><strong>Vos</strong></span> <span class='ocrx_word' id='word_1_413' title='bbox 1106 3068 1199 3137; x_wconf 94' lang='lat' dir='ltr'><strong>qui</strong></span> <span class='ocrx_word' id='word_1_414' title='bbox 1246 3067 1300 3121; x_wconf 90' lang='lat' dir='ltr'><strong>in</strong></span> <span class='ocrx_word' id='word_1_415' title='bbox 1350 3081 1632 3122; x_wconf 83' lang='lat' dir='ltr'><strong>sacrarum</strong></span> <span class='ocrx_word' id='word_1_416' title='bbox 1685 3064 2091 3136; x_wconf 83' lang='lat' dir='ltr'><strong>Scripturarum</strong></span> 
     </span>
    </p>
   </div>
   <div class='ocr_carea' id='block_1_59' title="bbox 2200 3064 3775 3143">
    <p class='ocr_par' dir='ltr' id='par_1_59' title="bbox 2200 3067 3775 3143">
     <span class='ocr_line' id='line_1_59' title="bbox 2200 3067 3775 3143; baseline -0.004 -17"><span class='ocrx_word' id='word_1_417' title='bbox 2200 3071 2546 3143; x_wconf 77' lang='grc' dir='ltr'>ἀπεκρίνατο,</span> <span class='ocrx_word' id='word_1_418' title='bbox 2582 3071 2684 3136; x_wconf 82' lang='grc' dir='ltr'>ὅτι,</span> <span class='ocrx_word' id='word_1_419' title='bbox 2720 3069 2972 3140; x_wconf 84' lang='grc' dir='ltr'>Τοσούτῳ</span> <span class='ocrx_word' id='word_1_420' title='bbox 2999 3069 3175 3141; x_wconf 84' lang='grc' dir='ltr'>χρόνῳ</span> <span class='ocrx_word' id='word_1_421' title='bbox 3209 3070 3267 3121; x_wconf 81' lang='grc' dir='ltr'><strong>ὲν</strong></span> <span class='ocrx_word' id='word_1_422' title='bbox 3294 3070 3417 3131; x_wconf 88' lang='grc' dir='ltr'>ταῖς</span> <span class='ocrx_word' id='word_1_423' title='bbox 3440 3067 3611 3129; x_wconf 79' lang='grc' dir='ltr'>θείαις</span> <span class='ocrx_word' id='word_1_424' title='bbox 3648 3067 3775 3119; x_wconf 79' lang='grc' dir='ltr'>ἀνα-</span> 
     </span>
    </p>
   </div>
   <div class='ocr_carea' id='block_1_60' title="bbox 511 3156 2092 3235">
    <p class='ocr_par' dir='ltr' id='par_1_60' title="bbox 511 3156 2091 3228">
     <span class='ocr_line' id='line_1_60' title="bbox 511 3156 2091 3228; baseline -0.003 -11"><span class='ocrx_word' id='word_1_425' title='bbox 511 3163 744 3219; x_wconf 88' lang='lat' dir='ltr'><strong>leetione</strong></span> <span class='ocrx_word' id='word_1_426' title='bbox 778 3160 969 3216; x_wconf 90' lang='lat' dir='ltr'><strong>tandiu</strong></span> <span class='ocrx_word' id='word_1_427' title='bbox 1009 3159 1272 3214; x_wconf 84' lang='lat' dir='ltr'><strong>hactenus</strong></span> <span class='ocrx_word' id='word_1_428' title='bbox 1304 3158 1500 3213; x_wconf 82' lang='lat' dir='ltr'><strong>versati</strong></span> <span class='ocrx_word' id='word_1_429' title='bbox 1545 3157 1701 3222; x_wconf 88' lang='lat' dir='ltr'><strong>estis,</strong></span> <span class='ocrx_word' id='word_1_430' title='bbox 1732 3172 1915 3212; x_wconf 86' lang='lat' dir='ltr'><strong>nonne</strong></span> <span class='ocrx_word' id='word_1_431' title='bbox 1957 3156 2091 3228; x_wconf 78' lang='lat' dir='ltr'><strong>legi-</strong></span> 
     </span>
    </p>
   </div>
   <div class='ocr_carea' id='block_1_61' title="bbox 2200 3156 3769 3235">
    <p class='ocr_par' dir='ltr' id='par_1_61' title="bbox 2200 3157 3769 3235">
     <span class='ocr_line' id='line_1_61' title="bbox 2200 3157 3769 3235; baseline -0.004 -17"><span class='ocrx_word' id='word_1_432' title='bbox 2200 3165 2553 3235; x_wconf 83' lang='grc' dir='ltr'>στρεφόμενοι</span> <span class='ocrx_word' id='word_1_433' title='bbox 2596 3163 2839 3234; x_wconf 75' lang='grc' dir='ltr'>Γραφαῖς</span> <span class='ocrx_word' id='word_1_434' title='bbox 2891 3163 3055 3234; x_wconf 81' lang='grc' dir='ltr'>μέχρι</span> <span class='ocrx_word' id='word_1_435' title='bbox 3106 3161 3203 3215; x_wconf 85' lang='grc' dir='ltr'><strong>τοῦ</strong></span> <span class='ocrx_word' id='word_1_436' title='bbox 3248 3158 3431 3232; x_wconf 87' lang='grc' dir='ltr'>δεῦρο,</span> <span class='ocrx_word' id='word_1_437' title='bbox 3485 3159 3587 3213; x_wconf 78' lang='grc' dir='ltr'><strong>οῦκ</strong></span> <span class='ocrx_word' id='word_1_438' title='bbox 3651 3157 3769 3213; x_wconf 77' lang='grc' dir='ltr'><strong>ἀνέ-</strong></span> 
     </span>
    </p>
   </div>
   <div class='ocr_carea' id='block_1_62' title="bbox 511 3239 2092 3327">
    <p class='ocr_par' dir='ltr' id='par_1_62' title="bbox 511 3247 2092 3319">
     <span class='ocr_line' id='line_1_62' title="bbox 511 3247 2092 3319; baseline -0.005 -7"><span class='ocrx_word' id='word_1_439' title='bbox 511 3256 611 3312; x_wconf 77' lang='lat' dir='ltr'><strong>stis</strong></span> <span class='ocrx_word' id='word_1_440' title='bbox 634 3254 677 3289; x_wconf 72' lang='grc'><strong>’⁷</strong></span> <span class='ocrx_word' id='word_1_441' title='bbox 708 3271 722 3307; x_wconf 87' lang='lat'><strong>:</strong></span> <span class='ocrx_word' id='word_1_442' title='bbox 755 3272 775 3305; x_wconf 77' lang='grc' dir='ltr'><strong>ι</strong></span> <span class='ocrx_word' id='word_1_443' title='bbox 802 3252 881 3307; x_wconf 86' lang='lat' dir='ltr'><strong>Ex</strong></span> <span class='ocrx_word' id='word_1_444' title='bbox 907 3266 1003 3307; x_wconf 89' lang='lat' dir='ltr'><strong>ore</strong></span> <span class='ocrx_word' id='word_1_445' title='bbox 1044 3249 1332 3305; x_wconf 78' lang='lat' dir='ltr'><strong>infantium</strong></span> <span class='ocrx_word' id='word_1_446' title='bbox 1375 3258 1430 3305; x_wconf 91' lang='lat' dir='ltr'><strong>et</strong></span> <span class='ocrx_word' id='word_1_447' title='bbox 1454 3248 1783 3319; x_wconf 29' lang='lat' dir='ltr'><strong>‘Iactentium</strong></span> <span class='ocrx_word' id='word_1_448' title='bbox 1815 3247 2092 3318; x_wconf 74' lang='lat' dir='ltr'><strong>perfecisti</strong></span> 
     </span>
    </p>
   </div>
   <div class='ocr_carea' id='block_1_63' title="bbox 2200 3239 3770 3327">
    <p class='ocr_par' dir='ltr' id='par_1_63' title="bbox 2200 3250 3770 3327">
     <span class='ocr_line' id='line_1_63' title="bbox 2200 3250 3770 3327; baseline -0.004 -20"><span class='ocrx_word' id='word_1_449' title='bbox 2200 3271 2391 3323; x_wconf 82' lang='grc' dir='ltr'>γνωτε,</span> <span class='ocrx_word' id='word_1_450' title='bbox 2426 3255 2512 3309; x_wconf 85' lang='grc' dir='ltr'>ἵνα</span> <span class='ocrx_word' id='word_1_451' title='bbox 2542 3253 2616 3325; x_wconf 86' lang='grc' dir='ltr'><strong>μὴ</strong></span> <span class='ocrx_word' id='word_1_452' title='bbox 2644 3256 3094 3327; x_wconf 82' lang='grc' dir='ltr'>καταφρονήσητε</span> <span class='ocrx_word' id='word_1_453' title='bbox 3130 3252 3241 3307; x_wconf 87' lang='grc' dir='ltr'><strong>τῶν</strong></span> <span class='ocrx_word' id='word_1_454' title='bbox 3274 3252 3332 3304; x_wconf 83' lang='grc' dir='ltr'>ὲν</span> <span class='ocrx_word' id='word_1_455' title='bbox 3363 3254 3430 3323; x_wconf 83' lang='grc' dir='ltr'>τῇ</span> <span class='ocrx_word' id='word_1_456' title='bbox 3479 3250 3770 3321; x_wconf 64' lang='grc' dir='ltr'>Ἐκκλησία</span> 
     </span>
    </p>
   </div>
   <div class='ocr_carea' id='block_1_64' title="bbox 512 3340 2090 3413">
    <p class='ocr_par' dir='ltr' id='par_1_64' title="bbox 512 3340 2090 3413">
     <span class='ocr_line' id='line_1_64' title="bbox 512 3340 2090 3413; baseline -0.003 -13"><span class='ocrx_word' id='word_1_457' title='bbox 512 3345 783 3413; x_wconf 76' lang='grc' dir='ltr'>ιιιιιιὶοιη,ι</span> <span class='ocrx_word' id='word_1_458' title='bbox 811 3352 871 3399; x_wconf 81' lang='grc' dir='ltr'><strong>ιιι</strong></span> <span class='ocrx_word' id='word_1_459' title='bbox 921 3360 990 3398; x_wconf 89' lang='lat' dir='ltr'><strong>ne</strong></span> <span class='ocrx_word' id='word_1_460' title='bbox 1041 3341 1299 3413; x_wconf 87' lang='lat' dir='ltr'><strong>parvulos</strong></span> <span class='ocrx_word' id='word_1_461' title='bbox 1349 3342 1402 3396; x_wconf 89' lang='lat' dir='ltr'><strong>in</strong></span> <span class='ocrx_word' id='word_1_462' title='bbox 1431 3340 1673 3397; x_wconf 87' lang='lat' dir='ltr'><strong>Ecclesia</strong></span> <span class='ocrx_word' id='word_1_463' title='bbox 1721 3355 1785 3396; x_wconf 89' lang='lat' dir='ltr'><strong>ac</strong></span> <span class='ocrx_word' id='word_1_464' title='bbox 1832 3341 2090 3411; x_wconf 86' lang='lat' dir='ltr'><strong>puerulos</strong></span> 
     </span>
    </p>
   </div>
   <div class='ocr_carea' id='block_1_65' title="bbox 512 3432 2088 3505">
    <p class='ocr_par' dir='ltr' id='par_1_65' title="bbox 512 3432 2088 3505">
     <span class='ocr_line' id='line_1_65' title="bbox 512 3432 2088 3505; baseline -0.003 -12"><span class='ocrx_word' id='word_1_465' title='bbox 512 3453 622 3503; x_wconf 88' lang='lat' dir='ltr'><strong>me,</strong></span> <span class='ocrx_word' id='word_1_466' title='bbox 671 3451 963 3505; x_wconf 88' lang='lat' dir='ltr'><strong>meumque</strong></span> <span class='ocrx_word' id='word_1_467' title='bbox 988 3432 1205 3490; x_wconf 86' lang='lat' dir='ltr'><strong>Patrem</strong></span> <span class='ocrx_word' id='word_1_468' title='bbox 1232 3433 1327 3504; x_wconf 91' lang='lat' dir='ltr'><strong>qui</strong></span> <span class='ocrx_word' id='word_1_469' title='bbox 1377 3434 1432 3488; x_wconf 88' lang='lat' dir='ltr'><strong>in</strong></span> <span class='ocrx_word' id='word_1_470' title='bbox 1466 3432 1620 3489; x_wconf 63' lang='lat' dir='ltr'><strong>caelis</strong></span> <span class='ocrx_word' id='word_1_471' title='bbox 1651 3442 1756 3497; x_wconf 90' lang='lat' dir='ltr'><strong>est,</strong></span> <span class='ocrx_word' id='word_1_472' title='bbox 1802 3433 2088 3489; x_wconf 83' lang='lat' dir='ltr'><strong>laudantes</strong></span> 
     </span>
    </p>
   </div>
   <div class='ocr_carea' id='block_1_66' title="bbox 511 3524 2084 3601">
    <p class='ocr_par' dir='ltr' id='par_1_66' title="bbox 511 3524 2084 3601">
     <span class='ocr_line' id='line_1_66' title="bbox 511 3524 2084 3601; baseline -0.005 -15"><span class='ocrx_word' id='word_1_473' title='bbox 511 3527 914 3601; x_wconf 84' lang='lat' dir='ltr'><strong>aspernemiui?</strong></span> <span class='ocrx_word' id='word_1_474' title='bbox 953 3525 1420 3593; x_wconf 78' lang='lat' dir='ltr'><strong>Quemadmodum</strong></span> <span class='ocrx_word' id='word_1_475' title='bbox 1447 3540 1579 3597; x_wconf 78' lang='lat' dir='ltr'><strong>ergo</strong></span> <span class='ocrx_word' id='word_1_476' title='bbox 1599 3524 1755 3595; x_wconf 87' lang='lat' dir='ltr'><strong>juxta</strong></span> <span class='ocrx_word' id='word_1_477' title='bbox 1792 3524 2084 3580; x_wconf 84' lang='lat' dir='ltr'><strong>historiam</strong></span> 
     </span>
    </p>
   </div>
   <div class='ocr_carea' id='block_1_67' title="bbox 510 3618 2089 3694">
    <p class='ocr_par' dir='ltr' id='par_1_67' title="bbox 510 3618 2089 3694">
     <span class='ocr_line' id='line_1_67' title="bbox 510 3618 2089 3694; baseline -0.003 -15"><span class='ocrx_word' id='word_1_478' title='bbox 510 3620 940 3694; x_wconf 87' lang='lat' dir='ltr'><strong>reprehendendi</strong></span> <span class='ocrx_word' id='word_1_479' title='bbox 999 3628 1130 3677; x_wconf 87' lang='lat' dir='ltr'><strong>sunt</strong></span> <span class='ocrx_word' id='word_1_480' title='bbox 1186 3620 1461 3692; x_wconf 87' lang='lat' dir='ltr'><strong>principes</strong></span> <span class='ocrx_word' id='word_1_481' title='bbox 1504 3621 1558 3674; x_wconf 87' lang='lat' dir='ltr'><strong>hi</strong></span> <span class='ocrx_word' id='word_1_482' title='bbox 1608 3618 1986 3686; x_wconf 86' lang='lat' dir='ltr'><strong>sacerdotum,</strong></span> <span class='ocrx_word' id='word_1_483' title='bbox 2032 3628 2089 3674; x_wconf 91' lang='lat' dir='ltr'><strong>et</strong></span> 
     </span>
    </p>
   </div>
   <div class='ocr_carea' id='block_1_68' title="bbox 509 3711 2087 3784">
    <p class='ocr_par' dir='ltr' id='par_1_68' title="bbox 509 3711 2087 3784">
     <span class='ocr_line' id='line_1_68' title="bbox 509 3711 2087 3784; baseline -0.004 -12"><span class='ocrx_word' id='word_1_484' title='bbox 509 3715 723 3782; x_wconf 62' lang='lat' dir='ltr'><strong>scribae,</strong></span> <span class='ocrx_word' id='word_1_485' title='bbox 753 3728 935 3770; x_wconf 88' lang='lat' dir='ltr'><strong>annon</strong></span> <span class='ocrx_word' id='word_1_486' title='bbox 973 3712 1129 3784; x_wconf 84' lang='lat' dir='ltr'><strong>juxta</strong></span> <span class='ocrx_word' id='word_1_487' title='bbox 1163 3727 1443 3783; x_wconf 79' lang='lat' dir='ltr'><strong>anagogen</strong></span> <span class='ocrx_word' id='word_1_488' title='bbox 1484 3711 1910 3782; x_wconf 88' lang='lat' dir='ltr'><strong>reprehendendi</strong></span> <span class='ocrx_word' id='word_1_489' title='bbox 1947 3725 2087 3782; x_wconf 90' lang='lat' dir='ltr'><strong>quo-</strong></span> 
     </span>
    </p>
   </div>
   <div class='ocr_carea' id='block_1_69' title="bbox 507 3802 2085 3878">
    <p class='ocr_par' dir='ltr' id='par_1_69' title="bbox 507 3802 2085 3878">
     <span class='ocr_line' id='line_1_69' title="bbox 507 3802 2085 3878; baseline -0.003 -17"><span class='ocrx_word' id='word_1_490' title='bbox 507 3821 618 3878; x_wconf 87' lang='lat' dir='ltr'><strong>que</strong></span> <span class='ocrx_word' id='word_1_491' title='bbox 645 3814 773 3863; x_wconf 90' lang='lat' dir='ltr'><strong>sunt</strong></span> <span class='ocrx_word' id='word_1_492' title='bbox 798 3805 1021 3876; x_wconf 88' lang='lat' dir='ltr'><strong>quidam</strong></span> <span class='ocrx_word' id='word_1_493' title='bbox 1067 3802 1339 3874; x_wconf 85' lang='lat' dir='ltr'><strong>principes</strong></span> <span class='ocrx_word' id='word_1_494' title='bbox 1392 3804 1766 3869; x_wconf 87' lang='lat' dir='ltr'><strong>sacerdotum,</strong></span> <span class='ocrx_word' id='word_1_495' title='bbox 1802 3803 2085 3873; x_wconf 87' lang='lat' dir='ltr'><strong>episcopa-</strong></span> 
     </span>
    </p>
   </div>
   <div class='ocr_carea' id='block_1_70' title="bbox 506 3895 2078 3962">
    <p class='ocr_par' dir='ltr' id='par_1_70' title="bbox 506 3895 2078 3962">
     <span class='ocr_line' id='line_1_70' title="bbox 506 3895 2078 3962; baseline -0.002 -7"><span class='ocrx_word' id='word_1_496' title='bbox 506 3909 598 3955; x_wconf 88' lang='lat' dir='ltr'><strong>tus</strong></span> <span class='ocrx_word' id='word_1_497' title='bbox 635 3913 833 3954; x_wconf 90' lang='lat' dir='ltr'><strong>nomen</strong></span> <span class='ocrx_word' id='word_1_498' title='bbox 863 3896 977 3953; x_wconf 86' lang='lat' dir='ltr'><strong>vita</strong></span> <span class='ocrx_word' id='word_1_499' title='bbox 1016 3911 1112 3952; x_wconf 89' lang='lat' dir='ltr'><strong>sua</strong></span> <span class='ocrx_word' id='word_1_500' title='bbox 1151 3905 1206 3952; x_wconf 91' lang='lat' dir='ltr'><strong>et</strong></span> <span class='ocrx_word' id='word_1_501' title='bbox 1243 3895 1492 3951; x_wconf 86' lang='lat' dir='ltr'><strong>moribus</strong></span> <span class='ocrx_word' id='word_1_502' title='bbox 1533 3912 1639 3953; x_wconf 89' lang='lat' dir='ltr'><strong>non</strong></span> <span class='ocrx_word' id='word_1_503' title='bbox 1671 3905 1954 3962; x_wconf 84' lang='lat' dir='ltr'><strong>ornantes,</strong></span> <span class='ocrx_word' id='word_1_504' title='bbox 1983 3911 2078 3952; x_wconf 87' lang='lat' dir='ltr'><strong>ne-</strong></span> 
     </span>
    </p>
   </div>
   <div class='ocr_carea' id='block_1_71' title="bbox 507 3986 2082 4061">
    <p class='ocr_par' dir='ltr' id='par_1_71' title="bbox 507 3986 2082 4061">
     <span class='ocr_line' id='line_1_71' title="bbox 507 3986 2082 4061; baseline -0.003 -16"><span class='ocrx_word' id='word_1_505' title='bbox 507 4007 614 4061; x_wconf 88' lang='lat' dir='ltr'><strong>que</strong></span> <span class='ocrx_word' id='word_1_506' title='bbox 639 3990 866 4047; x_wconf 87' lang='lat' dir='ltr'><strong>scientia</strong></span> <span class='ocrx_word' id='word_1_507' title='bbox 892 3997 949 4045; x_wconf 89' lang='lat' dir='ltr'><strong>et</strong></span> <span class='ocrx_word' id='word_1_508' title='bbox 972 3989 1200 4044; x_wconf 82' lang='lat' dir='ltr'><strong>veritate</strong></span> <span class='ocrx_word' id='word_1_509' title='bbox 1232 3988 1448 4043; x_wconf 84' lang='lat' dir='ltr'><strong>induti?</strong></span> <span class='ocrx_word' id='word_1_510' title='bbox 1490 3986 1556 4042; x_wconf 90' lang='lat' dir='ltr'><strong>lli</strong></span> <span class='ocrx_word' id='word_1_511' title='bbox 1588 4003 1720 4059; x_wconf 82' lang='lat' dir='ltr'><strong>ergo</strong></span> <span class='ocrx_word' id='word_1_512' title='bbox 1745 3988 1960 4044; x_wconf 84' lang='lat' dir='ltr'><strong>etiamsi</strong></span> <span class='ocrx_word' id='word_1_513' title='bbox 1987 3987 2082 4043; x_wconf 86' lang='lat' dir='ltr'><strong>Dei</strong></span> 
     </span>
    </p>
   </div>
   <div class='ocr_carea' id='block_1_72' title="bbox 507 4077 2083 4150">
    <p class='ocr_par' dir='ltr' id='par_1_72' title="bbox 507 4077 2083 4150">
     <span class='ocr_line' id='line_1_72' title="bbox 507 4077 2083 4150; baseline -0.003 -12"><span class='ocrx_word' id='word_1_514' title='bbox 507 4082 770 4139; x_wconf 86' lang='lat' dir='ltr'><strong>miracula</strong></span> <span class='ocrx_word' id='word_1_515' title='bbox 818 4080 1056 4147; x_wconf 85' lang='lat' dir='ltr'><strong>videant,</strong></span> <span class='ocrx_word' id='word_1_516' title='bbox 1106 4089 1289 4141; x_wconf 83' lang='lat' dir='ltr'><strong>tamen</strong></span> <span class='ocrx_word' id='word_1_517' title='bbox 1322 4095 1417 4135; x_wconf 90' lang='lat' dir='ltr'><strong>eos</strong></span> <span class='ocrx_word' id='word_1_518' title='bbox 1444 4079 1537 4150; x_wconf 92' lang='lat' dir='ltr'><strong>qui</strong></span> <span class='ocrx_word' id='word_1_519' title='bbox 1586 4078 1640 4133; x_wconf 89' lang='lat' dir='ltr'><strong>in</strong></span> <span class='ocrx_word' id='word_1_520' title='bbox 1670 4077 1908 4136; x_wconf 87' lang='lat' dir='ltr'><strong>Ecclesia</strong></span> <span class='ocrx_word' id='word_1_521' title='bbox 1956 4094 2083 4149; x_wconf 89' lang='lat' dir='ltr'><strong>par-</strong></span> 
     </span>
    </p>
   </div>
   <div class='ocr_carea' id='block_1_73' title="bbox 508 4165 2080 4241">
    <p class='ocr_par' dir='ltr' id='par_1_73' title="bbox 508 4165 2080 4241">
     <span class='ocr_line' id='line_1_73' title="bbox 508 4165 2080 4241; baseline 0 -17"><span class='ocrx_word' id='word_1_522' title='bbox 508 4171 619 4227; x_wconf 86' lang='lat' dir='ltr'><strong>vuli</strong></span> <span class='ocrx_word' id='word_1_523' title='bbox 656 4168 878 4241; x_wconf 88' lang='lat' dir='ltr'><strong>quidem</strong></span> <span class='ocrx_word' id='word_1_524' title='bbox 909 4176 965 4225; x_wconf 88' lang='lat' dir='ltr'><strong>et</strong></span> <span class='ocrx_word' id='word_1_525' title='bbox 1000 4167 1216 4240; x_wconf 90' lang='lat' dir='ltr'><strong>pueruli</strong></span> <span class='ocrx_word' id='word_1_526' title='bbox 1265 4176 1416 4233; x_wconf 87' lang='lat' dir='ltr'><strong>sunt,</strong></span> <span class='ocrx_word' id='word_1_527' title='bbox 1448 4167 1543 4223; x_wconf 88' lang='lat' dir='ltr'><strong>sed</strong></span> <span class='ocrx_word' id='word_1_528' title='bbox 1572 4165 1744 4222; x_wconf 90' lang='lat' dir='ltr'><strong>Deum</strong></span> <span class='ocrx_word' id='word_1_529' title='bbox 1789 4167 1962 4223; x_wconf 88' lang='lat' dir='ltr'><strong>nihilo</strong></span> <span class='ocrx_word' id='word_1_530' title='bbox 1990 4183 2080 4224; x_wconf 81' lang='lat' dir='ltr'><strong>se—</strong></span> 
     </span>
    </p>
   </div>
   <div class='ocr_carea' id='block_1_74' title="bbox 2199 3343 3770 3417">
    <p class='ocr_par' dir='ltr' id='par_1_74' title="bbox 2199 3343 3770 3417">
     <span class='ocr_line' id='line_1_74' title="bbox 2199 3343 3770 3417; baseline -0.002 -18"><span class='ocrx_word' id='word_1_531' title='bbox 2199 3346 2412 3417; x_wconf 87' lang='grc' dir='ltr'>μικρῶν</span> <span class='ocrx_word' id='word_1_532' title='bbox 2446 3347 2537 3401; x_wconf 76' lang='grc' dir='ltr'>καὶ</span> <span class='ocrx_word' id='word_1_533' title='bbox 2580 3346 2807 3400; x_wconf 86' lang='grc' dir='ltr'>παιδίων</span> <span class='ocrx_word' id='word_1_534' title='bbox 2844 3346 3156 3416; x_wconf 85' lang='grc' dir='ltr'>ὑμνούντων</span> <span class='ocrx_word' id='word_1_535' title='bbox 3190 3345 3292 3416; x_wconf 75' lang='grc' dir='ltr'><strong>ἐμὲ</strong></span> <span class='ocrx_word' id='word_1_536' title='bbox 3324 3344 3420 3398; x_wconf 75' lang='grc' dir='ltr'><strong>καὶ</strong></span> <span class='ocrx_word' id='word_1_537' title='bbox 3449 3343 3543 3398; x_wconf 74' lang='grc' dir='ltr'>τὸν</span> <span class='ocrx_word' id='word_1_538' title='bbox 3569 3344 3627 3396; x_wconf 80' lang='grc' dir='ltr'>ὲν</span> <span class='ocrx_word' id='word_1_539' title='bbox 3661 3344 3770 3406; x_wconf 77' lang='grc' dir='ltr'>τοῖς</span> 
     </span>
    </p>
   </div>
   <div class='ocr_carea' id='block_1_75' title="bbox 2193 3432 3770 3510">
    <p class='ocr_par' dir='ltr' id='par_1_75' title="bbox 2193 3432 3770 3510">
     <span class='ocr_line' id='line_1_75' title="bbox 2193 3432 3770 3510; baseline -0.004 -19"><span class='ocrx_word' id='word_1_540' title='bbox 2193 3438 2443 3510; x_wconf 82' lang='grc' dir='ltr'>οὐρανοῖς</span> <span class='ocrx_word' id='word_1_541' title='bbox 2459 3437 2679 3509; x_wconf 83' lang='grc' dir='ltr'>Πατέρα</span> <span class='ocrx_word' id='word_1_542' title='bbox 2701 3453 2803 3508; x_wconf 86' lang='grc' dir='ltr'><strong>μου</strong></span> <span class='ocrx_word' id='word_1_543' title='bbox 2831 3437 2934 3501; x_wconf 85' lang='grc' dir='ltr'>ὅτι,</span> <span class='ocrx_word' id='word_1_544' title='bbox 2971 3453 2991 3488; x_wconf 76' lang='grc' dir='ltr'>ί</span> <span class='ocrx_word' id='word_1_545' title='bbox 3025 3436 3120 3489; x_wconf 88' lang='grc' dir='ltr'>Ἐκ</span> <span class='ocrx_word' id='word_1_546' title='bbox 3150 3434 3415 3506; x_wconf 82' lang='grc' dir='ltr'>στόματος</span> <span class='ocrx_word' id='word_1_547' title='bbox 3448 3432 3656 3505; x_wconf 79' lang='grc' dir='ltr'>νηπίων</span> <span class='ocrx_word' id='word_1_548' title='bbox 3680 3432 3770 3485; x_wconf 73' lang='grc' dir='ltr'><strong>καὶ</strong></span> 
     </span>
    </p>
   </div>
   <div class='ocr_carea' id='block_1_76' title="bbox 2193 3519 3768 3599">
    <p class='ocr_par' dir='ltr' id='par_1_76' title="bbox 2193 3519 3768 3599">
     <span class='ocr_line' id='line_1_76' title="bbox 2193 3519 3768 3599; baseline -0.003 -18"><span class='ocrx_word' id='word_1_549' title='bbox 2193 3524 2531 3599; x_wconf 75' lang='grc' dir='ltr'>θηλαζόντων</span> <span class='ocrx_word' id='word_1_550' title='bbox 2557 3527 2868 3598; x_wconf 84' lang='grc' dir='ltr'>κατηρτίσω</span> <span class='ocrx_word' id='word_1_551' title='bbox 2883 3521 3061 3591; x_wconf 77' lang='grc' dir='ltr'>αἷνον;</span> <span class='ocrx_word' id='word_1_552' title='bbox 3093 3545 3112 3579; x_wconf 74' lang='grc' dir='ltr'><strong>ι</strong></span> <span class='ocrx_word' id='word_1_553' title='bbox 3139 3526 3367 3598; x_wconf 81' lang='grc' dir='ltr'>Μήποτε</span> <span class='ocrx_word' id='word_1_554' title='bbox 3390 3519 3509 3590; x_wconf 85' lang='grc' dir='ltr'>οῦν,</span> <span class='ocrx_word' id='word_1_555' title='bbox 3537 3525 3613 3588; x_wconf 84' lang='grc' dir='ltr'>ὡς</span> <span class='ocrx_word' id='word_1_556' title='bbox 3634 3523 3768 3577; x_wconf 78' lang='grc' dir='ltr'><strong>κατά</strong></span> 
     </span>
    </p>
   </div>
   <div class='ocr_carea' id='block_1_77' title="bbox 2194 3615 3765 3694">
    <p class='ocr_par' dir='ltr' id='par_1_77' title="bbox 2194 3615 3765 3694">
     <span class='ocr_line' id='line_1_77' title="bbox 2194 3615 3765 3694; baseline -0.003 -21"><span class='ocrx_word' id='word_1_557' title='bbox 2194 3621 2436 3694; x_wconf 70' lang='grc' dir='ltr'>ἱστορίαν</span> <span class='ocrx_word' id='word_1_558' title='bbox 2460 3620 2650 3692; x_wconf 75' lang='grc' dir='ltr'>ψεκτοί</span> <span class='ocrx_word' id='word_1_559' title='bbox 2677 3623 2815 3675; x_wconf 86' lang='grc' dir='ltr'>είσιν</span> <span class='ocrx_word' id='word_1_560' title='bbox 2836 3615 2983 3675; x_wconf 73' lang='grc' dir='ltr'>οὗτοι</span> <span class='ocrx_word' id='word_1_561' title='bbox 3009 3620 3059 3673; x_wconf 78' lang='grc' dir='ltr'><strong>οἱ</strong></span> <span class='ocrx_word' id='word_1_562' title='bbox 3085 3619 3363 3690; x_wconf 80' lang='grc' dir='ltr'>ἀρχιερεῖς</span> <span class='ocrx_word' id='word_1_563' title='bbox 3393 3619 3489 3673; x_wconf 73' lang='grc' dir='ltr'>καὶ</span> <span class='ocrx_word' id='word_1_564' title='bbox 3515 3633 3765 3689; x_wconf 79' lang='grc' dir='ltr'>γραμμα-</span> 
     </span>
    </p>
   </div>
   <div class='ocr_carea' id='block_1_78' title="bbox 2190 3707 3764 3785">
    <p class='ocr_par' dir='ltr' id='par_1_78' title="bbox 2190 3707 3764 3785">
     <span class='ocr_line' id='line_1_78' title="bbox 2190 3707 3764 3785; baseline -0.004 -19"><span class='ocrx_word' id='word_1_565' title='bbox 2190 3715 2324 3778; x_wconf 88' lang='grc' dir='ltr'>τεῖς,</span> <span class='ocrx_word' id='word_1_566' title='bbox 2345 3714 2519 3778; x_wconf 76' lang='grc' dir='ltr'>οὕτως</span> <span class='ocrx_word' id='word_1_567' title='bbox 2548 3714 2644 3768; x_wconf 75' lang='grc' dir='ltr'><strong>καὶ</strong></span> <span class='ocrx_word' id='word_1_568' title='bbox 2672 3711 2813 3767; x_wconf 89' lang='grc' dir='ltr'><strong>κατά</strong></span> <span class='ocrx_word' id='word_1_569' title='bbox 2840 3714 2939 3785; x_wconf 82' lang='grc' dir='ltr'><strong>τὴν</strong></span> <span class='ocrx_word' id='word_1_570' title='bbox 2966 3711 3258 3783; x_wconf 80' lang='grc' dir='ltr'>ἀναγωγὴν</span> <span class='ocrx_word' id='word_1_571' title='bbox 3278 3710 3386 3763; x_wconf 82' lang='grc' dir='ltr'>είσί</span> <span class='ocrx_word' id='word_1_572' title='bbox 3415 3727 3559 3775; x_wconf 89' lang='grc' dir='ltr'>τινες</span> <span class='ocrx_word' id='word_1_573' title='bbox 3585 3707 3764 3779; x_wconf 72' lang='grc' dir='ltr'>ψεκτοὶ</span> 
     </span>
    </p>
   </div>
   <div class='ocr_carea' id='block_1_79' title="bbox 2191 3799 3761 3873">
    <p class='ocr_par' dir='ltr' id='par_1_79' title="bbox 2191 3799 3761 3873">
     <span class='ocr_line' id='line_1_79' title="bbox 2191 3799 3761 3873; baseline -0.001 -19"><span class='ocrx_word' id='word_1_574' title='bbox 2191 3800 2487 3873; x_wconf 86' lang='grc' dir='ltr'>ἀρχιερεῖς,</span> <span class='ocrx_word' id='word_1_575' title='bbox 2530 3802 2591 3855; x_wconf 86' lang='grc' dir='ltr'>τὺ</span> <span class='ocrx_word' id='word_1_576' title='bbox 2634 3801 2806 3873; x_wconf 74' lang='grc' dir='ltr'>ὄνομα</span> <span class='ocrx_word' id='word_1_577' title='bbox 2843 3802 2944 3873; x_wconf 81' lang='grc' dir='ltr'><strong>τῆς</strong></span> <span class='ocrx_word' id='word_1_578' title='bbox 2991 3800 3299 3871; x_wconf 76' lang='grc' dir='ltr'>ἐπισκοπῆς</span> <span class='ocrx_word' id='word_1_579' title='bbox 3335 3800 3399 3855; x_wconf 86' lang='grc' dir='ltr'>οὐ</span> <span class='ocrx_word' id='word_1_580' title='bbox 3440 3799 3761 3871; x_wconf 83' lang='grc' dir='ltr'>κοσμοῦντες</span> 
     </span>
    </p>
   </div>
   <div class='ocr_carea' id='block_1_80' title="bbox 2187 3891 3763 3966">
    <p class='ocr_par' dir='ltr' id='par_1_80' title="bbox 2187 3891 3763 3966">
     <span class='ocr_line' id='line_1_80' title="bbox 2187 3891 3763 3966; baseline 0 -22"><span class='ocrx_word' id='word_1_581' title='bbox 2187 3891 2266 3963; x_wconf 78' lang='grc' dir='ltr'><strong>τῷ</strong></span> <span class='ocrx_word' id='word_1_582' title='bbox 2291 3894 2499 3948; x_wconf 80' lang='grc' dir='ltr'>ἑαυτῶν</span> <span class='ocrx_word' id='word_1_583' title='bbox 2544 3893 2674 3966; x_wconf 78' lang='grc' dir='ltr'>βίῳ,</span> <span class='ocrx_word' id='word_1_584' title='bbox 2721 3896 2842 3949; x_wconf 78' lang='grc' dir='ltr'>οὐδὲ</span> <span class='ocrx_word' id='word_1_585' title='bbox 2878 3894 3220 3966; x_wconf 75' lang='grc' dir='ltr'>ἐνδεδυμένοι</span> <span class='ocrx_word' id='word_1_586' title='bbox 3266 3894 3366 3964; x_wconf 77' lang='grc' dir='ltr'><strong>τὴν</strong></span> <span class='ocrx_word' id='word_1_587' title='bbox 3405 3892 3633 3964; x_wconf 80' lang='grc' dir='ltr'>δήλωσιν</span> <span class='ocrx_word' id='word_1_588' title='bbox 3672 3891 3763 3944; x_wconf 73' lang='grc' dir='ltr'>καὶ</span> 
     </span>
    </p>
   </div>
   <div class='ocr_carea' id='block_1_81' title="bbox 2188 3980 3757 4059">
    <p class='ocr_par' dir='ltr' id='par_1_81' title="bbox 2188 3980 3757 4059">
     <span class='ocr_line' id='line_1_81' title="bbox 2188 3980 3757 4059; baseline -0.001 -22"><span class='ocrx_word' id='word_1_589' title='bbox 2188 3984 2288 4057; x_wconf 86' lang='grc' dir='ltr'>τὴν</span> <span class='ocrx_word' id='word_1_590' title='bbox 2320 3985 2603 4059; x_wconf 84' lang='grc' dir='ltr'>ἀλήθειαν;</span> <span class='ocrx_word' id='word_1_591' title='bbox 2634 3982 2795 4042; x_wconf 73' lang='grc' dir='ltr'>Οὗτοι</span> <span class='ocrx_word' id='word_1_592' title='bbox 2828 3983 2944 4054; x_wconf 86' lang='grc' dir='ltr'>οὖν,</span> <span class='ocrx_word' id='word_1_593' title='bbox 2982 3986 3227 4056; x_wconf 85' lang='grc' dir='ltr'>καίτοιγε</span> <span class='ocrx_word' id='word_1_594' title='bbox 3261 3984 3551 4056; x_wconf 82' lang='grc' dir='ltr'>βλέποντες</span> <span class='ocrx_word' id='word_1_595' title='bbox 3580 3984 3646 4038; x_wconf 69' lang='grc' dir='ltr'>τὰ</span> <span class='ocrx_word' id='word_1_596' title='bbox 3670 3980 3757 4035; x_wconf 89' lang='grc' dir='ltr'><strong>τοῦ</strong></span> 
     </span>
    </p>
   </div>
   <div class='ocr_carea' id='block_1_82' title="bbox 2188 4076 3757 4154">
    <p class='ocr_par' dir='ltr' id='par_1_82' title="bbox 2188 4076 3757 4154">
     <span class='ocr_line' id='line_1_82' title="bbox 2188 4076 3757 4154; baseline -0.001 -24"><span class='ocrx_word' id='word_1_597' title='bbox 2188 4076 2322 4131; x_wconf 85' lang='grc' dir='ltr'>Θεοῦ</span> <span class='ocrx_word' id='word_1_598' title='bbox 2365 4077 2664 4151; x_wconf 79' lang='grc' dir='ltr'>θαυμάσια,</span> <span class='ocrx_word' id='word_1_599' title='bbox 2701 4081 2855 4135; x_wconf 80' lang='grc' dir='ltr'>οὐδὲν</span> <span class='ocrx_word' id='word_1_600' title='bbox 2902 4076 3068 4154; x_wconf 83' lang='grc' dir='ltr'>ἦττον</span> <span class='ocrx_word' id='word_1_601' title='bbox 3111 4078 3516 4151; x_wconf 75' lang='grc' dir='ltr'>καταφρονοῦσι</span> <span class='ocrx_word' id='word_1_602' title='bbox 3558 4077 3662 4131; x_wconf 81' lang='grc' dir='ltr'><strong>τῶν</strong></span> <span class='ocrx_word' id='word_1_603' title='bbox 3702 4077 3757 4129; x_wconf 79' lang='grc' dir='ltr'>ἐν</span> 
     </span>
    </p>
   </div>
   <div class='ocr_carea' id='block_1_83' title="bbox 2185 4167 3757 4246">
    <p class='ocr_par' dir='ltr' id='par_1_83' title="bbox 2185 4167 3757 4246">
     <span class='ocr_line' id='line_1_83' title="bbox 2185 4167 3757 4246; baseline 0.001 -23"><span class='ocrx_word' id='word_1_604' title='bbox 2185 4171 2252 4242; x_wconf 73' lang='grc' dir='ltr'>τῇ</span> <span class='ocrx_word' id='word_1_605' title='bbox 2295 4171 2591 4245; x_wconf 76' lang='grc' dir='ltr'>Ἐκκλησία</span> <span class='ocrx_word' id='word_1_606' title='bbox 2618 4173 2832 4246; x_wconf 85' lang='grc' dir='ltr'>μικρῶν</span> <span class='ocrx_word' id='word_1_607' title='bbox 2863 4173 2962 4245; x_wconf 86' lang='grc' dir='ltr'><strong>μὲν</strong></span> <span class='ocrx_word' id='word_1_608' title='bbox 2992 4174 3087 4227; x_wconf 76' lang='grc' dir='ltr'><strong>καὶ</strong></span> <span class='ocrx_word' id='word_1_609' title='bbox 3111 4173 3343 4244; x_wconf 84' lang='grc' dir='ltr'>νηπίων,</span> <span class='ocrx_word' id='word_1_610' title='bbox 3374 4171 3681 4243; x_wconf 79' lang='grc' dir='ltr'>ὑμνούντων</span> <span class='ocrx_word' id='word_1_611' title='bbox 3700 4167 3757 4225; x_wconf 65' lang='grc' dir='ltr'>δὲ</span> 
     </span>
    </p>
   </div>
   <div class='ocr_carea' id='block_1_84' title="bbox 506 4257 2092 4336">
    <p class='ocr_par' dir='ltr' id='par_1_84' title="bbox 506 4257 2081 4332">
     <span class='ocr_line' id='line_1_84' title="bbox 506 4257 2081 4332; baseline -0.003 -13"><span class='ocrx_word' id='word_1_612' title='bbox 506 4263 672 4329; x_wconf 88' lang='lat' dir='ltr'><strong>eius,</strong></span> <span class='ocrx_word' id='word_1_613' title='bbox 724 4262 1008 4332; x_wconf 84' lang='lat' dir='ltr'><strong>ipsiusque</strong></span> <span class='ocrx_word' id='word_1_614' title='bbox 1052 4258 1333 4316; x_wconf 86' lang='lat' dir='ltr'><strong>Christum</strong></span> <span class='ocrx_word' id='word_1_615' title='bbox 1386 4257 1644 4325; x_wconf 83' lang='lat' dir='ltr'><strong>laudant,</strong></span> <span class='ocrx_word' id='word_1_616' title='bbox 1702 4265 2081 4328; x_wconf 84' lang='lat' dir='ltr'><strong>contemnunt,</strong></span> 
     </span>
    </p>
   </div>
   <div class='ocr_carea' id='block_1_85' title="bbox 2200 4257 3753 4336">
    <p class='ocr_par' dir='ltr' id='par_1_85' title="bbox 2200 4260 3753 4336">
     <span class='ocr_line' id='line_1_85' title="bbox 2200 4260 3753 4336; baseline -0.001 -21"><span class='ocrx_word' id='word_1_617' title='bbox 2200 4261 2277 4316; x_wconf 74' lang='grc' dir='ltr'><strong>τὸν</strong></span> <span class='ocrx_word' id='word_1_618' title='bbox 2307 4263 2439 4318; x_wconf 77' lang='grc' dir='ltr'>Θεὸν</span> <span class='ocrx_word' id='word_1_619' title='bbox 2467 4265 2561 4319; x_wconf 79' lang='grc' dir='ltr'><strong>καὶ</strong></span> <span class='ocrx_word' id='word_1_620' title='bbox 2600 4266 2691 4319; x_wconf 79' lang='grc' dir='ltr'><strong>τὸν</strong></span> <span class='ocrx_word' id='word_1_621' title='bbox 2718 4266 2951 4336; x_wconf 83' lang='grc' dir='ltr'>Χριστὸν</span> <span class='ocrx_word' id='word_1_622' title='bbox 2985 4264 3174 4330; x_wconf 87' lang='grc' dir='ltr'>αὑτοῦ,</span> <span class='ocrx_word' id='word_1_623' title='bbox 3223 4264 3318 4319; x_wconf 76' lang='grc' dir='ltr'>καὶ</span> <span class='ocrx_word' id='word_1_624' title='bbox 3365 4260 3753 4335; x_wconf 75' lang='grc' dir='ltr'>ἀγανακτοῦσιν</span> 
     </span>
    </p>
   </div>
   <div class='ocr_carea' id='block_1_86' title="bbox 1708 4354 2559 4416">
    <p class='ocr_par' dir='ltr' id='par_1_86' title="bbox 1708 4354 2559 4416">
     <span class='ocr_line' id='line_1_86' title="bbox 1708 4354 2559 4416; baseline 0.007 -5"><span class='ocrx_word' id='word_1_625' title='bbox 1708 4354 1891 4412; x_wconf 78' lang='lat' dir='ltr'><strong>VETU</strong></span> <span class='ocrx_word' id='word_1_626' title='bbox 1904 4356 1943 4412; x_wconf 87' lang='lat' dir='ltr'><strong>S</strong></span> <span class='ocrx_word' id='word_1_627' title='bbox 1970 4354 2411 4414; x_wconf 81' lang='lat' dir='ltr'><strong>INTERPRE&#39;I‘A</strong></span> <span class='ocrx_word' id='word_1_628' title='bbox 2424 4359 2559 4416; x_wconf 81' lang='grc' dir='ltr'><strong>τΙΟ.</strong></span> 
     </span>
    </p>
   </div>
   <div class='ocr_carea' id='block_1_87' title="bbox 506 4450 3746 4524">
    <p class='ocr_par' dir='ltr' id='par_1_87' title="bbox 506 4450 3746 4524">
     <span class='ocr_line' id='line_1_87' title="bbox 506 4450 3746 4524; baseline -0 -16"><span class='ocrx_word' id='word_1_629' title='bbox 506 4454 695 4516; x_wconf 87' lang='lat' dir='ltr'><strong>tionis,</strong></span> <span class='ocrx_word' id='word_1_630' title='bbox 730 4452 881 4509; x_wconf 78' lang='lat' dir='ltr'><strong>fures</strong></span> <span class='ocrx_word' id='word_1_631' title='bbox 901 4452 1051 4524; x_wconf 74' lang='lat' dir='ltr'><strong>ejicit</strong></span> <span class='ocrx_word' id='word_1_632' title='bbox 1073 4451 1141 4508; x_wconf 89' lang='lat' dir='ltr'><strong>de</strong></span> <span class='ocrx_word' id='word_1_633' title='bbox 1170 4452 1374 4524; x_wconf 62' lang='lat' dir='ltr'><strong>templo</strong></span> <span class='ocrx_word' id='word_1_634' title='bbox 1400 4468 1414 4507; x_wconf 89' lang='lat'><strong>:</strong></span> <span class='ocrx_word' id='word_1_635' title='bbox 1440 4451 1519 4524; x_wconf 80' lang='lat' dir='ltr'><strong>illi</strong></span> <span class='ocrx_word' id='word_1_636' title='bbox 1543 4460 1724 4507; x_wconf 84' lang='lat' dir='ltr'><strong>autem</strong></span> <span class='ocrx_word' id='word_1_637' title='bbox 1752 4450 1848 4524; x_wconf 86' lang='lat' dir='ltr'><strong>qui</strong></span> <span class='ocrx_word' id='word_1_638' title='bbox 1872 4453 2279 4524; x_wconf 78' lang='lat' dir='ltr'><strong>consentientes</strong></span> <span class='ocrx_word' id='word_1_639' title='bbox 2306 4464 2459 4511; x_wconf 88' lang='lat' dir='ltr'><strong>erant</strong></span> <span class='ocrx_word' id='word_1_640' title='bbox 2485 4453 2719 4523; x_wconf 80' lang='lat' dir='ltr'><strong>furibus,</strong></span> <span class='ocrx_word' id='word_1_641' title='bbox 2747 4455 2816 4511; x_wconf 91' lang='lat' dir='ltr'><strong>de</strong></span> <span class='ocrx_word' id='word_1_642' title='bbox 2834 4453 2963 4510; x_wconf 80' lang='lat' dir='ltr'><strong>Jesu</strong></span> <span class='ocrx_word' id='word_1_643' title='bbox 2994 4453 3215 4524; x_wconf 85' lang='lat' dir='ltr'><strong>quidem</strong></span> <span class='ocrx_word' id='word_1_644' title='bbox 3239 4453 3500 4509; x_wconf 75' lang='lat' dir='ltr'><strong>dixerunt</strong></span> <span class='ocrx_word' id='word_1_645' title='bbox 3525 4471 3540 4507; x_wconf 92' lang='lat'><strong>:</strong></span> <span class='ocrx_word' id='word_1_646' title='bbox 3571 4452 3746 4524; x_wconf 67' lang='lat' dir='ltr'><strong>«Cru-</strong></span> 
     </span>
    </p>
   </div>
   <div class='ocr_carea' id='block_1_88' title="bbox 504 4520 3747 4607">
    <p class='ocr_par' dir='ltr' id='par_1_88' title="bbox 504 4520 3747 4607">
     <span class='ocr_line' id='line_1_88' title="bbox 504 4520 3747 4607; baseline 0 -30"><span class='ocrx_word' id='word_1_647' title='bbox 504 4525 685 4607; x_wconf 65' lang='lat' dir='ltr'><strong>citige,</strong></span> <span class='ocrx_word' id='word_1_648' title='bbox 701 4520 956 4607; x_wconf 72' lang='lat' dir='ltr'><strong>cruciﬁge</strong></span> <span class='ocrx_word' id='word_1_649' title='bbox 973 4537 1135 4607; x_wconf 72' lang='lat' dir='ltr'><strong>eum;</strong></span> <span class='ocrx_word' id='word_1_650' title='bbox 1166 4520 1545 4607; x_wconf 47' lang='lat' dir='ltr'><strong>ide&#39;B‘arabba</strong></span> <span class='ocrx_word' id='word_1_651' title='bbox 1571 4531 1750 4607; x_wconf 79' lang='lat' dir='ltr'><strong>autem</strong></span> <span class='ocrx_word' id='word_1_652' title='bbox 1783 4521 1993 4607; x_wconf 74' lang='lat' dir='ltr'><strong>latrone</strong></span> <span class='ocrx_word' id='word_1_653' title='bbox 2019 4540 2091 4607; x_wconf 40' lang='lat' dir='ltr'><strong>at</strong></span> <span class='ocrx_word' id='word_1_654' title='bbox 2118 4522 2337 4607; x_wconf 72' lang='lat' dir='ltr'><strong>Dimitte</strong></span> <span class='ocrx_word' id='word_1_655' title='bbox 2361 4526 2520 4583; x_wconf 88' lang='lat' dir='ltr'><strong>nobis</strong></span> <span class='ocrx_word' id='word_1_656' title='bbox 2544 4520 2923 4607; x_wconf 47' lang='lat' dir='ltr'><strong>Darabbam.)</strong></span> <span class='ocrx_word' id='word_1_657' title='bbox 2954 4520 3197 4607; x_wconf 39' lang='lat' dir='ltr'><strong>Propter.</strong></span> <span class='ocrx_word' id='word_1_658' title='bbox 3214 4526 3371 4607; x_wconf 63' lang='lat' dir='ltr'><strong>quod</strong></span> <span class='ocrx_word' id='word_1_659' title='bbox 3395 4538 3571 4595; x_wconf 88' lang='lat' dir='ltr'><strong>usque</strong></span> 
     </span>
    </p>
   </div>
   <div class='ocr_carea' id='block_1_89' title="bbox 507 4591 3741 4665">
    <p class='ocr_par' dir='ltr' id='par_1_89' title="bbox 507 4591 3741 4665">
     <span class='ocr_line' id='line_1_89' title="bbox 507 4591 3741 4665; baseline 0.001 -17"><span class='ocrx_word' id='word_1_660' title='bbox 507 4591 680 4648; x_wconf 65' lang='lat' dir='ltr'><strong>Judaei</strong></span> <span class='ocrx_word' id='word_1_661' title='bbox 704 4591 1145 4665; x_wconf 47' lang='lat' dir='ltr'><strong>lesum&quot;quidem</strong></span> <span class='ocrx_word' id='word_1_662' title='bbox 1185 4607 1294 4648; x_wconf 91' lang='lat' dir='ltr'><strong>non</strong></span> <span class='ocrx_word' id='word_1_663' title='bbox 1335 4592 1558 4665; x_wconf 78' lang='lat' dir='ltr'><strong>habent,</strong></span> <span class='ocrx_word' id='word_1_664' title='bbox 1586 4606 1687 4646; x_wconf 90' lang='lat' dir='ltr'><strong>nec</strong></span> <span class='ocrx_word' id='word_1_665' title='bbox 1728 4591 1876 4665; x_wconf 83' lang='lat' dir='ltr'><strong>enim</strong></span> <span class='ocrx_word' id='word_1_666' title='bbox 1907 4591 2258 4665; x_wconf 87' lang='lat' dir='ltr'><strong>crediderunt</strong></span> <span class='ocrx_word' id='word_1_667' title='bbox 2286 4594 2342 4649; x_wconf 92' lang='lat' dir='ltr'><strong>in</strong></span> <span class='ocrx_word' id='word_1_668' title='bbox 2371 4611 2496 4651; x_wconf 89' lang='lat' dir='ltr'><strong>eum</strong></span> <span class='ocrx_word' id='word_1_669' title='bbox 2522 4614 2536 4649; x_wconf 90' lang='lat'><strong>:</strong></span> <span class='ocrx_word' id='word_1_670' title='bbox 2570 4597 2772 4654; x_wconf 86' lang='lat' dir='ltr'><strong>habent</strong></span> <span class='ocrx_word' id='word_1_671' title='bbox 2802 4604 2984 4651; x_wconf 88' lang='lat' dir='ltr'><strong>autem</strong></span> <span class='ocrx_word' id='word_1_672' title='bbox 3015 4591 3084 4650; x_wconf 76' lang='lat' dir='ltr'><strong>de</strong></span> <span class='ocrx_word' id='word_1_673' title='bbox 3118 4591 3464 4665; x_wconf 82' lang='lat' dir='ltr'><strong>spiritalibus</strong></span> <span class='ocrx_word' id='word_1_674' title='bbox 3482 4591 3741 4663; x_wconf 56' lang='lat' dir='ltr'><strong>&#39;nequitiis</strong></span> 
     </span>
    </p>
   </div>
   <div class='ocr_carea' id='block_1_90' title="bbox 509 4662 3743 4737">
    <p class='ocr_par' dir='ltr' id='par_1_90' title="bbox 509 4662 3743 4737">
     <span class='ocr_line' id='line_1_90' title="bbox 509 4662 3743 4737; baseline 0.001 -20"><span class='ocrx_word' id='word_1_675' title='bbox 509 4662 1131 4737; x_wconf 64' lang='lat' dir='ltr'><strong>IatroncmDarabbam,</strong></span> <span class='ocrx_word' id='word_1_676' title='bbox 1169 4678 1356 4731; x_wconf 83' lang='lat' dir='ltr'><strong>quem,</strong></span> <span class='ocrx_word' id='word_1_677' title='bbox 1378 4662 1490 4737; x_wconf 77' lang='lat' dir='ltr'><strong>jam</strong></span> <span class='ocrx_word' id='word_1_678' title='bbox 1533 4671 1754 4737; x_wconf 86' lang='lat' dir='ltr'><strong>te_n_tum_</strong></span> <span class='ocrx_word' id='word_1_679' title='bbox 1773 4671 1825 4717; x_wconf 90' lang='lat' dir='ltr'><strong>et</strong></span> <span class='ocrx_word' id='word_1_680' title='bbox 1855 4663 1911 4717; x_wconf 90' lang='lat' dir='ltr'><strong>in</strong></span> <span class='ocrx_word' id='word_1_681' title='bbox 1937 4676 2157 4721; x_wconf 87' lang='lat' dir='ltr'><strong>carcere</strong></span> <span class='ocrx_word' id='word_1_682' title='bbox 2187 4664 2436 4721; x_wconf 86' lang='lat' dir='ltr'><strong>clausum</strong></span> <span class='ocrx_word' id='word_1_683' title='bbox 2476 4667 2740 4724; x_wconf 82' lang='lat' dir='ltr'><strong>adversus</strong></span> <span class='ocrx_word' id='word_1_684' title='bbox 2790 4682 2850 4724; x_wconf 88' lang='lat' dir='ltr'><strong>sc</strong></span> <span class='ocrx_word' id='word_1_685' title='bbox 2898 4662 3174 4737; x_wconf 75' lang='lat' dir='ltr'><strong>petierunt</strong></span> <span class='ocrx_word' id='word_1_686' title='bbox 3199 4665 3422 4722; x_wconf 85' lang='lat' dir='ltr'><strong>dimitti.</strong></span> <span class='ocrx_word' id='word_1_687' title='bbox 3454 4662 3743 4735; x_wconf 27' lang='lat' dir='ltr'><strong>ldeo’prin-</strong></span> 
     </span>
    </p>
   </div>
   <div class='ocr_carea' id='block_1_91' title="bbox 507 4730 1902 4804">
    <p class='ocr_par' dir='ltr' id='par_1_91' title="bbox 507 4730 1902 4804">
     <span class='ocr_line' id='line_1_91' title="bbox 507 4730 1902 4804; baseline -0.002 -15"><span class='ocrx_word' id='word_1_688' title='bbox 507 4749 637 4804; x_wconf 86' lang='lat' dir='ltr'><strong>ceps</strong></span> <span class='ocrx_word' id='word_1_689' title='bbox 664 4733 959 4788; x_wconf 79' lang='lat' dir='ltr'><strong>inﬁdelium</strong></span> <span class='ocrx_word' id='word_1_690' title='bbox 987 4730 1297 4804; x_wconf 67' lang='lat' dir='ltr'><strong>Iudaeorum</strong></span> <span class='ocrx_word' id='word_1_691' title='bbox 1328 4730 1413 4789; x_wconf 80' lang='lat' dir='ltr'><strong>est</strong></span> <span class='ocrx_word' id='word_1_692' title='bbox 1442 4731 1719 4788; x_wconf 85' lang='lat' dir='ltr'><strong>Barabbas</strong></span> <span class='ocrx_word' id='word_1_693' title='bbox 1743 4732 1902 4804; x_wconf 88' lang='lat' dir='ltr'><strong>latro.</strong></span> 
     </span>
    </p>
   </div>
   <div class='ocr_carea' id='block_1_92' title="bbox 574 4803 3736 4879">
    <p class='ocr_par' dir='ltr' id='par_1_92' title="bbox 574 4803 3736 4879">
     <span class='ocr_line' id='line_1_92' title="bbox 574 4803 3736 4879; baseline 0 -21"><span class='ocrx_word' id='word_1_694' title='bbox 574 4803 669 4879; x_wconf 60' lang='lat'><strong>‘25.</strong></span> <span class='ocrx_word' id='word_1_695' title='bbox 700 4822 716 4853; x_wconf 78' lang='grc' dir='ltr'><strong>ι</strong></span> <span class='ocrx_word' id='word_1_696' title='bbox 743 4804 807 4879; x_wconf 78' lang='lat' dir='ltr'><strong>Et</strong></span> <span class='ocrx_word' id='word_1_697' title='bbox 823 4811 1168 4879; x_wconf 78' lang='lat' dir='ltr'><strong>accesserunt</strong></span> <span class='ocrx_word' id='word_1_698' title='bbox 1185 4803 1250 4857; x_wconf 83' lang='lat' dir='ltr'><strong>ad</strong></span> <span class='ocrx_word' id='word_1_699' title='bbox 1270 4818 1395 4858; x_wconf 85' lang='lat' dir='ltr'><strong>eum</strong></span> <span class='ocrx_word' id='word_1_700' title='bbox 1422 4806 1549 4879; x_wconf 62' lang='lat' dir='ltr'><strong>casei</strong></span> <span class='ocrx_word' id='word_1_701' title='bbox 1567 4811 1621 4857; x_wconf 87' lang='lat' dir='ltr'><strong>et</strong></span> <span class='ocrx_word' id='word_1_702' title='bbox 1638 4803 2143 4879; x_wconf 82' lang='lat' dir='ltr'><strong>cla_udiin_templo,</strong></span> <span class='ocrx_word' id='word_1_703' title='bbox 2169 4814 2223 4863; x_wconf 90' lang='lat' dir='ltr'><strong>et</strong></span> <span class='ocrx_word' id='word_1_704' title='bbox 2242 4807 2457 4863; x_wconf 77' lang='lat' dir='ltr'><strong>sanavit</strong></span> <span class='ocrx_word' id='word_1_705' title='bbox 2484 4823 2632 4864; x_wconf 69' lang='lat' dir='ltr'><strong>eos.»</strong></span> <span class='ocrx_word' id='word_1_706' title='bbox 2662 4808 2793 4876; x_wconf 81' lang='lat' dir='ltr'><strong>Qua:</strong></span> <span class='ocrx_word' id='word_1_707' title='bbox 2811 4817 2940 4866; x_wconf 91' lang='lat' dir='ltr'><strong>sunt</strong></span> <span class='ocrx_word' id='word_1_708' title='bbox 2968 4808 3189 4879; x_wconf 90' lang='lat' dir='ltr'><strong>quidem</strong></span> <span class='ocrx_word' id='word_1_709' title='bbox 3224 4806 3526 4879; x_wconf 88' lang='lat' dir='ltr'><strong>secundum</strong></span> <span class='ocrx_word' id='word_1_710' title='bbox 3548 4804 3736 4875; x_wconf 86' lang='lat' dir='ltr'><strong>simpli-</strong></span> 
     </span>
    </p>
   </div>
   <div class='ocr_carea' id='block_1_93' title="bbox 509 4873 3737 4950">
    <p class='ocr_par' dir='ltr' id='par_1_93' title="bbox 509 4873 3737 4950">
     <span class='ocr_line' id='line_1_93' title="bbox 509 4873 3737 4950; baseline -0.001 -19"><span class='ocrx_word' id='word_1_711' title='bbox 509 4891 627 4931; x_wconf 84' lang='lat' dir='ltr'><strong>cem</strong></span> <span class='ocrx_word' id='word_1_712' title='bbox 656 4873 1014 4950; x_wconf 63' lang='lat' dir='ltr'><strong>intellectum,</strong></span> <span class='ocrx_word' id='word_1_713' title='bbox 1048 4873 1317 4950; x_wconf 80' lang='lat' dir='ltr'><strong>habentur</strong></span> <span class='ocrx_word' id='word_1_714' title='bbox 1353 4873 1664 4950; x_wconf 78' lang='lat' dir='ltr'><strong>manifesta.</strong></span> <span class='ocrx_word' id='word_1_715' title='bbox 1686 4874 2013 4950; x_wconf 72' lang='lat' dir='ltr'><strong>_Set_:undui_n</strong></span> <span class='ocrx_word' id='word_1_716' title='bbox 2032 4873 2491 4950; x_wconf 69' lang='lat' dir='ltr'><strong>consequentiam</strong></span> <span class='ocrx_word' id='word_1_717' title='bbox 2541 4873 2719 4935; x_wconf 75' lang='lat' dir='ltr'><strong>autem</strong></span> <span class='ocrx_word' id='word_1_718' title='bbox 2748 4873 3131 4950; x_wconf 58' lang='lat' dir='ltr'><strong>praedictorum</strong></span> <span class='ocrx_word' id='word_1_719' title='bbox 3156 4878 3449 4950; x_wconf 82' lang='lat' dir='ltr'><strong>moraliter</strong></span> <span class='ocrx_word' id='word_1_720' title='bbox 3479 4873 3737 4946; x_wconf 82' lang='lat' dir='ltr'><strong>exposito-</strong></span> 
     </span>
    </p>
   </div>
   <div class='ocr_carea' id='block_1_94' title="bbox 509 4943 3738 5017">
    <p class='ocr_par' dir='ltr' id='par_1_94' title="bbox 509 4943 3738 5017">
     <span class='ocr_line' id='line_1_94' title="bbox 509 4943 3738 5017; baseline -0 -17"><span class='ocrx_word' id='word_1_721' title='bbox 509 4961 653 5011; x_wconf 82' lang='lat' dir='ltr'><strong>rum,</strong></span> <span class='ocrx_word' id='word_1_722' title='bbox 680 4943 974 5017; x_wconf 86' lang='lat' dir='ltr'><strong>dicendum</strong></span> <span class='ocrx_word' id='word_1_723' title='bbox 1002 4945 1390 5017; x_wconf 82' lang='lat' dir='ltr'><strong>estquoniam</strong></span> <span class='ocrx_word' id='word_1_724' title='bbox 1440 4945 1492 4999; x_wconf 91' lang='lat' dir='ltr'><strong>in</strong></span> <span class='ocrx_word' id='word_1_725' title='bbox 1539 4944 1740 5015; x_wconf 91' lang='lat' dir='ltr'><strong>templo</strong></span> <span class='ocrx_word' id='word_1_726' title='bbox 1776 4943 1893 5017; x_wconf 85' lang='lat' dir='ltr'><strong>Dei,</strong></span> <span class='ocrx_word' id='word_1_727' title='bbox 1930 4944 1983 4998; x_wconf 90' lang='lat' dir='ltr'><strong>id</strong></span> <span class='ocrx_word' id='word_1_728' title='bbox 2026 4956 2111 5002; x_wconf 90' lang='lat' dir='ltr'><strong>est</strong></span> <span class='ocrx_word' id='word_1_729' title='bbox 2164 4943 2513 5012; x_wconf 38' lang='lat' dir='ltr'><strong>in‘Ecclesia,</strong></span> <span class='ocrx_word' id='word_1_730' title='bbox 2547 4966 2653 5004; x_wconf 88' lang='lat' dir='ltr'><strong>non</strong></span> <span class='ocrx_word' id='word_1_731' title='bbox 2693 4943 2821 5007; x_wconf 77' lang='lat' dir='ltr'><strong>sunt</strong></span> <span class='ocrx_word' id='word_1_732' title='bbox 2858 4965 3051 5006; x_wconf 91' lang='lat' dir='ltr'><strong>omnes</strong></span> <span class='ocrx_word' id='word_1_733' title='bbox 3080 4949 3347 5013; x_wconf 77' lang='lat' dir='ltr'><strong>videntes,</strong></span> <span class='ocrx_word' id='word_1_734' title='bbox 3391 4943 3567 5017; x_wconf 81' lang='lat' dir='ltr'><strong>neque</strong></span> <span class='ocrx_word' id='word_1_735' title='bbox 3609 4956 3738 5000; x_wconf 80' lang='lat' dir='ltr'><strong>recte</strong></span> 
     </span>
    </p>
   </div>
   <div class='ocr_carea' id='block_1_95' title="bbox 510 5014 2312 5096">
    <p class='ocr_par' dir='ltr' id='par_1_95' title="bbox 510 5014 2312 5096">
     <span class='ocr_line' id='line_1_95' title="bbox 510 5014 2312 5096; baseline -0.002 -23"><span class='ocrx_word' id='word_1_736' title='bbox 510 5016 891 5096; x_wconf 74' lang='lat' dir='ltr'><strong>ambulantes:</strong></span> <span class='ocrx_word' id='word_1_737' title='bbox 918 5016 1013 5096; x_wconf 61' lang='lat' dir='ltr'><strong>sed</strong></span> <span class='ocrx_word' id='word_1_738' title='bbox 1051 5014 1391 5096; x_wconf 38' lang='lat' dir='ltr'><strong>alii’quidem</strong></span> <span class='ocrx_word' id='word_1_739' title='bbox 1427 5025 1567 5096; x_wconf 68' lang='lat' dir='ltr'><strong>sunt</strong></span> <span class='ocrx_word' id='word_1_740' title='bbox 1587 5014 1739 5081; x_wconf 84' lang='lat' dir='ltr'><strong>caeci,</strong></span> <span class='ocrx_word' id='word_1_741' title='bbox 1766 5014 1857 5068; x_wconf 89' lang='lat' dir='ltr'><strong>alii</strong></span> <span class='ocrx_word' id='word_1_742' title='bbox 1890 5024 2069 5096; x_wconf 75' lang='lat' dir='ltr'><strong>autem</strong></span> <span class='ocrx_word' id='word_1_743' title='bbox 2083 5019 2312 5096; x_wconf 39' lang='lat' dir='ltr'><strong>&quot;claudi,</strong></span> 
     </span>
    </p>
   </div>
   <div class='ocr_carea' id='block_1_96' title="bbox 2367 5018 3736 5092">
    <p class='ocr_par' dir='ltr' id='par_1_96' title="bbox 2367 5018 3736 5092">
     <span class='ocr_line' id='line_1_96' title="bbox 2367 5018 3736 5092; baseline -0.003 -18"><span class='ocrx_word' id='word_1_744' title='bbox 2367 5018 2467 5086; x_wconf 86' lang='lat' dir='ltr'><strong>Qui</strong></span> <span class='ocrx_word' id='word_1_745' title='bbox 2494 5035 2571 5092; x_wconf 58' lang='lat' dir='ltr'><strong>ex</strong></span> <span class='ocrx_word' id='word_1_746' title='bbox 2590 5036 2657 5074; x_wconf 89' lang='lat' dir='ltr'><strong>eo</strong></span> <span class='ocrx_word' id='word_1_747' title='bbox 2689 5021 2830 5092; x_wconf 78' lang='lat' dir='ltr'><strong>quod</strong></span> <span class='ocrx_word' id='word_1_748' title='bbox 2878 5021 3184 5091; x_wconf 74' lang='lat' dir='ltr'><strong>intelligunt</strong></span> <span class='ocrx_word' id='word_1_749' title='bbox 3218 5018 3494 5092; x_wconf 84' lang='lat' dir='ltr'><strong>propriam</strong></span> <span class='ocrx_word' id='word_1_750' title='bbox 3525 5018 3736 5092; x_wconf 65' lang='lat' dir='ltr'><strong>carcin-</strong></span> 
     </span>
    </p>
   </div>
   <div class='ocr_carea' id='block_1_97' title="bbox 510 5086 3731 5160">
    <p class='ocr_par' dir='ltr' id='par_1_97' title="bbox 510 5086 3731 5160">
     <span class='ocr_line' id='line_1_97' title="bbox 510 5086 3731 5160; baseline 0 -18"><span class='ocrx_word' id='word_1_751' title='bbox 510 5099 642 5151; x_wconf 87' lang='lat' dir='ltr'><strong>tem.</strong></span> <span class='ocrx_word' id='word_1_752' title='bbox 674 5094 728 5143; x_wconf 89' lang='lat' dir='ltr'><strong>et</strong></span> <span class='ocrx_word' id='word_1_753' title='bbox 757 5086 1000 5160; x_wconf 71' lang='lat' dir='ltr'><strong>scientes&#39;</strong></span> <span class='ocrx_word' id='word_1_754' title='bbox 1015 5088 1141 5157; x_wconf 91' lang='lat' dir='ltr'><strong>quia</strong></span> <span class='ocrx_word' id='word_1_755' title='bbox 1165 5086 1372 5160; x_wconf 78' lang='lat' dir='ltr'><strong>nullius</strong></span> <span class='ocrx_word' id='word_1_756' title='bbox 1416 5087 1642 5160; x_wconf 67' lang='lat' dir='ltr'><strong>alterius</strong></span> <span class='ocrx_word' id='word_1_757' title='bbox 1672 5101 1808 5155; x_wconf 88' lang='lat' dir='ltr'><strong>opus</strong></span> <span class='ocrx_word' id='word_1_758' title='bbox 1835 5095 1919 5140; x_wconf 89' lang='lat' dir='ltr'><strong>est</strong></span> <span class='ocrx_word' id='word_1_759' title='bbox 1943 5088 2047 5143; x_wconf 90' lang='lat' dir='ltr'><strong>nisi</strong></span> <span class='ocrx_word' id='word_1_760' title='bbox 2076 5087 2422 5145; x_wconf 85' lang='lat' dir='ltr'><strong>CbristiJesu</strong></span> <span class='ocrx_word' id='word_1_761' title='bbox 2448 5102 2501 5146; x_wconf 89' lang='lat' dir='ltr'><strong>et</strong></span> <span class='ocrx_word' id='word_1_762' title='bbox 2528 5086 2810 5147; x_wconf 60' lang='lat' dir='ltr'><strong>Verhl&#39;Dei</strong></span> <span class='ocrx_word' id='word_1_763' title='bbox 2842 5101 2901 5147; x_wconf 92' lang='lat' dir='ltr'><strong>ut</strong></span> <span class='ocrx_word' id='word_1_764' title='bbox 2932 5086 3630 5160; x_wconf 51' lang='lat' dir='ltr'><strong>sanentur,&#39;ut&#39;percipiant</strong></span> <span class='ocrx_word' id='word_1_765' title='bbox 3652 5103 3731 5142; x_wconf 80' lang='lat' dir='ltr'><strong>sa-</strong></span> 
     </span>
    </p>
   </div>
   <div class='ocr_carea' id='block_1_98' title="bbox 510 5155 1913 5222">
    <p class='ocr_par' dir='ltr' id='par_1_98' title="bbox 510 5155 1913 5222">
     <span class='ocr_line' id='line_1_98' title="bbox 510 5155 1913 5222; baseline -0.002 -10"><span class='ocrx_word' id='word_1_766' title='bbox 510 5160 732 5213; x_wconf 87' lang='lat' dir='ltr'><strong>nitatem</strong></span> <span class='ocrx_word' id='word_1_767' title='bbox 765 5155 1084 5213; x_wconf 78' lang='lat' dir='ltr'><strong>accedentés</strong></span> <span class='ocrx_word' id='word_1_768' title='bbox 1114 5158 1181 5212; x_wconf 90' lang='lat' dir='ltr'><strong>ad</strong></span> <span class='ocrx_word' id='word_1_769' title='bbox 1216 5155 1451 5211; x_wconf 86' lang='lat' dir='ltr'><strong>Verbum</strong></span> <span class='ocrx_word' id='word_1_770' title='bbox 1482 5156 1595 5222; x_wconf 73' lang='lat' dir='ltr'><strong>Dei,</strong></span> <span class='ocrx_word' id='word_1_771' title='bbox 1631 5165 1913 5211; x_wconf 84' lang='lat' dir='ltr'><strong>sanantur.</strong></span> 
     </span>
    </p>
   </div>
   <div class='ocr_carea' id='block_1_99' title="bbox 579 5222 3729 5297">
    <p class='ocr_par' dir='ltr' id='par_1_99' title="bbox 579 5222 3729 5297">
     <span class='ocr_line' id='line_1_99' title="bbox 579 5222 3729 5297; baseline -0.001 -15"><span class='ocrx_word' id='word_1_772' title='bbox 579 5230 670 5284; x_wconf 74' lang='lat'><strong>25.</strong></span> <span class='ocrx_word' id='word_1_773' title='bbox 703 5227 988 5284; x_wconf 66' lang='lat' dir='ltr'><strong>«Videntes</strong></span> <span class='ocrx_word' id='word_1_774' title='bbox 1016 5236 1194 5283; x_wconf 90' lang='lat' dir='ltr'><strong>autem</strong></span> <span class='ocrx_word' id='word_1_775' title='bbox 1224 5228 1497 5297; x_wconf 80' lang='lat' dir='ltr'><strong>principes</strong></span> <span class='ocrx_word' id='word_1_776' title='bbox 1518 5228 1861 5281; x_wconf 86' lang='lat' dir='ltr'><strong>sacerdotum</strong></span> <span class='ocrx_word' id='word_1_777' title='bbox 1896 5235 1947 5280; x_wconf 91' lang='lat' dir='ltr'><strong>et</strong></span> <span class='ocrx_word' id='word_1_778' title='bbox 1970 5222 2163 5297; x_wconf 62' lang='lat' dir='ltr'><strong>scriba!</strong></span> <span class='ocrx_word' id='word_1_779' title='bbox 2190 5224 2462 5297; x_wconf 86' lang='lat' dir='ltr'><strong>mirabilia</strong></span> <span class='ocrx_word' id='word_1_780' title='bbox 2488 5241 2608 5297; x_wconf 74' lang='lat' dir='ltr'><strong>qnzc</strong></span> <span class='ocrx_word' id='word_1_781' title='bbox 2635 5226 2779 5288; x_wconf 81' lang='lat' dir='ltr'><strong>fecit,</strong></span> <span class='ocrx_word' id='word_1_782' title='bbox 2812 5235 2866 5282; x_wconf 89' lang='lat' dir='ltr'><strong>et</strong></span> <span class='ocrx_word' id='word_1_783' title='bbox 2895 5240 3092 5297; x_wconf 90' lang='lat' dir='ltr'><strong>pueros</strong></span> <span class='ocrx_word' id='word_1_784' title='bbox 3123 5224 3422 5297; x_wconf 74' lang='lat' dir='ltr'><strong>clamantes</strong></span> <span class='ocrx_word' id='word_1_785' title='bbox 3452 5222 3506 5278; x_wconf 94' lang='lat' dir='ltr'><strong>in</strong></span> <span class='ocrx_word' id='word_1_786' title='bbox 3536 5226 3729 5296; x_wconf 87' lang='lat' dir='ltr'><strong>templo,</strong></span> 
     </span>
    </p>
   </div>
   <div class='ocr_carea' id='block_1_100' title="bbox 509 5291 3731 5367">
    <p class='ocr_par' dir='ltr' id='par_1_100' title="bbox 509 5291 3731 5367">
     <span class='ocr_line' id='line_1_100' title="bbox 509 5291 3731 5367; baseline -0.001 -15"><span class='ocrx_word' id='word_1_787' title='bbox 509 5308 564 5353; x_wconf 85' lang='lat' dir='ltr'><strong>et</strong></span> <span class='ocrx_word' id='word_1_788' title='bbox 595 5301 837 5354; x_wconf 89' lang='lat' dir='ltr'><strong>dicentes</strong></span> <span class='ocrx_word' id='word_1_789' title='bbox 864 5315 879 5351; x_wconf 89' lang='lat'><strong>:</strong></span> <span class='ocrx_word' id='word_1_790' title='bbox 906 5298 1159 5353; x_wconf 87' lang='lat' dir='ltr'><strong>llosanna</strong></span> <span class='ocrx_word' id='word_1_791' title='bbox 1188 5291 1299 5354; x_wconf 82' lang='lat' dir='ltr'><strong>lilio</strong></span> <span class='ocrx_word' id='word_1_792' title='bbox 1321 5291 1521 5363; x_wconf 75' lang='lat' dir='ltr'><strong>David;</strong></span> <span class='ocrx_word' id='word_1_793' title='bbox 1561 5298 1821 5367; x_wconf 84' lang='lat' dir='ltr'><strong>indignati</strong></span> <span class='ocrx_word' id='word_1_794' title='bbox 1853 5304 1981 5351; x_wconf 85' lang='lat' dir='ltr'><strong>sunt</strong></span> <span class='ocrx_word' id='word_1_795' title='bbox 2004 5304 2062 5367; x_wconf 86' lang='lat' dir='ltr'><strong>et</strong></span> <span class='ocrx_word' id='word_1_796' title='bbox 2094 5294 2349 5367; x_wconf 83' lang='lat' dir='ltr'><strong>dixerunt</strong></span> <span class='ocrx_word' id='word_1_797' title='bbox 2380 5296 2428 5349; x_wconf 90' lang='lat' dir='ltr'><strong>ei</strong></span> <span class='ocrx_word' id='word_1_798' title='bbox 2458 5314 2470 5348; x_wconf 90' lang='lat'><strong>:</strong></span> <span class='ocrx_word' id='word_1_799' title='bbox 2498 5291 2667 5353; x_wconf 66' lang='lat' dir='ltr'><strong>Audis</strong></span> <span class='ocrx_word' id='word_1_800' title='bbox 2695 5298 2827 5367; x_wconf 86' lang='lat' dir='ltr'><strong>quid</strong></span> <span class='ocrx_word' id='word_1_801' title='bbox 2856 5291 2943 5354; x_wconf 76' lang='lat' dir='ltr'><strong>isti</strong></span> <span class='ocrx_word' id='word_1_802' title='bbox 2969 5296 3193 5367; x_wconf 83' lang='lat' dir='ltr'><strong>dicunt_?</strong></span> <span class='ocrx_word' id='word_1_803' title='bbox 3226 5291 3390 5367; x_wconf 67' lang='lat' dir='ltr'><strong>Iesus</strong></span> <span class='ocrx_word' id='word_1_804' title='bbox 3414 5304 3590 5352; x_wconf 84' lang='lat' dir='ltr'><strong>autem</strong></span> <span class='ocrx_word' id='word_1_805' title='bbox 3612 5291 3731 5353; x_wconf 80' lang='lat' dir='ltr'><strong>dixit</strong></span> 
     </span>
    </p>
   </div>
   <div class='ocr_carea' id='block_1_101' title="bbox 512 5362 3724 5438">
    <p class='ocr_par' dir='ltr' id='par_1_101' title="bbox 512 5362 3724 5438">
     <span class='ocr_line' id='line_1_101' title="bbox 512 5362 3724 5438; baseline -0.001 -15"><span class='ocrx_word' id='word_1_806' title='bbox 512 5371 631 5424; x_wconf 85' lang='lat' dir='ltr'><strong>eis:</strong></span> <span class='ocrx_word' id='word_1_807' title='bbox 664 5367 893 5438; x_wconf 87' lang='lat' dir='ltr'><strong>Utique;</strong></span> <span class='ocrx_word' id='word_1_808' title='bbox 936 5384 1213 5438; x_wconf 81' lang='lat' dir='ltr'><strong>nunquam</strong></span> <span class='ocrx_word' id='word_1_809' title='bbox 1270 5362 1519 5438; x_wconf 69' lang='lat' dir='ltr'><strong>legistisi</strong></span> <span class='ocrx_word' id='word_1_810' title='bbox 1560 5367 1638 5422; x_wconf 90' lang='lat' dir='ltr'><strong>Ex</strong></span> <span class='ocrx_word' id='word_1_811' title='bbox 1678 5362 1779 5423; x_wconf 71' lang='lat' dir='ltr'><strong>ore</strong></span> <span class='ocrx_word' id='word_1_812' title='bbox 1822 5366 2107 5438; x_wconf 78' lang='lat' dir='ltr'><strong>infantium</strong></span> <span class='ocrx_word' id='word_1_813' title='bbox 2157 5374 2210 5419; x_wconf 88' lang='lat' dir='ltr'><strong>et</strong></span> <span class='ocrx_word' id='word_1_814' title='bbox 2250 5365 2563 5438; x_wconf 84' lang='lat' dir='ltr'><strong>lactentium</strong></span> <span class='ocrx_word' id='word_1_815' title='bbox 2611 5362 2881 5437; x_wconf 71' lang='lat' dir='ltr'><strong>perfecisti</strong></span> <span class='ocrx_word' id='word_1_816' title='bbox 2933 5364 3181 5438; x_wconf 85' lang='lat' dir='ltr'><strong>laudem?</strong></span> <span class='ocrx_word' id='word_1_817' title='bbox 3215 5381 3233 5438; x_wconf 65' lang='grc' dir='ltr'><strong>ι</strong></span> <span class='ocrx_word' id='word_1_818' title='bbox 3284 5362 3724 5438; x_wconf 80' lang='lat' dir='ltr'><strong>Quemadmodum</strong></span> 
     </span>
    </p>
   </div>
   <div class='ocr_carea' id='block_1_102' title="bbox 511 5434 3724 5508">
    <p class='ocr_par' dir='ltr' id='par_1_102' title="bbox 511 5434 3724 5508">
     <span class='ocr_line' id='line_1_102' title="bbox 511 5434 3724 5508; baseline -0.001 -15"><span class='ocrx_word' id='word_1_819' title='bbox 511 5434 812 5494; x_wconf 85' lang='lat' dir='ltr'><strong>secundum</strong></span> <span class='ocrx_word' id='word_1_820' title='bbox 846 5434 1128 5494; x_wconf 75' lang='lat' dir='ltr'><strong>historiam</strong></span> <span class='ocrx_word' id='word_1_821' title='bbox 1157 5434 1540 5508; x_wconf 72' lang='lat' dir='ltr'><strong>vituperabiles</strong></span> <span class='ocrx_word' id='word_1_822' title='bbox 1567 5449 1694 5493; x_wconf 89' lang='lat' dir='ltr'><strong>sunt</strong></span> <span class='ocrx_word' id='word_1_823' title='bbox 1734 5439 1820 5493; x_wconf 90' lang='lat' dir='ltr'><strong>isti</strong></span> <span class='ocrx_word' id='word_1_824' title='bbox 1849 5437 2127 5508; x_wconf 86' lang='lat' dir='ltr'><strong>principes</strong></span> <span class='ocrx_word' id='word_1_825' title='bbox 2159 5445 2213 5490; x_wconf 88' lang='lat' dir='ltr'><strong>et</strong></span> <span class='ocrx_word' id='word_1_826' title='bbox 2238 5436 2431 5491; x_wconf 79' lang='lat' dir='ltr'><strong>scriba:</strong></span> <span class='ocrx_word' id='word_1_827' title='bbox 2458 5453 2471 5489; x_wconf 89' lang='lat'><strong>:</strong></span> <span class='ocrx_word' id='word_1_828' title='bbox 2503 5438 2574 5492; x_wconf 85' lang='lat' dir='ltr'><strong>ita</strong></span> <span class='ocrx_word' id='word_1_829' title='bbox 2612 5434 2667 5493; x_wconf 78' lang='lat' dir='ltr'><strong>et</strong></span> <span class='ocrx_word' id='word_1_830' title='bbox 2697 5439 2995 5496; x_wconf 89' lang='lat' dir='ltr'><strong>secundum</strong></span> <span class='ocrx_word' id='word_1_831' title='bbox 3028 5434 3325 5508; x_wconf 84' lang='lat' dir='ltr'><strong>Ecclesiam</strong></span> <span class='ocrx_word' id='word_1_832' title='bbox 3354 5434 3572 5508; x_wconf 87' lang='lat' dir='ltr'><strong>Christi,</strong></span> <span class='ocrx_word' id='word_1_833' title='bbox 3605 5438 3724 5491; x_wconf 82' lang='lat' dir='ltr'><strong>vitu-</strong></span> 
     </span>
    </p>
   </div>
   <div class='ocr_carea' id='block_1_103' title="bbox 511 5504 3724 5597">
    <p class='ocr_par' dir='ltr' id='par_1_103' title="bbox 511 5504 3724 5597">
     <span class='ocr_line' id='line_1_103' title="bbox 511 5504 3724 5597; baseline -0.001 -36"><span class='ocrx_word' id='word_1_834' title='bbox 511 5510 780 5591; x_wconf 75' lang='lat' dir='ltr'><strong>perabiles</strong></span> <span class='ocrx_word' id='word_1_835' title='bbox 801 5520 929 5597; x_wconf 80' lang='lat' dir='ltr'><strong>sunt</strong></span> <span class='ocrx_word' id='word_1_836' title='bbox 960 5510 1182 5597; x_wconf 72' lang='lat' dir='ltr'><strong>quidam</strong></span> <span class='ocrx_word' id='word_1_837' title='bbox 1206 5504 1558 5597; x_wconf 32' lang='lat' dir='ltr'><strong>.episcopiOet</strong></span> <span class='ocrx_word' id='word_1_838' title='bbox 1584 5504 2256 5597; x_wconf 27' lang='lat' dir='ltr'><strong>presbyterinquinvjltam.</strong></span> <span class='ocrx_word' id='word_1_839' title='bbox 2294 5523 2448 5562; x_wconf 90' lang='lat' dir='ltr'><strong>suam</strong></span> <span class='ocrx_word' id='word_1_840' title='bbox 2496 5508 2721 5565; x_wconf 88' lang='lat' dir='ltr'><strong>minime</strong></span> <span class='ocrx_word' id='word_1_841' title='bbox 2764 5510 3114 5597; x_wconf 57' lang='lat' dir='ltr'><strong>admirantes,</strong></span> <span class='ocrx_word' id='word_1_842' title='bbox 3164 5520 3278 5597; x_wconf 39' lang='lat' dir='ltr'><strong>aec-</strong></span> <span class='ocrx_word' id='word_1_843' title='bbox 3304 5504 3477 5597; x_wconf 69' lang='lat' dir='ltr'><strong>induti</strong></span> <span class='ocrx_word' id='word_1_844' title='bbox 3526 5508 3724 5597; x_wconf 66' lang='lat' dir='ltr'><strong>scientia</strong></span> 
     </span>
    </p>
   </div>
   <div class='ocr_carea' id='block_1_104' title="bbox 509 5576 3719 5650">
    <p class='ocr_par' dir='ltr' id='par_1_104' title="bbox 509 5576 3719 5650">
     <span class='ocr_line' id='line_1_104' title="bbox 509 5576 3719 5650; baseline -0.001 -16"><span class='ocrx_word' id='word_1_845' title='bbox 509 5576 776 5650; x_wconf 54' lang='lat' dir='ltr'><strong>ieritatis,</strong></span> <span class='ocrx_word' id='word_1_846' title='bbox 803 5576 1097 5649; x_wconf 79' lang='lat' dir='ltr'><strong>etquidem</strong></span> <span class='ocrx_word' id='word_1_847' title='bbox 1133 5576 1379 5635; x_wconf 79' lang='lat' dir='ltr'><strong>videntes</strong></span> <span class='ocrx_word' id='word_1_848' title='bbox 1412 5576 1687 5634; x_wconf 60' lang='lat' dir='ltr'><strong>&#39;miracula</strong></span> <span class='ocrx_word' id='word_1_849' title='bbox 1732 5576 1985 5643; x_wconf 40' lang='lat' dir='ltr'><strong>Christi,’</strong></span> <span class='ocrx_word' id='word_1_850' title='bbox 2012 5577 2366 5650; x_wconf 80' lang='lat' dir='ltr'><strong>nihilominus</strong></span> <span class='ocrx_word' id='word_1_851' title='bbox 2416 5588 2773 5650; x_wconf 85' lang='lat' dir='ltr'><strong>contemnunt</strong></span> <span class='ocrx_word' id='word_1_852' title='bbox 2814 5581 3043 5650; x_wconf 90' lang='lat' dir='ltr'><strong>pusillos</strong></span> <span class='ocrx_word' id='word_1_853' title='bbox 3073 5576 3380 5650; x_wconf 72' lang='lat' dir='ltr'><strong>Ecclesiae,_</strong></span> <span class='ocrx_word' id='word_1_854' title='bbox 3403 5585 3456 5630; x_wconf 88' lang='lat' dir='ltr'><strong>et</strong></span> <span class='ocrx_word' id='word_1_855' title='bbox 3493 5577 3719 5650; x_wconf 71' lang='lat' dir='ltr'><strong>parvulos</strong></span> 
     </span>
    </p>
   </div>
   <div class='ocr_carea' id='block_1_105' title="bbox 509 5644 3722 5721">
    <p class='ocr_par' dir='ltr' id='par_1_105' title="bbox 509 5644 3722 5721">
     <span class='ocr_line' id='line_1_105' title="bbox 509 5644 3722 5721; baseline 0 -19"><span class='ocrx_word' id='word_1_856' title='bbox 509 5648 679 5705; x_wconf 85' lang='lat' dir='ltr'><strong>Deum</strong></span> <span class='ocrx_word' id='word_1_857' title='bbox 708 5644 995 5705; x_wconf 80' lang='lat' dir='ltr'><strong>laudantes</strong></span> <span class='ocrx_word' id='word_1_858' title='bbox 1020 5661 1073 5705; x_wconf 86' lang='lat' dir='ltr'><strong>et</strong></span> <span class='ocrx_word' id='word_1_859' title='bbox 1097 5650 1377 5705; x_wconf 88' lang='lat' dir='ltr'><strong>Christum</strong></span> <span class='ocrx_word' id='word_1_860' title='bbox 1411 5651 1601 5721; x_wconf 83' lang='lat' dir='ltr'><strong>ipsius,</strong></span> <span class='ocrx_word' id='word_1_861' title='bbox 1635 5658 1688 5706; x_wconf 89' lang='lat' dir='ltr'><strong>et</strong></span> <span class='ocrx_word' id='word_1_862' title='bbox 1717 5649 2069 5720; x_wconf 83' lang='lat' dir='ltr'><strong>indignantur</strong></span> <span class='ocrx_word' id='word_1_863' title='bbox 2098 5646 2152 5702; x_wconf 93' lang='lat' dir='ltr'><strong>in</strong></span> <span class='ocrx_word' id='word_1_864' title='bbox 2182 5663 2371 5703; x_wconf 90' lang='lat' dir='ltr'><strong>eorum</strong></span> <span class='ocrx_word' id='word_1_865' title='bbox 2399 5648 2666 5718; x_wconf 78' lang='lat' dir='ltr'><strong>profectu,</strong></span> <span class='ocrx_word' id='word_1_866' title='bbox 2699 5659 2754 5707; x_wconf 86' lang='lat' dir='ltr'><strong>et</strong></span> <span class='ocrx_word' id='word_1_867' title='bbox 2784 5644 3043 5709; x_wconf 74' lang='lat' dir='ltr'><strong>accusant</strong></span> <span class='ocrx_word' id='word_1_868' title='bbox 3068 5663 3165 5707; x_wconf 86' lang='lat' dir='ltr'><strong>eos</strong></span> <span class='ocrx_word' id='word_1_869' title='bbox 3192 5645 3335 5717; x_wconf 82' lang='lat' dir='ltr'><strong>apud</strong></span> <span class='ocrx_word' id='word_1_870' title='bbox 3365 5644 3540 5717; x_wconf 75' lang='lat' dir='ltr'><strong>ipsum</strong></span> <span class='ocrx_word' id='word_1_871' title='bbox 3560 5647 3722 5705; x_wconf 68' lang='lat' dir='ltr'><strong>Iesum</strong></span> 
     </span>
    </p>
   </div>
   <div class='ocr_carea' id='block_1_106' title="bbox 1385 5744 1708 5801">
    <p class='ocr_par' dir='ltr' id='par_1_106' title="bbox 1385 5744 1708 5801">
     <span class='ocr_line' id='line_1_106' title="bbox 1385 5744 1708 5801; baseline -0.003 -1"><span class='ocrx_word' id='word_1_872' title='bbox 1385 5745 1432 5777; x_wconf 84' lang='lat'>&quot;</span> <span class='ocrx_word' id='word_1_873' title='bbox 1461 5744 1592 5801; x_wconf 80' lang='lat' dir='ltr'><strong>ibid.</strong></span> <span class='ocrx_word' id='word_1_874' title='bbox 1620 5744 1708 5799; x_wconf 62' lang='lat' dir='ltr'><strong>lii.</strong></span> 
     </span>
    </p>
   </div>
   <div class='ocr_carea' id='block_1_107' title="bbox 578 5860 1554 5936">
    <p class='ocr_par' dir='ltr' id='par_1_107' title="bbox 578 5860 1554 5936">
     <span class='ocr_line' id='line_1_107' title="bbox 578 5860 1554 5936; baseline 0.002 -19"><span class='ocrx_word' id='word_1_875' title='bbox 578 5862 689 5936; x_wconf 79' lang='grc'><strong>(51)</strong></span> <span class='ocrx_word' id='word_1_876' title='bbox 730 5861 911 5919; x_wconf 84' lang='lat' dir='ltr'><strong>Codex</strong></span> <span class='ocrx_word' id='word_1_877' title='bbox 944 5860 1166 5936; x_wconf 75' lang='lat' dir='ltr'><strong>Regius,</strong></span> <span class='ocrx_word' id='word_1_878' title='bbox 1200 5865 1293 5918; x_wconf 72' lang='lat' dir='ltr'><strong>xui.</strong></span> <span class='ocrx_word' id='word_1_879' title='bbox 1325 5863 1554 5919; x_wconf 81' lang='grc' dir='ltr'>ἑαυτῶν.</span> 
     </span>
    </p>
   </div>
   <div class='ocr_carea' id='block_1_108' title="bbox 575 5741 1310 5815">
    <p class='ocr_par' dir='ltr' id='par_1_108' title="bbox 575 5741 1310 5815">
     <span class='ocr_line' id='line_1_108' title="bbox 575 5741 1310 5815; baseline 0.008 -20"><span class='ocrx_word' id='word_1_880' title='bbox 575 5744 623 5781; x_wconf 64' lang='grc'><strong>⁸³</strong></span> <span class='ocrx_word' id='word_1_881' title='bbox 655 5741 848 5797; x_wconf 82' lang='lat' dir='ltr'><strong>Matth.</strong></span> <span class='ocrx_word' id='word_1_882' title='bbox 869 5758 983 5807; x_wconf 88' lang='lat' dir='ltr'><strong>xxI,</strong></span> <span class='ocrx_word' id='word_1_883' title='bbox 1016 5743 1082 5799; x_wconf 74' lang='lat' dir='ltr'><strong>M</strong></span> <span class='ocrx_word' id='word_1_884' title='bbox 1112 5754 1165 5800; x_wconf 89' lang='lat' dir='ltr'><strong>et</strong></span> <span class='ocrx_word' id='word_1_885' title='bbox 1193 5760 1310 5815; x_wconf 88' lang='lat' dir='ltr'><strong>seq.</strong></span> 
     </span>
    </p>
   </div>
   <div class='ocr_carea' id='block_1_109' title="bbox 1804 5740 2429 5798">
    <p class='ocr_par' dir='ltr' id='par_1_109' title="bbox 1804 5740 2429 5798">
     <span class='ocr_line' id='line_1_109' title="bbox 1804 5740 2429 5798; baseline 0.002 -1"><span class='ocrx_word' id='word_1_886' title='bbox 1804 5744 1850 5777; x_wconf 80' lang='lat'><strong>&quot;</strong></span> <span class='ocrx_word' id='word_1_887' title='bbox 1881 5740 2012 5798; x_wconf 87' lang='lat' dir='ltr'><strong>ibid.</strong></span> <span class='ocrx_word' id='word_1_888' title='bbox 2052 5740 2139 5797; x_wconf 79' lang='grc'><strong>16.</strong></span> <span class='ocrx_word' id='word_1_889' title='bbox 2216 5741 2259 5774; x_wconf 82' lang='grc'><strong>⁸⁷</strong></span> <span class='ocrx_word' id='word_1_890' title='bbox 2295 5741 2429 5798; x_wconf 85' lang='lat' dir='ltr'><strong>ibid.</strong></span> 
     </span>
    </p>
   </div>
  </div>
