3962 6538
554 385 692 443 “59

2013 386 2333 444 ORIGENIS

3682 375 3809 430 ιιω

554 501 709 557 heusi
752 508 898 568 sunt,
934 490 1120 571 utpol‘é
1153 500 1245 572 qui
1292 501 1361 557 ad
1411 500 1464 557 id
1510 517 1619 557 non
1660 500 2063 557 advertissent3
2114 520 2126 556 :

2240 503 2309 567 ὼς
2356 501 2430 573 μὴ
2462 499 2785 571 νενοηκότας
2819 496 2911 551 τό·
2961 516 2978 548 ι
3034 496 3128 549 Ἐκ
3166 493 3436 564 στόματος
3483 486 3701 559 νηπίων
3725 490 3810 541 καὶ

559 610 580 644 ι
618 589 697 645 Ex
741 605 837 646 ore
886 589 1175 645 infantium
1221 602 1275 647 et
1328 590 1646 647 laetantium
1687 590 1963 662 perfecisti
2015 593 2133 646 lau-

554 683 713 740 dem?
741 702 758 735 ι
794 682 857 738 Ει
893 684 1152 754 quoniam
1185 683 1325 741 hanc
1348 685 1568 755 reliquit
1599 683 2055 757 llierosolymam,
2079 694 2133 740 et

553 786 709 834 extra
738 776 1011 833 civitatem
1043 776 1166 843 fuit,
1201 778 1410 834 ideirco
1439 778 1667 845 corruit,
1703 787 1757 833 et
1798 778 1937 849 lapis
1968 793 2134 847 super

555 867 789 939 lapidem
818 883 926 923 non
960 870 1193 939 amplius
1231 886 1474 935 manere,
1509 868 1620 925 imo
1646 877 1700 924 et
1728 870 1968 925 subverti
2016 883 2133 925 εω-

555 959 665 1031 pit,
694 959 868 1016 donec
901 961 1087 1017 omnia
1132 962 1608 1018 exscindereutur.
1647 960 1802 1016 Venit
1843 961 1895 1015 in
1932 960 2135 1016 Betha-

556 1049 727 1115 niam,
759 1049 1079 1106 obedientia'.
1107 1050 1352 1116 domum,
1386 1050 1685 1106 Ecclesiam
1728 1049 2008 1112 nimirum,
2045 1049 2135 1103 ubi

558 1139 868 1197 diversatus
893 1152 973 1197 est
1005 1150 1057 1196 et
1086 1142 1384 1212 requievit;
1415 1141 1853 1212 quandoquidem
1880 1139 2137 1195 Hieroso-

557 1230 736 1302 lyma,
772 1232 863 1286 ubi
888 1230 1175 1287 reclinaret
1207 1242 1369 1303 caput
1392 1233 1435 1297 °,
1465 1241 1649 1302 utpote
1689 1231 1956 1302 ejusmodi
1988 1232 2139 1303 prin-

558 1324 771 1396 cipibus
797 1326 1139 1381 sacerdotum
1165 1342 1227 1381 ac
1248 1326 1445 1383 scribis
1470 1341 1588 1381 eam
1615 1326 1997 1391 incolentibus,
2028 1341 2137 1381 non

559 1418 810 1474 habebat.
846 1418 1141 1490 Postquam
1178 1428 1355 1475 autem
1407 1420 1458 1473 in
1490 1418 1777 1484 Bethania,
1813 1406 2139 1474 obcdientite

560 1508 768 1565 scilicet
789 1509 974 1575 domo,
1006 1510 1339 1578 conquievit,
1361 1519 1649 1581 postquam
1674 1510 1934 1565 constitui
1960 1520 2139 1581 empta

558 1610 641 1657 est
666 1600 927 1668 Ecclesia,
973 1602 1108 1658 etin
1163 1618 1225 1658 ea
1276 1602 1700 1673 conquiescendi
1752 1603 1965 1657 initium
2010 1601 2141 1658 fecit

557 1692 834 1757 Christus,
880 1703 1013 1749 tunc
1064 1695 1117 1748 in
1173 1695 1444 1751 civitatem
1500 1711 1665 1765 quatn
1724 1695 2036 1764 reliquerat,
2086 1703 2142 1749 et

558 1795 711 1840 extra
744 1802 906 1857 quam
944 1784 1144 1849 fuerat,
1179 1786 1489 1853 revertitur,
1522 1795 1575 1842 et
1604 1788 1658 1841 in
1701 1802 1820 1841 eam
1863 1794 2140 1840 revertens

2233 593 2574 668 θηλαζόντων
2605 590 2920 663 κατηρτίσω
2944 583 3122 652 αἷνον;
3168 606 3186 639 ι
3228 586 3337 639 Καὶ
3376 583 3503 638 ἐπεὶ
3528 582 3809 636 κατέλιπεν

2232 689 2413 743 ἐκεῖνα
2442 687 2511 741 τὰ
2548 685 2915 757 Ἱεροσόλυμα,
2959 684 3053 737 καί
3082 682 3185 747 ἔξω
3216 680 3410 749 γέγονε
3437 678 3543 747 τῆς
3591 676 3806 739 aviam,

2231 780 2319 835 διά
2359 777 2520 832 τοῦτο
2558 777 2836 843 πέπτωκε,
2879 774 2972 828 καὶ
3000 772 3146 836 λίθος
3195 773 3290 824 ἐπὶ
3317 769 3469 822 λίθον
3507 769 3717 839 magno
3743 767 3808 837 μὴ

2237 872 2437 943 μένειν,
2462 869 2597 923 ἀλλὰ
2624 870 2717 922 καὶ
2738 865 3141 939 καθαιρεῖσθαι,
3173 863 3278 926 ἓως
3304 862 3490 915 πάντα
3514 858 3807 928 καταλυθῇ.

2233 957 2435 1014 Ἦλθεν
2460 961 2538 1023 είς
2560 957 2851 1029 Βηθανίαν,
2872 956 2964 1009 τὸν
2982 956 3082 1026 τῆς
3111 953 3357 1023 ὑπακοῆς
3383 951 3499 1022 (56)
3526 946 3701 1011 οἷκον,
3724 948 3807 1017 τὴν

2247 1050 2592 1123 Ἐκκλησίαν,
2621 1048 2749 1103 ἔνθα
2770 1048 2863 1101 καὶ
2887 1045 3139 1118 ηὐλίσθη,
3177 1044 3269 1098 καλ⁵
3292 1042 3673 1096 ἀνεπαύσατο·
3701 1041 3809 1091 ἐπεὶ

2239 1142 2312 1213 μὴ
2344 1136 2486 1212 εἶχεν
2525 1142 2582 1194 ὲν
2633 1138 3027 1211 Ἰεροσολύμοις
3058 1136 3161 1190 ποῦ
3195 1136 3296 1207 τὴν
3337 1132 3593 1205 κεφαλὴν
3624 1131 3806 1191 κλῖναι.

2238 1232 2333 1286 ἆτε
2356 1230 2610 1285 τοιούτων
2662 1230 2960 1302 ἀρχιερέων
3009 1230 3103 1282 καὶ
3135 1227 3516 1298 γραμματέων
3550 1224 3725 1278 ὄντων
3760 1226 3809 1276 ἐν

2238 1324 2438 1387 αὐτοῖς.
2481 1324 2611 1375 Ὅτε
2649 1322 2705 1376 δὲ
2749 1322 3092 1376 ἀνεπαύσατο
3126 1322 3183 1374 ὲν
3224 1320 3291 1389 τῇ
3326 1316 3577 1387 Βηθανίᾳ⁵
3618 1314 3701 1385 τῷ
3725 1315 3810 1385 τῆς

2238 1417 2484 1487 ὑπακοῆς
2523 1416 2677 1486 οἴκῳ,
2725 1414 2861 1486 μετά
2907 1414 3008 1484 τὴν
3047 1411 3221 1483 ἀρχὴν
3266 1409 3364 1463 τοῦ
3421 1408 3696 1478 συστῆναι
3724 1410 3808 1478 τὴν

2250 1509 2594 1580 Ἐκκλησίαν,
2624 1509 2718 1563 καὶ
2746 1506 3162 1561 ἀναπαύσασθαι
3185 1505 3276 1558 τὸν
3305 1504 3550 1576 Χριστὸν
3585 1505 3646 1556 ὲν
3666 1503 3809 1571 αὐτῇ,

2237 1600 2358 1655 τότε
2389 1600 2651 1669 ἐπανάγει
2690 1600 2770 1663 είς
2796 1600 2896 1668 τὴν
2924 1598 3077 1651 πόλιν
3104 1598 3170 1669 ἢν
3198 1596 3592 1659 καταλέλοιπε,
3640 1596 3734 1648 καὶ
3753 1591 3813 1663 ἧς

2238 1694 2342 1761 ἔξω
2366 1694 2575 1763 γέγονε,
2612 1692 2706 1746 καὶ
2731 1691 3020 1759 ἐπανάγων
3051 1691 3130 1755 εἰς
3166 1689 3334 1761 αὐτὴν
3355 1689 3544 1759 πεινᾷ,
3569 1687 3669 1740 καὶ
3698 1687 3814 1757 μίαν

2249 1786 2373 1841 ἰδὼν
2397 1786 2565 1857 συκῆν
2597 1784 2689 1838 ἐπὶ
2722 1784 2821 1855 τῆς
2849 1782 2991 1848 ὁδοῦ,
3018 1782 3079 1837 τὸ
3098 1782 3310 1853 δένδρον
3342 1780 3438 1834 τοῦ
3472 1780 3636 1845 λαοῦ,
3664 1775 3813 1850 ἦλθεν

557 1876 763 1942 esurit;
815 1884 871 1931 et
901 1876 1017 1930 visa
1054 1890 1160 1930 una
1209 1876 1262 1929 in
1309 1876 1396 1931 via
1428 1876 1554 1944 ficu,
1584 1892 1707 1947 quae
1754 1876 1935 1946 populi
1974 1875 2136 1928 arbor

2240 1879 2323 1931 ἐπ’
2360 1878 2556 1949 αὑτήν·
2591 1877 2685 1931 καὶ
2707 1876 2861 1929 οὐδὲν
2898 1867 3056 1947 εὗρεν
3087 1875 3145 1927 ὲν
3181 1873 3317 1944 αὐτῇ
3350 1870 3661 1943 βρώσιμον.

556 1977 693 2035 erat,
722 1968 954 2025 accessit
979 1969 1046 2025 ad
1079 1983 1229 2032 eam;
1258 1977 1311 2023 et
1342 1968 1478 2022 nihil
1510 1969 1561 2023 in
1587 1984 1651 2023 ea
1685 1968 1864 2033 edule,
1893 1966 1987 2021 sed
2014 1967 2136 2021 vita:

556 2069 767 2121 tantum
823 2060 977 2131 signa
1027 2060 1271 2118 invenit:
1324 2060 1448 2114 folia
1496 2060 1697 2131 quippe
1740 2060 1792 2113 in
1846 2074 1907 2113 ea
1957 2068 2133 2124 erant,

563 2156 772 2226 absque
810 2155 921 2210 ullo
967 2153 1147 2208 fructu
1186 2171 1200 2207 :
1240 2160 1371 2208 tune
1416 2167 1546 2208 vero
1606 2152 1860 2221 quoniam
1894 2151 2134 2205 animata

559 2251 677 2298 erat
711 2243 867 2307 ficus,
902 2258 1020 2297 eam
1064 2250 1373 2312 propterea,
1410 2241 1567 2311 quasi
1602 2242 1839 2298 debitam
1890 2241 1990 2296 sibi
2038 2241 2137 2295 im-

556 2334 924 2404 precatiouem
970 2332 1205 2398 audiret,
1248 2333 1538 2402 compellat
1588 2332 1674 2388 his
1704 2332 1887 2388 verbis
1929 2351 1942 2388 :
1985 2330 2136 2386 Nun-

555 2442 720 2503 quam
751 2426 846 2481 tibi
878 2427 1193 2481 inuascatur
1224 2424 1454 2491 fructus,
1491 2424 1656 2496 758
1685 2425 1926 2496 quandiu
1955 2441 2138 2495 perse-

554 2518 765 2574 verabit
810 2533 1050 2589 praesens
1088 2527 1218 2574 aetas
1239 2518 1282 2572 ".
1314 2516 1442 2572 Inde
1470 2517 1549 2584 fit,
1593 2526 1651 2571 ut
1683 2518 1885 2572 sterilis
1911 2517 2138 2573 exsistat

555 2609 868 2666 Iudaeorum
902 2627 1195 2687 synagoga,
1223 2619 1277 2665 et
1307 2609 1373 2664 ad
1402 2610 1934 2665 consummationem
1968 2624 2138 2680 usque

558 2701 765 2766 saeculi,
793 2703 969 2758 donec
993 2702 1270 2772 plenitudo
1294 2702 1534 2773 gentium
1564 2701 1833 2769 adveniat,
1864 2702 1988 2756 talis
2012 2701 2134 2756 erit.

558 2790 786 2847 Exaruit
801 2801 981 2847 autem
1002 2791 1160 2860 ficus,
1181 2809 1303 2848 cum
1328 2793 1465 2848 inter
1489 2793 1738 2848 homines
1758 2793 1999 2848 humano
2018 2809 2139 2849 cor-

557 2898 687 2953 pore
715 2884 937 2941 indutus
963 2893 1017 2939 et
1046 2885 1161 2955 ipse
1176 2883 1335 2940 Jesus
1358 2886 1657 2940 etiamnum
1679 2886 1905 2941 viveret.
1934 2885 2137 2943 Viden-

556 2984 636 3032 tes
656 2986 836 3031 autem
857 2976 1109 3047 discipuli
1129 2978 1309 3034 mirati
1329 2988 1459 3033 sunt
1474 2979 1749 3034 dicentes"
1772 2998 1784 3035 :
1813 2998 1831 3029 ‹
1852 2976 2137 3045 Quomodo

555 3071 817 3124 continuo
842 3070 984 3123 aruit
1006 3070 1180 3125 licus?
1205 3090 1221 3123 ι
1257 3070 1673 3142 animaequippe
1691 3071 1865 3126 oculis
1886 3069 2138 3126 arefactae

558 3159 694 3215 licus
719 3161 1035 3232 mysterium
1060 3162 1331 3229 viderunt,
1352 3171 1406 3218 et
1429 3179 1534 3217 non
1554 3172 1660 3219 tam
1679 3164 1823 3234 quod
1841 3162 2135 3229 exaruerit,

2245 1970 2403 2041 μόνον
2434 1968 2580 2039 ζωῆς
2619 1968 2855 2038 ἔμφασιν
2879 1984 2892 1997 ⁸
2935 1964 3108 2035 φύλλα
3140 1963 3251 2035 γὰρ
3290 1964 3463 2034 χωρὶς
3504 1961 3741 2034 καρπῶν
3765 1966 3812 2016 ἐν

2242 2066 2307 2135 τῇ
2348 2065 2518 2134 συκῇ·
2558 2057 2654 2114 εἶτ’
2700 2060 2821 2113 ἐπεὶ
2867 2058 3105 2130 ἔμψυχος
3152 2052 3220 2129 ἦν
3267 2056 3405 2127 αὓτη
3436 2058 3472 2127 ἠ
3522 2055 3689 2125 συκῆ,
3737 2054 3814 2106 διὰ

2240 2154 2400 2208 τοῦτο
2435 2153 2583 2222 λέγει
2611 2151 2686 2217 ὡς
2717 2150 2992 2223 ἀκουούσῃ
3014 2148 3110 2221 τὴν
3136 2148 3453 2221 πρέπουσαν
3488 2148 3632 2217 αὐτῇ
3667 2145 3811 2215 ἀράν.

2243 2232 2316 2301 Τὸ
2356 2246 2413 2299 δὲ
2451 2245 2740 2316 λεγόμενον
2786 2242 3024 2296 τοιοῦτον
3067 2237 3154 2312 ἦν·
3202 2241 3366 2293 Ὅσον
3413 2239 3753 2309 συνέστηκεν
3792 2236 3815 2286 ὁ

2243 2338 2475 2403 ἐνεστὼς
2520 2338 2673 2405 αίὼν,
2727 2337 2924 2409 μηκέτι
2967 2336 3177 2405 γένοιτο
3221 2334 3279 2387 ἐν
3321 2351 3403 2387 σοι
3440 2332 3685 2405 καρπός.
3728 2332 3815 2384 Διὰ

2243 2433 2399 2487 τοῦτο
2428 2432 2672 2504 ἄκαρπός
2704 2431 2905 2501 ἐστινὴ
2940 2428 3208 2483 Ἰουδαίων
3238 2425 3530 2497 συναγωγὴ
3553 2426 3696 2493 (57),
3731 2427 3816 2478 καὶ

2243 2526 2399 2580 τοῦτο
2432 2526 2637 2595 γίνεται
2673 2521 2809 2596 αὐτῇ
2839 2524 2944 2587 ἕως
2979 2524 3078 2594 τῆς
3120 2522 3427 2584 συντελείας
3462 2520 3555 2573 τοῦ
3606 2520 3814 2582 αἰῶνος,

2243 2616 2349 2680 ἓως
2385 2616 2445 2669 τὸ
2476 2615 2747 2689 πλήρωμα
2784 2614 2893 2667 τῶν
2934 2614 3102 2669 ἐθνῶν
3141 2613 3377 2684 εἰσέλθῃ.
3424 2610 3730 2682 Ἐξηράνθη
3764 2610 3816 2660 δὲ

2245 2710 2277 2780 ὴ
2307 2708 2443 2779 συκῆ
2471 2708 2552 2761 ἔτι
2585 2707 2976 2779 ἐπιδημοῦντος
2998 2706 3074 2777 τῷ
3108 2706 3207 2777 βίῳ
3236 2706 3343 2759 τῶν
3369 2702 3701 2775 ἀνθρώπων,
3731 2704 3815 2756 καὶ

2245 2799 2717 2872 ὲνανθρωποῦντος
2756 2798 2947 2870 Ἰησοῦ.
2988 2798 3204 2861 ’ἰδόντες
3228 2797 3284 2852 δὲ
3308 2799 3357 2850 οἱ
3393 2795 3637 2866 μαθηταὶ
3667 2794 3817 2847 illati-

2248 2907 2425 2961 μασαν
2468 2890 2749 2958 λέγοντεςο
2815 2908 2833 2939 ‹
2887 2888 3011 2952 Πῶς
3072 2889 3413 2959 παραχρῆμα
3460 2886 3735 2957 ἐξηράνθη
3783 2887 3814 2955 ἠ

2246 2983 2383 3054 συκῆ
2409 3001 2423 3049 ;
2455 3002 2473 3034 ι
2498 2984 2610 3045 τοῖς
2633 2981 2740 3052 γὰρ
2780 2982 2877 3053 τῆς
2900 2980 3076 3052 ψυχῆς
3108 2981 3404 3051 ὀφθαλμοῖς
3449 2976 3592 3032 εἶδον
3630 2979 3695 3032 τὸ
3722 2980 3812 3048 τῆς

2245 3073 2607 3147 ξηρανθείσης
2648 3073 2820 3142 συκῆς
2864 3076 3179 3145 μυστήριον,
3232 3074 3325 3125 καὶ
3370 3071 3689 3141 ἐθαύμασαν
3725 3071 3814 3140 οὐχ

2244 3168 2304 3222 οὔ
2315 3186 2413 3232 τως
2437 3168 2529 3221 ἐπὶ
2554 3166 2631 3238 τῷ
2655 3165 2918 3239 ξηράνθαι
2940 3166 3128 3239 eam,
3150 3165 3225 3230 ὡς
3250 3166 3341 3220 ἐπὶ
3370 3164 3449 3236 τῷ
3480 3165 3814 3237 παραχρῆμα

557 3269 720 3330 quam
735 3255 879 3325 quod
898 3256 1080 3311 subito
1095 3265 1149 3310 et
1164 3256 1452 3327 derepente
1472 3257 1699 3323 aruerit,
1719 3257 2136 3328 obstupuerunt.

2252 3258 2533 3332 ξηράνθαιο
2574 3257 2800 3311 ἔϐλεπον
2830 3256 2938 3329 γὰρ
2981 3256 3150 3329 ξηρὰν
3185 3257 3283 3329 τὴν
3329 3256 3523 3326 συκῆν,
3557 3256 3650 3310 τὸν
3694 3256 3814 3308 λαὸν

557 3346 779 3401 Aridam
814 3348 957 3402 enim
996 3347 1184 3412 ﬁcum,
1226 3348 1373 3404 hunc
1418 3348 1678 3406 nimirum
1722 3348 1937 3406 lsraelis
1968 3366 2143 3420 popu-

560 3439 701 3507 lum,
727 3437 1075 3493 intuebantur
1095 3457 1108 3505 ;
1128 3447 1183 3494 et
1208 3455 1332 3495 cum
1359 3440 1652 3496 arefactam
1670 3442 1959 3513 derepente
1980 3442 2143 3499 ficum

557 3527 805 3585 videntes
846 3529 1102 3600 discipuli
1150 3530 1500 3597 mirarentur,
1542 3533 1697 3603 quasi
1746 3533 1802 3588 id
1846 3535 1993 3604 quod
2054 3533 2140 3589 di-

562 3628 709 3676 ctum
767 3619 945 3677 fuerat
994 3621 1329 3677 confirmans
1383 3622 1565 3691 Jesus,
1617 3626 1691 3679 ita
1746 3625 2069 3696 respondit’
2124 3644 2137 3680 :

564 3732 586 3765 ι
634 3714 827 3781 Amen,
861 3714 907 3770 si
939 3714 1245 3770 habueritis
1279 3714 1461 3781 ﬁdem,
1501 3726 1556 3772 et
1587 3732 1693 3771 non
1731 3717 2134 3783 haesitaveritis,

560 3825 669 3865 non
709 3810 883 3864 solum
916 3811 1020 3866 hoc
1050 3813 1194 3881 quod
1222 3810 1350 3865 licui
1388 3811 1636 3882 contigit,
1664 3810 1909 3877 facietis;
1951 3813 2046 3867 sed
2084 3820 2139 3867 et

559 3903 603 3956 si
636 3902 804 3957 monti
838 3903 963 3958 huic
992 3904 1239 3959 dixeritis
1266 3923 1278 3958 :
1307 3903 1540 3969 Tollere,
1565 3915 1618 3959 ct
1641 3905 1780 3974 iacta
1806 3913 1858 3961 te
1885 3904 1937 3959 in
1963 3921 2133 3970 mare,

562 3995 673 4050 fiet.
724 4013 743 4047 ι
777 3994 880 4061 Qui
908 4010 1039 4066 ergo
1078 3996 1308 4051 credunt
1334 3995 1609 4066 discipuli,
1644 4012 1820 4066 neque
1863 3997 2134 4065 dubitant,

559 4087 613 4149 id
663 4102 882 4159 quoque
923 4087 1181 4156 eﬂieiunt,
1233 4090 1376 4159 quod
1424 4088 1547 4145 ficui
1593 4090 1839 4161 contigit,
1892 4091 2135 4146 dicentes

560 4179 611 4233 ei
654 4179 698 4211 “
744 4199 757 4234 :
796 4197 814 4231 ι
870 4178 1039 4238 Vobis
1089 4182 1377 4250 oportebat
1420 4183 1569 4252 loqui
1614 4183 1839 4237 verbum
1877 4182 1992 4248 Dei,
2040 4183 2132 4239 sed

561 4272 820 4342 quoniam
854 4272 1108 4342 indignos
1140 4290 1237 4330 vos
1276 4274 1535 4344 judiea‘tis
1556 4315 1569 4338 ,
1603 4290 1728 4330 ecce
1762 4277 2134 4331 convertimur

559 4364 626 4428 ad
659 4372 872 4437 gentes,
914 4384 933 4419 ι
969 4381 1198 4437 eamque
1231 4380 1261 4420 a
1303 4382 1362 4423 se
1406 4368 1648 4424 relictam
1693 4368 2027 4436 arefaciunt,
2074 4379 2132 4425 ut

2245 3353 2337 3405 τὸν
2373 3350 2588 3424 Ἰσραὴλ
2603 3353 2828 3413 ἐκεῖνον,
2856 3352 2951 3403 καὶ
2980 3348 3317 3419 θαυμάζουσι
3335 3352 3444 3413 τοῖς
3468 3348 3737 3421 μαθηταῖς
3760 3352 3812 3404 ἐν

2244 3444 2322 3516 τῷ
2352 3445 2656 3516 ἑωρακέναι
2685 3445 3026 3516 παραχρῆμα
3071 3442 3169 3514 τὴν
3206 3444 3374 3515 συκῆν
3407 3442 3807 3516 ἐξηραμμένην,

2244 3538 2565 3611 ἀποκριθεὶς
2612 3538 2641 3591 ὁ
2699 3536 2905 3608 Ἰησοῦς
2943 3533 3096 3591 εἶπεν
3141 3536 3391 3607 ἐμπεδῶν
3430 3535 3493 3588 τὸ
3530 3534 3809 3605 λεγόμενον

2243 3628 2322 3700 τῷ
2341 3645 2357 3660 ·
2388 3647 2407 3682 t
2468 3627 2659 3700 Ἀμὴν,
2684 3629 2787 3691 ὃτι,
2821 3627 2915 3681 ἐὰν
2948 3626 3109 3699 ἔχητε
3137 3628 3346 3691 πίστιν,
3381 3625 3475 3680 καὶ
3506 3624 3583 3697 μὴ
3614 3626 3809 3695 διακρι-

2239 3722 2390 3794 θῆτε,
2423 3723 2483 3776 οὐ
2519 3723 2676 3794 μόνον
2706 3721 2767 3775 τὸ
2792 3722 2890 3792 τῆς
2924 3721 3094 3799 συκῆς
3129 3722 3407 3792 ποιήσετε,
3442 3706 3578 3774 ἀλλά
3606 3722 3707 3774 κᾶν
3737 3718 3806 3788 τῷ

2239 3815 2355 3888 ὄρει
2382 3872 2383 3875 η
2413 3815 2586 3887 τούτῳ
2634 3814 2853 3887 εἴπητε·
2916 3813 3145 3885 Ἄρθητι
3195 3815 3289 3867 καὶ
3331 3814 3553 3886 βλήθητι
3596 3815 3673 3877 είς
3712 3812 3804 3884 τὴν

2238 3908 2533 3973 θάλασσαν,
2556 3908 2867 3980 γενήσεται.
2899 3927 2917 3959 ι
2957 3906 3164 3960 Οὐκοῦν
3189 3906 3239 3960 οἱ
3268 3906 3613 3970 πιστεύοντες
3639 3906 3802 3977 μαθηο

2240 4000 2349 4064 ταὶ,
2381 4001 2473 4078 καὶ
2500 4000 2573 4072 μὴ
2593 4000 3013 4071 διακρινόμενοι,
3047 3997 3258 4052 ποιοῦσι
3288 3998 3382 4053 καί¹
3413 3998 3474 4051 τὸ
3499 3998 3595 4068 τῆς
3621 3996 3798 4065 συκῆς,

2237 4094 2487 4163 λέγοντες
2511 4094 2648 4166 αὐτῇ
2667 4110 2680 4122 ·
2721 4112 2741 4144 ι
2791 4092 2949 4163 Ὑμῖν
2972 4088 3041 4165 ἧν
3074 4093 3369 4160 ἀναγκαῖον
3398 4090 3689 4162 λαληθῆναι
3718 4088 3799 4141 τὸν

2238 4186 2396 4255 λόγον
2425 4185 2518 4239 τοῦ
2548 4185 2683 4239 Θεοῦ
2702 4202 2716 4217 ο
2754 4186 2876 4239 ἐπεὶ
2903 4186 2960 4240 δὲ
2983 4186 3084 4238 οὐκ
3113 4184 3297 4250 ἀξίους
3324 4184 3536 4257 κρίνετε
3564 4183 3796 4244 ἑαυτοᾱ,

2242 4275 2350 4329 ἰδοὺ
2370 4274 2781 4347 συστρεφόμεθα
2804 4274 2915 4347 (58)
2938 4275 3097 4340 είςτά
3112 4274 3258 4348 ἔθνη,
3286 4293 3305 4327 ι
3324 4276 3420 4329 καὶ
3430 4272 3797 4333 καταλιπόντες

2236 4368 2406 4441 αὐτὴν
2429 4368 2771 4441 ξηραίνουσιν
2793 4367 2981 4441 αὐτὴν,
3012 4368 3078 4422 ἵν’
3099 4372 3133 4441 ἡ
3158 4368 3362 4442 ζωτικὴ
3387 4369 3607 4441 δύναμις
3637 4368 3797 4436 αὐτῆς

1757 4484 1989 4541 VETUS
2027 4485 2609 4542 INTERPRETATIO.

558 4600 729 4682 ciPCS,
765 4610 820 4683 ει
853 4604 1085 4685 scribas,
1119 4606 1219 4685 qui_
1242 4606 1484 4661 sciebant
1510 4607 1733 4685 quidem
1761 4610 2031 4685 mirabilia
2064 4627 2194 4685 quae
2224 4609 2353 4667 fecit
2380 4610 2561 4685 Jcsus,
2591 4622 2645 4669 et
2683 4627 2885 4684 pueros
2927 4613 3241 4685 clamantes
3261 4613 3317 4685 in
3351 4607 3787 4685 templo,_nihilo-

561 4673 750 4755 nti‘nus
785 4673 1418 4755 indigpatttes—adversus
1446 4673 1544 4755 eos
1574 4680 1665 4748 qui
1701 4679 1871 4755 l)_eu_m
1889 4673 2214 4755 laudabant,
2244 4684 2402 4755 quasi
2430 4686 2525 4753 qui
2550 4673 2660 4739 non
2686 4673 3080 4740 intellexerunt
3103 4684 3248 4755 quod
3280 4673 3736 4755 fuerat-scriptum
3770 4694 3784 4731 :

565 4738 703 4829 ,με
737 4757 832 4829 ore
864 4738 1158 4829 infantium
1185 4755 1239 4800 et
1268 4738 1607 4829 faetentium:
1629 4749 1903 4829 perfecisti
1940 4738 2213 4829 laudent?
2249 4738 2278 4804 δ’
2307 4754 2374 4807 Et
2403 4738 3137 4829 quoniamireliquitiillam‘
3156 4754 3517 4829 llier_usalem,
3547 4738 3787 4829 δι’ΐξαευε

557 4822 642 4867 est
669 4819 825 4896 extra
851 4815 1151 4896 eamhideo
1177 4816 1399 4896 cecidit,
1424 4827 1478 4896 et
1501 4815 1641 4896 lapis
1663 4836 1826 4896 super
1858 4822 2091 4891 lapidem
2134 4823 2207 4878 ibi
2233 4832 2379 4880 stare
2404 4815 2510 4879 non
2542 4826 2736 4895 potuit.
2775 4815 2935 4881 Venit
2966 4835 3148 4882 autem
3182 4826 3236 4879 in
3267 4815 3584 4896 Bethaniam
3608 4823 3665 4896 ad
3689 4820 3783 4896 dt}-

557 4897 709 4968 mum
740 4882 1092 4968 obedientiam},
1141 4887 1191 4941 id
1239 4895 1323 4968 est
1354 4882 1678 4968 Ecclesi'am,
1713 4882 1766 4943 in
1812 4882 1928 4968 qua
1961 4901 2044 4947 est
2073 4882 2644 4968 etiatn__eomntora'tus
2666 4905 2721 4951 et
2752 4898 3039 4966 requievit.
3071 4896 3316 4968 eopquod
3349 4910 3458 4950 non
3493 4894 3701 4948 habebat
3732 4890 3781 4942 in

557 4950 1095 5038 Hierosolymiskubi
1131 4966 1293 5038 caput
1326 4959 1582 5038 reclinet,
1610 4950 1731 5038 quae
1770 4950 1966 5038 talibus
1997 4965 2373 5038 sacerdotibus
2403 4975 2458 5021 et
2485 4950 2687 5036 popqu
2718 4950 2889 5038 impio
2915 4950 3039 5022 erat
3056 4950 3306 5036 repletae
3343 4982 3467 5022 cum
3501 4974 3665 5019 autem
3706 4976 3784 5038 re-

554 5023 932 5109 quievisset‘in
960 5023 1243 5109 Bethania,
1268 5028 1321 5082 in
1352 5023 1877 5109 domo-Oberlientiaa,
1906 5042 2030 5102 post
2057 5034 2381 5109 principium
2409 5023 2776 5109 constituendi
2798 5023 3143 5109 'Eeclesiam',
3185 5048 3475 5109 postquam
3502 5032 3781 5109 repgustyit

558 5095 958 5181 aliquantulum
991 5097 1044 5151 in
1069 5113 1153 5161 ea,
1181 5101 1626 5181 tunc_revertitur
1648 5102 1702 5155 in
1740 5095 2013 5181 civitatem
2046 5095 2210 5181 quam
2235 5095 2405 5181 paulo
2438 5117 2575 5181 ante
2592 5108 2905 5178 reliquerat.
2938 5108 3005 5181 Et
3031 5095 3312 5181 revertens
3330 5095 3633 5181 esuriit.'Et
3660 5101 3777 5155 vidit

552 5167 1244 5249 quamdiculneamsecus
1278 5170 1445 5249 viam,
1476 5172 1754 5239 arborem,
1790 5167 2500 5249 populum'cireumeisum.
2535 5177 2602 5233 Et
2632 5167 2860 5249 veniens
2891 5180 2959 5234 ad
2990 5195 3108 5234 eam
3143 5179 3356 5233 nullum
3389 5178 3614 5249 fructum
3643 5188 3779 5249 man-

552 5237 865 5293 ducabilem
896 5238 1103 5292 invenlt
1130 5238 1184 5292 in
1210 5253 1296 5305 ea,
1331 5241 1423 5295 sed
1450 5250 1663 5301 tantum
1700 5237 1937 5312 speciem
1978 5246 2123 5301 vitae.
2167 5244 2320 5301 Folia
2354 5248 2499 5302 enim
2532 5250 2651 5303 sine
2685 5247 2956 5306 fructibus
2993 5258 3154 5306 erant
3194 5250 3251 5304 in
3284 5250 3414 5305 ficu.
3458 5247 3521 5303 Et
3546 5245 3773 5318 quoniam

655 5353 676 5384 ⁸
710 5351 856 5410 Psal.
884 5368 1003 5421 vm,
1032 5353 1083 5408 5.

572 5419 662 5479 46.

628 5532 1089 5615 ς’ὂθΜἮλθεν-Αεὶς
1108 5541 1432 5615 Βῃ-θανίαζ,
1460 5543 1565 5597 τὸν
1583 5542 1694 5613 τῆς
1712 5544 2010 5615 ὑπακοῆς,
2025 5556 2132 5605 etc.

554 5604 799 5662 Hilarius
827 5623 949 5663 ean.
974 5609 1035 5663 21
1064 5604 1130 5665 ἷη
1156 5604 1344 5669 Matth.
1372 5604 1637 5668 Ηυετιυε.

627 5676 743 5747 (57)
807 5678 909 5751 Διὰ
949 5680 1128 5751 Ξοῦτο
1177 5681 1445 5751 ἄκαρπός
1505 5685 1677 5739 ἐστιν

1199 5356 1220 5386 ⁸
1242 5354 1431 5412 Matth.
1463 5372 1584 5422 vm,
1608 5358 1698 5413 20.

627 5686 743 5747 (57)
807 5686 909 5731 Διὰ
954 5686 1128 5734 τοῦτο
1177 5686 1445 5751 ἄκαρπός
1505 5686 1677 5739 ἐστιν
1725 5688 1764 5755 ἠ
1832 5686 2132 5743 Ἰουδαίων

553 5746 896 5874 morati}.
948 5747 1185 5804 Hilarius
1222 5768 1342 5807 can.
1379 5755 1442 5837 Si
1474 5755 1529 5809 in
1553 5754 2131 5839 Matth.;'Ambrosius

555 5817 593 5873 l.
620 5833 691 5873 vn
718 5834 773 5874 tn
847 5834 932 5874 uc.
960 5835 1081 5874 ean.
1115 5822 1205 5874 25.
1248 5823 1391 5874 Onus
1417 5826 1626 5874 imm-I2
1657 5827 1848 5874 hmml-
1883 5829 1968 5874 39-
2002 5829 2130 5874 Im.

555 5817 593 5873 l.
620 5833 691 5873 vn
718 5819 773 5876 in
800 5817 932 5875 Luc.
960 5835 1081 5897 cap.
1115 5822 1205 5891 25,
1248 5823 1391 5897 Opus
1417 5826 1627 5901 imperf.
1657 5817 1849 5885 homil.
1883 5829 1970 5897 59,
1998 5829 2130 5885 Bre-

1808 5359 1829 5391 "
1860 5359 2051 5415 Matth.
2095 5378 2208 5430 χχι,
2270 5362 2358 5433 l8,
2416 5362 2502 5420 19.

2608 5365 2630 5398 ⁸
2663 5365 2795 5422 ibid.
2828 5365 2921 5423 20.
3033 5369 3054 5400 ⁹
3080 5365 3212 5422 ibid.
3246 5365 3339 5421 2|.
3452 5366 3496 5398 “
3526 5366 3634 5419 Aet.
3664 5373 3769 5421 xm,

2237 5555 2313 5627 eis
2333 5556 2633 5620 enarratio;
2653 5554 3091 5627 Thcophylactus
3106 5552 3160 5607 in
3169 5552 3431 5627 eumdem
3454 5553 3589 5608 hunc
3602 5545 3766 5605 llattb.

2238 5625 2443 5693 locum,
2471 5637 2524 5682 et
2546 5627 2599 5681 in
2627 5622 2899 5694 Marcfxf
2921 5625 3134 5680 Glossa.
3168 5622 3432 5694 lluartus.

2312 5697 2423 5768 (58)
2465 5697 2645 5768 codex
2678 5696 3011 5768 Anglicanus
3046 5710 3143 5768 seu
3169 5693 3529 5768 llolmiensis,
3573 5702 3763 5759 συστρε-

2237 5764 2466 5841 φόιλεθά.
2499 5767 2679 5824 Editio
2713 5764 2917 5836 ﬂuetii,
2950 5764 3309 5846 στρεφόμεθα.
