3962 6536
206 349 232 404 1
257 350 346 406 ισι

1162 317 1513 408 οοῖιιιΕΝτ.
1557 350 1632 407 ιΝ-
1660 347 2077 407 nummum
2114 348 2351 409 rouus
2390 350 2523 408 xw.

3333 352 3466 409 1862

203 468 417 540 μεταϐῇ
451 468 544 522 ἐπὶ
574 468 701 533 τοὺς
748 468 856 523 ἀπὸ
901 468 1007 523 τῶν
1044 468 1234 535 ἐθνῶν,
1275 471 1368 525 καὶ
1409 473 1470 524 τὸ
1517 472 1780 544 πρότερον

1882 470 2060 526 vitalis
2099 470 2271 540 ipsius
2305 468 2538 525 facultas
2571 468 2639 525 ad
2673 468 2901 541 gentiles
2941 454 3201 536 transeat,
3237 469 3302 525 ad
3338 486 3467 530 eos.-

201 560 435 632 συνέχον
478 562 694 633 πνεῦμα
724 563 816 616 τὸν
848 562 975 616 λαὸν
1020 564 1224 617 ἐκεῖνον
1264 566 1506 635 μεταστῇ
1544 565 1634 618 ἐπὶ
1659 565 1783 627 τοὺς

196 654 316 710 ἀπὸ
335 655 444 710 τῶν
472 655 661 710 ὲΘνῶνο
692 657 828 729 πρὸς
860 656 938 727 τῷ
963 656 1020 710 δὲ
1050 659 1225 737 ποιεῖν
1249 656 1430 727 τὸτῆς
1463 657 1632 728 συκῆς
1657 657 1783 721 τοὺς

200 749 476 823 μαθητὰς,
521 750 913 819 ἐπαγγέλλεται
962 752 1147 814 αὐτοῖς
1191 751 1220 803 6
1273 749 1365 804 τοῦ
1413 750 1548 804 Θεοῦ
1588 749 1780 819 Λόγος,

198 842 303 896 ἐὰν
335 842 500 912 ἔχωσι
548 842 751 907 πίστιν,
790 843 884 896 καὶ
920 842 994 914 μὴ
1037 842 1407 914 διακριθῶσιν,
1442 844 1524 897 ὅτι
1562 841 1641 913 τῷ
1678 843 1784 923 δει-

198 934 458 1005 κνυμένῳ
500 932 591 986 ὑπ’
638 933 802 987 αὐτοῦ
845 933 983 1006 ὄρει,
1031 936 1098 1005 τῇ
1145 933 1496 1008 ἀντικειμένῃ
1535 933 1783 1005 ἐνεργείᾳ

196 1023 538 1097 ἰπαιρομένῃ
591 1024 731 1079 κατὰ
771 1025 878 1079 τῶν
923 1022 1225 1097 ἀνθρώπων
1264 1025 1540 1094 λέγουσιν·
1596 1045 1613 1077 ι
1653 1027 1784 1098 Ἀρ-

199 1113 350 1188 θητι,
387 1116 480 1170 καὶ
531 1114 756 1188 βλήθητι
791 1118 872 1181 εἰς
910 1116 1009 1188 τὴν
1037 1116 1331 1180 Θάλασσαν,
1367 1136 1384 1169 ι
1425 1117 1517 1170 καὶ
1548 1117 1777 1186 γίνεταν

195 1208 418 1278 αἴρεται
455 1208 562 1280 γάρ
600 1210 689 1277 ἀφ’
716 1209 945 1263 ἑκάστου
983 1208 1090 1264 τῶν
1115 1207 1508 1280 ὠφελουμένων
1541 1209 1647 1263 ὑπὸ
1681 1228 1784 1282 μα-

197 1299 386 1370 Θητῷν
428 1298 601 1369 Ἰησοῦ
636 1299 694 1353 τὸ
727 1298 864 1371 βαρὺ
897 1299 996 1370 τῆς
1038 1299 1237 1363 κακίας
1277 1299 1427 1371 ὅρος,
1458 1301 1487 1352 6
1512 1301 1778 1367 Σατανᾶς,

195 1388 452 1457 αἴροντος
477 1388 639 1442 αὑτὸν
670 1386 767 1442 τοῦ
810 1390 1131 1460 νικήσαντος
1171 1389 1355 1454 αὑτὸν,
1398 1391 1492 1443 καὶ
1530 1389 1781 1461 βάλλεται

197 1484 282 1547 εἰς
313 1483 410 1554 τὴν
446 1481 739 1546 Θάλασσαν,
774 1481 873 1552 τὴν
907 1481 1164 1548 ἄϐυσσον,
1193 1482 1480 1552 βάλλοντος
1514 1483 1782 1548 αύτδννεζς

194 1574 292 1629 τὸν
334 1575 482 1643 ἄξιον
509 1575 672 1630 αὐτοῦ
696 1576 859 1630 τόπον
889 1577 988 1647 τῆς
1017 1577 1311 1640 κολάσεως.
1352 1576 1462 1630 Καὶ
1494 1577 1623 1649 περὶ
1654 1576 1783 1631 ταύ-

195 1684 304 1735 της
338 1667 440 1737 τῆς
480 1668 756 1741 Θαλάσσης
795 1671 852 1722 ἐν
890 1668 1140 1739 Ψαλμοῖς
1181 1667 1398 1736 λέγεται
1429 1668 1509 1721 τό·
1571 1685 1589 1719 ι
1632 1668 1778 1740 Αὕτη
1830 1691 1834 1695 ⁴

197 1759 235 1829 ἠ
269 1759 515 1814 Θάλασσα
560 1763 593 1831 ἡ
644 1760 855 1832 μεγάλη
904 1762 998 1814 καὶ
1044 1760 1371 1833 εὐρύχωρος.
1434 1761 1580 1815 Ἐκεῖ
1622 1761 1780 1815 πλοῖα

193 1850 607 1924 διαπορεύεται,
657 1852 774 1917 ζῶα
828 1854 999 1926 μικρὰ
1045 1854 1185 1926 μετὰ
1241 1855 1512 1926 μεγάλων,
1565 1856 1780 1927 δράκων

197 1935 360 2005 οὗτος
388 1941 449 1996 ὃν
498 1942 736 2009 ἔπλασας
782 1945 1071 2015 ἐμπαίζειν
1106 1946 1272 2017 αύτῷ.
1315 1967 1332 1998 ι
1388 1948 1496 2001 Καὶ
1540 1950 1598 2002 ὲν
1639 1947 1781 2019 ἄλλῳ

196 2032 425 2106 ψαλμῷ·
461 2054 479 2087 ι
523 2037 669 2090 Ἐκεῖ
692 2037 1025 2103 συνέΘλασας
1053 2040 1151 2104 τὰς
1177 2041 1416 2110 κεφαλὰς
1438 2040 1531 2095 τοῦ
1551 2041 1780 2113 δράκον-

195 2143 317 2191 τος,
347 2146 365 2177 ι
399 2126 556 2199 δῆλον
584 2128 665 2193 δὲ,
699 2131 781 2184 ὅτι
812 2133 869 2184 ὲν
903 2133 967 2202 τῇ
1003 2130 1267 2206 Θαλάσσῃ,
1301 2133 1394 2187 καὶ
1416 2136 1533 2187 ἐκεῖ
1563 2154 1581 2186 ι
1621 2135 1778 2188 συνέ-

194 2216 405 2283 Θλάσας
448 2218 545 2290 τὴν
591 2221 830 2292 κεφαλὴν
881 2220 974 2274 τοῦ
1020 2222 1331 2294 δράκοντος,
1374 2224 1584 2290 ἔδωκας
1616 2226 1778 2281 αὐτὸν

195 2309 404 2383 βρῶμα
442 2310 589 2377 λαοῖς
629 2315 743 2377 τοῖς
779 2313 1044 2385 Αἰθίοψιν.
1076 2334 1094 2367 ι
1129 2314 1352 2387 Αἴρεται
1374 2312 1465 2372 οὖν
1499 2317 1621 2372 καθ’
1652 2319 1779 2372 ἕκα-

194 2419 330 2456 στον
362 2400 467 2456 τῶν
501 2404 605 2457 ὑπὸ
644 2403 735 2458 τοῦ
780 2406 954 2477 Λόγου
985 2408 1466 2481 καταρτιζομένων
1493 2411 1573 2473 εἰς
1604 2428 1787 2481 σωτη-·

200 2495 333 2567 ρίαν
364 2494 490 2566 ὅρος
538 2496 598 2549 τὸ
642 2496 747 2551 ὑπὸ
785 2497 878 2551 τοῦ
934 2497 1108 2569 Ἰησοῦ
1157 2497 1486 2571 βλεπόμενον
1537 2502 1629 2554 καὶ
1671 2502 1776 2555 δει-

190 2585 487 2656 κνύμενον,
555 2589 647 2641 καὶ
702 2589 956 2660 βάλλεται
1018 2593 1097 2656 εἰς
1147 2592 1246 2663 τὴν
1303 2591 1575 2646 Θάλασσαν
1636 2593 1779 2646 κατὰ

192 2675 289 2730 τὸν
319 2676 413 2730 τοῦ
445 2679 895 2751 ὲπιτυγχάνοντος
930 2682 1173 2754 μαθητοῦ
1223 2682 1395 2754 Ἰησοῦ
1427 2684 1484 2737 ὲν
1523 2684 1776 2738 διδασκα-

189 2766 289 2841 λίᾳ.
339 2768 512 2838 λόγον,
564 2770 813 2840 λέγοντος
866 2773 943 2845 τῷ
989 2777 1047 2828 ὲν
1089 2774 1167 2844 τῷ
1220 2774 1342 2829 καθ’
1394 2776 1622 2830 ἕκαστον
1668 2777 1775 2831 τῶν

190 2860 506 2916 ἀκούοντων
534 2862 648 2935 ὄρει
669 2882 681 2893 ·
719 2885 737 2916 ι
776 2866 1028 2937 Ἀρθητι,
1065 2868 1159 2921 καὶ
1194 2866 1419 2939 βλήθητι
1452 2869 1531 2932 εἰς
1554 2869 1651 2940 τὴν
1682 2870 1777 2923 Θά-

188 2952 406 3008 λασσαν
425 2970 438 2982 ·
477 2975 496 3008 ι
534 2955 780 3025 λέγοντος
806 2958 863 3012 δὲ
900 2958 1039 3031 μετᾶ
1068 2958 1162 3012 τοῦ
1191 2958 1333 3030 ἔχειν
1370 2959 1549 3012 πίστιν
1580 2961 1674 3013 καὶ
1701 2961 1775 3033 μὴ

186 3044 568 3117 διακρίνεσθαι
587 3088 601 3111 ,
637 3049 721 3103 ἵνα
762 3051 855 3103 καὶ
881 3051 941 3103 τὸ
984 3050 1275 3122 λεγόμενον
1304 3051 1549 3122 γένηται,
1587 3052 1680 3105 καὶ
1709 3053 1776 3106 τὰ

190 3134 376 3188 πάντα
409 3135 463 3189 δὲ
496 3138 594 3190 ὅσα
625 3138 719 3193 ἐὰν
750 3141 778 3191 6
810 3139 948 3210 ἔχων
983 3140 1163 3193 πίστιν
1192 3139 1287 3193 καὶ
1326 3141 1399 3211 μὴ
1431 3141 1774 3213 διακρινόμε-

186 3240 282 3286 νος
319 3226 514 3297 αξτήσῃ
537 3230 593 3281 ὲν
620 3230 686 3299 τῇ
720 3233 1017 3302 προσευχῇ,
1050 3230 1317 3283 πιστεύων
1345 3230 1596 3301 λήψεται.

261 3318 413 3391 Αὕτη
441 3320 497 3374 δέ
522 3322 635 3375 ἐστι
674 3322 931 3393 Βηθανία,
966 3321 1091 3376 ἒνΘα
1134 3324 1162 3374 6
1204 3324 1269 3375 ὲκ
1300 3320 1506 3393 νεκρῶν
1545 3321 1779 3387 ἀναστὰς

198 3412 382 3484 Ἰησοῦ
419 3414 570 3482 φίλος
618 3414 873 3485 κατῴκεν
924 3416 1016 3469 καὶ
1058 3417 1164 3480 πᾶς
1203 3416 1259 3469 δὲ
1303 3418 1330 3470 6
1379 3415 1666 3469 ὑπακούων
1700 3416 1778 3488 τῷ

186 3503 339 3574 λόγῳ
366 3504 458 3558 τοῦ
504 3505 662 3571 Θεοῦ,
700 3508 906 3561 καὶτὸν
948 3507 1103 3576 λόγον
1150 3507 1248 3579 τῆς
1287 3507 1532 3577 ὑπακοῆς
1565 3508 1776 3580 ὲνιδρυ-

192 3596 360 3667 μένον
384 3595 519 3667 ἔχων
547 3598 742 3670 ἐαυτῷ,
770 3595 914 3662 οἶκός
945 3600 1091 3653 ἐστιν
1125 3599 1372 3671 ὑπακοῆς
1400 3600 1493 3653 καὶ
1513 3599 1773 3670 Βηθανία,

187 3686 253 3738 ὲν
282 3679 620 3759 ᾖαύλίζεται
674 3690 702 3741 6
757 3687 960 3760 Ἰησοῦς
997 3689 1088 3742 καλ¹
1127 3689 1482 3743 ἀναπαύεται.
1530 3690 1682 3742 Ἐπεὶ
1725 3690 1779 3744 δὲ

188 3778 499 3851 πράγματα
539 3780 835 3852 λαμϐάνειν
880 3781 961 3837 δεῖ
999 3780 1107 3835 ἀπὸ
1150 3781 1258 3835 τῶν
1297 3781 1605 3853 λεγομένων
1655 3782 1778 3846 ἄξια

188 3866 387 3935 σοφίας
411 3864 566 3932 Θεοῦ,
605 3868 696 3937 ἀφ’
739 3865 807 3941 ἧς
845 3869 913 3923 τὰ
943 3870 1246 3939 Εὐαγγέλια
1284 3871 1612 3942 γέγραπται,
1646 3872 1779 3946 πρό-

186 3974 322 4029 σχες
341 3960 388 4012 εἰ
416 3959 489 4031 μὴ
521 3959 663 4015 κατὰ
688 3960 783 4032 μὲν
808 3962 934 4027 τοὺς
959 3962 1321 4034 ἁπλούστερον
1347 3963 1597 4028 νοοῦντας
1638 3981 1778 4034 παρ⁴

186 4052 343 4106 ἑλκει
392 4053 468 4105 τό·
518 4074 534 4106 ι
598 4054 926 4109 Καταλιπὼν
985 4056 1180 4120 αὐτοὺς
1238 4056 1460 4127 ἐξῆλθεν
1513 4056 1617 4123 ἔξω
1674 4058 1775 4128 τῆς

1891 578 1996 634 que
2017 563 2243 633 spiritus
2271 562 2528 634 populum
2551 562 2698 618 hunc
2726 570 2887 617 antea
2914 576 3244 618 conservans
3273 564 3465 619 tradu-~

1892 665 2066 711 catur.
2096 654 2299 712 Practer
2339 655 2652 711 facultatem
2683 663 2864 709 autem
2916 653 2970 708 id
2999 652 3271 710 efficiendi
3313 656 3461 725 quod

1890 747 2018 802 ficui
2054 748 2301 820 contigit,
2356 747 2641 819 discipulis
2681 747 2846 802 etiam
2895 747 3010 803 suis
3052 748 3335 818 pollicetur
3367 748 3464 808 Dei

1896 839 2152 907 Verbum,
2188 841 2431 897 futurum
2458 850 2518 896 ut
2550 843 2597 897 si
2629 841 2787 897 fidem
2815 839 3125 905 habuerint,
3157 857 3331 911 neque
3356 841 3464 896 du-

1890 933 2201 998 bitaverint,
2229 949 2353 989 cum
2401 933 2638 988 indicato
2676 949 2707 988 a
2741 947 2799 987 se
2831 932 3027 998 monti,
3077 932 3130 987 id
3163 941 3244 989 est
3273 933 3464 988 adver-

1890 1026 2049 1082 sariae
2095 1026 2350 1096 potestati
2399 1041 2522 1082 sese
2571 1026 2833 1082 adversus
2866 1025 3116 1081 homines
3162 1024 3467 1089 extollenti,

1889 1119 2168 1176 dixerint:
2206 1140 2224 1173 ι
2267 1118 2497 1184 Tollere,
2546 1127 2600 1173 et
2627 1118 2896 1189 projicere
2936 1117 2992 1172 in
3035 1132 3205 1184 mare,
3246 1137 3265 1170 ι
3304 1117 3355 1172 id
3389 1126 3467 1172 Ita

1888 1213 2171 1284 contingat
2206 1230 2219 1265 :
2247 1211 2316 1266 ab
2340 1224 2671 1281 unoquoque
2696 1209 2844 1266 enim
2869 1224 3061 1265 eorum
3089 1209 3289 1280 quibus
3314 1210 3474 1265 auxi-

1888 1305 2019 1359 lium
2045 1312 2304 1375 prazstant
2331 1301 2581 1374 discipuli
2607 1300 2758 1370 Iesu,
2787 1301 2973 1374 gravis
2994 1301 3250 1372 nequitiae
3278 1317 3463 1369 mons,

1890 1397 2123 1454 Satanas
2143 1395 2735 1464 nimirum,‘aufertur;
2767 1393 3051 1451 auferente
3071 1411 3137 1452 eo
3165 1395 3260 1466 qui
3290 1396 3474 1467 ipsius

1887 1489 2063 1546 victor
2086 1490 2278 1557 evasit,
2297 1497 2350 1543 et
2378 1488 2433 1543 in
2475 1502 2646 1552 mare,
2678 1487 2937 1559 abyssum
2968 1488 3195 1552 scilicet,
3233 1489 3460 1559 projici-

1890 1587 1999 1643 tur,
2048 1577 2237 1634 eodem
2292 1578 2346 1632 in
2386 1577 2716 1633 destinatum
2761 1578 2934 1648 ipsius
2978 1579 3243 1650 supplicio
3278 1580 3458 1635 locum

1888 1669 2228 1740 projiciente.
2275 1668 2354 1725 Ac
2385 1669 2453 1724 de
2486 1670 2591 1725 hoc
2624 1669 2844 1738 quidem
2881 1670 3020 1724 mari
3050 1670 3104 1729 id
3134 1670 3189 1724 in
3222 1669 3456 1726 Psalmis

1887 1762 2088 1818 dicitur
2112 1764 2150 1794 “
2187 1781 2199 1816 :
2241 1781 2260 1813 ι
2298 1760 2413 1817 iloc
2445 1777 2598 1819 mare
2627 1777 2882 1834 magnum
2910 1771 2964 1816 et
2996 1764 3317 1833 spatiosum,
3348 1763 3460 1819 illic

1816 1843 1854 1901 Β
1884 1869 2049 1910 naves
2103 1862 2506 1922 pertranseunt.
2558 1854 2830 1909 Animalia
2877 1854 3040 1926 759
3082 1856 3278 1926 pusilla
3330 1871 3457 1913 cum

1881 1945 2114 2017 magnis.
2154 1946 2329 2002 Draco
2373 1946 2476 2003 iste
2516 1961 2678 2016 quem
2722 1946 2967 2003 formasti
3007 1947 3075 2002 ad
3122 1947 3456 2004 illudendum

1879 2038 1961 2107 ei;
1998 2057 2016 2091 ι
2053 2048 2108 2094 et
2140 2039 2195 2093 in
2241 2040 2349 2093 alio
2379 2039 2590 2109 psalmo
2618 2040 2659 2071 "
2697 2058 2710 2094 :
2747 2059 2764 2091 ι
2805 2039 2884 2095 Τυ
2924 2040 3245 2112 :confregisti
3277 2042 3457 2111 capita

1878 2131 2155 2199 draconis,
2193 2152 2211 2185 ι
2246 2132 2496 2188 videlicet
2525 2134 2580 2187 in
2616 2133 2788 2199 mari;
2817 2142 2979 2204 atque
3021 2135 3152 2201 illic,
3188 2154 3206 2186 ι
3233 2134 3459 2191 confre-

1878 2224 2004 2293 gisti
2056 2233 2220 2294 caput
2263 2224 2539 2293 draconis,
2587 2224 2784 2281 dedisti
2839 2241 2965 2281 eum
3012 2242 3191 2282 escam
3240 2226 3461 2297 p0pulis

1879 2317 2217 2390 IEthiopum.
2251 2337 2269 2371 ι
2299 2319 2383 2375 Ab
2405 2335 2734 2391 unoquoque
2758 2321 2920 2393 igitur
2943 2336 3134 2376 eorum
3157 2319 3250 2391 qui
3274 2321 3339 2375 ad
3367 2335 3458 2375 sa—

1877 2408 2046 2466 lutem
2074 2426 2105 2465 a
2140 2409 2315 2467 Verbo
2359 2420 2946 2481 praeparantur,mnns
2984 2428 3014 2466 a
3042 2410 3169 2469 Jesu
3223 2426 3454 2481 conspe-

1879 2512 1999 2558 ctus
2019 2511 2075 2558 et
2098 2508 2434 2557 monstratus
2457 2501 2721 2569 aufertur,
2745 2512 2799 2558 et
2827 2504 2880 2557 in
2908 2518 3059 2556 mare
3090 2502 3324 2556 mittitur
3358 2516 3455 2571 per

1879 2609 2187 2651 sermonem
2227 2593 2478 2665 discipuli
2524 2593 2691 2659 Jesu,
2741 2595 2796 2649 in
2829 2593 3078 2650 doctrina
3121 2591 3456 2664 capessenda

1878 2684 2107 2742 feliciter
2146 2688 2369 2751 versati,
2404 2696 2459 2743 et
2498 2687 2673 2742 monti
2702 2687 2796 2757 qui
2841 2687 2895 2742 in
2928 2700 3259 2757 unoquoque
3293 2685 3453 2741 audi-

1878 2784 2057 2831 torum
2097 2785 2182 2832 est
2222 2776 2453 2833 dicentis
2501 2777 2543 2809 ⁸³
2580 2793 2593 2831 :
2635 2796 2654 2828 ο
2711 2775 2943 2842 Tollere,
2979 2786 3035 2833 et
3086 2776 3354 2848 projicere
3398 2777 3453 2831 in

1878 2883 2063 2934 mare;
2115 2888 2132 2920 ι
2173 2879 2337 2939 atque
2387 2870 2518 2925 illud
2572 2871 2789 2940 quidem
2832 2886 2955 2928 cum
3003 2871 3108 2926 fide
3148 2880 3200 2925 et
3250 2871 3459 2940 absque

1877 2960 2217 3017 dubitatione
2237 2962 2488 3029 dicentis,
2516 2973 2574 3017 ut
2596 2971 2841 3032 optatum
2865 2963 3028 3018 verba
3047 2962 3223 3032 ipsius
3243 2962 3457 3016 exitum

1876 3051 2284 3119 nanciscantur,
2312 3061 2365 3107 et
2392 3060 2452 3107 ut
2477 3068 2817 3124 quzecunque
2842 3053 2896 3107 in
2921 3054 3168 3108 oratione
3197 3052 3454 3122 petiverit

1877 3148 1970 3216 qui
2005 3144 2164 3200 fidem
2196 3146 2354 3202 habet
2375 3156 2429 3202 et
2448 3162 2554 3201 non
2571 3146 2804 3212 dubitat,
2820 3144 3046 3201 credens
3063 3152 3449 3214 consequatur.

1951 3320 2202 3377 27.1fm
2244 3337 2408 3392 porro
2454 3322 2711 3378 Bethania
2759 3333 2842 3379 est
2885 3338 3048 3393 quam
3101 3322 3371 3377 habitabat
3404 3320 3458 3374 is

1880 3414 2090 3469 amicus
2132 3412 2261 3469 Jesu
2310 3414 2403 3485 qui
2452 3429 2482 3469 e
2526 3415 2755 3471 mortuis
2806 3416 3071 3481 surrexit;
3119 3422 3173 3469 et
3201 3413 3453 3484 quisquis

1879 3515 2025 3563 certe
2050 3505 2144 3562 Dei
2177 3507 2413 3568 sermoni
2447 3508 2803 3579 obtemperat,
2838 3518 2892 3564 et
2938 3508 3258 3564 obedientia:
3297 3523 3454 3561 man-

1877 3602 2002 3657 data
2052 3603 2237 3658 animo
2286 3603 2393 3658 alte
2433 3603 2608 3659 defixa
2648 3606 2865 3671 retinet,
2908 3603 3229 3660 obedientiae
3256 3602 3453 3657 domus

1880 3703 1996 3758 est,
2051 3705 2105 3748 ct
2152 3693 2412 3749 Bethania
2462 3696 2516 3750 in
2568 3711 2675 3766 qua
2738 3696 3043 3752 diversatur
3090 3694 3344 3750 Christus
3398 3703 3453 3748 et

1879 3784 2238 3854 conquiescit.
2272 3784 2375 3841 Sed
2406 3786 2662 3855 quoniam
2693 3802 2758 3841 ex
2792 3785 2899 3843 hoc
2924 3787 3043 3842 loco
3075 3801 3163 3841 res
3187 3786 3470 3855 sapientia.

1879 3872 1972 3929 Dei
2009 3890 2039 3929 a
2071 3891 2178 3945 qua
2224 3878 2532 3949 conscripta
2572 3887 2702 3933 sunt
2736 3876 3026 3950 Evangelia
3056 3877 3231 3949 digna:
3256 3877 3453 3946 depro-

1842 3965 2090 4021 'mend:n
2139 3975 2289 4031 sunt,
2323 3969 2693 4025 animadverte
2736 3986 2915 4025 annon
2950 3969 3104 4038 juxta
3156 3967 3471 4037 Simplicio--

1878 4072 1999 4111 rum
2045 4057 2545 4128 interpretationem
2593 4074 3053 4131 supervacaneum
3087 4058 3159 4115 sit
3191 4058 3323 4113 illud
3361 4058 3445 4110 u':

1394 4194 1621 4252 VETUS
1660 4195 2240 4252 INTERPRETATIO.

182 4308 355 4385 arbor
378 4308 466 4385 illa
488 4320 605 4365 erat
627 4311 864 4385 animam
887 4312 1114 4385 habens,
1141 4315 1295 4384 quasi
1315 4312 1554 4368 audienti
1578 4312 1794 4385 dignam
1820 4312 2252 4385 maledictionem
2273 4330 2428 4369 suam
2450 4315 2613 4371 dicit:
2657 4334 2674 4367 ι
2702 4313 2991 4385 Nunquam
3016 4331 3079 4370 ex
3110 4323 3161 4369 te
3185 4321 3451 4385 nascatur

185 4378 408 4456 fructus
433 4380 485 4433 in
518 4383 961 4456 sempiternum.»
990 4384 1040 4456 [ιι
1070 4378 1174 4456 est,
1198 4385 1570 4456 quandinsmt
1590 4378 1694 4456 hoc
1716 4384 1980 4456 saeculum
2001 4398 2267 4456 prtesens,
2294 4402 2570 4456 nunquam
2594 4402 2661 4441 ex
2686 4394 2736 4440 te
2772 4378 2983 4440 fructus
3010 4394 3292 4456 nascatur.
3320 4382 3449 4438 Ideo

185 4448 536 4523 infructuosa
562 4448 649 4507 est
670 4451 955 4523 Synagoga
982 4448 1291 4511 .lndzeorum
1317 4463 1403 4509 :et
1427 4454 1529 4508 hoc
1552 4453 1656 4507 erit
1679 4453 1727 4508 ci
1753 4468 1926 4522 usque
1947 4448 2557 4511 adeonsummatio'nem
2582 4457 2789 4522 saeculi,
2815 4456 2989 4510 donec
3012 4454 3297 4510 intraverit
3318 4468 3447 4523 gen-

184 4520 341 4593 tium
361 4521 661 4588 plenitudo.
688 4513 753 4577 Et
786 4513 931 4578 aruit
964 4524 1193 4580 ficulnea
1223 4524 1400 4579 adhuc
1432 4524 1808 4592 peregrinante
1832 4513 1884 4576 in
1912 4524 2011 4578 hac
2036 4534 2143 4578 vita
2181 4526 2459 4580 hominum
2486 4526 2726 4590 Christo,
2745 4513 2800 4581 et
2829 4527 2968 4581 inter
2995 4526 3249 4580 homines
3277 4513 3440 4593 quasi

184 4590 417 4666 herniae
456 4604 836 4649 conversante.
869 4594 934 4650 Et
976 4596 1221 4650 videntes
1261 4590 1509 4666 discipuli
1548 4590 1730 4666 mirati
1766 4605 1913 4666 sunt,
1954 4594 2127 4666 oculis
2160 4595 2304 4650 enim
2338 4597 2678 4665 spiritalibus
2712 4598 2965 4666 viderunt
2993 4590 3316 4666 mysterium
3339 4594 3443 4666 fici

184 4663 412 4737 siccata:
443 4678 456 4714 :
489 4677 598 4717 non
635 4672 845 4737 tantum
879 4667 1003 4735 quia
1038 4665 1249 4737 siccata
1267 4673 1370 4732 est,
1399 4662 1490 4737 sed
1521 4664 1657 4737 quia
1680 4662 1968 4737 confestim
2001 4665 2344 4737 siccataest,
2371 4662 2435 4721 id
2466 4676 2569 4733 est,
2605 4668 2837 4737 populus
2879 4662 3215 4723 Judaeorum.
3266 4682 3285 4715 ς
3328 4663 3444 4737 lte-

186 4684 412 4716 siceatae
443 4684 456 4714 :
490 4684 598 4717 ιιυιι
635 4684 845 4719 tantum
879 4684 1003 4735 quia
1038 4684 1240 4721 succata
1267 4684 1370 4732 εει,
1399 4684 1490 4721 seu
1521 4684 1649 4734 quia
1680 4684 1968 4720 comesum
2001 4684 2205 4720 succata
2240 4684 2344 4733 εει,
2383 4684 2435 4721 ta
2466 4684 2569 4733 εει,
2605 4684 2674 4737 po
2717 4684 2837 4723 unus
2879 4684 3215 4723 Juuaeorum.
3266 4684 3285 4715 ‹
3336 4684 3441 4718 ne-

186 4730 687 4804 spnndensautem
721 4733 902 4800 Jesus,
938 4736 1012 4791 ait
1044 4736 1150 4790 illis
1178 4753 1195 4797 ;
1225 4736 1394 4790 Amen
1426 4735 1550 4789 dico
1578 4735 1753 4797 vobis,
1795 4733 1838 4789 si
1879 4734 2178 4789 habueritis
2205 4736 2387 4804 fidem,
2426 4746 2481 4792 et
2526 4754 2636 4798 non
2675 4684 3081 4803 Baesitaveritis,
3119 4752 3225 4792 non
3262 4735 3441 4804 solum

186 4747 472 4854 spondens
506 4747 687 4789 autem
721 4747 902 4800 Jesus,
938 4747 1012 4791 att
1044 4747 1150 4790 illis
1178 4753 1195 4797 ;
1225 4747 1394 4790 Amen
1426 4747 1550 4789 meo
1578 4747 1753 4797 voms,
1795 4750 1838 4789 ει
1879 4747 2178 4789 nanuerius
2205 4747 2387 4804 tidem,
2426 4747 2481 4792 et
2526 4754 2636 4798 non
2675 4747 3081 4803 haesitaveritis,
3119 4752 3225 4792 non
3262 4747 3441 4789 salum

113 4863 123 4873 ο
185 4802 338 4885 ἥρωι]
367 4800 692 4885 ιΙςῐίξιιιῃρςι
729 4804 984 4885 facietis,
1015 4806 1108 4861 sed
1152 4806 1314 4885 etiam
1349 4806 1393 4861 si
1440 4806 1611 4860 monti
1650 4804 2059 4885 huic‘diveritis
2084 4825 2096 4860 :
2134 4804 2284 4885 Tolle
2316 4815 2404 4885 te,
2423 4817 2473 4863 et
2510 4808 2656 4885 jacta
2695 4818 2745 4863 te
2778 4810 2829 4863 in
2872 4825 3042 4885 mare,
3091 4811 3263 4885 tiet._3
3301 4803 3444 4885 Ergo

186 4871 451 4942 discipuli
487 4873 690 4930 Christi
724 4875 910 4932 ﬁdeles
939 4887 993 4931 et
1021 4892 1127 4931 non
1166 4877 1477 4931 hmsitantes
1511 4891 1759 4931 arescere
1786 4874 1995 4930 faciunt
2028 4876 2315 4933 ﬁculneam
2351 4871 2529 4941 illam,
2554 4878 2796 4934 dicentes
2824 4880 2890 4933 ad
2931 4894 3050 4933 eam
3094 4895 3107 4930 :
3148 4896 3167 4929 ι
3221 4871 3437 4929 Vobis}

182 4943 432 5016 primum
462 4945 690 5000 missum
727 4946 908 5002 fuerat
942 4966 961 4999 ι
997 4947 1223 5002 verbum
1258 4945 1373 5010 Dei,
1405 4946 1653 5016 sedquia
1685 4946 1935 5014 indignos
1961 4961 2057 5002 vos
2085 4946 2342 5016 judicatis
2390 4968 2408 5002 ι
2446 4959 2647 5004 αξιοι-ηδ
2684 4950 2817 5011 vita,
2857 4968 2875 5001 ι
2916 4964 3042 5004 ecce
3071 4945 3445 5016 convertimur

184 5013 257 5089 ad
288 5022 499 5089 gentes,
541 5035 561 5068 ι
604 5024 660 5070 et
686 5018 1225 5089 relinquenteseam,
1260 5017 1460 5089 siccam
1493 5013 1702 5089 faciunt
1737 5030 1878 5089 eam.
1909 5032 2043 5089 cum
2062 5013 2243 5074 vitalis
2266 5020 2439 5074 virtus
2468 5018 2586 5089 ejus
2613 5020 2891 5074 transierit
2923 5020 2989 5073 ad
3012 5025 3226 5089 gentes.
3264 5013 3464 5089 ‘Super'

185 5083 325 5139 illud
352 5094 544 5158 autem
571 5087 717 5155 quod
746 5083 1004 5158 poterunt
1037 5088 1244 5158 siccare
1275 5085 1769 5158 ﬁculneam-adhnc
1798 5086 2080 5155 discipulis
2107 5089 2223 5144 suis
2252 5083 2539 5158 promittit,
2573 5091 2830 5158 quoniam
2860 5089 2905 5143 si
2934 5083 3229 5158 habuerint
3257 5084 3440 5158 fidem,

178 5165 239 5227 et
269 5169 382 5227 non
417 5153 806 5223 haesitaverint,
834 5159 998 5214 etiam
1033 5157 1204 5212 monti
1227 5157 1321 5227 qui
1353 5173 1383 5211 a
1420 5156 1651 5227 Christo,
1673 5157 1886 5227 videtur
1918 5153 1970 5211 et
2001 5153 2401 5227 manifestatur,
2436 5158 2486 5214 id
2525 5153 2628 5224 est,
2659 5160 2949 5215 contrariae
2980 5155 3234 5227 potestati
3263 5153 3459 5227 αξιοι-λ

180 5224 324 5282 lenti
349 5240 408 5281 se
438 5236 627 5282 contra
654 5228 905 5285 homines
937 5228 1117 5282 dicent
1144 5247 1160 5287 ι
1183 5246 1202 5279 ι
1229 5226 1379 5281 Tolle
1404 5235 1475 5287 te,
1500 5234 1555 5281 et
1582 5226 1738 5280 mitte
1777 5235 1826 5280 te
1847 5226 1899 5279 in
1925 5242 2096 5287 mare,
2123 5236 2171 5282 et
2206 5229 2315 5283 fiet.
2354 5224 2642 5284 {Tollitur
2661 5230 2806 5284 enim
2832 5244 2862 5283 a
2895 5224 3124 5296 singulis
3147 5225 3239 5295 qui
3271 5224 3460 5277 addu-.

182 5304 409 5368 cuntur
426 5297 493 5351 ad
525 5296 686 5368 fidem
714 5300 882 5354 verbo
909 5298 1311 5368 discipulorum
1344 5296 1571 5368 Christi,
1598 5296 1827 5368 altitudo
1853 5296 1940 5368 illa
1969 5298 2210 5368 malitiae,
2239 5315 2398 5354 mons
2431 5300 2517 5355 ille
2541 5298 2793 5363 Satanas,
2827 5307 2881 5353 et
2910 5297 3229 5368 mittiturnin
3267 5309 3440 5357 mare,

178 5368 234 5421 id
256 5376 344 5423 cst
361 5366 618 5452 abyssum
634 5366 1155 5452 dignumseloeum.
1189 5369 1262 5423 De
1286 5384 1395 5438 quo
1423 5367 1559 5448 mari
1586 5366 1717 5452 dicit
1741 5366 1794 5420 in
1817 5367 2025 5452 psalmo
2050 5384 2063 5421 :
2088 5385 2106 5419 ι
2139 5367 2252 5452 [loc
2273 5385 2422 5452 mare
2444 5385 2696 5452 magnum
2720 5380 2776 5452 et
2802 5368 3122 5452 spatiosum,
3144 5366 3253 5421 illic
3275 5379 3444 5452 navfs

179 5432 622 5508 pertransibunt.
648 5432 918 5493 Animalia
950 5440 1146 5508 pusilla
1179 5432 1319 5495 cum"
1354 5436 1585 5507 magnis.
1617 5435 1796 5508 Draco
1817 5432 1930 5492 'iste
1962 5453 2124 5508 quem
2163 5438 2410 5495 formasti
2442 5440 2509 5494 ad
2535 5432 2872 5494 illudcndum
2898 5437 2966 5492 ei.
3011 5455 3030 5489 ι
3070 5438 3202 5492 Item
3242 5454 3255 5489 :
3297 5454 3317 5486 ι
3359 5432 3443 5488 Tu

180 5505 511 5586 confregisti
545 5510 725 5578 capita
751 5505 1052 5586 draconum
1085 5505 1478 5586 super-aquas,
1516 5518 1569 5586 et
1599 5505 1795 5586 dedisti
1821 5522 1949 5586 eum
1974 5505 2157 5586 escam
2194 5511 2408 5586 populis
2444 5509 2780 5586 @thiopum.
2830 5528 2849 5561 ι
2956 5578 2970 5586 _
3165 5576 3209 5586 _
3397 5575 3408 5586 _

250 5576 346 5630 27.
384 5576 504 5646 Ipsa
526 5576 707 5634 autem
741 5589 826 5634 est
872 5576 1271 5644 Bethania,'uhi
1311 5576 1378 5634 ex
1421 5577 1652 5632 mortuis
1692 5577 1985 5634 suscitatus
2028 5576 2235 5634 amicus
2268 5576 2485 5636 Christi
2528 5576 2766 5636 Lazarus
2801 5578 3135 5633 morabatur.
3165 5576 3233 5632 Et
3261 5576 3448 5631 omnis

182 5647 280 5720 qui
320 5647 509 5703 obedit
548 5646 722 5705 Verbo
750 5649 845 5707 Dei
874 5651 1230 5714 confirmato,
1264 5659 1317 5705 et
1349 5648 1710 5704 commoranti
1762 5648 1816 5704 in
1865 5664 1945 5714 se,
1982 5648 2243 5705 Bethania
2278 5658 2395 5717 est,
2425 5659 2479 5706 et
2510 5649 2706 5707 domus
2735 5648 3073 5712 obedientiaa,
3109 5657 3162 5706 et
3193 5661 3447 5706 commo-

275 5819 318 5851 “
352 5816 497 5877 Psal.
519 5800 756 5893 011,25,
787 5820 877 5876 26.
957 5820 998 5854 ¹¹
1021 5818 1165 5877 Psal.
1196 5836 1388 5886 tum,
1428 5819 1510 5876 M.
1591 5818 1633 5851 ¹³
1666 5818 1780 5879 Mat!

1886 5833 2001 5890 ut,
2026 5819 2116 5878 21..
2193 5818 2237 5853 ¹⁶
2263 5817 2394 5875 ibid.
2422 5818 2509 5878 l7.
