3962 6532
154 384 311 439 ιὲῖδ

1081 396 1435 461 annuam.
1479 400 1547 459 IN
1586 370 2008 468 numnam
2042 409 2284 472 TOMUS
2324 413 2489 473 xvu.

3283 427 3419 482 ιιτι

158 580 3407 645 —_—__________________________________________

1520 759 1904 850 ΤΟΜΟΣ
1978 762 2121 853 ΙΖ’.

972 1094 1375 1195 TOMUS
1446 1108 1972 1207 DECIMUS
2043 1119 2676 1222 SEPTIMUS.

127 1439 290 1507 Περὶ
331 1439 452 1495 τῶν
493 1442 1000 1516 ἐπερωτησάντων
1038 1452 1145 1505 τὸν
1171 1455 1392 1524 Κύριον
1419 1458 1720 1531 ἀργιερέωτ

207 1510 321 1556 καὶ
363 1515 781 1556 πηιπϐυτόηιωρ
828 1521 1149 1556 ριηγιτνφι,ιυ.
1198 1545 1215 1556 .
1264 1528 1359 1556 νυ..
1391 1516 1532 1556 -.αἰ
1568 1534 1705 1556 ιι-η,

1843 1466 1924 1556 De
1960 1470 2287 1556 principibus
2325 1475 2661 1529 sacerdotum
2701 1487 2751 1556 et
2784 1482 3077 1538 senioribus
3096 1489 3198 1556 qui
3237 1487 3423 1548 Domi-

206 1510 321 1599 περὶ
362 1510 800 1599 πρεσϐυτέρωᾶ,
826 1521 1119 1576 εἰπόντων
1136 1542 1149 1554 ο
1197 1545 1216 1577 «ι
1253 1510 1359 1581 Ἓν
1541 1510 1734 1599 -2531:-

204 1582 324 1650 σίςι
356 1583 540 1640 ταῦτα
562 1582 789 1655 ποιεῖς;
821 1608 840 1642 ι

207 1737 240 1814 «Δ
264 1720 380 1774 Καὶ
413 1720 658 1787 ἐλθόντος
686 1725 850 1780 αὑτοῦ
880 1730 960 1794 είς
981 1729 1043 1782 τὸ
1072 1731 1237 1803 ἱερὸν,
1266 1736 1570 1809 προσῆλθον
1585 1740 1733 1814 αὐτῷ

122 1810 447 1867 διδάσκοντι
473 1816 523 1868 ot
551 1817 828 1890 ἀρχιερεῖς
869 1822 963 1875 καὶ
990 1824 1041 1876 ot
1070 1826 1430 1901 πρεσϐύτεροι
1462 1831 1557 1885 τοῦ
1578 1810 1729 1900 λαοῦ,

124 1903 421 1972 λέγοντεςο
471 1909 557 1961 Ἐν
600 1911 728 1983 ποίᾳ
763 1912 983 1987 ἐξουσίᾳ
1029 1917 1201 1973 ταῦτα
1232 1925 1436 1989 ποιείς;
1475 1943 1495 1976 ι
1532 1927 1625 1980 καὶ
1663 1929 1731 1984 τὰ

122 1997 288 2068 ἑξῆς,
324 2000 430 2063 ἕως
460 2001 553 2054 τοῦ
576 2018 589 2031 ·
634 2020 652 2054 ι
695 2004 830 2058 Οὐδὲ
862 2005 973 2076 ἐγὼ
1007 2008 1136 2079 ὑμῖν
1162 2010 1305 2080 λέγω
1330 2015 1388 2068 ἐν
1417 2016 1547 2089 ποίᾳ
1579 2018 1731 2084 ἐξου-

124 2091 223 2163 σίᾳ
252 2092 432 2148 ταῦτα
454 2095 611 2149 ποιῶ.
648 2116 666 2149 ι
692 2098 871 2170 Τριῶν
891 2100 1297 2172 εὐαγγελιστῶν
1324 2106 1400 2171 ὡς
1429 2109 1727 2179 ἀναγκαῖον

122 2183 573 2255 ἀναγραψάντων
604 2188 696 2242 τὸν
728 2191 1088 2263 προκείμενον
1119 2195 1300 2266 λόγον,
1343 2198 1492 2265 ἀξιον
1540 2202 1667 2258 ίδεῖν
1697 2206 1727 2258 ὅ

122 2292 176 2327 τι
206 2277 354 2329 ποτὲ
388 2278 633 2344 νοοῦντες
658 2282 709 2333 ot
735 2282 1011 2356 ἀρχιερεῖς
1040 2290 1133 2340 καὶ
1159 2290 1209 2342 οἱ
1239 2292 1597 2367 πρεσϐύτεροι
1629 2297 1725 2351 τοῦ

122 2367 259 2421 λαοῦ
294 2370 659 2427 ἐπυνθάνοντο
686 2374 780 2428 τοῦ
820 2378 1092 2451 Σωτῆρος,
1117 2383 1218 2454 οὐχ
1247 2383 1306 2437 ἓν
1340 2385 1554 2459 πύσμα,
1589 2389 1726 2446 ἀλλά

121 2458 246 2553 δύο,
275 2463 648 2553 προσάγοντες
684 2467 865 2537 αὐτῷ·
895 2469 954 2523 ἒν
981 2471 1079 2542 μὲν
1106 2472 1170 2526 τό
1193 2490 1206 2503 ·
1250 2492 1269 2525 ι
1314 2476 1403 2531 Ἐν
1422 2458 1554 2551 ποίᾳ
1574 2480 1724 2547 ἑξου-
1756 2546 1763 2553 ι

122 2551 219 2623 σία
244 2552 428 2609 ταῦτα
448 2559 656 2623 ποιεῖς;
692 2576 711 2611 ι
744 2559 930 2631 ἕτερον
954 2562 1012 2617 δὲ
1041 2563 1124 2617 τό·
1159 2583 1177 2617 ι
1210 2567 1320 2621 Καὶ
1340 2569 1424 2632 τίς
1446 2586 1527 2624 σοι
1554 2570 1723 2627 ἔδωκε

119 2643 221 2716 τὴν
271 2645 527 2713 ἐξουσίαν
558 2649 797 2721 ταύτην;
837 2670 857 2703 ι
893 2653 986 2706 καὶ
1028 2656 1082 2709 τί
1120 2656 1443 2730 βουλόμενος
1469 2664 1500 2715 ὁ
1530 2663 1719 2738 Σωτὴρ

120 2739 216 2792 ἐπὶ
257 2740 454 2795 τούτου
487 2742 646 2813 μόνου
681 2745 1065 2819 ἀντηρώτησεν
1101 2750 1243 2821 ὑπὲρ
1266 2751 1361 2805 τοῦ
1389 2752 1467 2825 μὴ
1493 2755 1631 2826 πρὸς
1658 2757 1720 2810 τὸ

1912 1543 2518 1632 nuntniitterrogarerluut
2542 1586 2558 1612 ,
2604 1556 2653 1601 et
2695 1550 2989 1610 dixerunt:
3024 1575 3042 1608 ι
3078 1543 3146 1611 Ιὶι
3175 1543 3297 1630 (μιαί
3319 1543 3421 1632 p3-

1908 1622 2093 1666 testate
2125 1613 2234 1668 Ita'c
2265 1614 2441 1684 facis?
2470 1636 2487 1666 ι

1908 1745 1959 1799 t.
1998 1764 2019 1797 ι
2049 1745 2117 1802 Et
2150 1762 2274 1803 cum
2304 1751 2544 1808 venisset
2575 1753 2629 1809 in
2659 1755 2940 1826 templum,
2964 1775 3316 1821 accesserunt
3347 1769 3417 1823 ad

1833 1845 1957 1886 eum
2001 1834 2289 1891 docentem
2343 1838 2619 1911 principes
2654 1845 3034 1917 sacerdotum,
3081 1861 3135 1907 et
3172 1856 3419 1914 seniores

1833 1926 2042 1994 populi,
2094 1926 2378 1986 dicentes:
2416 1931 2471 1986 In
2509 1950 2616 2003 qua
2650 1945 2920 2005 potestate
2954 1941 3069 1998 haec
3102 1944 3279 2003 facis?
3307 1968 3328 2001 ι
3362 1961 3419 2006 et

1832 2016 2041 2087 reliqua
2063 2059 2079 2085 ,
2131 2023 2398 2113 usquead
2423 2023 2474 2077 id
2504 2043 2517 2078 :
2554 2044 2573 2077 ι
2603 2024 2714 2082 Nec
2744 2044 2846 2100 ego
2879 2031 3006 2089 dico
3029 2037 3186 2095 vobis
3210 2039 3269 2094 in
3305 2059 3415 2113 qua

1832 2117 2103 2178 potestate
2136 2111 2251 2167 haec
2295 2112 2460 2170 facio.
2494 2135 2512 2167 ι
2550 2117 2687 2173 Cum
2741 2132 3061 2189 praesentem
3093 2111 3419 2189 bunccevlo-

1829 2216 1953 2256 cum
1999 2212 2258 2275 tanquam
2290 2210 2662 2265 neceSsarium
2718 2213 2881 2286 765
2917 2222 3264 2291 evangelista
3304 2234 3417 2282 tres

1828 2294 2048 2365 scriptis
2083 2299 2502 2367 mandaverint,
2558 2318 2797 2373 quonam
2829 2311 3064 2366 consilio
3103 2329 3213 2370 non
3247 2333 3412 2374 unam

1827 2386 2095 2444 duntaxat
2121 2391 2480 2460 quaestionem
2500 2433 2515 2458 ,
2542 2398 2637 2453 sed
2664 2399 2805 2457 duas
2827 2400 3103 2460 Servatori
3136 2422 3412 2479 proposu-

1826 2482 1969 2538 erint
1996 2485 2271 2555 principes
2297 2491 2644 2550 sacerdotum
2679 2505 2734 2553 et
2774 2499 3024 2557 seniores
3052 2505 3259 2573 populi,
3290 2507 3412 2564 disc

1825 2582 2019 2643 putare
2061 2591 2241 2647 operte
2280 2583 2516 2651 pretium
2564 2596 2649 2643 est
2676 2627 2694 2654 ,
2760 2605 2995 2660 quarum
3046 2595 3409 2662 quaestionum

1826 2681 1934 2720 una
1982 2667 2099 2724 haec
2131 2678 2217 2726 est
2237 2671 2330 2727 “z
2370 2692 2388 2725 ι
2440 2674 2499 2730 In
2544 2693 2652 2748 qua
2699 2691 2967 2751 potestate
3009 2685 3126 2742 haec
3171 2687 3349 2747 facis?
3386 2710 3406 2745 ι

1824 2760 1992 2814 altera
2028 2777 2195 2817 vero:
2234 2782 2252 2814 ι
2276 2763 2343 2821 Ει
2370 2768 2497 2838 quis
2528 2770 2626 2826 tibi
2651 2772 2801 2829 dedit
2831 2776 2974 2833 hanc
2997 2785 3360 2848 potestatem?
3382 2802 3411 2841 ο

124 2833 328 2907 πύσμα
358 2836 758 2908 ἀποκρίνασθαι
777 2856 791 2870 ο
823 2840 969 2912 ἑώρα
999 2840 1108 2914 γὰρ
1141 2844 1241 2897 οὐκ
1264 2844 1447 2911 ἀξίους
1478 2848 1718 2915 ἐκείνους

1826 2850 2064 2920 quidque
2086 2853 2192 2908 sibi
2219 2855 2410 2913 volens
2439 2857 2698 2917 Servator
2730 2864 2802 2918 ob
2831 2865 2885 2921 id
2921 2830 3089 2924 unum
3119 2886 3218 2927 eos
3244 2830 3413 2931 vicis:-

122 2930 219 3000 τῆς
254 2930 400 3001 πρὸς
420 2930 480 2984 τὸ
510 2932 699 3005 πύσμα
731 2935 1075 3009 ἀποκρίσεως
1110 2938 1331 3009 καὶτῆς
1355 2940 1450 2994 τοῦ
1481 2942 1719 3015 προϐλή-

124 3037 303 3087 ματος
328 3021 653 3094 διηγήσεως.
683 3025 803 3079 Ὀτι
829 3025 886 3080 δὲ
919 3028 1128 3098 οὐχ,ὼς
1156 3028 1360 3084 οἴονταί
1382 3046 1545 3097 τινες,
1571 3034 1718 3089 ἀπλᾶ

120 3113 236 3166 ἐστι
268 3114 345 3168 τὰ
374 3116 516 3169 κατά
548 3117 637 3172 τὸν
679 3118 865 3183 τόπον,
898 3121 993 3174 καὶ
1021 3121 1404 3195 εὐπερινόητα,
1434 3125 1570 3181 ἀλλά
1616 3144 1718 3199 μυ-

122 3207 313 3269 στικὰ,
350 3208 445 3262 καὶ⁵
478 3208 699 3279 βαθείας
725 3211 958 3282 δεόμενα
987 3214 1235 3287 καρδίας,
1265 3215 1424 3288 δῆλον
1459 3218 1613 3273 ἔσται
1651 3223 1718 3276 ὲκ

119 3300 216 3371 τῆς
245 3301 609 3368 ἐπιστάσεως.
633 3301 759 3378 Φέρ’
781 3303 897 3371 οὖν,
923 3310 1378 3383 συναγορεύωμεν
1401 3315 1466 3385 τῇ
1494 3313 1716 3369 πιθάνο-

120 3408 241 3463 τητι
278 3392 394 3448 τῶν
421 3394 789 3469 ἁπλούστερον
821 3398 1193 3471 ἐκδεχομένων
1217 3402 1287 3457 τὰ
1324 3403 1465 3459 κατά
1496 3404 1590 3459 τὸν
1620 3406 1715 3459 τό·

121 3501 257 3539 πον⁸
317 3486 546 3557 φήσουσι
590 3487 722 3561 γὰρ,
771 3490 853 3544 ὅτι
910 3490 1003 3545 δύο
1058 3493 1285 3561 γενικὰς
1333 3495 1712 3568 ἐπιστάμενοι,

119 3580 336 3652 ἀμείνω
379 3583 481 3652 μὲν
511 3584 611 3655 τὴν
640 3583 737 3638 τοῦ
770 3585 928 3650 Θεοῦ,
956 3587 1235 3660 χειρίστην
1261 3589 1319 3644 δὲ
1348 3590 1448 3663 τὴν
1478 3593 1573 3647 τοῦ
1598 3594 1717 3649 δια-

119 3675 304 3740 ϐόλου,
358 3677 409 3730 ot
462 3678 735 3752 ἀρχιερεῖς
786 3683 881 3735 καὶ
931 3685 980 3736 οἱ
1030 3685 1391 3759 πρεσϐύτεροι
1435 3686 1530 3742 τοῦ
1580 3690 1712 3745 λαοῦ

118 3768 489 3826 ἐπυνθάνοντο
524 3772 618 3826 τοῦ
658 3774 933 3848 Σωτῆρος,
968 3778 1027 3831 ἐν
1059 3779 1190 3850 ποίᾳ
1239 3778 1460 3852 ἐξουσίᾳ
1507 3780 1713 3836 τούτων

120 3861 227 3915 τῶν
252 3862 353 3916 δύο
381 3864 618 3918 ποιεῖτά
642 3867 925 3939 τεράστια,
957 3869 1053 3922 καὶ
1088 3870 1198 3924 ἀπὸ
1237 3872 1383 3935 τίνος
1416 3871 1586 3945 αὐτὴν
1620 3872 1714 3927 λα-

118 3960 260 4015 ϐών·
299 3957 401 4015 εἷθ’
443 3964 472 4016 ὁ
512 3962 720 4036 Ἰησοῦς
751 3964 891 4036 ὑπὲρ
928 3966 1021 4019 τοῦ
1056 3966 1130 4038 μὴ
1169 3966 1531 4038 αὑτολογῆσαι
1584 3968 1711 4022 ἀντ-

120 4053 430 4127 ηρώτησεν,
463 4056 582 4127 ἅμα
601 4056 695 4111 καὶ
727 4056 942 4126 ἐλέγξαι
964 4058 1285 4131 βουλόμενος
1310 4060 1439 4124 τοὺς
1472 4059 1710 4132 πυθομέ-

1820 2944 1925 2998 sim
1961 2945 2397 3018 interrogaverit,
2444 2967 2554 3021 quo
2583 2955 2650 3010 ad
2681 2971 2873 3013 eorum
2912 2963 3140 3030 quaesita
3181 2981 3291 3021 non
3321 2983 3412 3024 re-

1819 3038 2138 3103 sponderet:
2162 3055 2258 3096 eos
2282 3044 2486 3114 quippe
2511 3046 2766 3118 indignos
2786 3066 2913 3108 esse
2937 3052 3151 3111 videbat
3172 3059 3238 3113 ad
3267 3074 3408 3130 quo-

1817 3143 1938 3223 rum
1971 3132 2329 3223 quaestionem
2363 3150 2687 3207 responsum
2720 3142 2894 3211 daret,
2926 3154 2982 3201 et
3011 3161 3245 3217 quorum
3277 3168 3406 3223 pro-

1818 3220 2148 3289 positionem
2183 3225 2436 3281 solveret.
2479 3227 2612 3294 Quae
2641 3241 2822 3288 autem
2854 3233 2944 3291 hic
2969 3236 3261 3307 habentur,
3277 3220 3396 3299 non

1818 3313 1963 3369 sicut
2009 3315 2308 3385 opinantur
2340 3320 2610 3382 nonnulli,
2645 3333 2830 3392 aperta
2867 3334 2922 3381 et
2956 3326 3231 3388 intellectu
3261 3333 3402 3391 faci-

1819 3406 1911 3470 lia,
1945 3408 2038 3463 sed
2070 3409 2346 3480 mysteriis
2375 3409 2579 3467 referta
2602 3428 2746 3481 esse,
2778 3425 2833 3471 et
2857 3432 2953 3472 eor
2974 3420 3252 3489 postulare
3279 3439 3406 3495 pro-

1816 3496 2043 3555 fundius
2081 3516 2149 3555 ex
2193 3513 2381 3557 nostra
2434 3503 2821 3576 disquisitione
2864 3510 3218 3569 manifestum
3270 3516 3396 3572 erit.

1814 3591 1929 3663 Age
1954 3608 2086 3663 ergo
2107 3634 2122 3655 ,
2157 3608 2349 3650 eorum
2397 3600 2737 3669 argumentis
2767 3602 3162 3674 astipulemur,
3191 3609 3284 3678 qui
3314 3609 3399 3664 lo-

1815 3699 1939 3738 cum
1988 3685 2136 3740 hunc
2161 3686 2467 3756 simplicius
2508 3689 2955 3761 interpretantur.
3021 3695 3214 3753 Dicent
3245 3701 3394 3757 enim

1813 3773 2090 3846 principes
2118 3778 2464 3833 sacerdotum
2496 3788 2551 3834 et
2574 3782 2822 3838 seniores
2844 3785 3064 3854 populi,
3097 3803 3231 3847 cum
3257 3790 3398 3847 duas

1813 3868 2095 3938 generales
2141 3885 2262 3926 esse
2304 3871 2512 3928 scirent
2557 3882 2894 3943 potestates,
2938 3894 3173 3948 quarum
3204 3882 3398 3939 melior

1813 3958 1908 4015 Dei
1954 3970 2136 4028 esset,
2182 3963 2420 4018 deterior
2463 3973 2649 4019 autem
2682 3966 2921 4036 diaboli,
2971 3970 3027 4025 iu
3076 3988 3313 4042 quanam
3361 3992 3393 4031 e

1811 4052 2026 4109 duabus
2055 4054 2206 4110 hisce
2234 4055 2620 4125 potestatibus,
2651 4066 2705 4113 et
2724 4074 2755 4113 a
2775 4074 2886 4129 quo
2918 4072 3138 4133 accepta
3169 4080 3235 4121 ea
3262 4082 3392 4137 pro.

116 4160 241 4211 νους
264 4146 456 4210 αὐτοῦ,
480 4148 556 4213 ὡς
570 4149 723 4222 παρὰ
737 4150 828 4205 τὸν
842 4150 1001 4224 ὀρθὸν
1028 4151 1186 4222 λόγον
1205 4154 1540 4225 ποιήσαντας
1557 4154 1616 4206 ὲν
1631 4151 1710 4225 τῷ

1826 4144 1959 4217 ligia
1987 4146 2190 4214 ederet,
2226 4162 2257 4201 a
2290 4147 2580 4204 Servatore
2608 4151 2968 4220 quaesivisse:
3002 4162 3117 4210 tum
3148 4172 3280 4215 vero
3303 4157 3397 4214 Je-

118 4240 483 4311 ἠπιστηκέναι
523 4242 745 4316 Ἰωάννῃ
778 4244 855 4316 τῷ
877 4245 1156 4318 Βαπτιστῇ
1180 4263 1194 4276 ·
1228 4247 1323 4300 καὶ
1346 4242 1415 4319 ἦν
1445 4246 1611 4302 αὑτοῦ
1645 4247 1707 4302 τὸ

116 4332 485 4406 ἀντερώτημα
514 4334 607 4389 δύο
634 4337 1105 4410 οἰκονομούμενον,
1135 4338 1225 4394 τόν
1273 4357 1335 4394 τε
1375 4340 1469 4393 ἐπὶ
1507 4343 1574 4413 τῇ
1623 4342 1705 4405 είς

116 4425 209 4480 τὸν
272 4426 529 4500 Ἰωάννην
578 4429 808 4502 ἀπιστίᾳ
851 4429 1092 4504 ἔλεγχον,
1128 4432 1223 4488 καὶ
1255 4433 1316 4488 τὸ
1359 4433 1701 4505 περισπάσαι

1813 4252 1934 4293 sum
1983 4253 2080 4295 eos
2124 4238 2364 4294 vicissim
2398 4240 2785 4312 interrogasse,
2837 4258 2907 4298 ne
2950 4245 3219 4303 rationem
3256 4250 3399 4320 ipsis

1811 4330 2082 4396 redderet,
2110 4339 2168 4386 et
2196 4331 2325 4403 quia
2359 4347 2455 4388 eos
2486 4334 2633 4404 ipsos
2661 4348 2692 4388 a
2721 4335 2923 4405 quibus
2952 4337 3395 4411 interrogabatur

1809 4439 1917 4479 una
1947 4424 2345 4494 reprehendere
2376 4425 2628 4494 volebat,
2662 4427 2806 4499 quod
2834 4438 3030 4500 praeter
3057 4440 3261 4489 rectam
3297 4451 3388 4493 ra-

1325 4572 1559 4632 VETUS
1596 4566 2183 4629 INTERPRETATIO.

186 4691 240 4763 t,
305 4707 327 4742 ι
367 4687 427 4746 ῐιι
461 4689 562 4746 illo
596 4698 840 4763 tempore
877 4707 1002 4748 cum
1043 4694 1280 4750 venisset
1315 4691 1477 4749 Jesus
1516 4694 1571 4748 in
1611 4692 1872 4762 templum
1896 4730 1911 4755 ,
1966 4685 2423 4763 accesseruntﬁd
2462 4700 2589 4763 eum
2629 4685 2913 4763 docentem
2963 4686 3248 4763 principes
3286 4705 3379 4747 sa-

118 4762 531 4835 cerdotun1,__et
567 4755 1073 4835 senioresnpopuli,
1112 4763 1356 4820 dicentes
1405 4782 1420 4819 :
1463 4763 1520 4819 ln
1558 4779 1667 4835 qua
1707 4755 1976 4834 potestate
2012 4761 2127 4835 llaec
2162 4755 2342 4835 facis?
2393 4757 2609 4835 et__quis
2644 4755 2739 4811 tibi
2779 4757 2927 4835 dedit
2963 4757 3104 4813 hanc

3141 4769 3346 4829 potesta
3363 4791 3381 4803 -

119 4832 276 4916 terni
308 4851 329 4885 ι
373 4831 577 4916 Tribus
611 4827 979 4916 evangeli‘sti's
1003 4834 1240 4916 idipsum
1279 4835 1439 4916 quasi
1482 4827 1853 4916 necessarium
1893 4827 3379 4916 conscribentibps,dignumAesturidcrequidnintelo

118 4901 347 4976 ligentes
405 4903 678 4974 principes
736 4896 1458 4976 sacerdotum'etseniores
1518 4906 1700 4976 populi
1759 4896 2474 4976 interroga_verunt_.iesi_tm
2508 4896 2624 4953 'non
2664 4912 2830 4953 unam
2873 4896 3380 4976 interrogationem,

118 4974 209 5044 sed
248 4975 392 5029 duas
430 4981 831 5044 propellentes,
874 4991 1036 5031 unam

1117 4975 1296 5046 uidem
1340 4995 1357 5029 ι
1390 4975 1444 5030 in
1483 4968 1608 5046 qua'
1630 4982 1900 5045 potestate
1939 4968 2076 5046 facis
2115 4969 2264 5025 haec?
2295 4987 2313 5019 ι
2356 4968 2583 5046 alteram
2621 4978 2801 5046 autem
2823 5010 2838 5034 ,
2885 4986 2904 5020 ι
2936 4969 3061 5038 quis
3090 4968 3196 5023 tibi
3231 4970 3384 5046 dedit

119 5043 260 5117 hanc
300 5038 718 5117 potestatem?»
757 5038 981 5116 etquid
1006 5038 1209 5117 volens
1247 5038 1517 5103 Dominus
1549 5038 1914 5117 propterilioc
1954 5043 2130 5097 solum
2164 5038 2780 5117 _contra_interrogavi_t,
2825 5049 2884 5117 ut
2921 5054 2989 5093 ne
3028 5040 3383 5117 responderet

118 5113 181 5168 ad
212 5113 694 5186 interrogationem
734 5113 947 5170 eorum.

989 5114 1146 5185 Quod
1179 5126 1362 5171 autem
1394 5132 1524 5181 non,
1551 5108 1699 5172 sicut
1725 5114 2063 5170 arbitrantur
2084 5111 2305 5185 quidam
2339 5109 2592 5185 simplex,
2616 5108 3031 5185 e§t_intellectus
3062 5108 3166 5185 IQCi
3191 5110 3376 5185 @3915,

115 5195 166 5240 et
201 5185 384 5242 facilis
403 5178 450 5252 ,’
470 5186 566 5242 sed
604 5187 935 5257 mysterialis
970 5178 1034 5243 etv
1062 5187 1241 5254 altus,
1282 5178 1633 5243 manifestum
1672 5188 1779 5241 erit
1815 5201 1879 5239 cx
1921 5198 1987 5238 eo
2024 5178 2167 5254 quod
2208 5178 2582 5234 ostendemus.
2648 5178 2845 5233 Dicunt
2880 5178 3027 5235 enim
3066 5179 3371 5248 simplicioo

118 5270 203 5328 res
237 5256 500 5328 quoniam
536 5256 771 5328 scientes
808 5260 948 5314 duas
984 5273 1105 5313 esse
1142 5267 1459 5328 potestates,
1500 5272 1665 5311 unam
1703 5257 1921 5328 quidem
1964 5251 2083 5328 Dei.
2123 5250 2570 5328 θῖῑθηιιηηθυῐθῐη
2608 5248 2831 5328 diaboli}
2858 5248 3149 5328 ,Ρτίξιθῖββθ
3187 5264 3373 5304 ⁵³⁰θ¹³“

118 5270 203 5313 res
237 5271 500 5329 quoniam
536 5270 771 5312 serentes
808 5270 948 5314 uuas
984 5273 1105 5313 esse
1142 5270 1459 5328 potestates,
1500 5272 1665 5311 unam
1703 5270 1921 5327 quidem
1964 5270 2083 5315 uel,
2123 5270 2346 5305 atteram
2386 5270 2570 5304 autem
2608 5270 2831 5311 atauo",
2873 5270 3149 5319 pl'lﬂClpeS
3187 5270 3373 5304 sacer-

118 5326 302 5375 dotum
341 5338 395 5375 et
434 5327 617 5375 nnmtli
659 5327 906 5375 seniores
942 5328 1352 5375 interrnoahant
1389 5329 1442 5375 in
1482 5344 1588 5375 nua
1628 5343 1694 5375 ex
1734 5326 1947 5375 duabus
1988 5323 2072 5375 his
2110 5320 2473 5375 potestatibus
2533 5335 2599 5375 ea
2660 5319 2903 5375 prodigia
2946 5319 3210 5375 faciebat.
3248 5328 3304 5374 et
3340 5335 3375 5375 ει

118 5320 302 5383 ιιοιιιίιι
341 5338 395 5382 et
434 5327 618 5398 populi
659 5327 906 5383 seniores
942 5320 1352 5398 interrogabant
1389 5320 1456 5382 in
1482 5344 1591 5399 qua
1628 5343 1694 5381 ex
1720 5320 1947 5381 'duabus
1988 5323 2072 5378 bis
2110 5320 2473 5391 potestatibus
2533 5335 2599 5376 ea
2622 5389 2635 5401 ο
2660 5320 2903 5390 prodigia
2933 5320 3210 5402 faciebat,
3248 5328 3304 5374 et
3328 5335 3372 5403 ⁸ιι

118 5411 223 5441 mm
261 5414 382 5441 nam
423 5398 651 5441 amr-nit-
712 5397 783 5441 Im
827 5397 1091 5441 hominum
1128 5409 1189 5441 ιιι
1227 5415 1293 5441 ηρ
1334 5399 1397 5441 ml
1437 5398 1764 5441 intprrnnntn
1806 5410 1996 5441 mrum
2037 5394 2191 5441 daret
2225 5405 2570 5441 resnonsum.
2621 5398 2972 5441 mterrouavnt
3006 5398 3251 5441 econtra.
3295 5406 3372 5441 sl-

117 5411 223 5465 quo
261 5414 383 5454 eam
423 5394 652 5468 accepit.
709 5397 785 5453 Ita
827 5397 1091 5455 Dominus
1128 5394 1191 5455 ut
1227 5415 1293 5455 ne
1332 5399 1400 5455 ad
1436 5394 1767 5467 interrogata
1806 5410 1996 5450 eorum
2037 5394 2191 5447 daret
2225 5405 2570 5460 responsum,
2621 5394 2972 5470 interrogavit
3006 5398 3251 5471 econtra,
3295 5394 3372 5446 si-

117 5470 221 5516 mul
274 5477 335 5516 ut
375 5470 771 5516 interrogantes
809 5478 1091 5516 argueret-
1151 5470 1308 5516 mmgi
1348 5470 1438 5516 nni
1481 5485 1587 5516 non
1627 5478 1773 5516 recte
1828 5467 2073 5516 fecerunt
2111 5462 2331 5516 credere
2367 5461 2613 5516 nolentes
2650 5456 2846 5513 Joanut
2872 5502 2886 5516 .
2926 5468 2980 5515 et
3017 5469 3076 5514 ut
3113 5459 3375 5516 abitccret

117 5461 221 5522 mul
274 5477 335 5524 ut
374 5461 771 5549 interrogantes
809 5478 1092 5540 argueret,
1151 5470 1310 5541 quasi
1348 5470 1441 5541 qui
1481 5485 1587 5524 non
1627 5461 1773 5523 r'ecte
1828 5467 2073 5522 fecerunt
2111 5462 2331 5543 credere
2367 5461 2613 5516 nolentes
2650 5461 2846 5513 Joanui
2872 5502 2886 5526 ,
2926 5468 2980 5515 et
3017 5469 3076 5514 ut
3113 5461 3371 5542 alijiceret

117 5536 542 5587 interrogaturus
582 5540 835 5587 Indignas
873 5556 903 5587 ιι
944 5556 1045 5587 sun
1084 5556 1371 5587 regnnnsn-
1413 5548 1473 5587 ut
1510 5540 1786 5587 videretur
1819 5538 1899 5587 eis
1939 5533 2339 5587 rationabiliter
2376 5545 2485 5585 non
2526 5530 2875 5587 respondere.
2948 5530 3053 5587 Sed
3092 5531 3233 5585 dicet
3272 5532 3371 5585 all-

116 5536 542 5610 iuterrogatores
582 5533 835 5610 indignos
873 5533 903 5595 ἆ
944 5556 1045 5596 suo
1079 5533 1381 5612 responso;
1413 5548 1473 5594 ut
1510 5540 1714 5594 videret

116 5609 236 5655 nnis
274 5622 464 5655 omnm
509 5610 640 5655 hmo-
684 5611 809 5655 mnia
855 5611 1141 5655 ridiculum
1182 5620 1299 5655 erat
1336 5612 1672 5655 intr-rrnonm
1713 5612 1720 5655 i

1826 5538 1899 5593 eis
1939 5533 2339 5591 rationabiliter
2376 5545 2485 5585 non
2526 5533 2875 5598 respondere.
2948 5533 3053 5587 Sed
3092 5533 3233 5585 dicet
3272 5533 3371 5585 ali-

1826 5624 1911 5655 nm
1946 5613 2214 5655 notestate
2252 5604 2368 5655 haec
2405 5600 2611 5655 faceret
2648 5597 2828 5655 Jesus.
2886 5599 2995 5655 Nec
3032 5601 3176 5655 enim
3219 5610 3374 5655 note-

115 5609 236 5674 quis
274 5600 464 5666 cntum
507 5610 642 5673 haec,
684 5600 810 5680 quia
855 5611 1141 5665 ridiculum
1178 5600 1300 5667 erat
1336 5600 1672 5679 interrogare
1713 5612 1767 5665 in
1807 5624 1912 5679 qua
1946 5613 2214 5677 potestate
2252 5604 2368 5656 haec
2405 5600 2611 5655 faceret
2648 5600 2828 5655 Jesus.
2886 5600 2995 5657 Nec
3032 5601 3176 5655 enim
3219 5610 3372 5671 pote-

118 5688 199 5729 rat
234 5679 372 5729 tieri-
419 5690 478 5729 ιιι
517 5680 868 5729 resnmtderet
905 5681 1031 5729 tlllia
1076 5683 1127 5729 in
1169 5691 1433 5729 nntestate
1466 5681 1689 5729 diaboli-
1731 5680 1797 5729 Et
1836 5695 1942 5729 non
1981 5677 2181 5729 dicam.
2216 5672 2376 5727 Jesus
2416 5672 2518 5726 hoc
2557 5684 2664 5723 non
2707 5672 3091 5729 rcsoonderet.
3132 5673 3226 5727 sed
3267 5685 3372 5729 nee

118 5672 199 5757 rat
234 5679 372 5746 tieri,
419 5690 478 5736 ut
516 5672 868 5750 responderet
905 5681 1032 5752 quia
1074 5683 1128 5736 in
1169 5691 1433 5752 potestate
1466 5672 1689 5737 diaboli.

118 5760 231 5816 Ipse
270 5767 291 5800 ι
324 5750 487 5807 homo
524 5751 754 5822 peceati,
793 5752 887 5822 qui
929 5753 1272 5821 adversatur,
1309 5763 1363 5809 et
1400 5752 1678 5808 extollitur
1717 5771 1720 5805 ε

1827 5672 1962 5733 'non'
1981 5677 2181 5739 dicam,
2216 5672 2376 5727 Jesus
2416 5672 2518 5726 hoc
2557 5684 2664 5723 non
2707 5672 3091 5740 responderet,
3132 5673 3226 5727 sed
3267 5685 3369 5729 nee

1826 5766 1878 5804 ra
1920 5762 2083 5806 omne
2118 5744 2265 5817 quod
2303 5741 2503 5798 dicitur
2542 5740 2706 5811 Deus,
2747 5751 2842 5797 aut
2878 5744 3025 5814 quod
3061 5742 3295 5815 colitur,
3341 5759 3369 5800 ι

193 5894 237 5926 ³³
262 5895 450 5953 Ilattlt.
482 5913 598 5965 χει,
622 5896 695 5952 23
709 5898 907 5969 ct‘seq.
