3962 6570
556 426 696 484 1475

2028 419 2355 479 ORIGENlS

3700 434 3819 490 “7t

551 547 754 602 tionem
807 542 1003 599 Joanni
1052 541 1307 614 Baptista‘.
1339 540 1496 597 {idem
1527 539 1931 597 detraxissent:
1963 550 2124 612 atque

2232 543 2355 606 τοὺς
2384 539 2745 613 πυθομένους,
2789 543 2878 598 ἱνα
2905 542 3031 617 δόξῃ
3071 545 3255 610 αὐτοῖς
3286 547 3532 620 εὐλόγως
3572 550 3659 623 μὴ
3703 553 3820 606 ἀπο-

552 643 626 693 ita
654 637 895 693 vicissim
926 635 1309 706 interrogando
1332 634 1469 690 duas
1499 649 1587 690 res
1630 632 1969 699 confecisse;
2003 647 2130 687 nam

550 740 773 800 propter
818 728 977 783 [idem
1026 726 1223 782 Joanni
1273 725 1573 781 detractam
1626 740 1719 780 eos
1760 724 2129 791 insimulasse,

550 827 1070 889 percontatoresque
1094 833 1225 874 suos
1258 818 1331 871 ita
1366 816 1708 881 distraxisse,
1738 824 1798 870 ut
1820 816 2132 886 responsio-

550 927 675 966 nem
721 911 854 981 ipsis
885 927 1008 966 cum
1042 911 1255 965 ratione
1298 924 1408 964 non
1433 909 1650 965 dedisse
1685 909 1978 966 videretur.
2033 907 2133 965 llic

548 1019 680 1060 vero
708 1005 903 1060 dixerit
933 1005 1206 1075 quispiam
1247 1004 1538 1059 ridiculum
1579 1002 1750 1059 fuisse
1782 1003 1835 1057 id
1865 1019 2128 1074 quaerere,

549 1097 605 1151 in
651 1113 761 1167 qua
805 1106 1071 1167 potestate
1119 1095 1278 1152 Jesus
1330 1097 1446 1151 haec
1494 1094 1727 1163 faceret;
1762 1111 1861 1151 nec
1894 1095 2040 1149 enim
2074 1094 2129 1148 in

548 1190 749 1247 diaboli
780 1199 1046 1262 potestate
1075 1205 1138 1244 ea
1168 1205 1225 1245 se
1256 1190 1435 1245 facere
1487 1203 1881 1260 responsurum
1914 1185 2082 1242 fuisse
2109 1202 2123 1253 ;

547 1301 727 1356 neque
755 1284 810 1341 id
840 1301 972 1341 sane
1002 1299 1395 1355 responsurum
1433 1299 1542 1338 non
1583 1282 1753 1339 fuisse
1782 1281 2151 1349 Servatorem‘

547 1378 724 1435 solum
758 1378 902 1441 dico,
936 1377 1033 1432 sed
1064 1392 1164 1432 nec
1193 1394 1211 1426 t
1247 1376 1523 1431 hominem
1550 1374 1779 1446 peccati,
1815 1374 1907 1445 qui
1937 1373 2131 1429 adver-

547 1480 701 1527 satur
733 1479 789 1525 et
814 1470 1090 1525 extollitur
1140 1484 1302 1540 supra
1334 1484 1496 1524 omne
1549 1466 1693 1536 quod
1737 1466 1938 1521 dicitur
1963 1464 2128 1533 Deus,

545 1572 641 1618 aut
688 1562 834 1633 quod
881 1562 1078 1617 colitur
1107 1562 1153 1593 ”
1178 1601 1194 1625 ,
1231 1580 1249 1614 ι
1289 1560 1572 1616 veritatem
1609 1558 2017 1614 sciscitantibus
2045 1557 2130 1613 di-

545 1668 760 1713 cturum
802 1671 860 1712 se
904 1657 958 1711 in
998 1655 1197 1712 diaboli
1247 1663 1513 1725 potestate
1548 1654 1779 1708 virtutes
1809 1668 2035 1717 omnes,
2067 1667 2130 1707 ac

545 1749 698 1815 signa
742 1756 796 1802 et
832 1754 1076 1817 portenta
1135 1745 1296 1801 edere
1318 1786 1333 1810 ,
1382 1744 1584 1814 quibus
1620 1752 1881 1797 terrorem
1912 1739 2126 1805 incutit,

543 1849 599 1895 et
627 1840 777 1910 ipsos
823 1840 1012 1905 etiam,
1067 1839 1113 1893 si
1150 1838 1268 1894 ﬁeri
1316 1836 1520 1909 possit,
1565 1835 1769 1892 electos
1805 1833 2038 1904 decipiet
2060 1833 2125 1887 ³⁵.

2233 635 2535 708 κρίνεσθαι.
2572 635 2709 688 Ἀλλ’
2734 637 2876 690 εἴποι
2899 648 2983 701 τις
3017 638 3082 693 ἂν
3115 640 3250 712 πρὸς
3273 640 3468 707 ταῦτα,
3501 643 3588 696 ὅτι
3623 644 3820 712 γελοῖοι.

2231 722 2298 800 ἦν
2332 728 2391 781 τὸ
2422 727 2783 784 πυνθάνεσθαι
2827 730 2886 783 ὲν
2931 730 3063 804 ποίᾳ
3113 733 3327 805 ἐξουσία
3368 735 3546 789 ταῦτα
3590 738 3821 793 ἐποίειὲ

2247 820 2481 892 Ἰησοῦςι
2514 822 2615 876 οὐκ
2653 822 2720 876 ἂν
2748 821 2856 893 γὰρ
2890 823 3241 895 ἀπεκρίνατο,
3269 827 3351 880 ὅτι
3391 831 3449 882 ὲν
3495 832 3563 900 τῇ
3595 830 3699 883 τοῦ
3726 830 3813 884 δια-

2233 912 2388 966 ϐόλου
2425 912 2643 986 ἐξουσίᾳ.
2668 932 2681 945 ·
2708 916 2802 969 καὶ
2833 914 2894 968 οὔ
2927 932 3089 988 φημι,
3119 918 3201 971 ὅτι
3231 920 3261 971 ὁ
3293 920 3491 993 Σωτὴρ
3523 922 3697 976 τοῦτο
3739 924 3819 977 οὐκ

2231 1004 2297 1059 ἂν
2327 1006 2676 1078 ἀπεκρίνατο,
2700 1006 2813 1062 ἀλλ’
2841 1008 2960 1061 οὐδὲ
2985 1028 3004 1060 ι
3029 1010 3059 1061 6
3082 1009 3368 1081 ἄνθρωπος
3395 1013 3500 1084 τῆς
3523 1016 3819 1088 ἁμαρτίας,

2230 1100 2259 1152 6
2288 1099 2682 1171 ἀντικείμενος,
2711 1101 2804 1154 καὶ
2831 1102 3191 1175 ἐπαιρόμενος
3211 1104 3303 1156 ἐπὶ
3323 1104 3504 1159 πάντα
3529 1105 3817 1179 λεγόμενον

2230 1190 2362 1244 Θεὸν
2415 1191 2448 1262 ἢ
2503 1190 2752 1263 σέϐασμα
2785 1211 2804 1245 ι
2838 1194 2981 1246 εἴποι
3030 1193 3097 1247 ἂν
3141 1198 3254 1259 τοῖς
3290 1196 3734 1268 πυνθανομένοις
3770 1202 3819 1253 τὺ

2232 1280 2449 1352 ἀληθὲς,
2480 1281 2561 1333 ὃτι
2593 1283 2649 1334 ὲν
2682 1285 2746 1354 τῇ
2777 1280 2870 1336 τοῦ
2904 1283 3148 1337 διαϐόλου
3186 1284 3404 1359 ἐξουσίᾳ
3446 1292 3602 1341 ποιεί
3651 1293 3817 1344 πᾶσαν

2230 1372 2483 1444 δύναμιν,
2510 1374 2603 1427 καὶ
2632 1378 2852 1446 σημεῖα,
2881 1376 2976 1430 καὶ
3003 1376 3225 1450 τέρατα,
3248 1374 3412 1444 ὲννοῖς
3436 1382 3817 1452 “castiﬁca:-

2230 1485 2338 1530 ται,
2366 1467 2458 1521 καὶ
2480 1466 2873 1541 ἀποπλανήσει,
2898 1470 2945 1522 εί
2970 1468 3213 1534 δυνατὸν,
3235 1473 3328 1525 καὶ
3352 1473 3481 1535 τοὺς
3508 1472 3812 1539 ἐκλεκτούς.

2231 1559 2292 1614 Εἰ
2315 1557 2370 1611 δὲ
2403 1557 2523 1611 οὐδὲ
2552 1559 2763 1623 ἐκεῖνος
2789 1558 2935 1614 εἴποι
2969 1561 3034 1615 ἂν
3069 1564 3126 1615 ὲν
3154 1566 3217 1634 τῇ
3254 1562 3347 1616 τοῦ
3371 1563 3628 1618 διαϐόλου
3674 1567 3815 1632 ἐξου-

2233 1649 2325 1721 σία
2357 1653 2530 1704 ποιεῖν
2557 1649 2628 1704 τὰ
2656 1652 2880 1722 σημεῖα,
2915 1671 2933 1704 ι
2974 1653 3069 1706 καὶ
3100 1657 3170 1708 τὰ
3206 1654 3410 1726 τέρατα
3438 1656 3537 1709 τοῦ
3572 1655 3814 1726 ψεύδους,

2229 1739 2297 1793 τὰ
2324 1742 2379 1794 ὲν
2414 1741 2561 1813 πάσῃ
2598 1741 2782 1814 ἀπάτῃ
2816 1742 3030 1807 ἀδικίας
3060 1748 3169 1808 τοῖς
3209 1745 3610 1817 ἀπολλυμένοκ
3647 1770 3671 1801 ι
3710 1752 3818 1803 ἐπι-

2230 1832 2383 1886 τελού
2393 1850 2547 1904 μενοι,
2593 1834 2745 1905 πόσῳ
2790 1835 2948 1889 πλέον
2982 1839 3011 1889 ό
3044 1837 3231 1909 Σωτὴρ
3270 1840 3370 1892 οὐκ
3405 1839 3493 1906 ἂν,
3526 1843 3579 1893 εἰ
3623 1844 3729 1897 καὶ
3753 1844 3816 1913 μή

543 1932 700 1999 Quod
725 1933 772 1989 si
798 1947 866 1988 ne
892 1933 939 1988 is
965 1932 1186 2002 quidem
1229 1932 1284 1986 in
1325 1938 1594 2001 potestate
1643 1928 1845 1984 diaboli
1875 1928 2038 1983 edere
2068 1942 2124 1983 se

2232 1923 2636 1996 ἀντηρώτησεν,
2680 1926 2809 1981 ἄλλο
2851 1945 2902 1980 τι
2948 1929 3277 1999 ἁπεκρίνατο
3319 1931 3351 2002 ἢ
3401 1931 3484 1984 ὅτι
3518 1935 3582 1986 ἐν
3622 1937 3696 2006 τῇ

545 2026 703 2096 signa
733 2024 1044 2092 conﬁtetur,
1082 2044 1101 2076 ι
1133 2034 1187 2081 et
1222 2024 1469 2095 prodigia
1499 2022 1663 2094 766
1690 2019 1982 2085 mendacii,
2004 2034 2126 2090 quae

545 2120 601 2175 in
632 2120 781 2175 omni
814 2119 1128 2175 seductione
1165 2117 1494 2188 iniquitatis,
1528 2116 1596 2171 iis
1629 2113 1725 2185 qui
1756 2122 1987 2184 pereunt
2010 2113 2077 2178 ⁸⁸,
2102 2131 2120 2165 ι

542 2210 934 2281 perﬁciuntur;
969 2218 1177 2280 quanto
1212 2209 1386 2280 magis
1418 2206 1699 2269 Servator,
1734 2204 1949 2260 etiamsi
1987 2202 2127 2258 reci-

2232 2014 2400 2079 Θεοῧ;
2446 2016 2589 2087 Πρὸς
2628 2016 2685 2069 δὲ
2725 2016 2825 2088 τὴν
2862 2016 3034 2081 οὕτως
3063 2019 3316 2090 προφανῆ
3364 2022 3695 2095 ἀπόκρισιν,
3736 2028 3818 2078 καὶ

2233 2105 2474 2170 ἐκείνους
2510 2105 2893 2173 πυνθάνεσθαι,
2925 2108 3137 2162 καὶτὸν
3161 2110 3390 2182 Σωτῆρα
3425 2113 3499 2184 μὴ
3534 2113 3820 2186 ἀποκρίνει

2236 2202 2380 2269 σθαι,
2410 2200 2602 2274 εὔηθες
2632 2199 2771 2257 εἷναί
2805 2221 2896 2275 μοι
2921 2203 3186 2273 φαίνεται.

545 2318 770 2372 procam
800 2302 1157 2373 quaestionem
1208 2317 1316 2357 non
1347 2300 1674 2371 objecisset,
1720 2298 1867 2353 aliud
1896 2297 2271 2368 respondisset
2320 2297 2476 2364 nihil,
2525 2313 2690 2368 quam
2750 2313 2809 2353 se
2860 2298 2977 2354 haec
3025 2296 3206 2354 facere
3260 2299 3314 2352 in
3356 2298 3449 2353 Dei
3508 2308 3820 2371 potestate?

541 2399 910 2467 Quaestionem
964 2400 1128 2469 igitur
1157 2414 1252 2455 eos
1282 2398 1655 2469 preposuisse,
1691 2396 1756 2451 ad
1786 2410 1950 2466 quam
1983 2393 2161 2449 facilis
2188 2395 2321 2449 adeo
2367 2404 2487 2449 erat
2539 2403 2594 2450 et
2645 2394 2892 2465 expedita
2930 2394 3235 2465 responsio,
3285 2396 3353 2451 ad
3402 2410 3648 2468 eamque
3703 2397 3820 2453 Scr-

539 2505 781 2551 vatorem
836 2511 947 2550 non
992 2495 1360 2566 respondisse,
1415 2494 1469 2549 id
1516 2493 1697 2548 dicere
1739 2492 1953 2547 videtur
1978 2490 2115 2545 mihi
2155 2491 2572 2561 perabsurdum.

609 2587 667 2640 2.
729 2586 857 2641 \‘ide
881 2600 1012 2656 ergo
1039 2600 1219 2640 annon
1246 2585 1361 2639 haec
1404 2583 1475 2639 sit
1507 2583 1672 2653 hujus
1701 2582 1806 2636 loci
1841 2581 2118 2652 signiﬁca-

541 2679 618 2734 tio
651 2698 664 2733 :
701 2678 755 2733 in
785 2678 877 2733 Dei
908 2677 1193 2748 sapientia,
1225 2692 1347 2747 quae
1370 2676 1681 2731 divinarum
1718 2674 2119 2729 humanarum-

539 2786 650 2843 que
695 2786 915 2834 rerum,
965 2780 1021 2825 et
1066 2769 1269 2839 quibus
1315 2768 1420 2822 illa:
1469 2782 1538 2822 ex
1585 2765 1769 2821 causis
1822 2763 2115 2835 proﬂuant,

539 2863 824 2920 scientiam
865 2862 1298 2933 comprehendit,
1332 2860 1603 2930 ejusmodi
1650 2857 1893 2914 thesauri
1936 2857 2118 2912 conti-

540 2964 762 3022 nentur,
791 2955 982 3026 quales
1012 2953 1291 3024 sapientiae
1320 2960 1374 3006 et
1401 2951 1645 3006 scientia:
1677 2950 1969 3005 thesauros
1996 2961 2118 3003 esse

538 3044 694 3099 decet
721 3044 799 3111 ³⁷;
850 3059 917 3099 ac
952 3044 990 3097 ii
1023 3044 1243 3115 quidem
1281 3050 1410 3097 sunt
1452 3039 1757 3096 absconditi
1791 3057 1804 3092 :
1843 3048 1896 3093 et
1918 3038 1964 3093 si
1998 3036 2123 3107 quis

536 3136 738 3206 dignus
771 3136 992 3190 habitus
1039 3144 1122 3191 est
1146 3134 1238 3205 qui
1276 3153 1296 3186 ι
1331 3133 1517 3189 audiat
1545 3147 1743 3187 arcana
1770 3131 1956 3197 verba,
2001 3143 2124 3199 quae

540 3244 651 3284 non
677 3229 804 3283 licet
829 3211 1218 3296 homini‘loqui
1242 3228 1286 3259 ³⁸
1308 3265 1322 3291 ,
1364 3246 1383 3279 ι
1417 3226 1464 3281 is
1498 3223 1817 3294 cognoverit
1851 3242 1870 3274 ι
1902 3221 2122 3292 sapien-

540 3319 673 3372 tiam
701 3319 755 3371 in
789 3318 1048 3389 mysterio
1084 3317 1481 3383 absconditam,
1522 3332 1681 3387 quam
1717 3313 2125 3386 praedestinavit

2295 2580 2509 2652 Μήποτ’
2535 2575 2629 2635 οὖν
2658 2578 2728 2634 τὰ
2748 2580 2889 2634 κατὰ
2914 2582 3006 2635 τὸν
3025 2583 3186 2636 τόπον
3213 2582 3416 2638 τοιαῦτ’
3449 2583 3607 2637 ἐστίν
3637 2600 3652 2613 ·
3680 2584 3815 2650 ὲντῇ

2227 2671 2389 2743 σοφίᾳ
2405 2670 2501 2725 τοῦ
2515 2670 2650 2725 Θεοῦ
2664 2672 2995 2746 περιεχούσῃ
3010 2674 3315 2747 ἐπιστήμην
3332 2673 3491 2728 θείων
3507 2675 3609 2729 καὶ
3622 2674 3820 2745 ἀνθρω-

2226 2765 2396 2819 πίνων
2420 2764 2783 2836 πραγμάτων,
2804 2766 2900 2820 καὶ
2915 2766 3025 2821 τῶν
3043 2766 3246 2820 τούτων
3265 2767 3594 2831 αἰτιῶν,εξσὶ
3615 2766 3818 2838 θησαυ-

2228 2856 2332 2928 ροὶ,
2350 2855 2567 2919 ὁποίους
2587 2855 2668 2908 δεῖ
2678 2854 2818 2910 εἶναι
2829 2858 2955 2920 τοὺς
2970 2857 3067 2928 τῆς
3084 2857 3273 2927 σοφίας
3288 2856 3603 2930 θησαυροὺς
3616 2857 3819 2926 καὶτῆς

2227 2946 2501 3016 γνώσεως·
2533 2947 2628 3000 καὶ
2654 2949 2792 3001 εἰσιν
2822 2944 2968 3002 οὗτοι
2993 2949 3322 3019 ἀπόκρυφον
3356 2950 3449 3003 καὶ
3475 2952 3530 3003 ετ
3549 2968 3643 3014 τις
3674 2950 3817 3003 ἐστὶν

2231 3041 2510 3108 ἀξιωθεὶς(
2531 3041 2726 3095 εἰδέναι
2742 3042 2812 3095 τὰ
2829 3043 3042 3114 ἄρρητα
3061 3044 3282 3116 ῥήματα
3306 3043 3342 3098 ἃ
3362 3044 3460 3096 οὐκ
3482 3043 3707 3108 ἔξεστιν
3730 3045 3819 3098 ἀν-

2226 3131 2429 3204 θρώπῳ
2461 3131 2744 3201 λαλῆσαι,ι
2767 3131 2933 3204 εἰδείη
2953 3132 3020 3186 ἂν
3056 3151 3073 3182 ι
3094 3133 3193 3203 τὴν
3211 3135 3269 3185 ἐν
3301 3133 3588 3205 μυστηρίῳ
3624 3134 3818 3204 σοφίαν

2226 3225 2321 3296 τὴν
2336 3224 2617 3299 ἀποκεκρυ
2626 3222 2856 3295 μμένην,
2873 3223 2939 3294 ἢν
2953 3222 3256 3296 προώρισεν
3268 3227 3296 3278 ὀ
3306 3224 3434 3287 Θεὸς
3444 3225 3554 3296 πρὸ
3564 3225 3687 3279 τῶν
3698 3224 3819 3278 αἰώ-

2226 3334 2332 3370 νων
2358 3319 2439 3380 είς
2449 3316 2606 3383 δόξαν
2631 3337 2649 3368 ι
2666 3316 2774 3369 τῶν
2787 3314 3028 3370 δικαίων.
3044 3317 3194 3371 Εἰσὶν
3208 3312 3300 3371 οὖν
3316 3319 3370 3370 ὲν
3381 3320 3493 3380 τοῖς
3502 3317 3607 3387 τῆς
3622 3318 3817 3387 σοφίας

542 3407 687 3464 Deus
711 3418 837 3464 ante
867 3409 1065 3464 saecula
1096 3410 1149 3462 in
1179 3410 1409 3478 gloriam
1448 3427 1467 3460 ι
1508 3408 1783 3478 justorum
1811 3408 1877 3461 ³⁸.
1948 3407 2002 3460 In
2038 3422 2123 3461 rc-

2232 3409 2438 3479 καὶτῆς
2471 3408 2724 3478 γνώσεως
2757 3407 3099 3481 ὰποκρύφοις
3123 3408 3413 3482 Θησαυροῖς
3438 3409 3589 3478 λόγοι
3628 3410 3816 3480 βαθεῖς

542 3499 777 3555 conditis
819 3513 951 3570 ergo
1000 3496 1282 3569 sapientia:
1306 3508 1360 3553 et
1394 3499 1636 3554 scientia:
1685 3498 1958 3554 thesauris
1985 3512 2111 3569 pro-

540 3590 711 3645 funda
753 3590 1020 3647 delitescit
1050 3598 1105 3645 et
1136 3605 1335 3647 arcana
1377 3590 1621 3646 doctrina
1657 3590 1725 3646 de
1752 3590 1984 3646 diversis
2016 3605 2117 3660 po-

541 3681 830 3738 testatibus
854 3723 870 3749 ,
898 3698 1021 3753 quae
1048 3682 1349 3754 generatim
1396 3682 1615 3753 quidem
1645 3681 1767 3737 duae
1798 3690 1966 3749 sunt,
1994 3697 2119 3748 spe-

539 3775 724 3841 ciatim
750 3790 879 3832 vero
918 3774 975 3831 in
1021 3784 1251 3845 utraque
1281 3774 1494 3830 illarum
1525 3774 1707 3845 plures
1733 3783 1786 3829 et
1811 3774 2119 3843 incompre-

2225 3502 2320 3554 καὶ
2364 3501 2664 3573 ἀπόρρητοι
2693 3501 2822 3572 περὶ
2840 3500 3113 3573 διαφόρων
3130 3501 3405 3568 ἐξουσιῶν,
3435 3503 3679 3571 γενικῶς
3716 3506 3813 3574 μὲν

2226 3593 2338 3657 δύο,
2364 3593 2547 3657 ίδικῶς
2568 3592 2763 3647 δὲκαθ’
2791 3593 3057 3666 ἑκατέραν
3076 3595 3186 3647 τῶν
3200 3593 3292 3647 δύο
3317 3592 3557 3659 πλείονες
3569 3596 3811 3650 741596-

2227 3686 2509 3759 θεώρητοι.
2540 3689 2604 3740 Δί
2642 3686 2699 3739 δὲ
2738 3688 2956 3756 γενικαὶ
2979 3686 3073 3740 δύο
3097 3685 3337 3752 ἐξουσίαι
3361 3686 3606 3742 τοιαῦταί
3631 3689 3776 3742 εἰσιν
3792 3704 3806 3718 ’

2225 3780 2281 3832 αἱ
2333 3779 2431 3850 μέν
2472 3781 2578 3832 εἰσι
2624 3777 2719 3833 τοῦ
2766 3781 3073 3852 κρείττονος
3124 3779 3429 3851 τάγματος’
3482 3781 3577 3836 καὶ

539 3870 839 3925 heusibiles
863 3870 1234 3925 continentur.
1277 3867 1439 3926 Tales
1469 3877 1652 3924 autem
1682 3877 1810 3924 sunt
1836 3868 2119 3939 generales

2232 3871 2359 3924 εἰσὶν
2406 3870 2682 3943 ἄνθρωποι
2721 3871 2856 3925 Θεοῦ
2904 3872 3004 3943 οὐχ
3047 3873 3097 3924 οἱ
3137 3874 3407 3944 τυχόντες,
3439 3875 3533 3927 καὶ
3578 3873 3805 3944 ἄγγελοι

540 3964 647 4019 illae
691 3964 812 4019 duae
860 3972 1156 4035 potestates
1204 3983 1217 4018 :
1254 3964 1373 4018 alia:
1418 3964 1474 4018 in
1508 3963 1875 4035 praestantiori
1927 3962 2121 4017 ordine

2232 3966 2359 4021 Βεοῦ
2398 3967 2678 4039 μακάριοι,
2709 3967 2803 4019 καὶ
2836 3967 3110 4038 προφῆται
3150 3967 3245 4020 τοῦ
3281 3968 3414 4021 Θεοῦ
3443 3968 3805 4040 θεοφορούμε-

537 4067 864 4125 censentur;
917 4067 970 4112 et
1018 4056 1478 4127 quemadmodum
1514 4056 1737 4127 quidam
1784 4064 1912 4110 sunt
1944 4054 2122 4109 homi-

2232 4074 2334 4111 νοιο
2365 4056 2538 4121 οὕτως
2583 4057 2688 4110 είσί
2732 4073 2874 4120 τινες
2918 4056 3158 4121 ἐξουσίαι
3185 4057 3279 4112 τοῦ
3316 4058 3475 4124 Θεοῦ,
3506 4059 3634 4133 περὶ
3666 4056 3744 4114 ὧν
3773 4062 3802 4113 6

540 4164 638 4206 nes
668 4148 763 4206 Dei
800 4164 911 4205 non
937 4150 1188 4215 vulgares
1208 4189 1224 4215 ,
1271 4157 1324 4205 et
1357 4148 1535 4220 angeli
1571 4146 1663 4203 Dei
1695 4147 1878 4215 beati,
1915 4157 1969 4202 et
1995 4162 2124 4218 pro-

2237 4149 2559 4214 Ἀπόστολος
2614 4149 2848 4221 Χριστὸν
2898 4148 3190 4221 δοξολογῶν
3239 4149 3386 4220 λέγει
3437 4152 3496 4205 ὲν
3546 4155 3609 4224 τῇ
3666 4152 3800 4224 πρὸς

1733 4262 1966 4319 VETUS
2004 4259 2586 4319 INTERPRETATIO.

539 4380 891 4455 responderet
927 4383 1073 4453 quod
1110 4392 1227 4439 erat
1264 4399 1451 4440 verum
1478 4426 1493 4449 ,
1534 4384 1793 4455 quoniam
1836 4384 1889 4439 in
1932 4391 2200 4455 potestate
2236 4383 2436 4455 diaboli
2494 4382 2625 4438 facit
2661 4384 3118 4455 omnesrvirtutes
3143 4425 3159 4452 ,
3186 4381 3266 4455 ret'
3292 4382 3445 4453 signa
3470 4424 3486 4447 ,
3522 4391 3578 4439 et
3610 4384 3796 4455 prodi-

539 4454 626 4535 gia
650 4492 665 4515 .
709 4454 909 4535 quibus
945 4454 1170 4535 seducat
1193 4453 1597 4535 ,__si_possibi_le
1630 4467 1751 4535 _est_,
1789 4465 1843 4511 et
1879 4453 2080 4535 electos
2103 4454 2234 4535 Dei:
2319 4453 2683 4535 Sioergohne-c
2723 4454 2811 4535 ille
2848 4454 3050 4535 diceret
3085 4470 3144 4509 se
3181 4454 3237 4508 in
3276 4462 3545 4524 potestate
3594 4453 3793 4535 diaboli

539 4524 719 4597 facere
761 4542 779 4573 t
826 4525 980 4597 signa
1018 4533 1073 4597 et
1110 4524 1357 4596 prodigia
1397 4526 1681 4582 mendacia
1720 4527 1773 4581 in
1816 4528 1989 4597 omni
2026 4526 2343 4582 seductione
2394 4524 2697 4595 iniquitatis
2736 4525 2822 4597 his
2859 4526 2963 4597 qui
2992 4534 3250 4597 pereunt,
3302 4544 3321 4576 ι
3382 4537 3587 4597 quanto
3620 4528 3791 4597 magis

541 4592 806 4647 Dominus
845 4602 899 4666 et
928 4592 1204 4666 Salvator
1249 4592 1593 4666 n'equaquam
1618 4637 1632 4660 ,
1692 4598 1794 4653 etsi
1831 4613 1939 4651 non
1980 4596 2371 4666 interrogasset
2411 4592 2635 4650 econtra
2659 4636 2674 4660 ,
2719 4592 2893 4666 aliud
2918 4592 3124 4665 aliquid
3161 4592 3517 4666 responderet
3540 4636 3556 4660 ,
3597 4597 3692 4650 nisi
3710 4592 3787 4649 vin

540 4670 812 4737 potestate
847 4662 981 4718 Dei?
1019 4664 1101 4737 Ad
1140 4665 1300 4737 talem
1336 4662 1469 4737 ergo
1507 4666 2011 4737 manifestissimam
2052 4662 2327 4737 rationem
2363 4665 2583 4732 horum,
2622 4674 2683 4737 et
2715 4665 2838 4720 illos
2878 4662 3236 4736 interrogare,
3255 4662 3330 4719 _et
3365 4665 3637 4725 Christum
3676 4680 3787 4719 non

540 4730 907 4807 respondere,
969 4735 1103 4789 satis
1143 4736 1275 4807 utile
1313 4730 1444 4791 milii
1487 4738 1720 4793 videtur.
1798 4736 1854 4793 Si
1892 4738 2018 4807 quis
2057 4746 2237 4791 autem
2279 4735 2462 4807 dicat,
2522 4730 2782 4807 quoniam
2823 4750 2931 4807 non
2976 4730 3383 4807 interrogabant
3422 4736 3683 4805 principes
3714 4746 3783 4807 ut

538 4803 821 4877 audientes
844 4804 1151 4877 discerent,
1176 4806 1271 4877 sed
1311 4818 1370 4862 ut
1404 4807 1557 4861 illum
1600 4817 1865 4864 terrerent
1906 4803 1924 4862 Ξ
1964 4816 2152 4877 utputa
2179 4848 2193 4873 ,
2237 4807 2285 4862 si
2324 4806 2455 4861 facit
2493 4803 2693 4876 aliquis
2731 4806 2875 4876 quod
2912 4806 3070 4861 nobis
3110 4803 3219 4860 non
3259 4803 3439 4877 placet
3477 4807 3531 4861 in
3569 4803 3781 4877 nostris,

538 4873 772 4929 dicimus
809 4874 860 4929 ei
901 4892 916 4946 ξ
958 4874 1093 4942 Quis
1133 4884 1183 4930 te
1214 4876 1383 4946 jussit
1419 4879 1525 4933 hoc
1559 4878 1779 4935 facere?
1833 4894 1941 4933 non
1982 4873 2227 4933 volentes
2266 4877 2494 4943 audire,
2556 4873 2650 4932 sed
2708 4873 2832 4932 eum
2873 4884 3141 4931 terrentes
3165 4915 3180 4940 ,
3220 4873 3281 4931 ιιὶ
3319 4876 3411 4930 ille
3448 4878 3623 4932 sciens
3653 4875 3779 4945 quia

538 4958 701 5018 nemo
736 4960 860 4999 eum
897 4945 1125 5018 juSsit,
1139 4945 1359 5018 recedat
1396 4949 1466 5002 ab
1496 4961 1621 5004 actu
1663 4968 1676 5003 :
1718 4950 1799 5005 sic
1834 4960 1887 5004 et
1924 4949 2194 5018 principes
2254 4947 2662 5018 interrogabant
2718 4946 3012 5002 Dominum
3073 4955 3336 5018 terrentes
3395 4948 3574 5016 potius
3623 4960 3777 5018 quam

539 5014 975 5089 interrogantes,
1018 5029 1077 5071 ut
1104 5017 1204 5089 ille
1241 5019 1399 5087 quasi
1452 5020 1635 5076 sciens
1676 5035 1734 5075 se
1773 5036 1883 5074 non
1926 5014 1979 5073 in
2023 5014 2289 5089 potestate
2324 5017 2419 5071 Dei
2459 5014 2561 5072 hoc
2598 5032 2797 5089 agere,
2860 5024 3103 5089 cessaret
3138 5017 3207 5071 ab
3241 5014 3428 5087 opere.
3508 5018 3608 5089 Sed
3636 5014 3777 5089 iquid

579 5086 690 5158 uod
722 5085 777 5140 et
809 5085 1060 5143 Christus
1100 5088 1174 5142 ita
1212 5085 1536 5158 respondit?
1579 5108 1597 5141 ι
1631 5090 1802 5146 Dicite
1838 5090 1971 5144 mihi
2008 5085 2107 5144 vos
2147 5089 2271 5153 hoc,
2313 5098 2365 5142 et
2400 5102 2499 5158 ego
2538 5085 2698 5143 vobis
2735 5088 2857 5142 dico
2890 5088 2945 5141 in
2975 5103 3083 5158 qua
3110 5085 3379 5157 potestate
3413 5089 3529 5144 haec
3566 5087 3711 5142 facio.
3748 5103 3770 5135 ι

592 5157 720 5228 uiod_
735 5173 1016 5228 nunquam
1056 5159 1261 5214 diceret
1297 5157 1478 5225 Jesus,
1520 5161 1566 5217 si
1604 5177 1698 5217 eos
1739 5176 1847 5215 non
1889 5160 2131 5215 discendi
2170 5175 2357 5223 causa,
2402 5157 2495 5213 sed
2536 5157 2795 5223 terrendi,
2834 5157 3169 5228 interrogare
3208 5159 3493 5213 sensisset.

606 5227 660 5282 2.
705 5225 837 5284 Vide
869 5225 1001 5299 ergo
1028 5245 1095 5284 ne
1128 5228 1266 5302 forte
1298 5230 1625 5302 intelligatur
1650 5233 1730 5287 sic
1758 5232 1848 5285 hic
1884 5232 2059 5302 locus.
2126 5227 2589 5302 Suntupotestates
2617 5229 2872 5302 diversa,
2907 5244 3031 5302 qua:
3049 5225 3380 5302 generaliter
3408 5228 3622 5302 quidem
3648 5238 3772 5302 sunt

535 5297 658 5369 duae
683 5316 695 5351 :
735 5314 842 5353 una
875 5297 956 5353 ex’
973 5309 1123 5368 parte
1147 5299 1277 5364 Dei,
1316 5297 1497 5356 altera'
1518 5318 1584 5357 ex
1615 5310 1768 5369 parte
1796 5300 1996 5356 diaboli
2032 5319 2045 5355 :
2074 5297 2377 5369 specialiter
2407 5308 2588 5353 autem
2612 5299 2817 5369 plures,
2856 5307 2911 5354 et
2928 5297 3440 5368 incomparabilem
3478 5298 3556 5352 De
3585 5297 3773 5368 quibus

536 5319 695 5353 uuas:
735 5319 842 5353 una
875 5319 941 5353 ex
973 5319 1123 5368 parte
1147 5319 1239 5354 UB]
1262 5340 1277 5364 ,
1316 5319 1484 5356 altera
1518 5319 1584 5357 ex
1651 5319 1768 5357 arte
1796 5319 1996 5356 (113001!
2032 5319 2045 5355 ζ
2074 5319 2377 5369 speetaluer
2407 5319 2588 5353 autem
2612 5319 2817 5369 plures,
2856 5319 2911 5354 BI
2942 5319 3419 5368 lllCOlﬂpal'aDIICS.
3479 5319 3556 5352 ue
3585 5319 3772 5368 quur-3

536 5364 831 5442 Apostolus
859 5368 1138 5442 Christum
1167 5371 1478 5442 gloriticans
1509 5319 1702 5429 scribit
1734 5373 1799 5427 ad
1826 5372 2199 5435 Colessenses,
2229 5370 2415 5442 dicens
2448 5370 2640 5442 omnia
2664 5370 2717 5424 in
2747 5384 2813 5425 eo
2843 5383 2967 5425 esse
2993 5379 3198 5442 secreta
3231 5384 3355 5439 quae
3396 5370 3451 5442 in
3476 5370 3621 5425 calis
3648 5372 3772 5420 sunt

536 5448 591 5491 et
620 5441 671 5491 in
701 5440 886 5509 terris,
916 5441 1028 5495 sive
1077 5439 1343 5507 visi’bilia,
1377 5444 1491 5498 sive
1518 5443 1807 5498 invisibilia
1828 5483 1844 5508 ,
1875 5443 1989 5497 sive
2018 5442 2206 5506 sedes,
2242 5441 2358 5496 sive
2383 5440 2814 5505 dominationes,
2849 5442 2962 5495 sive
2997 5439 3334 5509 principatus
3353 5478 3370 5504 ,
3405 5441 3521 5495 sive
3547 5446 3773 5509 potestat-

539 5507 998 5594 tesLNon‘disit
1019 5527 1195 5594 unum
1222 5506 1612 5594 principatum,
1644 5523 1739 5594 aut
1761 5506 1926 5594 unam
1959 5512 2410 5594 dominationem,
2437 5523 2749 5594 autunam
2766 5510 2973 5576 sedem,
3000 5506 3282 5594 aut‘uiiam
3313 5506 3771 5594 potestatem,st

538 5578 756 5653 multas.
798 5578 865 5633 Et
896 5581 1036 5653 sicut
1066 5591 1193 5638 sunt
1221 5578 1275 5637 in
1308 5578 1462 5653 parte
1496 5582 1613 5650 Dei,
1642 5584 1718 5638 ita
1749 5592 1877 5638 sunt
1905 5584 1957 5636 in
1985 5592 2137 5652 parte
2168 5582 2368 5636 diaboli
2396 5582 2553 5635 multi
2577 5581 2937 5653 principatus,
2968 5581 3153 5635 multa:
3191 5578 3507 5653 potestates,
3535 5579 3660 5634 sicut
3684 5583 3769 5629 te-

539 5657 714 5720 statur
726 5649 1021 5720 Apostolus
1037 5653 1225 5710 dicens
1253 5672 1266 5709 :
1307 5649 1456 5709 (Non
1479 5664 1564 5710 cst
1585 5654 1743 5710 nobis
1765 5649 2075 5710 colluctatio
2104 5667 2229 5708 cum
2253 5667 2414 5709 carne
2437 5660 2492 5708 et
2513 5649 2802 5722 sanguine,
2830 5652 2925 5708 sed
2952 5649 3213 5707 adversus
3239 5652 3585 5722 principatus,
3596 5656 3641 5703 et
3667 5658 3769 5715 po-

608 5786 720 5867 _“dll
753 5788 946 5867 Thess_.
972 5808 1032 5862 ιι,
1063 5795 1118 5850 4.
1197 5796 1241 5830 ³⁸
1267 5796 1434 5859 Marc.
1468 5813 1586 5867 xm,
1618 5796 1710 5854 9.2.
1809 5796 1854 5830 ⁸⁸
1887 5795 1928 5851 ΙΙ
1956 5793 2124 5854 Thess

2233 5838 2247 5865 ,
2281 5796 2336 5866 9,
2372 5796 2457 5854 10.
2555 5799 2598 5832 ³⁷
2628 5796 2844 5853 Coloss.
2867 5809 2932 5863 ιι,
2956 5794 3008 5851 3.
3088 5793 3133 5827 ³⁸
3167 5791 3210 5848 ιι
3236 5791 3365 5848 Cor.
3392 5806 3486 5857 ιιι,
3515 5790 3563 5844 4.

1809 5796 1854 5830 ⁸⁸
1887 5795 1928 5851 ll
1956 5793 2151 5854 Thess.
2186 5812 2247 5865 ιι,
2281 5796 2336 5866 9,
2372 5796 2457 5854 10.

536 5857 619 5912 ³⁹Ι
650 5860 775 5915 Cor.
815 5878 876 5929 ιι,
913 5863 963 5918 7.

2853 6046 2968 6055 ...ρ-
