3962 6564
164 447 313 506 H77

1096 448 1449 505 COMMENT.
1490 447 1557 503 ΙΝ
1597 442 2013 503 ΜΑΤΤΗᾸΞἪΙΙ
2054 443 2296 500 TOMUS
2333 443 2501 503 XVII.

3295 451 3433 510 H78

163 568 511 629 Κολασσαεῖς
526 565 660 639 (51),
685 567 788 622 ὅτι·
822 587 839 620 t
868 567 1099 624 Ἐστινό
1118 569 1306 644 Σωτὴρ
1322 571 1484 625 εἰκὼν
1510 571 1600 625 τοῦ
1627 570 1752 624 Θεοῐ

1868 565 2041 634 pheta:
2068 565 2162 621 Dei
2209 567 2392 622 divino
2441 565 2646 636 Spiritu
2680 566 2875 636 amati;
2925 569 2995 625 ita
3032 573 3276 643 quaedam
3305 584 3435 632 sunt

163 657 267 713 τοῦ
297 660 553 731 ἀοράτου,
584 659 935 732 Πρωτότοκος
969 661 1147 733 πάσης
1174 663 1422 726 κτίσεως.
1459 665 1517 716 ἐν
1614 664 1756 718 ἐκτί-

168 750 278 821 σθη
322 751 392 805 τά
436 751 614 805 πάντα
664 754 722 804 ἐν
771 755 885 815 τοῖς
929 753 1180 824 οὐρανοῖς
1223 754 1316 807 καὶ
1349 755 1440 807 ἐπὶ
1488 755 1586 826 τῆς
1630 755 1755 824 γῆς,

166 845 284 898 εἴτε
304 845 498 917 ὁρατὰ,
529 845 640 898 εἴτε
668 845 895 917 ἀόρατα,
924 847 1032 901 εἴτε
1055 847 1250 919 θρόνοι.
1279 847 1389 900 εἴτε
1417 849 1755 920 κυριότητες,

167 937 284 993 εἴτε
316 938 506 1011 ἀρχαὶ,
538 939 648 992 εἴτε
683 940 951 1006 ἐξουσίαι·
986 940 1055 994 τὰ
1096 941 1273 995 πάντα
1319 942 1387 995 δι’
1435 941 1619 1006 αὑτοῦ,
1662 945 1757 997 καὶ

168 1031 255 1094 εἰς
298 1030 462 1085 αὐτὸν
504 1030 783 1084 ἔκτισται·
828 1031 920 1083 καὶ
960 1027 1124 1093 αὑτός
1153 1032 1268 1084 ἐστι
1303 1032 1409 1102 πρὸ
1448 1031 1686 1086 πάντων.
1729 1050 1748 1083 ι

175 1126 278 1179 Ἓν
294 1121 387 1180 οὖν
416 1123 554 1191 εἶδος
582 1125 690 1181 τῶν
710 1126 814 1180 ὑπὸ
828 1127 919 1181 τὸν
938 1127 1090 1194 Θεὸν,
1110 1129 1165 1181 αἱ
1185 1130 1241 1181 ἐν
1264 1129 1488 1202 Χριστῷ
1517 1130 1756 1185 κτισθεῖ-

173 1230 269 1267 σαι
298 1214 556 1281 ἐξουσίαι,
585 1214 769 1289 ἕτεραι
809 1217 960 1289 παρά
993 1221 1092 1282 τάς
1122 1217 1317 1292 ἀρχάς,
1355 1220 1450 1274 καὶ
1477 1222 1602 1286 τοὺς
1633 1222 1758 1296 θρό-

171 1324 323 1373 νους,
358 1308 452 1363 καὶ
476 1310 575 1374 τὰς
605 1310 933 1382 κυριότητας
951 1327 965 1340 ·
988 1312 1081 1365 καὶ
1109 1313 1314 1383 ἑκάστη
1345 1313 1648 1381 ἐξουσιάζει
1675 1334 1756 1370 τι-

170 1399 306 1465 νῶν,
340 1400 645 1472 τεταγμένη
682 1401 788 1454 ὑπὸ
818 1402 909 1455 τοῦ
945 1402 1079 1457 Θεοῦ
1112 1403 1255 1458 κατά
1290 1422 1411 1459 τινα
1441 1406 1755 1480 ἀπόρρητον

169 1492 335 1558 ἀξίαν
366 1492 594 1547 ἐπὶτῶν
637 1493 802 1558 ἀξίων
849 1495 1257 1561 ἐξουσιάζεσθαι
1308 1498 1448 1552 κατά
1496 1500 1594 1571 τὴν
1641 1501 1756 1554 δια-

170 1586 350 1658 φορὰν
384 1586 559 1640 αὐτῶν
592 1586 697 1640 ὑπὸ
724 1588 958 1660 ἑκάστην
987 1588 1096 1643 τῶν
1126 1589 1404 1655 ἐξουσιῶν.
1448 1592 1560 1646 Καὶ
1586 1593 1753 1658 πολὺς

168 1677 242 1731 ἂν
266 1681 296 1733 6
323 1679 477 1747 λόγος
505 1680 599 1733 καὶ
626 1678 1056 1753 δυσερμήνευτος
1086 1682 1168 1754 εῐη
1198 1681 1325 1755 περὶ
1349 1681 1457 1739 τῶν
1484 1686 1625 1740 κατά
1655 1685 1753 1750 τὰς

169 1768 424 1836 ἐξουσίας
453 1769 679 1835 ταύτας,
707 1770 801 1823 καὶ
833 1770 942 1825 τῶν
970 1771 1431 1843 ἐξουσιαζομένων
1461 1774 1552 1829 ὑπ’
1575 1776 1752 1829 αὐτῶν
1796 1789 1805 1796 ·

169 1863 539 1934 πραγμάτων.
579 1863 665 1927 Ὡς
697 1863 754 1917 δὲ
784 1863 889 1916 εἰσί
920 1880 1062 1928 τινες
1095 1864 1331 1929 ἐξουσίαι
1358 1866 1451 1919 τοῦ
1476 1867 1632 1931 Θεοῦ,
1659 1868 1751 1922 οῦ-

1859 658 1952 713 Dei
1989 668 2303 728 potestates,
2341 659 2409 713 de
2436 659 2636 729 quibus
2663 657 2940 715 Christum
2973 664 3250 722 celebrans
3286 667 3435 739 Apo-

1859 750 2033 806 stolus
2083 751 2136 805 in
2185 750 2424 821 Epistola
2459 751 2527 808 ad
2553 751 2908 809 (Iolossenses
2935 756 3013 810 ait
3036 757 3116 823 “,
3172 762 3433 830 quoniam

1860 837 2120 895 Servator
2160 859 2179 893 ι
2213 849 2297 896 est
2333 840 2514 914 imago
2549 840 2643 898 Dei
2673 843 2986 911 invisibilis,
3038 849 3434 921 primogenitus

1809 938 1822 953 '
1856 932 2037 986 omnis
2059 941 2326 989 creaturae
2359 953 2372 988 :
2412 935 2465 989 in
2497 951 2606 1006 quo
2634 937 2852 994 condita
2891 948 3021 996 sunt
3066 943 3343 1009 universa,
3376 944 3432 999 in

1855 1024 2007 1079 ccelis
2040 1033 2095 1079 et
2126 1025 2180 1079 in
2216 1034 2381 1093 terra,
2420 1028 2534 1085 sive
2558 1030 2792 1086 visibilia
2816 1073 2830 1099 ,
2890 1043 2945 1088 et
2976 1033 3293 1100 invisibilia,
3319 1036 3434 1092 sive

1854 1116 2072 1183 throni,
2119 1118 2235 1174 sive
2260 1120 2698 1191 dominationes,
2748 1123 2863 1180 sive
2892 1124 3266 1197 principatus,
3318 1128 3434 1184 sive

1854 1218 2169 1277 potestates,
2196 1212 2380 1267 omnia
2413 1229 2509 1282 per
2532 1214 2735 1285 ipsum,
2753 1226 2808 1271 et
2837 1216 2891 1271 in
2917 1218 3035 1288 ipso
3056 1228 3238 1275 creata
3264 1228 3430 1276 sunt:

1852 1309 1906 1356 et
1936 1301 2051 1372 ipse
2092 1311 2175 1359 est
2226 1311 2351 1359 ante
2397 1320 2610 1363 omnes.
2652 1327 2671 1359 ι
2730 1307 2909 1364 Unum
2944 1311 3109 1382 igitur
3139 1327 3312 1382 genus
3349 1321 3435 1367 est

1852 1407 2041 1447 earum
2077 1410 2198 1465 quae
2221 1397 2324 1452 sub
2355 1397 2466 1453 Deo
2497 1400 2809 1456 constitutae
2843 1411 2990 1465 sunt,
3013 1412 3209 1459 creatae
3239 1419 3434 1474 nempe

1855 1485 1908 1539 in
1936 1486 2157 1542 Christo
2183 1498 2510 1558 potestates,
2557 1507 2588 1547 a
2632 1493 3059 1564 principatibus,
3106 1504 3161 1549 et
3196 1495 3428 1559 thronis,

1851 1585 1913 1631 et
1930 1577 2398 1637 dominationibus
2440 1582 2669 1639 diversae
2696 1602 2708 1639 :
2743 1593 2797 1640 et
2824 1602 3165 1658 unaquaeque
3188 1596 3431 1658 potesta-

1854 1678 1960 1723 tem
2013 1670 2175 1726 habet
2216 1671 2272 1727 in
2308 1673 2485 1742 aliqua
2507 1716 2523 1742 ,
2561 1691 2589 1729 a
2621 1675 2732 1731 Deo
2766 1677 2923 1747 juxta
2948 1693 3203 1734 arcanam
3235 1693 3430 1749 quam-

1852 1762 1976 1816 dam
2004 1763 2320 1834 dignitatem
2343 1768 2639 1823 constituta
2661 1784 2826 1839 supra
2850 1786 2913 1826 ea
2938 1786 3059 1842 qua:
3083 1772 3247 1843 digna
3276 1780 3425 1836 sunt,

1858 1855 2018 1925 767
2050 1864 2107 1910 ut
2135 1856 2430 1930 unicuique
2459 1875 2490 1915 e
2518 1862 2879 1931 potestatibus
2913 1878 3012 1933 pro
3035 1864 3152 1919 suis
3179 1863 3432 1920 differen-

168 1972 284 2018 τως
307 1956 411 2008 eici.
432 1956 526 2009 καὶ
551 1957 789 2010 ἐναντίαι
818 1956 1079 2026 ἀνάλογον
1106 1961 1220 2023 τοῖς
1240 1958 1339 2030 τῆς
1368 1960 1642 2032 ἁμαρτίας
1660 1964 1752 2018 άν-

1856 1946 1944 2002 tiis
1970 1947 2186 2003 subdita
2220 1951 2360 2027 sint.
2405 1950 2483 2007 Ac
2516 1952 2583 2007 de
2612 1953 2775 2009 rebus
2803 1955 3022 2025 quidem
3067 1956 3132 2011 ad
3158 1970 3252 2011 eas
3276 1968 3430 2027 pote-

168 2045 416 2119 θρώποις
446 2047 537 2100 καὶ
567 2050 679 2112 τοῖς
703 2049 956 2117 ἀγγέλοις
983 2047 1077 2102 τοῦ
1102 2048 1345 2104 διαϐόλου
1367 2068 1379 2080 °
1422 2053 1517 2105 καὶ
1542 2051 1658 2106 ἔστι
1689 2070 1751 2122 γε

164 2144 287 2205 τοῖς
317 2140 511 2213 μηκέτι
539 2141 676 2213 πρὸς
705 2136 845 2213 αἷμα
886 2143 981 2197 καὶ
1012 2146 1189 2216 σάρκα
1224 2144 1571 2212 παλαίουσιν,
1615 2147 1753 2203 ἀλλά

165 2231 260 2285 διὰ
308 2232 370 2286 τὸ
413 2233 880 2305 ἐπαναϐεϐηκέναι
920 2238 987 2306 τῇ
1034 2236 1261 2307 δυνάμει
1304 2236 1442 2309 πρὸς
1482 2237 1551 2292 τά
1610 2240 1752 2312 ὑπὲρ

163 2325 346 2379 ταῦτα
375 2324 797 2398 ἀγωνιζομένοις
821 2369 835 2396 ,
866 2330 898 2400 ἡ
925 2328 1069 2401 πάλη
1104 2330 1241 2402 πρὸς
1268 2331 1367 2395 τὰς
1395 2333 1752 2402 ἀνταγωνιζο-

171 2415 349 2486 μένας
371 2419 483 2480 τοῖς
514 2416 771 2489 ἀθληταῖς
800 2418 900 2489 τῆς
936 2418 1247 2485 θεοσεϐείας
1279 2422 1542 2489 ἐξουσίας.
1584 2425 1670 2488 Ὡς
1696 2424 1752 2479 δὲ

168 2504 399 2559 πλείονα
427 2506 683 2577 τάγματα
718 2504 785 2581 ἦν
814 2508 919 2562 ὑπὸ
943 2511 1035 2565 τὸν
1070 2511 1231 2578 Θεὸν,
1270 2512 1443 2579 οὕτως
1475 2516 1570 2568 καὶ
1600 2518 1656 2569 ἐν
1684 2519 1748 2589 τῇ

168 2593 395 2666 ἐναντίᾳ
438 2594 592 2669 χώρᾳ
639 2599 701 2652 οὐ
758 2600 918 2671 μόνον
965 2600 1203 2668 ἐξουσίαι
1257 2604 1428 2672 είσὶν,
1474 2605 1609 2661 ἀλλά
1657 2610 1751 2662 καὶ

168 2685 615 2759 κοσμοκράτορες
655 2688 747 2743 τοῦ
780 2691 1004 2756 σκότους
1033 2692 1252 2760 τούτου,
1292 2694 1383 2749 καὶ
1409 2700 1753 2769 πνευματικά

166 2776 274 2847 τῆς
299 2779 561 2851 πονηρίας
588 2781 645 2834 ἐν
666 2785 778 2847 τοῖς
809 2784 1150 2856 ἐπουρανίοις
1165 2803 1178 2817 ·
1201 2787 1340 2859 τάχα
1360 2789 1416 2844 δὲ
1444 2792 1539 2844 καὶ
1562 2793 1747 2866 ἀρχαί.

183 2868 333 2937 Ἐγὼ
360 2870 406 2924 δ’
431 2867 479 2924 οἷ
487 2890 604 2944 μαι,
632 2874 714 2928 ὅτι
741 2877 834 2930 καὶ
868 2876 1045 2931 πάντα
1077 2877 1345 2952 ὁμώνυμα
1370 2885 1483 2947 τοῖς
1502 2884 1595 2938 τοῦ
1615 2886 1751 2942 Θεοῦ

171 2962 295 3016 ἐστι
327 2965 420 3018 καὶ
446 2965 589 3020 κατά
617 2967 713 3039 τὴν
738 2969 1108 3044 ἐναντιότητα.
1131 2973 1475 3046 Διειληφότες
1502 2972 1594 3032 οὖν
1608 2980 1657 3031 οἱ
1682 2979 1751 3034 τὰ

165 3053 499 3127 διαφέροντα
541 3057 778 3131 ὀνόματα
823 3063 1230 3136 κεκληρωμένοι
1265 3069 1322 3120 ἐν
1364 3067 1443 3139 τῷ
1499 3070 1713 3145 Ἰσραὴλ
1733 3114 1750 3138 ,

165 3147 449 3203 τουτέστιν
483 3150 532 3204 οξ
563 3153 840 3225 ἀρχιερεῖς
867 3156 961 3209 καὶ
992 3158 1041 3210 oi
1079 3156 1438 3232 πρεσϐύτεροι
1466 3161 1559 3215 τοῦ
1598 3161 1749 3231 λαοῦ,

165 3238 303 3309 περὶ
332 3239 589 3305 ἐξουσιῶν
623 3244 866 3311 πλείονα,
894 3248 987 3301 καὶ
1016 3249 1125 3302 εἴτε
1155 3252 1220 3305 ἐκ
1248 3253 1618 3325 παραδόσεων,
1638 3257 1747 3310 εἴτε

164 3326 265 3379 καὶ
296 3328 708 3399 ἐπιϐάλλοντες,
761 3334 874 3390 εἴτε
904 3338 999 3392 καὶ
1030 3338 1087 3407 ἐξ
1116 3342 1450 3415 ἀποκρύφων
1484 3345 1605 3414 (οὐκ
1635 3342 1751 3402 οἶδα

166 3418 412 3488 εὐλόγως
455 3421 488 3493 ἢ
537 3425 813 3495 ἀναλόγως
849 3422 991 3501 [52])
1027 3431 1367 3503 κινούμενοι,
1434 3434 1619 3507 ἐώρων
1662 3437 1750 3491 τὸν

165 3511 305 3565 Θεὸν
338 3512 406 3565 τά
433 3517 690 3587 τεράστια
727 3520 1076 3576 ἐπιτελοῦντα
1099 3524 1159 3577 οὐ
1183 3526 1349 3597 χωρίς
1375 3545 1529 3593 -τινος
1566 3530 1752 3583 συνού-

167 3619 275 3672 σης
300 3604 450 3675 αὐτῷ
468 3604 715 3674 ἐξουσίας
739 3627 753 3641 ο
776 3611 979 3685 ταύτης
1002 3610 1093 3668 οὖν
1117 3615 1179 3669 τὸ
1202 3612 1341 3683 εἶδος
1375 3620 1483 3674 ἀπὸ
1510 3621 1611 3692 τῆς
1639 3623 1750 3677 ἐπι-

168 3696 391 3768 στήμης
437 3699 608 3771 Ἰησοῦ
653 3702 844 3773 μαθεῖν
897 3706 1211 3775 ἐϐούλοντο,
1262 3710 1295 3782 ἢ
1341 3711 1439 3783 τῆς
1490 3713 1751 3787 δοκούσης

164 3789 357 3854 αὐτοῖς
382 3787 520 3845 εἶναι
542 3794 852 3868 ἐπιστήμης
876 3798 935 3852 ἐν
960 3798 1128 3871 αὐτῷ.
1158 3803 1269 3856 Καὶ
1294 3805 1341 3857 εί
1369 3805 1468 3874 μὲν
1489 3801 1630 3876 ἦσαν
1651 3808 1751 3882 ἀρ-

164 3885 376 3954 χιερεῖς
407 3902 551 3950 τινες
584 3887 728 3956 ἅγιοι
755 3891 849 3944 καὶ
879 3892 1160 3965 μακάριοι,
1186 3895 1368 3960 ὁποῖος
1396 3898 1425 3950 6
1462 3897 1746 3971 Ἀαρὼν,ἢ

163 3978 195 4028 6
231 3975 517 4050 Ἐλεάζαρ,
541 3979 574 4051 ἢ
608 3981 637 4034 6
662 3981 864 4048 Φινεὲς,
892 3982 924 4054 ἢ
949 3984 1062 4038 ὅσοι
1094 3987 1393 4051 ἐπαινετῶς
1422 3987 1491 4041 τὰ
1520 3990 1620 4061 τῆς
1642 3991 1752 4045 λει-

162 4070 431 4141 τουργίας
458 4071 788 4140 διετέλεσαν,
814 4076 862 4128 οἱ
894 4076 1185 4149 πυθόμενοι
1209 4078 1305 4133 τοῦ
1328 4081 1579 4153 Σωτῆρος
1604 4083 1746 4151 τότε,

163 4162 267 4217 καὶ
299 4163 663 4236 πρεσϐύτεροι
701 4168 1072 4242 παραπλήσιοι
1107 4165 1189 4236 οἷς
1216 4174 1337 4227 κατ’
1369 4175 1587 4248 ἐντολὴν
1612 4177 1748 4231 Θεοῦ

163 4254 417 4325 Μωῦσῆς
434 4255 732 4325 ἐξελέξατο,
752 4260 917 4325 εἰκὸς,
936 4262 1017 4315 ὅτι
1032 4262 1107 4327 ὡς
1132 4263 1192 4318 οὐ
1220 4264 1590 4337 πειράζουσιν,
1612 4267 1750 4323 ἀλλά

162 4347 572 4420 φιλομαθοῦσι,
599 4352 692 4405 καὶ
716 4350 889 4418 ἀξίοις
913 4354 1021 4407 τῶν
1052 4354 1385 4426 τηλικούτων
1415 4358 1748 4431 μαθημάτων

162 4441 519 4513 παρέστησεν
544 4443 610 4498 ἂν
638 4443 946 4516 ἀρξάμενος
969 4448 997 4500 6
1028 4447 1220 4520 Σωτὴρ
1253 4448 1441 4519 λόγον,
1473 4451 1532 4504 ὃν
1568 4453 1688 4506 οὐδέ
1719 4456 1748 4509 6

162 4534 379 4605 κόσμος
392 4535 513 4599 ὅλος
539 4539 736 4608 χωρεῖν
755 4537 1005 4609 ἠδύνατο·
1053 4541 1147 4594 καὶ¹
1174 4541 1481 4614 ἀρξάμενος
1505 4543 1572 4597 ἂν
1604 4563 1746 4618 παρ-

1853 2046 2042 2106 states,
2091 2049 2145 2095 et
2169 2057 2292 2111 qua:
2322 2036 2407 2099 his
2446 2044 2663 2100 subdita
2690 2055 2838 2113 sunt,
2882 2047 3281 2117 pertinentibus
3309 2049 3427 2105 dis-

1853 2144 2034 2187 serere
2059 2133 2269 2203 prolixa
2307 2150 2396 2191 res
2441 2145 2525 2192 est
2558 2146 2611 2192 et
2641 2136 2895 2194 difﬁcilis.
2958 2137 3427 2205 Quemadmodum

1852 2233 2032 2279 autem
2058 2235 2189 2281 sunt
2212 2228 2460 2297 quaedam
2486 2228 2581 2284 Dei
2609 2239 2925 2301 potestates,
2957 2232 3030 2287 ita
3055 2240 3183 2287 sunt
3212 2242 3432 2288 contra-

1851 2315 1949 2371 ria:
1976 2317 2205 2387 aliquae,
2231 2320 2387 2390 juxta
2416 2321 2667 2378 homines
2697 2323 2942 2393 peccati,
2974 2333 3028 2378 et
3060 2324 3282 2395 angelos
3305 2324 3426 2380 dia—

1851 2408 1996 2476 boli;
2033 2419 2087 2466 et
2113 2411 2181 2467 iis
2201 2412 2421 2482 quidem
2453 2415 2546 2484 qui
2582 2415 2845 2472 adversus
2876 2417 3195 2487 sanguinem
3228 2426 3281 2472 et
3309 2433 3432 2472 car-

1851 2517 1976 2557 nem
2004 2518 2113 2558 non
2138 2506 2373 2574 amplius
2396 2507 2782 2574 colluctantur,
2812 2508 2905 2563 sed
2929 2509 3076 2578 quod
3106 2509 3306 2564 virtute
3333 2525 3428 2564 su-

1852 2596 2127 2666 pergressi
2160 2597 2292 2662 sint,
2324 2599 2642 2669 praeliantur
2667 2616 2791 2656 cum
2822 2603 3217 2672 superioribus,
3241 2613 3426 2659 contra

1850 2693 2147 2754 potestates
2181 2688 2446 2745 adversus
2495 2690 2771 2761 religionis
2818 2693 3052 2748 athletas
3089 2693 3430 2750 decertantes

1851 2776 1997 2832 lucta
2034 2791 2138 2835 est.
2178 2778 2246 2835 Et
2272 2783 2732 2852 quemadmodum
2762 2784 2981 2854 plurimi
3008 2796 3162 2842 erant
3192 2788 3294 2843 sub
3318 2786 3429 2841 Deo

1851 2869 2104 2937 ordines,
2161 2871 2235 2926 ita
2282 2882 2335 2927 et
2382 2874 2438 2929 in
2486 2875 2758 2929 contraria
2804 2884 2957 2945 parte
2988 2893 3094 2933 non
3135 2886 3430 2947 potestates

1853 2971 1981 3016 sunt
2031 2963 2326 3031 duntaxat,
2378 2966 2469 3022 sed
2495 2974 2550 3021 et
2575 2966 2764 3021 mundi
2806 2976 3045 3024 rectores
3082 2970 3427 3024 tenebrarum

1855 3052 2083 3117 harum,
2133 3064 2189 3110 et
2232 3057 2537 3126 spiritualia
2589 3057 2846 3128 nequitia:
2896 3058 2950 3113 in
2997 3059 3311 3115 caelestibus
3336 3061 3423 3123 δι,

1855 3141 2091 3200 fortasse
2117 3156 2172 3202 et
2200 3148 2556 3219 principatus.
2626 3148 2740 3219 Ego
2777 3164 2904 3205 vero
2933 3166 3272 3222 quacunque
3300 3160 3429 3207 sunt

1857 3236 1999 3305 apud
2028 3236 2222 3305 Deum,
2252 3255 2342 3295 res
2370 3241 2473 3295 sibi
2503 3242 2859 3311 cegnomines
2887 3242 2941 3296 in
2971 3243 3243 3299 contraria
3274 3252 3428 3313 parte

1854 3329 2058 3386 habere
2091 3332 2364 3388 existimo.
2424 3333 2526 3400 Qui
2562 3348 2691 3405 ergo
2721 3335 2872 3390 varia
2921 3336 2973 3391 in
3013 3334 3175 3392 Israel
3206 3336 3427 3391 nomina

1854 3424 2032 3479 sortiti
2061 3433 2236 3489 erant,
2275 3424 2381 3479 hoc
2407 3434 2523 3491 est,
2550 3428 2825 3496 principes
2855 3427 3199 3482 sacerdotum
3219 3467 3234 3495 ,
3264 3434 3319 3482 et
3342 3441 3431 3482 se»

1853 3516 2036 3571 niores
2074 3517 2290 3587 populi,
2337 3532 2462 3572 cum
2489 3518 2557 3573 de
2586 3519 2946 3588 potestatibus
2986 3519 3218 3575 multum
3249 3519 3429 3575 disce-

1852 3615 2119 3678 ptassent,
2150 3610 2265 3664 sive
2288 3625 2356 3665 ex
2386 3610 2792 3678 traditionibus,
2817 3613 2933 3668 sive
2964 3628 3030 3668 ex
3058 3613 3279 3683 preprio
3308 3620 3428 3669 stu-

1851 3700 1945 3754 dio
1977 3715 2041 3756 ac
2064 3701 2357 3766 industria,
2392 3702 2507 3757 sive
2531 3717 2599 3757 ex
2624 3704 2839 3759 arcanis
2864 3703 3020 3759 libris
3054 3704 3145 3775 (an
3172 3720 3297 3759 cum
3331 3719 3426 3758 ra-

1855 3790 2034 3857 tione,
2085 3806 2278 3855 necne,
2327 3792 2556 3862 nescio)
2608 3794 2901 3861 commoti,
2956 3792 3127 3849 Deum
3175 3801 3426 3864 portenta

1794 3888 1803 3894 '
1842 3885 2116 3951 edentem,
2139 3902 2249 3941 non
2273 3866 2391 3942 sine
2413 3887 2703 3958 conjuncta
2727 3887 2800 3943 illi
2831 3897 3100 3959 potestate
3121 3887 3422 3944 videbant:

1843 3982 2007 4053 hujus
2057 3984 2219 4055 igitur
2258 3984 2484 4040 formam
2548 4002 2580 4041 a
2638 3985 2863 4041 scientia
2900 3986 3063 4052 Jesu,
3102 3985 3189 4042 vel
3224 3999 3346 4056 quae
3380 3982 3432 4040 ei

1843 4078 2023 4136 inesse
2079 4082 2400 4147 videbatur,
2449 4082 2659 4139 discere
2707 4084 2981 4139 volebant.
3040 4083 3427 4139 Verumenim-

1843 4195 1975 4236 vero
2003 4181 2048 4236 si
2078 4196 2145 4237 ex
2176 4182 2242 4238 iis
2269 4182 2362 4253 qui
2403 4182 2746 4238 Servatorem
2782 4192 2910 4238 tunc
2951 4183 3428 4255 interrogaverunt

1853 4272 2197 4329 sacerdotum
2241 4272 2579 4344 principibus
2613 4272 2785 4329 sancti
2838 4272 3005 4343 aliqui
3034 4280 3088 4327 et
3121 4271 3263 4327 beati
3290 4271 3427 4325 fuis-

1852 4365 1994 4433 sent,
2041 4365 2220 4435 qualis
2248 4375 2365 4419 erat
2408 4366 2613 4432 Aaron,
2651 4365 2735 4420 vel
2761 4363 3006 4431 Eleazar,
3043 4374 3138 4418 aut
3167 4362 3422 4430 Phinees,

1852 4457 1937 4512 vel
1963 4458 2274 4529 quicunque
2300 4457 2586 4513 ministerii
2618 4457 2702 4512 sui
2733 4458 2880 4512 vices
2932 4471 3055 4512 cum
3084 4456 3243 4511 laude
3272 4456 3426 4511 obie-

1850 4559 2009 4613 rant,
2060 4550 2142 4604 vel
2179 4550 2423 4604 seniores
2454 4549 2523 4604 iis
2558 4548 2789 4604 fuissent
2821 4547 3030 4604 similes
3062 4562 3202 4617 quos
3233 4562 3297 4602 ex
3329 4544 3424 4601 Dei

163 4628 346 4682 εδίδου
387 4628 487 4700 τὴν
515 4631 825 4703 ἐπιστήμην
859 4631 1122 4704 περὶτῶν
1165 4634 1451 4707 μακαρίων
1474 4635 1750 4701 ἐξουσιῶν,

1857 4637 2113 4693 mandato
2141 4637 2352 4710 Moyses
2382 4638 2635 4707 seligeret
2657 4677 2671 4701 ,
2720 4635 3016 4692 verisimile
3044 4643 3128 4690 est
3156 4647 3263 4688 non
3301 4642 3423 4687 tan-

162 4722 266 4777 καὶ
296 4722 398 4795 τῆς
440 4722 701 4795 διαφορᾶς
734 4723 937 4790 αὐτῶν,
968 4725 1065 4780 καὶ
1093 4726 1193 4797 τῆς
1226 4726 1403 4793 αἰτίας
1432 4727 1526 4782 τοῦ
1552 4729 1745 4801 ἐληλυ-

162 4815 321 4870 θέναι
353 4814 524 4879 αὑτὰς
560 4816 655 4869 ἐπὶ
696 4816 756 4870 τὸ
790 4813 928 4871 εἶναι
956 4816 1236 4885 ἐξουσίας,
1265 4819 1489 4873 καὶτῶν
1522 4822 1615 4873 ὑπ’
1649 4824 1745 4876 αύ-

159 4910 287 4972 ταῖς
312 4948 327 4972 ,
363 4907 475 4962 εἴτε
504 4910 600 4964 καὶ
626 4909 833 4980 ψυχῶν,
877 4909 985 4963 εἴτε
1027 4911 1121 4964 καὶ
1159 4914 1561 4967 ὁποιωνποτοῦν
1601 4915 1746 4985 λογι-

1853 4745 2016 4802 quam
2050 4745 2107 4786 se
2130 4729 2485 4793 tentantibus,
2519 4729 2611 4784 sed
2642 4727 2804 4799 quasi
2836 4726 3082 4782 discendi
3113 4723 3346 4795 cupidis,
3373 4733 3428 4778 et

1856 4833 2005 4877 tanto
2037 4821 2365 4877 documento
2402 4820 2582 4891 dignis
2604 4859 2620 4885 ,
2655 4819 2960 4875 doctrinam
3013 4818 3227 4872 tradere
3278 4816 3428 4869 ince-

1852 4924 2070 4985 pturum
2108 4911 2279 4968 luisse
2313 4910 2653 4967 Servatorem
2678 4952 2693 4977 ,
2735 4925 2897 4980 quam
2929 4924 2998 4963 ne
3031 4907 3271 4963 mundus
3299 4905 3425 4974 qui-

162 4999 314 5053 κῶν*
358 4997 669 5063 δωξὼδευσε
711 5000 755 5054 δ’
791 4999 858 5055 ἂν
888 5001 983 5055 καὶ
1021 5000 1118 5056 τὸν
1161 5004 1289 5073 περὶ
1339 5003 1448 5057 τῶν
1486 5005 1743 5059 ἐναντίων

1852 5005 1974 5059 dem
2005 5004 2294 5059 universus
2319 5018 2512 5073 capere
2554 5002 2851 5073 potuisset;
2888 5011 2942 5056 et
2970 5001 3037 5056 de
3072 4997 3246 5055 beatis
3276 5005 3426 5067 pote~

1375 5119 1603 5178 VETUS
1636 5116 2217 5179 INTERPRETATIO.

162 5241 430 5318 testatas,
468 5233 731 5318 adversus
761 5234 1000 5318 rectores
1028 5236 1191 5306 hujus
1217 5235 1406 5318 mundi
1434 5237 1780 5318 tenebrarum
1815 5239 2007 5318 harum
2029 5276 2045 5301 ,
2074 5236 2335 5318 adversus
2370 5234 2633 5318 spiritalia
2662 5226 3417 5318 nequitiatinetelestibusl3

162 5304 281 5387 Ego
309 5314 490 5359 autem
519 5306 782 5387 arbitror,
835 5297 1181 5377 quoniam'et
1205 5307 1386 5362 omnia
1407 5309 1727 5387 earumdem
1761 5297 2044 5387 nominum
2073 5297 2415 5387 ⁸διιξιιῃβιξιιιῖ
2433 5305 2721 5387 diabolum
2749 5297 3261 5387 quaecunquesuttt
3280 5297 3421 5387 {ped

162 5373 339 5458 Deum
375 5392 389 5430 :
421 5385 476 5431 et
502 5385 585 5431 est
618 5376 767 5458 forte
802 5373 1042 5458 potestas
1069 5393 1136 5433 ex
1166 5378 1527 5458 potestatibus
1562 5379 1864 5458 universis,
1917 5394 2039 5446 qua:
2073 5376 2184 5458 ipsi
2207 5373 2426 5458 Christo
2451 5376 2727 5458 ministrat
2754 5414 2774 5455 ,
2801 5374 2906 5458 alia
2933 5380 3267 5458 aptent-QII}?
3290 5382 3424 5458 19.73-

161 5444 778 5527 pbctis_coope_rabatur
803 5436 1127 5527 facientibus
1156 5436 1310 5519 signa
1342 5467 1354 5502 :
1384 5458 1437 5504 et
1460 5464 1566 5527 non
1599 5436 1862 5527 omnibus
1884 5436 1990 5527 una
2016 5436 2279 5527 potestas,
2327 5445 2423 5527 sed
2454 5444 2901 5527 aliaforte'istis,‘
2934 5436 3417 5527 aliaauternjillis,

162 5509 820 5594 secundum'dignitatem
846 5509 969 5573 lidei
1000 5509 1235 5594 eorum:
1285 5534 1452 5594 quam
1483 5520 1868 5594 solus‘sciebat
1889 5509 2053 5594 Dens.
2118 5509 2312 5594 Et_nec
2339 5518 2395 5594 in
2419 5516 2673 5594 omnibus
2698 5512 2991 5594 virtutibus
3022 5509 3287 5594 faciendis
3308 5522 3419 5594 litua

161 5587 469 5668 eademque
492 5577 736 5668 potestas
763 5589 1180 5668 cooperabatur,
1208 5577 1318 5644 sed'
1338 5590 1391 5643 in
1423 5590 1751 5668 quibusdam
1777 5590 1997 5668 quidem
2026 5588 2157 5668 haec,
2196 5589 2250 5641 in
2282 5585 2608 5668 qnttibusdam
2641 5592 2820 5638 autem
2848 5583 2952 5668 alia
2981 5600 3001 5668 ε.
3020 5590 3073 5668 et
3088 5582 3179 5668 ad
3189 5595 3286 5668 res
3298 5577 3419 5668 lor-

163 5656 311 5712 sitan
354 5654 663 5725 inferiores,
702 5654 930 5714 inferior
957 5677 972 5714 :
1008 5660 1075 5714 ad
1105 5674 1194 5714 res
1222 5669 1404 5714 autem
1436 5654 1846 5728 eminentiores,
1881 5659 2230 5715 eminentior.
2296 5654 2576 5727 Principes
2600 5670 2728 5726 ergo
2758 5654 3127 5718 sacerdotum,
3153 5658 3209 5705 et
3234 5654 3420 5705 senio-

232 5751 281 5783 “
312 5749 531 5806 Coloss.
563 5766 601 5818 ι,
639 5751 727 5814 15,
764 5750 852 5817 16,
892 5750 978 5807 l7.
1054 5750 1096 5782 ’“
1128 5748 1434 5837 Ephes..vt,
1468 5750 1553 5806 12.

234 5844 354 5917 (5!)
388 5844 567 5917 Codex
598 5844 951 5917 Anglicanus,
987 5844 1335 5917 KAOAO‘JCCSIQ:

238 5913 359 5986 (52)
403 5913 747 5988 Ἀναλόγωξι.
801 5915 941 5987 Lege
994 5915 1223 5986 ἀλόγως.
1300 5913 1465 5972 Vetus
1515 5914 1741 5984 interpr.

1859 5861 1878 5894 ι
1910 5849 2091 5895 utrum
2123 5849 2302 5898 autem
2355 5838 2768 5908 rationabiliter,
2804 5852 2871 5894 an
2908 5829 3372 5891 irrationabiliter.
3396 5844 3417 5881 ν

1853 5913 2114 5968 Ηυετιυε.
