3962 6554
554 420 691 479 “79

2006 412 2167 471 0Pth
2178 411 2333 468 ENIS

3692 409 3815 467 1580

550 544 805 610 statibus,
839 556 1141 613 earumque
1164 540 1488 609 dill‘erentia,
1510 540 1684 611 deque
1712 537 1896 594 causis
1926 553 2024 593 cur
2055 537 2121 592 ad

2232 534 2482 601 ἐξουσιῶν
2511 533 2688 604 λόγον,
2720 533 2815 588 καὶ
2840 532 2937 598 τὰς
2971 531 3233 604 διαφορὰς
3260 532 3438 587 αὐτῶν
3469 533 3813 604 παρέστησεν

550 645 883 707 potestatum
912 636 1229 707 dignitatem
1263 634 1625 705 pervenerint,
1645 633 1821 702 deque
1850 631 1917 688 iis
1947 631 2131 702 subje«

550 731 650 785 itis
677 729 795 786 sive
826 728 1022 785 animis
1041 768 1056 793 ,
1113 728 1228 784 sive
1256 728 1467 783 ratione
1496 726 1735 798 praeditis
1785 724 2127 796 quibuscuu-

550 835 659 891 que
692 820 855 876 rebus
889 819 1174 875 scientiam
1202 819 1519 890 impertire;
1571 818 1703 888 quin
1731 825 1787 872 et
1816 831 2033 871 omnem
2063 814 2131 870 de

551 910 842 967 contrariis
875 909 1236 979 potestatibus
1269 907 1573 963 doctrinam
1600 919 1883 967 enarrare,
1911 917 2131 958 earum-

549 1020 658 1074 que
690 1001 1024 1058 din‘erentias
1052 1002 1350 1058 declarare.
1394 999 1690 1055 Docturum
1717 1008 1979 1069 praeterea
2003 1010 2128 1051 eum

552 1094 723 1151 fuisse
751 1093 1048 1150 verisimile
1088 1101 1171 1150 est
1206 1093 1363 1164 ju-xta
1389 1092 1518 1147 illud
1549 1090 1596 1123 "
1633 1109 1644 1145 :
1683 1109 1703 1143 ι
1740 1088 1849 1144 Lex
1884 1088 2131 1143 ordinata

548 1200 646 1255 per
673 1184 896 1255 angelos
916 1223 933 1249 ,
974 1202 994 1238 ι
1028 1192 1083 1240 et
1114 1182 1248 1238 illud
1277 1182 1322 1214 "
1358 1201 1370 1237 :
1413 1200 1432 1233 ι
1469 1181 1524 1236 Si
1557 1180 1651 1252 qui
1677 1196 1771 1251 per
1794 1178 2015 1249 angelos
2042 1177 2132 1233 di-

550 1286 671 1332 ctus
697 1285 781 1332 est
807 1290 1011 1343 sermo,
1047 1274 1224 1331 factus
1255 1284 1340 1331 est
1372 1274 1593 1339 ﬁrmus;
1633 1292 1652 1324 ι
1683 1273 1841 1344 juxta
1869 1271 2021 1338 illud,
2052 1270 2134 1327 in-

550 1384 716 1440 quam
738 1410 753 1437 ,
786 1368 932 1439 quod
964 1369 1031 1423 de
1058 1368 1266 1439 angelis
1302 1366 1403 1438 legi
1436 1364 1910 1432 ministrantibus,
1950 1372 2007 1420 et
2032 1379 2132 1435 po-

552 1469 745 1521 testate
786 1466 839 1520 in
876 1464 1174 1536 Scriptnris
1219 1462 1478 1518 traditum
1525 1469 1644 1525 est;
1681 1459 1737 1514 in
1778 1474 1886 1530 qna
1910 1498 1926 1522 ,
1980 1459 2130 1515 verbi

549 1558 744 1627 gratia,
774 1566 1063 1628 potestate,
1093 1556 1259 1627 768
1290 1554 1398 1611 Deo
1423 1554 1789 1617 ministrante,
1806 1552 1888 1606 vel
1914 1552 1967 1606 in
2002 1553 2128 1623 qui-

553 1648 693 1713 bus,
749 1648 1181 1719 unumquodque
1225 1646 1594 1719 prodigiorum
1637 1663 1758 1718 quae
1788 1646 2132 1716 contigerunt

551 1742 607 1796 in
631 1740 887 1813 Egypto,
926 1739 1131 1796 factum
1156 1748 1274 1806 est;
1307 1754 1558 1810 quasnam
1589 1738 1716 1794 item
1750 1738 1990 1809 potestas
2015 1734 2130 1789 vir-

550 1851 633 1907 gae
660 1835 863 1907 Moysis
898 1833 953 1889 in
983 1842 1288 1904 serpentem
1313 1841 1688 1889 transmutatae
1721 1846 1942 1901 operam
1971 1843 2127 1885 suam

548 1929 833 2000 praestitit;
886 1937 1004 1982 tum
1033 1941 1287 1997 quamam
1320 1925 1450 1980 huic
1484 1924 1757 1980 contraria
1780 1966 1794 1990 ,
1841 1921 2129 1994 Egyptia-

550 2035 742 2075 carum
778 2019 1057 2089 virgarum
1088 2017 1143 2071 in
1171 2017 1439 2073 dracones
1467 2014 1852 2086 permutationi
1881 2014 2131 2070 ministe-

548 2115 692 2169 rium
744 2127 907 2168 suum
959 2110 1224 2176 contulit;
1276 2110 1531 2164 virtutem
1581 2122 1800 2178 quoque
1847 2103 2132 2177 potestatis

548 2204 931 2274 explanasset,
983 2218 1091 2273 qua
1133 2200 1387 2257 eil‘ectum
1438 2207 1555 2268 est,
1604 2207 1666 2255 ut
1698 2198 1935 2253 Aaronis
1978 2197 2132 2268 virga

549 2295 931 2368 Egyptiorum
975 2295 1157 2365 virgas
1188 2295 1500 2360 devoraret;
1553 2291 1780 2348 dixisset
1823 2291 1986 2347 etiam
2021 2305 2131 2362 qua

550 2397 821 2460 potestate
864 2388 918 2443 in
968 2389 1148 2442 nivem
1202 2402 1399 2442 manus
1449 2386 1652 2458 Moysis
1685 2393 1896 2440 mutata
1926 2383 2026 2450 sit;
2078 2391 2133 2439 et

550 2498 801 2553 quaenam
835 2498 902 2536 ex
931 2481 1261 2537 adversariis
1294 2489 1536 2550 potestas
1566 2478 1837 2551 Egyptiis
1885 2477 2131 2532 incanta-

550 2574 766 2630 toribus
816 2574 1096 2646 sigillatim
1146 2573 1538 2643 opitulabatur,
1574 2572 1794 2643 quando
1843 2573 1997 2642 signa
2035 2571 2130 2627 Dei

552 2666 757 2721 imitari
802 2666 1149 2722 videbantur.
1207 2664 1404 2721 Decem
1451 2665 1705 2721 similiter
1752 2662 2130 2738 Egyptiorum

550 2758 759 2830 plagas,
795 2766 851 2814 et
876 2758 1172 2829 legationes
1222 2761 1487 2815 adversus
1510 2772 1607 2815 eos
1630 2758 1830 2815 missas
1859 2759 2129 2815 malorum

551 2854 871 2923 angelorum
916 2867 1020 2923 ope
1063 2850 1473 2907 administratas
1506 2849 1674 2906 fuisse
1702 2866 2131 2908 commemoras-

551 2952 635 2999 set
662 2961 677 2998 :
705 2959 954 3015 quaenam
986 2942 1114 2997 item
1144 2950 1387 3012 potestas
1417 2942 1470 2997 in
1502 2942 1686 3014 p0puli
1722 2943 2011 2999 transitum
2037 2958 2133 3013 per

552 3052 704 3092 mare
757 3035 1027 3101 Rubrum,
1060 3045 1114 3092 et
1162 3036 1217 3089 in
1268 3034 1646 3116 Egyptiorum
1695 3036 2128 3093 submersionem

550 3143 773 3195 operam
806 3142 963 3182 suam
996 3126 1259 3193 contulit;
1290 3135 1347 3182 et
1379 3142 1503 3198 quae
1526 3137 1801 3198 potestas,
1844 3136 1905 3183 ut
1931 3143 2132 3183 amarae

2234 629 2318 683 ἄν.
2337 627 2498 690 Εἰκὸς
2521 626 2578 680 δὲ
2602 626 2685 679 ὅτι
2708 624 2945 690 ἐδίδαξεν
2969 624 3038 679 ἂν
3065 624 3323 693 ἀνάλογον
3346 622 3426 695 τῷ
3451 639 3467 655 ’
3506 644 3525 674 ι
3570 624 3636 676 Ὀ
3669 625 3817 694 νόμος

2230 717 2509 787 διαταγεὶς
2536 717 2603 771 δι’
2635 716 2887 787 ἀγγέλων
2908 758 2924 779 ,
2954 735 2973 768 ι
3009 717 3103 770 καὶ
3129 715 3223 770 τό·
3260 735 3278 767 ι
3307 716 3369 769 EE
3399 718 3427 769 ὁ
3467 715 3541 769 δι’
3573 715 3818 784 ἀγγέλων

2231 810 2484 882 λαληθεὶς
2508 810 2668 880 λόγος
2695 810 2911 878 ἐγένετο
2940 809 3178 880 βέϐαιος,
3212 828 3230 861 ι
3269 809 3535 878 ἀνάλογόν
3568 827 3730 880 φημι
3754 808 3819 878 τῷ

2231 902 2375 975 λόγῳ
2408 902 2488 974 τῷ
2529 904 2658 975 περὶ
2702 903 2812 957 τῶν
2861 901 3336 974 διακονησαμένων
3362 903 3441 974 τῷ
3466 902 3628 973 νόμῳ
3664 903 3817 971 ἀγγέ-

2229 995 2360 1061 λων,
2382 995 2598 1067 καὶτῆς
2620 995 2764 1050 κατὰ
2783 994 2882 1060 τὰς
2904 995 3127 1069 Γραφὰς
3155 995 3401 1063 ἐξουσίας
3420 1012 3434 1025 ·
3467 990 3584 1048 οἷον
3608 995 3680 1047 ἐν

2233 1088 2449 1161 ἐξουσίᾳ
2481 1088 2869 1160 διακονουμένῃ
2888 1086 2966 1158 τῷ
2991 1087 3129 1160 Θεῷ,
3154 1087 3188 1159 ἢ
3214 1086 3399 1151 ποίαις
3437 1086 3689 1141 ἕκαστον
3728 1085 3817 1139 τῶν

2232 1183 2290 1237 ἐν
2330 1182 2591 1254 Αἰγύπτῳ
2636 1181 2939 1254 τεραστίων
2988 1180 3309 1251 γεγένηται’
3353 1179 3449 1233 καὶ⁸
3488 1179 3581 1242 τίς
3631 1179 3743 1249 μὲν
3788 1182 3815 1248 ἡ

2233 1272 2449 1341 ἐξουσία
2472 1275 2861 1348 διακονουμένη
2886 1277 2952 1347 τῇ
2975 1274 3353 1348 μεταϐαλούσῃ
3382 1275 3463 1341 είς
3484 1274 3614 1345 ὅφιν
3641 1272 3815 1346 ῥάϐδῳ

2232 1369 2512 1433 Μωῦσέως
2533 1384 2546 1398 ·
2571 1368 2656 1433 τίς
2682 1369 2740 1423 δέ
2765 1367 2939 1441 ταύτῃ
2958 1368 3177 1423 ἐναντία
3207 1367 3610 1438 διακονουμένη
3640 1370 3718 1439 τῇ
3742 1384 3814 1439 με·

2230 1461 2582 1534 ταμορφώσει
2611 1462 2719 1518 τῶν
2746 1461 3134 1532 Αἰγυπτιακῶν
3157 1462 3364 1535 ῥάϐδων
3387 1464 3468 1525 είς
3490 1463 3809 1536 δράκοντας·

2231 1553 2327 1608 καὶ
2362 1549 2515 1607 εἶπεν
2547 1551 2611 1608 ἂν
2640 1553 2740 1625 τὴν
2765 1552 2995 1624 δύναμιν
3022 1553 3123 1624 τῆς
3152 1553 3402 1619 ἐξουσίας
3431 1553 3530 1622 ἀφ’
3560 1550 3630 1626 ἧς
3666 1555 3815 1608 κατέο

2232 1662 2354 1699 πιεν
2386 1648 2420 1718 ἡ
2449 1644 2542 1699 τοῦ
2582 1644 2793 1719 ’Δαρὼν
2824 1645 3017 1716 ῥάϐδος
3042 1645 3140 1711 τὰς
3168 1645 3276 1699 τῶν
3299 1645 3664 1715 Αἰγυπτίων
3705 1642 3813 1700 εἶπε

2230 1737 2275 1792 δ’
2297 1738 2363 1792 ἂν
2387 1739 2482 1793 καὶ
2512 1739 2594 1803 τίς
2636 1742 2669 1810 ὴ
2704 1737 2922 1804 ἐξουσία
2945 1738 3046 1810 τῆς
3072 1740 3154 1804 είς
3181 1739 3333 1810 χιόνα
3365 1740 3686 1811 μεταϐολῆς
3715 1759 3815 1812 xst-

2234 1830 2327 1903 ρδς
2354 1831 2632 1896 Μωῡσέως
2654 1871 2668 1896 ,
2703 1833 2800 1885 καὶ
2829 1832 2894 1885 ἐκ
2920 1831 3028 1886 τῶν
3053 1833 3311 1887 ἐναντίων
3339 1834 3471 1887 ποία
3500 1829 3577 1905 ἦν
3605 1834 3819 1899 ἐξουσία

2233 1919 2587 1994 συμπνέουσα
2621 1923 2743 1977 καθ’
2776 1923 3005 1977 ἕκαστον
3038 1926 3150 1988 τοῖς
3191 1925 3467 1989 ἐπαοιδοῖς
3496 1925 3616 1978 τῶν
3658 1926 3818 1994 A37»-

2233 2015 2405 2069 πτίων
2430 2056 2444 2079 ,
2486 2016 2575 2069 ὅτε
2614 2015 2831 2069 ἐδόκουν
2867 2015 3148 2087 μιμεῖσθαι
3174 2017 3243 2069 τὰ
3274 2019 3480 2088 σημεῖα
3513 2017 3617 2070 τοῦ
3646 2018 3813 2072 θεοῦ·

2232 2106 2328 2161 καὶ
2354 2106 2527 2171 οὕτως
2567 2107 2635 2161 ἂν
2678 2096 2992 2175 διεξώδευσε
3032 2107 3131 2173 τὰς
3165 2108 3296 2163 δέκα
3336 2108 3450 2162 τῶν
3498 2111 3816 2178 Αἰγυπτίων

2234 2199 2446 2271 πληγὰς
2465 2242 2480 2266 ,
2517 2199 2612 2253 καὶ
2638 2199 2734 2272 τὴν
2767 2201 2888 2254 κατ’
2917 2201 3093 2256 αὐτῶν
3121 2182 3427 2273 ἀποστολὴν
3461 2201 3537 2256 δι’
3566 2203 3815 2271 ἀγγέλων

2235 2292 2519 2364 πονηρῶνο
2552 2288 2672 2347 εἶπε
2716 2293 2761 2347 δ’
2800 2293 2868 2348 ἂν
2896 2294 2991 2348 καὶ
3028 2294 3112 2358 τίς
3164 2293 3380 2359 ἐξουσία
3423 2296 3816 2369 ὑπηρετήσατο

2231 2389 2299 2457 τῇ
2329 2385 2418 2440 διὰ
2456 2386 2555 2458 τῆς
2595 2386 2860 2459 Ἐρυθρᾶς
2889 2386 3166 2459 θαλάσσης
3193 2386 3350 2459 διόδῳ
3386 2387 3486 2440 τοῦ
3519 2388 3664 2442 λαοῦ
3685 2430 3702 2453 ,
3734 2389 3818 2442 καὶ

2234 2477 2646 2533 καταποντώσει
2689 2479 2798 2533 τῶν
2837 2479 3149 2548 Αἰγυπτίων
3168 2496 3183 2511 ⁸
3215 2478 3300 2544 τίς
3326 2496 3386 2533 τε
3419 2478 3653 2546 ἐξουσία
3682 2482 3818 2552 15m;-

2235 2571 2501 2644 ρετήσατο
2533 2574 2600 2644 τῇ
2644 2570 2733 2627 διὰ
2774 2571 2930 2637 ξύλου
2962 2571 3227 2644 μεταϐολῇ
3265 2572 3460 2637 ὓδατος
3486 2572 3701 2647 πικροῦ
3744 2576 3816 2636 εἰς

2231 2664 2545 2737 γλυκύτητα
2560 2682 2573 2696 ’
2593 2663 2713 2720 εἷπε
2735 2665 2780 2719 δ’
2800 2665 2865 2720 ἂν
2889 2666 2983 2720 καὶ
3006 2665 3102 2738 τὴν
3124 2665 3367 2730 ἐξουσίαν
3391 2669 3424 2739 ἢ
3447 2667 3814 2739 διηκονήσατο

2233 2759 2311 2831 τῷ
2342 2759 2451 2815 ἀπὸ
2481 2759 2687 2831 πέτρας
2722 2758 2873 2813 ὕδατι
2896 2775 2911 2790 ο
2940 2759 3033 2813 καὶ
3066 2760 3184 2831 ἢτοι
3214 2759 3311 2832 τὴν
3339 2761 3540 2832 αὐτὴν,
3575 2762 3614 2832 ἦ
3653 2762 3816 2832 ἄλλην

2233 2851 2577 2926 παρέστησεν
2622 2851 2867 2919 ἐξουσίαν
2911 2851 3374 2926 διακονησαμένην
3402 2836 3482 2924 τῷ
3527 2851 3684 2923 ὑετῷ
3728 2852 3815 2907 τοῦ

2238 2947 2413 3020 μάννα
2443 2947 2539 3002 καὶ
2570 2949 2636 3019 τῇ
2663 2946 2771 3002 τῶν
2804 2945 3234 3019 ὀρτυγομητρῶν
3266 2946 3436 3017 ἐφόδῳ
3460 2963 3474 2975 ·
3508 2942 3639 3000 εἷπε
3671 2947 3721 3000 δ’
3755 2947 3816 3002 ἂν

2235 3039 2331 3093 καὶ
2371 3039 2454 3104 τίς
2481 3040 2514 3112 ἡ
2546 3038 2765 3107 ἐξουσία
2792 3041 2825 3110 ἡ
2852 3038 2916 3093 τὸ
2942 3038 3076 3094 αὐτὸ
3108 3038 3283 3111 μάννα
3317 3038 3424 3094 τῶν
3445 3038 3547 3109 μὲν
3582 3038 3652 3104 ἒξ
3685 3041 3815 3111 ἠμε-

2236 3132 2348 3205 ρῶν
2373 3133 2650 3204 τρέπουσα
2675 3132 2755 3196 είς
2787 3130 3077 3204 σκώληκας
3101 3130 3196 3186 καὶ
3221 3131 3503 3195 δυσωδίαν,
3535 3134 3607 3203 τῇ
3632 3133 3696 3187 δὲ
3725 3131 3815 3186 τοῦ

552 3234 708 3288 aquae
753 3219 889 3290 ligni
934 3234 1036 3289 ope
1081 3218 1134 3273 in
1165 3219 1353 3275 dulces
1385 3228 1867 3285 converterentur,
1895 3220 2077 3278 oﬂ‘ecit
2116 3239 2128 3275 :

2241 3225 2520 3280 Σαϐϐἀτου
2553 3224 2737 3298 ἡμέρᾳ
2763 3224 3126 3294 φυλάττουσα.
3155 3224 3266 3279 Καὶ
3295 3223 3348 3277 τί
3392 3242 3458 3295 με
3491 3225 3575 3278 δεῖ
3616 3226 3816 3278 ἀναλε-

551 3311 843 3381 cnjusnam
873 3313 1001 3366 item
1035 3312 1322 3380 potestatis
1352 3311 1598 3368 subsidio
1626 3328 1766 3383 aqua
1797 3328 1829 3367 e
1851 3322 2000 3383 petra
2035 3329 2131 3370 ex-

552 3403 780 3470 stiierit,
826 3405 1202 3473 exposuisset;
1245 3404 1639 3476 eamdemque,
1676 3406 1762 3462 vel
1791 3417 1937 3461 certe
1965 3407 2129 3463 aliam

555 3503 877 3566 potestatem
920 3511 1134 3552 mannae
1162 3497 1399 3568 pluviam
1432 3496 1763 3567 profudisse,
1779 3508 1835 3555 et
1858 3498 2129 3571 ingentem

553 3589 703 3645 illam
735 3589 844 3644 vim
873 3591 1221 3647 coturnicum
1254 3591 1553 3647 immisisse
1602 3591 1975 3655 declarasset;
2004 3608 2131 3663 ape-

553 3684 757 3739 ruisset
779 3684 907 3739 item
937 3700 1175 3756 quanam
1205 3692 1476 3757 potestate
1507 3683 1659 3740 ﬂeret
1685 3692 1745 3740 ut
1768 3699 1966 3740 manna
1998 3685 2130 3740 illud

552 3776 745 3847 primis
795 3792 890 3832 sex
932 3777 1125 3833 diebus
1158 3778 1212 3832 in
1238 3791 1453 3833 vermes
1481 3785 1784 3844 mutatum,
1831 3778 2034 3833 malum
2064 3778 2132 3832 de

551 3882 612 3923 sc
639 3868 859 3924 odorem
906 3870 1081 3934 daret,
1116 3869 1204 3924 die
1230 3878 1413 3926 autem
1444 3868 1666 3925 Sabbati
1697 3871 1969 3941 integrum
2015 3884 2131 3925 ser-

552 3967 792 4014 varetur.
835 3958 901 4014 Et
926 3959 1058 4030 quid
1089 3959 1280 4015 attinet
1308 3959 1554 4031 prodigia
1582 3974 1646 4016 ea
1670 3959 1854 4015 omnia
1874 3999 1889 4026 ,
1922 3974 2043 4030 qute
2073 3959 2130 4014 in

550 4051 767 4108 deserto
812 4052 880 4107 ad
925 4061 1158 4108 mortem
1212 4069 1387 4124 usque
1414 4052 1618 4124 Moysis
1649 4054 2016 4124 contigerunt,
2042 4070 2129 4110 re-

549 4146 812 4200 censere?
860 4161 987 4201 cum
1023 4162 1087 4201 ea
1118 4146 1369 4202 dicturus
1400 4145 1595 4202 fuisset
1624 4145 1882 4202 Servator
1908 4163 2031 4217 quae
2061 4147 2128 4203 ad

550 4245 877 4305 petestatem
928 4236 1315 4306 pertinebant,
1348 4236 1397 4292 si
1428 4237 1576 4308 digni
1610 4235 1842 4293 fuissent
1872 4238 2132 4294 sacerdo-

551 4340 666 4385 tum
693 4331 988 4403 principes,
1021 4340 1076 4386 et
1103 4330 1348 4387 seniores
1395 4332 1599 4402 populi,
1634 4347 1868 4403 quorum
1896 4333 2131 4388 interro-

549 4422 757 4492 gationi
787 4438 1113 4493 responsum
1141 4424 1388 4479 daretur.
1424 4423 1742 4483 Consimilia
1776 4434 1959 4481 autem
1984 4424 2130 4481 facili

550 4513 768 4582 negotio
818 4515 1122 4585 repereris,
1176 4516 1223 4571 si
1252 4515 1566 4572 universam
1596 4516 1935 4588 Scripturam
1978 4517 2129 4574 evol-

2234 3319 2463 3391 γόμενον
2477 3318 2546 3372 τὰ
2566 3319 2624 3371 ἐν
2649 3320 2714 3389 τῇ
2732 3319 2926 3389 ἐρήμῳ
2944 3316 3204 3389 τεράστια
3227 3314 3388 3389 μέχρι
3406 3316 3509 3386 τῆς
3523 3318 3670 3371 Mm?»
3679 3319 3814 3382 σέως

2234 3412 2493 3482 τελευτῆς
2525 3411 2903 3482 παριστάνειν,
2923 3412 3003 3465 ὅτι
3038 3405 3190 3465 εἶπεν
3221 3410 3286 3465 ἂν
3313 3411 3342 3463 ὁ
3362 3408 3551 3482 Σωτὴρ
3578 3410 3656 3463 τὰ
3687 3412 3815 3481 περὶ

2233 3506 2332 3577 τῆς
2383 3504 2666 3572 ἐξουσίας,
2721 3505 2771 3557 εί
2811 3499 2951 3575 ἦσαν
2998 3502 3136 3569 ἄξιοι
3186 3505 3235 3558 οἱ
3285 3504 3562 3575 ἀρχιερεῖς
3612 3506 3719 3558 καὶ
3765 3505 3813 3557 οἱ

2234 3596 2593 3670 πρεσϐύτεροι
2634 3594 2729 3649 τοῦ
2780 3594 2910 3649 λαοῦ
2955 3595 3060 3666 τῆς
3099 3594 3235 3667 πρὸς
3284 3594 3345 3647 τὸ
3391 3593 3583 3665 πύσμα
3629 3595 3812 3648 αὐτῶν

2232 3684 2612 3755 ἅποκρίσεως;
2653 3684 2749 3736 καὶ
2781 3683 2862 3737 σοὶ
2901 3683 3132 3755 πάρεστι
3156 3682 3217 3736 τὸ
3247 3681 3544 3751 ἀνάλογον,
3576 3685 3809 3756 ἐπερχο-

2236 3776 2384 3849 μένῳ
2420 3775 2517 3849 τὴν
2558 3776 2686 3847 ὃλην
2717 3775 2939 3848 Γραφὴν
2960 3815 2976 3840 ,
2998 3777 3131 3848 ὁρᾷν
3149 3791 3165 3807 ·
3191 3775 3278 3839 τίς
3305 3793 3367 3829 τε
3396 3777 3431 3848 ἡ
3456 3776 3683 3842 ἐξουσία
3714 3777 3806 3832 τοῦ

2235 3870 2424 3942 στῆναι
2454 3869 2545 3923 τὸν
2584 3869 2737 3941 ἥλιον
2765 3869 2907 3924 κατά
2945 3866 3201 3934 Γαϐαὼν,
3249 3866 3344 3923 καὶ
3388 3867 3618 3940 σελήνην
3664 3870 3804 3924 κατὰ

2233 3962 2494 4034 φάραγγα
2533 3960 2645 4031 (55)
2681 3958 2860 4032 Ἐλώμ
2883 3977 2899 3993 ⁶
2928 3959 3062 4015 πολὺ
3098 3960 3383 4032 πρότερον,
3417 3958 3510 4012 τοῦ
3537 3959 3806 4030 διοδευθῆ-

2233 4074 2322 4112 ναι
2351 4055 2444 4111 τὸν
2486 4053 2758 4128 Ἰορδάνην
2786 4053 3065 4125 ποταμὸν,
3110 4054 3205 4108 καὶ
3253 4052 3349 4108 τοῦ
3392 4051 3707 4108 παύσασθαι
3745 4052 3805 4105 τὸ

2235 4149 2431 4222 μάννα.
2465 4149 2578 4204 Καὶ
2615 4149 2707 4202 ἐπὶ
2735 4147 2836 4219 τῆς
2858 4146 3043 4218 βίϐλου
3071 4147 3130 4201 δέ
3157 4146 3267 4201 τῶν
3295 4145 3521 4216 Κριτῶν
3549 4145 3719 4200 πολλὰ
3738 4146 3803 4200 ἂν

2231 4239 2454 4295 τοιαῦτα
2482 4237 2740 4310 ζητηθείη
2764 4278 2780 4301 ,
2823 4237 2917 4291 καὶ
2953 4236 3201 4309 εὑρεθείη
3222 4280 3238 4304 ,
3267 4230 3379 4291 οἷον
3410 4236 3539 4308 περὶ
3577 4236 3665 4291 τὸν
3707 4236 3802 4290 Γεο

2230 4331 2363 4388 δεὼν
2383 4372 2398 4397 ,
2432 4331 2525 4386 καὶ
2561 4331 2653 4385 τὸν
2686 4328 2927 4401 Σαμψὼν
2962 4328 3243 4403 παράδοξα
3265 4345 3280 4359 ·
3313 4328 3451 4383 ἀλλὰ
3481 4330 3575 4384 καὶ
3599 4330 3659 4382 ἐκ
3693 4327 3801 4383 τῶν

2231 4422 2531 4477 Βασιλειῶν
2569 4422 2636 4477 τὰ
2663 4421 2789 4496 περὶ
2829 4419 2922 4475 τὸν
2946 4419 3220 4492 Σαμουὴλ,
3243 4420 3453 4475 καὶτὸν
3493 4419 3690 4484 Ἠλίαν,
3708 4421 3800 4473 καὶ

2229 4516 2322 4571 τὸν
2359 4516 2660 4571 Ἐλισσαῖον
2679 4556 2695 4583 ,
2726 4514 2938 4570 καὶτὸν
2970 4513 3249 4578 Ἐζεκίαν.
3288 4512 3401 4566 Καὶ
3442 4512 3612 4578 οὕτως
3641 4512 3795 4565 £121-

548 4618 646 4659 vas
678 4621 691 4657 :
730 4617 761 4657 a
791 4619 1029 4674 quanam
1060 4614 1326 4676 potestate
1369 4607 1450 4663 sol
1475 4608 1737 4665 adversus
1771 4608 2125 4677 Gabaonitas,

2232 4607 2339 4665 θὼν
2369 4608 2435 4663 ἂν
2461 4611 2489 4663 ὁ
2514 4606 2704 4680 Σωτὴρ
2731 4608 2826 4662 καὶ
2851 4605 2911 4662 τὸ
2950 4605 3092 4661 κατὰ
3117 4605 3218 4670 τὰς
3242 4604 3536 4679 διαφόρους
3560 4605 3797 4673 ἐξουσίας

548 4693 679 4748 luna
724 4705 906 4751 autem
959 4707 1148 4753 contra
1190 4698 1385 4770 vallem
1446 4699 1640 4770 Ajalon
1688 4701 2022 4770 constiterit;
2071 4708 2126 4757 et

551 4787 710 4858 longe
755 4798 949 4855 antea,
995 4805 1231 4861 quanam
1283 4763 1551 4863 potestate
1599 4803 1910 4863 permeatus
1962 4763 2127 4850 fuerit

547 4877 813 4937 Iordanes
845 4880 1077 4948 ﬂuvius,
1116 4892 1170 4939 et
1194 4899 1395 4939 manna
1424 4886 1739 4942 cessaverit.
1779 4887 1858 4943 Ac
1892 4887 1947 4942 in
1983 4886 2124 4942 libro

547 4974 769 5045 quidem
803 4973 1055 5032 Judieum
1084 4977 1338 5050 pleraque
1371 4978 1639 5050 ejusmodi
1669 4979 1837 5051 quaeri
1866 4994 1932 5035 ac
1972 4993 2126 5050 repe-

547 5067 644 5123 riri
674 5068 884 5138 possint
909 5068 1176 5141 prodigia,
1210 5085 1274 5126 ea
1301 5081 1432 5141 puta
1470 5087 1592 5141 qua:
1643 5071 1785 5127 circa
1814 5069 2120 5127 Gedeonem

2229 4699 2451 4757 διελθὼν
2479 4703 2777 4773 μυστήριον
2816 4697 3051 4766 ἐδίδαξεν
3081 4697 3149 4755 ἂν
3178 4699 3238 4752 ἐν
3265 4698 3397 4770 ποία
3436 4697 3673 4770 ἐξουσία,
3702 4697 3793 4749 καὶ

2230 4795 2349 4861 πῶς
2378 4793 2720 4869 ὑπερεχούσῃ
2746 4793 2920 4847 ἐποίει
2958 4791 2996 4847 ἃ
3034 4791 3259 4846 ἔϐλεπεν
3286 4792 3316 4845 ὁ
3354 4791 3488 4856 λαὸς
3514 4791 3787 4863 τεράστια,

2228 4887 2445 4962 δοθείσῃ
2472 4887 2622 4959 αὐτῷ
2653 4890 2755 4942 οὐκ
2785 4886 2894 4941 ἀπό
2934 4898 3079 4951 τινος
3112 4884 3343 4955 ἀγγέλου
3372 4884 3469 4939 καὶ
3496 4878 3789 4955 λειτουργοῦ

2230 4976 2365 5032 Θεοῦ
2390 5016 2405 5041 ,
2452 4977 2574 5032 οὐδὲ
2611 4977 2701 5033 διά
2739 4994 2882 5041 τινος
2916 4977 3026 5033 τῶν
3073 4975 3484 5047 ὑποδεεστέρων
3513 4975 3607 5032 τοῦ
3630 4970 3785 5035 Θεοῦ.

2228 5069 2347 5125 ἀλλ’
2375 5070 2485 5125 ἀπὸ
2508 5067 2677 5125 αὐτοῦ
2704 5069 2800 5125 τοῦ
2832 5070 3071 5142 Πατρός.

1748 5187 1985 5245 VETUS
2026 5186 2610 5243 INTERPRETATIO.

547 5281 844 5355 respopuli
872 5292 1268 5355 cognoscentes
1295 5284 1453 5354 plura
1488 5285 1556 5340 de
1584 5285 1947 5355 potestatibus
1970 5324 1986 5349 ,
2020 5292 2076 5338 et
2098 5284 2358 5353 gradibus
2388 5290 2856 5340 sacramentorum
2887 5283 3194 5355 coalestium
3215 5320 3234 5349 ,
3281 5282 3401 5338 sive
3424 5279 3782 5355 exrtraditione

550 5351 865 5427 utajorum,_
887 5351 1002 5427 siye
1029 5352 1108 5427 de
1124 5351 1349 5427 secretis
1394 5351 1745 5425 quibusdam.
1781 5365 1965 5410 utrum
1994 5351 2623 5427 autémrationabiliter,
2657 5364 2752 5408 aut
2795 5353 3259 5427 irrationabiliter,
3293 5354 3517 5427 excitati
3548 5352 3781 5427 videbant.

548 5415 732 5501 Jesinn
759 5415 1203 5501 multa'prodigia
1234 5415 1656 5501 facien'tem‘nnn
1690 5415 2111 5501 sinepotestate
2129 5425 2310 5501 aliqua
2359 5425 2410 5479 ei
2436 5415 2682 5501 subjecta
2713 5443 2727 5479 :
2756 5434 2810 5480 et
2840 5415 3276 5501 ideopotestatis
3304 5423 3455 5501 illius
3480 5423 3781 5501 specietnft

552 5490 934 5569 prpprietatem
959 5487 1220 5569 volabant
1243 5497 1434 5569 audire
1443 5496 1750 5569 aCliristo.
1802 5487 1885 5569 Et
1914 5497 1961 5569 si
1985 5496 2204 5566 quidem
2222 5487 2771 5569 'fuissentprincipes
2797 5487 3147 5569 sacerdotum
3179 5495 3350 5565 aliqui
3380 5487 3557 5550 sancti
3576 5534 3591 5557 ,
3621 5487 3782 5569 qualis

550 5557 652 5613 fuit
677 5561 881 5640 Aaron,
917 5565 1000 5618 vel
1027 5563 1274 5640 Eleazar,
1318 5568 1401 5640 vel
1425 5565 1698 5640 Phinees,
1731 5567 1813 5640 vel
1840 5557 2373 5640 quicu'nqueeorum
2399 5557 3043 5640 qui-bene'l‘u‘netionem
3071 5581 3232 5640 suam
3259 5557 3774 5640 consummaverunt,

546 5635 710 5698 quasi
742 5645 849 5686 non
882 5635 1238 5705 tentantibus,
1280 5637 1375 5693 sed
1403 5638 1618 5694 discere
1646 5635 2015 5709 cupientibus,
2048 5647 2103 5693 et
2144 5636 2327 5709 dignis
2351 5636 2671 5708 liujusmodi
2699 5636 2950 5704 scientia,
2982 5638 3102 5695 sine
3141 5636 3312 5695 dubio
3336 5635 3652 5695 declarasset
3669 5644 3777 5697 my-

623 5747 667 5781 "
686 5749 804 5806 Gal.
840 5768 923 5819 ιιι,
958 5756 1040 5811 19.
1118 5755 1164 5789 ι,
1197 5756 1363 5815 llebr.
1395 5775 1455 5827 ll,
1485 5760 1539 5815 2.

621 5874 734 5943 (55)
764 5877 924 5931 Κατὰ
954 5878 1061 5948 ςιὶι
1076 5898 1245 5951 arra.
1278 5879 1353 5937 lta
1386 5882 1581 5954 legitur
1607 5884 1661 5939 in
1710 5886 1895 5944 codice
1927 5886 2129 5958 Anglic:

2235 5928 2247 5954 ,
2279 5886 2508 5946 lluetius
2539 5897 2718 5947 tamen
2747 5887 2930 5946 omisit
2963 5886 3125 5944 κατά.
