3962 6542
106 361 280 420 1681

1088 365 1444 425 COMMENT.
1487 365 1555 421 ΙΝ
1595 361 2013 422 MATTIIIEUM
2054 361 2290 420 TOMUS
2330 363 2492 420 XVII.

3288 348 3423 454 ttae

103 492 180 536 et
216 484 562 538 Samsonem
609 483 982 555 contigerunt;
1029 485 1121 540 sed
1149 495 1204 541 et
1234 485 1286 539 in
1318 483 1526 556 Regum
1559 483 1736 546 libris,
1771 495 1894 554 quae
1924 481 2072 537 circa
2123 479 2455 546 Samnelem,
2487 491 2541 537 et
2593 480 2858 547 Eliam,et
2884 482 3162 551 Elisaeum,
3189 494 3245 541 et
3289 483 3427 545 Ie-

106 574 332 628 chiam
383 573 522 629 facta
573 585 719 630 sunt.
777 575 986 641 Quibus
1032 591 1164 631 sane
1211 574 1690 638 commemoratis,
1747 585 1802 628 et
1865 573 2123 643 mysterio
2168 573 2314 642 quod
2359 572 2412 626 itt
2463 572 2632 628 variis
2694 575 3054 643 potestatibus
3113 578 3428 633 continetur

109 667 440 737 exposito,
487 673 540 722 in
583 682 816 738 quanam
862 677 1131 738 potestate
1167 685 1228 724 ea
1288 668 1490 724 faceret
1544 666 1787 738 prodigia
1842 680 1965 735 quae
2013 665 2231 720 videbat
2275 663 2531 734 p0pulns,
2576 665 2907 720 ostendisset
2951 663 3240 734 Servator;
3288 683 3429 739 quo-

110 764 315 818 modo
351 761 514 816 etiam
549 760 673 817 aliis
718 763 1080 832 potestatibus
1112 771 1394 832 praestaret
1428 762 1544 816 hmo
1585 767 1858 830 potestas,
1919 774 2083 830 quam
2131 773 2238 812 non
2296 757 2366 811 ab
2412 756 2605 828 angelo
2654 757 2871 828 aliquo,
2938 757 3100 814 Deive
3151 761 3423 827 ministro,

113 869 242 911 nec
283 870 314 908 a
342 867 618 924 quoquam
647 853 739 922 qui
771 852 879 907 Deo
908 852 1133 908 inferior
1181 863 1359 917 esset,
1397 853 1491 908 sed
1517 852 1585 906 ab
1615 851 1734 920 ipso
1771 849 1933 906 Patre
1956 855 2260 919 acceperat.

218 949 392 1003 Ἐπεὶ
417 949 473 1002 δὲ
496 950 544 1002 οί
569 947 802 1002 ἐνταῦθα
833 951 1109 1022 ἀρχιερεῖς
1137 950 1231 1004 καὶ
1255 948 1614 1021 πρεσϐύτεροι
1641 945 1736 1001 τοῦ

1914 947 2080 1018 769
2123 947 2176 1001 3.
2220 945 2417 1002 Verum
2478 957 2604 1000 cum
2661 945 2936 1008 ejusmodi
2989 961 3173 1002 rerum
3232 949 3427 1005 notitia

115 1039 277 1094 λαοῦ
311 1038 563 1110 οὐδαμῶς
593 1039 734 1106 ἄξιοι
760 1035 900 1111 ἦσαν
934 1039 1190 1094 τοιούτων
1225 1039 1618 1111 θεωρημάτων,
1652 1037 1742 1091 διὰ

114 1133 307 1186 τοῦτο
349 1133 534 1196 αὐτοῖς
566 1133 668 1186 οὐκ
711 1134 1084 1205 ἀποκρίνεται,
1129 1132 1243 1186 ἀλλ’
1295 1131 1609 1203 ἀντερωτᾷ,
1655 1130 1743 1183 ἵνα

120 1223 229 1278 διὰ
258 1223 359 1276 τοῦ
412 1223 487 1294 μὴ
526 1223 915 1296 ἀποκρίνεσθαι
971 1224 1214 1287 ἐκείνους
1255 1225 1334 1287 εἰς
1372 1223 1439 1274 τὰ
1477 1221 1604 1293 περὶ
1648 1221 1742 1274 τοῦ

136 1317 410 1370 Ἰωάννου
444 1316 538 1370 καὶ
568 1316 728 1380 αὐτὸς
763 1317 928 1390 πείσῃ
957 1315 1192 1384 εὐλόγως
1226 1316 1350 1378 τοὺς
1383 1313 1740 1385 πυθομένους,

121 1409 223 1461 ὅτι
241 1408 308 1461 οὐ
330 1407 508 1479 μάτην
526 1407 709 1472 αὐτοῖς
725 1408 1054 1481 ἀπεκρίνατο
1074 1407 1265 1477 λέγων·
1292 1426 1310 1459 ι
1335 1404 1469 1459 Οὐδὲ
1490 1404 1600 1474 ἐγὼ
1615 1404 1743 1476 ὑμῖν

123 1499 290 1569 λέγω
323 1501 382 1554 ὲν
421 1497 550 1572 ποίᾳ
593 1499 812 1571 ἐξουσίᾳ
839 1499 1013 1554 ταῦτα
1048 1499 1206 1553 ποιῶ.
1264 1517 1282 1550 ι
1319 1495 1476 1570 Ζητῶ
1508 1495 1566 1551 δὲ
1601 1495 1744 1550 κατά

124 1592 233 1646 τὸν
263 1592 432 1644 τόπον
467 1592 515 1644 εί
548 1593 780 1654 ἕκαστος
803 1591 912 1645 τῶν
945 1590 1323 1663 πεποιηκότων
1359 1589 1414 1643 ἐν
1452 1605 1560 1642 τινι
1589 1587 1741 1653 ἐξου-

130 1683 237 1754 σίᾳ
282 1682 564 1753 παράδοξα
611 1683 668 1735 ὲν
706 1683 804 1753 μιᾷ
847 1679 1170 1751 πεποίηκεν,
1211 1682 1245 1753 ἧ
1286 1697 1428 1744 τινες
1479 1678 1580 1752 μὲν
1623 1678 1741 1732 κατ’

128 1773 324 1843 ἀρχὰς
347 1774 405 1825 ὲν
438 1773 584 1844 τῇδε,
623 1772 994 1844 προκόψαντες
1021 1772 1078 1826 δὲ
1109 1773 1167 1827 ἒν
1194 1791 1298 1826 τινι
1332 1770 1539 1844 μείζονι
1558 1784 1570 1802 ⁵
1603 1771 1742 1842 πλὴν

129 1867 165 1919 ὁ
204 1866 399 1937 Σωτὴρ
432 1865 576 1919 ἔοικε
621 1866 719 1936 μιᾷ
749 1863 863 1935 (54)
908 1863 1128 1935 ἐξουσίᾳ
1156 1863 1329 1918 ταῦτα
1360 1861 1739 1934 πεποιηκέναι,

130 1951 174 2029 ᾗ
204 1956 399 2011 ἔλαϐεν
427 1955 536 2010 ἀπὸ
570 1954 663 2008 τοῦ
696 1953 907 2027 Πατρός
935 1971 947 1986 ’
986 1954 1046 2008 τὸ
1075 1955 1202 2026 γάρ·
1241 1973 1259 2005 ι
1300 1951 1435 2008 Οὐδὲ
1467 1951 1578 2021 ὲγὼ
1611 1953 1742 2022 ὑμῖν

132 2049 291 2117 λέγω
319 2049 377 2101 ὲν
411 2047 538 2117 ποίᾳ
573 2045 790 2118 ἐξουσίᾳ
817 2046 991 2100 ταῦτα
1022 2045 1182 2111 ποιῶ,
1222 2065 1240 2097 ι
1277 2045 1620 2107 διδάσκοντος
1651 2040 1738 2115 ἦν,

127 2142 223 2196 ὅτι
259 2142 320 2194 ὲν
349 2137 564 2211 ἐξουσίᾳ
599 2139 698 2209 μὲν
739 2137 1038 2210 πεποίηκεν
1060 2154 1074 2169 ·
1108 2139 1164 2190 ὲν
1196 2135 1326 2208 ποίᾳ
1359 2135 1436 2199 δὲ,
1470 2136 1532 2188 οὐ
1569 2130 1739 2207 παρέ-

136 2252 343 2307 στησεν
375 2233 632 2297 ἐκείνοις,
667 2227 790 2286 οὐδὲ
837 2233 936 2304 τὴν
976 2231 1215 2302 ἰδιότητα
1248 2229 1418 2300 αὐτῆς
1452 2228 1737 2295 ἀνέπτυξε,

1843 1038 1992 1109 digni
2027 1054 2134 1092 non
2165 1048 2349 1094 essent
2377 1040 2468 1109 qui
2506 1040 2614 1094 illic
2645 1039 2873 1094 aderant
2902 1039 3248 1094 sacerdotum
3279 1041 3431 1110 prin-

1843 1130 2012 1201 cipes,
2067 1141 2122 1186 et
2171 1131 2420 1188 seniores
2466 1132 2676 1202 populi,
2705 1139 2990 1202 propterea
3035 1131 3262 1187 minime
3296 1130 3431 1202 ipsis

1845 1224 2157 1294 respondet,
2188 1224 2282 1279 sed
2320 1224 2559 1279 vicissim
2591 1225 2932 1292 interrogat;
2967 1231 3158 1276 utnon
3199 1239 3432 1292 respon-

1844 1315 2100 1371 dentibus
2133 1316 2198 1371 iis
2247 1316 2312 1370 ad
2339 1331 2402 1371 ea
2439 1331 2560 1386 quae
2584 1325 2828 1386 spectant
2876 1314 2942 1368 ad
2974 1312 3262 1379 Joannem,
3311 1330 3432 1383 per-

1845 1407 2077 1464 suadere
2132 1424 2256 1464 cum
2303 1408 2514 1462 ratione
2573 1417 2626 1464 et
2676 1408 2791 1478 ipse
2814 1417 3019 1478 posset,
3054 1405 3122 1462 iis
3167 1424 3195 1460 a
3228 1407 3430 1477 quibus

1848 1499 2292 1570 interrogabatur
2336 1513 2395 1554 sc
2450 1513 2562 1552 non
2625 1497 2828 1552 frustra
2867 1497 2920 1551 in
2973 1497 3089 1552 haec
3130 1497 3289 1551 verba
3342 1512 3436 1552 re-

1847 1590 2198 1662 spondisse“
2231 1609 2245 1644 :
2284 1609 2303 1641 ι
2335 1588 2447 1644 Nec
2474 1605 2574 1661 ego
2600 1591 2724 1644 dico
2757 1589 2909 1646 vobis
2939 1589 2993 1644 in
3027 1604 3133 1660 qua
3160 1600 3432 1660 potestate

1846 1683 1961 1738 haec
2011 1682 2170 1737 facio.
2215 1701 2234 1734 ›
2271 1679 2386 1737 Hoc
2419 1690 2598 1736 autem
2653 1682 2771 1736 loco
2802 1696 2988 1750 qnzero
3025 1691 3207 1735 utrum
3257 1695 3428 1735 unus-

1844 1773 2080 1845 quisque
2107 1788 2298 1828 corum
2329 1775 2421 1845 qui
2448 1773 2690 1845 prodigia
2739 1773 2792 1827 in
2817 1773 2997 1841 aliqua
3025 1781 3291 1842 potestate
3312 1772 3431 1826 edi-

1842 1865 2058 1930 derunt,
2093 1865 2147 1920 itt
2179 1881 2285 1920 una
2317 1867 2617 1935 eademque
2643 1874 2941 1935 potestate;
2981 1881 3048 1919 an
3072 1866 3240 1936 aliqui
3273 1845 3430 1921 initio

1843 1956 2060 2025 quidem
2113 1956 2167 2010 in
2201 1956 2325 2021 hac,
2383 1970 2680 2026 progressu
2714 1965 2892 2008 autem
2943 1953 3109 2016 facto,
3152 1956 3202 2008 itt
3245 1953 3429 2024 aliqua

1843 2043 2136 2115 majore-ca
2163 2045 2431 2100 ediderint
2466 2061 2480 2099 :
2515 2054 2570 2100 at
2593 2046 2645 2098 itt
2673 2059 2777 2099 una
2810 2052 3074 2114 potestate
3095 2059 3258 2115 quam
3282 2059 3412 2100 aece

1841 2135 1921 2206 pit
1941 2152 1970 2191 a
1992 2135 2152 2191 Patre
2183 2137 2300 2192 haec
2326 2137 2511 2192 omnia
2537 2136 2730 2192 fecisse
2754 2137 2967 2190 videtur
2991 2134 3280 2202 Servator;
3316 2138 3429 2191 haec

1841 2229 1987 2285 enim
2019 2231 2182 2284 verba
2212 2247 2224 2282 :
2263 2247 2282 2280 ι
2319 2229 2429 2284 Nec
2458 2245 2559 2300 ego
2587 2227 2712 2283 dico
2743 2228 2899 2284 vobis
2934 2227 2988 2282 in
3009 2244 3117 2298 qua
3158 2237 3429 2299 potestate

133 2294 360 2380 καίὸσα
384 2325 451 2380 ἂν
470 2294 709 2396 ὡρίσατο
741 2322 870 2393 περ).
893 2294 1088 2394 ἀὐτῆς
1115 2294 1385 2394 παριστὰς
1417 2317 1586 2388 αὐτῆς
1627 2294 1736 2388 (55)

1843 2320 1959 2376 haec
1980 2318 2154 2384 facio,
2191 2339 2209 2372 ι
2239 2321 2360 2390 ejus
2407 2294 2564 2376 erant
2612 2319 2705 2390 qui
2754 2320 2807 2374 in
2854 2294 3041 2390 aliqua
3076 2294 3341 2390 potestate
3364 2337 3428 2376 ca

134 2417 203 2469 τὸ
225 2415 504 2488 ἐξαίρετον
534 2413 686 2486 παρά
715 2413 814 2478 τὰς
839 2414 1030 2478 λοιπὰς
1058 2409 1305 2482 ἐξουσίας
1339 2415 1397 2466 ὲν
1437 2405 1523 2476 αῖς
1555 2411 1604 2464 oi
1635 2410 1739 2481 πρὸ

136 2507 312 2562 αὐτοῦ
353 2508 630 2580 προφῆται
672 2508 1092 2579 πεποιήκεισαν.
1139 2505 1250 2560 Καὶ
1297 2503 1394 2559 νῦν
1448 2505 1493 2557 δ’
1545 2505 1602 2558 ὲν
1662 2504 1739 2574 τῷ

138 2598 301 2669 ἱερῷ,
321 2600 386 2669 τῇ
406 2598 725 2670 Ἐκκλησίᾳ,
759 2599 908 2651 ἐστὶν
937 2600 965 2650 ὁ
992 2597 1246 2670 Χριστὸς,
1277 2598 1370 2650 καὶ
1403 2597 1642 2652 διδάσκει
1681 2599 1738 2648 ὲν

137 2690 315 2762 αὐτῷ,
343 2690 434 2745 καί
458 2707 602 2754 τινες
629 2691 997 2762 παραπλήσιοι
1025 2691 1254 2754 ἐκείνοις
1276 2693 1387 2754 τοῖς
1417 2687 1738 2761 ἀρχιερεῦσι

141 2783 242 2836 καὶ
295 2785 405 2846 τοῖς
455 2782 850 2855 πρεσϐυτέροις
892 2781 986 2835 τοῦ
1030 2780 1162 2836 λαοῦ
1212 2780 1574 2834 πυνθάνονται
1624 2777 1734 2848 (56)

143 2874 249 2946 μὲν
285 2873 474 2938 αὐτοῦ,
520 2875 580 2927 οὐ
615 2873 946 2944 τυγχάνουσι
989 2868 1047 2927 δὲ
1080 2873 1181 2942 τῆς
1212 2872 1578 2943 ἀποκρίσεως,
1607 2870 1738 2925 ἀνά-

141 2965 250 3033 ξιοι
280 2965 375 3020 τοῦ
408 2967 606 3021 εἰδέναι
641 2967 772 3039 περὶ
813 2959 889 3022 ὧν
923 2966 1204 3038 βούλονται
1250 2964 1461 3036 μαθεῖν.
1501 2965 1736 3036 Ζητήσει

139 3057 202 3112 δέ
227 3075 310 3123 τις
337 3058 561 3128 πότερον
597 3055 918 3131 βουλόμενος
944 3057 1142 3122 αὐτοὺς
1175 3057 1571 3111 ἀποσείσασθαι
1597 3057 1734 3110 ἀποο

142 3149 499 3221 κληρωτικιῖκ
532 3147 762 3204 ἐπύθετο
794 3151 923 3222 περὶ
971 3149 1064 3203 τοῦ
1113 3149 1394 3210 Ἰωάννου.
1430 3147 1506 3211 ὡς
1550 3148 1599 3201 εί
1642 3147 1736 3201 καὶ

146 3242 278 3312 περὶ
321 3239 478 3294 ἄλλου
537 3237 682 3304 τινὸς
731 3240 974 3295 τοιούτου
1032 3238 1338 3310 πυθόμενος
1363 3235 1451 3311 ἦν,
1494 3239 1527 3312 ἢ
1564 3240 1735 3310 ἀναγ-

144 3332 318 3395 καίως
347 3332 474 3404 περὶ
504 3331 597 3385 τοῦ
636 3332 880 3386 Ἰωάννου
912 3329 1164 3394 ἐπύθετο,
1191 3327 1278 3384 ἵνα
1312 3327 1447 3404 πρὸς
1479 3332 1575 3403 τὴν
1611 3333 1736 3404 περὶ

143 3420 308 3475 αὐτοῦ
334 3421 622 3493 ἀπόκρισιν
649 3421 717 3474 τὰ
743 3421 1008 3476 ἀκόλουθα
1034 3423 1159 3494 περὶ
1188 3423 1286 3492 τῆς
1320 3420 1567 3487 ἐξουσίας
1601 3423 1734 3476 ἀπο-

145 3513 416 3584 κρίνηται.
463 3511 616 3583 Ἐμοὶ
641 3513 702 3583 δὴ
730 3512 978 3582 φαίνεται
1009 3513 1080 3584 μὴ
1107 3515 1570 3585 ἀποκληρωτικῶς
1593 3512 1733 3568 εἶναι

145 3598 208 3652 τὸ
233 3598 371 3653 κατὰ
397 3599 489 3652 τὸν
515 3599 699 3663 τόπον,
728 3600 843 3653 ἀλλ’
876 3602 998 3654 ἐπεὶ
1038 3603 1290 3674 Ἰωάννης
1326 3621 1342 3652 ι
1385 3604 1535 3674 φωνὴ
1565 3603 1733 3673 βοῶν-

145 3705 238 3752 τος
269 3708 286 3741 ι
324 3685 391 3761 ἦν
432 3709 450 3743 ι
490 3693 548 3745 ἐν
579 3696 643 3764 τῇ
681 3695 902 3765 ἐρήμῳ·
948 3694 1307 3766 Ἑτοιμάσατε
1341 3696 1437 3766 τὴν
1470 3697 1586 3750 ὁδὸν
1615 3699 1728 3750 Κυ-

149 3782 288 3853 ρίου,
346 3801 364 3834 ι
402 3783 496 3837 καὶ
543 3778 694 3849 οὗτος
730 3780 796 3857 ἦν
851 3787 976 3858 περὶ
1013 3783 1071 3841 οὗ
1108 3785 1138 3840 ὁ
1188 3787 1474 3860 προφήτης
1510 3788 1728 3858 ἔλεγεν⁸

147 3889 168 3922 ι
213 3871 341 3926 ’1δού
370 3872 480 3942 ἐγὼ
504 3876 784 3929 ἀποστελῶ
805 3877 916 3947 (57)
934 3877 1024 3932 τὸν
1044 3878 1274 3948 ἄγγελόν
1300 3897 1400 3949 μου
1427 3877 1534 3949 πρὸ
1560 3897 1732 3951 προσ⁸

143 3961 292 4016 ὡπου
329 3980 440 4028 σου,
477 3965 535 4030 ὃς
576 3968 974 4023 κατασκευάσει
1021 3970 1118 4041 τὴν
1145 3969 1258 4023 ὁδόν
1302 3987 1393 4024 σου
1424 3971 1730 4044 ἔμπροσθέν

147 4070 238 4107 σου
259 4072 272 4082 ·
309 4073 327 4106 t
363 4055 406 4092 δ·
425 4057 449 4110 ἰ
482 4057 658 4123 τοῦτο,
683 4053 860 4131 οἶμαι,
891 4061 1217 4115 πυνθάνεται
1251 4060 1380 4134 περὶ
1409 4063 1596 4128 αὐτοῦ,
1626 4065 1727 4118 οὐκ

143 4145 352 4215 ἀγνοῶν
387 4149 506 4219 μὲν,
543 4151 626 4204 ὅτι
655 4153 1123 4226 ὲπισκοπήσαντες
1163 4154 1409 4227 ἐροῦσινο
1445 4175 1462 4207 ι
1504 4154 1612 4209 Οὐκ
1650 4156 1728 4210 οἴ-

144 4237 332 4309 δαμεν,
373 4258 392 4292 ι
434 4239 524 4295 διὰ
563 4243 633 4298 τὰ
675 4244 1142 4317 ἀναγεγραμμένα
1167 4264 1179 4277 ο
1217 4246 1336 4302 καθ’
1370 4248 1624 4304 ὑπόθεσιν
1667 4247 1723 4303 δὲ

1841 2425 1900 2465 se
1932 2409 2129 2465 fecisse
2153 2410 2502 2480 proﬁteretur
2525 2427 2539 2476 ;
2563 2411 2616 2464 in
2641 2425 2880 2480 quanam
2917 2422 3122 2476 autem,
3147 2411 3280 2481 ipsis
3302 2425 3432 2464 ncu-

1840 2502 2048 2571 tiqtram
2078 2501 2403 2570 declararet,
2461 2517 2640 2572 neque
2664 2502 2839 2573 ipsius
2867 2502 2994 2556 item
3041 2503 3426 2573 proprietatem

1838 2593 2153 2662 explicaret,
2170 2609 2348 2663 neque
2383 2594 2591 2660 omnia,
2621 2609 2744 2666 quae
2777 2610 2942 2664 super
2961 2609 3026 2651 ea
3055 2595 3428 2661 disseruisset,

1838 2685 1884 2741 si
1933 2685 2311 2756 praestantiam
2368 2687 2516 2742 illius
2565 2688 2900 2757 suscepisset
2939 2685 3323 2753 deliniendam,
3361 2699 3432 2742 ac

1837 2777 2214 2834 excellentiam
2240 2793 2352 2848 pra:
2380 2779 2608 2849 reliquis
2654 2795 2708 2833 tn
2753 2780 2955 2851 quibus
2985 2781 3231 2851 prodigia
3286 2781 3429 2836 fece-

1838 2880 1964 2926 rant
2009 2873 2289 2942 prophetm
2329 2873 2424 2944 qui
2473 2873 2652 2944 ipsum
2705 2886 3116 2945 prtecesserant.
3145 2871 3303 2932 Nunc
3329 2891 3427 2932 au-

1837 2969 1946 3016 tem
1975 2962 2028 3016 in
2066 2962 2286 3032 templo,
2337 2962 2390 3016 in
2445 2961 2686 3018 Ecclesia
2719 2965 2950 3031 scilicet,
2986 2975 3238 3022 versatur
3265 2967 3426 3023 Chri-

1837 3063 1979 3119 stus,
2013 3055 2069 3109 itt
2093 3070 2268 3126 eoque
2301 3056 2461 3111 docet
2493 3075 2506 3111 :
2545 3057 2633 3114 his
2664 3067 2846 3112 autem
2881 3059 3222 3129 principibus
3245 3071 3299 3116 et
3327 3076 3425 3132 po—

1836 3145 1950 3216 puli
1984 3147 2296 3203 senioribus
2355 3147 2671 3203 eonsimiles
2716 3149 2937 3218 quidam
2972 3149 3149 3220 ipsum
3190 3152 3424 3206 interrae

1837 3247 2002 3310 gant,
2061 3240 2474 3310 responsionem
2548 3249 2732 3296 autem
2806 3257 2914 3296 non
2969 3230 3418 3314 consequuntur,
3466 3285 3470 3289 .

1837 3340 2025 3403 utpote
2073 3333 2166 3402 qui
2211 3346 2402 3387 earum
2440 3348 2623 3387 rerum
2669 3334 2859 3390 notitia
2904 3352 3248 3408 nequaquam
3273 3339 3422 3409 digiti

1837 3424 1968 3490 sint,
1998 3437 2162 3494 quam
2193 3424 2422 3495 adipisci
2453 3434 2729 3496 satagunt.
2758 3425 3080 3492 Quaesiverit
3104 3438 3284 3484 autem
3320 3431 3424 3483 ali-

1838 3518 1963 3586 quis
1993 3528 2175 3573 utrum
2201 3533 2298 3572 eos
2353 3533 2384 3572 a
2415 3533 2474 3573 se
2504 3518 2792 3588 dispellere
2825 3521 3037 3587 volens,
3064 3521 3206 3578 hanc
3238 3522 3320 3578 eis
3356 3523 3424 3578 de

1762 3630 1803 3688 ο
1835 3606 2046 3663 Joanne
2079 3609 2437 3679 quaeationrm
2475 3608 2702 3665 fortuito
2723 3612 3026 3682 impegerit,
3052 3628 3116 3668 ac
3147 3615 3192 3669 sl
3232 3615 3296 3669 de
3314 3614 3423 3669 alio

1836 3701 2034 3770 quovis
2065 3701 2230 3755 simili
2279 3701 2659 3771 qumsivisset;
2691 3718 2758 3756 an
2785 3703 2850 3758 de
2869 3689 3084 3759 Joanne
3111 3707 3422 3760 necessario

1835 3793 2276 3862 interrogaverit,
2298 3802 2356 3864 ut
2378 3793 2515 3846 datze
2540 3792 2608 3846 de
2629 3807 2694 3846 eo
2725 3795 3065 3862 responsioni
3091 3812 3213 3866 qua:
3236 3797 3303 3851 de
3325 3814 3421 3867 po-

1838 3892 2033 3937 testate
2085 3882 2328 3938 subnexa
2375 3893 2503 3938 sunt
2544 3884 2918 3956 subjuttgeret.
2962 3885 3093 3940 Mihi
3136 3903 3264 3941 vero
3302 3887 3418 3942 for-

1838 3975 1974 4030 tuito
1996 3975 2198 4030 dictum
2229 3991 2335 4028 non
2367 3991 2487 4032 esse
2522 3978 2737 4033 videtur
2759 3977 2905 4048 qttod
2935 3987 3112 4032 exstat
3147 3978 3249 4034 hoc
3275 3979 3415 4044 loco,

1838 4067 1929 4122 sed
1955 4066 2396 4137 quandoquidem
2440 4067 2682 4126 Joannes
2718 4086 2738 4121 ι
2780 4086 2881 4124 vox
2910 4078 3027 4124 erat
3049 4070 3335 4127 clamantis
3361 4073 3414 4126 in

1831 4156 2048 4213 deserto
2071 4158 2115 4189 ’⁸⁸
2146 4157 2376 4213 :Parate
2399 4159 2541 4213 viam
2578 4160 2817 4224 Domini,
2847 4180 2865 4210 ι
2897 4170 3059 4230 atque
3090 4161 3137 4216 is
3158 4164 3271 4232 ipse
3297 4173 3416 4218 erat

1830 4249 1898 4303 de
1945 4263 2055 4318 quo
2081 4249 2291 4304 dixerat
2321 4251 2584 4322 propheta
2609 4251 2654 4282 ⁸⁸
2682 4270 2694 4306 :
2730 4269 2747 4302 ι
2788 4251 2927 4306 Ecce
2947 4265 3048 4322 ego
3078 4253 3288 4308 mittam
3313 4270 3412 4309 ano

1356 4345 1582 4422 vertis
1629 4361 2206 4421 INTERPRETATIO.

149 4475 662 4597 stqriqaggtestalum
686 4516 700 4542 ,
733 4486 785 4532 et
811 4477 1145 4534 differentias
1172 4494 1361 4534 earum
1385 4521 1400 4547 ,
1439 4482 1583 4535 etde
1606 4481 1899 4536 contrariis
1923 4481 2282 4552 potestatibus
2320 4483 2589 4539 rationem
2620 4491 2675 4538 et
2703 4479 3037 4538 differentias
3063 4496 3252 4538 earum
3285 4499 3401 4540 mae

167 4561 203 4597 η
229 4562 286 4597 es
403 4561 432 4597 e
460 4583 474 4597 .

149 4556 449 4600 lllleSlaSSBI
460 4583 474 4598 .

223 4616 274 4669 3.
305 4613 570 4680 Quoniam
602 4626 783 4695 autem
817 4616 891 4671 illi
921 4618 1198 4688 principes
1227 4620 1596 4695 sacerdotum,
1627 4629 1681 4675 et
1702 4620 1886 4695 populi
1924 4620 2169 4676 seniores
2197 4637 2305 4676 non
2336 4620 2720 4695 l‘uerantdigni
2753 4622 2876 4678 talia
2901 4622 3092 4679 audire
3121 4623 3404 4695 mysteria,

149 4696 429 4766 propterea
457 4701 574 4766 non
593 4687 673 4766 eis
700 4687 793 4740 dat
826 4687 1174 4766 responsujn,
1210 4691 1304 4744 sed
1335 4699 1524 4766 contra
1555 4687 1933 4766 interrogavit,
1981 4701 2041 4746 ut
2079 4702 2296 4766 propter
2334 4694 2444 4766 hoc
2464 4695 2609 4766 quod
2633 4687 2748 4746 non
2789 4695 3119 4766 respondent
3147 4687 3214 4749 ad
3240 4687 3406 4751 inter;

144 4755 477 4835 rogationem
510 4755 612 4836 sibi
640 4755 974 4839 propositam
997 4757 1312 4839 deuloanne,
1347 4761 1744 4816 rationabiliter
1769 4755 1874 4839 nec
1894 4763 2011 4832 ipse
2038 4755 2366 4839 respondeat
2399 4755 2498 4819 eis:
2527 4762 2726 4830 Quaero
2752 4755 2933 4839 autem
2955 4765 3013 4839 si
3032 4767 3408 4839 unusquisque

143 4839 331 4905 eorum
361 4825 640 4905 qui.signa
669 4825 920 4905 fecerunt
934 4828 987 4881 in
1018 4829 1204 4905 aliqua
1239 4839 1526 4905 potestate,
1572 4841 1754 4905 utrum
1798 4834 1851 4886 in
1889 4825 1997 4905 tt'na
2034 4825 2283 4905 fecerunt
2332 4825 2571 4905 semper,
2627 4843 2721 4887 aut
2755 4837 2807 4888 in
2857 4835 3048 4904 primis
3081 4825 3402 4905 quidem'in

146 4894 268 4959 ista,
303 4894 960 4976 proﬁcientesnautemLin
983 4899 1089 4976 alia
1115 4894 1384 4976 potestate
1413 4894 1642 4976 majore.
1660 4896 1875 4976 :i‘amen
1896 4900 2148 4976 salvator
2177 4894 2471 4976 videturiti
2491 4894 2598 4976 una
2631 4894 2896 4972 potestate
2916 4894 3167 4959 universa
3185 4907 3399 4961 fecisse.

147 4978 307 5048 quam
340 4966 545 5045 accepit
577 4981 615 5048 a.
640 4964 820 5048 Patre.
846 4965 981 5048 Nam
1012 4964 1288 5048 lt_o_c'quod
1313 4964 1624 5048 respondet,
1643 4971 1867 5048 dicens:
1894 4989 1913 5023 ι
1942 4970 2052 5027 Nec
2073 4987 2174 5042 ego
2198 4973 2354 5029 vobis
2376 4974 2570 5048 dicoin
2600 4964 2719 5048 qua.
2740 4983 3004 5043 potestate
3031 4975 3170 5048 facio
3191 4976 3339 5048 haec;
3379 4992 3397 5024 ρ

146 5033 581 5115 docet_qttoniaut
604 5036 656 5089 in
681 5044 944 5115 potestate
964 5033 1183 5107 quidem
1217 5055 1323 5115 una
1349 5033 1486 5115 fecit
1494 5056 1526 5115 _:_
1539 5041 1592 5094 in
1611 5033 1758 5111 quali
1781 5050 1961 5098 autem
1993 5033 2258 5115 potestate
2281 5059 2388 5098 non
2410 5033 2850 5115 declaravitfnec
2871 5044 3255 5113 proprietatem
3281 5033 3402 5112 cj'ns

151 5103 532 5186 manifestayit,
550 5119 651 5160 nec
666 5103 1016 5186 eminentiam
1041 5110 1564 5186 qua_m_habebatil_la
1595 5103 2018 5186 potestassupei'
2042 5112 2177 5186 alias
2201 5122 2496 5186 potestates
2527 5113 2579 5166 in
2601 5103 2815 5186 quibus
2835 5103 2960 5166 ante
2974 5103 3099 5186 eum
3125 5103 3401 5183 prophetae

149 5172 892 5252 iecerantvir_tutes._Et_nu_nc
918 5178 976 5252 in
988 5172 1198 5252 templo
1214 5172 1744 5252 EcclesiatChr'istus
1767 5172 2022 5246 ltahet'nr,
2041 5191 2095 5236 et
2109 5172 2267 5238 docet
2285 5183 2339 5237 itt
2357 5199 2446 5249 ea,
2469 5192 2522 5236 et
2539 5172 2668 5238 sunt
2690 5182 2910 5252 quidam
2931 5172 3202 5252 principes
3227 5172 3398 5238 sacer-

149 5244 328 5299 dotum
348 5245 549 5326 similes
576 5246 914 5326 principibus
943 5248 1068 5313 illis,
1089 5244 1140 5326 et
1162 5250 1406 5326 seniores
1434 5251 1646 5306 similes
1669 5252 1980 5326 senioribus
1999 5244 2127 5316 illis,
2151 5262 2204 5307 et
2233 5244 2568 5326 interrogant
2591 5244 2804 5326 desum,
2829 5244 3003 5326 et_n'on
3020 5244 3296 5322 accipiunt
3314 5267 3400 5307 re-

149 5327 400 5392 sponsum
425 5317 494 5392 ab
516 5331 602 5392 eo,
637 5318 768 5392 quia
789 5332 898 5392 non
932 5329 1062 5372 sunt
1089 5319 1237 5392 digni
1263 5320 1404 5376 scire
1432 5335 1555 5391 qua:
1584 5322 1830 5392 cupiunt.
1882 5323 2010 5376 Item
2045 5335 2254 5391 quaero,
2286 5317 2471 5378 utrum
2517 5324 2706 5377 volens
2747 5337 2843 5375 eos
2871 5321 3031 5376 Jesus
3066 5339 3096 5376 a
3131 5317 3190 5378 se
3219 5335 3398 5377 remo-

146 5399 284 5450 vere,
311 5384 532 5441 fortuito
562 5384 702 5441 hanc
722 5387 802 5442 eis
830 5384 1308 5459 interrogationem
1345 5384 1735 5461 proposuit'de
1778 5390 2008 5459 Joanne,
2061 5384 2323 5463 tanquam
2369 5393 2416 5449 si
2464 5393 2626 5447 aliam
2665 5407 3051 5463 quamcunque
3090 5392 3397 5464 interroga.

209 5518 252 5551 “
273 5518 460 5575 Matth.
491 5537 607 5587 nt,
647 5521 740 5576 27.
830 5522 876 5554 ⁴⁸
907 5522 1097 5581 Matth.
1129 5541 1212 5596 ttt,
1236 5527 1304 5596 3;
1338 5527 1505 5584 Marc.
1536 5544 1576 5597 ι,
1602 5530 1657 5596 2,
1680 5529 1733 5586 3.
1809 5529 1856 5564 “
1885 5531 2019 5588 Luc.
2041 5545 2139 5598 tut,
2163 5531 2256 5590 27.

211 5635 318 5714 (ἐξ)
357 5635 670 5714 Meti-lese
696 5641 754 5714 ὲν
791 5645 910 5714 μιᾷ·

357 5707 575 5787 ἀϋτῆς.
611 5707 1020 5787 ΕοιίείΒ-ὸείυε
1050 5711 1276 5787 αὐτοῖς.-
1302 5784 1313 5787 _
1397 5778 1430 5787 μ
1812 5707 1983 5772 νετῖιι.

209 5776 319 5847 (56)
357 5777 786 5837 Ιιυνθάνονται.
845 5776 935 5838 Sic
979 5795 1123 5841 recte
1177 5776 1338 5842 codd.
1395 5778 1596 5858 Regilli
1648 5795 1703 5842 ct

1884 5790 1998 5860 (57)
2037 5787 2221 5847 Codex
2254 5788 2606 5862 Anglicanus,
2636 5789 2970 5847 ἀποστέλλω.

415 5870 689 5937 Ρηιιοι..
713 5873 830 5936 Gtt.
867 5876 1040 5937 Xlll.

3007 5883 3085 5948 Π

1813 5649 2174 5718 Anglicanus.
2217 5649 2354 5705 Male
2403 5645 2633 5706 iluetius
2669 5663 2722 5706 tu
2777 5658 2923 5707 textu
2985 5653 3141 5708 habet
3185 5646 3392 5709 mes-
