3962 6536
162 428 312 485 1485

1081 428 1431 486 COMMENT.
1472 429 1541 486 1N
1582 430 1995 488 MATTHAEUM
2033 430 2272 490 TOMUS
2308 430 2473 489 XVII.

3276 439 3425 495 1486

159 565 269 614 τας
300 549 369 604 τὰ
400 549 638 614 ἐναντία,
745 550 879 621 μηδὲ
910 548 1008 620 τὴν
1040 549 1212 620 ἀρχὴν
1241 550 1603 620 ἐπηγγείλατο
1637 551 1746 621 (59)

1853 552 2010 622 77],
2041 567 2228 622 opera,
2254 556 2343 609 cui
2380 569 2448 609 ne
2469 555 2635 611 verbo
2667 556 2883 626 quidem
2914 558 3183 615 bonorum
3208 559 3421 618 facino-

163 641 313 695 κατά
355 641 534 711 φωνὰς
565 641 737 709 λόγων
780 639 999 709 ἀγαθῶν
1033 640 1313 712 πράξεων·
1359 641 1440 695 ἐτι
1493 642 1550 695 δὲ
1612 643 1749 714 πρὸς

161 737 297 799 τοὺς
342 735 570 807 μεγάλα,
592 736 690 806 μὲν
732 735 1252 806 ἐπαγγελλομένους,
1296 736 1460 808 μηδὲν
1507 736 1563 789 δὲ
1598 738 1746 793 οιατά

158 827 269 899 τὴν
302 826 631 894 ἐπαγγελίαν
659 826 992 897 πράττοντας
1012 844 1026 857 ο
1055 824 1084 876 ὁ
1116 826 1215 895 μὲν
1241 826 1349 896 γάρ
1372 843 1455 890 τις
1478 828 1641 881 οἱονεὶ
1669 827 1748 881 λέ-

161 934 257 987 γει
280 934 294 948 ⁸
336 917 533 981 Μεῖζον
560 918 592 987 ἦ
632 919 749 971 κατ’
787 919 885 988 ἐμὲ
916 918 1207 989 παρθενίαν
1245 918 1445 988 ταύτην
1476 919 1535 971 οὐ
1572 919 1740 973 θέλω·

160 1009 266 1064 καὶ
298 1008 398 1077 τῆς
423 1008 563 1079 ἐμῆς
596 1007 749 1073 ἀξίας
775 1006 979 1077 βέλτιον
1008 1008 1068 1059 τὸ
1097 1008 1499 1077 ἀποταξάμενον
1528 1007 1605 1079 τῷ
1646 1008 1745 1079 βίῳ

164 1098 451 1168 σχολάζειν
472 1099 547 1169 τῷ
579 1099 721 1169 λόγῳ
743 1116 756 1127 ο
790 1100 818 1151 ό
844 1099 899 1153 δέ
934 1116 1096 1170 φησιν
1129 1099 1355 1152 ἕκαστον
1391 1099 1601 1153 ἀκούων
1640 1100 1746 1154 τῶν

160 1198 224 1251 ἐν
258 1199 329 1268 τῇ
356 1197 542 1267 Γραφῇ
577 1196 825 1266 μεγάλων
856 1195 1058 1267 ἔργων·
1098 1214 1115 1245 ι
1160 1194 1323 1263 Ἐγὼ,
1354 1194 1548 1265 Κύριε.
1583 1214 1601 1247 ι
1635 1195 1745 1248 Καὶ

160 1286 318 1340 ἐστιν
365 1287 490 1340 ίδείν
534 1287 695 1340 οἱονεὶ
727 1290 790 1339 ἐκ
832 1286 1192 1357 μεταμελείας
1224 1286 1373 1349 τινὰς
1411 1285 1745 1350 ἐπιδιδόντας

161 1382 249 1441 εἰς
292 1380 352 1431 τὸ
398 1378 623 1447 βέλτιον,
668 1379 762 1431 καὶ
806 1377 1267 1450 ἐπιμελουμένους
1310 1378 1518 1431 ἑαυτῶν
1552 1378 1645 1431 ἐπὶ
1689 1378 1750 1430 τὸ

162 1474 418 1541 κρεῖττον
470 1473 619 1539 παρά
665 1468 761 1538 τὴν
800 1466 1035 1539 ἀρχῆθεν
1085 1467 1425 1539 προσδοκίαν·
1464 1466 1657 1529 ἄλλους
1690 1467 1747 1519 δὲ

163 1560 605 1630 προπετέστερον
644 1558 741 1629 μὲν
779 1557 947 1611 πολλὰ
983 1558 1503 1629 ἐπαγγειλαμένους,
1540 1560 1651 1621 τοῖς
1692 1557 1747 1610 δὲ

159 1652 353 1722 ἔργοις
390 1648 825 1721 ἀντιπράξαντας
853 1652 971 1713 ταῖς
1008 1648 1377 1719 ἐπαγγελίαις.

1853 659 1973 696 rum
2010 645 2313 699 rudimenta
2338 647 2743 716 promiserant:
2780 648 2847 704 iis
2875 649 3003 704 item
3040 649 3174 707 illud
3216 668 3421 709 conve-

1852 733 1931 788 nit
1949 736 2041 803 qui
2067 750 2266 805 magna
2289 737 2507 806 quidem
2539 737 2863 807 promittunt
2890 779 2905 804 ,
2954 755 3013 793 re
3065 756 3247 797 autem
3289 758 3415 813 pro-

1853 826 2018 881 missa
2045 841 2145 882 sua
2176 827 2401 884 minime
2429 829 2655 899 implent
2684 849 2697 885 :
2731 831 2809 885 ait
2834 830 3013 897 enim,
3042 833 3190 886 verbi
3216 835 3413 904 gratia,

1854 917 2085 986 aliquis:
2113 916 2488 989 Virginitatem
2514 921 2657 974 illam
2682 921 2808 974 nolo
2830 936 2952 990 qua:
2973 922 3119 976 vires
3151 937 3299 976 meas
3326 939 3421 979 su-

1852 1017 2007 1077 perat
2027 1025 2041 1072 ;
2059 1009 2186 1065 item
2210 1030 2223 1064 :
2253 1010 2371 1065 Vita
2390 1010 2490 1065 hac
2502 1011 2771 1076 abdicata,
2795 1010 2997 1066 Christi
3018 1013 3181 1067 verbo
3198 1028 3418 1083 operam

1855 1100 1983 1155 dare
2008 1100 2258 1171 dignitati
2306 1117 2440 1156 mea:
2470 1117 2534 1157 ae
2562 1102 2757 1157 merito
2785 1102 3057 1157 antecellit
3085 1121 3098 1156 :
3128 1102 3217 1158 ille
3237 1112 3418 1158 autem

1852 1190 2091 1261 ingentia
2126 1193 2215 1246 illa
2246 1191 2487 1247 facinora
2519 1209 2640 1262 quae
2673 1194 2727 1248 in
2760 1192 3038 1263 Scriptura
3079 1210 3420 1250 commemo-

1853 1291 2076 1343 rantur,
2119 1283 2346 1337 audiens
2378 1282 2508 1337 dicit
2541 1302 2552 1335 :
2590 1302 2610 1333 ι
2650 1282 2781 1354 Ego,
2804 1282 3064 1350 Domine;
3098 1304 3116 1335 ι
3147 1293 3259 1339 tum
3291 1300 3423 1341 vero

1854 1371 2147 1426 nonnullos
2178 1371 2334 1441 quasi
2379 1372 2700 1442 paenitentia
2752 1373 2944 1429 ductos
2975 1372 3155 1429 videre
3193 1374 3320 1430 licet
3372 1375 3424 1428 in

1856 1460 1984 1517 boni
2019 1462 2261 1531 rectique
2295 1464 2475 1518 studio
2499 1462 2873 1532 proﬁcientes.
2908 1473 2963 1519 et
3007 1465 3191 1519 virtuti
3228 1474 3426 1534 prater

1854 1566 1974 1605 eam
2011 1568 2175 1621 quam
2224 1553 2378 1608 initio
2418 1552 2678 1609 dederant
2720 1554 3181 1622 exspectationem
3213 1555 3425 1609 naviter

1855 1656 2078 1708 operam
2110 1641 2332 1708 dantes;
2389 1642 2525 1698 alios
2577 1653 2755 1698 autem
2796 1652 3081 1712 postquam
3117 1644 3287 1698 multa
3342 1653 3423 1698 te-

1853 1748 2001 1788 mere
2021 1734 2246 1804 polliciti
2281 1741 2428 1802 sunt,
2457 1734 2715 1805 pleraque
2754 1742 2945 1790 contra
2995 1734 3264 1805 promissa
3319 1749 3420 1793 sua

1851 1834 2093 1894 agentes.

237 1914 394 1967 Μετά
431 1914 487 1966 δέ
514 1913 611 1985 τὴν
642 1910 954 1984 παραϐολὴν
993 1912 1310 1983 ἐπιφέρεται
1356 1911 1491 1982 πρὸς
1526 1910 1624 1980 μὲν
1655 1911 1746 1963 τὸν

1921 1916 1974 1969 5.
2004 1914 2132 1971 Post
2159 1917 2476 1986 parabolam
2510 1926 2711 1983 autem,
2749 1918 2798 1971 ei
2820 1919 2913 1987 qui
2935 1917 3070 1974 dixit
3100 1938 3113 1975 :
3152 1938 3169 1970 ι
3205 1917 3365 1986 Nolo,
3395 1939 3415 1972 ι

158 2006 413 2058 εἰπόντα’
452 2025 469 2056 ι
508 2005 582 2059 Οὐ
613 2004 771 2068 θέλω,
816 2024 835 2055 ι
881 2003 974 2057 καὶ
1010 2004 1232 2073 ὕστερον
1281 2001 1744 2073 μεταμεληθέντα,

159 2096 264 2149 καὶ
295 2097 611 2158 ἀπελθόντα,
643 2096 721 2149 τό’
753 2115 770 2147 ‹
812 2095 979 2166 Ἀμὴν
1001 2095 1145 2162 λέγω
1175 2095 1321 2164 ὑμῖν,
1348 2096 1427 2147 ὅτι
1449 2095 1497 2146 οἱ
1522 2094 1746 2146 τελῶναι

162 2187 264 2239 καὶ
290 2189 345 2239 αἱ
374 2187 567 2256 πόρναι
599 2186 927 2255 προάγουσιν
952 2186 1095 2255 ὑμᾶς
1122 2187 1201 2249 είς
1227 2186 1324 2256 τὴν
1350 2185 1624 2255 βασιλείαν
1652 2185 1743 2238 τοῦ

160 2277 309 2331 Θεοῦ
331 2294 345 2307 ·
392 2297 409 2328 ι
443 2277 579 2348 πρὸς
611 2276 667 2329 δὲ
697 2276 787 2328 τὸν
817 2276 1059 2338 εἰπόντα,
1102 2294 1119 2326 ι
1175 2273 1333 2343 Ἐγὼ,
1367 2274 1558 2345 Κύριε,
1594 2294 1614 2327 ι
1652 2277 1744 2328 καὶ

165 2370 247 2440 μὴ
283 2367 601 2433 ἀπελθόντα,
628 2368 716 2420 τό·
756 2387 773 2417 ι
812 2362 981 2419 τΗλθε
1010 2366 1118 2437 γὰρ
1159 2365 1408 2436 Ἰωάννης
1436 2366 1572 2437 πρὸς
1603 2366 1745 2435 ὑμᾶς

163 2464 227 2515 ἐν
262 2460 367 2531 ὁδῷ
409 2460 772 2529 δικαιοσύνης,
822 2461 915 2512 καὶ
961 2460 1060 2512 οὐκ
1112 2457 1463 2511 ἐπιστεύσατε
1502 2457 1678 2527 αὐτῷ’
1722 2478 1739 2508 ι

161 2551 265 2604 καὶ
291 2550 382 2603 τό·
424 2569 441 2601 ι
491 2550 679 2620 Ὑμεῖς
712 2548 768 2602 δὲ
805 2549 1025 2612 ἰδόντες,
1064 2549 1122 2600 οὺ
1156 2546 1557 2618 μετεμελήθητε
1589 2547 1744 2600 ὓστε-

166 2660 287 2714 ρον,
318 2640 723 2711 τοῦνπιστεῦσαι
750 2642 807 2694 ἐν
826 2639 993 2710 αὐτῷ.
1026 2660 1044 2692 ι
1092 2638 1420 2710 Ἐπιστήσας
1445 2639 1501 2693 δέ
1519 2656 1602 2702 τις
1636 2642 1745 2703 τοῖς

162 2733 277 2787 ἀπὸ
307 2733 703 2805 μοχθηροτάτου
732 2731 849 2802 βίου
873 2731 1328 2804 προσερχομένοις
1347 2730 1424 2801 τῷ
1464 2730 1625 2801 λόγῳ,
1653 2733 1745 2783 καὶ

163 2824 486 2878 πιστεύουσι
517 2823 594 2894 τῷ
635 2822 873 2894 Χριστῷ,
910 2823 1002 2876 καὶ
1044 2824 1155 2885 τοῖς
1184 2821 1411 2892 αὑχοῦσι
1451 2822 1541 2874 τὸν
1581 2821 1743 2892 νόμον

161 2917 261 2971 καὶ
288 2916 413 2978 τοὺς
444 2915 745 2986 προφήτας,
776 2915 869 2968 καὶ
892 2910 1178 2967 ἀπιστοῦσι
1201 2911 1278 2982 τῷ
1314 2911 1428 2982 Υίῷ
1459 2911 1552 2965 τοῦ
1586 2911 1741 2975 Θεοῦ,

161 3009 263 3063 καὶ
291 3007 602 3070 ἀκολάστως
636 3005 830 3076 βιοῦσι,
868 3006 961 3059 καὶ
988 3004 1285 3076 ὼμοτέροις
1307 3004 1443 3077 πρὸς
1467 3005 1590 3067 τοὺς
1620 3007 1747 3073 ὁμο-

166 3099 370 3169 φύλους
394 3098 768 3168 τυγχάνουσιν,
798 3096 986 3166 ὄψεται
1018 3096 1106 3150 τὸν
1147 3094 1320 3168 Ἰησοῦ
1355 3095 1511 3163 λόγον
1544 3093 1739 3165 ἀληθῆ,

168 3211 192 3244 ι
229 3192 315 3244 ὅτι
342 3192 391 3243 οί
426 3190 523 3261 μὲν
552 3189 777 3243 τελῶναι
802 3189 896 3243 καὶ
929 3189 986 3243 αἱ
1021 3187 1216 3260 πόρναι
1249 3187 1547 3258 προάγουσι
1599 3207 1617 3239 ι
1654 3188 1742 3240 τὸν
1771 3224 1811 3281 C

176 3282 399 3356 Ἰσραὴλ
432 3302 449 3332 ι
485 3283 562 3344 είς
587 3281 683 3353 τὴν
708 3280 979 3351 βασιλείαν
1008 3278 1100 3332 τοῦ
1129 3278 1292 3332 Θεοῦ’
1332 3298 1349 3329 ι
1376 3278 1475 3331 ὁδὲ
1501 3276 1622 3332 ἰδὼν
1652 3279 1742 3332 τὸν

178 3373 390 3445 Ἰησοῦν
431 3374 636 3437 ἐκεῖνος
686 3371 898 3444 Ἰσραὴλ
939 3371 1057 3424 οὐδέ
1112 3371 1272 3443 μέχρι
1312 3370 1470 3442 δεῦρο
1507 3387 1744 3441 μεταμε-

164 3463 364 3525 λεῖται,
407 3463 492 3516 ἵνα
533 3462 635 3516 κᾶν
670 3462 889 3534 ὕστερον
928 3461 1191 3535 πιστεύσῃ
1219 3464 1283 3534 τῇ
1323 3461 1565 3535 ἀληθείᾳ.
1600 3463 1737 3534 Πρό-

167 3572 299 3627 σχες
333 3556 392 3609 δέ
441 3555 534 3609 καὶ
565 3555 671 3627 τῷ’
715 3577 732 3607 ί
770 3557 1107 3628 Προάγουσιν
1146 3556 1290 3625 ὑμᾶς
1326 3556 1404 3617 εἰς
1444 3555 1542 3626 τὴν
1587 3554 1739 3625 βασι-

164 3647 319 3700 λείαν
358 3646 451 3700 τοῦ
486 3646 641 3710 Θεοῦ,
686 3668 704 3699 ι
740 3648 838 3700 οὐκ
867 3647 1204 3701 ἀποκλείοντι
1235 3645 1326 3699 τὸν
1384 3645 1599 3717 Ἰσραὴλ
1627 3648 1739 3698 είσ-

164 3737 424 3809 έρχεσθαι
465 3740 543 3801 είς
591 3738 687 3809 τὴν
729 3737 1001 3808 βασιλείαν
1051 3736 1144 3791 τοῦ
1196 3736 1363 3790 Θεοῦ·
1410 3736 1583 3800 οὐδεὶς
1631 3736 1738 3807 γὰρ

166 3827 404 3899 προάγει
443 3827 533 3881 τὸν
567 3828 814 3900 οὐδαμῶς
854 3830 1107 3900 ἐσόμενον
1147 3830 1204 3881 ἐν
1237 3828 1428 3898 ἐκείνῳ
1460 3826 1538 3897 τῷ
1567 3827 1738 3896 τόπῳ,

166 3924 228 3975 ἐν
274 3914 321 3989 ᾧ
358 3920 606 3992 προῆξεν.
658 3922 797 3993 Ὅρα
840 3918 932 3974 οὖν
981 3921 1189 3991 μήποτε
1239 3921 1583 3991 ἐμφαίνεται,
1639 3920 1741 3983 ὅτι,

162 4014 298 4067 ὅταν
348 4013 409 4066 τὸ
456 4011 729 4084 πλήρωμα
782 4011 889 4065 τῶν
942 4010 1110 4064 ἐθνῶν
1168 4009 1403 4083 εἰσέλθῃ,
1457 4011 1580 4063 τότε
1635 4011 1745 4074 πᾶς

177 4104 398 4177 Ἰσραὴλ
440 4104 759 4175 σωθήσεται.
784 4102 1026 4157 Νοείσθω
1046 4102 1101 4155 δὲ
1121 4104 1149 4156 ὁ
1183 4102 1394 4174 Ἰσραὴλ
1421 4103 1518 4171 οὐχ
1550 4103 1579 4154 ό
1606 4102 1746 4155 κατὰ

168 4195 374 4266 σάρκα,
408 4193 519 4246 ἀλλ’
551 4192 581 4244 ὁ
611 4195 667 4246 ἐν
689 4195 757 4264 τῇ
787 4194 1035 4263 εὐγενείᾳ.
1073 4193 1170 4263 τῆς
1206 4192 1381 4262 ψυχῆς
1412 4208 1745 4262 χαρακτηρι-

164 4284 419 4355 ζόμενος,
458 4287 553 4340 καὶ
584 4284 720 4356 ἔχων
772 4285 869 4355 μὲν
905 4284 965 4339 τὸ
996 4284 1193 4353 εὐφυὲς
1228 4283 1362 4352 πρὸς
1398 4283 1609 4336 σύνεσιν
1649 4282 1742 4336 καὶ

1850 2020 1904 2066 et
1936 2008 2252 2080 poenitentia
2279 2008 2627 2078 postmodum
2673 2008 2868 2064 ductus
2898 2009 3071 2074 abiit,
3104 2011 3158 2065 id
3187 2010 3418 2081 subjun-

1848 2101 1993 2171 gitur
2024 2099 2070 2130 ⁸ο
2106 2118 2119 2153 :
2158 2115 2176 2149 ι
2202 2098 2373 2153 Amen
2403 2099 2526 2153 dico
2555 2099 2732 2166 vobis,
2753 2100 2880 2170 quia
2919 2100 3192 2169 publicani
3216 2111 3269 2156 et
3299 2116 3419 2157 me-

1849 2191 2074 2246 retrices
2108 2190 2421 2260 praecedunt
2450 2205 2545 2245 vos
2578 2190 2631 2243 in
2661 2205 2888 2260 regnum
2915 2189 3007 2245 Dei
3041 2209 3055 2245 :
3096 2209 3114 2242 ι
3160 2191 3209 2247 ei
3237 2202 3419 2247 autem

1847 2282 1941 2352 qui
1970 2282 2105 2336 dixit
2131 2281 2174 2312 “
2209 2299 2265 2334 :c
2300 2279 2435 2350 Ego,
2464 2279 2712 2344 Domine,
2744 2301 2763 2333 ι
2797 2282 3018 2336 minime
3047 2291 3227 2337 autem
3262 2283 3419 2349 abiit,

1848 2373 1978 2428 illud
2006 2373 2049 2404 "
2082 2392 2093 2427 :
2135 2391 2153 2423 ι
2192 2371 2353 2427 Venit
2375 2372 2519 2426 enim
2546 2372 2612 2425 ad
2647 2386 2743 2426 vos
2775 2369 3018 2427 Joannes
3048 2372 3103 2426 in
3137 2372 3223 2427 via
3253 2372 3421 2443 justi-

1848 2465 1953 2529 καὶ,
1989 2474 2041 2519 et
2070 2482 2177 2519 non
2206 2463 2513 2519 credidistis
2543 2464 2628 2529 ei;
2657 2485 2675 2515 ι
2712 2471 2875 2532 atque
2899 2464 3023 2517 item
3052 2463 3181 2518 illud
3212 2482 3224 2518 :
3254 2482 3272 2515 ι
3309 2462 3420 2520 Vos

1847 2566 2026 2612 autem
2060 2557 2323 2623 videntes,
2358 2570 2459 2610 nec
2491 2554 2866 2624 paenitentiam
2905 2552 3176 2609 habuistis
3210 2563 3418 2624 postea,

1849 2656 1909 2702 ut
1938 2648 2229 2703 crederetis
2263 2647 2331 2703 ei.
2371 2667 2387 2696 ι
2418 2646 2575 2713 Quod
2610 2647 2655 2700 si
2710 2646 2834 2716 quis
2860 2648 2924 2701 ad
2984 2661 3081 2701 eos
3129 2647 3421 2702 attenderit

1847 2742 1938 2809 qui
1965 2756 1993 2793 a
2022 2740 2228 2793 nefaria
2260 2740 2368 2793 vita
2396 2740 2460 2792 ad
2482 2738 2637 2793 ﬁdem
2664 2746 2969 2800 transeunt,
2994 2746 3047 2791 et
3067 2736 3268 2792 Christi
3301 2753 3424 2807 par-

1847 2842 1928 2886 tes
1959 2832 2388 2899 amplectuntur;
2424 2839 2476 2884 et
2504 2829 2573 2884 ad
2615 2844 2710 2884 eos
2752 2830 2845 2899 qui
2879 2830 3049 2900 legem
3088 2846 3153 2884 ac
3186 2830 3421 2900 prophe-

1849 2922 2174 2992 tasjactant,
2205 2920 2343 2975 Filio
2377 2931 2558 2974 autem
2590 2919 2679 2973 Dei
2705 2920 2862 2974 ﬁdem
2896 2921 3209 2985 detrahunt,
3238 2935 3303 2974 ac
3332 2921 3416 2975 in-

1848 3022 2213 3083 temperanter
2237 3012 2449 3077 virunt,
2482 3020 2536 3066 et
2564 3011 2827 3066 adversus
2851 3010 3078 3066 tribules
3123 3011 3418 3067 crudeliter

1846 3120 1903 3159 se
1932 3112 2147 3173 gerunt,
2184 3118 2368 3157 verum
2399 3102 2445 3157 is
2466 3117 2586 3157 esse
2612 3100 2739 3157 Jesu
2775 3116 3082 3156 sermonem
3110 3102 3420 3170 deprehen~

1847 3192 1981 3253 det,
2035 3208 2053 3240 ε
2091 3191 2217 3259 quia
2254 3189 2525 3260 publicani
2579 3198 2633 3244 et
2689 3190 3003 3245 meretrices
3053 3191 3362 3258 praecedunt
3391 3208 3412 3242 ι

1844 3280 2097 3336 lsraelem
2132 3299 2152 3331 ‹
2190 3281 2243 3334 in
2280 3295 2507 3352 regnum
2536 3279 2654 3353 Dei.
2691 3299 2708 3332 ι
2745 3278 2899 3334 Hune
2952 3289 3132 3335 autem
3163 3279 3414 3335 lsraelem

1847 3372 1937 3441 qui
1968 3369 2154 3426 Jesum
2172 3372 2304 3426 vidit
2332 3387 2400 3426 ne
2427 3387 2572 3426 nunc
2591 3372 2808 3441 quidem
2830 3371 3077 3441 pmnitet,
3110 3372 3416 3433 utveritati,

1846 3478 1971 3518 sero
2003 3463 2147 3530 licet,
2179 3465 2531 3519 assentiatur.
2562 3462 2703 3529 Quin
2737 3471 2791 3518 et
2832 3463 2962 3518 illud
2997 3463 3370 3519 animadverte
3401 3482 3414 3519 :

1853 3574 1871 3605 ι
1910 3553 2229 3610 Prazcedunt
2251 3572 2346 3611 vos
2372 3557 2425 3609 in
2455 3572 2681 3626 regnum
2714 3555 2830 3621 Dei,
2872 3576 2890 3608 ι
2920 3556 3065 3625 quod
3111 3556 3361 3612 lsraelem
3390 3573 3420 3612 a

1847 3649 2000 3718 regni
2032 3646 2126 3703 Dei
2156 3648 2401 3719 ingressu
2442 3664 2547 3701 non
2578 3648 2857 3717 prohibet;
2887 3664 3047 3702 nemo
3099 3648 3244 3703 enim
3280 3663 3420 3718 prte-

1847 3740 1988 3794 cedit
2008 3755 2133 3795 eum
2162 3739 2253 3808 qui
2284 3739 2387 3793 hoc
2410 3739 2532 3793 loco
2554 3754 2832 3808 nunquam
2856 3738 3073 3793 futurus
3099 3747 3200 3802 est,
3232 3740 3283 3792 in
3310 3754 3422 3809 quo

1848 3831 1964 3899 ipse
1997 3830 2295 3899 prazcessit.
2328 3828 2462 3884 Vide
2488 3845 2616 3899 ergo
2639 3844 2768 3883 nmn
2799 3829 2927 3883 illud
2958 3828 3312 3897 signiﬁcatur,
3342 3828 3421 3881 fu-

1846 3931 2027 3976 turum
2060 3934 2254 3989 nempe
2315 3928 2375 3974 ut
2430 3919 2661 3974 salutem
2711 3919 2998 3973 universus
3034 3917 3195 3971 Israel
3224 3932 3420 3972 conse-

1847 4020 2066 4080 quatur,
2093 4025 2216 4065 cum
2237 4010 2478 4080 gentium
2519 4009 2795 4078 plenitudo
2823 4008 3119 4064 advenerit.
3148 4006 3420 4078 [intelliga-

1847 4111 1938 4156 tur
1964 4110 2143 4157 autem
2177 4100 2362 4166 Israel,
2389 4115 2495 4155 non
2526 4101 2620 4171 qui
2651 4101 2951 4156 secundum
2999 4114 3216 4155 carnem
3244 4142 3260 4166 ,
3322 4101 3417 4155 sed

1848 4194 1940 4264 qui
1975 4194 2173 4247 animae
2211 4193 2374 4263 772
2424 4189 2704 4247 nobilitate
2746 4191 3006 4261 praeditus
3035 4190 3374 4258 signiﬁcatur
3400 4228 3416 4252 ,

1850 4300 2052 4353 quique
2084 4284 2289 4353 optima
2319 4284 2386 4338 ad
2422 4282 2830 4352 intelligendum
2865 4290 2921 4337 et
2952 4280 3166 4346 indole,
3211 4287 3266 4336 et
3297 4295 3412 4351 per-

1371 4394 1598 4480 VETUS
1638 4394 2222 4452 INTERPRETATIO.

163 4522 561 4593 virginitatem,
588 4534 764 4593 neque
796 4519 960 4593 alium
983 4514 1283 4593 secundum
1316 4514 1667 4593 Evangelium
1696 4514 1997 4593 spiritalem
2050 4524 2255 4581 actum,
2295 4516 2554 4593 operibus
2603 4523 2781 4593 autem
2816 4512 3110 4568 ostendunt
3134 4510 3281 4593 quod
3318 4525 3416 4565 nec

166 4584 435 4648 ahinitio
464 4584 640 4661 usque
676 4584 743 4645 ad
780 4586 1415 4661 verbutn‘promiserunt,
1452 4592 1799 4661 econtra-ens
1834 4584 2161 4661 qu_i_.mag‘na
2190 4584 2539 4654 promittunt,
2571 4584 2703 4638 nihil
2730 4592 2911 4637 autem
2943 4584 3245 4661 secundum
3285 4596 3415 4650 pro-

166 4663 494 4719 missionem
521 4652 675 4715 suam
712 4652 1234 4728 hujusmodi'agunt.
1270 4653 1409 4728 Dicit
1431 4654 1595 4728 etiam
1624 4652 1823 4728 aliquis
1845 4652 1863 4705 ι
1898 4652 2207 4724 Virginitas
2222 4670 2396 4728 super
2417 4671 2516 4728 me
2531 4666 2634 4718 est,
2663 4664 2883 4728 propter
2912 4653 3057 4720 quod
3093 4652 3219 4707 nolo
3245 4666 3414 4728 eam:

166 4742 225 4786 et
250 4731 433 4805 majus
462 4739 741 4805 estquam
773 4723 1106 4805 virtusmea
1119 4723 1503 4805 abrenuntiare
1550 4723 1691 4805 hanc
1725 4723 1924 4805 Avitam,
1959 4723 2235 4805 cavaeare
2256 4724 2608 4805 “spiritalibus
2646 4724 2824 4805 verbis
2858 4740 2871 4776 :
2902 4731 3175 4805 et__postea
3204 4723 3414 4805 recogi-

169 4792 408 4874 tansuad
456 4792 679 4855 meliéra
735 4815 794 4855 se
849 4796 1014 4874 tradit
1038 4809 1201 4874 quam
1249 4793 1499 4874 proﬁteri
1526 4793 1811 4847 videbatur
1838 4793 1894 4847 in
1949 4793 2160 4863 primis.
2206 4792 2313 4848 Alii
2341 4804 2520 4849 autem
2553 4792 2815 4848 audacter
2861 4794 3033 4847 multa
3068 4792 3415 4862 promittunt,

167 4872 433 4942 operibus
456 4878 638 4942 autem
667 4869 937 4942 contraria
977 4861 1092 4942 suis
1128 4861 1799 4942 promissionibusagunt.

239 4942 297 4996 5.
329 4940 459 4995 Post
489 4939 801 5009 parabolam
836 4947 1015 5009 autem
1037 4929 1254 5009 dicitde
1285 4948 1351 4988 eo
1379 4932 1471 5009 qui
1500 4929 1677 4986 dixit?
1720 4950 1738 4982 ι
1765 4929 1923 5009 Nolo,
1956 4950 1976 4985 ι
2008 4942 2192 5009 postea
2222 4931 2769 5009 autem_recogitavit,
2789 4941 2844 4986 et
2875 4931 2954 4986 sic
2977 4931 3110 4985 abiit
3139 4949 3211 5009 ac
3242 4930 3415 5009 amen

167 5012 297 5066 dico
321 4998 510 5090 vobis,
556 5010 812 5090 quoniam
854 5005 1127 5090 publicani
1159 5013 1211 5090 et
1249 4998 1561 5090 :ttereirices
1611 5005 1921 5090 praecedunt
1972 4998 2067 5058 vos
2107 5004 2161 5090 in
2197 5018 2364 5084 regno
2399 5002 2520 5084 Dei.
2559 4998 2587 5053 ἶ
2618 5002 2696 5083 ad
2729 5017 2853 5056 eum
2886 5012 3071 5090 autern
3097 5000 3202 5090 qui
3235 4998 3410 5078 disit:

172 5100 195 5132 ι
240 5080 410 5141 Vado,
441 5069 680 5144 domine,
704 5088 757 5131 et
787 5069 895 5131 no'n
929 5076 1081 5145 abiit,
1121 5092 1141 5145 ξ
1170 5073 1280 5145 hoc
1308 5070 1474 5145 refert
1503 5089 1515 5124 :
1559 5088 1579 5121 ‹
1625 5069 1779 5125 Venit
1797 5070 2036 5145 Joannes
2068 5075 2133 5128 ad
2153 5069 2344 5145 Δνοεῖίη
2378 5074 2468 5145 via
2503 5072 2747 5145 iustitiae,
2803 5086 2903 5125 nec
2930 5069 3348 5145 credidistisnei.
3387 5086 3409 5120 ›

170 5150 376 5205 lterum
398 5138 465 5203 de
489 5138 911 5217 primo'quidem
938 5142 1329 5217 :AtPublicani
1374 5148 1644 5217 autemet
1694 5138 2389 5217 meretricescrediderunt
2422 5138 2545 5217 ei.)
2588 5141 2668 5195 Ad
2720 5156 2846 5217 eum
2878 5147 3075 5217 autem
3101 5139 3193 5217 qui
3226 5138 3364 5217 (linit
3394 5153 3409 5189 :

175 5240 195 5272 ι
233 5219 409 5285 Vado,
432 5207 672 5282 ddmine,
703 5207 757 5272 et
789 5232 896 5286 non
930 5215 1063 5286 abiit
1092 5231 1105 5266 :
1142 5211 1456 5286 Vos_autem
1482 5209 1733 5286 videntes
1759 5225 1858 5266 nec
1880 5211 2253 5286 paenitentiam
2269 5211 2598 5286 _egi_sti_s,_ut
2629 5210 2926 5286 crederetis
2956 5209 3027 5264 ei.
3067 5207 3412 5286 »__Considet_‘a

169 5300 223 5344 et
243 5289 377 5343 illud
394 5276 555 5357 'quod
580 5276 670 5341 ait
694 5305 707 5341 :
738 5284 1103 5357 {Excedunt
1127 5297 1222 5357 vos
1253 5281 1313 5357 in
1336 5294 1504 5357 regno
1526 5277 1621 5334 Dei
1653 5297 1719 5357 τ’»
1741 5276 1999 5357 quoniam
2032 5297 2141 5357 non
2168 5276 2398 5357 exclusit
2425 5279 2662 5357 Judanos,
2690 5291 2749 5333 ut
2776 5293 2882 5357 non
2914 5279 3287 5357 ingrediantur
3309 5276 3411 5329 ali-

169 5359 395 5427 quando
423 5348 476 5411 in
510 5371 735 5425 regnum
757 5354 873 5427 Dei.
897 5352 1067 5427 Nemo
1088 5352 1233 5427 enim
1263 5350 1463 5405 dicitur
1491 5348 1789 5418 praecedere
1817 5366 1958 5427 eum_
1976 5351 2029 5404 in
2045 5351 2416 5427 _aliquo_loc0,
2445 5353 2536 5420 qui
2554 5366 2677 5427 non
2708 5349 2951 5418 sequitur
2968 5364 3090 5427 eum

3183 5363 3207 5399 r
3234 5347 3411 5400 ipsum

170 5415 387 5490 locum;
422 5427 545 5481 vide
570 5415 699 5496 Ergo
725 5440 794 5496 ne
822 5425 959 5479 forte
986 5424 1088 5477 hoc
1123 5421 1321 5496 indicet
1343 5415 1544 5496 sermo,
1581 5426 1640 5471 ut
1667 5433 1792 5496 cum
1818 5421 2096 5496 plenitudo
2127 5415 2365 5490 gentium
2402 5415 2709 5496 iniraVerit,
2737 5415 2869 5496 tunc
2897 5418 3074 5496 omnis
3109 5415 3271 5496 Israel
3293 5415 3413 5496 .sal-

168 5514 273 5552 vus
301 5487 585 5553 ediciatur.
621 5487 866 5563 fatellige
891 5501 1070 5546 autem
1116 5490 1251 5563 mihi
1285 5487 1556 5563 Israelitas
1592 5488 1687 5559 qui
1711 5487 2153 5547 non'secunduui
2172 5505 2394 5548 carnem
2424 5499 2587 5557 sunt,
2619 5489 2713 5545 sed
2741 5490 2834 5559 qui
2855 5488 3187 5559 ingenuitate
3215 5487 3415 5540 animae

170 5564 340 5623 Israel
363 5566 734 5637 intelliguntur
769 5559 829 5618 iri
855 5563 959 5618 ﬁde
989 5570 1042 5616 ct
1063 5560 1319 5631 operibus
1348 5559 1529 5613 bonis.

240 5711 289 5742 ⁸⁸
322 5706 511 5762 Matth.
544 5721 660 5771 ut,
681 5703 770 5759 δι.
844 5703 887 5734 ⁶¹
916 5702 1045 5758 ibid.
1078 5700 1166 5757 30.
1243 5700 1289 5732 ⁵’
1320 5698 1450 5755 ibid.
1473 5696 1562 5752 5‘2.

243 5849 360 5921 (59)
400 5845 539 5916 Lege
569 5839 983 5913 ἐπηγγείλαντο.
