3962 6534
174 360 330 420 usa
1113 354 1468 429 conruent.
1510 372 1578 429 IN
1617 374 2035 436 ιιιιττιιιευιι
2074 378 2314 438 rosus
2354 381 2516 439 xvu.
3304 390 3445 451 uso

171 485 283 542 καὶ
302 484 353 539 οἰ
380 484 534 555 σοφοί
580 483 676 539 τοῦ
726 482 857 541 λαοῦ
905 484 999 540 τὸν
1046 488 1173 544 Υἰδν
1208 490 1427 558 ἰδόντες,
1481 495 1541 547 οὐ
1592 496 1756 549 πάνττ

1871 496 2154 567 incutere;
2187 501 2280 557 sed
2309 503 2579 574 principes
2610 505 2954 563 sacerdotum
2986 520 3043 568 ei
3077 513 3343 583 seniores,
3373 531 3439 573 ae

172 575 507 649 ἀναίσθητοι
542 577 646 648 τῆς
677 577 886 632 ἑαυτῶν
918 580 1196 651 γενόμενοι
1242 584 1536 657 ὑπεροχῆς,
1573 586 1756 657 κληρο-

1873 589 2144 659 sapientes
2168 594 2351 665 papuli
2381 595 2501 651 viso
2534 593 2694 662 Filio,
2717 613 2818 654 nec
2848 599 3150 660 insolentiae
3195 621 3309 661 sua:
3329 575 3441 662 im-

172 668 350 740 νόμον
380 664 519 723 εἶναι
552 669 714 724 αὑτὸν
740 670 1092 743 ὑπειλήφασιο
1126 672 1367 746 τολμῶσι
1409 677 1466 731 δὲ
1509 679 1603 732 καί⁵
1633 680 1756 732 ἀπο-

1871 696 2163 750 memores,
2189 685 2453 741 haeredem
2480 702 2605 743 eum
2636 704 2758 746 esse
2789 692 3099 761 cogitarunt
3125 714 3139 763 ;
3165 706 3278 753 tum
3311 714 3441 755 vero

173 762 393 815 κτεῖναι
420 760 605 826 αὑτὸν,
642 761 728 816 ἵνα
758 762 913 817 αὐτοί
967 764 1145 835 κύριοι
1192 765 1286 820 τοῦ
1331 766 1653 839 ἀμπελῶνος
1678 770 1756 839 γέ-

1868 783 1930 830 ut
1956 775 2060 846 ipsi
2085 775 2259 832 vineae
2303 778 2511 833 domini
2554 760 2921 849 efﬁcerentur,
2970 784 3277 841 interﬁcere
3312 804 3439 843 cum

172 869 404 907 νωνται·
437 853 534 907 καὶ
561 851 884 917 εκδαλόντες
904 855 1087 919 αὐτὸν,
1104 859 1198 912 καὶ
1222 857 1326 926 ἔξω
1350 858 1634 931 κρίναντες
1659 861 1756 916 τῶι

1868 867 2103 937 audent;
2130 883 2367 941 cumque
2398 870 2549 926 illum
2584 873 2897 944 ejecissent,
2925 884 2980 931 et
3004 889 3156 931 extra
3182 875 3438 934 lsraelem

171 941 277 1001 τοῦ
319 943 537 1015 Ἰσραὴλ
567 944 913 1017 πραγμάτων
944 946 1308 1003 ἀπέκτειναν·
1366 949 1461 1005 καὶ⁵
1503 950 1708 1016 εὐθέως
1737 955 1768 1007 ὁ

170 1033 274 1087 τοῦ
303 1035 627 1106 ἀμπελῶνος
658 1035 862 1108 Κύριος
885 1036 944 1091 ὃν
976 1038 1325 1103 ἀπέκτειναν,
1348 1041 1605 1113 ἐπιδημεῖ
1635 1044 1767 1098 ἀνα-

173 1126 314 1191 οτάς
337 1129 403 1181 ἐκ
425 1128 658 1201 νεκρῶν,
691 1130 784 1184 καὶ
815 1133 1020 1194 κακοὺς
1069 1131 1254 1195 κακῶς
1294 1134 1419 1198 τοὺς
1453 1135 1553 1205 μὲν
1589 1151 1765 1206 γεωρ-

169 1222 312 1291 γοὺς
344 1212 660 1299 ἀπόλλυσιν,
681 1224 860 1290 ἄλλοις
880 1226 937 1280 δὲ
960 1228 1224 1298 γεωργοῖς
1256 1226 1365 1296 (64)
1394 1230 1508 1291 τοῖς
1534 1229 1763 1284 ἀποστό-

170 1311 294 1375 λοις
324 1311 517 1367 ἑαυτοῦ
556 1314 889 1387 παραδίδωσι
938 1316 1065 1380 τοὺς
1110 1317 1219 1371 ἀπὸ
1247 1315 1339 1370 τοῦ
1365 1316 1495 1372 λαοῦ
1543 1320 1763 1374 πιστεύ-

170 1417 403 1467 σαντας,
446 1405 691 1459 τουτέστι
714 1406 806 1459 τὸν
832 1407 1159 1477 ἀμπελῶνα,
1216 1407 1265 1461 οῖ
1316 1408 1656 1467 ἀποδιδόασιν
1703 1414 1763 1466 ὲν

106 1483 113 1487 ’
170 1497 297 1559 τοῖς
322 1495 470 1560 ἰδίοις
520 1499 732 1569 καιροῖς
773 1498 899 1562 τοὺς
947 1501 1190 1571 καρποὺς
1236 1498 1314 1571 τῷ
1384 1501 1758 1577 οἰκοδεσπότῃ.

166 1582 314 1643 Εἶτα
336 1586 598 1640 εἰπόντων
629 1586 767 1657 μετά
790 1588 887 1659 τὴν
914 1588 1229 1660 παραϐολὴν
1256 1589 1365 1643 τῶν
1388 1592 1447 1644 ὲν
1479 1594 1592 1656 τοῖς
1616 1594 1759 1646 ἀνω-

167 1677 325 1747 τέρω
358 1677 677 1749 πυθομένων
703 1679 784 1732 τό·
848 1699 866 1731 ι
909 1681 999 1732 Ἐν
1030 1681 1159 1752 ποίᾳ
1187 1681 1404 1754 ἐξουσίᾳ
1440 1681 1616 1738 ταῦτα
1639 1701 1759 1737 ποι-

1865 959 2269 1015 arnandandum
2298 961 2684 1032 decrevissent,
2709 967 3085 1035 trucidarunt;
3117 970 3439 1025 confestim-

1866 1063 1973 1117 que
2002 1052 2174 1105 vines
2201 1048 2465 1109 Dominus
2497 1069 2659 1124 quem
2695 1056 3115 1126 interemerunt,
3149 1069 3435 1131 postquam

1865 1154 1896 1192 a
1919 1139 2151 1196 mortuis
2174 1143 2432 1211 surrexit,
2468 1146 2534 1200 ad
2558 1161 2654 1201 eos
2686 1147 2997 1216 profectus,
3041 1150 3311 1221 agricolas
3341 1168 3437 1208 ne-

1867 1228 2032 1286 farios
2061 1231 2204 1285 male
2233 1233 2410 1302 perdit
2442 1251 2455 1298 ;
2490 1235 2613 1292 aliis
2634 1246 2815 1293 autem
2838 1239 3093 1309 agricolis
3116 1280 3131 1306 ,
3175 1243 3438 1312 apostolis

1866 1337 2057 1391 nempe
2084 1323 2220 1392 suis,
2244 1340 2339 1380 eos
2373 1327 2531 1382 tradit
2554 1332 2645 1398 qui
2675 1346 2705 1386 e
2736 1332 2933 1401 populo
2963 1333 3330 1399 crediderunt,
3349 1336 3437 1391 vi-

1863 1428 2020 1468 neam
2054 1414 2540 1487 videlicet;'atque
2571 1419 2625 1473 hi
2664 1418 2873 1477 fructus
2889 1423 3270 1492 patrifamilias
3300 1432 3439 1481 tem-

1863 1506 2088 1575 poribus
2120 1508 2237 1564 suis
2268 1509 2521 1565 reddunt.
2556 1509 2854 1581 Postquam
2880 1525 3059 1569 autem
3090 1516 3123 1571 ii
3149 1517 3243 1587 qui
3268 1533 3433 1588 supra

1860 1598 2222 1666 qumsiverant
2251 1618 2264 1654 :
2303 1619 2321 1650 ι
2352 1599 2408 1655 ln
2434 1617 2536 1671 qua
2573 1613 2837 1672 potestate
2870 1606 2984 1662 haec
3006 1605 3140 1662 facis
3167 1608 3263 1662 ⁸δῖ
3297 1628 3316 1661 ι
3365 1624 3432 1665 ea

1870 1697 1993 1756 post
2030 1690 2347 1758 parabolam
2370 1692 2774 1761 subjunxerunt
2804 1712 2925 1765 quae
2958 1698 3041 1753 his
3067 1699 3244 1755 verbis
3295 1700 3431 1755 sub-

166 1773 255 1832 εῖς
281 1786 298 1834 ;
327 1788 346 1819 ι
367 1768 435 1823 τά
457 1770 565 1824 ἀπὸ
588 1768 705 1823 τοῦ·
732 1790 751 1822 ι
772 1772 990 1836 Κακοὺς
1015 1772 1200 1836 κακῶς
1224 1774 1476 1828 ἀπολέσει
1501 1775 1752 1841 αὐτοὺς»

1864 1795 2001 1834 nexa
2029 1789 2157 1835 sunt
2186 1800 2199 1835 :
2237 1799 2256 1832 ι
2289 1781 2456 1838 Malos
2492 1784 2630 1839 male
2653 1788 2925 1855 perdet”,
2957 1809 2975 1839 ι
3004 1791 3224 1859 petitam
3252 1807 3283 1846 e
3306 1807 3433 1863 pro-

163 1862 200 1912 ὁ
232 1860 428 1932 Σωτὴρ
456 1860 812 1932 ἀποκρίνεται
845 1862 1110 1918 διδάσκων
1135 1865 1332 1929 αὐτοὺς
1360 1866 1468 1919 ἀπὸ
1495 1867 1593 1938 τῆς
1619 1883 1750 1939 πρου

1859 1869 2035 1939 phetis
2061 1871 2365 1928 doctrinam
2392 1873 2526 1945 ipsis
2582 1847 2803 1932 tradens
2838 1847 3145 1948 respondet-
3173 1847 3433 1936 Servator

165 1952 426 2021 φητείας,
458 1952 538 2005 ὅτι
566 1952 657 2005 ὑπ’
680 1953 903 2007 ἐκείνων
932 1954 1031 2025 μὲν
1059 1956 1492 2029 ἀπεδοκιμάσθη,
1526 1960 1677 2032 παρά
1700 1961 1755 2015 δὲ

164 2041 250 2112 τῷ
289 2042 407 2114 Θεῷ
431 2044 578 2097 ἐστιν
610 2043 846 2115 ἔντιμος,
871 2047 964 2099 καὶ
993 2046 1202 2118 κεφαλὴ
1235 2049 1336 2119 τῆς
1379 2049 1507 2121 ὅλης
1550 2052 1753 2106 οἰκοδο-

164 2134 307 2211 μῆς,
340 2137 433 2189 καί
490 2136 591 2207 τῆς
641 2139 762 2191 κατ’
796 2138 992 2209 αὐτὴν
1023 2141 1274 2212 συνοχῆς,
1326 2144 1417 2197 καὶ
1450 2145 1656 2215 κεφαλή
1691 2162 1754 2214 γε

168 2224 468 2298 θαυμαστὴ
493 2226 551 2281 ὲν
584 2226 882 2300 ὀφθαλμοῖς
909 2230 1018 2283 τῶν
1057 2230 1273 2285 εἰδότων
1302 2232 1519 2303 βλέπειν
1563 2236 1751 2307 αὐτὴν.

164 2312 332 2381 Εἶτα,
366 2318 724 2389 προφητεύων
750 2321 878 2392 περὶ
901 2321 999 2392 τῆς
1022 2323 1128 2375 ἀπὸ
1156 2323 1264 2377 τῶν
1287 2314 1468 2379 ’ἐθνῶν
1490 2325 1754 2397 κλήσεως,

169 2406 317 2477 φησί
345 2410 456 2473 τοῖς
487 2409 562 2479 μὴ
594 2410 942 2466 πιστεύουσιν
964 2415 1045 2479 εἰς
1071 2414 1235 2468 αὐτὸν
1262 2414 1601 2481 διδασκάλοις
1632 2418 1756 2471 Ἰου-

159 2499 355 2553 δαίωνο
389 2517 408 2551 ι
445 2501 764 2573 Ἀρθήσεται
791 2503 887 2573 ἀφ’
911 2502 1063 2574 ὑμῶν
1110 2505 1144 2576 ἡ
1181 2503 1425 2576 βασιλεία
1461 2506 1557 2561 τοῦ
1594 2507 1752 2573 Θεοῦ,

165 2590 267 2644 καὶ
294 2591 577 2663 δοθήσεται
605 2593 745 2648 ἔθνει
776 2594 1019 2651 ποιοῦντι
1066 2598 1195 2662 τοὺς
1239 2599 1488 2671 καρποὺς
1522 2600 1747 2670 αὐτῆς.»

177 2683 346 2751 Ἀλλ’,
361 2684 438 2749 ὡς
460 2686 819 2757 προείπαμεν,
836 2686 1260 2762 ὁλοσχερεστέρα
1282 2708 1388 2756 τις,
1413 2692 1507 2745 καὶ
1530 2692 1591 2745 οὐ
1613 2693 1755 2749 κατά

160 2774 317 2841 λέξιν
351 2776 499 2832 ἐστὶν
529 2780 565 2851 ἠ
589 2778 810 2851 τοιαύτη
837 2779 1110 2852 διήγησις·
1128 2782 1265 2853 πρὸς
1287 2782 1355 2852 ἢν
1388 2782 1559 2839 πολλά
1583 2800 1669 2848 τις
1684 2784 1753 2838 ἂν

164 2869 565 2939 πνευματικὸς,
600 2871 695 2924 καὶ
729 2871 1043 2944 ἀνακρίνειν
1072 2871 1370 2943 δυνάμενος
1399 2874 1596 2938 πάντα,
1626 2876 1755 2929 ἐπα-

162 2962 410 3034 πορήσαι
440 2961 653 3033 κρούων
705 2962 806 3035 τὴν
857 2964 1097 3035 ἀσαφείᾳ
1140 2963 1534 3037 κεκλεισμένην
1583 2966 1754 3039 θύραν

161 3051 277 3103 τῶν
296 3048 533 3105 ἐνταῦθα
568 3051 964 3123 κεκρυμμένων
985 3051 1297 3123 νοημάτων.
1341 3053 1437 3108 καὶ
1457 3052 1635 3125 ὀρθῶς
1663 3054 1754 3126 ζη-

160 3142 342 3213 τήσας
367 3140 537 3215 εὖροι,
571 3144 665 3197 καὶ
693 3144 921 3215 αἰτήσας
949 3143 1058 3198 ἀπὸ
1100 3143 1195 3198 τοῦ
1240 3144 1381 3236 γΘεοῦ
1429 3143 1602 3201 λάϐοι.
1638 3145 1749 3201 Καὶ
1775 3180 1817 3236 c

163 3232 331 3305 ἡμεῖς
352 3233 411 3289 δὲ
432 3234 569 3289 κατά
593 3234 653 3291 τὺ
680 3235 899 3307 μέτριον
922 3234 1089 3307 ἡμῶν
1110 3235 1335 3291 τοιαῦτα
1356 3238 1437 3302 εἰς
1467 3238 1560 3293 τὸν
1584 3237 1748 3292 τόπον

162 3323 576 3396 φανταζόμεθα·
636 3325 717 3380 ὅτι
762 3327 791 3381 ὁ
850 3324 951 3398 μὲν
987 3327 1368 3399 οἰκοδεσπότης
1414 3327 1698 3401 ἄνθρωπος
1720 3332 1750 3384 ὀ

163 3414 304 3477 Θεός
333 3415 472 3479 ἐστι,
508 3416 637 3488 περί
688 3411 748 3472 οὗ
779 3416 1111 3489 γέγραπταιδ
1145 3438 1167 3472 ι
1200 3419 1637 3493 Ἐτροποφόρησά
1686 3436 1749 3474 σε

166 3503 377 3576 Κύριος
408 3507 437 3559 ὁ
462 3507 592 3571 Θεός
633 3524 750 3573 σου,
782 3509 860 3573 ('0;
882 3509 938 3563 εῐ
981 3527 1065 3573 τις
1105 3511 1511 3582 τροποφορήσαι
1541 3509 1750 3583 ἀνθρω-

163 3609 269 3659 sco;
302 3596 395 3649 τὸν
428 3598 542 3651 υἱὸν
573 3597 759 3653 αὐτοῦ’
788 3616 809 3651 ι
841 3591 998 3662 οὗτος
1019 3598 1151 3670 γὰρ,
1183 3597 1272 3653 διὰ
1302 3598 1364 3652 τὸ
1394 3601 1749 3671 τροποφορεῖν

163 3688 263 3742 καὶ
283 3688 470 3761 φέρειν
497 3690 557 3743 ὲν
590 3689 671 3761 τῷ
701 3688 1021 3762 ἀνθρώπους
1049 3690 1279 3761 ὠφελεῖν
1301 3690 1502 3761 τρόπον
1534 3689 1746 3762 ἀνθρώ-

165 3795 326 3832 πινον
350 3779 446 3832 τὸν
476 3778 788 3848 ὠφελοῦντα
815 3780 1159 3854 ἀνθρώπους,
1193 3778 1256 3833 ἐν
1271 3797 1381 3833 τισι
1412 3778 1748 3850 παραϐολαῖς

164 3868 390 3938 λέγεται
420 3865 561 3925 εῐναι
588 3871 889 3943 ἄνθρωπος’
925 3872 1020 3925 καὶ
1066 3870 1301 3925 ἐνταῦθα
1332 3870 1429 3941 μὲν
1464 3868 1749 3942 ἄνθρωπος

161 3962 553 4035 οἰκοδεσπότης
576 3963 820 4020 καλεῖται
850 3962 940 4020 διὰ
970 3963 1061 4017 τὸν
1088 3961 1406 4034 ἀμπελῶνα,
1425 3963 1517 4016 καὶ
1541 3961 1631 4015 τὸν
1660 3979 1749 4017 πε-

167 4054 485 4127 ρικείμενον
509 4055 586 4126 τῷ
610 4055 891 4127 ἀμπελῶνι
910 4056 1182 4129 φραγμὸν,
1217 4056 1314 4110 καὶ
1351 4055 1452 4127 τὴν
1489 4054 1649 4126 ληνὸν
1679 4055 1747 4127 ἢν

164 4145 371 4219 ὤρυξε,
392 4148 488 4202 καὶ
513 4149 605 4201 τὸν
633 4148 839 4221 πύργον
870 4149 930 4203 δν
952 4148 1291 4220 ᾠκοδόμησε,
1320 4148 1414 4201 καὶ
1433 4145 1528 4211 οὒς
1556 4146 1748 4220 κέκτη-

166 4254 260 4293 tat
291 4237 532 4303 δούλους,
558 4239 652 4295 καὶ
686 4238 781 4303 οὒς
825 4239 1031 4312 πέμπει
1084 4239 1222 4312 πρὸς
1278 4238 1405 4303 τοὺς
1445 4238 1745 4311 γεωργοὺς,

165 4330 267 4385 καὶ
298 4327 550 4401 δεύτερον
578 4330 895 4384 ἀποστέλλει
943 4330 1214 4394 πλείονας·
1257 4330 1333 4395 ὡς
1365 4329 1748 4401 οἰκοδεσπότης

165 4419 227 4473 δὲ
256 4418 472 4484 ἐξέδοτο
501 4423 765 4492 γεωργοῖς
787 4421 879 4475 τὸν
929 4421 1249 4493 ἀμπελῶνα,
1293 4422 1388 4490 ἀφ’
1415 4410 1492 4475 ὧν
1532 4418 1749 4490 ἀφελὼν

1859 1976 1915 2017 se
1936 1962 2006 2018 ab
2035 1962 2142 2019 illis
2170 1964 2390 2034 quidem
2420 1980 2543 2021 esse
2572 1968 2941 2036 reprobatum,
2970 1971 3109 2041 apud
3140 1970 3308 2027 Deum
3332 1989 3433 2029 au-

1858 2062 1961 2106 tem
2004 2053 2058 2106 in
2089 2053 2295 2109 honore
2323 2069 2463 2121 esse,
2495 2064 2546 2110 et
2581 2057 2748 2114 totius
2776 2059 3017 2126 aedilicii,
3049 2077 3113 2117 ae
3137 2064 3428 2132 universae,

1854 2157 1976 2211 qua:
2008 2144 2057 2198 ei
2084 2144 2340 2213 cohaeret,
2359 2148 2637 2218 compagis
2662 2161 2846 2219 caput,
2870 2160 2924 2205 et
2948 2152 3193 2207 mirabile
3208 2153 3429 2223 quidem

1855 2242 2014 2303 caput
2059 2235 2111 2289 in
2146 2250 2336 2291 eorum
2381 2236 2556 2295 oculis
2610 2240 2705 2308 qui
2764 2240 2895 2295 illud
2930 2242 3128 2297 intueri
3176 2253 3427 2312 possunt.

1858 2324 2060 2381 Deinde
2090 2341 2220 2383 vero
2247 2327 2590 2384 vocationem
2619 2345 2651 2387 e
2688 2332 2939 2403 gentibus
2975 2334 3301 2401 vaticinans,
3334 2333 3433 2390 Ju-

1853 2416 2093 2470 daeorum
2120 2417 2397 2488 magistris
2435 2421 2538 2476 sibi
2568 2420 2727 2476 [idem
2764 2437 2869 2476 non
2899 2421 3225 2479 habentibus
3248 2423 3325 2478 ait
3350 2421 3427 2479 ’σε

1860 2527 1877 2558 ι
1920 2507 2210 2584 ᾼιιίοιεῑιιτ
2239 2523 2273 2563 a
2316 2509 2470 2565 vobis
2498 2526 2726 2581 regnum
2781 2510 2877 2567 Dei
2905 2551 2921 2577 ,
2952 2522 3008 2567 et
3035 2513 3254 2569 dabitur
3284 2513 3431 2584 genti

1854 2581 2074 2651 facienti
2102 2595 2311 2654 fructus
2331 2598 2472 2668 ejus.
2513 2618 2532 2652 ι
2571 2598 2794 2666 Verum,
2831 2601 2905 2657 ita
2932 2610 3042 2656 uta
3077 2603 3239 2659 nobis
3264 2581 3431 2673 supra

1853 2691 2056 2747 dictum
2096 2699 2213 2757 est,
2268 2691 2452 2746 omnia
2481 2694 2796 2748 summatim
2848 2694 3013 2750 nimis
3052 2696 3432 2766 complectitur

1854 2780 1970 2836 haec
1995 2780 2307 2850 explicatio,
2342 2795 2449 2834 non
2477 2783 2641 2836 etiam
2665 2782 2891 2837 verbum
2912 2783 3128 2853 singula
3154 2785 3426 2855 interpre-

1853 2878 2029 2935 tatur;
2052 2886 2215 2941 super
2241 2887 2348 2940 qua
2377 2871 2636 2941 spiritalis
2668 2873 2889 2941 aliquis,
2913 2885 2969 2929 et
2998 2875 3431 2947 unumquodque

1850 2960 2165 3017 examinare
2197 2961 2404 3028 valens,
2429 2962 2559 3016 dum
2591 2964 2991 3018 reconditarum
3022 2966 3111 3021 hic
3131 2968 3430 3023 sententiae

1852 3066 1973 3105 rum
2000 3052 2225 3122 januam
2257 3053 2595 3109 obscuritate
2626 3054 2903 3110 occlusam
2935 3057 3195 3125 pulsabit,
3220 3058 3287 3114 ad
3310 3058 3426 3129 ple-

1852 3157 2050 3212 rasque
2072 3141 2308 3198 olendet
2341 3142 2709 3200 dubitationes
2732 3183 2749 3209 ,
2801 3160 3036 3215 quarum
3093 3147 3425 3205 solutionem

1852 3234 2107 3305 reperiet,
2136 3234 2183 3291 si
2213 3249 2333 3291 eam
2355 3243 2504 3289 recte
2521 3234 2853 3307 quaesiverit,
2882 3252 2913 3291 a
2936 3236 3154 3309 Deoque
3178 3239 3431 3310 recipiet,

1849 3325 1895 3381 si
1925 3325 2181 3396 precibus
2204 3326 2579 3396 postulaverit.
2606 3325 2715 3383 Nos
2747 3339 2927 3385 autem
2959 3344 3058 3400 pro
3082 3328 3305 3385 modqu
3330 3344 3429 3385 no-

1849 3424 1967 3473 stro
1999 3416 2130 3472 talia
2156 3432 2324 3488 super
2346 3419 2451 3474 hoc
2477 3418 2602 3474 loco
2626 3429 2807 3478 mente
2843 3423 3216 3493 concipimus;
3248 3425 3428 3480 homi-

1847 3520 1971 3560 nem
2004 3505 2266 3564 nimirum
2296 3508 2746 3578 patremfamilias
2771 3549 2788 3574 ,
2826 3509 2997 3566 Deum
3027 3527 3170 3578 esse,
3222 3514 3290 3569 de
3314 3529 3431 3585 quo

1847 3598 2112 3668 scriptum
2142 3608 2229 3655 est
2260 3600 2305 3632 ⁸⁷
2333 3617 2348 3654 :
2391 3617 2414 3650 ι
2448 3599 2692 3656 Porlavit
2724 3609 2779 3658 te
2800 3601 3065 3659 Dominus
3087 3603 3251 3678 774
3280 3604 3433 3663 Deus

1848 3696 1976 3745 tuus
1998 3731 2016 3756 .
2050 3697 2111 3745 ut
2146 3690 2284 3746 solet
2334 3691 2500 3747 homo
2550 3702 2764 3763 gestare
2789 3695 3072 3764 parvulum
3103 3711 3287 3751 suum.
3315 3717 3336 3750 ι
3373 3698 3427 3755 Is

1846 3779 1993 3835 enim
2025 3779 2083 3833 in
2120 3777 2450 3850 quibusdam
2504 3782 2782 3850 parabolis
2855 3783 3019 3841 homo
3074 3785 3423 3854 appellatur,

1846 3879 2129 3939 propterea
2154 3870 2327 3939 quod,
2352 3871 2480 3925 dum
2517 3871 2768 3928 homines
2787 3873 2964 3943 juvat,
2984 3874 3266 3931 hominum
3296 3891 3422 3932 mo-

1846 3973 1935 4013 res
1968 3958 2022 4011 in
2053 3958 2334 4013 luminum
2363 3960 2650 4016 utilitatem
2686 3976 2750 4018 ac
2770 3964 3118 4020 commodum
3150 3967 3418 4025 sustinet:

1846 4057 2010 4118 atque
2037 4048 2145 4104 hoc
2175 4050 2392 4120 quidem
2421 4051 2543 4107 loco
2575 4062 2794 4125 propter
2815 4055 3051 4120 vineam,
3094 4066 3149 4113 et
3194 4058 3420 4116 assitam

1845 4140 2018 4196 vineae
2051 4155 2255 4212 sepem,
2298 4151 2354 4197 et
2377 4142 2637 4199 emissum
2668 4145 2738 4200 ab
2772 4147 2891 4216 ipso
2918 4148 3177 4216 torcular,
3205 4158 3260 4207 et
3289 4150 3424 4207 aedi-

1846 4232 2062 4288 ﬁcatam
2111 4232 2328 4298 turrim,
2380 4243 2436 4290 et
2478 4243 2699 4306 propter
2728 4252 2920 4295 servos
2947 4255 3088 4310 quos
3118 4241 3319 4309 habet,
3368 4252 3427 4302 et

1846 4338 1987 4393 quos
2011 4323 2081 4378 ad
2116 4323 2383 4394 agricolas
2432 4326 2617 4391 mittit,
2650 4342 2903 4400 quosque
2950 4332 3161 4402 majore
3189 4350 3437 4392 numero.»

1847 4417 2015 4471 altera
2045 4416 2167 4472 vice
2186 4416 2371 4483 mittit,
2398 4418 2563 4474 homo
2587 4420 2975 4489 paterfamilias
3005 4426 3342 4494 appellatur:
3367 4437 3425 4483 et

166 4512 334 4566 αὐτὸν
366 4510 580 4566 δίδωσιν
610 4512 835 4584 ἑτέροις.
863 4513 985 4566 Ἔτι
1009 4512 1064 4566 δὲ
1087 4512 1250 4566 πάλιν
1277 4514 1462 4576 ἐντοῖς
1491 4510 1745 4583 ἀνωτέρω

1854 4509 2005 4578 quasi
2035 4507 2428 4578 paterfamilias
2444 4510 2695 4581 agricolis
2727 4513 2941 4568 vineam
2979 4517 3224 4583 tradidit,
3254 4507 3437 4588 quam:

165 4601 454 4674 ἄνθρωπος
487 4603 866 4674 οἰκοδεσπότης
886 4606 1098 4676 εἴρηται
1130 4603 1218 4657 διὰ
1235 4603 1458 4658 τούτων·
1497 4621 1515 4655 ι
1552 4601 1742 4673 Ὀμοία

1854 4602 1917 4654 ab
1944 4601 2011 4655 iis
2038 4600 2231 4655 deinde
2251 4600 2485 4656 ablatam
2512 4602 2635 4658 aliis
2656 4603 2823 4659 dedit.
2859 4604 3070 4664 Rursus
3096 4624 3223 4663 vero
3254 4610 3429 4666 homo

167 4694 277 4766 γάρ
307 4694 456 4749 ἐστιν
489 4695 525 4766 ἡ
580 4693 824 4764 βασιλεία
857 4694 970 4750 τῶν
1012 4694 1257 4769 οὐρανῶν
1295 4694 1564 4766 ἀνθρώπῳ
1601 4694 1745 4747 οἰκο-

1854 4691 2242 4764 paterfamilias
2267 4708 2432 4763 supra
2469 4694 2653 4751 dictus
2691 4708 2776 4752 εει
2803 4695 2889 4754 his
2922 4699 3104 4757 verbis
3136 4702 3182 4734 ⁸⁸
3215 4721 3231 4758 :
3271 4720 3293 4755 ι
3332 4700 3433 4759 Si-'

1365 4828 1595 4888 VETUS
1630 4824 2216 4883 INTERPRETATIO.

167 4944 339 5032 mittit
366 4945 760 5029 paterfamilias
784 4948 951 5003 tilium
975 4964 1135 5032 suum
1169 4947 1354 5032 Iesum
1383 4946 1686 5032 Christum,
1714 4946 2047 5032 qui-poterat
2070 4946 2439 5032 reverentiam
2464 4945 2548 5001 eis
2573 4946 2835 5032 incutere.
3030 4949 3301 5031 principes
3334 4965 3424 5032 sa-

165 5016 536 5101 cerdotumet
558 5018 805 5074 seniores
835 5019 1056 5101 populi,
1075 5027 1129 5073 et
1149 5018 1740 5101 prudentesavidentes
1768 5015 1988 5101 Filium,
2021 5030 2127 5101 non
2161 5016 2387 5071 omnino
2426 5015 3069 5101 insensat‘i‘exsistentes,
3110 5015 3424 5101 eminentia:

166 5100 282 5141 sua:
304 5084 571 5141 heredem
601 5103 724 5142 eum
754 5084 877 5145 esse
908 5084 1312 5144 intellexerunt.
1350 5089 1484 5171 Ausi
1516 5094 1643 5171 sunt
1682 5095 1889 5171 autem.
1912 5086 2215 5167 interﬁcere
2244 5094 2477 5171 eumput
2503 5085 2604 5155 ipsi
2629 5086 2970 5171 efﬁcerentur
3000 5089 3206 5171 domini
3255 5101 3421 5171 super

166 5157 382 5210 vineam
411 5155 582 5237 illam,
608 5166 668 5237 let
694 5157 974 5237 ejicientes
1001 5175 1125 5215 eum
1148 5167 1299 5237 extra
1325 5173 1412 5213 res
1446 5157 1835 5237 Israe-litarum,
1865 5155 2002 5213 foris
2026 5172 2149 5210 eum
2164 5156 2687 5237 judicantes‘esse,‘
2713 5157 3122 5237 interfecerunt.
3152 5155 3417 5237 Dominus

164 5236 350 5280 autem
417 5227 473 5282 ui
494 5228 676 5282 statim
705 5224 886 5291 r'ediit,
911 5245 1070 5298 quem
1103 5228 1445 5291 occiderunt,
1481 5227 1626 5282 \enit
1650 5241 1942 5295 resurgens
1977 5241 2007 5279 a
2038 5224 2291 5306 mortuis,
2326 5234 2380 5280 et
2403 5224 2576 5279 malos
2598 5226 2816 5308 quidem
2846 5228 3074 5307 colonos
3126 5228 3268 5282 male
3291 5243 3419 5308 per-

166 5295 327 5349 didit.
354 5241 479 5349 a?iis
502 5306 682 5349 autem
705 5298 941 5349 colonis.
974 5298 1024 5349 id
1062 5308 1147 5349 est
1180 5298 1443 5349 apostolis
1468 5298 1683 5349 vineam
1717 5312 1871 5349 suam
1907 5295 2270 5349 consignant.
2296 5295 2347 5349 id
2380 5305 2464 5349 est
2479 5309 2577 5349 eos
2601 5312 2692 5349 aut
2720 5311 2786 5349 ex
2808 5295 3039 5349 Iudaico
3067 5299 3263 5349 oonulo
3288 5297 3415 5349 l'cll-

354 5310 385 5350 a

166 5295 327 5357 didit,

412 5296 479 5352 iis
502 5306 682 5352 autem
705 5294 945 5364 colonis,
974 5298 1024 5352 id
1062 5308 1147 5353 est
1180 5298 1443 5367 apostolis
1468 5298 1683 5367 vineam
1717 5294 1871 5367 suam
1903 5294 2270 5367 consignavit,
2296 5295 2464 5367 idest
2479 5309 2577 5350 eos
2601 5294 2692 5365 qui
2720 5311 2786 5349 ex
2808 5295 3039 5351 Iudaico
3065 5299 3263 5367 populo
3288 5294 3415 5351 reli-

168 5364 262 5446 qui
302 5367 796 5450 crediderunthqui
823 5368 1017 5450 darent
1047 5369 1099 5421 in
1129 5364 1369 5450 tempore
1400 5384 1501 5424 suo
1532 5366 1747 5450 fructus
1768 5365 1993 5450 domino
2024 5364 2146 5450 suo.
2182 5365 2311 5450 Item
2340 5364 3042 5450 docet-eos’eshprophetia.
3065 5364 3325 5450 quoniam
3351 5367 3418 5448 ab

167 5434 289 5515 istis
319 5435 539 5505 quidem
573 5437 995 5518 aediﬁcatoribus
1024 5434 1346 5518 reprobatus
1367 5445 1471 5503 est,
1510 5452 1538 5489 a
1565 5435 1881 5518 Deo_autem
1914 5435 2138 5518 electus,
2156 5445 2220 5518 et
2245 5436 2598 5518 caputtotiu‘s
2622 5434 3017 5518 aediﬁcationis.
3046 5434 3101 5491 et
3126 5438 3419 5518 εει-ραι,ιηί-

168 5504 345 5560 rabile
369 5507 549 5563 tactus
578 5508 634 5561 in
658 5507 834 5564 oculis
861 5523 1051 5564 eorum
1082 5504 1178 5578 qui
1202 5516 1432 5579 possunt
1456 5522 1582 5564 eum
1612 5505 1820 5575 videre,
1840 5506 1915 5560 ita
1943 5505 2277 5576 prophetaus
2300 5504 2539 5574 gentium
2568 5504 2751 5573 tidem,
2778 5506 2912 5562 dicit
2934 5520 3041 5562 non
3070 5504 3421 5568 credentibus

237 5646 496 5704 “Natth.
534 5664 648 5719 ut,
678 5650 766 5707 25.
844 5650 893 5685 ⁸⁸
916 5650 1048 5707 ibid.
1068 5651 1160 5707 41.
1234 5651 1284 5683 ⁸³
1302 5650 1435 5706 ibid.
1464 5649 1556 5705 ιδ.
1628 5649 1674 5682 ⁸⁷
1699 5649 1756 5704 Dt

1889 5665 1928 5713 ι,
1956 5648 2048 5704 ει.
2119 5647 2165 5680 ³³
2196 5644 2385 5701 Matth.
2413 5661 2509 5713 xx,
2539 5645 2591 5699 ι.

239 5780 359 5853 (04)
425 5784 662 5852 Ἄλλως
720 5785 789 5844 δὲ
844 5786 1118 5857 γεωργοῖς
1207 5784 1339 5845 Vide
1388 5785 1873 5857 Thcophylactum.
