3962 6546
509 398 644 454 15υ7

1975 383 2298 441 ORIGENIS

3631 372 3759 429 1508

505 513 779 572 orationes
811 508 1084 563 oli‘errent.
1115 505 1313 560 Filium
1345 519 1473 558 vero
1518 517 1676 559 suum
1712 500 1925 556 tandem
1954 508 2075 570 post

2195 499 2320 567 ἱγιοι
2368 497 2550 568 ἱερεῖς,
2594 492 2673 563 τῷ
2714 491 2833 564 Θεῷ
2873 492 2959 546 διὰ
3009 491 3115 545 τῶν
3157 490 3351 562 εὐχῶν.
3387 490 3662 559 ’Υστερον
3700 488 3759 543 δὲ

508 602 817 676 prophetas,
858 598 1134 653 Christum
1167 593 1411 649 videlicet
1440 592 1610 646 misit.
1654 589 1874 656 Quaeres
1916 601 2080 655 porro

506 694 783 768 quomodo
816 692 907 760 qui
943 689 1137 741 Filium
1176 702 1335 740 suum
1369 683 1553 747 mittit,
1586 681 1717 736 dicit
1742 678 1959 749 quidem
1981 677 2027 710 ⁸⁸
2067 696 2079 730 :

515 810 534 844 ι
565 787 906 843 Verebuntur
939 782 1107 835 lilium
1145 794 1359 844 meum;
1393 797 1410 828 ι
1446 787 1500 831 at
1521 775 1676 845 quasi
1699 788 1821 843 quae
1844 772 1894 827 ei
1919 785 2084 827 even-

511 895 632 937 tura
665 886 821 934 erant
852 875 1036 929 animo
1065 887 1172 926 non
1208 870 1540 940 praeciperet,
1579 865 1711 920 illud
1753 864 1915 930 dicit;
1954 877 2079 915 nam

504 976 658 1045 juxta
689 971 979 1039 Scriptura:
1010 972 1344 1025 contextum,
1377 961 1525 1015 illum
1562 958 1785 1013 minime
1814 954 1971 1011 veriti
2005 953 2084 1007 vi-

509 1069 743 1122 dentur:
772 1074 825 1117 at
861 1060 1011 1115 missi
1043 1057 1163 1110 Filii
1190 1055 1408 1110 Patrem
1436 1067 1557 1122 qua:
1579 1050 1761 1105 futura
1794 1056 1951 1104 erant
1974 1062 2082 1099 non

509 1156 840 1228 praevidisse,
879 1152 971 1208 sed
1003 1151 1197 1204 falsum
1233 1146 1400 1201 animi
1438 1143 1607 1199 fuisse
1650 1158 1774 1197 cum
1806 1142 1908 1196 alia
1943 1155 2081 1209 pra:-

511 1247 834 1311 nuntiasset,
869 1243 973 1297 alia
1003 1239 1377 1309 contigissent,
1414 1235 1639 1304 impium
1670 1233 1808 1288 foret
1838 1234 1923 1287 hic
1953 1232 2081 1286 illud

512 1338 837 1408 respondere
892 1353 905 1387 :
958 1346 1171 1387 rursum
1229 1337 1411 1383 autem
1454 1326 1632 1381 dicere
1685 1328 1885 1379 veritos
1933 1324 2081 1378 illum

513 1430 683 1483 fuisse
710 1430 954 1488 colonos,
989 1437 1205 1477 onmem
1233 1428 1453 1487 superat
1497 1415 2023 1471 verisimilitudinem
2064 1432 2078 1467 :

519 1540 536 1571 ι
567 1518 831 1588 Agricola:
859 1515 1003 1568 enim
1032 1514 1271 1566 videntes
1301 1509 1471 1563 lilium
1504 1508 1642 1576 ejus,
1667 1507 1920 1561 dixerunt
1945 1506 2084 1559 intra

513 1628 610 1667 se:
644 1608 743 1664 Hic
783 1616 866 1662 est
895 1607 1065 1660 haeres
1080 1603 1147 1665 9',
1183 1622 1201 1653 ι
1247 1609 1300 1655 et
1332 1607 1544 1653 czetcra.
1572 1596 1934 1665 Respondebit
1957 1610 2086 1666 ergo

514 1704 577 1757 ad
616 1702 666 1756 id
698 1698 914 1768 aliquis,
953 1693 1319 1749 necessarium
1352 1690 1519 1744 fuisse
1550 1698 1608 1743 ut
1630 1688 1681 1741 id
1709 1687 2081 1756 contingeret:

520 1815 538 1847 ι
570 1792 907 1848 Vercbuntur
947 1787 1139 1840 Filium
1195 1799 1395 1847 meum,
1430 1800 1448 1831 ι
1499 1779 1747 1848 quamvis
1797 1788 1925 1833 tunc
1977 1792 2082 1829 non

2184 588 2468 643 ἀπέστειλε
2514 586 2603 640 τὸν
2643 586 2770 638 Υἱὸν
2811 583 2973 638 αὑτοῦ
3023 582 3160 654 μετὰ
3189 578 3317 647 τοὺς
3360 584 3653 654 προφήτας
3684 583 3766 635 τόν

2184 680 2433 752 Χριστόν.
2475 677 2739 749 Ζητήσεις
2788 676 2845 728 δὲ
2877 675 2995 739 πῶς
3043 678 3071 729 6
3115 675 3466 728 ἀποστέλλων
3498 676 3590 727 τὸν
3646 675 3763 726 Υἱὺν

2185 772 2332 841 λέγει
2377 771 2504 842 μέν·
2541 788 2560 820 ι
2604 768 3063 839 Ἐντραπήσονται
3090 766 3179 819 τὸν
3225 768 3355 819 Υξὸν
3383 782 3512 837 μου,
3554 785 3573 816 ι
3611 767 3686 828 ὡς
3709 767 3765 819 οὐ

2187 860 2614 935 προκαταλαϐὼν
2645 859 2703 912 δὲ
2732 857 2793 912 τδ
2822 858 3012 929 μέλλον
3046 858 3195 929 αὐτῷ
3236 858 3588 928 συμϐαίνειν,
3619 857 3765 910 τοῦτο

2186 950 2364 1006 εἶπεν·
2397 952 2456 1003 οὐ
2501 949 2610 1021 γὰρ
2642 949 2919 1018 φαίνονται
2950 949 3092 1003 κατὰ
3116 950 3175 1002 τὸ
3207 948 3370 1020 ῥητὸν
3402 949 3760 1016 ἐντραπέντες

2186 1044 2252 1097 αὖ
2266 1043 2368 1096 τόν.
2400 1043 2509 1095 Καὶ
2559 1042 2787 1109 φάσκειν
2833 1057 2896 1108 γε
2931 1041 2989 1094 ὲν
3019 1040 3228 1103 τούτοις
3259 1041 3335 1111 μὴ
3365 1041 3764 1111 προεγνωκέναι

2185 1134 2245 1188 τὸ
2278 1132 2467 1203 μέλλον
2512 1132 2601 1184 τὸν
2635 1132 2853 1203 Πατέρα
2881 1132 2975 1184 τοῦ
3016 1133 3413 1197 ἀποσταλέντος
3450 1131 3607 1195 Υιοῦ,
3642 1132 3764 1186 ἀλλά

2190 1224 2445 1293 ἐψεῦσθαι
2494 1224 2625 1278 ἄλλα
2674 1224 2896 1276 εἰπόντα
2949 1223 3121 1277 ἄλλων
3161 1225 3495 1293 γενομένων,
3539 1223 3759 1285 ἀσεϐὲςο

2190 1314 2348 1366 πάλιν
2372 1330 2430 1365 τε
2455 1311 2521 1366 αὖ
2558 1313 2750 1372 εἰπεῖν,
2768 1313 2849 1364 ὅτι
2871 1312 3242 1381 ἐνετράπησαν
3262 1311 3424 1362 αὑτὸν
3444 1310 3497 1361 οἱ
3518 1309 3759 1378 γεωργοὶ,

2187 1406 2338 1476 παρά
2365 1405 2461 1476 τὴν
2487 1404 2774 1476 ἐνάργειάν
2806 1405 2971 1456 ἐστιν’
3008 1423 3025 1453 ι
3052 1407 3113 1456 Οἱ
3142 1403 3250 1473 γὰρ
3280 1401 3546 1471 γεωργοὶ,
3578 1400 3764 1461 ἰδόντες

2186 1497 2421 1549 τὸν-Υἱὸν
2456 1495 2641 1558 αὐτοῦ,
2678 1490 2828 1547 εἷπον
2852 1496 2907 1546 ὲν
2931 1496 3169 1557 ἑαυτοῖς·
3200 1489 3367 1555 Οὗτός
3400 1495 3551 1545 ἐστιν
3572 1493 3605 1543 6
3640 1490 3763 1560 κλῃ-

2190 1588 2434 1659 ρονόμος,
2464 1606 2481 1638 ³
2521 1588 2614 1640 καὶ
2637 1587 2705 1640 τὰ
2733 1585 2877 1656 ἑξῆς.
2922 1585 2978 1638 Ὀ
3008 1587 3103 1656 μὲν
3131 1581 3223 1638 οὖν
3256 1602 3340 1648 τις
3366 1586 3446 1647 εἰς
3467 1583 3645 1636 ταῦτα
3669 1582 3765 1650 φή-

2191 1698 2272 1733 σει
2323 1679 2450 1748 (81),
2484 1680 2564 1731 ὅτι
2609 1680 2905 1745 ἀναγκαῖον
2948 1676 3215 1748 συμϐῆναι
3246 1676 3339 1728 τό·
3396 1694 3417 1726 ι
3469 1674 3767 1744 Ἐντραπή-

2195 1788 2376 1823 σονται
2415 1770 2503 1822 τὸν
2537 1769 2662 1821 Υἱόν
2698 1786 2821 1839 μου,
2864 1788 2881 1819 ι
2918 1770 2965 1820 εἰ
2996 1770 3088 1821 καὶ
3124 1767 3199 1838 μὴ
3226 1768 3347 1821 τότε
3381 1760 3779 1835 συμϐέϐηκε-ἀί

515 1883 802 1953 contigerit
830 1898 841 1933 :
875 1888 930 1932 at
954 1878 1093 1931 alius
1128 1875 1335 1943 inquiet
1363 1887 1468 1926 non
1497 1871 1700 1924 dixisse
1724 1868 1936 1923 Patrem
1959 1884 2082 1923 cum

2195 1864 2213 1913 5
2259 1861 2316 1913 δέ
2371 1878 2451 1925 τις
2496 1862 2630 1931 ἐρεῖ,
2666 1861 2746 1912 ὅτι
2787 1860 2886 1913 οὐκ
2934 1857 3086 1912 εἶπεν
3128 1861 3156 1911 6
3189 1859 3379 1929 Πατὴρ
3420 1857 3661 1927 πέμπων
3686 1856 3769 1908 τὸν

515 1973 709 2027 Filium
732 1969 993 2022 mitteret:
1017 1964 1177 2034 783
1200 1962 1457 2015 Fructum
1476 1976 1504 2014 a
1524 1959 1731 2014 colonis
1749 1957 1917 2013 Filius
1933 1975 2085 2013 meus

514 2063 756 2130 recipiet,
803 2059 918 2122 sed,
956 2076 974 2107 ι
1008 2056 1368 2118 verebuntur;
1402 2071 1419 2103 ι
1465 2050 1725 2106 reveritos
1759 2050 1958 2119 quippe
2001 2066 2085 2103 re-

517 2157 631 2223 ipsa
654 2169 791 2215 esse,
819 2165 941 2204 cum
968 2147 1159 2200 Filium
1193 2146 1337 2199 hunc
1359 2158 1479 2198 esse
1506 2150 1893 2212 cognoverunt,
1922 2148 1975 2193 et
2006 2141 2083 2192 in-

517 2255 600 2302 tra
631 2260 688 2299 se
723 2245 1008 2296 dixerunt:
1043 2258 1060 2289 ι
1093 2236 1189 2291 llic
1222 2244 1301 2290 est
1333 2235 1537 2300 haeres;
1574 2253 1591 2285 ι
1628 2240 1683 2286 at
1714 2231 1963 2301 quamvis
1999 2247 2084 2283 rc-

446 2367 462 2380 .
522 2335 681 2387 veriti
712 2334 839 2396 sint,
871 2344 925 2383 et
955 2329 1109 2382 initio
1157 2326 1358 2380 fuerint
1404 2324 1658 2396 perculsi,
1691 2323 1764 2377 ita
1812 2331 1992 2378 tamen
2030 2336 2088 2375 se

525 2440 630 2478 non
647 2422 890 2493 .gessisse
914 2420 1069 2489 quasi
1098 2432 1222 2472 eum
1249 2424 1642 2471 revererentur.

595 2602 681 2653 ll.
726 2598 897 2652 Simul
928 2610 1055 2649 vero
1098 2592 1409 2663 qumsiverit
1452 2589 1745 2660 quispiam,
1776 2588 1997 2657 quinam
2035 2586 2089 2639 hi

525 2701 651 2746 sum
682 2688 859 2743 celaui
891 2688 981 2756 qui
1013 2685 1320 2740 dixerunt"
1347 2702 1360 2737 :
1393 2701 1410 2733 ι
1442 2679 1542 2736 Hic
1565 2689 1647 2734 cst
1670 2681 1861 2742 haeres,
1890 2680 2088 2743 venite,

525 2782 839 2837 occidamus
862 2794 1015 2839 eum;
1051 2796 1068 2827 ι
1109 2790 1206 2829 ηεε
1249 2774 1393 2826 enim
1447 2788 1569 2826 eum
1599 2780 1857 2840 tanquam
1894 2768 2089 2823 Filium

526 2870 933 2943 patrisfamilias
953 2866 1168 2921 Judaeos
1197 2864 1459 2919 occidisse
1486 2861 1673 2916 videri.
1710 2862 1787 2915 Ac
1812 2874 1973 2928 super
2007 2859 2092 2914 his

525 2965 741 3034 quidem
783 2963 961 3016 dicere
990 2966 1153 3029 queat
1182 2957 1399 3025 aliquis,
1432 2970 1555 3010 cum
1591 2953 1752 3009 simul
1781 2952 2094 3020 colloquen-

526 3067 627 3124 tes,
660 3057 909 3127 quisnam
940 3053 1027 3105 ille
1051 3060 1195 3107 esset
1221 3048 1604 3118 disquircrcnt,
1635 3062 1762 3100 eum
1794 3060 1915 3100 esse
1937 3042 2095 3098 Chri—

524 3155 670 3203 stum
723 3142 1009 3198 nonnullos
1051 3140 1427 3210 pronuntiasse
1473 3157 1486 3192 :
1534 3137 1619 3192 his
1654 3146 1831 3190 autem
1868 3151 2093 3204 respon-

2190 1950 2347 2002 Υἰόν·
2375 1950 2614 2020 Λήψεται
2647 1952 2675 2003 ό
2704 1949 2831 2012 Υἱός
2859 1967 2958 2019 μου
2989 1950 3078 2003 τὸν
3103 1950 3309 2021 καρπὸν
3333 1948 3446 2001 ἀπὸ
3476 1947 3592 1999 τῶν
3613 1962 3769 2015 γεωρ-

2186 2044 2319 2112 γῶν,
2354 2043 2465 2095 ἀλλ’
2498 2044 2579 2095 ὃτι
2614 2061 2632 2092 ι
2672 2043 3140 2111 ἐντραπήσονται·
3200 2060 3217 2091 ι
3255 2040 3644 2111 ὲνετράττησαν
3677 2039 3767 2108 μὲν

2186 2139 2294 2209 γὰρ
2323 2138 2402 2207 τῷ
2433 2136 2749 2206 ἐγνωκέναι,
2787 2135 2867 2187 ὅτι
2904 2128 3060 2196 οὗτος
3089 2134 3118 2185 6
3148 2133 3273 2195 Υἱὸς
3302 2127 3393 2201 ἦν,
3427 2132 3526 2184 καὶ
3559 2130 3768 2201 εἰρηκέ-

2188 2248 2273 2283 ναι
2305 2228 2500 2290 αὐτοὺς
2522 2228 2578 2278 ἐν
2611 2226 2843 2287 ἑαυτοῖς,
2870 2224 2973 2286 ὅτι,
3013 2241 3030 2273 ι
3073 2215 3239 2283 Οὗτός
3270 2221 3420 2272 ἐστιν
3453 2221 3480 2272 6
3512 2218 3761 2288 κληρονό-

2192 2338 2311 2391 μος.
2354 2339 2373 2371 ι
2416 2319 2491 2371 υύ
2533 2318 2750 2380 πάντως
2799 2315 2855 2369 δὲ
2884 2317 2931 2367 εἰ
2961 2314 3334 2384 ὲνετράπησαν
3361 2311 3460 2364 καὶ
3498 2309 3645 2363 κατᾶ
3674 2309 3765 2378 τὴν

2188 2412 2362 2482 ἀρχὴν
2405 2408 2776 2479 ὲπλήχθησαν,
2824 2406 2923 2478 ήδη
2968 2406 3061 2459 καὶ
3101 2403 3169 2457 τά
3199 2403 3309 2457 τῶν
3356 2400 3766 2474 ἐντρεπομένων

2192 2500 2573 2570 πεποιήκασιν.

2264 2591 2331 2642 "A
2341 2606 2413 2659 μα
2438 2588 2495 2642 δὲ
2522 2588 2615 2642 καὶ
2641 2585 2866 2658 ζητήσει
2900 2602 3003 2649 τις,
3035 2586 3176 2647 τίνες
3205 2578 3351 2638 οὗτοι
3377 2586 3428 2637 οἱ
3456 2586 3692 2655 γεωργοὶ
3721 2583 3763 2634 οἱ

2192 2681 2436 2743 εἰπόντες
2460 2697 2472 2710 ο
2510 2700 2526 2731 ι
2571 2673 2737 2742 Οὗτός
2784 2679 2931 2731 ἐστιν
2964 2678 2991 2728 6
3039 2676 3396 2747 κληρονόμος,
3430 2674 3609 2738 δεῦτε,
3644 2677 3768 2729 ἀπο-

2193 2772 2490 2842 κτείνωμεν
2519 2772 2677 2825 αὺιόν
2701 2789 2714 2801 ⁸
2748 2791 2765 2822 ι
2803 2772 2864 2824 οὐ
2896 2770 3004 2841 γὰρ
3046 2769 3324 2837 φαίνονται
3367 2766 3616 2820 Ἰουδαῖοι
3644 2769 3767 2818 ἀπο-

2193 2864 2496 2927 κτείναντες
2518 2864 2678 2917 αὐτὸν
2708 2864 2783 2927 ὼς
2810 2864 2937 2916 Υἰὸν
2966 2860 3058 2915 τοῦ
3080 2860 3481 2914 οἰκοδεσπότου.
3510 2860 3617 2911 Καὶ
3641 2858 3767 2927 πρὸς

2192 2953 2346 3007 τοῦτο
2382 2954 2436 3007 δὲ
2476 2956 2635 3025 φήσει
2671 2971 2774 3019 τις,
2808 2955 2911 3018 ὅτι,
2947 2953 3108 3023 ἡνίκα
3139 2951 3416 3004 διελάλουν
3447 2950 3585 3021 πρὸς
3617 2948 3767 3018 ἀλλή-

2193 3044 2318 3108 λους
2346 3044 2494 3108 ὅστις
2527 3043 2635 3116 εἴη,
2669 3046 2813 3107 τινὲς
2845 3039 3015 3107 εἶπον,
3049 3043 3131 3096 ὅτι
3157 3034 3312 3104 οὗτός
3360 3042 3513 3093 ἐστιν
3565 3041 3595 3092 6
3644 3040 3765 3107 Χρι-

2201 3135 2326 3199 στός
2348 3152 2361 3166 °
2396 3136 2531 3207 πρὸς
2550 3134 2643 3198 οὓς
2667 3135 3026 3206 ἀπεκρίναντο
3056 3134 3223 3187 ἄλλοι·
3252 3152 3269 3182 ι
3314 3133 3373 3184 ’0
3394 3131 3631 3200 Χριστὸς
3654 3130 3767 3181 ὅταν

445 3294 450 3299 ,
524 3236 671 3290 disse
701 3233 838 3287 alios
852 3231 895 3262 9'
919 3249 931 3283 :
962 3248 978 3280 ι
1003 3228 1251 3283 Christus
1277 3242 1400 3281 cum
1430 3224 1656 3290 venerit,
1683 3238 1844 3279 nemo
1867 3224 1969 3278 scit
1996 3238 2089 3276 un-

2197 3227 2444 3299 ἔρχηται,
2480 3228 2652 3292 οὐδεὶς
2674 3227 2931 3297 γινώσκει
2964 3226 3127 3280 πόθεν
3153 3226 3270 3279 ἐστί
3291 3242 3305 3255 ’
3335 3224 3532 3277 τοῦτον
3558 3226 3616 3278 δὲ
3642 3224 3769 3276 οἶδα-

526 3327 594 3383 de
630 3326 735 3388 sit;
766 3324 908 3376 hunc
933 3328 1110 3373 autem
1143 3320 1345 3371 scimus
1378 3316 1517 3369 unde
1545 3315 1644 3381 sit;
1676 3334 1694 3364 ι
1727 3324 1838 3367 tum
1876 3314 2094 3367 demum

528 3416 787 3487 quoniam
842 3412 1031 3480 signis,
1068 3418 1121 3463 ct
1156 3408 1434 3477 prodigiis,
1460 3414 1514 3460 et
1557 3405 1848 3459 virtutibus
1896 3404 2096 3459 divinis

531 3505 783 3577 perculsi,
822 3504 994 3572 ipsum
1040 3498 1257 3568 quidem
1306 3498 1580 3551 Christum
1620 3495 1711 3550 Dei
1749 3511 1868 3552 esse
1901 3496 2099 3550 sentie-

530 3599 682 3658 bant,
717 3595 808 3649 scd
835 3592 1054 3646 minimc
1084 3590 1413 3655 fatebantur,
1443 3604 1628 3643 verum
1658 3587 1826 3642 fuisse
1857 3587 1986 3641 illud
2005 3588 2050 3619 ⁸⁸
2079 3605 2092 3641 :

536 3704 558 3739 ‹
593 3684 928 3738 Verebuutur
961 3679 1153 3734 Filium
1185 3694 1362 3733 meum
1390 3696 1403 3745 ;
1438 3698 1455 3730 ι
1502 3693 1708 3733 necnon
1734 3688 1786 3732 et
1814 3693 1937 3733 vere
1965 3679 2095 3733 illud

532 3778 734 3833 dictum
767 3773 955 3838 fuisse,
976 3781 1259 3843 postquam
1292 3770 1487 3825 Filium
1509 3770 1652 3826 hunc
1679 3785 1800 3826 esse
1827 3786 2095 3840 cognove-

2201 3334 2301 3387 μεν
2332 3317 2494 3372 πόθεν
2545 3317 2689 3371 ἐστίν
2713 3336 2725 3347 ·
2764 3336 2782 3368 ι
2817 3312 2912 3370 εἴτ’
2930 3317 3075 3383 ἐπεὶ,
3112 3316 3220 3370 ἀπὸ
3248 3315 3357 3369 τῶν
3388 3316 3655 3387 σημείων,
3683 3316 3765 3366 καὶ

2195 3409 2303 3462 τῶν
2354 3408 2680 3482 τεραστίων,
2731 3410 2822 3461 καὶ
2863 3408 3019 3462 θείων
3067 3408 3348 3476 δυνάμεων
3392 3406 3765 3475 πληττόμενα,

2197 3499 2456 3570 ἐφρόνουν
2493 3499 2590 3569 μὲν
2620 3498 2782 3551 αὐτὸν
2815 3496 2953 3553 εἶναι
2979 3501 3071 3553 τὸν
3104 3497 3338 3570 Χριστὸν
3364 3496 3463 3549 τοῦ
3493 3496 3650 3559 Θεοῦ,
3679 3497 3765 3563 οὐχ

2196 3589 2502 3659 ὡμολόγουν
2534 3589 2610 3651 δὲ,
2666 3590 2760 3642 καὶ
2799 3589 2996 3660 ἀληθὲς
3023 3586 3089 3661 ἦν
3120 3588 3211 3642 τόο
3254 3609 3272 3639 ι
3315 3588 3764 3659 Ἐντραπήσονται

2201 3680 2290 3733 τὸν
2317 3681 2442 3734 Υἰόν
2464 3698 2586 3752 μου·
2602 3700 2621 3732 ι
2643 3681 2840 3753 ἀληθὲς
2864 3682 2921 3734 δὲ
2938 3682 3031 3734 καὶ
3056 3681 3135 3744 τὸ,
3159 3680 3560 3748 ἀπεγνωκότων
3580 3678 3763 3741 αὐτῶν,

2202 3772 2282 3825 ὅτι
2317 3772 2404 3838 εἴη
2429 3774 2458 3824 6
2488 3773 2611 3832 Υἱὸς
2647 3773 2781 3842 (82),
2812 3773 3086 3837 λελένθαιο
3118 3791 3137 3824 ι
3161 3766 3329 3834 Οὗτός
3354 3775 3506 3825 ἐστιν
3530 3773 3561 3824 6
3586 3771 3767 3842 κληρο-

1727 3864 1908 3920 VETU
1921 3864 1959 3919 S
1994 3865 2380 3921 INTERPRET
2392 3866 2563 3923 ATIO.

534 3960 862 4016 sanctissimi
898 3958 1225 4014 sacerdorcs.
1263 3977 1283 4010 ι
1314 3957 1615 4013 Novissime
1656 3969 1837 4014 autem
1886 3960 2034 4013 misit
2077 3959 2271 4014 Filium
2324 3976 2507 4028 suum,
2557 3961 2783 4016 dicens:
2811 3962 3224 4018 Reverebuntur
3259 3960 3460 4015 Filium
3507 3975 3707 4014 meum.
3741 3975 3760 4028 ι

534 4032 753 4097 Qmeres
782 4038 960 4084 autem
991 4030 1264 4098 quomodo
1299 4028 1440 4083 Deus
1468 4028 1683 4096 quidem
1711 4029 1929 4082 mittens
1961 4028 2155 4098 Filium
2183 4046 2365 4093 suum,
2398 4032 2562 4086 dicit:
2590 4049 2609 4082 ι
2639 4030 3050 4087 Reverebuntnr
3086 4031 3278 4085 Filium
3315 4046 3522 4093 meum,
3558 4051 3577 4081 ι
3613 4027 3759 4098 quasi

535 4102 630 4171 qui
662 4116 769 4181 non
803 4097 1119 4181 praesciebat
1152 4099 1296 4181 quod
1329 4100 1377 4179 ei
1422 4098 1614 4181 fuerat
1645 4107 1986 4179 eventurum.
2021 4097 2130 4181 yec
2154 4100 2296 4155 enim
2317 4101 2581 4181 [videntur
2623 4104 2921 4181 secundum
2970 4112 3175 4181 teritum
3227 4109 3550 4181 praesentem
3597 4097 3760 4179 Judaei

537 4167 752 4226 reveriti
783 4167 928 4234 eum,
956 4178 1009 4221 et
1045 4167 1317 4223 invenitur
1351 4169 1403 4221 in
1439 4170 1541 4223 hoc
1574 4167 1717 4223 Deus
1748 4168 1988 4223 nescisse
2019 4168 2284 4224 futurum.
2317 4169 2421 4225 Sed
2466 4172 2645 4225 dicere
2675 4172 2821 4226 aliud
2862 4187 2981 4226 esse
3012 4167 3475 4239 factum'impium
3507 4180 3592 4224 est
3624 4187 3639 4223 :
3669 4169 3761 4239 ite:

536 4240 911 4321 rumndiecre
933 4238 1189 4307 quoniam
1224 4238 1463 4321 oreveriti
1488 4246 1623 4321 ‘sunt
1656 4253 1780 4292 eum
1828 4238 2027 4302 coloni,
2064 4238 2259 4320 falsum
2290 4249 2391 4321 est.
2424 4241 2657 4321 «Coloni
2688 4241 3107 4321 enim'videntes
3143 4242 3309 4321 filium
3326 4236 3597 4321 dixerunt
3629 4236 3764 4321 apud

536 4326 594 4366 se
622 4329 635 4363 :
664 4307 761 4364 Hic
790 4318 873 4364 est
898 4308 1089 4374 haeres,
1118 4310 1315 4369 venite,
1353 4308 1665 4362 occidamus
1695 4324 1839 4370 eum,
1872 4318 1922 4361 et
1959 4318 2141 4363 nostra
2171 4314 2271 4363 erit
2297 4309 2600 4365 hiereditas.
2634 4330 2651 4360 ι
2688 4310 2802 4365 Nisi
2835 4310 2970 4365 forte
2998 4312 3101 4365 hoc
3130 4311 3291 4364 modo
3321 4311 3622 4365 solvamus.
3652 4308 3764 4360 Sic-

539 4390 597 4434 ut
624 4381 766 4433 enim
796 4379 952 4447 quasi
982 4379 1047 4431 de
1082 4379 1335 4432 onmihus
1364 4376 1563 4431 .ludaais
1588 4378 1854 4432 occisuris
1884 4378 2158 4433 Christum
2197 4382 2276 4433 sic
2309 4380 2438 4433 dicit
2468 4382 2788 4447 generaliter
2820 4401 2831 4435 :
2868 4398 2885 4431 ι
2918 4382 3109 4435 Coloni
3136 4391 3315 4434 autem
3349 4381 3604 4434 dixerunt
3630 4397 3643 4431 :
3666 4376 3760 4430 Hic

537 4462 620 4504 εει
665 4451 853 4511 han-cs,
896 4449 1088 4518 venite,
1133 4448 1444 4518 occidanius
1489 4464 1633 4518 eum.
1674 4467 1693 4500 ι
1721 4447 1814 4518 _Et
1868 4456 2044 4501 tamen
2102 4465 2207 4504 non
2258 4464 2449 4503 omnes
2477 4451 2646 4505 Judaei
2698 4452 3009 4506 occiderunt
3041 4452 3338 4513 Christum,
3398 4450 3491 4504 sed
3542 4448 3762 4518 quisv-

536 4521 772 4574 cnndum
804 4532 1019 4571 carnem
1055 4516 1272 4571 fuerunt
1295 4515 1487 4570 Judaei.
1522 4516 1832 4571 Secundum
1865 4518 2115 4585 spiritum
2146 4532 2324 4573 autem
2356 4518 2525 4576 ιιιιάιεὶ
2557 4524 2669 4575 non’
2699 4522 3015 4575 occiderunt
3061 4521 3363 4584 Christum,
3400 4520 3493 4574 sed
3526 4515 3761 4573 credide-

540 4598 666 4642 runt
697 4589 749 4640 in
790 4585 1057 4665 eumLSic
1087 4588 1408 4665 generaliter
1435 4588 1967 4665 quasi_d_e__oninibus
2008 4588 2213 4665 colonis
2238 4589 2376 4665 dicit
2404 4608 2417 4643 :
2457 4609 2486 4665 «_
2508 4590 3151 4665 [level-ebuntur-Filium
3189 4606 3412 4655 meum;
3455 4607 3473 4640 ι
3506 4598 3559 4642 ει
3589 4598 3758 4665 tamen

540 4673 658 4736 non
685 4672 874 4736 omnes
907 4656 1483 4736 illurn'reveritisunt,
1521 4659 1620 4736 sed
1645 4658 1719 4736 illi
1749 4659 2123 4736 tantummodo
2161 4658 2252 4728 qui
2285 4660 2584 4736 secundum
2617 4661 2868 4726 spiritum
2917 4659 3134 4715 fuerunt
3182 4660 3374 4722 Judasi,
3401 4660 3496 4728 qui
3529 4656 3764 4736 credide-

540 4734 667 4806 runt
702 4727 755 4778 in
777 4740 908 4806 eum
939 4735 1038 4806 inut
1069 4727 1445 4806 illudnquidem
1480 4727 1733 4806 quodnait
1764 4747 1775 4781 :
1816 4746 1832 4777 ι
1867 4723 2270 4806 Ιξειένειιιιιιιιιι·
2319 4727 2511 4782 Filium
2559 4723 2761 4806 meum,
2796 4751 2813 4782 ι
2851 4730 3092 4784 videatur
3127 4723 3501 4806 impletum—in
3529 4730 3633 4782 illis
3662 4723 3758 4803 Ju-

540 4796 672 4850 daais
699 4795 797 4869 qui
825 4796 1180 4865 intelligentes
1200 4794 1513 4869 Christum;
1527 4797 1871 4869 crediderunt
1900 4798 1955 4869 in
1981 4812 2106 4869 eum
2137 4817 2150 4851 :
2187 4799 2301 4869 hoc
2324 4809 2502 4853 autem
2534 4802 2676 4869 quod
2711 4794 2913 4855 dictum
2945 4810 3029 4854 est
3057 4819 3071 4855 :
3108 4820 3126 4851 ι
3160 4794 3257 4853 llic
3286 4809 3369 4869 est
3401 4801 3596 4861 haeres,
3619 4794 3760 4869 veni-

541 4877 614 4929 te,
650 4866 961 4941 occidamus
990 4881 1137 4932 eum,
1170 4884 1187 4915 ι
1226 4866 1281 4919 ἱιι
1311 4865 1419 4922 illis
1454 4867 1732 4936 impletum
1776 4868 1846 4922 sit
1869 4868 1962 4937 qui
1996 4868 2236 4923 videntes
2267 4865 2571 4936 Christum,
2601 4880 2659 4924 et
2690 4880 3079 4941 cognoscentes
3107 4869 3304 4925 Filium
3331 4868 3450 4935 Dei,
3488 4868 3756 4922 nihilomi-

542 4952 644 4990 nus
676 4935 990 4990 occiderunt
1022 4952 1168 4989 cum.

614 5007 699 5060 ll.
743 5004 916 5077 Simul
950 5015 1127 5060 autem
1160 5016 1377 5077 quaeret
1398 5007 1596 5075 aliquis
1625 5008 1717 5077 qui
1759 5009 1865 5062 sint
1908 5009 1997 5065 isti
2026 5008 2225 5071 coloni,
2254 5008 2345 5077 qui
2375 5008 2628 5077 dixerunt
2658 5029 2671 5062 :
2705 5026 2724 5059 ι
2755 5008 2855 5063 ilic
2885 5020 2967 5065 est
2995 5009 3189 5075 haeres,
3219 5010 3421 5069 venite,
3459 5007 3759 5062 occidamus

540 5092 684 5149 eum.
717 5096 736 5149 ι
768 5073 876 5149 Nec
904 5078 1045 5149 enim
1077 5067 1326 5132 videntur
1352 5067 1521 5132 Judaii
1553 5067 1814 5134 occidisse
1835 5095 1959 5133 eum
1989 5079 2145 5149 quasi
2176 5067 2368 5131 Filium
2401 5067 2809 5149 patrisfamilias
2838 5079 2947 5133 Dei.
2985 5067 3217 5134 Ecoutra
3249 5081 3351 5134 hoc
3378 5067 3578 5147 aliquis
3602 5078 3756 5130 dicit:

543 5147 769 5213 Quando
800 5147 1157 5216 loquebantur
1187 5150 1253 5203 ad
1292 5150 1608 5203 alterutrum
1640 5150 1764 5219 quis
1789 5159 1952 5215 esset,
1988 5147 2206 5219 quidam
2233 5149 2487 5203 dixerunt
2512 5166 2525 5202 :
2561 5167 2579 5199 ‹
2611 5148 2709 5204 Hic
2738 5161 2821 5205 est
2844 5150 3146 5206 Christus.»
3168 5149 3248 5204 Ad
3267 5163 3407 5218 quos
3431 5149 3524 5202 alii
3550 5160 3760 5217 respou-

612 5281 659 5314 “
691 5281 881 5337 Matth.
911 5298 1026 5346 xxr,
1057 5280 1146 5337 57.
1221 5283 1267 5315 ⁸⁵
1297 5283 1425 5339 ibid.
1459 5283 1549 5337 58.
1622 5285 1667 5316 "
1701 5284 1833 5340 ibid.
1908 5283 1953 5315 ⁵⁷
1976 5282 2133 5339 Joan.
2170 5301 2266 5351 vn,
2295 5284 2384 5339 27.
2460 5284 2507 5317 ⁸⁸
2535 5284 2724 5340 Matth.
2760 5301 2876 5350 xxi,
2902 5284 2992 5339 57.

616 5397 730 5471 (81)
770 5400 822 5452 '0
843 5399 957 5471 μέν
986 5396 1104 5455 οὖν
1136 5418 1222 5467 τις
1245 5404 1330 5467 εὶς
1359 5400 1542 5455 ταῦτα
1567 5400 1769 5471 φήσει,
1790 5412 1895 5458 etc.
1923 5401 2102 5458 Theo-

616 5419 730 5471 ιδι)
780 5419 822 5452 υ
843 5419 957 5470 μεν
986 5419 1104 5455 ουν
1136 5419 1222 5467 τις
1245 5419 1330 5467 εις
1359 5419 1542 5455 ταυτα
1562 5419 1746 5524 fuas:

548 5468 851 5539 phylactus,
885 5470 1205 5539 Euthymius
1234 5487 1353 5539 cap.
1388 5472 1456 5526 50
1480 5472 1532 5523 in
1588 5472 1751 5525 latth.

645 5486 851 5535 iaetus,
885 5486 1205 5539 Lutnymtus
1234 5487 1353 5539 cap.
1388 5486 1456 5526 au
1480 5488 1532 5523 ιιι
1562 5486 1751 5525 mauu.

619 5486 726 5619 €82)
767 5540 1442 5619 Ἀπεγνςωκότωηαὺτῶν,
1457 5540 1565 5619 ῥτι.
1595 5540 1688 5607 εἴη
1719 5545 1751 5595 ό
1788 5543 1936 5619 Υςὶός.
1974 5542 2103 5596 Loci

549 5608 711 5681 hujus
742 5608 1008 5681 sententia
1041 5612 1293 5680 postulat,
1333 5621 1389 5666 ut
1415 5610 1512 5681 τῷ,
1542 5612 1937 5679 ἀπεγνωκότων
1962 5628 2106 5667 earn-

549 5679 669 5733 dcm
714 5680 1014 5752 tribuamus
1045 5679 1524 5752 signiﬁcationem,
1556 5698 1717 5750 quam
1742 5681 1840 5752 τῷ,
1872 5682 2106 5750 ἐγνωκό-

546 5766 687 5828 των,
736 5748 949 5828 qualem
1006 5748 1251 5828 obtinere
1311 5752 1439 5828 illud
1476 5748 1927 5828 observavimus;
1964 5754 2102 5822 apud

548 5818 767 5875 Graecos
786 5817 997 5889 aliquos
1023 5822 1367 5877 recentiores.
1396 5822 1631 5881 Achilles
1659 5821 1847 5878 Tatius
1875 5822 1967 5877 lib.
1993 5817 2065 5878 vn
2089 5842 2101 5877 :

2207 5402 2283 5466 ὡς
2318 5400 2384 5455 ἂν
2422 5402 2689 5481 ἀπογνοὺς
2730 5402 2840 5472 ἐγὼ
2884 5403 3080 5473 μηκέτι
3112 5401 3295 5481 ζῷσαν
3327 5401 3408 5455 ἔτι
3434 5400 3542 5481 ’τὴν

2202 5490 2322 5543 νην.
2360 5490 2379 5524 ι
2424 5469 2490 5527 Ut
2517 5469 2802 5542 postquam
2834 5469 2958 5526 eam
2999 5489 3031 5529 e
3074 5475 3210 5543 vivis
3237 5469 3543 5543 excessisse
3572 5469 3763 5543 intelle-

2208 5540 2409 5596 xi'ssem
2434 5583 2448 5605 ,
2497 5540 2671 5611 quam
2711 5543 2984 5597 amabam.
3018 5563 3036 5596 ι
3070 5542 3330 5611 Origenes
3377 5542 3539 5610 paulo
3589 5540 3759 5611 infra:

2208 5560 2448 5605 xrssem,
2497 5560 2660 5611 quam
2711 5560 2984 5597 amabam.
3018 5563 3036 5596 ι
3070 5560 3159 5597 Ul‘l
3201 5560 3330 5597 cnes
3377 5560 3539 5610 paulo
3589 5560 3719 5593 llllra
3746 5560 3759 5587 ς

2206 5612 2467 5683 Δύνανται
2509 5614 2558 5665 οἱ
2589 5612 3005 5683 ἀποκτείναντες
3043 5613 3135 5666 τὸν
3166 5560 3427 5683 ξίωτῇρα,
3458 5608 3759 5683 ἐγνωκότες,

2204 5682 2303 5754 ότι
2333 5682 2458 5746 Υἱὸς
2502 5683 2619 5754 εἴη,
2651 5682 2802 5735 οὐδὲν
2843 5678 3005 5754 ἦττον
3041 5676 3557 5754 λὲπιδεὸουλευκέναι
3595 5676 3756 5754 αυτῷ.

2214 5750 2370 5807 Vides
2415 5748 2667 5823 γινῴλσκω
2723 5763 2778 5807 et
2819 5748 3182 5821 ἀπογινώσκει
3224 5758 3535 5823 promiscue
3560 5750 3626 5803 ab
3653 5748 3757 5817 ipso

2210 5823 2479 5892 usurpari.
2517 5820 2777 5879 "UETIUS.
