  <div class='ocr_page' id='page_1' title='image "/cluster/home/n/w/nwhite01/storage/ocr_20150623/13/hvd.32044019207646/787.png"; bbox 0 0 3962 6550; ppageno 0'>
   <div class='ocr_carea' id='block_1_1' title="bbox 536 380 666 438">
    <p class='ocr_par' dir='ltr' id='par_1_1' title="bbox 536 380 666 438">
     <span class='ocr_line' id='line_1_1' title="bbox 536 380 666 438; baseline 0 -1"><span class='ocrx_word' id='word_1_1' title='bbox 536 380 666 438; x_wconf 71' lang='grc'><strong>1511</strong></span> 
     </span>
    </p>
   </div>
   <div class='ocr_carea' id='block_1_2' title="bbox 2005 373 3764 450">
    <p class='ocr_par' dir='ltr' id='par_1_2' title="bbox 2005 373 3764 450">
     <span class='ocr_line' id='line_1_2' title="bbox 2005 373 3764 450; baseline 0.007 -15"><span class='ocrx_word' id='word_1_2' title='bbox 2005 373 2326 439; x_wconf 74' lang='lat' dir='ltr'><strong>ORIGENIS</strong></span> <span class='ocrx_word' id='word_1_3' title='bbox 3651 391 3764 450; x_wconf 69' lang='grc' dir='ltr'><strong>15ιῖ</strong></span> 
     </span>
    </p>
   </div>
   <div class='ocr_carea' id='block_1_3' title="bbox 534 488 2094 573">
    <p class='ocr_par' dir='ltr' id='par_1_3' title="bbox 534 488 2094 570">
     <span class='ocr_line' id='line_1_3' title="bbox 534 488 2094 570; baseline -0.001 -13"><span class='ocrx_word' id='word_1_4' title='bbox 534 499 769 557; x_wconf 84' lang='lat' dir='ltr'><strong>fructum</strong></span> <span class='ocrx_word' id='word_1_5' title='bbox 806 498 1140 570; x_wconf 99' lang='lat' dir='ltr'><strong>temporibus</strong></span> <span class='ocrx_word' id='word_1_6' title='bbox 1163 494 1346 563; x_wconf 74' lang='lat' dir='ltr'><strong>suis’;</strong></span> <span class='ocrx_word' id='word_1_7' title='bbox 1378 516 1397 550; x_wconf 74' lang='grc' dir='ltr'><strong>ο</strong></span> <span class='ocrx_word' id='word_1_8' title='bbox 1429 506 1484 554; x_wconf 78' lang='lat' dir='ltr'><strong>et</strong></span> <span class='ocrx_word' id='word_1_9' title='bbox 1506 496 1962 569; x_wconf 78' lang='lat' dir='ltr'><strong>quemadmodum</strong></span> <span class='ocrx_word' id='word_1_10' title='bbox 1984 488 2094 555; x_wconf 77' lang='lat' dir='ltr'><strong>Cai-</strong></span> 
     </span>
    </p>
   </div>
   <div class='ocr_carea' id='block_1_4' title="bbox 2195 488 3759 573">
    <p class='ocr_par' dir='ltr' id='par_1_4' title="bbox 2217 500 3759 573">
     <span class='ocr_line' id='line_1_4' title="bbox 2217 500 3759 573; baseline 0.003 -19"><span class='ocrx_word' id='word_1_11' title='bbox 2217 502 2371 571; x_wconf 84' lang='grc' dir='ltr'>λόγια</span> <span class='ocrx_word' id='word_1_12' title='bbox 2389 500 2484 556; x_wconf 88' lang='grc' dir='ltr'><strong>τοῦ</strong></span> <span class='ocrx_word' id='word_1_13' title='bbox 2507 501 2664 568; x_wconf 85' lang='grc' dir='ltr'>Θεοῦ,</span> <span class='ocrx_word' id='word_1_14' title='bbox 2687 502 2748 557; x_wconf 86' lang='grc' dir='ltr'><strong>τό</strong></span> <span class='ocrx_word' id='word_1_15' title='bbox 2763 520 2808 555; x_wconf 75' lang='grc' dir='ltr'><strong>οι</strong></span> <span class='ocrx_word' id='word_1_16' title='bbox 2837 501 3059 568; x_wconf 74' lang='grc' dir='ltr'>Κακοὺς</span> <span class='ocrx_word' id='word_1_17' title='bbox 3085 502 3272 568; x_wconf 88' lang='grc' dir='ltr'>κακῶς</span> <span class='ocrx_word' id='word_1_18' title='bbox 3304 502 3559 559; x_wconf 77' lang='grc' dir='ltr'>ἀπολέσει</span> <span class='ocrx_word' id='word_1_19' title='bbox 3577 506 3759 573; x_wconf 59' lang='lat' dir='ltr'><strong>absab;-</strong></span> 
     </span>
    </p>
   </div>
   <div class='ocr_carea' id='block_1_5' title="bbox 532 589 2108 663">
    <p class='ocr_par' dir='ltr' id='par_1_5' title="bbox 532 589 2108 663">
     <span class='ocr_line' id='line_1_5' title="bbox 532 589 2108 663; baseline 0 -17"><span class='ocrx_word' id='word_1_20' title='bbox 532 593 672 663; x_wconf 86' lang='lat' dir='ltr'><strong>phas</strong></span> <span class='ocrx_word' id='word_1_21' title='bbox 690 592 819 647; x_wconf 89' lang='lat' dir='ltr'><strong>anni</strong></span> <span class='ocrx_word' id='word_1_22' title='bbox 846 593 993 647; x_wconf 88' lang='lat' dir='ltr'><strong>illius</strong></span> <span class='ocrx_word' id='word_1_23' title='bbox 1011 589 1250 661; x_wconf 74' lang='lat' dir='ltr'><strong>pontifex</strong></span> <span class='ocrx_word' id='word_1_24' title='bbox 1288 592 1615 653; x_wconf 60' lang='lat' dir='ltr'><strong>maximus&quot;.</strong></span> <span class='ocrx_word' id='word_1_25' title='bbox 1636 606 1743 645; x_wconf 91' lang='lat' dir='ltr'><strong>non</strong></span> <span class='ocrx_word' id='word_1_26' title='bbox 1761 606 1828 646; x_wconf 83' lang='lat' dir='ltr'><strong>ex</strong></span> <span class='ocrx_word' id='word_1_27' title='bbox 1852 607 1912 646; x_wconf 90' lang='lat' dir='ltr'><strong>se</strong></span> <span class='ocrx_word' id='word_1_28' title='bbox 1926 607 2108 646; x_wconf 83' lang='lat' dir='ltr'><strong>verum</strong></span> 
     </span>
    </p>
   </div>
   <div class='ocr_carea' id='block_1_6' title="bbox 532 684 2109 757">
    <p class='ocr_par' dir='ltr' id='par_1_6' title="bbox 532 684 2109 757">
     <span class='ocr_line' id='line_1_6' title="bbox 532 684 2109 757; baseline 0 -19"><span class='ocrx_word' id='word_1_29' title='bbox 532 685 780 757; x_wconf 90' lang='lat' dir='ltr'><strong>protulit,</strong></span> <span class='ocrx_word' id='word_1_30' title='bbox 795 686 888 739; x_wconf 84' lang='lat' dir='ltr'><strong>sed</strong></span> <span class='ocrx_word' id='word_1_31' title='bbox 907 685 1037 753; x_wconf 86' lang='lat' dir='ltr'><strong>quia</strong></span> <span class='ocrx_word' id='word_1_32' title='bbox 1056 685 1296 756; x_wconf 80' lang='lat' dir='ltr'><strong>pontifex</strong></span> <span class='ocrx_word' id='word_1_33' title='bbox 1322 686 1591 739; x_wconf 80' lang='lat' dir='ltr'><strong>rnaximus</strong></span> <span class='ocrx_word' id='word_1_34' title='bbox 1613 692 1749 747; x_wconf 86' lang='lat' dir='ltr'><strong>erat,</strong></span> <span class='ocrx_word' id='word_1_35' title='bbox 1768 684 1843 739; x_wconf 90' lang='lat' dir='ltr'><strong>ita</strong></span> <span class='ocrx_word' id='word_1_36' title='bbox 1862 684 1936 739; x_wconf 83' lang='lat' dir='ltr'><strong>illi</strong></span> <span class='ocrx_word' id='word_1_37' title='bbox 1953 685 2109 753; x_wconf 86' lang='lat' dir='ltr'><strong>quasi</strong></span> 
     </span>
    </p>
   </div>
   <div class='ocr_carea' id='block_1_7' title="bbox 529 770 2108 843">
    <p class='ocr_par' dir='ltr' id='par_1_7' title="bbox 529 770 2108 843">
     <span class='ocr_line' id='line_1_7' title="bbox 529 770 2108 843; baseline -0.003 -13"><span class='ocrx_word' id='word_1_38' title='bbox 529 774 915 831; x_wconf 83' lang='lat' dir='ltr'><strong>vaticinantur.</strong></span> <span class='ocrx_word' id='word_1_39' title='bbox 940 772 1319 830; x_wconf 68' lang='lat' dir='ltr'><strong>Naticinantnr</strong></span> <span class='ocrx_word' id='word_1_40' title='bbox 1342 784 1520 828; x_wconf 87' lang='lat' dir='ltr'><strong>autem</strong></span> <span class='ocrx_word' id='word_1_41' title='bbox 1550 773 1616 827; x_wconf 86' lang='lat' dir='ltr'><strong>de</strong></span> <span class='ocrx_word' id='word_1_42' title='bbox 1653 772 1925 843; x_wconf 86' lang='lat' dir='ltr'><strong>gentibus,</strong></span> <span class='ocrx_word' id='word_1_43' title='bbox 1961 770 2108 827; x_wconf 89' lang='lat' dir='ltr'><strong>futu-</strong></span> 
     </span>
    </p>
   </div>
   <div class='ocr_carea' id='block_1_8' title="bbox 530 864 2111 935">
    <p class='ocr_par' dir='ltr' id='par_1_8' title="bbox 530 864 2111 935">
     <span class='ocr_line' id='line_1_8' title="bbox 530 864 2111 935; baseline -0.001 -15"><span class='ocrx_word' id='word_1_44' title='bbox 530 882 652 920; x_wconf 90' lang='lat' dir='ltr'><strong>rum</strong></span> <span class='ocrx_word' id='word_1_45' title='bbox 671 875 730 920; x_wconf 93' lang='lat' dir='ltr'><strong>ut</strong></span> <span class='ocrx_word' id='word_1_46' title='bbox 747 864 1121 935; x_wconf 80' lang='lat' dir='ltr'><strong>patrifamilias</strong></span> <span class='ocrx_word' id='word_1_47' title='bbox 1141 866 1349 922; x_wconf 89' lang='lat' dir='ltr'><strong>fructus</strong></span> <span class='ocrx_word' id='word_1_48' title='bbox 1367 867 1591 921; x_wconf 79' lang='lat' dir='ltr'><strong>reddant</strong></span> <span class='ocrx_word' id='word_1_49' title='bbox 1610 865 1946 934; x_wconf 85' lang='lat' dir='ltr'><strong>temporibus</strong></span> <span class='ocrx_word' id='word_1_50' title='bbox 1972 866 2111 921; x_wconf 88' lang='lat' dir='ltr'><strong>suis.</strong></span> 
     </span>
    </p>
   </div>
   <div class='ocr_carea' id='block_1_9' title="bbox 2218 592 3762 668">
    <p class='ocr_par' dir='ltr' id='par_1_9' title="bbox 2218 592 3762 668">
     <span class='ocr_line' id='line_1_9' title="bbox 2218 592 3762 668; baseline 0.004 -21"><span class='ocrx_word' id='word_1_51' title='bbox 2218 592 2312 648; x_wconf 76' lang='grc' dir='ltr'>καὶ</span> <span class='ocrx_word' id='word_1_52' title='bbox 2338 595 2429 648; x_wconf 84' lang='grc' dir='ltr'>τὸν</span> <span class='ocrx_word' id='word_1_53' title='bbox 2474 594 2776 665; x_wconf 81' lang='grc' dir='ltr'><strong>ἀμπελῶνα</strong></span> <span class='ocrx_word' id='word_1_54' title='bbox 2806 595 3100 651; x_wconf 75' lang='grc' dir='ltr'><strong>ἐκδώσεται</strong></span> <span class='ocrx_word' id='word_1_55' title='bbox 3131 596 3313 662; x_wconf 78' lang='grc' dir='ltr'>ἄλλοις</span> <span class='ocrx_word' id='word_1_56' title='bbox 3338 600 3622 668; x_wconf 81' lang='grc' dir='ltr'><strong>γεωργοῖς,</strong></span> <span class='ocrx_word' id='word_1_57' title='bbox 3651 601 3762 653; x_wconf 64' lang='lat' dir='ltr'><strong>eis:-</strong></span> 
     </span>
    </p>
   </div>
   <div class='ocr_carea' id='block_1_10' title="bbox 2216 686 3760 763">
    <p class='ocr_par' dir='ltr' id='par_1_10' title="bbox 2216 686 3760 763">
     <span class='ocr_line' id='line_1_10' title="bbox 2216 686 3760 763; baseline 0.003 -23"><span class='ocrx_word' id='word_1_58' title='bbox 2216 704 2304 750; x_wconf 89' lang='grc' dir='ltr'><strong>νες</strong></span> <span class='ocrx_word' id='word_1_59' title='bbox 2335 686 2705 742; x_wconf 82' lang='grc' dir='ltr'><strong>ἀποδώσουσιν</strong></span> <span class='ocrx_word' id='word_1_60' title='bbox 2734 688 2884 759; x_wconf 79' lang='grc' dir='ltr'>αὐτῷ</span> <span class='ocrx_word' id='word_1_61' title='bbox 2923 688 3053 752; x_wconf 82' lang='grc' dir='ltr'>τοὺς</span> <span class='ocrx_word' id='word_1_62' title='bbox 3085 689 3329 761; x_wconf 82' lang='grc' dir='ltr'>καρποὺς</span> <span class='ocrx_word' id='word_1_63' title='bbox 3356 691 3416 744; x_wconf 83' lang='grc' dir='ltr'>ὲν</span> <span class='ocrx_word' id='word_1_64' title='bbox 3449 692 3563 753; x_wconf 82' lang='grc' dir='ltr'>τοῖς</span> <span class='ocrx_word' id='word_1_65' title='bbox 3587 694 3760 763; x_wconf 72' lang='grc' dir='ltr'>καιροῖς</span> 
     </span>
    </p>
   </div>
   <div class='ocr_carea' id='block_1_11' title="bbox 2216 776 3762 854">
    <p class='ocr_par' dir='ltr' id='par_1_11' title="bbox 2216 776 3762 854">
     <span class='ocr_line' id='line_1_11' title="bbox 2216 776 3762 854; baseline 0.003 -24"><span class='ocrx_word' id='word_1_66' title='bbox 2216 776 2395 832; x_wconf 78' lang='grc' dir='ltr'>αὐτῶν</span> <span class='ocrx_word' id='word_1_67' title='bbox 2411 795 2423 810; x_wconf 79' lang='grc' dir='ltr'><strong><em>ο</em></strong></span> <span class='ocrx_word' id='word_1_68' title='bbox 2458 795 2476 830; x_wconf 77' lang='grc' dir='ltr'><strong>ι</strong></span> <span class='ocrx_word' id='word_1_69' title='bbox 2510 779 2603 833; x_wconf 74' lang='grc' dir='ltr'>καὶ</span> <span class='ocrx_word' id='word_1_70' title='bbox 2622 778 2784 833; x_wconf 76' lang='grc' dir='ltr'>οίονεὶ</span> <span class='ocrx_word' id='word_1_71' title='bbox 2813 778 3246 851; x_wconf 71' lang='grc' dir='ltr'><strong>προφητεύουσιν</strong></span> <span class='ocrx_word' id='word_1_72' title='bbox 3260 779 3465 850; x_wconf 80' lang='grc' dir='ltr'>ὁμοίως</span> <span class='ocrx_word' id='word_1_73' title='bbox 3476 778 3555 849; x_wconf 82' lang='grc' dir='ltr'>τῷ</span> <span class='ocrx_word' id='word_1_74' title='bbox 3572 782 3762 854; x_wconf 54' lang='grc' dir='ltr'>Καιάφα</span> 
     </span>
    </p>
   </div>
   <div class='ocr_carea' id='block_1_12' title="bbox 2213 868 3761 942">
    <p class='ocr_par' dir='ltr' id='par_1_12' title="bbox 2213 868 3761 942">
     <span class='ocr_line' id='line_1_12' title="bbox 2213 868 3761 942; baseline 0.004 -20"><span class='ocrx_word' id='word_1_75' title='bbox 2213 868 2294 939; x_wconf 79' lang='grc' dir='ltr'>τῷ</span> <span class='ocrx_word' id='word_1_76' title='bbox 2338 871 2585 942; x_wconf 83' lang='grc' dir='ltr'><strong>ἀρχιερεῖ</strong></span> <span class='ocrx_word' id='word_1_77' title='bbox 2626 871 2719 926; x_wconf 88' lang='grc' dir='ltr'><strong>τοῦ</strong></span> <span class='ocrx_word' id='word_1_78' title='bbox 2758 870 3006 925; x_wconf 73' lang='grc' dir='ltr'><strong>ἐνιαυτοῦ</strong></span> <span class='ocrx_word' id='word_1_79' title='bbox 3058 872 3291 935; x_wconf 82' lang='grc' dir='ltr'>ἐκείνου,</span> <span class='ocrx_word' id='word_1_80' title='bbox 3320 875 3415 925; x_wconf 74' lang='grc' dir='ltr'>καὶ</span> <span class='ocrx_word' id='word_1_81' title='bbox 3468 874 3563 941; x_wconf 71' lang='grc' dir='ltr'><strong>ἀφ’</strong></span> <span class='ocrx_word' id='word_1_82' title='bbox 3601 872 3761 928; x_wconf 75' lang='grc' dir='ltr'><strong>ἑαυωῦ</strong></span> 
     </span>
    </p>
   </div>
   <div class='ocr_carea' id='block_1_13' title="bbox 533 954 3761 1039">
    <p class='ocr_par' dir='ltr' id='par_1_13' title="bbox 533 954 3761 1039">
     <span class='ocr_line' id='line_1_13' title="bbox 533 954 3761 1039; baseline 0.003 -28"><span class='ocrx_word' id='word_1_83' title='bbox 533 959 608 1031; x_wconf 81' lang='grc' dir='ltr'>μὴ</span> <span class='ocrx_word' id='word_1_84' title='bbox 659 960 902 1032; x_wconf 75' lang='grc' dir='ltr'><strong>εἰρηκότι</strong></span> <span class='ocrx_word' id='word_1_85' title='bbox 953 959 1015 1014; x_wconf 84' lang='grc' dir='ltr'>τὸ</span> <span class='ocrx_word' id='word_1_86' title='bbox 1068 960 1288 1032; x_wconf 82' lang='grc' dir='ltr'>ἀληθὲς,</span> <span class='ocrx_word' id='word_1_87' title='bbox 1328 960 1441 1016; x_wconf 77' lang='grc' dir='ltr'>ἀλλ’</span> <span class='ocrx_word' id='word_1_88' title='bbox 1501 960 1624 1014; x_wconf 74' lang='grc' dir='ltr'>ἐπεὶ</span> <span class='ocrx_word' id='word_1_89' title='bbox 1673 960 1966 1032; x_wconf 82' lang='grc' dir='ltr'>ἀρχιερεὺς</span> <span class='ocrx_word' id='word_1_90' title='bbox 2010 954 2099 1032; x_wconf 83' lang='grc' dir='ltr'><strong>ἦν.</strong></span> <span class='ocrx_word' id='word_1_91' title='bbox 2167 962 2572 1036; x_wconf 82' lang='grc' dir='ltr'>Προφητεύουσι</span> <span class='ocrx_word' id='word_1_92' title='bbox 2609 965 2666 1020; x_wconf 82' lang='grc' dir='ltr'>δὲ</span> <span class='ocrx_word' id='word_1_93' title='bbox 2726 964 2856 1036; x_wconf 67' lang='grc' dir='ltr'>περὶ</span> <span class='ocrx_word' id='word_1_94' title='bbox 2906 964 3016 1020; x_wconf 89' lang='grc' dir='ltr'><strong>τῶν</strong></span> <span class='ocrx_word' id='word_1_95' title='bbox 3062 965 3254 1031; x_wconf 71' lang='grc' dir='ltr'>ἐθνῶν,</span> <span class='ocrx_word' id='word_1_96' title='bbox 3315 966 3398 1020; x_wconf 80' lang='grc' dir='ltr'>ὅτι</span> <span class='ocrx_word' id='word_1_97' title='bbox 3442 962 3665 1021; x_wconf 74' lang='grc' dir='ltr'>δώαουσι</span> <span class='ocrx_word' id='word_1_98' title='bbox 3699 968 3761 1039; x_wconf 74' lang='grc' dir='ltr'>τῷ</span> 
     </span>
    </p>
   </div>
   <div class='ocr_carea' id='block_1_14' title="bbox 525 1053 2001 1128">
    <p class='ocr_par' dir='ltr' id='par_1_14' title="bbox 525 1053 2001 1128">
     <span class='ocr_line' id='line_1_14' title="bbox 525 1053 2001 1128; baseline -0.001 -18"><span class='ocrx_word' id='word_1_99' title='bbox 525 1054 874 1126; x_wconf 71' lang='grc' dir='ltr'><strong>οἰκοδεσπότῃ</strong></span> <span class='ocrx_word' id='word_1_100' title='bbox 906 1055 1032 1119; x_wconf 77' lang='grc' dir='ltr'>τοὺς</span> <span class='ocrx_word' id='word_1_101' title='bbox 1058 1056 1304 1128; x_wconf 82' lang='grc' dir='ltr'>καρποὺς</span> <span class='ocrx_word' id='word_1_102' title='bbox 1328 1056 1387 1108; x_wconf 81' lang='grc' dir='ltr'>ὲν</span> <span class='ocrx_word' id='word_1_103' title='bbox 1416 1056 1531 1118; x_wconf 80' lang='grc' dir='ltr'>τοῖς</span> <span class='ocrx_word' id='word_1_104' title='bbox 1559 1055 1770 1125; x_wconf 78' lang='grc' dir='ltr'>καιροῖς</span> <span class='ocrx_word' id='word_1_105' title='bbox 1794 1053 2001 1109; x_wconf 76' lang='grc' dir='ltr'>αὐτῶν.</span> 
     </span>
    </p>
   </div>
   <div class='ocr_carea' id='block_1_15' title="bbox 598 1147 2098 1220">
    <p class='ocr_par' dir='ltr' id='par_1_15' title="bbox 598 1147 2098 1220">
     <span class='ocr_line' id='line_1_15' title="bbox 598 1147 2098 1220; baseline 0 -17"><span class='ocrx_word' id='word_1_106' title='bbox 598 1149 687 1204; x_wconf 70' lang='grc'><strong>12.</strong></span> <span class='ocrx_word' id='word_1_107' title='bbox 727 1148 836 1204; x_wconf 85' lang='lat' dir='ltr'><strong>Eos</strong></span> <span class='ocrx_word' id='word_1_108' title='bbox 888 1159 1103 1219; x_wconf 84' lang='lat' dir='ltr'><strong>postea,</strong></span> <span class='ocrx_word' id='word_1_109' title='bbox 1163 1165 1285 1206; x_wconf 87' lang='lat' dir='ltr'><strong>sese</strong></span> <span class='ocrx_word' id='word_1_110' title='bbox 1333 1149 1517 1220; x_wconf 88' lang='lat' dir='ltr'><strong>populi</strong></span> <span class='ocrx_word' id='word_1_111' title='bbox 1570 1147 1928 1204; x_wconf 68' lang='lat' dir='ltr'><strong>aediﬁcatores</strong></span> <span class='ocrx_word' id='word_1_112' title='bbox 1978 1162 2098 1205; x_wconf 87' lang='lat' dir='ltr'><strong>esse</strong></span> 
     </span>
    </p>
   </div>
   <div class='ocr_carea' id='block_1_16' title="bbox 523 1238 2094 1311">
    <p class='ocr_par' dir='ltr' id='par_1_16' title="bbox 523 1238 2094 1311">
     <span class='ocr_line' id='line_1_16' title="bbox 523 1238 2094 1311; baseline -0.001 -16"><span class='ocrx_word' id='word_1_113' title='bbox 523 1249 796 1311; x_wconf 64' lang='lat' dir='ltr'><strong>putantes,</strong></span> <span class='ocrx_word' id='word_1_114' title='bbox 822 1255 887 1295; x_wconf 85' lang='lat' dir='ltr'><strong>ex</strong></span> <span class='ocrx_word' id='word_1_115' title='bbox 923 1240 1202 1310; x_wconf 82' lang='lat' dir='ltr'><strong>Scriptura</strong></span> <span class='ocrx_word' id='word_1_116' title='bbox 1251 1240 1497 1311; x_wconf 77' lang='lat' dir='ltr'><strong>coarguit</strong></span> <span class='ocrx_word' id='word_1_117' title='bbox 1520 1238 1846 1310; x_wconf 87' lang='lat' dir='ltr'><strong>Sospitator,</strong></span> <span class='ocrx_word' id='word_1_118' title='bbox 1887 1254 1967 1303; x_wconf 88' lang='lat' dir='ltr'><strong>se,</strong></span> <span class='ocrx_word' id='word_1_119' title='bbox 1999 1239 2094 1309; x_wconf 85' lang='lat' dir='ltr'><strong>qui</strong></span> 
     </span>
    </p>
   </div>
   <div class='ocr_carea' id='block_1_17' title="bbox 525 1329 2099 1404">
    <p class='ocr_par' dir='ltr' id='par_1_17' title="bbox 525 1329 2099 1404">
     <span class='ocr_line' id='line_1_17' title="bbox 525 1329 2099 1404; baseline -0.001 -17"><span class='ocrx_word' id='word_1_120' title='bbox 525 1334 661 1404; x_wconf 81' lang='lat' dir='ltr'><strong>lapis</strong></span> <span class='ocrx_word' id='word_1_121' title='bbox 710 1345 813 1399; x_wconf 88' lang='lat' dir='ltr'><strong>est,</strong></span> <span class='ocrx_word' id='word_1_122' title='bbox 849 1333 917 1388; x_wconf 91' lang='lat' dir='ltr'><strong>ab</strong></span> <span class='ocrx_word' id='word_1_123' title='bbox 959 1334 1134 1402; x_wconf 90' lang='lat' dir='ltr'><strong>iisque</strong></span> <span class='ocrx_word' id='word_1_124' title='bbox 1182 1331 1284 1387; x_wconf 89' lang='lat' dir='ltr'><strong>fuit</strong></span> <span class='ocrx_word' id='word_1_125' title='bbox 1342 1331 1595 1401; x_wconf 74' lang='lat' dir='ltr'><strong>reiectus,</strong></span> <span class='ocrx_word' id='word_1_126' title='bbox 1646 1345 1676 1385; x_wconf 90' lang='lat' dir='ltr'><strong>a</strong></span> <span class='ocrx_word' id='word_1_127' title='bbox 1731 1329 1890 1386; x_wconf 86' lang='lat' dir='ltr'><strong>Patre</strong></span> <span class='ocrx_word' id='word_1_128' title='bbox 1931 1331 2099 1386; x_wconf 85' lang='lat' dir='ltr'><strong>tetius</strong></span> 
     </span>
    </p>
   </div>
   <div class='ocr_carea' id='block_1_18' title="bbox 521 1418 2099 1491">
    <p class='ocr_par' dir='ltr' id='par_1_18' title="bbox 521 1418 2099 1491">
     <span class='ocr_line' id='line_1_18' title="bbox 521 1418 2099 1491; baseline -0.003 -15"><span class='ocrx_word' id='word_1_129' title='bbox 521 1420 735 1477; x_wconf 68' lang='lat' dir='ltr'><strong>aedilicii</strong></span> <span class='ocrx_word' id='word_1_130' title='bbox 768 1429 927 1488; x_wconf 89' lang='lat' dir='ltr'><strong>caput</strong></span> <span class='ocrx_word' id='word_1_131' title='bbox 960 1420 1192 1490; x_wconf 86' lang='lat' dir='ltr'><strong>positum</strong></span> <span class='ocrx_word' id='word_1_132' title='bbox 1228 1420 1293 1474; x_wconf 90' lang='lat' dir='ltr'><strong>iri</strong></span> <span class='ocrx_word' id='word_1_133' title='bbox 1324 1422 1580 1491; x_wconf 88' lang='lat' dir='ltr'><strong>probans,</strong></span> <span class='ocrx_word' id='word_1_134' title='bbox 1613 1428 1798 1490; x_wconf 89' lang='lat' dir='ltr'><strong>utpote</strong></span> <span class='ocrx_word' id='word_1_135' title='bbox 1828 1419 1967 1475; x_wconf 85' lang='lat' dir='ltr'><strong>duos</strong></span> <span class='ocrx_word' id='word_1_136' title='bbox 1992 1418 2099 1473; x_wconf 77' lang='lat' dir='ltr'><strong>Vc-</strong></span> 
     </span>
    </p>
   </div>
   <div class='ocr_carea' id='block_1_19' title="bbox 524 1504 2100 1582">
    <p class='ocr_par' dir='ltr' id='par_1_19' title="bbox 524 1504 2100 1582">
     <span class='ocr_line' id='line_1_19' title="bbox 524 1504 2100 1582; baseline -0.001 -14"><span class='ocrx_word' id='word_1_137' title='bbox 524 1512 656 1568; x_wconf 84' lang='lat' dir='ltr'><strong>teris</strong></span> <span class='ocrx_word' id='word_1_138' title='bbox 694 1520 745 1567; x_wconf 89' lang='lat' dir='ltr'><strong>et</strong></span> <span class='ocrx_word' id='word_1_139' title='bbox 771 1512 904 1568; x_wconf 84' lang='lat' dir='ltr'><strong>Novi</strong></span> <span class='ocrx_word' id='word_1_140' title='bbox 933 1504 1265 1569; x_wconf 85' lang='lat' dir='ltr'><strong>Testamenti</strong></span> <span class='ocrx_word' id='word_1_141' title='bbox 1294 1512 1544 1582; x_wconf 84' lang='lat' dir='ltr'><strong>angulos,</strong></span> <span class='ocrx_word' id='word_1_142' title='bbox 1582 1511 1846 1582; x_wconf 79' lang='lat' dir='ltr'><strong>hirtasque</strong></span> <span class='ocrx_word' id='word_1_143' title='bbox 1870 1512 2100 1582; x_wconf 85' lang='lat' dir='ltr'><strong>populo-</strong></span> 
     </span>
    </p>
   </div>
   <div class='ocr_carea' id='block_1_20' title="bbox 522 1602 2097 1660">
    <p class='ocr_par' dir='ltr' id='par_1_20' title="bbox 522 1602 2097 1660">
     <span class='ocr_line' id='line_1_20' title="bbox 522 1602 2097 1660; baseline -0.001 -2"><span class='ocrx_word' id='word_1_144' title='bbox 522 1621 642 1660; x_wconf 86' lang='lat' dir='ltr'><strong>rum</strong></span> <span class='ocrx_word' id='word_1_145' title='bbox 665 1604 1051 1660; x_wconf 67' lang='lat' dir='ltr'><strong>aedificationes</strong></span> <span class='ocrx_word' id='word_1_146' title='bbox 1067 1603 1375 1659; x_wconf 84' lang='lat' dir='ltr'><strong>habentem.</strong></span> <span class='ocrx_word' id='word_1_147' title='bbox 1393 1602 1522 1658; x_wconf 83' lang='lat' dir='ltr'><strong>Tale</strong></span> <span class='ocrx_word' id='word_1_148' title='bbox 1545 1602 1786 1658; x_wconf 85' lang='lat' dir='ltr'><strong>sedenim</strong></span> <span class='ocrx_word' id='word_1_149' title='bbox 1806 1602 1935 1657; x_wconf 89' lang='lat' dir='ltr'><strong>illud</strong></span> <span class='ocrx_word' id='word_1_150' title='bbox 1955 1613 2039 1656; x_wconf 89' lang='lat' dir='ltr'><strong>est</strong></span> <span class='ocrx_word' id='word_1_151' title='bbox 2054 1603 2097 1656; x_wconf 70' lang='lat'><strong>9:</strong></span> 
     </span>
    </p>
   </div>
   <div class='ocr_carea' id='block_1_21' title="bbox 524 1692 2097 1766">
    <p class='ocr_par' dir='ltr' id='par_1_21' title="bbox 524 1692 2097 1766">
     <span class='ocr_line' id='line_1_21' title="bbox 524 1692 2097 1766; baseline -0.001 -17"><span class='ocrx_word' id='word_1_152' title='bbox 524 1716 543 1749; x_wconf 78' lang='grc' dir='ltr'><strong>ι</strong></span> <span class='ocrx_word' id='word_1_153' title='bbox 576 1696 862 1766; x_wconf 84' lang='lat' dir='ltr'><strong>Nunquam</strong></span> <span class='ocrx_word' id='word_1_154' title='bbox 913 1694 1122 1765; x_wconf 78' lang='lat' dir='ltr'><strong>legistis</strong></span> <span class='ocrx_word' id='word_1_155' title='bbox 1161 1694 1215 1749; x_wconf 94' lang='lat' dir='ltr'><strong>in</strong></span> <span class='ocrx_word' id='word_1_156' title='bbox 1258 1692 1557 1765; x_wconf 85' lang='lat' dir='ltr'><strong>Scripturis</strong></span> <span class='ocrx_word' id='word_1_157' title='bbox 1600 1712 1612 1749; x_wconf 91' lang='lat'>:</span> <span class='ocrx_word' id='word_1_158' title='bbox 1653 1693 1910 1764; x_wconf 81' lang='lat' dir='ltr'><strong>Lapidem</strong></span> <span class='ocrx_word' id='word_1_159' title='bbox 1936 1706 2097 1765; x_wconf 87' lang='lat' dir='ltr'><strong>quem</strong></span> 
     </span>
    </p>
   </div>
   <div class='ocr_carea' id='block_1_22' title="bbox 519 1784 2103 1859">
    <p class='ocr_par' dir='ltr' id='par_1_22' title="bbox 519 1784 2103 1859">
     <span class='ocr_line' id='line_1_22' title="bbox 519 1784 2103 1859; baseline -0.006 -15"><span class='ocrx_word' id='word_1_160' title='bbox 519 1788 948 1859; x_wconf 83' lang='lat' dir='ltr'><strong>reprobaverunt</strong></span> <span class='ocrx_word' id='word_1_161' title='bbox 978 1785 1328 1852; x_wconf 73' lang='lat' dir='ltr'><strong>aedificantes,</strong></span> <span class='ocrx_word' id='word_1_162' title='bbox 1361 1787 1450 1841; x_wconf 90' lang='lat' dir='ltr'><strong>hic</strong></span> <span class='ocrx_word' id='word_1_163' title='bbox 1482 1784 1658 1841; x_wconf 89' lang='lat' dir='ltr'><strong>factus</strong></span> <span class='ocrx_word' id='word_1_164' title='bbox 1708 1794 1791 1841; x_wconf 88' lang='lat' dir='ltr'><strong>est</strong></span> <span class='ocrx_word' id='word_1_165' title='bbox 1844 1785 1899 1840; x_wconf 89' lang='lat' dir='ltr'><strong>in</strong></span> <span class='ocrx_word' id='word_1_166' title='bbox 1939 1791 2103 1854; x_wconf 90' lang='lat' dir='ltr'><strong>caput</strong></span> 
     </span>
    </p>
   </div>
   <div class='ocr_carea' id='block_1_23' title="bbox 518 1877 2100 1952">
    <p class='ocr_par' dir='ltr' id='par_1_23' title="bbox 518 1877 2100 1952">
     <span class='ocr_line' id='line_1_23' title="bbox 518 1877 2100 1952; baseline -0.004 -16"><span class='ocrx_word' id='word_1_167' title='bbox 518 1881 747 1952; x_wconf 80' lang='lat' dir='ltr'><strong>anguli?</strong></span> <span class='ocrx_word' id='word_1_168' title='bbox 776 1879 819 1932; x_wconf 87' lang='lat' dir='ltr'><strong>A</strong></span> <span class='ocrx_word' id='word_1_169' title='bbox 850 1878 1078 1933; x_wconf 90' lang='lat' dir='ltr'><strong>Domino</strong></span> <span class='ocrx_word' id='word_1_170' title='bbox 1122 1877 1324 1934; x_wconf 84' lang='lat' dir='ltr'><strong>factum</strong></span> <span class='ocrx_word' id='word_1_171' title='bbox 1358 1889 1441 1934; x_wconf 87' lang='lat' dir='ltr'><strong>est</strong></span> <span class='ocrx_word' id='word_1_172' title='bbox 1470 1878 1633 1942; x_wconf 84' lang='lat' dir='ltr'><strong>istud.</strong></span> <span class='ocrx_word' id='word_1_173' title='bbox 1657 1886 1814 1934; x_wconf 84' lang='lat' dir='ltr'><strong>etest</strong></span> <span class='ocrx_word' id='word_1_174' title='bbox 1851 1877 2100 1932; x_wconf 80' lang='lat' dir='ltr'><strong>mirabile</strong></span> 
     </span>
    </p>
   </div>
   <div class='ocr_carea' id='block_1_24' title="bbox 518 1967 2100 2027">
    <p class='ocr_par' dir='ltr' id='par_1_24' title="bbox 518 1967 2100 2027">
     <span class='ocr_line' id='line_1_24' title="bbox 518 1967 2100 2027; baseline -0.003 -1"><span class='ocrx_word' id='word_1_175' title='bbox 518 1972 572 2027; x_wconf 90' lang='lat' dir='ltr'><strong>in</strong></span> <span class='ocrx_word' id='word_1_176' title='bbox 604 1970 778 2026; x_wconf 89' lang='lat' dir='ltr'><strong>oculis</strong></span> <span class='ocrx_word' id='word_1_177' title='bbox 805 1972 1026 2025; x_wconf 87' lang='lat' dir='ltr'><strong>nostris.</strong></span> <span class='ocrx_word' id='word_1_178' title='bbox 1068 1988 1088 2022; x_wconf 72' lang='grc' dir='ltr'><strong>ι</strong></span> <span class='ocrx_word' id='word_1_179' title='bbox 1131 1968 1228 2025; x_wconf 81' lang='lat' dir='ltr'><strong>llic</strong></span> <span class='ocrx_word' id='word_1_180' title='bbox 1270 1979 1451 2024; x_wconf 88' lang='lat' dir='ltr'><strong>autem</strong></span> <span class='ocrx_word' id='word_1_181' title='bbox 1502 1969 1657 2025; x_wconf 91' lang='lat' dir='ltr'><strong>locus</strong></span> <span class='ocrx_word' id='word_1_182' title='bbox 1700 1969 1757 2024; x_wconf 91' lang='lat' dir='ltr'><strong>in</strong></span> <span class='ocrx_word' id='word_1_183' title='bbox 1801 1967 2100 2024; x_wconf 86' lang='lat' dir='ltr'><strong>centesimo</strong></span> 
     </span>
    </p>
   </div>
   <div class='ocr_carea' id='block_1_25' title="bbox 519 2058 2090 2136">
    <p class='ocr_par' dir='ltr' id='par_1_25' title="bbox 519 2058 2090 2136">
     <span class='ocr_line' id='line_1_25' title="bbox 519 2058 2090 2136; baseline -0.005 -18"><span class='ocrx_word' id='word_1_184' title='bbox 519 2060 681 2136; x_wconf 67' lang='lat'><strong>785</strong></span> <span class='ocrx_word' id='word_1_185' title='bbox 725 2063 937 2117; x_wconf 84' lang='lat' dir='ltr'><strong>decimo</strong></span> <span class='ocrx_word' id='word_1_186' title='bbox 977 2060 1210 2131; x_wconf 89' lang='lat' dir='ltr'><strong>septimo</strong></span> <span class='ocrx_word' id='word_1_187' title='bbox 1239 2060 1480 2131; x_wconf 90' lang='lat' dir='ltr'><strong>psalmo,</strong></span> <span class='ocrx_word' id='word_1_188' title='bbox 1530 2061 1623 2131; x_wconf 86' lang='lat' dir='ltr'><strong>qui</strong></span> <span class='ocrx_word' id='word_1_189' title='bbox 1656 2058 2090 2131; x_wconf 77' lang='lat' dir='ltr'><strong>prolixissimutn</strong></span> 
     </span>
    </p>
   </div>
   <div class='ocr_carea' id='block_1_26' title="bbox 519 2149 2101 2223">
    <p class='ocr_par' dir='ltr' id='par_1_26' title="bbox 519 2149 2101 2223">
     <span class='ocr_line' id='line_1_26' title="bbox 519 2149 2101 2223; baseline -0.004 -16"><span class='ocrx_word' id='word_1_190' title='bbox 519 2152 793 2222; x_wconf 84' lang='lat' dir='ltr'><strong>psalmum</strong></span> <span class='ocrx_word' id='word_1_191' title='bbox 831 2151 1111 2223; x_wconf 78' lang='lat' dir='ltr'><strong>praecedit,</strong></span> <span class='ocrx_word' id='word_1_192' title='bbox 1160 2151 1493 2218; x_wconf 88' lang='lat' dir='ltr'><strong>continetur,</strong></span> <span class='ocrx_word' id='word_1_193' title='bbox 1542 2160 1599 2207; x_wconf 90' lang='lat' dir='ltr'><strong>et</strong></span> <span class='ocrx_word' id='word_1_194' title='bbox 1628 2151 1715 2206; x_wconf 83' lang='lat' dir='ltr'><strong>his</strong></span> <span class='ocrx_word' id='word_1_195' title='bbox 1745 2149 1925 2206; x_wconf 86' lang='lat' dir='ltr'><strong>verbis</strong></span> <span class='ocrx_word' id='word_1_196' title='bbox 1965 2162 2101 2203; x_wconf 89' lang='lat' dir='ltr'><strong>cou-</strong></span> 
     </span>
    </p>
   </div>
   <div class='ocr_carea' id='block_1_27' title="bbox 522 2238 2086 2314">
    <p class='ocr_par' dir='ltr' id='par_1_27' title="bbox 522 2238 2086 2314">
     <span class='ocr_line' id='line_1_27' title="bbox 522 2238 2086 2314; baseline -0.003 -18"><span class='ocrx_word' id='word_1_197' title='bbox 522 2253 716 2313; x_wconf 87' lang='lat' dir='ltr'><strong>eeptus</strong></span> <span class='ocrx_word' id='word_1_198' title='bbox 742 2253 829 2298; x_wconf 90' lang='lat' dir='ltr'><strong>est</strong></span> <span class='ocrx_word' id='word_1_199' title='bbox 856 2243 898 2275; x_wconf 83' lang='grc'><strong>¹⁰</strong></span> <span class='ocrx_word' id='word_1_200' title='bbox 927 2261 940 2298; x_wconf 95' lang='lat'>:</span> <span class='ocrx_word' id='word_1_201' title='bbox 973 2260 992 2295; x_wconf 79' lang='grc' dir='ltr'><strong>ι</strong></span> <span class='ocrx_word' id='word_1_202' title='bbox 1032 2241 1290 2312; x_wconf 83' lang='lat' dir='ltr'><strong>Lapidem</strong></span> <span class='ocrx_word' id='word_1_203' title='bbox 1317 2257 1478 2314; x_wconf 90' lang='lat' dir='ltr'><strong>quem</strong></span> <span class='ocrx_word' id='word_1_204' title='bbox 1508 2241 1937 2312; x_wconf 82' lang='lat' dir='ltr'><strong>reprobaverunt</strong></span> <span class='ocrx_word' id='word_1_205' title='bbox 1958 2238 2086 2295; x_wconf 67' lang='lat' dir='ltr'><strong>tedi-</strong></span> 
     </span>
    </p>
   </div>
   <div class='ocr_carea' id='block_1_28' title="bbox 520 2329 2099 2404">
    <p class='ocr_par' dir='ltr' id='par_1_28' title="bbox 520 2329 2099 2404">
     <span class='ocr_line' id='line_1_28' title="bbox 520 2329 2099 2404; baseline 0 -17"><span class='ocrx_word' id='word_1_206' title='bbox 520 2332 773 2399; x_wconf 85' lang='lat' dir='ltr'><strong>licantes,</strong></span> <span class='ocrx_word' id='word_1_207' title='bbox 823 2333 913 2389; x_wconf 90' lang='lat' dir='ltr'><strong>hic</strong></span> <span class='ocrx_word' id='word_1_208' title='bbox 939 2333 1117 2390; x_wconf 86' lang='lat' dir='ltr'><strong>factus</strong></span> <span class='ocrx_word' id='word_1_209' title='bbox 1144 2342 1230 2389; x_wconf 88' lang='lat' dir='ltr'><strong>est</strong></span> <span class='ocrx_word' id='word_1_210' title='bbox 1266 2334 1318 2388; x_wconf 93' lang='lat' dir='ltr'><strong>in</strong></span> <span class='ocrx_word' id='word_1_211' title='bbox 1342 2342 1510 2404; x_wconf 89' lang='lat' dir='ltr'><strong>caput</strong></span> <span class='ocrx_word' id='word_1_212' title='bbox 1543 2332 1727 2403; x_wconf 79' lang='lat' dir='ltr'><strong>anguli</strong></span> <span class='ocrx_word' id='word_1_213' title='bbox 1759 2350 1774 2388; x_wconf 88' lang='lat'>:</span> <span class='ocrx_word' id='word_1_214' title='bbox 1804 2346 1835 2387; x_wconf 85' lang='lat' dir='ltr'><strong>a</strong></span> <span class='ocrx_word' id='word_1_215' title='bbox 1868 2329 2099 2387; x_wconf 89' lang='lat' dir='ltr'><strong>Domino</strong></span> 
     </span>
    </p>
   </div>
   <div class='ocr_carea' id='block_1_29' title="bbox 519 2421 2094 2492">
    <p class='ocr_par' dir='ltr' id='par_1_29' title="bbox 519 2421 2094 2492">
     <span class='ocr_line' id='line_1_29' title="bbox 519 2421 2094 2492; baseline -0.002 -15"><span class='ocrx_word' id='word_1_216' title='bbox 519 2421 725 2479; x_wconf 86' lang='lat' dir='ltr'><strong>factum</strong></span> <span class='ocrx_word' id='word_1_217' title='bbox 772 2434 858 2479; x_wconf 82' lang='lat' dir='ltr'><strong>est</strong></span> <span class='ocrx_word' id='word_1_218' title='bbox 902 2426 1069 2492; x_wconf 86' lang='lat' dir='ltr'><strong>istud,</strong></span> <span class='ocrx_word' id='word_1_219' title='bbox 1116 2433 1173 2481; x_wconf 89' lang='lat' dir='ltr'><strong>et</strong></span> <span class='ocrx_word' id='word_1_220' title='bbox 1201 2435 1285 2481; x_wconf 88' lang='lat' dir='ltr'><strong>est</strong></span> <span class='ocrx_word' id='word_1_221' title='bbox 1313 2425 1561 2481; x_wconf 84' lang='lat' dir='ltr'><strong>mirabile</strong></span> <span class='ocrx_word' id='word_1_222' title='bbox 1589 2425 1641 2479; x_wconf 94' lang='lat' dir='ltr'><strong>in</strong></span> <span class='ocrx_word' id='word_1_223' title='bbox 1671 2424 1847 2481; x_wconf 90' lang='lat' dir='ltr'><strong>oculis</strong></span> <span class='ocrx_word' id='word_1_224' title='bbox 1871 2422 2094 2479; x_wconf 90' lang='lat' dir='ltr'><strong>nostris.</strong></span> 
     </span>
    </p>
   </div>
   <div class='ocr_carea' id='block_1_30' title="bbox 518 2510 2099 2585">
    <p class='ocr_par' dir='ltr' id='par_1_30' title="bbox 518 2510 2099 2585">
     <span class='ocr_line' id='line_1_30' title="bbox 518 2510 2099 2585; baseline 0.001 -20"><span class='ocrx_word' id='word_1_225' title='bbox 518 2510 646 2567; x_wconf 67' lang='lat' dir='ltr'><strong>Haec</strong></span> <span class='ocrx_word' id='word_1_226' title='bbox 673 2522 758 2569; x_wconf 82' lang='lat' dir='ltr'><strong>est</strong></span> <span class='ocrx_word' id='word_1_227' title='bbox 788 2514 906 2569; x_wconf 89' lang='lat' dir='ltr'><strong>dies</strong></span> <span class='ocrx_word' id='word_1_228' title='bbox 931 2529 1096 2585; x_wconf 88' lang='lat' dir='ltr'><strong>quam</strong></span> <span class='ocrx_word' id='word_1_229' title='bbox 1129 2513 1257 2570; x_wconf 88' lang='lat' dir='ltr'><strong>fecit</strong></span> <span class='ocrx_word' id='word_1_230' title='bbox 1293 2513 1588 2579; x_wconf 86' lang='lat' dir='ltr'><strong>Dominus,</strong></span> <span class='ocrx_word' id='word_1_231' title='bbox 1636 2513 2007 2575; x_wconf 79' lang='lat' dir='ltr'><strong>exsultemus,</strong></span> <span class='ocrx_word' id='word_1_232' title='bbox 2043 2519 2099 2567; x_wconf 88' lang='lat' dir='ltr'><strong>et</strong></span> 
     </span>
    </p>
   </div>
   <div class='ocr_carea' id='block_1_31' title="bbox 516 2601 2095 2676">
    <p class='ocr_par' dir='ltr' id='par_1_31' title="bbox 516 2601 2095 2676">
     <span class='ocr_line' id='line_1_31' title="bbox 516 2601 2095 2676; baseline -0.002 -17"><span class='ocrx_word' id='word_1_233' title='bbox 516 2603 763 2659; x_wconf 59' lang='lat' dir='ltr'><strong>latemur</strong></span> <span class='ocrx_word' id='word_1_234' title='bbox 814 2604 867 2659; x_wconf 93' lang='lat' dir='ltr'><strong>in</strong></span> <span class='ocrx_word' id='word_1_235' title='bbox 915 2621 1016 2670; x_wconf 85' lang='lat' dir='ltr'><strong>ea;</strong></span> <span class='ocrx_word' id='word_1_236' title='bbox 1054 2625 1073 2658; x_wconf 71' lang='grc' dir='ltr'><strong>ι</strong></span> <span class='ocrx_word' id='word_1_237' title='bbox 1120 2614 1177 2663; x_wconf 87' lang='lat' dir='ltr'><strong>et</strong></span> <span class='ocrx_word' id='word_1_238' title='bbox 1221 2605 1269 2663; x_wconf 90' lang='lat' dir='ltr'><strong>si</strong></span> <span class='ocrx_word' id='word_1_239' title='bbox 1318 2605 1450 2676; x_wconf 87' lang='lat' dir='ltr'><strong>quid</strong></span> <span class='ocrx_word' id='word_1_240' title='bbox 1496 2603 1643 2660; x_wconf 83' lang='lat' dir='ltr'><strong>aliud</strong></span> <span class='ocrx_word' id='word_1_241' title='bbox 1674 2603 1837 2661; x_wconf 76' lang='lat' dir='ltr'><strong>exiis</strong></span> <span class='ocrx_word' id='word_1_242' title='bbox 1880 2617 2004 2674; x_wconf 68' lang='lat' dir='ltr'><strong>quae</strong></span> <span class='ocrx_word' id='word_1_243' title='bbox 2028 2601 2095 2657; x_wconf 85' lang='lat' dir='ltr'><strong>de</strong></span> 
     </span>
    </p>
   </div>
   <div class='ocr_carea' id='block_1_32' title="bbox 515 2695 2095 2767">
    <p class='ocr_par' dir='ltr' id='par_1_32' title="bbox 515 2695 2095 2767">
     <span class='ocr_line' id='line_1_32' title="bbox 515 2695 2095 2767; baseline 0 -17"><span class='ocrx_word' id='word_1_244' title='bbox 515 2695 740 2751; x_wconf 88' lang='lat' dir='ltr'><strong>Christo</strong></span> <span class='ocrx_word' id='word_1_245' title='bbox 785 2697 1150 2767; x_wconf 62' lang='lat' dir='ltr'><strong>praenuntiata</strong></span> <span class='ocrx_word' id='word_1_246' title='bbox 1195 2707 1346 2762; x_wconf 86' lang='lat' dir='ltr'><strong>sunt,</strong></span> <span class='ocrx_word' id='word_1_247' title='bbox 1395 2697 1721 2754; x_wconf 82' lang='lat' dir='ltr'><strong>convincere</strong></span> <span class='ocrx_word' id='word_1_248' title='bbox 1762 2711 1887 2753; x_wconf 88' lang='lat' dir='ltr'><strong>eum</strong></span> <span class='ocrx_word' id='word_1_249' title='bbox 1917 2702 2095 2766; x_wconf 86' lang='lat' dir='ltr'><strong>potest</strong></span> 
     </span>
    </p>
   </div>
   <div class='ocr_carea' id='block_1_33' title="bbox 513 2788 2093 2861">
    <p class='ocr_par' dir='ltr' id='par_1_33' title="bbox 513 2788 2093 2861">
     <span class='ocr_line' id='line_1_33' title="bbox 513 2788 2093 2861; baseline 0.001 -19"><span class='ocrx_word' id='word_1_250' title='bbox 513 2788 611 2859; x_wconf 88' lang='lat' dir='ltr'><strong>qui</strong></span> <span class='ocrx_word' id='word_1_251' title='bbox 659 2788 971 2859; x_wconf 85' lang='lat' dir='ltr'><strong>Scripturas</strong></span> <span class='ocrx_word' id='word_1_252' title='bbox 1019 2800 1165 2846; x_wconf 82' lang='lat' dir='ltr'><strong>recta</strong></span> <span class='ocrx_word' id='word_1_253' title='bbox 1216 2799 1396 2846; x_wconf 86' lang='lat' dir='ltr'><strong>mente</strong></span> <span class='ocrx_word' id='word_1_254' title='bbox 1445 2797 1862 2861; x_wconf 84' lang='lat' dir='ltr'><strong>perscrutatur,</strong></span> <span class='ocrx_word' id='word_1_255' title='bbox 1929 2796 2093 2858; x_wconf 87' lang='lat' dir='ltr'><strong>atque</strong></span> 
     </span>
    </p>
   </div>
   <div class='ocr_carea' id='block_1_34' title="bbox 515 2878 2089 2951">
    <p class='ocr_par' dir='ltr' id='par_1_34' title="bbox 515 2878 2089 2951">
     <span class='ocr_line' id='line_1_34' title="bbox 515 2878 2089 2951; baseline 0 -16"><span class='ocrx_word' id='word_1_256' title='bbox 515 2879 649 2936; x_wconf 82' lang='lat' dir='ltr'><strong>illud</strong></span> <span class='ocrx_word' id='word_1_257' title='bbox 695 2882 915 2951; x_wconf 88' lang='lat' dir='ltr'><strong>quidem</strong></span> <span class='ocrx_word' id='word_1_258' title='bbox 961 2884 1103 2939; x_wconf 90' lang='lat' dir='ltr'><strong>inter</strong></span> <span class='ocrx_word' id='word_1_259' title='bbox 1135 2898 1198 2939; x_wconf 85' lang='lat' dir='ltr'><strong>ea</strong></span> <span class='ocrx_word' id='word_1_260' title='bbox 1247 2882 1516 2939; x_wconf 88' lang='lat' dir='ltr'><strong>recenseri</strong></span> <span class='ocrx_word' id='word_1_261' title='bbox 1545 2881 1724 2937; x_wconf 84' lang='lat' dir='ltr'><strong>debet.</strong></span> <span class='ocrx_word' id='word_1_262' title='bbox 1766 2880 1901 2936; x_wconf 86' lang='lat' dir='ltr'><strong>Nam</strong></span> <span class='ocrx_word' id='word_1_263' title='bbox 1942 2878 2089 2936; x_wconf 82' lang='lat' dir='ltr'><strong>side</strong></span> 
     </span>
    </p>
   </div>
   <div class='ocr_carea' id='block_1_35' title="bbox 514 2970 2091 3045">
    <p class='ocr_par' dir='ltr' id='par_1_35' title="bbox 514 2970 2091 3045">
     <span class='ocr_line' id='line_1_35' title="bbox 514 2970 2091 3045; baseline 0 -19"><span class='ocrx_word' id='word_1_264' title='bbox 514 2972 692 3042; x_wconf 85' lang='lat' dir='ltr'><strong>lapide</strong></span> <span class='ocrx_word' id='word_1_265' title='bbox 721 2988 884 3035; x_wconf 86' lang='lat' dir='ltr'><strong>sensu</strong></span> <span class='ocrx_word' id='word_1_266' title='bbox 911 2982 1131 3029; x_wconf 88' lang='lat' dir='ltr'><strong>carente</strong></span> <span class='ocrx_word' id='word_1_267' title='bbox 1174 2975 1288 3030; x_wconf 70' lang='lat' dir='ltr'><strong>haec</strong></span> <span class='ocrx_word' id='word_1_268' title='bbox 1320 2990 1350 3029; x_wconf 92' lang='lat' dir='ltr'><strong>a</strong></span> <span class='ocrx_word' id='word_1_269' title='bbox 1375 2973 1639 3045; x_wconf 87' lang='lat' dir='ltr'><strong>propheta</strong></span> <span class='ocrx_word' id='word_1_270' title='bbox 1691 2972 1916 3027; x_wconf 89' lang='lat' dir='ltr'><strong>minime</strong></span> <span class='ocrx_word' id='word_1_271' title='bbox 1946 2970 2091 3026; x_wconf 76' lang='lat' dir='ltr'><strong>dicta</strong></span> 
     </span>
    </p>
   </div>
   <div class='ocr_carea' id='block_1_36' title="bbox 515 3064 2089 3137">
    <p class='ocr_par' dir='ltr' id='par_1_36' title="bbox 515 3064 2089 3137">
     <span class='ocr_line' id='line_1_36' title="bbox 515 3064 2089 3137; baseline -0.003 -14"><span class='ocrx_word' id='word_1_272' title='bbox 515 3073 666 3130; x_wconf 75' lang='lat' dir='ltr'><strong>sunt,</strong></span> <span class='ocrx_word' id='word_1_273' title='bbox 699 3066 1156 3137; x_wconf 87' lang='lat' dir='ltr'><strong>quemadmodum</strong></span> <span class='ocrx_word' id='word_1_274' title='bbox 1185 3067 1419 3123; x_wconf 86' lang='lat' dir='ltr'><strong>stolidus</strong></span> <span class='ocrx_word' id='word_1_275' title='bbox 1447 3066 1679 3123; x_wconf 80' lang='lat' dir='ltr'><strong>fortasse</strong></span> <span class='ocrx_word' id='word_1_276' title='bbox 1704 3064 1904 3137; x_wconf 85' lang='lat' dir='ltr'><strong>aliquis</strong></span> <span class='ocrx_word' id='word_1_277' title='bbox 1936 3080 2089 3121; x_wconf 84' lang='lat' dir='ltr'><strong>asse-</strong></span> 
     </span>
    </p>
   </div>
   <div class='ocr_carea' id='block_1_37' title="bbox 514 3155 2086 3231">
    <p class='ocr_par' dir='ltr' id='par_1_37' title="bbox 514 3155 2086 3231">
     <span class='ocr_line' id='line_1_37' title="bbox 514 3155 2086 3231; baseline -0.001 -19"><span class='ocrx_word' id='word_1_278' title='bbox 514 3168 620 3224; x_wconf 88' lang='lat' dir='ltr'><strong>ret,</strong></span> <span class='ocrx_word' id='word_1_279' title='bbox 657 3159 1002 3228; x_wconf 82' lang='lat' dir='ltr'><strong>perspicuum</strong></span> <span class='ocrx_word' id='word_1_280' title='bbox 1054 3161 1242 3231; x_wconf 89' lang='lat' dir='ltr'><strong>utique</strong></span> <span class='ocrx_word' id='word_1_281' title='bbox 1284 3160 1389 3216; x_wconf 89' lang='lat' dir='ltr'><strong>erit</strong></span> <span class='ocrx_word' id='word_1_282' title='bbox 1432 3161 1778 3229; x_wconf 87' lang='lat' dir='ltr'><strong>reprobatnm</strong></span> <span class='ocrx_word' id='word_1_283' title='bbox 1832 3173 1863 3212; x_wconf 91' lang='lat' dir='ltr'><strong>a</strong></span> <span class='ocrx_word' id='word_1_284' title='bbox 1907 3155 2086 3227; x_wconf 89' lang='lat' dir='ltr'><strong>populi</strong></span> 
     </span>
    </p>
   </div>
   <div class='ocr_carea' id='block_1_38' title="bbox 512 3245 2089 3318">
    <p class='ocr_par' dir='ltr' id='par_1_38' title="bbox 512 3245 2089 3318">
     <span class='ocr_line' id='line_1_38' title="bbox 512 3245 2089 3318; baseline 0 -16"><span class='ocrx_word' id='word_1_285' title='bbox 512 3247 743 3317; x_wconf 82' lang='lat' dir='ltr'><strong>hujusce</strong></span> <span class='ocrx_word' id='word_1_286' title='bbox 772 3250 1113 3318; x_wconf 88' lang='lat' dir='ltr'><strong>sapientibus</strong></span> <span class='ocrx_word' id='word_1_287' title='bbox 1133 3288 1148 3312; x_wconf 90' lang='lat'><strong>,</strong></span> <span class='ocrx_word' id='word_1_288' title='bbox 1178 3258 1233 3304; x_wconf 89' lang='lat' dir='ltr'><strong>et</strong></span> <span class='ocrx_word' id='word_1_289' title='bbox 1254 3249 1598 3305; x_wconf 85' lang='lat' dir='ltr'><strong>sacerdotum</strong></span> <span class='ocrx_word' id='word_1_290' title='bbox 1632 3245 1970 3316; x_wconf 86' lang='lat' dir='ltr'><strong>principibus</strong></span> <span class='ocrx_word' id='word_1_291' title='bbox 1989 3287 2004 3310; x_wconf 93' lang='lat'><strong>,</strong></span> <span class='ocrx_word' id='word_1_292' title='bbox 2034 3255 2089 3302; x_wconf 91' lang='lat' dir='ltr'><strong>et</strong></span> 
     </span>
    </p>
   </div>
   <div class='ocr_carea' id='block_1_39' title="bbox 2275 1140 3759 1221">
    <p class='ocr_par' dir='ltr' id='par_1_39' title="bbox 2275 1140 3759 1221">
     <span class='ocr_line' id='line_1_39' title="bbox 2275 1140 3759 1221; baseline 0 -19"><span class='ocrx_word' id='word_1_293' title='bbox 2275 1144 2409 1203; x_wconf 84' lang='grc' dir='ltr'>Εἷτα</span> <span class='ocrx_word' id='word_1_294' title='bbox 2447 1149 2476 1202; x_wconf 90' lang='grc' dir='ltr'><strong>ό</strong></span> <span class='ocrx_word' id='word_1_295' title='bbox 2505 1148 2696 1221; x_wconf 82' lang='grc' dir='ltr'>Σωτὴρ</span> <span class='ocrx_word' id='word_1_296' title='bbox 2727 1148 2821 1203; x_wconf 58' lang='lat' dir='ltr'><strong>hil.</strong></span> <span class='ocrx_word' id='word_1_297' title='bbox 2844 1146 3055 1213; x_wconf 79' lang='grc' dir='ltr'>τούτοις</span> <span class='ocrx_word' id='word_1_298' title='bbox 3084 1143 3193 1202; x_wconf 79' lang='grc' dir='ltr'>ἀπὸ</span> <span class='ocrx_word' id='word_1_299' title='bbox 3215 1142 3317 1218; x_wconf 76' lang='grc' dir='ltr'>τῆς</span> <span class='ocrx_word' id='word_1_300' title='bbox 3346 1140 3574 1221; x_wconf 76' lang='grc' dir='ltr'>Γραφῆς</span> <span class='ocrx_word' id='word_1_301' title='bbox 3597 1148 3759 1215; x_wconf 59' lang='lat' dir='ltr'><strong>abab;</strong></span> 
     </span>
    </p>
   </div>
   <div class='ocr_carea' id='block_1_40' title="bbox 2204 1233 3759 1311">
    <p class='ocr_par' dir='ltr' id='par_1_40' title="bbox 2204 1233 3759 1311">
     <span class='ocr_line' id='line_1_40' title="bbox 2204 1233 3759 1311; baseline 0 -18"><span class='ocrx_word' id='word_1_302' title='bbox 2204 1239 2464 1301; x_wconf 80' lang='grc' dir='ltr'>δυσωπεῖ,</span> <span class='ocrx_word' id='word_1_303' title='bbox 2509 1238 2828 1309; x_wconf 76' lang='grc' dir='ltr'>νομίζοντας</span> <span class='ocrx_word' id='word_1_304' title='bbox 2864 1233 3004 1292; x_wconf 80' lang='grc' dir='ltr'>εἶναι</span> <span class='ocrx_word' id='word_1_305' title='bbox 3049 1238 3143 1292; x_wconf 75' lang='grc' dir='ltr'>καὶ</span> <span class='ocrx_word' id='word_1_306' title='bbox 3187 1239 3507 1311; x_wconf 80' lang='grc' dir='ltr'>οἰκοδόμους</span> <span class='ocrx_word' id='word_1_307' title='bbox 3540 1239 3647 1309; x_wconf 83' lang='grc'><strong>(87)</strong></span> <span class='ocrx_word' id='word_1_308' title='bbox 3685 1240 3759 1293; x_wconf 79' lang='grc' dir='ltr'><strong>τοῦ</strong></span> 
     </span>
    </p>
   </div>
   <div class='ocr_carea' id='block_1_41' title="bbox 2201 1328 3757 1402">
    <p class='ocr_par' dir='ltr' id='par_1_41' title="bbox 2201 1328 3757 1402">
     <span class='ocr_line' id='line_1_41' title="bbox 2201 1328 3757 1402; baseline 0.001 -19"><span class='ocrx_word' id='word_1_309' title='bbox 2201 1328 2355 1396; x_wconf 86' lang='grc' dir='ltr'>λαοῦ,</span> <span class='ocrx_word' id='word_1_310' title='bbox 2382 1331 2463 1384; x_wconf 79' lang='grc' dir='ltr'>ὅτι</span> <span class='ocrx_word' id='word_1_311' title='bbox 2490 1328 2637 1383; x_wconf 87' lang='grc' dir='ltr'>λίθον</span> <span class='ocrx_word' id='word_1_312' title='bbox 2668 1330 2830 1384; x_wconf 79' lang='grc' dir='ltr'>αὑτὸν</span> <span class='ocrx_word' id='word_1_313' title='bbox 2858 1329 2987 1383; x_wconf 79' lang='grc' dir='ltr'>ὄντα</span> <span class='ocrx_word' id='word_1_314' title='bbox 3021 1331 3114 1383; x_wconf 74' lang='grc' dir='ltr'>καὶ</span> <span class='ocrx_word' id='word_1_315' title='bbox 3142 1330 3647 1402; x_wconf 84' lang='grc' dir='ltr'>ἀποδοκιμασθέντα</span> <span class='ocrx_word' id='word_1_316' title='bbox 3682 1333 3757 1386; x_wconf 70' lang='grc' dir='ltr'><strong>ἀπ’</strong></span> 
     </span>
    </p>
   </div>
   <div class='ocr_carea' id='block_1_42' title="bbox 2204 1418 3757 1494">
    <p class='ocr_par' dir='ltr' id='par_1_42' title="bbox 2204 1418 3757 1494">
     <span class='ocr_line' id='line_1_42' title="bbox 2204 1418 3757 1494; baseline -0.001 -17"><span class='ocrx_word' id='word_1_317' title='bbox 2204 1418 2383 1477; x_wconf 77' lang='grc' dir='ltr'>αὐτῶν</span> <span class='ocrx_word' id='word_1_318' title='bbox 2413 1422 2443 1476; x_wconf 91' lang='grc' dir='ltr'><strong>ό</strong></span> <span class='ocrx_word' id='word_1_319' title='bbox 2487 1421 2677 1493; x_wconf 84' lang='grc' dir='ltr'>Πατὴρ</span> <span class='ocrx_word' id='word_1_320' title='bbox 2722 1420 2879 1493; x_wconf 81' lang='grc' dir='ltr'>θήσει</span> <span class='ocrx_word' id='word_1_321' title='bbox 2917 1420 3018 1493; x_wconf 80' lang='grc' dir='ltr'>τῆς</span> <span class='ocrx_word' id='word_1_322' title='bbox 3043 1422 3171 1491; x_wconf 81' lang='grc' dir='ltr'>ὅλης</span> <span class='ocrx_word' id='word_1_323' title='bbox 3198 1422 3496 1494; x_wconf 77' lang='grc' dir='ltr'>οἰκοδομῆς</span> <span class='ocrx_word' id='word_1_324' title='bbox 3528 1422 3757 1494; x_wconf 69' lang='grc' dir='ltr'>κεφαλὴν.</span> 
     </span>
    </p>
   </div>
   <div class='ocr_carea' id='block_1_43' title="bbox 2208 1508 3759 1585">
    <p class='ocr_par' dir='ltr' id='par_1_43' title="bbox 2208 1508 3759 1585">
     <span class='ocr_line' id='line_1_43' title="bbox 2208 1508 3759 1585; baseline -0.002 -16"><span class='ocrx_word' id='word_1_325' title='bbox 2208 1515 2499 1585; x_wconf 84' lang='grc' dir='ltr'>συνέχοντα</span> <span class='ocrx_word' id='word_1_326' title='bbox 2523 1508 2618 1567; x_wconf 78' lang='grc' dir='ltr'><strong>δύο</strong></span> <span class='ocrx_word' id='word_1_327' title='bbox 2641 1513 2841 1583; x_wconf 81' lang='grc' dir='ltr'>γωνίας</span> <span class='ocrx_word' id='word_1_328' title='bbox 2864 1512 3108 1577; x_wconf 77' lang='grc' dir='ltr'>Παλαιᾶς</span> <span class='ocrx_word' id='word_1_329' title='bbox 3140 1514 3236 1568; x_wconf 80' lang='grc' dir='ltr'><strong>καὶ</strong></span> <span class='ocrx_word' id='word_1_330' title='bbox 3265 1514 3480 1585; x_wconf 82' lang='grc' dir='ltr'>Καινῆς</span> <span class='ocrx_word' id='word_1_331' title='bbox 3500 1510 3759 1585; x_wconf 73' lang='grc' dir='ltr'>Διαθήκης,</span> 
     </span>
    </p>
   </div>
   <div class='ocr_carea' id='block_1_44' title="bbox 2205 1600 3761 1676">
    <p class='ocr_par' dir='ltr' id='par_1_44' title="bbox 2205 1600 3761 1676">
     <span class='ocr_line' id='line_1_44' title="bbox 2205 1600 3761 1676; baseline -0.004 -16"><span class='ocrx_word' id='word_1_332' title='bbox 2205 1603 2413 1660; x_wconf 75' lang='grc' dir='ltr'>καὶδύο</span> <span class='ocrx_word' id='word_1_333' title='bbox 2436 1602 2579 1658; x_wconf 90' lang='grc' dir='ltr'>λαῶν</span> <span class='ocrx_word' id='word_1_334' title='bbox 2603 1602 2917 1673; x_wconf 79' lang='grc' dir='ltr'>οἰκοδομάς·</span> <span class='ocrx_word' id='word_1_335' title='bbox 2942 1601 3179 1657; x_wconf 87' lang='grc' dir='ltr'>τοιοῦτον</span> <span class='ocrx_word' id='word_1_336' title='bbox 3196 1602 3305 1676; x_wconf 83' lang='grc' dir='ltr'>γάρ</span> <span class='ocrx_word' id='word_1_337' title='bbox 3331 1604 3454 1657; x_wconf 78' lang='grc' dir='ltr'>ἐστι</span> <span class='ocrx_word' id='word_1_338' title='bbox 3475 1600 3538 1656; x_wconf 87' lang='grc' dir='ltr'><strong>τό</strong></span> <span class='ocrx_word' id='word_1_339' title='bbox 3555 1620 3568 1632; x_wconf 93' lang='grc'><strong>·</strong></span> <span class='ocrx_word' id='word_1_340' title='bbox 3589 1622 3607 1653; x_wconf 76' lang='grc' dir='ltr'><strong>ι</strong></span> <span class='ocrx_word' id='word_1_341' title='bbox 3628 1602 3761 1656; x_wconf 65' lang='grc' dir='ltr'><strong>Οἶδδέ-</strong></span> 
     </span>
    </p>
   </div>
   <div class='ocr_carea' id='block_1_45' title="bbox 2207 1691 3760 1766">
    <p class='ocr_par' dir='ltr' id='par_1_45' title="bbox 2207 1691 3760 1766">
     <span class='ocr_line' id='line_1_45' title="bbox 2207 1691 3760 1766; baseline -0.001 -17"><span class='ocrx_word' id='word_1_342' title='bbox 2207 1707 2339 1750; x_wconf 87' lang='grc' dir='ltr'>ποτε</span> <span class='ocrx_word' id='word_1_343' title='bbox 2393 1695 2661 1765; x_wconf 79' lang='grc' dir='ltr'>ἀνέγνωτε</span> <span class='ocrx_word' id='word_1_344' title='bbox 2711 1694 2768 1747; x_wconf 75' lang='grc' dir='ltr'>ὲν</span> <span class='ocrx_word' id='word_1_345' title='bbox 2829 1692 2949 1759; x_wconf 77' lang='grc' dir='ltr'>ταῖς</span> <span class='ocrx_word' id='word_1_346' title='bbox 3003 1695 3244 1766; x_wconf 83' lang='grc' dir='ltr'>Γραφαῖς</span> <span class='ocrx_word' id='word_1_347' title='bbox 3263 1713 3277 1726; x_wconf 88' lang='grc'><strong>·</strong></span> <span class='ocrx_word' id='word_1_348' title='bbox 3339 1691 3508 1750; x_wconf 80' lang='grc' dir='ltr'>Λίθον</span> <span class='ocrx_word' id='word_1_349' title='bbox 3551 1695 3609 1747; x_wconf 81' lang='grc' dir='ltr'>ὃν</span> <span class='ocrx_word' id='word_1_350' title='bbox 3648 1695 3760 1747; x_wconf 67' lang='grc' dir='ltr'><strong>ἀπο</strong></span> 
     </span>
    </p>
   </div>
   <div class='ocr_carea' id='block_1_46' title="bbox 2203 1778 3759 1856">
    <p class='ocr_par' dir='ltr' id='par_1_46' title="bbox 2203 1778 3759 1856">
     <span class='ocr_line' id='line_1_46' title="bbox 2203 1778 3759 1856; baseline -0.003 -16"><span class='ocrx_word' id='word_1_351' title='bbox 2203 1781 2505 1856; x_wconf 86' lang='grc' dir='ltr'>δοκίμασαν</span> <span class='ocrx_word' id='word_1_352' title='bbox 2550 1785 2600 1838; x_wconf 79' lang='lat' dir='ltr'><strong>ot</strong></span> <span class='ocrx_word' id='word_1_353' title='bbox 2627 1783 3059 1855; x_wconf 83' lang='grc' dir='ltr'>οἰκοδομοῦντες,</span> <span class='ocrx_word' id='word_1_354' title='bbox 3100 1778 3255 1847; x_wconf 77' lang='grc' dir='ltr'>οὗτος</span> <span class='ocrx_word' id='word_1_355' title='bbox 3291 1784 3530 1856; x_wconf 74' lang='grc' dir='ltr'>ἐγενήθη</span> <span class='ocrx_word' id='word_1_356' title='bbox 3577 1785 3652 1849; x_wconf 87' lang='grc' dir='ltr'><strong>είς</strong></span> <span class='ocrx_word' id='word_1_357' title='bbox 3686 1802 3759 1837; x_wconf 78' lang='grc' dir='ltr'>κε-</span> 
     </span>
    </p>
   </div>
   <div class='ocr_carea' id='block_1_47' title="bbox 2207 1875 3757 1950">
    <p class='ocr_par' dir='ltr' id='par_1_47' title="bbox 2207 1875 3757 1950">
     <span class='ocr_line' id='line_1_47' title="bbox 2207 1875 3757 1950; baseline -0.002 -17"><span class='ocrx_word' id='word_1_358' title='bbox 2207 1878 2379 1950; x_wconf 80' lang='grc' dir='ltr'>φαλὴν</span> <span class='ocrx_word' id='word_1_359' title='bbox 2411 1876 2645 1946; x_wconf 82' lang='grc' dir='ltr'>γωνίας;</span> <span class='ocrx_word' id='word_1_360' title='bbox 2673 1876 2831 1947; x_wconf 79' lang='grc' dir='ltr'>Παρὰ</span> <span class='ocrx_word' id='word_1_361' title='bbox 2868 1875 3071 1948; x_wconf 66' lang='grc' dir='ltr'>Κυρίου</span> <span class='ocrx_word' id='word_1_362' title='bbox 3099 1876 3312 1946; x_wconf 74' lang='grc' dir='ltr'>ἐγένετο</span> <span class='ocrx_word' id='word_1_363' title='bbox 3342 1875 3513 1947; x_wconf 81' lang='grc' dir='ltr'>αὕτη,</span> <span class='ocrx_word' id='word_1_364' title='bbox 3549 1877 3640 1930; x_wconf 77' lang='grc' dir='ltr'>καὶ</span> <span class='ocrx_word' id='word_1_365' title='bbox 3664 1877 3757 1930; x_wconf 73' lang='grc' dir='ltr'>ἔστι</span> 
     </span>
    </p>
   </div>
   <div class='ocr_carea' id='block_1_48' title="bbox 2206 1968 3757 2042">
    <p class='ocr_par' dir='ltr' id='par_1_48' title="bbox 2206 1968 3757 2042">
     <span class='ocr_line' id='line_1_48' title="bbox 2206 1968 3757 2042; baseline -0.003 -17"><span class='ocrx_word' id='word_1_366' title='bbox 2206 1969 2490 2042; x_wconf 80' lang='grc' dir='ltr'>θαυμαστὴ</span> <span class='ocrx_word' id='word_1_367' title='bbox 2506 1970 2564 2023; x_wconf 81' lang='grc' dir='ltr'>ὲν</span> <span class='ocrx_word' id='word_1_368' title='bbox 2575 1968 2874 2040; x_wconf 83' lang='grc' dir='ltr'>ὀφθαλμοῖς</span> <span class='ocrx_word' id='word_1_369' title='bbox 2899 1968 3076 2041; x_wconf 78' lang='grc' dir='ltr'>ἡμῶν.</span> <span class='ocrx_word' id='word_1_370' title='bbox 3104 1987 3122 2020; x_wconf 74' lang='grc' dir='ltr'><strong>ι</strong></span> <span class='ocrx_word' id='word_1_371' title='bbox 3154 1969 3418 2025; x_wconf 76' lang='grc' dir='ltr'>Κεῖταιδὲ</span> <span class='ocrx_word' id='word_1_372' title='bbox 3438 1970 3476 2040; x_wconf 79' lang='grc' dir='ltr'><strong>ἡ</strong></span> <span class='ocrx_word' id='word_1_373' title='bbox 3490 1968 3757 2038; x_wconf 76' lang='grc' dir='ltr'>λέξιςὲντῷ</span> 
     </span>
    </p>
   </div>
   <div class='ocr_carea' id='block_1_49' title="bbox 2123 2044 3751 2134">
    <p class='ocr_par' dir='ltr' id='par_1_49' title="bbox 2123 2044 3751 2134">
     <span class='ocr_line' id='line_1_49' title="bbox 2123 2044 3751 2134; baseline -0.002 -17"><span class='ocrx_word' id='word_1_374' title='bbox 2123 2044 2165 2099; x_wconf 74' lang='grc' dir='ltr'><strong>Β</strong></span> <span class='ocrx_word' id='word_1_375' title='bbox 2200 2060 2474 2134; x_wconf 78' lang='grc' dir='ltr'>ἑκατοστῷ</span> <span class='ocrx_word' id='word_1_376' title='bbox 2512 2060 2960 2133; x_wconf 79' lang='grc' dir='ltr'>ἑπτακαιδεκάτῳ</span> <span class='ocrx_word' id='word_1_377' title='bbox 2998 2060 3219 2133; x_wconf 81' lang='grc' dir='ltr'>ψαλμῷ,</span> <span class='ocrx_word' id='word_1_378' title='bbox 3257 2058 3318 2126; x_wconf 78' lang='grc' dir='ltr'>ὃς</span> <span class='ocrx_word' id='word_1_379' title='bbox 3359 2063 3483 2115; x_wconf 77' lang='grc' dir='ltr'>ἐστι</span> <span class='ocrx_word' id='word_1_380' title='bbox 3537 2058 3638 2132; x_wconf 72' lang='grc' dir='ltr'><strong>πρὸ</strong></span> <span class='ocrx_word' id='word_1_381' title='bbox 3675 2060 3751 2113; x_wconf 81' lang='grc' dir='ltr'><strong>τοῦ</strong></span> 
     </span>
    </p>
   </div>
   <div class='ocr_carea' id='block_1_50' title="bbox 2202 2147 3755 2224">
    <p class='ocr_par' dir='ltr' id='par_1_50' title="bbox 2202 2147 3755 2224">
     <span class='ocr_line' id='line_1_50' title="bbox 2202 2147 3755 2224; baseline -0.003 -16"><span class='ocrx_word' id='word_1_382' title='bbox 2202 2153 2670 2224; x_wconf 84' lang='grc' dir='ltr'>πολυστιχωτάτου</span> <span class='ocrx_word' id='word_1_383' title='bbox 2702 2150 2918 2224; x_wconf 78' lang='grc' dir='ltr'>ψαλμοῦ</span> <span class='ocrx_word' id='word_1_384' title='bbox 2951 2151 3306 2223; x_wconf 82' lang='grc' dir='ltr'>τεταγμένος,</span> <span class='ocrx_word' id='word_1_385' title='bbox 3343 2152 3440 2206; x_wconf 72' lang='grc' dir='ltr'>καὶ</span> <span class='ocrx_word' id='word_1_386' title='bbox 3470 2152 3583 2222; x_wconf 78' lang='grc' dir='ltr'>ἔχει</span> <span class='ocrx_word' id='word_1_387' title='bbox 3610 2147 3755 2215; x_wconf 70' lang='grc' dir='ltr'>οὕτως</span> 
     </span>
    </p>
   </div>
   <div class='ocr_carea' id='block_1_51' title="bbox 2199 2241 3753 2317">
    <p class='ocr_par' dir='ltr' id='par_1_51' title="bbox 2199 2241 3753 2317">
     <span class='ocr_line' id='line_1_51' title="bbox 2199 2241 3753 2317; baseline -0.002 -18"><span class='ocrx_word' id='word_1_388' title='bbox 2199 2244 2261 2299; x_wconf 79' lang='grc' dir='ltr'>τὸ</span> <span class='ocrx_word' id='word_1_389' title='bbox 2294 2244 2454 2317; x_wconf 80' lang='grc' dir='ltr'>ῥητόν</span> <span class='ocrx_word' id='word_1_390' title='bbox 2473 2260 2488 2276; x_wconf 87' lang='grc'><strong>·</strong></span> <span class='ocrx_word' id='word_1_391' title='bbox 2524 2264 2544 2297; x_wconf 77' lang='grc' dir='ltr'><strong>ι</strong></span> <span class='ocrx_word' id='word_1_392' title='bbox 2571 2243 2732 2300; x_wconf 81' lang='grc' dir='ltr'>Λίθον</span> <span class='ocrx_word' id='word_1_393' title='bbox 2753 2243 2813 2297; x_wconf 83' lang='grc' dir='ltr'>ὃν</span> <span class='ocrx_word' id='word_1_394' title='bbox 2833 2241 3241 2315; x_wconf 80' lang='grc' dir='ltr'>ἀπεδοκίμασαν</span> <span class='ocrx_word' id='word_1_395' title='bbox 3270 2244 3320 2297; x_wconf 88' lang='grc' dir='ltr'><strong>οί</strong></span> <span class='ocrx_word' id='word_1_396' title='bbox 3340 2242 3753 2307; x_wconf 67' lang='grc' dir='ltr'>οἰκοδομοῦντες,</span> 
     </span>
    </p>
   </div>
   <div class='ocr_carea' id='block_1_52' title="bbox 2198 2328 3753 2404">
    <p class='ocr_par' dir='ltr' id='par_1_52' title="bbox 2198 2328 3753 2404">
     <span class='ocr_line' id='line_1_52' title="bbox 2198 2328 3753 2404; baseline -0.003 -16"><span class='ocrx_word' id='word_1_397' title='bbox 2198 2328 2352 2396; x_wconf 73' lang='grc' dir='ltr'>οὗτος</span> <span class='ocrx_word' id='word_1_398' title='bbox 2412 2333 2644 2404; x_wconf 79' lang='grc' dir='ltr'>ἐγενήθη</span> <span class='ocrx_word' id='word_1_399' title='bbox 2700 2332 2781 2396; x_wconf 82' lang='grc' dir='ltr'><strong>είς</strong></span> <span class='ocrx_word' id='word_1_400' title='bbox 2816 2331 3065 2403; x_wconf 78' lang='grc' dir='ltr'>κεφαλὴν</span> <span class='ocrx_word' id='word_1_401' title='bbox 3109 2331 3329 2402; x_wconf 85' lang='grc' dir='ltr'>γωνίας.</span> <span class='ocrx_word' id='word_1_402' title='bbox 3374 2331 3540 2403; x_wconf 78' lang='grc' dir='ltr'>Παρὰ</span> <span class='ocrx_word' id='word_1_403' title='bbox 3577 2329 3753 2402; x_wconf 80' lang='grc' dir='ltr'>Κυρίω</span> 
     </span>
    </p>
   </div>
   <div class='ocr_carea' id='block_1_53' title="bbox 2197 2420 3749 2498">
    <p class='ocr_par' dir='ltr' id='par_1_53' title="bbox 2197 2420 3749 2498">
     <span class='ocr_line' id='line_1_53' title="bbox 2197 2420 3749 2498; baseline -0.006 -16"><span class='ocrx_word' id='word_1_404' title='bbox 2197 2428 2412 2498; x_wconf 78' lang='grc' dir='ltr'>ἐγένετο</span> <span class='ocrx_word' id='word_1_405' title='bbox 2433 2425 2597 2497; x_wconf 82' lang='grc' dir='ltr'>αῦτη,</span> <span class='ocrx_word' id='word_1_406' title='bbox 2620 2423 2716 2478; x_wconf 70' lang='grc' dir='ltr'>καὶ</span> <span class='ocrx_word' id='word_1_407' title='bbox 2742 2422 2857 2477; x_wconf 77' lang='grc' dir='ltr'>ἔστι</span> <span class='ocrx_word' id='word_1_408' title='bbox 2879 2422 3167 2494; x_wconf 79' lang='grc' dir='ltr'>θαυμαστὴ</span> <span class='ocrx_word' id='word_1_409' title='bbox 3185 2423 3242 2474; x_wconf 80' lang='grc' dir='ltr'>ὲν</span> <span class='ocrx_word' id='word_1_410' title='bbox 3269 2420 3574 2493; x_wconf 80' lang='grc' dir='ltr'>ὀφθαλμοῖς</span> <span class='ocrx_word' id='word_1_411' title='bbox 3598 2420 3749 2493; x_wconf 49' lang='lat' dir='ltr'><strong>aptior.</strong></span> 
     </span>
    </p>
   </div>
   <div class='ocr_carea' id='block_1_54' title="bbox 2195 2510 3751 2593">
    <p class='ocr_par' dir='ltr' id='par_1_54' title="bbox 2195 2510 3751 2593">
     <span class='ocr_line' id='line_1_54' title="bbox 2195 2510 3751 2593; baseline -0.004 -20"><span class='ocrx_word' id='word_1_412' title='bbox 2195 2517 2346 2590; x_wconf 75' lang='grc' dir='ltr'>Αὕτη</span> <span class='ocrx_word' id='word_1_413' title='bbox 2395 2520 2429 2593; x_wconf 75' lang='grc' dir='ltr'><strong>ἡ</strong></span> <span class='ocrx_word' id='word_1_414' title='bbox 2464 2517 2647 2589; x_wconf 75' lang='grc' dir='ltr'>ἡμέρα</span> <span class='ocrx_word' id='word_1_415' title='bbox 2690 2514 2757 2587; x_wconf 70' lang='grc' dir='ltr'>ἣν</span> <span class='ocrx_word' id='word_1_416' title='bbox 2794 2515 3050 2586; x_wconf 72' lang='grc' dir='ltr'>ἐποίησεν</span> <span class='ocrx_word' id='word_1_417' title='bbox 3089 2511 3118 2566; x_wconf 87' lang='grc' dir='ltr'><strong>ό</strong></span> <span class='ocrx_word' id='word_1_418' title='bbox 3149 2510 3385 2585; x_wconf 73' lang='grc' dir='ltr'>Κύριος,</span> <span class='ocrx_word' id='word_1_419' title='bbox 3433 2510 3751 2583; x_wconf 77' lang='grc' dir='ltr'>ἁγαλλιασὼ·</span> 
     </span>
    </p>
   </div>
   <div class='ocr_carea' id='block_1_55' title="bbox 2198 2599 3750 2682">
    <p class='ocr_par' dir='ltr' id='par_1_55' title="bbox 2198 2599 3750 2682">
     <span class='ocr_line' id='line_1_55' title="bbox 2198 2599 3750 2682; baseline -0.006 -18"><span class='ocrx_word' id='word_1_420' title='bbox 2198 2609 2358 2682; x_wconf 87' lang='grc' dir='ltr'>μεθα,</span> <span class='ocrx_word' id='word_1_421' title='bbox 2390 2606 2485 2663; x_wconf 74' lang='grc' dir='ltr'>καὶ</span> <span class='ocrx_word' id='word_1_422' title='bbox 2517 2603 2909 2678; x_wconf 77' lang='grc' dir='ltr'>εὐφρανθῶμεν</span> <span class='ocrx_word' id='word_1_423' title='bbox 2941 2604 3001 2656; x_wconf 80' lang='grc' dir='ltr'>ὲν</span> <span class='ocrx_word' id='word_1_424' title='bbox 3046 2602 3182 2674; x_wconf 78' lang='grc' dir='ltr'>αὐτῇ</span> <span class='ocrx_word' id='word_1_425' title='bbox 3204 2619 3219 2633; x_wconf 88' lang='grc'>·</span> <span class='ocrx_word' id='word_1_426' title='bbox 3268 2620 3287 2654; x_wconf 73' lang='grc' dir='ltr'><strong>ι</strong></span> <span class='ocrx_word' id='word_1_427' title='bbox 3332 2599 3430 2656; x_wconf 79' lang='grc' dir='ltr'>καὶ</span> <span class='ocrx_word' id='word_1_428' title='bbox 3471 2602 3530 2654; x_wconf 80' lang='grc' dir='ltr'><strong>εί</strong></span> <span class='ocrx_word' id='word_1_429' title='bbox 3568 2619 3620 2655; x_wconf 87' lang='grc' dir='ltr'><strong>τι</strong></span> <span class='ocrx_word' id='word_1_430' title='bbox 3644 2600 3750 2655; x_wconf 72' lang='grc' dir='ltr'>ἄλλο</span> 
     </span>
    </p>
   </div>
   <div class='ocr_carea' id='block_1_56' title="bbox 2192 2691 3750 2771">
    <p class='ocr_par' dir='ltr' id='par_1_56' title="bbox 2192 2691 3750 2771">
     <span class='ocr_line' id='line_1_56' title="bbox 2192 2691 3750 2771; baseline -0.006 -16"><span class='ocrx_word' id='word_1_431' title='bbox 2192 2700 2301 2755; x_wconf 87' lang='grc' dir='ltr'><strong>τῶν</strong></span> <span class='ocrx_word' id='word_1_432' title='bbox 2334 2698 2463 2771; x_wconf 76' lang='grc' dir='ltr'>περὶ</span> <span class='ocrx_word' id='word_1_433' title='bbox 2488 2695 2723 2770; x_wconf 81' lang='grc' dir='ltr'>Χριστοῦ</span> <span class='ocrx_word' id='word_1_434' title='bbox 2750 2694 3239 2766; x_wconf 83' lang='grc' dir='ltr'>προφητευομένων</span> <span class='ocrx_word' id='word_1_435' title='bbox 3270 2692 3497 2747; x_wconf 78' lang='grc' dir='ltr'>δύναται</span> <span class='ocrx_word' id='word_1_436' title='bbox 3527 2691 3750 2762; x_wconf 74' lang='grc' dir='ltr'>δυσωπῆ-</span> 
     </span>
    </p>
   </div>
   <div class='ocr_carea' id='block_1_57' title="bbox 2195 2782 3743 2861">
    <p class='ocr_par' dir='ltr' id='par_1_57' title="bbox 2195 2782 3743 2861">
     <span class='ocr_line' id='line_1_57' title="bbox 2195 2782 3743 2861; baseline -0.006 -15"><span class='ocrx_word' id='word_1_437' title='bbox 2195 2810 2285 2848; x_wconf 89' lang='grc' dir='ltr'><strong>σαι</strong></span> <span class='ocrx_word' id='word_1_438' title='bbox 2302 2792 2393 2847; x_wconf 77' lang='grc' dir='ltr'><strong>τδν</strong></span> <span class='ocrx_word' id='word_1_439' title='bbox 2420 2787 2775 2861; x_wconf 78' lang='grc' dir='ltr'>εὐγνωμόνως</span> <span class='ocrx_word' id='word_1_440' title='bbox 2794 2785 3118 2855; x_wconf 63' lang='grc' dir='ltr'>ἐξετάζοντα</span> <span class='ocrx_word' id='word_1_441' title='bbox 3138 2786 3207 2839; x_wconf 75' lang='grc' dir='ltr'><strong>τὰ</strong></span> <span class='ocrx_word' id='word_1_442' title='bbox 3239 2784 3633 2861; x_wconf 82' lang='grc' dir='ltr'>γεγραμμένα,</span> <span class='ocrx_word' id='word_1_443' title='bbox 3661 2782 3743 2838; x_wconf 72' lang='grc' dir='ltr'><strong>καὶ</strong></span> 
     </span>
    </p>
   </div>
   <div class='ocr_carea' id='block_1_58' title="bbox 2190 2870 3748 2948">
    <p class='ocr_par' dir='ltr' id='par_1_58' title="bbox 2190 2870 3748 2948">
     <span class='ocr_line' id='line_1_58' title="bbox 2190 2870 3748 2948; baseline -0.007 -12"><span class='ocrx_word' id='word_1_444' title='bbox 2190 2879 2353 2937; x_wconf 85' lang='grc' dir='ltr'>τοῦτο</span> <span class='ocrx_word' id='word_1_445' title='bbox 2391 2881 2450 2935; x_wconf 84' lang='grc' dir='ltr'>ὲν</span> <span class='ocrx_word' id='word_1_446' title='bbox 2481 2880 2664 2943; x_wconf 79' lang='grc' dir='ltr'>αὐτοῖς</span> <span class='ocrx_word' id='word_1_447' title='bbox 2695 2876 2762 2933; x_wconf 83' lang='grc' dir='ltr'>ἂν</span> <span class='ocrx_word' id='word_1_448' title='bbox 2790 2875 3037 2948; x_wconf 80' lang='grc' dir='ltr'>ταχθείη.</span> <span class='ocrx_word' id='word_1_449' title='bbox 3079 2875 3144 2930; x_wconf 86' lang='lat' dir='ltr'><strong>El</strong></span> <span class='ocrx_word' id='word_1_450' title='bbox 3185 2874 3294 2947; x_wconf 84' lang='grc' dir='ltr'><strong>γὰρ</strong></span> <span class='ocrx_word' id='word_1_451' title='bbox 3332 2874 3407 2946; x_wconf 78' lang='grc' dir='ltr'>μὴ</span> <span class='ocrx_word' id='word_1_452' title='bbox 3450 2874 3586 2946; x_wconf 78' lang='grc' dir='ltr'>περὶ</span> <span class='ocrx_word' id='word_1_453' title='bbox 3621 2870 3748 2925; x_wconf 81' lang='grc' dir='ltr'>λίθου</span> 
     </span>
    </p>
   </div>
   <div class='ocr_carea' id='block_1_59' title="bbox 2188 2963 3746 3044">
    <p class='ocr_par' dir='ltr' id='par_1_59' title="bbox 2188 2963 3746 3044">
     <span class='ocr_line' id='line_1_59' title="bbox 2188 2963 3746 3044; baseline -0.006 -17"><span class='ocrx_word' id='word_1_454' title='bbox 2188 2973 2220 3027; x_wconf 77' lang='grc' dir='ltr'>ὀ</span> <span class='ocrx_word' id='word_1_455' title='bbox 2260 2972 2547 3044; x_wconf 81' lang='grc' dir='ltr'>προφήτης</span> <span class='ocrx_word' id='word_1_456' title='bbox 2585 2967 2910 3040; x_wconf 78' lang='grc' dir='ltr'>ἁναισθήτου</span> <span class='ocrx_word' id='word_1_457' title='bbox 2959 2966 3133 3022; x_wconf 87' lang='grc' dir='ltr'>ταῦτα</span> <span class='ocrx_word' id='word_1_458' title='bbox 3174 2963 3343 3036; x_wconf 73' lang='grc' dir='ltr'>λέγει,</span> <span class='ocrx_word' id='word_1_459' title='bbox 3387 2965 3466 3029; x_wconf 83' lang='grc' dir='ltr'><strong>ὡς</strong></span> <span class='ocrx_word' id='word_1_460' title='bbox 3511 2966 3647 3019; x_wconf 69' lang='grc' dir='ltr'>εἴποι</span> <span class='ocrx_word' id='word_1_461' title='bbox 3677 2980 3746 3025; x_wconf 82' lang='grc' dir='ltr'><strong>τις</strong></span> 
     </span>
    </p>
   </div>
   <div class='ocr_carea' id='block_1_60' title="bbox 2188 3055 3749 3134">
    <p class='ocr_par' dir='ltr' id='par_1_60' title="bbox 2188 3055 3749 3134">
     <span class='ocr_line' id='line_1_60' title="bbox 2188 3055 3749 3134; baseline -0.005 -18"><span class='ocrx_word' id='word_1_462' title='bbox 2188 3061 2255 3117; x_wconf 85' lang='grc' dir='ltr'>ἂν</span> <span class='ocrx_word' id='word_1_463' title='bbox 2304 3061 2510 3134; x_wconf 75' lang='grc' dir='ltr'>ἠλίθιος</span> <span class='ocrx_word' id='word_1_464' title='bbox 2553 3060 2713 3132; x_wconf 77' lang='grc' dir='ltr'>ἀνὴρ,</span> <span class='ocrx_word' id='word_1_465' title='bbox 2743 3057 2899 3131; x_wconf 85' lang='grc' dir='ltr'>δῆλον</span> <span class='ocrx_word' id='word_1_466' title='bbox 2926 3055 2992 3112; x_wconf 78' lang='grc' dir='ltr'>ἂν</span> <span class='ocrx_word' id='word_1_467' title='bbox 3039 3059 3147 3129; x_wconf 84' lang='grc' dir='ltr'>εῐη,</span> <span class='ocrx_word' id='word_1_468' title='bbox 3180 3059 3261 3112; x_wconf 84' lang='grc' dir='ltr'>ὃτι</span> <span class='ocrx_word' id='word_1_469' title='bbox 3306 3060 3336 3111; x_wconf 85' lang='grc' dir='ltr'>ὁ</span> <span class='ocrx_word' id='word_1_470' title='bbox 3377 3057 3749 3127; x_wconf 78' lang='grc' dir='ltr'>ἀποδεδοκιμαο</span> 
     </span>
    </p>
   </div>
   <div class='ocr_carea' id='block_1_61' title="bbox 2190 3147 3746 3225">
    <p class='ocr_par' dir='ltr' id='par_1_61' title="bbox 2190 3147 3746 3225">
     <span class='ocr_line' id='line_1_61' title="bbox 2190 3147 3746 3225; baseline -0.004 -18"><span class='ocrx_word' id='word_1_471' title='bbox 2190 3152 2387 3225; x_wconf 82' lang='grc' dir='ltr'>σμένος</span> <span class='ocrx_word' id='word_1_472' title='bbox 2421 3149 2527 3206; x_wconf 79' lang='grc' dir='ltr'><strong>ὑπὸ</strong></span> <span class='ocrx_word' id='word_1_473' title='bbox 2568 3152 2676 3206; x_wconf 85' lang='grc' dir='ltr'><strong>τῶν</strong></span> <span class='ocrx_word' id='word_1_474' title='bbox 2720 3150 2778 3204; x_wconf 81' lang='grc' dir='ltr'>ὲν</span> <span class='ocrx_word' id='word_1_475' title='bbox 2807 3148 2883 3220; x_wconf 81' lang='grc' dir='ltr'>τῷ</span> <span class='ocrx_word' id='word_1_476' title='bbox 2925 3147 3040 3220; x_wconf 84' lang='grc' dir='ltr'><strong>λαῷ</strong></span> <span class='ocrx_word' id='word_1_477' title='bbox 3069 3148 3261 3219; x_wconf 76' lang='grc' dir='ltr'>ἐκείνῳ</span> <span class='ocrx_word' id='word_1_478' title='bbox 3302 3147 3504 3217; x_wconf 80' lang='grc' dir='ltr'>σοφῶν,</span> <span class='ocrx_word' id='word_1_479' title='bbox 3542 3148 3633 3201; x_wconf 76' lang='grc' dir='ltr'>καὶ</span> <span class='ocrx_word' id='word_1_480' title='bbox 3660 3148 3746 3214; x_wconf 77' lang='grc' dir='ltr'><strong>ἁρ-</strong></span> 
     </span>
    </p>
   </div>
   <div class='ocr_carea' id='block_1_62' title="bbox 2189 3236 3744 3316">
    <p class='ocr_par' dir='ltr' id='par_1_62' title="bbox 2189 3236 3744 3316">
     <span class='ocr_line' id='line_1_62' title="bbox 2189 3236 3744 3316; baseline -0.005 -19"><span class='ocrx_word' id='word_1_481' title='bbox 2189 3242 2438 3316; x_wconf 85' lang='grc' dir='ltr'>χιερέων,</span> <span class='ocrx_word' id='word_1_482' title='bbox 2462 3242 2555 3297; x_wconf 75' lang='grc' dir='ltr'>καὶ</span> <span class='ocrx_word' id='word_1_483' title='bbox 2574 3240 2983 3314; x_wconf 74' lang='grc' dir='ltr'>πρεσϐυτέρων,</span> <span class='ocrx_word' id='word_1_484' title='bbox 3013 3240 3108 3294; x_wconf 71' lang='grc' dir='ltr'>καὶ</span> <span class='ocrx_word' id='word_1_485' title='bbox 3134 3239 3510 3310; x_wconf 86' lang='grc' dir='ltr'>γραμματέων</span> <span class='ocrx_word' id='word_1_486' title='bbox 3541 3236 3744 3311; x_wconf 82' lang='grc' dir='ltr'>Ἰησοῦς,</span> 
     </span>
    </p>
   </div>
   <div class='ocr_carea' id='block_1_63' title="bbox 512 3326 2094 3406">
    <p class='ocr_par' dir='ltr' id='par_1_63' title="bbox 512 3328 2086 3406">
     <span class='ocr_line' id='line_1_63' title="bbox 512 3328 2086 3406; baseline -0.003 -13"><span class='ocrx_word' id='word_1_487' title='bbox 512 3338 855 3404; x_wconf 87' lang='lat' dir='ltr'><strong>senioribus,</strong></span> <span class='ocrx_word' id='word_1_488' title='bbox 911 3354 977 3394; x_wconf 88' lang='lat' dir='ltr'><strong>ac</strong></span> <span class='ocrx_word' id='word_1_489' title='bbox 1017 3340 1217 3394; x_wconf 86' lang='lat' dir='ltr'><strong>scribis</strong></span> <span class='ocrx_word' id='word_1_490' title='bbox 1257 3338 1477 3398; x_wconf 67' lang='lat' dir='ltr'><strong>desum.</strong></span> <span class='ocrx_word' id='word_1_491' title='bbox 1536 3347 1792 3406; x_wconf 83' lang='lat' dir='ltr'><strong>tanquam</strong></span> <span class='ocrx_word' id='word_1_492' title='bbox 1832 3328 2086 3391; x_wconf 68' lang='lat' dir='ltr'><strong>Ecclesia:</strong></span> 
     </span>
    </p>
   </div>
   <div class='ocr_carea' id='block_1_64' title="bbox 2195 3326 3745 3406">
    <p class='ocr_par' dir='ltr' id='par_1_64' title="bbox 2195 3326 3745 3405">
     <span class='ocr_line' id='line_1_64' title="bbox 2195 3326 3745 3405; baseline -0.006 -18"><span class='ocrx_word' id='word_1_493' title='bbox 2195 3326 2343 3398; x_wconf 68' lang='grc' dir='ltr'>οὗτος</span> <span class='ocrx_word' id='word_1_494' title='bbox 2374 3332 2590 3405; x_wconf 81' lang='grc' dir='ltr'>ἀληθῶς</span> <span class='ocrx_word' id='word_1_495' title='bbox 2622 3332 2841 3401; x_wconf 73' lang='grc' dir='ltr'>ἐγένετο</span> <span class='ocrx_word' id='word_1_496' title='bbox 2866 3331 2942 3395; x_wconf 82' lang='grc' dir='ltr'>ὡς</span> <span class='ocrx_word' id='word_1_497' title='bbox 2968 3329 3175 3401; x_wconf 86' lang='grc' dir='ltr'>κεφαλὴ</span> <span class='ocrx_word' id='word_1_498' title='bbox 3220 3326 3550 3400; x_wconf 83' lang='grc' dir='ltr'>Ἐκκλησίας</span> <span class='ocrx_word' id='word_1_499' title='bbox 3572 3330 3647 3391; x_wconf 79' lang='grc' dir='ltr'><strong>είς</strong></span> <span class='ocrx_word' id='word_1_500' title='bbox 3669 3342 3745 3378; x_wconf 82' lang='grc' dir='ltr'>κε-</span> 
     </span>
    </p>
   </div>
   <div class='ocr_carea' id='block_1_65' title="bbox 512 3426 2085 3500">
    <p class='ocr_par' dir='ltr' id='par_1_65' title="bbox 512 3426 2085 3500">
     <span class='ocr_line' id='line_1_65' title="bbox 512 3426 2085 3500; baseline -0.001 -19"><span class='ocrx_word' id='word_1_501' title='bbox 512 3436 677 3497; x_wconf 82' lang='lat' dir='ltr'><strong>caput</strong></span> <span class='ocrx_word' id='word_1_502' title='bbox 712 3429 765 3483; x_wconf 89' lang='lat' dir='ltr'><strong>in</strong></span> <span class='ocrx_word' id='word_1_503' title='bbox 816 3438 980 3498; x_wconf 89' lang='lat' dir='ltr'><strong>caput</strong></span> <span class='ocrx_word' id='word_1_504' title='bbox 1024 3430 1207 3500; x_wconf 78' lang='lat' dir='ltr'><strong>anguli</strong></span> <span class='ocrx_word' id='word_1_505' title='bbox 1236 3445 1420 3484; x_wconf 81' lang='lat' dir='ltr'><strong>revera</strong></span> <span class='ocrx_word' id='word_1_506' title='bbox 1457 3429 1659 3484; x_wconf 81' lang='lat' dir='ltr'><strong>factum</strong></span> <span class='ocrx_word' id='word_1_507' title='bbox 1707 3442 1862 3491; x_wconf 87' lang='lat' dir='ltr'><strong>esse,</strong></span> <span class='ocrx_word' id='word_1_508' title='bbox 1891 3426 2085 3481; x_wconf 80' lang='lat' dir='ltr'><strong>Testa-</strong></span> 
     </span>
    </p>
   </div>
   <div class='ocr_carea' id='block_1_66' title="bbox 512 3521 2084 3588">
    <p class='ocr_par' dir='ltr' id='par_1_66' title="bbox 512 3521 2084 3588">
     <span class='ocr_line' id='line_1_66' title="bbox 512 3521 2084 3588; baseline 0 -12"><span class='ocrx_word' id='word_1_509' title='bbox 512 3529 695 3576; x_wconf 86' lang='lat' dir='ltr'><strong>menta</strong></span> <span class='ocrx_word' id='word_1_510' title='bbox 729 3521 838 3576; x_wconf 89' lang='lat' dir='ltr'><strong>duo</strong></span> <span class='ocrx_word' id='word_1_511' title='bbox 872 3522 1227 3586; x_wconf 86' lang='lat' dir='ltr'><strong>adunantem,</strong></span> <span class='ocrx_word' id='word_1_512' title='bbox 1262 3532 1316 3576; x_wconf 89' lang='lat' dir='ltr'><strong>et</strong></span> <span class='ocrx_word' id='word_1_513' title='bbox 1343 3521 1397 3575; x_wconf 93' lang='lat' dir='ltr'><strong>in</strong></span> <span class='ocrx_word' id='word_1_514' title='bbox 1431 3536 1600 3575; x_wconf 90' lang='lat' dir='ltr'><strong>unum</strong></span> <span class='ocrx_word' id='word_1_515' title='bbox 1648 3532 2084 3588; x_wconf 90' lang='lat' dir='ltr'><strong>componentem.</strong></span> 
     </span>
    </p>
   </div>
   <div class='ocr_carea' id='block_1_67' title="bbox 511 3611 2087 3684">
    <p class='ocr_par' dir='ltr' id='par_1_67' title="bbox 511 3611 2087 3684">
     <span class='ocr_line' id='line_1_67' title="bbox 511 3611 2087 3684; baseline 0.002 -19"><span class='ocrx_word' id='word_1_516' title='bbox 511 3611 578 3665; x_wconf 86' lang='lat' dir='ltr'><strong>Et</strong></span> <span class='ocrx_word' id='word_1_517' title='bbox 602 3612 707 3667; x_wconf 89' lang='lat' dir='ltr'><strong>hoc</strong></span> <span class='ocrx_word' id='word_1_518' title='bbox 744 3620 830 3669; x_wconf 91' lang='lat' dir='ltr'><strong>est</strong></span> <span class='ocrx_word' id='word_1_519' title='bbox 862 3624 1045 3684; x_wconf 89' lang='lat' dir='ltr'><strong>caput,</strong></span> <span class='ocrx_word' id='word_1_520' title='bbox 1082 3614 1287 3668; x_wconf 86' lang='lat' dir='ltr'><strong>donum</strong></span> <span class='ocrx_word' id='word_1_521' title='bbox 1321 3629 1350 3667; x_wconf 92' lang='lat' dir='ltr'><strong>a</strong></span> <span class='ocrx_word' id='word_1_522' title='bbox 1387 3612 1495 3668; x_wconf 91' lang='lat' dir='ltr'><strong>Deo</strong></span> <span class='ocrx_word' id='word_1_523' title='bbox 1524 3613 1620 3668; x_wconf 90' lang='lat' dir='ltr'><strong>toti</strong></span> <span class='ocrx_word' id='word_1_524' title='bbox 1663 3611 1891 3667; x_wconf 67' lang='lat' dir='ltr'><strong>aediﬁcio</strong></span> <span class='ocrx_word' id='word_1_525' title='bbox 1916 3612 2087 3668; x_wconf 90' lang='lat' dir='ltr'><strong>dona-</strong></span> 
     </span>
    </p>
   </div>
   <div class='ocr_carea' id='block_1_68' title="bbox 513 3703 2086 3775">
    <p class='ocr_par' dir='ltr' id='par_1_68' title="bbox 513 3703 2086 3775">
     <span class='ocr_line' id='line_1_68' title="bbox 513 3703 2086 3775; baseline 0.001 -18"><span class='ocrx_word' id='word_1_526' title='bbox 513 3710 626 3757; x_wconf 90' lang='lat' dir='ltr'><strong>tum</strong></span> <span class='ocrx_word' id='word_1_527' title='bbox 654 3746 668 3766; x_wconf 85' lang='lat'><strong>,</strong></span> <span class='ocrx_word' id='word_1_528' title='bbox 705 3714 756 3759; x_wconf 85' lang='lat' dir='ltr'><strong>et</strong></span> <span class='ocrx_word' id='word_1_529' title='bbox 790 3706 1039 3759; x_wconf 88' lang='lat' dir='ltr'><strong>mirabile</strong></span> <span class='ocrx_word' id='word_1_530' title='bbox 1076 3705 1295 3775; x_wconf 88' lang='lat' dir='ltr'><strong>quidem</strong></span> <span class='ocrx_word' id='word_1_531' title='bbox 1345 3714 1510 3774; x_wconf 87' lang='lat' dir='ltr'><strong>caput</strong></span> <span class='ocrx_word' id='word_1_532' title='bbox 1542 3705 1596 3760; x_wconf 94' lang='lat' dir='ltr'><strong>in</strong></span> <span class='ocrx_word' id='word_1_533' title='bbox 1639 3704 1815 3773; x_wconf 66' lang='lat' dir='ltr'><strong>oculis</strong></span> <span class='ocrx_word' id='word_1_534' title='bbox 1860 3703 2086 3768; x_wconf 88' lang='lat' dir='ltr'><strong>nostris,</strong></span> 
     </span>
    </p>
   </div>
   <div class='ocr_carea' id='block_1_69' title="bbox 509 3792 2084 3864">
    <p class='ocr_par' dir='ltr' id='par_1_69' title="bbox 509 3792 2084 3864">
     <span class='ocr_line' id='line_1_69' title="bbox 509 3792 2084 3864; baseline 0.001 -19"><span class='ocrx_word' id='word_1_535' title='bbox 509 3793 602 3862; x_wconf 90' lang='lat' dir='ltr'><strong>qui</strong></span> <span class='ocrx_word' id='word_1_536' title='bbox 636 3792 811 3859; x_wconf 89' lang='lat' dir='ltr'><strong>ipsum</strong></span> <span class='ocrx_word' id='word_1_537' title='bbox 864 3793 1063 3849; x_wconf 88' lang='lat' dir='ltr'><strong>intueri</strong></span> <span class='ocrx_word' id='word_1_538' title='bbox 1115 3809 1447 3864; x_wconf 86' lang='lat' dir='ltr'><strong>possumus;</strong></span> <span class='ocrx_word' id='word_1_539' title='bbox 1493 3809 1558 3851; x_wconf 87' lang='lat' dir='ltr'><strong>ac</strong></span> <span class='ocrx_word' id='word_1_540' title='bbox 1604 3803 1888 3864; x_wconf 87' lang='lat' dir='ltr'><strong>propterea</strong></span> <span class='ocrx_word' id='word_1_541' title='bbox 1934 3803 2084 3863; x_wconf 82' lang='lat' dir='ltr'><strong>post—</strong></span> 
     </span>
    </p>
   </div>
   <div class='ocr_carea' id='block_1_70' title="bbox 509 3885 2087 3956">
    <p class='ocr_par' dir='ltr' id='par_1_70' title="bbox 509 3885 2087 3956">
     <span class='ocr_line' id='line_1_70' title="bbox 509 3885 2087 3956; baseline 0.002 -19"><span class='ocrx_word' id='word_1_542' title='bbox 509 3899 671 3953; x_wconf 88' lang='lat' dir='ltr'><strong>quam</strong></span> <span class='ocrx_word' id='word_1_543' title='bbox 701 3886 933 3955; x_wconf 89' lang='lat' dir='ltr'><strong>lapidem</strong></span> <span class='ocrx_word' id='word_1_544' title='bbox 959 3885 1106 3940; x_wconf 89' lang='lat' dir='ltr'><strong>hune</strong></span> <span class='ocrx_word' id='word_1_545' title='bbox 1142 3886 1572 3956; x_wconf 88' lang='lat' dir='ltr'><strong>reprobaverunt</strong></span> <span class='ocrx_word' id='word_1_546' title='bbox 1618 3886 1983 3951; x_wconf 69' lang='lat' dir='ltr'><strong>aedificantes,</strong></span> <span class='ocrx_word' id='word_1_547' title='bbox 2018 3886 2087 3940; x_wconf 88' lang='lat' dir='ltr'><strong>ab</strong></span> 
     </span>
    </p>
   </div>
   <div class='ocr_carea' id='block_1_71' title="bbox 508 3973 2086 4045">
    <p class='ocr_par' dir='ltr' id='par_1_71' title="bbox 508 3973 2086 4045">
     <span class='ocr_line' id='line_1_71' title="bbox 508 3973 2086 4045; baseline 0 -17"><span class='ocrx_word' id='word_1_548' title='bbox 508 3973 577 4029; x_wconf 88' lang='lat' dir='ltr'><strong>iis</strong></span> <span class='ocrx_word' id='word_1_549' title='bbox 602 3976 858 4045; x_wconf 75' lang='lat' dir='ltr'><strong>agricolis</strong></span> <span class='ocrx_word' id='word_1_550' title='bbox 885 3984 937 4033; x_wconf 92' lang='lat' dir='ltr'><strong>et</strong></span> <span class='ocrx_word' id='word_1_551' title='bbox 962 3975 1387 4032; x_wconf 79' lang='lat' dir='ltr'><strong>:ediﬁcatoribus</strong></span> <span class='ocrx_word' id='word_1_552' title='bbox 1422 3977 1572 4031; x_wconf 90' lang='lat' dir='ltr'><strong>hisce</strong></span> <span class='ocrx_word' id='word_1_553' title='bbox 1602 3976 1783 4030; x_wconf 89' lang='lat' dir='ltr'><strong>ablata</strong></span> <span class='ocrx_word' id='word_1_554' title='bbox 1812 3984 1940 4030; x_wconf 87' lang='lat' dir='ltr'><strong>sunt</strong></span> <span class='ocrx_word' id='word_1_555' title='bbox 1970 3974 2086 4030; x_wconf 53' lang='lat' dir='ltr'><strong>elo.</strong></span> 
     </span>
    </p>
   </div>
   <div class='ocr_carea' id='block_1_72' title="bbox 2194 3419 3742 3496">
    <p class='ocr_par' dir='ltr' id='par_1_72' title="bbox 2194 3419 3742 3496">
     <span class='ocr_line' id='line_1_72' title="bbox 2194 3419 3742 3496; baseline -0.004 -18"><span class='ocrx_word' id='word_1_556' title='bbox 2194 3424 2367 3496; x_wconf 83' lang='grc' dir='ltr'>φαλὴν</span> <span class='ocrx_word' id='word_1_557' title='bbox 2398 3423 2619 3492; x_wconf 86' lang='grc' dir='ltr'>γωνίας,</span> <span class='ocrx_word' id='word_1_558' title='bbox 2650 3422 2786 3477; x_wconf 72' lang='grc' dir='ltr'>ἑνῶν</span> <span class='ocrx_word' id='word_1_559' title='bbox 2832 3423 2925 3476; x_wconf 82' lang='grc' dir='ltr'>καὶ</span> <span class='ocrx_word' id='word_1_560' title='bbox 2969 3422 3063 3476; x_wconf 73' lang='grc' dir='ltr'><strong>ἐπὶ</strong></span> <span class='ocrx_word' id='word_1_561' title='bbox 3094 3422 3156 3474; x_wconf 84' lang='grc' dir='ltr'>τὸ</span> <span class='ocrx_word' id='word_1_562' title='bbox 3201 3420 3333 3475; x_wconf 80' lang='grc' dir='ltr'>αὐτὸ</span> <span class='ocrx_word' id='word_1_563' title='bbox 3366 3419 3619 3489; x_wconf 82' lang='grc' dir='ltr'>συνάγων</span> <span class='ocrx_word' id='word_1_564' title='bbox 3659 3419 3742 3481; x_wconf 73' lang='grc' dir='ltr'>τὰς</span> 
     </span>
    </p>
   </div>
   <div class='ocr_carea' id='block_1_73' title="bbox 2192 3510 3740 3587">
    <p class='ocr_par' dir='ltr' id='par_1_73' title="bbox 2192 3510 3740 3587">
     <span class='ocr_line' id='line_1_73' title="bbox 2192 3510 3740 3587; baseline -0.005 -17"><span class='ocrx_word' id='word_1_565' title='bbox 2192 3515 2285 3570; x_wconf 85' lang='grc' dir='ltr'>δύο</span> <span class='ocrx_word' id='word_1_566' title='bbox 2333 3515 2629 3587; x_wconf 86' lang='grc' dir='ltr'>Διαθήκας.</span> <span class='ocrx_word' id='word_1_567' title='bbox 2682 3514 2793 3567; x_wconf 73' lang='grc' dir='ltr'><strong>Καὶ</strong></span> <span class='ocrx_word' id='word_1_568' title='bbox 2845 3511 2993 3566; x_wconf 77' lang='grc' dir='ltr'>ἐστιν</span> <span class='ocrx_word' id='word_1_569' title='bbox 3030 3510 3171 3581; x_wconf 84' lang='grc' dir='ltr'>αῦτη</span> <span class='ocrx_word' id='word_1_570' title='bbox 3226 3513 3260 3582; x_wconf 74' lang='grc' dir='ltr'>ἡ</span> <span class='ocrx_word' id='word_1_571' title='bbox 3305 3511 3537 3583; x_wconf 78' lang='grc' dir='ltr'>κεφαλὴ,</span> <span class='ocrx_word' id='word_1_572' title='bbox 3591 3510 3740 3580; x_wconf 73' lang='grc' dir='ltr'>δῶρον</span> 
     </span>
    </p>
   </div>
   <div class='ocr_carea' id='block_1_74' title="bbox 2156 3599 3741 3680">
    <p class='ocr_par' dir='ltr' id='par_1_74' title="bbox 2156 3599 3741 3680">
     <span class='ocr_line' id='line_1_74' title="bbox 2156 3599 3741 3680; baseline -0.006 -18"><span class='ocrx_word' id='word_1_573' title='bbox 2384 3606 2587 3676; x_wconf 84' lang='grc' dir='ltr'>Κυρίου</span> <span class='ocrx_word' id='word_1_574' title='bbox 2629 3607 2695 3676; x_wconf 76' lang='grc' dir='ltr'>τῇ</span> <span class='ocrx_word' id='word_1_575' title='bbox 2739 3605 2835 3676; x_wconf 79' lang='grc' dir='ltr'><strong>ὅλῃ</strong></span> <span class='ocrx_word' id='word_1_576' title='bbox 2866 3603 3120 3674; x_wconf 77' lang='grc' dir='ltr'>οἰκοδομῇ</span> <span class='ocrx_word' id='word_1_577' title='bbox 3168 3602 3445 3673; x_wconf 83' lang='grc' dir='ltr'>δεδομένη,</span> <span class='ocrx_word' id='word_1_578' title='bbox 3488 3602 3590 3656; x_wconf 79' lang='grc' dir='ltr'>καὶ</span> <span class='ocrx_word' id='word_1_579' title='bbox 3630 3599 3741 3656; x_wconf 79' lang='grc' dir='ltr'>θαυ-</span> 
     </span>
    </p>
   </div>
   <div class='ocr_carea' id='block_1_75' title="bbox 2195 3691 3739 3769">
    <p class='ocr_par' dir='ltr' id='par_1_75' title="bbox 2195 3691 3739 3769">
     <span class='ocr_line' id='line_1_75' title="bbox 2195 3691 3739 3769; baseline -0.005 -18"><span class='ocrx_word' id='word_1_580' title='bbox 2195 3698 2374 3769; x_wconf 82' lang='grc' dir='ltr'>μαστὴ</span> <span class='ocrx_word' id='word_1_581' title='bbox 2400 3696 2609 3768; x_wconf 82' lang='grc' dir='ltr'>κεφαλὴ</span> <span class='ocrx_word' id='word_1_582' title='bbox 2635 3695 2693 3748; x_wconf 86' lang='grc' dir='ltr'>ἐν</span> <span class='ocrx_word' id='word_1_583' title='bbox 2724 3694 3021 3766; x_wconf 81' lang='grc' dir='ltr'>ὀφθαλμοῖς</span> <span class='ocrx_word' id='word_1_584' title='bbox 3047 3694 3225 3766; x_wconf 79' lang='grc' dir='ltr'>ἡμῶν,</span> <span class='ocrx_word' id='word_1_585' title='bbox 3255 3693 3569 3764; x_wconf 86' lang='grc' dir='ltr'>δυναμένων</span> <span class='ocrx_word' id='word_1_586' title='bbox 3592 3691 3739 3761; x_wconf 71' lang='grc' dir='ltr'>αὐτὴν</span> 
     </span>
    </p>
   </div>
   <div class='ocr_carea' id='block_1_76' title="bbox 2193 3782 3735 3859">
    <p class='ocr_par' dir='ltr' id='par_1_76' title="bbox 2193 3782 3735 3859">
     <span class='ocr_line' id='line_1_76' title="bbox 2193 3782 3735 3859; baseline -0.003 -18"><span class='ocrx_word' id='word_1_587' title='bbox 2193 3787 2432 3859; x_wconf 85' lang='grc' dir='ltr'>βλέπειν,</span> <span class='ocrx_word' id='word_1_588' title='bbox 2467 3787 2562 3840; x_wconf 73' lang='grc' dir='ltr'>καὶ</span> <span class='ocrx_word' id='word_1_589' title='bbox 2599 3785 2686 3840; x_wconf 84' lang='grc' dir='ltr'><strong>διὰ</strong></span> <span class='ocrx_word' id='word_1_590' title='bbox 2717 3784 2897 3849; x_wconf 87' lang='grc' dir='ltr'>τοῦτο,</span> <span class='ocrx_word' id='word_1_591' title='bbox 2931 3785 3053 3838; x_wconf 77' lang='grc' dir='ltr'>ἐπεὶ</span> <span class='ocrx_word' id='word_1_592' title='bbox 3090 3782 3498 3854; x_wconf 83' lang='grc' dir='ltr'>ἀπεδοκίμασαν</span> <span class='ocrx_word' id='word_1_593' title='bbox 3536 3783 3586 3837; x_wconf 77' lang='lat' dir='ltr'><strong>oi</strong></span> <span class='ocrx_word' id='word_1_594' title='bbox 3613 3782 3735 3836; x_wconf 76' lang='grc' dir='ltr'>οἰκο-</span> 
     </span>
    </p>
   </div>
   <div class='ocr_carea' id='block_1_77' title="bbox 2189 3875 3736 3948">
    <p class='ocr_par' dir='ltr' id='par_1_77' title="bbox 2189 3875 3736 3948">
     <span class='ocr_line' id='line_1_77' title="bbox 2189 3875 3736 3948; baseline -0.002 -18"><span class='ocrx_word' id='word_1_595' title='bbox 2189 3876 2475 3948; x_wconf 88' lang='grc' dir='ltr'>δομοῦντες</span> <span class='ocrx_word' id='word_1_596' title='bbox 2499 3876 2686 3931; x_wconf 87' lang='grc' dir='ltr'>τοῦτον</span> <span class='ocrx_word' id='word_1_597' title='bbox 2711 3875 2801 3929; x_wconf 87' lang='grc' dir='ltr'><strong>τδν</strong></span> <span class='ocrx_word' id='word_1_598' title='bbox 2828 3875 2993 3940; x_wconf 91' lang='grc' dir='ltr'>λίθον,</span> <span class='ocrx_word' id='word_1_599' title='bbox 3023 3875 3166 3948; x_wconf 71' lang='grc' dir='ltr'>ἤρθη</span> <span class='ocrx_word' id='word_1_600' title='bbox 3196 3876 3291 3946; x_wconf 82' lang='grc' dir='ltr'>μὲν</span> <span class='ocrx_word' id='word_1_601' title='bbox 3319 3877 3426 3930; x_wconf 74' lang='grc' dir='ltr'><strong>ἀπὸ</strong></span> <span class='ocrx_word' id='word_1_602' title='bbox 3452 3875 3565 3931; x_wconf 91' lang='grc' dir='ltr'><strong>τῶν</strong></span> <span class='ocrx_word' id='word_1_603' title='bbox 3592 3889 3736 3944; x_wconf 69' lang='grc' dir='ltr'>γεωρ-</span> 
     </span>
    </p>
   </div>
   <div class='ocr_carea' id='block_1_78' title="bbox 2186 3965 3735 4037">
    <p class='ocr_par' dir='ltr' id='par_1_78' title="bbox 2186 3965 3735 4037">
     <span class='ocr_line' id='line_1_78' title="bbox 2186 3965 3735 4037; baseline -0.003 -15"><span class='ocrx_word' id='word_1_604' title='bbox 2186 3968 2298 4037; x_wconf 89' lang='grc' dir='ltr'><strong>γῶν</strong></span> <span class='ocrx_word' id='word_1_605' title='bbox 2331 3968 2572 4033; x_wconf 82' lang='grc' dir='ltr'>ὲκείνων,</span> <span class='ocrx_word' id='word_1_606' title='bbox 2609 3966 2705 4020; x_wconf 70' lang='grc' dir='ltr'>καὶ</span> <span class='ocrx_word' id='word_1_607' title='bbox 2732 3965 2843 4020; x_wconf 88' lang='grc' dir='ltr'><strong>τῶν</strong></span> <span class='ocrx_word' id='word_1_608' title='bbox 2883 3966 3179 4037; x_wconf 84' lang='grc' dir='ltr'>οἰκοδόμων</span> <span class='ocrx_word' id='word_1_609' title='bbox 3226 3966 3449 4019; x_wconf 77' lang='grc' dir='ltr'>ἐκείνων</span> <span class='ocrx_word' id='word_1_610' title='bbox 3488 3966 3559 4018; x_wconf 83' lang='grc' dir='ltr'>τὰ</span> <span class='ocrx_word' id='word_1_611' title='bbox 3601 3965 3735 4032; x_wconf 76' lang='grc' dir='ltr'>λόγια</span> 
     </span>
    </p>
   </div>
   <div class='ocr_carea' id='block_1_79' title="bbox 509 4049 2094 4137">
    <p class='ocr_par' dir='ltr' id='par_1_79' title="bbox 509 4064 2082 4137">
     <span class='ocr_line' id='line_1_79' title="bbox 509 4064 2082 4137; baseline 0.001 -21"><span class='ocrx_word' id='word_1_612' title='bbox 509 4064 636 4132; x_wconf 91' lang='lat' dir='ltr'><strong>quia</strong></span> <span class='ocrx_word' id='word_1_613' title='bbox 679 4064 769 4119; x_wconf 78' lang='lat' dir='ltr'><strong>Dei</strong></span> <span class='ocrx_word' id='word_1_614' title='bbox 790 4106 805 4131; x_wconf 91' lang='lat'><strong>,</strong></span> <span class='ocrx_word' id='word_1_615' title='bbox 839 4066 981 4121; x_wconf 89' lang='lat' dir='ltr'><strong>inter</strong></span> <span class='ocrx_word' id='word_1_616' title='bbox 1008 4082 1131 4135; x_wconf 67' lang='lat' dir='ltr'><strong>quae</strong></span> <span class='ocrx_word' id='word_1_617' title='bbox 1158 4075 1276 4121; x_wconf 89' lang='lat' dir='ltr'><strong>erat</strong></span> <span class='ocrx_word' id='word_1_618' title='bbox 1305 4064 1397 4119; x_wconf 89' lang='lat' dir='ltr'><strong>Dei</strong></span> <span class='ocrx_word' id='word_1_619' title='bbox 1426 4080 1688 4136; x_wconf 85' lang='lat' dir='ltr'><strong>regnum;</strong></span> <span class='ocrx_word' id='word_1_620' title='bbox 1732 4064 1874 4137; x_wconf 88' lang='lat' dir='ltr'><strong>genti</strong></span> <span class='ocrx_word' id='word_1_621' title='bbox 1902 4076 2082 4119; x_wconf 80' lang='lat' dir='ltr'><strong>autem</strong></span> 
     </span>
    </p>
   </div>
   <div class='ocr_carea' id='block_1_80' title="bbox 2195 4049 3735 4137">
    <p class='ocr_par' dir='ltr' id='par_1_80' title="bbox 2195 4049 3735 4126">
     <span class='ocr_line' id='line_1_80' title="bbox 2195 4049 3735 4126; baseline -0.002 -17"><span class='ocrx_word' id='word_1_622' title='bbox 2195 4056 2278 4110; x_wconf 79' lang='grc' dir='ltr'><strong>τοῦ</strong></span> <span class='ocrx_word' id='word_1_623' title='bbox 2316 4056 2471 4120; x_wconf 84' lang='grc' dir='ltr'>Θεοῦ,</span> <span class='ocrx_word' id='word_1_624' title='bbox 2512 4058 2569 4109; x_wconf 83' lang='grc' dir='ltr'>ὲν</span> <span class='ocrx_word' id='word_1_625' title='bbox 2608 4049 2691 4119; x_wconf 74' lang='grc' dir='ltr'><strong>οἷς</strong></span> <span class='ocrx_word' id='word_1_626' title='bbox 2724 4050 2792 4125; x_wconf 77' lang='grc' dir='ltr'>ἦν</span> <span class='ocrx_word' id='word_1_627' title='bbox 2823 4056 2858 4126; x_wconf 85' lang='grc' dir='ltr'>ὴ</span> <span class='ocrx_word' id='word_1_628' title='bbox 2892 4052 3137 4125; x_wconf 81' lang='grc' dir='ltr'>βασιλεία</span> <span class='ocrx_word' id='word_1_629' title='bbox 3180 4054 3273 4109; x_wconf 88' lang='grc' dir='ltr'><strong>τοῦ</strong></span> <span class='ocrx_word' id='word_1_630' title='bbox 3309 4053 3443 4107; x_wconf 84' lang='grc' dir='ltr'>Θεοῦ</span> <span class='ocrx_word' id='word_1_631' title='bbox 3463 4071 3478 4084; x_wconf 91' lang='grc'><strong>·</strong></span> <span class='ocrx_word' id='word_1_632' title='bbox 3512 4054 3663 4125; x_wconf 76' lang='grc' dir='ltr'>ἐδόθη</span> <span class='ocrx_word' id='word_1_633' title='bbox 3686 4052 3735 4107; x_wconf 67' lang='grc' dir='ltr'>δὲ</span> 
     </span>
    </p>
   </div>
   <div class='ocr_carea' id='block_1_81' title="bbox 508 4144 2094 4224">
    <p class='ocr_par' dir='ltr' id='par_1_81' title="bbox 508 4154 2081 4224">
     <span class='ocr_line' id='line_1_81' title="bbox 508 4154 2081 4224; baseline 0 -15"><span class='ocrx_word' id='word_1_634' title='bbox 508 4155 629 4224; x_wconf 83' lang='lat' dir='ltr'><strong>ejus</strong></span> <span class='ocrx_word' id='word_1_635' title='bbox 672 4155 884 4212; x_wconf 88' lang='lat' dir='ltr'><strong>fructus</strong></span> <span class='ocrx_word' id='word_1_636' title='bbox 930 4156 1154 4212; x_wconf 78' lang='lat' dir='ltr'><strong>facienti</strong></span> <span class='ocrx_word' id='word_1_637' title='bbox 1213 4157 1399 4211; x_wconf 90' lang='lat' dir='ltr'><strong>datum</strong></span> <span class='ocrx_word' id='word_1_638' title='bbox 1452 4164 1556 4211; x_wconf 89' lang='lat' dir='ltr'><strong>est.</strong></span> <span class='ocrx_word' id='word_1_639' title='bbox 1599 4154 1755 4221; x_wconf 85' lang='lat' dir='ltr'><strong>Quod</strong></span> <span class='ocrx_word' id='word_1_640' title='bbox 1800 4155 1846 4210; x_wconf 90' lang='lat' dir='ltr'><strong>si</strong></span> <span class='ocrx_word' id='word_1_641' title='bbox 1889 4170 2081 4211; x_wconf 83' lang='lat' dir='ltr'><strong>verum</strong></span> 
     </span>
    </p>
   </div>
   <div class='ocr_carea' id='block_1_82' title="bbox 2195 4144 3729 4224">
    <p class='ocr_par' dir='ltr' id='par_1_82' title="bbox 2195 4144 3729 4219">
     <span class='ocr_line' id='line_1_82' title="bbox 2195 4144 3729 4219; baseline -0.003 -17"><span class='ocrx_word' id='word_1_642' title='bbox 2195 4148 2327 4203; x_wconf 71' lang='grc' dir='ltr'>ἔθνει</span> <span class='ocrx_word' id='word_1_643' title='bbox 2358 4148 2597 4202; x_wconf 79' lang='grc' dir='ltr'>ποιοῦντι</span> <span class='ocrx_word' id='word_1_644' title='bbox 2625 4150 2751 4213; x_wconf 81' lang='grc' dir='ltr'>τοὺς</span> <span class='ocrx_word' id='word_1_645' title='bbox 2776 4148 3022 4219; x_wconf 78' lang='grc' dir='ltr'>καρποὺς</span> <span class='ocrx_word' id='word_1_646' title='bbox 3046 4146 3237 4216; x_wconf 79' lang='grc' dir='ltr'>αὐτῆς.</span> <span class='ocrx_word' id='word_1_647' title='bbox 3273 4147 3337 4199; x_wconf 71' lang='lat' dir='ltr'><strong>Et</strong></span> <span class='ocrx_word' id='word_1_648' title='bbox 3362 4146 3420 4200; x_wconf 76' lang='grc' dir='ltr'>δὲ</span> <span class='ocrx_word' id='word_1_649' title='bbox 3446 4146 3641 4217; x_wconf 81' lang='grc' dir='ltr'>ἀληθὲς</span> <span class='ocrx_word' id='word_1_650' title='bbox 3663 4144 3729 4197; x_wconf 73' lang='grc' dir='ltr'><strong>τόι</strong></span> 
     </span>
    </p>
   </div>
   <div class='ocr_carea' id='block_1_83' title="bbox 507 4237 2094 4318">
    <p class='ocr_par' dir='ltr' id='par_1_83' title="bbox 507 4244 2075 4318">
     <span class='ocr_line' id='line_1_83' title="bbox 507 4244 2075 4318; baseline -0.003 -17"><span class='ocrx_word' id='word_1_651' title='bbox 507 4244 637 4302; x_wconf 86' lang='lat' dir='ltr'><strong>illud</strong></span> <span class='ocrx_word' id='word_1_652' title='bbox 671 4256 754 4303; x_wconf 89' lang='lat' dir='ltr'><strong>cst</strong></span> <span class='ocrx_word' id='word_1_653' title='bbox 778 4248 817 4280; x_wconf 82' lang='grc'>¹¹</span> <span class='ocrx_word' id='word_1_654' title='bbox 848 4267 862 4303; x_wconf 92' lang='lat'><strong>:</strong></span> <span class='ocrx_word' id='word_1_655' title='bbox 905 4265 924 4299; x_wconf 79' lang='grc' dir='ltr'><strong>ι</strong></span> <span class='ocrx_word' id='word_1_656' title='bbox 960 4248 1187 4303; x_wconf 88' lang='lat' dir='ltr'><strong>Dabitur</strong></span> <span class='ocrx_word' id='word_1_657' title='bbox 1211 4247 1354 4318; x_wconf 83' lang='lat' dir='ltr'><strong>genti</strong></span> <span class='ocrx_word' id='word_1_658' title='bbox 1388 4246 1605 4302; x_wconf 85' lang='lat' dir='ltr'><strong>facienti</strong></span> <span class='ocrx_word' id='word_1_659' title='bbox 1636 4245 1849 4300; x_wconf 85' lang='lat' dir='ltr'><strong>fructus</strong></span> <span class='ocrx_word' id='word_1_660' title='bbox 1880 4245 2021 4315; x_wconf 84' lang='lat' dir='ltr'><strong>ejus,</strong></span> <span class='ocrx_word' id='word_1_661' title='bbox 2056 4264 2075 4297; x_wconf 72' lang='grc' dir='ltr'><strong>ι</strong></span> 
     </span>
    </p>
   </div>
   <div class='ocr_carea' id='block_1_84' title="bbox 2195 4237 3728 4318">
    <p class='ocr_par' dir='ltr' id='par_1_84' title="bbox 2195 4237 3728 4309">
     <span class='ocr_line' id='line_1_84' title="bbox 2195 4237 3728 4309; baseline -0.004 -17"><span class='ocrx_word' id='word_1_662' title='bbox 2195 4258 2208 4292; x_wconf 83' lang='grc' dir='ltr'><strong>ι</strong></span> <span class='ocrx_word' id='word_1_663' title='bbox 2244 4240 2539 4305; x_wconf 81' lang='grc' dir='ltr'>Δοθήσεται</span> <span class='ocrx_word' id='word_1_664' title='bbox 2576 4238 2719 4294; x_wconf 74' lang='grc' dir='ltr'>ἔθνει</span> <span class='ocrx_word' id='word_1_665' title='bbox 2761 4238 3004 4293; x_wconf 83' lang='grc' dir='ltr'>ποιοῦντι</span> <span class='ocrx_word' id='word_1_666' title='bbox 3050 4238 3178 4301; x_wconf 80' lang='grc' dir='ltr'>τοὺς</span> <span class='ocrx_word' id='word_1_667' title='bbox 3221 4239 3469 4309; x_wconf 80' lang='grc' dir='ltr'>καρποὺς</span> <span class='ocrx_word' id='word_1_668' title='bbox 3497 4237 3678 4309; x_wconf 73' lang='grc' dir='ltr'>αὐτῆς,</span> <span class='ocrx_word' id='word_1_669' title='bbox 3711 4253 3728 4286; x_wconf 74' lang='grc' dir='ltr'><strong>ι</strong></span> 
     </span>
    </p>
   </div>
   <div class='ocr_carea' id='block_1_85' title="bbox 1702 4373 2548 4434">
    <p class='ocr_par' dir='ltr' id='par_1_85' title="bbox 1702 4373 2548 4434">
     <span class='ocr_line' id='line_1_85' title="bbox 1702 4373 2548 4434; baseline -0.005 -1"><span class='ocrx_word' id='word_1_670' title='bbox 1702 4375 1933 4434; x_wconf 80' lang='lat' dir='ltr'><strong>VETUS</strong></span> <span class='ocrx_word' id='word_1_671' title='bbox 1970 4373 2548 4431; x_wconf 80' lang='lat' dir='ltr'><strong>INTERPRETATIO.</strong></span> 
     </span>
    </p>
   </div>
   <div class='ocr_carea' id='block_1_86' title="bbox 506 4513 3729 4589">
    <p class='ocr_par' dir='ltr' id='par_1_86' title="bbox 506 4513 3729 4589">
     <span class='ocr_line' id='line_1_86' title="bbox 506 4513 3729 4589; baseline -0 -17"><span class='ocrx_word' id='word_1_672' title='bbox 506 4513 669 4573; x_wconf 88' lang='lat' dir='ltr'><strong>faciet</strong></span> <span class='ocrx_word' id='word_1_673' title='bbox 696 4515 907 4589; x_wconf 83' lang='lat' dir='ltr'><strong>colonis</strong></span> <span class='ocrx_word' id='word_1_674' title='bbox 940 4514 1085 4589; x_wconf 68' lang='lat' dir='ltr'><strong>illis?</strong></span> <span class='ocrx_word' id='word_1_675' title='bbox 1117 4533 1135 4566; x_wconf 76' lang='grc' dir='ltr'><strong>ι</strong></span> <span class='ocrx_word' id='word_1_676' title='bbox 1169 4515 1589 4589; x_wconf 76' lang='lat' dir='ltr'><strong>Responderunt</strong></span> <span class='ocrx_word' id='word_1_677' title='bbox 1613 4530 1709 4571; x_wconf 85' lang='lat' dir='ltr'><strong>ore</strong></span> <span class='ocrx_word' id='word_1_678' title='bbox 1740 4516 1962 4587; x_wconf 90' lang='lat' dir='ltr'><strong>proprio</strong></span> <span class='ocrx_word' id='word_1_679' title='bbox 1985 4516 2239 4589; x_wconf 75' lang='lat' dir='ltr'><strong>iudicati,</strong></span> <span class='ocrx_word' id='word_1_680' title='bbox 2273 4518 2418 4589; x_wconf 89' lang='lat' dir='ltr'><strong>quod</strong></span> <span class='ocrx_word' id='word_1_681' title='bbox 2453 4536 2472 4568; x_wconf 75' lang='grc' dir='ltr'><strong>ι</strong></span> <span class='ocrx_word' id='word_1_682' title='bbox 2510 4517 2679 4573; x_wconf 90' lang='lat' dir='ltr'><strong>malos</strong></span> <span class='ocrx_word' id='word_1_683' title='bbox 2714 4518 2854 4573; x_wconf 89' lang='lat' dir='ltr'><strong>male</strong></span> <span class='ocrx_word' id='word_1_684' title='bbox 2887 4518 3096 4589; x_wconf 83' lang='lat' dir='ltr'><strong>perdet,</strong></span> <span class='ocrx_word' id='word_1_685' title='bbox 3124 4526 3180 4574; x_wconf 90' lang='lat' dir='ltr'><strong>et</strong></span> <span class='ocrx_word' id='word_1_686' title='bbox 3204 4517 3417 4572; x_wconf 81' lang='lat' dir='ltr'><strong>vineam</strong></span> <span class='ocrx_word' id='word_1_687' title='bbox 3449 4516 3597 4572; x_wconf 86' lang='lat' dir='ltr'><strong>dabit</strong></span> <span class='ocrx_word' id='word_1_688' title='bbox 3622 4516 3729 4589; x_wconf 82' lang='lat' dir='ltr'><strong>aliis</strong></span> 
     </span>
    </p>
   </div>
   <div class='ocr_carea' id='block_1_87' title="bbox 506 4587 3726 4658">
    <p class='ocr_par' dir='ltr' id='par_1_87' title="bbox 506 4587 3726 4658">
     <span class='ocr_line' id='line_1_87' title="bbox 506 4587 3726 4658; baseline -0.001 -16"><span class='ocrx_word' id='word_1_689' title='bbox 506 4588 780 4658; x_wconf 83' lang='lat' dir='ltr'><strong>agricolis.</strong></span> <span class='ocrx_word' id='word_1_690' title='bbox 798 4604 832 4658; x_wconf 22' lang='grc' dir='ltr'>λι</span> <span class='ocrx_word' id='word_1_691' title='bbox 852 4587 976 4658; x_wconf 74' lang='grc' dir='ltr'><strong>ΔΑιιι</strong></span> <span class='ocrx_word' id='word_1_692' title='bbox 997 4588 1152 4658; x_wconf 75' lang='lat' dir='ltr'><strong>enim</strong></span> <span class='ocrx_word' id='word_1_693' title='bbox 1175 4587 1493 4658; x_wconf 81' lang='lat' dir='ltr'><strong>prophetam</strong></span> <span class='ocrx_word' id='word_1_694' title='bbox 1528 4587 1995 4658; x_wconf 84' lang='lat' dir='ltr'><strong>quemadmodum</strong></span> <span class='ocrx_word' id='word_1_695' title='bbox 2036 4587 2274 4658; x_wconf 87' lang='lat' dir='ltr'><strong>Caiphas</strong></span> <span class='ocrx_word' id='word_1_696' title='bbox 2296 4587 2594 4655; x_wconf 82' lang='lat' dir='ltr'><strong>sacerdos,</strong></span> <span class='ocrx_word' id='word_1_697' title='bbox 2641 4589 2732 4658; x_wconf 90' lang='lat' dir='ltr'><strong>qui</strong></span> <span class='ocrx_word' id='word_1_698' title='bbox 2766 4605 2872 4643; x_wconf 89' lang='lat' dir='ltr'><strong>non</strong></span> <span class='ocrx_word' id='word_1_699' title='bbox 2890 4587 2975 4642; x_wconf 78' lang='lat' dir='ltr'><strong>ex</strong></span> <span class='ocrx_word' id='word_1_700' title='bbox 3004 4606 3063 4645; x_wconf 88' lang='lat' dir='ltr'><strong>se</strong></span> <span class='ocrx_word' id='word_1_701' title='bbox 3093 4590 3231 4643; x_wconf 85' lang='lat' dir='ltr'><strong>dixit</strong></span> <span class='ocrx_word' id='word_1_702' title='bbox 3257 4589 3590 4658; x_wconf 64' lang='lat' dir='ltr'><strong>verum,sed</strong></span> <span class='ocrx_word' id='word_1_703' title='bbox 3615 4587 3726 4658; x_wconf 80' lang='lat' dir='ltr'><strong>quia</strong></span> 
     </span>
    </p>
   </div>
   <div class='ocr_carea' id='block_1_88' title="bbox 506 4654 3727 4728">
    <p class='ocr_par' dir='ltr' id='par_1_88' title="bbox 506 4654 3727 4728">
     <span class='ocr_line' id='line_1_88' title="bbox 506 4654 3727 4728; baseline -0 -18"><span class='ocrx_word' id='word_1_704' title='bbox 506 4654 762 4728; x_wconf 73' lang='lat' dir='ltr'><strong>sacerdos</strong></span> <span class='ocrx_word' id='word_1_705' title='bbox 790 4654 892 4728; x_wconf 83' lang='lat' dir='ltr'><strong>fuit</strong></span> <span class='ocrx_word' id='word_1_706' title='bbox 924 4655 1051 4728; x_wconf 60' lang='lat' dir='ltr'><strong>anni</strong></span> <span class='ocrx_word' id='word_1_707' title='bbox 1083 4655 1228 4709; x_wconf 86' lang='lat' dir='ltr'><strong>illius</strong></span> <span class='ocrx_word' id='word_1_708' title='bbox 1266 4654 1602 4728; x_wconf 60' lang='lat' dir='ltr'><strong>prophetarit</strong></span> <span class='ocrx_word' id='word_1_709' title='bbox 1635 4657 1759 4728; x_wconf 86' lang='lat' dir='ltr'><strong>:_sie</strong></span> <span class='ocrx_word' id='word_1_710' title='bbox 1783 4666 1837 4711; x_wconf 90' lang='lat' dir='ltr'><strong>et</strong></span> <span class='ocrx_word' id='word_1_711' title='bbox 1862 4656 1949 4711; x_wconf 89' lang='lat' dir='ltr'><strong>isti</strong></span> <span class='ocrx_word' id='word_1_712' title='bbox 1986 4672 2093 4710; x_wconf 91' lang='lat' dir='ltr'><strong>non</strong></span> <span class='ocrx_word' id='word_1_713' title='bbox 2119 4654 2186 4712; x_wconf 73' lang='lat' dir='ltr'><strong>ex</strong></span> <span class='ocrx_word' id='word_1_714' title='bbox 2216 4674 2275 4713; x_wconf 90' lang='lat' dir='ltr'><strong>se</strong></span> <span class='ocrx_word' id='word_1_715' title='bbox 2308 4654 2766 4728; x_wconf 63' lang='lat' dir='ltr'><strong>prophetarer&#39;uut</strong></span> <span class='ocrx_word' id='word_1_716' title='bbox 2791 4668 2985 4715; x_wconf 87' lang='lat' dir='ltr'><strong>contra</strong></span> <span class='ocrx_word' id='word_1_717' title='bbox 3013 4675 3094 4725; x_wconf 86' lang='lat' dir='ltr'><strong>se,</strong></span> <span class='ocrx_word' id='word_1_718' title='bbox 3126 4658 3384 4727; x_wconf 86' lang='lat' dir='ltr'><strong>quoniam</strong></span> <span class='ocrx_word' id='word_1_719' title='bbox 3413 4657 3638 4712; x_wconf 83' lang='lat' dir='ltr'><strong>tollenda</strong></span> <span class='ocrx_word' id='word_1_720' title='bbox 3657 4655 3727 4711; x_wconf 78' lang='lat' dir='ltr'><strong>eis</strong></span> 
     </span>
    </p>
   </div>
   <div class='ocr_carea' id='block_1_89' title="bbox 505 4721 2663 4797">
    <p class='ocr_par' dir='ltr' id='par_1_89' title="bbox 505 4721 2663 4797">
     <span class='ocr_line' id='line_1_89' title="bbox 505 4721 2663 4797; baseline 0 -17"><span class='ocrx_word' id='word_1_721' title='bbox 505 4733 658 4797; x_wconf 78' lang='lat' dir='ltr'><strong>erant</strong></span> <span class='ocrx_word' id='word_1_722' title='bbox 689 4724 900 4797; x_wconf 74' lang='lat' dir='ltr'><strong>eloquia</strong></span> <span class='ocrx_word' id='word_1_723' title='bbox 925 4721 1133 4797; x_wconf 32' lang='lat' dir='ltr'><strong>Deihet</strong></span> <span class='ocrx_word' id='word_1_724' title='bbox 1165 4721 1414 4797; x_wconf 73' lang='lat' dir='ltr'><strong>gentibus</strong></span> <span class='ocrx_word' id='word_1_725' title='bbox 1453 4725 1628 4797; x_wconf 86' lang='lat' dir='ltr'><strong>danda</strong></span> <span class='ocrx_word' id='word_1_726' title='bbox 1661 4725 1896 4797; x_wconf 83' lang='lat' dir='ltr'><strong>fructum</strong></span> <span class='ocrx_word' id='word_1_727' title='bbox 1932 4728 1983 4779; x_wconf 93' lang='lat' dir='ltr'><strong>in</strong></span> <span class='ocrx_word' id='word_1_728' title='bbox 2019 4735 2262 4797; x_wconf 77' lang='lat' dir='ltr'><strong>tempore</strong></span> <span class='ocrx_word' id='word_1_729' title='bbox 2300 4721 2663 4782; x_wconf 64' lang='lat' dir='ltr'><strong>suo&#39;datutis.</strong></span> 
     </span>
    </p>
   </div>
   <div class='ocr_carea' id='block_1_90' title="bbox 579 4791 3724 4868">
    <p class='ocr_par' dir='ltr' id='par_1_90' title="bbox 579 4791 3724 4868">
     <span class='ocr_line' id='line_1_90' title="bbox 579 4791 3724 4868; baseline 0.001 -20"><span class='ocrx_word' id='word_1_730' title='bbox 579 4793 663 4848; x_wconf 75' lang='grc'><strong>12.</strong></span> <span class='ocrx_word' id='word_1_731' title='bbox 710 4812 729 4844; x_wconf 78' lang='grc' dir='ltr'><strong>ι</strong></span> <span class='ocrx_word' id='word_1_732' title='bbox 758 4792 896 4868; x_wconf 76' lang='lat' dir='ltr'><strong>Dicit</strong></span> <span class='ocrx_word' id='word_1_733' title='bbox 925 4793 1030 4847; x_wconf 88' lang='lat' dir='ltr'><strong>illis</strong></span> <span class='ocrx_word' id='word_1_734' title='bbox 1061 4791 1218 4848; x_wconf 79' lang='lat' dir='ltr'><strong>Jesus</strong></span> <span class='ocrx_word' id='word_1_735' title='bbox 1244 4810 1278 4868; x_wconf 85' lang='lat'><strong>:__</strong></span> <span class='ocrx_word' id='word_1_736' title='bbox 1299 4792 1585 4868; x_wconf 48' lang='lat' dir='ltr'><strong>ﬁutttlttatn</strong></span> <span class='ocrx_word' id='word_1_737' title='bbox 1619 4796 1821 4868; x_wconf 72' lang='lat' dir='ltr'><strong>legistis</strong></span> <span class='ocrx_word' id='word_1_738' title='bbox 1856 4796 1910 4849; x_wconf 91' lang='lat' dir='ltr'><strong>in</strong></span> <span class='ocrx_word' id='word_1_739' title='bbox 1953 4791 2253 4868; x_wconf 80' lang='lat' dir='ltr'><strong>Scripturis</strong></span> <span class='ocrx_word' id='word_1_740' title='bbox 2285 4819 2297 4852; x_wconf 87' lang='lat'>:</span> <span class='ocrx_word' id='word_1_741' title='bbox 2334 4797 2588 4867; x_wconf 80' lang='lat' dir='ltr'><strong>Lapidem</strong></span> <span class='ocrx_word' id='word_1_742' title='bbox 2622 4812 2782 4867; x_wconf 88' lang='lat' dir='ltr'><strong>quem</strong></span> <span class='ocrx_word' id='word_1_743' title='bbox 2816 4799 3243 4868; x_wconf 80' lang='lat' dir='ltr'><strong>reprobarerunt</strong></span> <span class='ocrx_word' id='word_1_744' title='bbox 3272 4796 3619 4868; x_wconf 70' lang='lat' dir='ltr'><strong>aediﬁcantes,</strong></span> <span class='ocrx_word' id='word_1_745' title='bbox 3650 4795 3724 4849; x_wconf 84' lang='lat' dir='ltr'><strong>hic</strong></span> 
     </span>
    </p>
   </div>
   <div class='ocr_carea' id='block_1_91' title="bbox 505 4863 3724 4935">
    <p class='ocr_par' dir='ltr' id='par_1_91' title="bbox 505 4863 3724 4935">
     <span class='ocr_line' id='line_1_91' title="bbox 505 4863 3724 4935; baseline 0 -16"><span class='ocrx_word' id='word_1_746' title='bbox 505 4863 684 4919; x_wconf 80' lang='lat' dir='ltr'><strong>fartus</strong></span> <span class='ocrx_word' id='word_1_747' title='bbox 712 4872 796 4918; x_wconf 85' lang='lat' dir='ltr'><strong>est</strong></span> <span class='ocrx_word' id='word_1_748' title='bbox 820 4863 872 4916; x_wconf 91' lang='lat' dir='ltr'><strong>in</strong></span> <span class='ocrx_word' id='word_1_749' title='bbox 901 4873 1062 4933; x_wconf 88' lang='lat' dir='ltr'><strong>caput</strong></span> <span class='ocrx_word' id='word_1_750' title='bbox 1099 4864 1324 4935; x_wconf 77' lang='lat' dir='ltr'><strong>anguli?</strong></span> <span class='ocrx_word' id='word_1_751' title='bbox 1354 4865 1398 4917; x_wconf 79' lang='grc' dir='ltr'>Α</span> <span class='ocrx_word' id='word_1_752' title='bbox 1431 4863 1882 4921; x_wconf 70' lang='grc' dir='ltr'>υοιιιίηοίοοιυιιι</span> <span class='ocrx_word' id='word_1_753' title='bbox 1917 4875 2000 4921; x_wconf 91' lang='lat' dir='ltr'><strong>est</strong></span> <span class='ocrx_word' id='word_1_754' title='bbox 2025 4863 2178 4930; x_wconf 84' lang='lat' dir='ltr'><strong>illud,</strong></span> <span class='ocrx_word' id='word_1_755' title='bbox 2214 4877 2269 4923; x_wconf 88' lang='lat' dir='ltr'><strong>et</strong></span> <span class='ocrx_word' id='word_1_756' title='bbox 2305 4879 2385 4922; x_wconf 86' lang='lat' dir='ltr'><strong>est</strong></span> <span class='ocrx_word' id='word_1_757' title='bbox 2416 4863 2671 4922; x_wconf 75' lang='lat' dir='ltr'><strong>mirabile</strong></span> <span class='ocrx_word' id='word_1_758' title='bbox 2706 4867 2758 4921; x_wconf 91' lang='lat' dir='ltr'><strong>in</strong></span> <span class='ocrx_word' id='word_1_759' title='bbox 2801 4863 2974 4924; x_wconf 83' lang='lat' dir='ltr'><strong>oculis</strong></span> <span class='ocrx_word' id='word_1_760' title='bbox 3012 4870 3236 4923; x_wconf 87' lang='lat' dir='ltr'><strong>nostris.</strong></span> <span class='ocrx_word' id='word_1_761' title='bbox 3268 4885 3289 4918; x_wconf 74' lang='grc' dir='ltr'><strong>ι</strong></span> <span class='ocrx_word' id='word_1_762' title='bbox 3319 4864 3588 4933; x_wconf 83' lang='lat' dir='ltr'><strong>Quoniam</strong></span> <span class='ocrx_word' id='word_1_763' title='bbox 3613 4879 3724 4935; x_wconf 75' lang='lat' dir='ltr'><strong>ergo</strong></span> 
     </span>
    </p>
   </div>
   <div class='ocr_carea' id='block_1_92' title="bbox 502 4932 3723 5015">
    <p class='ocr_par' dir='ltr' id='par_1_92' title="bbox 502 4932 3723 5015">
     <span class='ocr_line' id='line_1_92' title="bbox 502 4932 3723 5015; baseline -0.001 -26"><span class='ocrx_word' id='word_1_764' title='bbox 502 4936 766 5015; x_wconf 77' lang='lat' dir='ltr'><strong>putabant</strong></span> <span class='ocrx_word' id='word_1_765' title='bbox 795 4948 853 4988; x_wconf 90' lang='lat' dir='ltr'><strong>se</strong></span> <span class='ocrx_word' id='word_1_766' title='bbox 876 4932 1383 5015; x_wconf 71' lang='lat' dir='ltr'><strong>esse_a:tli_lieatpres</strong></span> <span class='ocrx_word' id='word_1_767' title='bbox 1406 4936 1593 5015; x_wconf 79' lang='lat' dir='ltr'><strong>populi</strong></span> <span class='ocrx_word' id='word_1_768' title='bbox 1625 4937 1937 5015; x_wconf 68' lang='lat' dir='ltr'><strong>sacerdotes</strong></span> <span class='ocrx_word' id='word_1_769' title='bbox 1971 4938 2069 5000; x_wconf 91' lang='lat' dir='ltr'><strong>illi,</strong></span> <span class='ocrx_word' id='word_1_770' title='bbox 2099 4953 2223 4992; x_wconf 90' lang='lat' dir='ltr'><strong>cum</strong></span> <span class='ocrx_word' id='word_1_771' title='bbox 2256 4953 2363 4992; x_wconf 90' lang='lat' dir='ltr'><strong>non</strong></span> <span class='ocrx_word' id='word_1_772' title='bbox 2402 4947 2586 5015; x_wconf 73' lang='lat' dir='ltr'><strong>essent</strong></span> <span class='ocrx_word' id='word_1_773' title='bbox 2613 4938 2976 5015; x_wconf 52' lang='lat' dir='ltr'><strong>aedificatores</strong></span> <span class='ocrx_word' id='word_1_774' title='bbox 2999 4936 3311 5015; x_wconf 81' lang='lat' dir='ltr'><strong>probabiles</strong></span> <span class='ocrx_word' id='word_1_775' title='bbox 3347 4932 3723 5015; x_wconf 58' lang='lat' dir='ltr'><strong>:_nec_eni_m&#39;si</strong></span> 
     </span>
    </p>
   </div>
   <div class='ocr_carea' id='block_1_93' title="bbox 510 5003 3723 5077">
    <p class='ocr_par' dir='ltr' id='par_1_93' title="bbox 510 5003 3723 5077">
     <span class='ocr_line' id='line_1_93' title="bbox 510 5003 3723 5077; baseline 0 -17"><span class='ocrx_word' id='word_1_776' title='bbox 510 5003 755 5077; x_wconf 76' lang='lat' dir='ltr'><strong>fuissent</strong></span> <span class='ocrx_word' id='word_1_777' title='bbox 775 5003 1101 5074; x_wconf 84' lang='lat' dir='ltr'><strong>probabiles,</strong></span> <span class='ocrx_word' id='word_1_778' title='bbox 1130 5003 1359 5077; x_wconf 76' lang='lat' dir='ltr'><strong>lapidem</strong></span> <span class='ocrx_word' id='word_1_779' title='bbox 1404 5003 1716 5077; x_wconf 81' lang='lat' dir='ltr'><strong>hujusmodi</strong></span> <span class='ocrx_word' id='word_1_780' title='bbox 1764 5008 2144 5076; x_wconf 88' lang='lat' dir='ltr'><strong>reprobassent</strong></span> <span class='ocrx_word' id='word_1_781' title='bbox 2177 5023 2191 5061; x_wconf 91' lang='lat'><strong>:</strong></span> <span class='ocrx_word' id='word_1_782' title='bbox 2227 5017 2406 5062; x_wconf 83' lang='lat' dir='ltr'><strong>tamen</strong></span> <span class='ocrx_word' id='word_1_783' title='bbox 2450 5006 2583 5062; x_wconf 91' lang='lat' dir='ltr'><strong>dicit</strong></span> <span class='ocrx_word' id='word_1_784' title='bbox 2630 5007 2737 5062; x_wconf 91' lang='lat' dir='ltr'><strong>illis</strong></span> <span class='ocrx_word' id='word_1_785' title='bbox 2765 5008 2833 5063; x_wconf 87' lang='lat' dir='ltr'><strong>de</strong></span> <span class='ocrx_word' id='word_1_786' title='bbox 2860 5003 3182 5077; x_wconf 80' lang='lat' dir='ltr'><strong>Scripturis,</strong></span> <span class='ocrx_word' id='word_1_787' title='bbox 3216 5007 3481 5076; x_wconf 80' lang='lat' dir='ltr'><strong>quoniam</strong></span> <span class='ocrx_word' id='word_1_788' title='bbox 3514 5006 3723 5075; x_wconf 82' lang='lat' dir='ltr'><strong>lapidem</strong></span> 
     </span>
    </p>
   </div>
   <div class='ocr_carea' id='block_1_94' title="bbox 501 5073 3725 5148">
    <p class='ocr_par' dir='ltr' id='par_1_94' title="bbox 501 5073 3725 5148">
     <span class='ocr_line' id='line_1_94' title="bbox 501 5073 3725 5148; baseline -0.002 -16"><span class='ocrx_word' id='word_1_789' title='bbox 501 5091 562 5132; x_wconf 84' lang='lat' dir='ltr'><strong>sc</strong></span> <span class='ocrx_word' id='word_1_790' title='bbox 582 5073 941 5148; x_wconf 64' lang='lat' dir='ltr'><strong>constitutum</strong></span> <span class='ocrx_word' id='word_1_791' title='bbox 963 5081 1018 5127; x_wconf 91' lang='lat' dir='ltr'><strong>et</strong></span> <span class='ocrx_word' id='word_1_792' title='bbox 1050 5073 1398 5148; x_wconf 60' lang='lat' dir='ltr'><strong>reprobatugn</strong></span> <span class='ocrx_word' id='word_1_793' title='bbox 1428 5076 1496 5148; x_wconf 82' lang='lat' dir='ltr'><strong>ab</strong></span> <span class='ocrx_word' id='word_1_794' title='bbox 1518 5075 1599 5130; x_wconf 92' lang='lat' dir='ltr'><strong>eis</strong></span> <span class='ocrx_word' id='word_1_795' title='bbox 1624 5076 1788 5148; x_wconf 69' lang='lat' dir='ltr'><strong>Pater</strong></span> <span class='ocrx_word' id='word_1_796' title='bbox 1820 5073 2108 5132; x_wconf 78' lang='lat' dir='ltr'><strong>collocavit</strong></span> <span class='ocrx_word' id='word_1_797' title='bbox 2162 5077 2216 5131; x_wconf 90' lang='lat' dir='ltr'><strong>in</strong></span> <span class='ocrx_word' id='word_1_798' title='bbox 2264 5079 2431 5132; x_wconf 88' lang='lat' dir='ltr'><strong>totius</strong></span> <span class='ocrx_word' id='word_1_799' title='bbox 2456 5077 2668 5132; x_wconf 75' lang='lat' dir='ltr'><strong>aedilicii</strong></span> <span class='ocrx_word' id='word_1_800' title='bbox 2704 5087 2901 5148; x_wconf 89' lang='lat' dir='ltr'><strong>caput,</strong></span> <span class='ocrx_word' id='word_1_801' title='bbox 2952 5073 3013 5133; x_wconf 77' lang='lat' dir='ltr'><strong>ut</strong></span> <span class='ocrx_word' id='word_1_802' title='bbox 3035 5073 3462 5148; x_wconf 72' lang='lat' dir='ltr'><strong>comprehendat</strong></span> <span class='ocrx_word' id='word_1_803' title='bbox 3485 5073 3620 5148; x_wconf 79' lang='lat' dir='ltr'><strong>duos</strong></span> <span class='ocrx_word' id='word_1_804' title='bbox 3634 5088 3725 5148; x_wconf 66' lang='lat' dir='ltr'><strong>an-</strong></span> 
     </span>
    </p>
   </div>
   <div class='ocr_carea' id='block_1_95' title="bbox 502 5141 3721 5218">
    <p class='ocr_par' dir='ltr' id='par_1_95' title="bbox 502 5141 3721 5218">
     <span class='ocr_line' id='line_1_95' title="bbox 502 5141 3721 5218; baseline -0.001 -19"><span class='ocrx_word' id='word_1_805' title='bbox 502 5147 659 5216; x_wconf 82' lang='lat' dir='ltr'><strong>gulos</strong></span> <span class='ocrx_word' id='word_1_806' title='bbox 674 5143 884 5218; x_wconf 79' lang='lat' dir='ltr'><strong>Veteris</strong></span> <span class='ocrx_word' id='word_1_807' title='bbox 898 5141 1236 5218; x_wconf 79' lang='lat' dir='ltr'><strong>Testamenti</strong></span> <span class='ocrx_word' id='word_1_808' title='bbox 1260 5152 1314 5218; x_wconf 81' lang='lat' dir='ltr'><strong>et</strong></span> <span class='ocrx_word' id='word_1_809' title='bbox 1341 5142 1499 5209; x_wconf 88' lang='lat' dir='ltr'><strong>Novi,</strong></span> <span class='ocrx_word' id='word_1_810' title='bbox 1529 5154 1584 5218; x_wconf 86' lang='lat' dir='ltr'><strong>et</strong></span> <span class='ocrx_word' id='word_1_811' title='bbox 1606 5146 1839 5200; x_wconf 89' lang='lat' dir='ltr'><strong>duorum</strong></span> <span class='ocrx_word' id='word_1_812' title='bbox 1867 5148 2189 5218; x_wconf 81' lang='lat' dir='ltr'><strong>pepulerum</strong></span> <span class='ocrx_word' id='word_1_813' title='bbox 2218 5148 2653 5218; x_wconf 69' lang='lat' dir='ltr'><strong>aedificationem,</strong></span> <span class='ocrx_word' id='word_1_814' title='bbox 2680 5141 3063 5218; x_wconf 49' lang='lat' dir='ltr'><strong>Itoc&#39;est&#39;enim</strong></span> <span class='ocrx_word' id='word_1_815' title='bbox 3102 5141 3247 5217; x_wconf 78' lang='lat' dir='ltr'><strong>quod</strong></span> <span class='ocrx_word' id='word_1_816' title='bbox 3276 5145 3354 5218; x_wconf 81' lang='lat' dir='ltr'><strong>ait</strong></span> <span class='ocrx_word' id='word_1_817' title='bbox 3380 5163 3396 5199; x_wconf 89' lang='lat'><strong>:</strong></span> <span class='ocrx_word' id='word_1_818' title='bbox 3433 5163 3454 5198; x_wconf 86' lang='grc' dir='ltr'><strong>ι</strong></span> <span class='ocrx_word' id='word_1_819' title='bbox 3486 5144 3721 5218; x_wconf 69' lang='lat' dir='ltr'><strong>Lapidem</strong></span> 
     </span>
    </p>
   </div>
   <div class='ocr_carea' id='block_1_96' title="bbox 501 5211 3723 5299">
    <p class='ocr_par' dir='ltr' id='par_1_96' title="bbox 501 5211 3723 5299">
     <span class='ocr_line' id='line_1_96' title="bbox 501 5211 3723 5299; baseline -0 -29"><span class='ocrx_word' id='word_1_820' title='bbox 501 5211 1490 5299; x_wconf 12' lang='lat' dir='ltr'><strong>quemreprobaveruuittedilieantes,</strong></span> <span class='ocrx_word' id='word_1_821' title='bbox 1529 5216 1616 5271; x_wconf 90' lang='lat' dir='ltr'><strong>hic</strong></span> <span class='ocrx_word' id='word_1_822' title='bbox 1648 5217 1822 5299; x_wconf 74' lang='lat' dir='ltr'><strong>lactus</strong></span> <span class='ocrx_word' id='word_1_823' title='bbox 1844 5211 2010 5299; x_wconf 33' lang='lat' dir='ltr'><strong>estin</strong></span> <span class='ocrx_word' id='word_1_824' title='bbox 2039 5227 2203 5299; x_wconf 78' lang='lat' dir='ltr'><strong>caput</strong></span> <span class='ocrx_word' id='word_1_825' title='bbox 2226 5218 2431 5299; x_wconf 72' lang='lat' dir='ltr'><strong>anguli.</strong></span> <span class='ocrx_word' id='word_1_826' title='bbox 2478 5235 2498 5270; x_wconf 77' lang='grc' dir='ltr'><strong>ι</strong></span> <span class='ocrx_word' id='word_1_827' title='bbox 2571 5211 2765 5272; x_wconf 76' lang='grc' dir='ltr'>Ειὶειο</span> <span class='ocrx_word' id='word_1_828' title='bbox 2793 5217 2932 5299; x_wconf 78' lang='lat' dir='ltr'><strong>lapis</strong></span> <span class='ocrx_word' id='word_1_829' title='bbox 2951 5211 3261 5299; x_wconf 76' lang='lat' dir='ltr'><strong>dontttn_est</strong></span> <span class='ocrx_word' id='word_1_830' title='bbox 3285 5211 3607 5299; x_wconf 46' lang='lat' dir='ltr'><strong>donatura}</strong></span> 
     </span>
    </p>
   </div>
   <div class='ocr_carea' id='block_1_97' title="bbox 501 5283 3722 5357">
    <p class='ocr_par' dir='ltr' id='par_1_97' title="bbox 501 5283 3722 5357">
     <span class='ocr_line' id='line_1_97' title="bbox 501 5283 3722 5357; baseline -0 -17"><span class='ocrx_word' id='word_1_831' title='bbox 501 5283 730 5341; x_wconf 69' lang='lat' dir='ltr'><strong>tedilicio</strong></span> <span class='ocrx_word' id='word_1_832' title='bbox 755 5283 1035 5357; x_wconf 62' lang='lat' dir='ltr'><strong>universe,</strong></span> <span class='ocrx_word' id='word_1_833' title='bbox 1084 5295 1137 5357; x_wconf 60' lang='grc' dir='ltr'>ξι</span> <span class='ocrx_word' id='word_1_834' title='bbox 1176 5284 1497 5357; x_wconf 78' lang='lat' dir='ltr'><strong>admirabile</strong></span> <span class='ocrx_word' id='word_1_835' title='bbox 1521 5298 1685 5354; x_wconf 90' lang='lat' dir='ltr'><strong>caput</strong></span> <span class='ocrx_word' id='word_1_836' title='bbox 1724 5287 1788 5357; x_wconf 84' lang='lat' dir='ltr'><strong>in</strong></span> <span class='ocrx_word' id='word_1_837' title='bbox 1808 5286 1982 5342; x_wconf 89' lang='lat' dir='ltr'><strong>oculis</strong></span> <span class='ocrx_word' id='word_1_838' title='bbox 2010 5283 2213 5342; x_wconf 81' lang='lat' dir='ltr'><strong>nostris</strong></span> <span class='ocrx_word' id='word_1_839' title='bbox 2237 5283 2332 5357; x_wconf 76' lang='lat' dir='ltr'><strong>qui</strong></span> <span class='ocrx_word' id='word_1_840' title='bbox 2373 5302 2822 5357; x_wconf 10' lang='lat' dir='ltr'><strong>possumusieum</strong></span> <span class='ocrx_word' id='word_1_841' title='bbox 2840 5283 3031 5357; x_wconf 52' lang='lat' dir='ltr'><strong>ridere</strong></span> <span class='ocrx_word' id='word_1_842' title='bbox 3056 5286 3484 5357; x_wconf 15' lang='lat' dir='ltr'><strong>oculisrmentis.</strong></span> <span class='ocrx_word' id='word_1_843' title='bbox 3516 5283 3585 5357; x_wconf 31' lang='lat' dir='ltr'><strong>ASi</strong></span> <span class='ocrx_word' id='word_1_844' title='bbox 3613 5293 3722 5349; x_wconf 65' lang='lat' dir='ltr'><strong>ergo</strong></span> 
     </span>
    </p>
   </div>
   <div class='ocr_carea' id='block_1_98' title="bbox 499 5352 3719 5427">
    <p class='ocr_par' dir='ltr' id='par_1_98' title="bbox 499 5352 3719 5427">
     <span class='ocr_line' id='line_1_98' title="bbox 499 5352 3719 5427; baseline -0.002 -20"><span class='ocrx_word' id='word_1_845' title='bbox 499 5368 689 5408; x_wconf 82' lang='lat' dir='ltr'><strong>verum</strong></span> <span class='ocrx_word' id='word_1_846' title='bbox 720 5362 813 5427; x_wconf 80' lang='lat' dir='ltr'><strong>est</strong></span> <span class='ocrx_word' id='word_1_847' title='bbox 860 5352 1006 5427; x_wconf 85' lang='lat' dir='ltr'><strong>quod</strong></span> <span class='ocrx_word' id='word_1_848' title='bbox 1052 5352 1169 5427; x_wconf 82' lang='lat' dir='ltr'><strong>ait:</strong></span> <span class='ocrx_word' id='word_1_849' title='bbox 1209 5372 1229 5406; x_wconf 77' lang='grc' dir='ltr'><strong>ι</strong></span> <span class='ocrx_word' id='word_1_850' title='bbox 1258 5352 1637 5427; x_wconf 25' lang='lat' dir='ltr'><strong>Aufereturfa</strong></span> <span class='ocrx_word' id='word_1_851' title='bbox 1669 5355 1823 5411; x_wconf 79' lang='lat' dir='ltr'><strong>vobis</strong></span> <span class='ocrx_word' id='word_1_852' title='bbox 1852 5371 2083 5427; x_wconf 88' lang='lat' dir='ltr'><strong>regnum</strong></span> <span class='ocrx_word' id='word_1_853' title='bbox 2115 5357 2235 5427; x_wconf 85' lang='lat' dir='ltr'><strong>Dei,</strong></span> <span class='ocrx_word' id='word_1_854' title='bbox 2256 5352 2321 5412; x_wconf 64' lang='lat' dir='ltr'><strong>&#39;et</strong></span> <span class='ocrx_word' id='word_1_855' title='bbox 2345 5352 2585 5427; x_wconf 70' lang='lat' dir='ltr'><strong>dabitur</strong></span> <span class='ocrx_word' id='word_1_856' title='bbox 2617 5356 2748 5427; x_wconf 11' lang='lat' dir='ltr'><strong>aliis,</strong></span> <span class='ocrx_word' id='word_1_857' title='bbox 2768 5356 3000 5427; x_wconf 87' lang='lat' dir='ltr'><strong>colonis,</strong></span> <span class='ocrx_word' id='word_1_858' title='bbox 3041 5357 3133 5427; x_wconf 85' lang='lat' dir='ltr'><strong>qui</strong></span> <span class='ocrx_word' id='word_1_859' title='bbox 3163 5355 3389 5427; x_wconf 78' lang='lat' dir='ltr'><strong>reddent</strong></span> <span class='ocrx_word' id='word_1_860' title='bbox 3429 5356 3482 5410; x_wconf 88' lang='lat' dir='ltr'><strong>ei</strong></span> <span class='ocrx_word' id='word_1_861' title='bbox 3510 5353 3719 5427; x_wconf 73' lang='lat' dir='ltr'><strong>fructum</strong></span> 
     </span>
    </p>
   </div>
   <div class='ocr_carea' id='block_1_99' title="bbox 501 5423 3719 5505">
    <p class='ocr_par' dir='ltr' id='par_1_99' title="bbox 501 5423 3719 5505">
     <span class='ocr_line' id='line_1_99' title="bbox 501 5423 3719 5505; baseline -0 -29"><span class='ocrx_word' id='word_1_862' title='bbox 501 5424 838 5493; x_wconf 87' lang='lat' dir='ltr'><strong>temporibus</strong></span> <span class='ocrx_word' id='word_1_863' title='bbox 870 5424 1009 5491; x_wconf 84' lang='lat' dir='ltr'><strong>suis,</strong></span> <span class='ocrx_word' id='word_1_864' title='bbox 1040 5441 1058 5475; x_wconf 71' lang='grc' dir='ltr'><strong>ι</strong></span> <span class='ocrx_word' id='word_1_865' title='bbox 1094 5425 1214 5480; x_wconf 88' lang='lat' dir='ltr'><strong>sine</strong></span> <span class='ocrx_word' id='word_1_866' title='bbox 1241 5424 1409 5479; x_wconf 88' lang='lat' dir='ltr'><strong>dubio</strong></span> <span class='ocrx_word' id='word_1_867' title='bbox 1440 5425 1642 5480; x_wconf 88' lang='lat' dir='ltr'><strong>nemini</strong></span> <span class='ocrx_word' id='word_1_868' title='bbox 1673 5423 2084 5505; x_wconf 33' lang='lat' dir='ltr'><strong>datur&#39;regnum</strong></span> <span class='ocrx_word' id='word_1_869' title='bbox 2115 5425 2230 5493; x_wconf 90' lang='lat' dir='ltr'><strong>Dei,</strong></span> <span class='ocrx_word' id='word_1_870' title='bbox 2257 5426 2311 5481; x_wconf 87' lang='lat' dir='ltr'><strong>id</strong></span> <span class='ocrx_word' id='word_1_871' title='bbox 2338 5436 2441 5489; x_wconf 88' lang='lat' dir='ltr'><strong>est.</strong></span> <span class='ocrx_word' id='word_1_872' title='bbox 2477 5425 2702 5481; x_wconf 86' lang='lat' dir='ltr'><strong>verbum</strong></span> <span class='ocrx_word' id='word_1_873' title='bbox 2732 5425 2968 5491; x_wconf 86' lang='lat' dir='ltr'><strong>Domini,</strong></span> <span class='ocrx_word' id='word_1_874' title='bbox 3013 5423 3120 5481; x_wconf 88' lang='lat' dir='ltr'><strong>nisi</strong></span> <span class='ocrx_word' id='word_1_875' title='bbox 3156 5424 3483 5480; x_wconf 87' lang='lat' dir='ltr'><strong>facientibus</strong></span> <span class='ocrx_word' id='word_1_876' title='bbox 3506 5423 3719 5478; x_wconf 79' lang='lat' dir='ltr'><strong>fructum</strong></span> 
     </span>
    </p>
   </div>
   <div class='ocr_carea' id='block_1_100' title="bbox 502 5558 2094 5695">
    <p class='ocr_par' dir='ltr' id='par_1_100' title="bbox 502 5558 2094 5695">
     <span class='ocr_line' id='line_1_100' title="bbox 568 5558 2094 5630; baseline 0.003 -18"><span class='ocrx_word' id='word_1_877' title='bbox 568 5559 589 5590; x_wconf 89' lang='lat'><strong><em>&quot;</em></strong></span> <span class='ocrx_word' id='word_1_878' title='bbox 617 5558 811 5613; x_wconf 86' lang='lat' dir='ltr'><strong>Matth.</strong></span> <span class='ocrx_word' id='word_1_879' title='bbox 852 5575 966 5622; x_wconf 72' lang='lat' dir='ltr'><strong>xxx,</strong></span> <span class='ocrx_word' id='word_1_880' title='bbox 1006 5560 1094 5615; x_wconf 73' lang='grc'><strong>41.</strong></span> <span class='ocrx_word' id='word_1_881' title='bbox 1194 5559 1391 5617; x_wconf 71' lang='lat' dir='ltr'><strong>8.loan.</strong></span> <span class='ocrx_word' id='word_1_882' title='bbox 1427 5577 1504 5630; x_wconf 67' lang='grc' dir='ltr'>κε,</span> <span class='ocrx_word' id='word_1_883' title='bbox 1562 5561 1650 5630; x_wconf 70' lang='grc'><strong>49,</strong></span> <span class='ocrx_word' id='word_1_884' title='bbox 1705 5562 1793 5617; x_wconf 80' lang='lat' dir='ltr'><strong>5L</strong></span> <span class='ocrx_word' id='word_1_885' title='bbox 1894 5562 1916 5593; x_wconf 82' lang='lat'><strong>&#39;</strong></span> <span class='ocrx_word' id='word_1_886' title='bbox 1948 5560 2094 5617; x_wconf 84' lang='lat' dir='ltr'><strong>Mattl</strong></span> 
     </span>
     <span class='ocr_line' id='line_1_101' title="bbox 502 5626 1030 5695; baseline 0.008 -14"><span class='ocrx_word' id='word_1_887' title='bbox 502 5627 544 5660; x_wconf 83' lang='lat'>“</span> <span class='ocrx_word' id='word_1_888' title='bbox 572 5626 760 5684; x_wconf 82' lang='lat' dir='ltr'><strong>Matth.</strong></span> <span class='ocrx_word' id='word_1_889' title='bbox 795 5645 908 5695; x_wconf 71' lang='lat' dir='ltr'><strong>XXI,</strong></span> <span class='ocrx_word' id='word_1_890' title='bbox 940 5630 1030 5685; x_wconf 68' lang='lat'><strong>4&#39;5.</strong></span> 
     </span>
    </p>
   </div>
   <div class='ocr_carea' id='block_1_101' title="bbox 2195 5558 3716 5695">
    <p class='ocr_par' dir='ltr' id='par_1_101' title="bbox 2195 5559 3716 5631">
     <span class='ocr_line' id='line_1_102' title="bbox 2195 5559 3716 5631; baseline 0 -14"><span class='ocrx_word' id='word_1_891' title='bbox 2195 5577 2309 5629; x_wconf 74' lang='grc' dir='ltr'>ικι,</span> <span class='ocrx_word' id='word_1_892' title='bbox 2367 5561 2458 5619; x_wconf 74' lang='grc'><strong>42.</strong></span> <span class='ocrx_word' id='word_1_893' title='bbox 2567 5564 2612 5596; x_wconf 74' lang='grc'>³⁸</span> <span class='ocrx_word' id='word_1_894' title='bbox 2640 5560 2786 5620; x_wconf 83' lang='lat' dir='ltr'><strong>Psal.</strong></span> <span class='ocrx_word' id='word_1_895' title='bbox 2846 5578 3016 5631; x_wconf 65' lang='grc' dir='ltr'>(τινα,</span> <span class='ocrx_word' id='word_1_896' title='bbox 3069 5560 3163 5631; x_wconf 72' lang='grc'><strong>22,</strong></span> <span class='ocrx_word' id='word_1_897' title='bbox 3217 5561 3311 5630; x_wconf 73' lang='lat'><strong>23,</strong></span> <span class='ocrx_word' id='word_1_898' title='bbox 3372 5559 3445 5616; x_wconf 69' lang='grc' dir='ltr'><strong>ει</strong></span> <span class='ocrx_word' id='word_1_899' title='bbox 3506 5568 3562 5617; x_wconf 81' lang='lat' dir='ltr'><strong>et</strong></span> <span class='ocrx_word' id='word_1_900' title='bbox 3615 5568 3716 5625; x_wconf 73' lang='lat' dir='ltr'><strong>sett-</strong></span> 
     </span>
    </p>
   </div>
   <div class='ocr_carea' id='block_1_102' title="bbox 569 5742 2094 5827">
    <p class='ocr_par' dir='ltr' id='par_1_102' title="bbox 569 5742 2094 5826">
     <span class='ocr_line' id='line_1_103' title="bbox 569 5742 2094 5826; baseline 0.007 -28"><span class='ocrx_word' id='word_1_901' title='bbox 569 5745 680 5815; x_wconf 66' lang='grc'><strong>(87)</strong></span> <span class='ocrx_word' id='word_1_902' title='bbox 706 5743 1056 5815; x_wconf 76' lang='grc' dir='ltr'>Νομίζοντας</span> <span class='ocrx_word' id='word_1_903' title='bbox 1075 5742 1225 5803; x_wconf 77' lang='grc' dir='ltr'>εἶναι</span> <span class='ocrx_word' id='word_1_904' title='bbox 1247 5749 1343 5804; x_wconf 73' lang='grc' dir='ltr'><strong>καί</strong></span> <span class='ocrx_word' id='word_1_905' title='bbox 1369 5752 1738 5824; x_wconf 75' lang='grc' dir='ltr'>οἰκοδόμους,</span> <span class='ocrx_word' id='word_1_906' title='bbox 1763 5760 1865 5809; x_wconf 89' lang='lat' dir='ltr'><strong>etc.</strong></span> <span class='ocrx_word' id='word_1_907' title='bbox 1893 5752 2094 5826; x_wconf 76' lang='lat' dir='ltr'><strong>Chryse</strong></span> 
     </span>
    </p>
   </div>
   <div class='ocr_carea' id='block_1_103' title="bbox 2195 5742 3194 5827">
    <p class='ocr_par' dir='ltr' id='par_1_103' title="bbox 2196 5751 3194 5827">
     <span class='ocr_line' id='line_1_104' title="bbox 2196 5751 3194 5827; baseline -0.003 -18"><span class='ocrx_word' id='word_1_908' title='bbox 2196 5770 2339 5821; x_wconf 84' lang='lat' dir='ltr'><strong>ntus,</strong></span> <span class='ocrx_word' id='word_1_909' title='bbox 2365 5751 2822 5826; x_wconf 76' lang='lat' dir='ltr'><strong>&#39;l‘beOpbylactus,</strong></span> <span class='ocrx_word' id='word_1_910' title='bbox 2850 5752 3194 5827; x_wconf 76' lang='lat' dir='ltr'><strong>Euthyntius.</strong></span> 
     </span>
    </p>
   </div>
  </div>
