3962 6560
189 374 342 431 ιὸιὸ

1140 370 1494 429 ΟΟΜΜΕΝΤ.
1530 370 1598 427 IN
1634 370 2059 430 MAT‘THIEUM
2094 370 2333 432 TOMUS
2370 370 2533 429 XV".

3328 376 3467 435 1316

183 493 444 566 δηλονότι
475 492 655 549 οὐδενὶ
688 492 799 548 τῶν
830 493 906 565 μὴ
934 493 1233 549 ποιούντων
1260 496 1386 559 τοὺς
1418 497 1664 568 καρποὺς
1688 496 1781 569 τῆς

1892 495 2026 551 nulli
2052 472 2246 552 eorum
2294 497 2391 566 qui
2436 495 2646 550 fruetus
2685 494 2805 565 ejus
2832 509 2941 552 non
2975 492 3201 562 faciunt,
3229 496 3347 552 dari
3376 512 3468 553 re-

180 584 293 640 τοῦ
343 585 478 640 Θεοῦ
532 584 809 658 βασιλείας
845 586 1047 640 δίδοται
1095 588 1129 658 ή
1171 585 1266 640 τοῦ
1304 586 1441 641 Θεοῦ
1492 586 1742 657 βασιλεία
1765 604 1778 618 ’

180 677 373 733 οὐδενὶ
404 679 512 751 γὰρ
557 678 961 751 βασιλευομένῳ
995 678 1102 733 ὑπὸ
1137 678 1239 750 τῆς
1274 679 1550 750 ἁμαρτιας
1581 678 1782 733 δξδοται

178 771 220 845 ἡ
260 772 362 825 τοῦ
395 772 529 826 Θεοῦ
562 772 829 845 βασιλεία.
875 772 1013 826 Ἀλλ’
1048 773 1166 845 ἐρεῖ
1190 789 1299 837 τις,
1334 771 1474 838 πῶς,
1502 773 1553 824 εἰ
1592 772 1784 843 μηδενὶ

180 863 401 920 δίδοται
446 865 604 937 ήτοῦ
646 865 784 921 Θεοῦ
829 866 1078 939 βασιλεία
1119 866 1197 937 τῷ
1240 865 1315 937 μὴ
1365 864 1608 920 ποιοῦντι
1656 866 1785 929 τοῦς

181 957 450 1027 καρποὺς
474 957 666 1029 αὐτῆς,
703 957 860 1030 ἐδόθη
891 958 926 1029 ή
955 957 1047 1012 τοῦ
1079 957 1215 1012 Θεοῦ
1260 956 1510 1028 βασιλεία
1553 958 1785 1022 ἐκεινοις

183 1046 289 1118 ἀφ’
321 1041 397 1103 ὧν
424 1049 586 1122 ἤρθη,
631 1051 773 1105 κατά
803 1052 866 1105 τὸ
902 1051 1217 1125 εἰρημένον·
1264 1070 1283 1103 ι
1332 1050 1655 1124 Ἀρθήσεται
1689 1052 1783 1123 ἀφ’

183 1140 408 1215 ὗμῶνὴ
434 1142 678 1215 βασιλεία
700 1145 795 1200 τοῦ
818 1146 953 1200 Θεοῦ
979 1164 994 1211 ;
1017 1147 1154 1201 »Καὶ
1170 1145 1405 1218 πρόσχες
1421 1148 1469 1199 εἰ
1484 1146 1782 1218 δυνάμεθα,

183 1223 268 1298 ὡς
298 1235 362 1290 ἐν
388 1235 687 1310 τηλικαύτῃ
723 1238 988 1311 δυσχερίᾳ
1013 1238 1187 1303 οὕτως
1218 1240 1280 1293 ού
1319 1239 1459 1294 πάνυ
1499 1256 1553 1293 τι
1585 1240 1786 1294 εύαποο

181 1326 351 1381 δὸτου
392 1328 794 1402 προϐλήματος,
846 1333 1245 1403 ἐπιστήσαντες
1284 1336 1352 1406 τῇ
1396 1333 1630 1406 διαφορᾷ
1676 1333 1786 1388 τῶν

182 1417 508 1491 εερημένων
537 1420 668 1492 περὶ
706 1420 803 1475 τοῦ
833 1421 1157 1493 ἀμπελῶνος
1193 1423 1479 1497 πρότερον,
1514 1424 1610 1478 καὶ
1654 1424 1786 1496 περὶ

185 1507 297 1578 τῆς
346 1507 625 1578 βασιλείας
674 1509 771 1564 τοῦ
811 1509 947 1565 Θεοῦ
997 1511 1272 1585 δεύτερον,
1324 1512 1682 1569 ἐπιλύσασθαι
1721 1517 1782 1569 τὸ

189 1598 556 1671 ζητούμενον.
586 1601 700 1656 Οὐκ
732 1602 947 1675 εἴρηται
969 1602 1034 1674 δὴ
1071 1603 1185 1675 (88)
1232 1605 1362 1676 περὶ
1394 1603 1486 1659 τοῦ
1518 1605 1780 1676 ἀμπελῶ-

184 1709 283 1756 νος
309 1692 451 1765 ὅπερ
482 1692 699 1766 εἴρηται
729 1697 860 1767 περὶ
890 1696 991 1768 τῆς
1023 1695 1302 1767 βασιλείας
1327 1696 1421 1752 τοῦ
1448 1697 1586 1752 Θεοῦ
1611 1715 1624 1727 °
1655 1700 1787 1772 περὶ

190 1786 299 1857 μὲν
324 1786 435 1859 γὰρ
453 1786 548 1841 τοῦ
575 1787 899 1859 ἀμπελῶνος
921 1790 1064 1845 κατά
1080 1790 1142 1845 τὸ
1165 1791 1432 1867 πρότερον
1454 1793 1783 1867 γέγραπται,

1884 606 2051 662 gnum
2082 590 2175 647 Dei
2204 588 2557 646 manifestum
2584 596 2702 655 est;
2738 589 2945 644 nemini
2986 591 3133 646 enim
3183 590 3345 647 datur
3377 606 3470 648 re-

1885 698 2052 752 gnum
2084 682 2203 751 Dei,
2238 683 2332 754 qui
2364 681 2572 753 peccati
2597 681 2830 751 imperio
2858 680 3109 738 subditus
3131 684 3220 738 sit.
3265 682 3469 739 Verum

1886 775 1932 830 si
1963 775 2168 830 nemini
2194 774 2356 830 datur
2396 788 2627 846 regnum
2677 772 2812 839 Dei,
2849 774 3059 844 inquiet
3106 774 3338 845 aliquis,
3370 775 3469 846 qui

1887 866 2102 922 fructus
2147 866 2268 937 ejus
2296 880 2405 922 non
2440 866 2639 933 faciat,
2686 868 2962 936 quomodo
2992 866 3078 921 his
3123 882 3344 935 regnum
3371 865 3469 923 Dei

1884 961 2071 1017 datum
2123 958 2245 1025 fuit,
2278 975 2308 1014 a
2341 959 2545 1030 quibus
2597 966 2683 1014 est
2710 958 2976 1025 ablatum,
3023 956 3177 1029 juxta
3222 959 3275 1013 id
3321 957 3471 1029 quod

1889 1052 2093 1107 dictum
2121 1059 2207 1108 est
2238 1052 2282 1084 ¹²
2312 1069 2327 1107 :
2370 1071 2389 1103 ι
2422 1048 2714 1106 Auferetur
2756 1065 2788 1105 a
2829 1049 2985 1106 vobis
3010 1065 3239 1120 regnum
3266 1047 3410 1105 Dei?
3444 1069 3466 1104 ο

1891 1148 1965 1199 Ac
1996 1144 2140 1210 vide,
2167 1158 2262 1212 an,
2297 1143 2434 1199 utin
2465 1151 2614 1198 tanta
2642 1141 2964 1213 quaestionis
2994 1141 3351 1208 difﬁcultate,
3378 1157 3478 1198 cu-

1881 1236 1976 1306 jus
2008 1236 2268 1307 proclivis
2317 1250 2428 1291 non
2462 1243 2547 1290 est
2576 1244 2633 1289 ct
2660 1234 2911 1305 expedita
2941 1235 3251 1307 responsio;
3284 1235 3472 1291 consi-

1887 1330 2077 1386 derato
2100 1345 2292 1386 eorum
2320 1329 2642 1386 discrimine
2687 1344 2810 1399 quae
2834 1329 2901 1384 de
2933 1329 3093 1384 vinea
3118 1329 3380 1400 primum,
3406 1344 3474 1384 ac

1885 1422 1954 1478 de
1999 1438 2169 1494 regno
2217 1417 2313 1479 Dei
2362 1423 2713 1493 postmodum
2762 1422 2909 1478 dicta
2955 1431 3128 1489 sunt,
3175 1423 3473 1494 quasitum

1888 1515 2054 1587 786
2094 1517 2168 1571 ita
2217 1515 2431 1571 solvere
2478 1515 2781 1585 possimus.
2855 1513 3000 1570 Sane
3025 1514 3166 1571 idem
3197 1516 3266 1573 de
3292 1516 3469 1581 vinea,

1886 1611 2030 1679 quod
2058 1610 2127 1666 de
2152 1624 2324 1681 regno
2357 1609 2472 1674 Dei,
2498 1609 2707 1666 dictum
2741 1622 2850 1663 non
2873 1617 2959 1665 est
2988 1625 3005 1663 :
3040 1622 3168 1664 nam
3191 1608 3260 1664 de
3287 1610 3468 1675 vinea,

1887 1700 2350 1770 quemadmodum
2385 1715 2550 1771 supra
2582 1699 2892 1765 retulimus,
2913 1701 3177 1771 scriptum
3204 1710 3289 1757 est
3314 1701 3467 1757 illum

1888 1790 2101 1845 locasse
2134 1790 2281 1844 illam
2317 1790 2608 1861 agricolis;
2643 1790 2712 1848 de
2736 1806 2907 1863 regno
2935 1803 3118 1848 autem
3142 1790 3258 1857 Dei,
3279 1792 3466 1849 datum

183 1878 273 1932 ὅτι
306 1878 519 1946 ἐξέδοτο
564 1880 728 1935 αὑτὸν
771 1885 1058 1954 γεωργοῖς
1108 1863 1468 1958 περὶὴδὲττῆς
1501 1863 1781 1957 βασιλείας

1889 1880 2019 1935 illud
2053 1880 2119 1934 iri
2153 1880 2299 1951 genti
2327 1880 2543 1937 facienti
2580 1880 2794 1937 fructus
2822 1882 2963 1953 ejus.
3022 1881 3170 1939 Solvi
3195 1899 3327 1939 vero
3361 1886 3470 1939 mi-

184 1970 285 2024 τοῦ
318 1971 479 2035 Θεοῦ,
508 1973 590 2027 ὅτι
617 1972 901 2046 δοθήσεται
927 1974 1070 2029 ἔθνει
1114 1976 1356 2031 ποιοῦντι
1379 1980 1506 2043 τοὺς
1535 1982 1782 2052 καρποὺς

186 2063 387 2134 αὐτῆς.
411 2061 518 2119 Ἦν
543 2064 588 2118 δ’
617 2067 685 2121 ἂν
715 2066 907 2122 ἄλυτον
925 2068 987 2122 τὸ
1008 2068 1149 2123 κατά
1177 2069 1267 2123 τὸν
1294 2070 1477 2135 τόπον,
1504 2073 1575 2135 ει,
1591 2071 1783 2145 ῶσπερ

194 2173 215 2239 ς
266 2156 512 2223 Ἐξέδοτο
540 2158 706 2213 αὐτὸν
734 2164 1023 2233 γεωργοῖς,
1064 2180 1084 2213 ι
1131 2163 1518 2234 γεγραμμένον
1556 2165 1650 2218 ἐπὶ
1681 2163 1778 2218 τοῦ

189 2249 491 2321 προτέρου,
520 2250 694 2316 οὕτως
720 2252 907 2326 εἴρητο
935 2253 1029 2307 καὶ
1054 2255 1184 2325 περὶ⁵
1211 2253 1304 2307 τοῦ
1333 2255 1635 2328 δευτέρου,‹
1659 2257 1782 2310 Ἐκ-

187 2341 485 2414 εοθήσεται
509 2342 650 2398 ἔθνει
680 2345 923 2400 ποιοῦντι
953 2347 1081 2411 τοὺς
1102 2347 1350 2418 καρποὺς
1392 2348 1563 2418 αὐτῆς
1591 2366 1604 2379 ο
1622 2369 1639 2399 ο
1686 2350 1783 2404 καὶ

189 2436 269 2500 εξ,
299 2435 492 2508 ῶσπερ
523 2437 740 2509 εἴρηται
781 2440 909 2510 περὶ
934 2439 1043 2494 τῶν
1072 2439 1371 2512 δευτέρων·
1416 2459 1434 2491 ι
1485 2442 1595 2495 Καὶ
1627 2441 1784 2514 δοθή-

195 2520 357 2585 σεται
399 2530 542 2585 ἔθνει
579 2531 823 2587 ποιοῦντι
859 2534 986 2597 τοὺς
1019 2535 1267 2607 καρποὺς
1303 2534 1494 2605 αὐτῆς,
1539 2554 1557 2583 ι
1595 2536 1784 2607 εἴρητο

193 2622 297 2677 ιιι).
334 2622 463 2693 περὶ
488 2620 596 2675 τῶν
626 2622 927 2695 προτέρων,
966 2625 1048 2678 ὅτι
1088 2624 1285 2679 ἔδωκεν
1311 2624 1474 2679 αὐτὸν
1495 2629 1780 2697 γεωργοῖς.

193 2717 309 2769 Καὶ
334 2714 510 2771 ταῦτα
549 2716 646 2787 μὲν
674 2717 838 2789 ἡμεῖς
883 2719 964 2782 εἰς
1001 2718 1095 2772 τὸν
1120 2718 1284 2773 τόπον
1319 2718 1779 2791 ὲπηπορήσαμεν,

194 2810 295 2863 καὶ
329 2809 395 2862 τὸ
427 2811 593 2880 φανὲν
627 2812 758 2883 ἡμῖν
787 2812 1107 2884 εἰρήκαμεν·
1135 2811 1236 2866 ὁδὲ
1252 2810 1461 2883 βέλτιον
1487 2812 1783 2883 δυνάμενος

195 2902 295 2955 καὶ
313 2904 455 2955 νοεῖν
480 2902 573 2956 καὶ
601 2901 803 2972 λέγειν,
832 2903 1039 2967 ἐκεῖνος
1064 2898 1222 2975 ήμῶν
1248 2901 1452 2977 μᾶλλον
1474 2902 1779 2957 ἀκουέσθω.

276 3010 295 3043 ι
349 2992 456 3045 Καὶ
488 2991 822 3057 ἀκούσαντες
864 2994 914 3047 οἱ
958 2993 1233 3065 ἀρχιερεῖς
1270 2995 1365 3048 καὶ
1401 2995 1452 3048 οἱ
1496 2994 1780 3066 Φαρισαῖοι

193 3082 301 3145 τὰς
334 3083 648 3155 παραϐολὰς
678 3083 869 3148 αὐτοῦ,
904 3083 1148 3153 ἔγνωσαν
1185 3086 1267 3139 ὅτι
1317 3087 1448 3159 περὶ
1476 3086 1658 3139 αὐτῶν
1696 3086 1783 3140 λέ-

194 3192 308 3247 γει.
336 3178 448 3230 Kal
470 3176 756 3248 ζητοῦντες
779 3178 1050 3250 κρατῆσαι
1074 3178 1256 3242 αὐτὸν,
1291 3179 1638 3253 ἐφοϐήθησαν
1658 3182 1785 3245 τοὺς
1813 3207 1857 3266 c

194 3267 415 3341 ῦχλους,
473 3269 595 3322 ἐπεὶ
632 3271 713 3334 εἰς
757 3271 1043 3342 προφήτην
1089 3271 1254 3325 αὐτὸν
1301 3268 1467 3342 εἶχον.
1512 3291 1532 3325 ι
1595 3272 1783 3326 Ἀκού-

196 3377 398 3426 σαντες
427 3362 480 3415 οἱ
506 3363 779 3435 ἀρχιερεῖς
816 3363 910 3417 καὶ
940 3363 990 3416 οἱ
1021 3363 1303 3435 Φαρισαῖοι
1332 3364 1434 3429 τὰς
1467 3364 1784 3438 παραϐολὰς

196 3454 392 3519 αὐτοῦ,
422 3449 496 3508 ὧν
519 3455 616 3527 τῆς
646 3455 743 3526 μὲν
764 3455 959 3526 ἑτέρας
992 3456 1137 3528 ἀρχὴ
1171 3451 1261 3528 ἦν·
1293 3475 1311 3508 ι
1348 3457 1666 3531 ’Ἄνθρωπός
1699 3475 1785 3523 τις

196 3540 317 3617 εἶχε
352 3546 516 3599 τέκνα
547 3545 670 3600 δύο’
708 3565 728 3598 ι
774 3547 874 3617 τῆς
916 3546 973 3600 δὲ
1002 3547 1198 3618 λοιπῆς
1222 3564 1238 3580 ·
1281 3567 1300 3599 ι
1351 3549 1671 3623 Ἀνθρωπος
1713 3545 1785 3621 ἦν

194 3636 606 3708 οἰκοδεσπότης,
631 3636 692 3701 ὃς
708 3635 1004 3705 ἐφύτευσεν
1028 3637 1349 3707 ἀμπελῶνα,
1377 3657 1394 3689 ι
1421 3638 1666 3707 ἔγνωσαν
1698 3639 1781 3692 ὃτι

195 3728 332 3801 περὶ
380 3728 560 3782 αὐτῶν
592 3728 740 3799 λέγει
772 3728 915 3784 κατά
945 3730 1045 3801 μὲν
1077 3729 1176 3801 τὴν
1219 3731 1412 3803 ἑτέραν
1444 3730 1780 3803 παραϐολὴν,

195 3822 285 3875 ὅτι
315 3814 471 3873 εἶπεν
507 3821 535 3872 ὁ
565 3818 817 3892 δεύτερος
855 3819 1003 3883 υἱός·
1042 3839 1062 3871 ‹
1110 3819 1272 3890 Ἐγὼ,
1334 3820 1513 3891 κύριε,
1547 3822 1643 3874 καὶ
1684 3822 1782 3875 οὐκ

1888 1971 2036 2028 nime
2066 1972 2170 2027 loci
2197 1972 2363 2042 hujus
2390 1982 2577 2044 posset
2606 1973 2917 2040 dilIicultas,
2932 1975 2980 2031 si
3012 1975 3084 2031 ita
3109 1985 3171 2032 ut
3196 1976 3265 2032 de
3288 1976 3473 2047 priore

1884 2064 2147 2134 scriptum
2175 2075 2259 2119 est
2289 2064 2333 2096 ¹³
2368 2082 2380 2118 :
2425 2082 2442 2114 ι
2481 2063 2710 2122 Locavit
2751 2081 2873 2121 eam
2922 2068 3199 2135 agricolis,
3239 2088 3261 2121 ι
3297 2068 3366 2125 de
3389 2069 3472 2124 al-

1887 2162 2001 2207 tero
2029 2153 2296 2223 scriptum
2330 2154 2534 2223 pariter
2564 2154 2759 2213 fuisset
2781 2158 3019 2214 locatum
3054 2159 3186 2216 illud
3219 2160 3285 2217 iri
3322 2163 3471 2231 genti

1886 2245 2107 2303 facienti
2156 2249 2370 2302 fructus
2413 2247 2572 2317 ejus;
2627 2250 2752 2305 etsi
2780 2250 3337 2320 quemadmodumde
3368 2268 3468 2324 po-

1884 2340 2211 2397 sterioribus
2256 2341 2463 2396 dictum
2509 2350 2596 2397 est
2627 2341 2671 2374 “
2715 2360 2728 2397 :
2782 2362 2800 2394 ι
2835 2341 2902 2396 Et
2955 2343 3175 2399 dabitur
3216 2345 3364 2416 genti
3388 2343 3481 2402 fa-

1885 2433 2049 2489 cienti
2096 2434 2310 2490 fructus
2339 2433 2480 2505 ejus,
2515 2452 2535 2485 ι
2573 2434 2642 2489 de
2665 2434 2847 2504 priore
2879 2449 3099 2505 quoque
3124 2435 3352 2495 dixisset
3372 2437 3471 2494 de-

1885 2524 2033 2581 disse
2073 2539 2194 2580 eam
2229 2524 2505 2596 agricolis.
2565 2526 2745 2596 Atque
2793 2526 2911 2582 haec.
2942 2528 3160 2596 quidem
3208 2529 3366 2586 nobis
3398 2530 3468 2586 atl

1888 2617 2034 2672 hunc
2082 2617 2267 2673 locum
2319 2617 2483 2672 dubia
2532 2627 2724 2673 exorta
2770 2628 2931 2685 sunt;
2976 2635 3144 2689 super
3169 2620 3254 2676 his
3283 2632 3467 2678 autem

1886 2710 2031 2781 quod
2082 2709 2241 2766 nobis
2288 2710 2468 2765 visum
2515 2710 2617 2766 fuit
2665 2712 3013 2781 protulimus.
3054 2712 3157 2780 Qui
3190 2728 3319 2770 vero
3348 2730 3467 2776 mea

1886 2803 2025 2858 liora
2070 2803 2380 2874 excogitare
2422 2812 2475 2858 et
2524 2818 2829 2874 proponere
2878 2808 3100 2876 poterit,
3154 2823 3265 2878 pra:
3307 2809 3470 2864 nobis

1887 2895 2163 2950 audiatur.

1958 2988 2048 3042 15.
2094 3006 2113 3039 ι
2148 2986 2364 3044 Etcum
2395 2989 2681 3045 audissent
2725 2988 2999 3061 principes
3039 2991 3386 3048 sacerdotum
3412 3003 3469 3049 et

1887 3080 2148 3137 Pharisaei
2179 3081 2467 3151 parabolas
2493 3082 2634 3152 ejus,
2662 3096 3035 3153 cognoverunt
3060 3084 3208 3153 quod
3234 3084 3301 3140 de
3331 3086 3466 3156 ipsis

1887 3173 2112 3229 diceret.
2179 3170 2245 3227 Et
2271 3182 2581 3243 quarentes
2608 3187 2733 3228 eum
2769 3181 2981 3239 tenere,
3014 3174 3315 3230 timuerunt
3347 3186 3467 3230 tur-

1889 3264 2022 3331 bas,
2058 3263 2321 3335 quoniam
2367 3264 2512 3319 sicut
2539 3264 2859 3333 prophetam
2888 3279 3013 3320 cum
3041 3265 3315 3322 habebant
3340 3268 3404 3323 ".
3440 3287 3464 3323 ο

1887 3355 2023 3411 Cum
2064 3357 2345 3412 audissent
2392 3357 2666 3426 principes
2712 3358 3057 3412 sacerdotum
3106 3366 3161 3413 et
3205 3358 3469 3417 Pharisaei

1887 3450 2176 3520 parabolas
2197 3450 2337 3520 ejus,
2355 3464 2585 3519 quarum
2609 3452 2831 3505 alterius
2855 3450 3070 3507 initium
3097 3451 3228 3509 illud
3253 3454 3426 3511 erat“
3450 3473 3465 3511 :

1896 3563 1914 3595 ι
1968 3543 2146 3599 llomo
2196 3544 2420 3614 quidam
2474 3541 2707 3597 habebat
2751 3542 2891 3597 duos
2940 3543 3115 3609 filios;
3170 3564 3191 3597 ο
3242 3546 3471 3603 alterius

1890 3651 2019 3694 vero
2046 3637 2086 3668 ⁸⁷
2123 3655 2137 3691 :
2173 3654 2192 3688 ι
2224 3634 2398 3690 Homo
2449 3646 2565 3689 erat
2612 3633 3027 3704 paterfamilias,
3059 3637 3152 3706 qui
3202 3638 3470 3708 plantavit

1892 3730 2142 3793 vineam,
2182 3748 2200 3779 ι
2244 3728 2315 3783 de
2338 3743 2396 3782 se
2420 3728 2607 3796 ipsum
2660 3727 2806 3796 loqui
2843 3737 3250 3796 cognoverunt;
3295 3729 3469 3785 altera

1891 3820 2109 3890 quidem
2158 3818 2447 3889 parabola,
2493 3818 2621 3887 quia
2664 3817 2803 3872 dixit
2847 3817 3121 3872 secundus
3176 3819 3322 3874 filius
3356 3820 3398 3852 ¹⁸
3451 3861 3466 3874 .

197 3912 434 3984 ἀπῆλθεν
468 3932 487 3964 ι
513 3911 655 3968 κατὰ
677 3912 734 3966 δὲ
762 3913 862 3985 τὴν
883 3912 1097 3983 λοιπὴν,
1118 3913 1222 3980 ὅτι,
1251 3913 1374 3965 ἐπεὶ
1396 3911 1612 3985 εἴρηται
1640 3912 1779 3986 αῦτη

197 4007 346 4060 κατὰ
367 4005 437 4059 τὰ
452 4004 749 4077 λελεγμένα
766 4006 908 4060 κατὰ
921 4006 1029 4059 τῶν
1046 4006 1468 4078 ἁμαρτανόντων
1497 4005 1781 4080 προτέρων

1412 4145 1638 4202 VETUS
1677 4141 2255 4201 INTERPRETATIO.

198 4242 269 4315 de
290 4255 363 4315 _eo_
394 4259 406 4294 :
433 4248 488 4295 et
520 4241 721 4315 nemini
753 4242 847 4313 qui
875 4257 907 4315 a
939 4250 1160 4315 peccato
1194 4252 1474 4315 regnatur,
1505 4244 1669 4300 datur
1707 4258 1934 4315 regnum
1965 4240 2076 4296 Dei.
2141 4240 2248 4296 Sed
2277 4240 2420 4296 dicet
2447 4239 2647 4315 aliquis
2682 4260 2695 4295 :
2735 4238 2807 4315 Si
2821 4242 3024 4315 nemini
3050 4243 3212 4315 datur
3238 4259 3467 4314 regnum

202 4311 305 4367 Dei
342 4311 699 4385 fructusjejus
729 4311 835 4368 non
865 4311 1105 4382 facienti,
1149 4311 1426 4384 quoinodo
1476 4315 1549 4370 illi
1586 4311 1789 4385 populo
1816 4313 2003 4385 datum
2035 4321 2119 4385 est
2138 4327 2175 4385 Aa
2208 4326 2317 4382 quo
2337 4320 2401 4385 et
2427 4311 2665 4385 ablatum
2691 4312 2811 4366 est?
2841 4314 3168 4385 AConsidera
3191 4316 3237 4369 si
3272 4311 3468 4385 pussu-

203 4398 333 4455 mus
359 4381 492 4455 dare
524 4383 774 4437 idoneam
808 4385 1074 4440 rationem
1105 4381 1335 4439 in'tauta
1365 4381 1678 4441 difﬁcultate.
1707 4381 2394 4455 quaestionishujusinodi.
2437 4382 2735 4455 considera
2759 4383 2885 4455 quia
2917 4399 3041 4438 cum
3072 4386 3230 4441 vinea
3256 4381 3332 4441 illi
3362 4402 3465 4455 po-

202 4454 338 4524 pulo
371 4452 699 4524 traderetur,
730 4470 834 4509 non
859 4463 944 4510 est
966 4455 1173 4510 dictum
1204 4474 1217 4508 :
1252 4455 1320 4510 Et
1341 4457 1490 4511 dedit
1516 4471 1637 4511 eam
1669 4452 1919 4510 colonis:
1956 4453 2049 4507 sed
2070 4454 2155 4524 ita
2189 4469 2204 4507 :
2240 4471 2257 4503 ‹
2292 4452 2535 4524 Locavit,
2576 4471 2594 4504 ι
2650 4463 2764 4517 aut,
2798 4453 2942 4509 sicut
2993 4455 3268 4512 iri-Graeco
3297 4452 3466 4512 habe-

199 4521 336 4579 tur:
378 4543 397 4575 ι
428 4522 673 4594 Tuadidit
718 4540 837 4578 eam
884 4525 1116 4581 colonis.
1152 4544 1169 4576 ι
1230 4524 1332 4581 llic
1379 4536 1559 4582 autem
1606 4527 1835 4582 habetur
1872 4543 1884 4579 :
1922 4542 1942 4575 ι
1973 4521 2265 4577 Auferetur
2310 4538 2340 4577 a
2366 4523 2520 4578 vobis
2544 4538 2770 4594 regnum
2793 4565 2807 4589 ,
2837 4533 2891 4579 et
2920 4526 3140 4581 dabitur
3168 4527 3290 4582 aliis
3315 4528 3465 4583 eolu—

1897 3930 1916 3964 ι
1948 3911 2083 3983 Ego,
2123 3908 2368 3977 domine,
2404 3922 2455 3965 et
2489 3924 2598 3964 non
2622 3909 2748 3977 ivit;
2789 3930 2808 3961 ι
2847 3910 2952 3965 alia
2987 3925 3134 3973 vero,
3163 3913 3294 3980 quia
3319 3923 3471 3983 pust-

1890 4018 2055 4076 quam
2109 4003 2225 4074 ipsa
2269 4012 2462 4057 contra
2503 4003 2716 4073 priores
2762 4003 3029 4074 agricolas
3076 4005 3297 4062 sceleris
3345 4022 3468 4064 reos

202 4596 346 4667 nis.»
363 4590 763 4667 indissolubilis
784 4595 930 4650 enim
952 4609 1069 4650 erat
1092 4598 1320 4667 qumstio
1342 4597 1385 4650 si
1409 4596 1868 4667 quemadmodum
1892 4595 2031 4649 dixit
2057 4594 2186 4658 illic,
2212 4612 2231 4645 ι
2257 4594 2457 4667 locavit
2485 4613 2503 4645 ι
2525 4590 2635 4667 aut'_
2653 4595 2939 4667 «tradidit,
2966 4616 2999 4667 »Α
3021 4597 3272 4653 similiter
3296 4607 3351 4654 et
3376 4599 3467 4655 hic
3584 4626 3601 4637 -

201 4666 457 4730 dixisset,
495 4682 513 4714 ι
547 4665 763 4731 locavit,
800 4686 819 4717 ι
854 4674 949 4721 aut
982 4684 1001 4716 ‹
1034 4664 1257 4735 tradidit
1294 4686 1312 4718 ι
1349 4664 1471 4723 eam
1517 4667 1640 4722 aliis
1674 4666 1886 4722 colonis
1924 4683 1937 4718 :
1971 4664 2549 4735 autquemadmodum
2586 4664 2723 4719 dixit
2750 4665 2878 4719 hic:
2916 4684 2936 4718 ι
2978 4665 3136 4723 Dabit
3175 4682 3295 4725 eam
3341 4670 3468 4726 aliis

201 4735 439 4810 colonis.
474 4754 494 4786 ι
535 4745 586 4790 et
630 4736 741 4790 illic
772 4737 844 4790 ita
877 4737 1127 4810 dixisset,
1159 4734 1317 4792 Dedit
1357 4753 1477 4793 eam
1526 4738 1737 4810 colonis
1772 4755 1786 4792 :
1814 4736 2072 4810 quoniam
2106 4734 2265 4810 :quod
2312 4734 2505 4797 datur,
2527 4735 2863 4810 intelligitur
2890 4738 3035 4807 quod
3067 4740 3239 4810 gratis
3263 4739 3464 4806 datur;

201 4807 363 4881 quod
390 4806 598 4881 locatur
626 4815 811 4881 autem
839 4816 895 4881 et
922 4808 1175 4881 traditur,
1212 4825 1317 4863 non
1342 4810 1567 4881 omnino
1597 4809 1766 4881 gratis
1789 4808 1975 4864 datur.
2015 4806 2225 4881 Quibus
2258 4820 2389 4881 ergo
2421 4805 2678 4881 tradidit,
2723 4805 2818 4881 aut
2842 4805 3200 4881 locavitfnon
3235 4810 3462 4866 omnino

200 4875 366 4946 quasi
392 4877 583 4950 electis
612 4885 666 4931 et
694 4877 941 4934 ﬁdelibus
976 4879 1199 4933 tradidit
1230 4889 1322 4934 aut
1356 4879 1554 4934 locavit
1587 4875 1837 4950 {quibus
1871 4886 2052 4933 autem
2084 4875 2337 4940 donavit,
2356 4891 2481 4931 cum
2506 4875 2714 4947 judicio
2737 4877 3022 4934 electionis
3046 4881 3241 4934 merito
3267 4888 3475 4935 eorum.

202 4947 449 5002 donavit.
1654 4947 1668 4950 ⁷
1850 4970 1853 4973 λ

275 5018 365 5092 l3.
405 5036 441 5092 ξ
467 5015 682 5071 Etcum
713 5017 996 5073 audissent
1029 5018 1304 5089 principes
1334 5020 1675 5076 sacerdotum
1721 5028 1775 5075 et
1818 5018 2077 5092 Pharisaei
2107 5017 2408 5092 parabolas
2423 5016 2580 5086 ejus,
2618 5027 2993 5092 cognoverunt
3027 5019 3182 5092 quod
3216 5020 3283 5076 de
3328 5020 3462 5092 ipsis
3510 5024 3515 5031 ’

200 5088 359 5143 dicit.
402 5086 475 5160 Et
499 5098 805 5160 quanfentes
834 5103 958 5141 eum
995 5086 1531 5160 tenere,—timuerunt
1558 5093 1766 5153 turbas.
1802 5091 2062 5160 quoniam
2090 5086 2232 5142 sicut
2260 5089 2575 5160 prophetam
2603 5086 2726 5141 eum
2759 5086 3057 5160 habebant.
3083 5108 3101 5140 ι
3142 5089 3207 5144 Et
3234 5086 3467 5159 quicun-

199 5174 309 5229 que
337 5158 676 5213 insidiatorie
708 5159 896 5212 volunt
924 5169 1105 5214 tenere
1127 5157 1366 5215 Verbum
1397 5163 1661 5226 veritatis,
1700 5170 1758 5215 ut
1781 5157 2049 5231 quantum
2084 5159 2150 5211 ad
2178 5174 2237 5214 se
2269 5158 2600 5212 mox-liticent
2624 5173 2771 5223 eum,
2803 5158 2856 5212 hi
2890 5174 3169 5228 nunquam
3204 5157 3466 5232 peteruut

275 5296 321 5329 "
342 5294 535 5351 Matth.
568 5312 682 5363 xxI,
711 5296 801 5351 45.
881 5298 925 5330 ¹³
950 5299 1079 5354 ibid.
1110 5298 1199 5354 33.
1281 5300 1325 5333 ιδ
1357 5300 1487 5355 ibid.
1522 5301 1612 5354 45.
1695 5301 1737 5332 ’⁸
1767 5301 1779 5353 i

1888 5339 1898 5353 .
1925 5299 2016 5365 45,
2050 5299 2140 5353 46.
2220 5299 2265 5330 ¹⁶
2294 5299 2425 5355 ibid.
2451 5299 2542 5356 28.
2622 5300 2664 5331 ¹⁷
2694 5298 2826 5353 ibid.
2861 5299 2951 5354 55.
3031 5300 3074 5332 ⁸⁸
3097 5300 3229 5357 ibid.
3261 5301 3352 5357 30.

273 5384 388 5484 (885
433 5411 553 5465 Οὐκ
584 5411 809 5484 εἴρηται
837 5410 934 5479 δή,
965 5422 1069 5469 etc.
1108 5413 1233 5470 Haec
1259 5415 1530 5470 subtiliter
1556 5414 1775 5484 quidem
1885 5415 1990 5468 hoc
2034 5413 2155 5484 loco
2199 5410 2515 5468 Iudaeorum
2565 5411 2877 5484 gentiumve
2908 5411 3100 5484 merita
3141 5412 3460 5484 neutiquam

199 5481 270 5535 ab
303 5482 538 5603 Urifene
564 5482 729 5547 dicta,
759 5493 813 5537 at
846 5500 952 5537 non
984 5485 1205 5553 perinde
1236 5502 1359 5540 vera
1397 5501 1518 5539 esse
1545 5481 1777 5539 arbitra-

202 5564 291 5603 tur
317 5550 398 5603 Ma
426 5552 658 5603 donatus
686 5569 697 5603 :
737 5573 755 5603 ‹
793 5552 928 5603 Nam
958 5570 1133 5603 nemus
1156 5554 1348 5603 Judaei-
1376 5559 1568 5603 innuit-
1607 5555 1777 5603 magis

202 5564 291 5606 tur
317 5550 658 5606 Maldonatus
686 5569 697 5603 :
737 5573 755 5605 ‹
792 5552 928 5608 Nam
955 5550 1133 5626 neque
1156 5554 1350 5622 Judaei,
1376 5559 1569 5626 inquit,
1607 5555 1779 5625 magis

201 5638 368 5691 qnam
413 5632 632 5693 gentes,
684 5634 741 5677 ut
777 5625 885 5679 illis
918 5624 1071 5679 vinea
1099 5626 1388 5692 locaretur,
1427 5624 1775 5690 meruerunt;

204 5708 383 5762 neque
434 5695 685 5761 gentibus
731 5696 913 5749 minus
962 5711 1127 5764 quam
1168 5693 1391 5761 Judxis,
1427 5698 1471 5751 si
1517 5697 1652 5751 bene
1698 5700 1778 5750 vi-

205 5780 361 5817 neam
398 5764 697 5829 coluerint,
746 5781 956 5820 merces
1006 5769 1275 5835 promissa
1320 5776 1427 5823 est.
1467 5786 1486 5819 ι
1528 5765 1778 5836 Origenis

202 5842 441 5889 utentem
467 5849 658 5904 parum
689 5836 902 5890 videtur
924 5846 1209 5893 assecutus
1233 5837 1312 5893 vir
1343 5838 1624 5908 eruditus;
1650 5852 1777 5892 nam

528 5923 793 5991 ιἈτιιοι..
835 5931 952 5992 Gn.
994 5931 1168 5996 Xlil.

1882 5483 2484 5540 attenditAdamantius
2517 5500 2529 5534 :
2563 5482 2614 5537 id
2645 5484 2821 5555 solum
2850 5482 2984 5548 vult,
3016 5498 3123 5555 non
3154 5482 3462 5555 aequo—jure

1883 5556 2122 5618 vineam,
2153 5569 2275 5624 quae
2298 5562 2381 5608 est
2415 5568 2640 5625 regnum
2668 5552 2782 5616 Dei,
2808 5562 2996 5625 gentes
3023 5551 3310 5609 JudaeuSve
3337 5551 3464 5625 pos-

1885 5627 2122 5690 sedisse;
2158 5623 2254 5679 seu
2302 5625 2388 5679 his
2424 5623 2583 5693 quasi
2614 5623 2956 5693 mancipibus
2986 5625 3053 5679 ad
3082 5633 3290 5680 certum
3320 5623 3462 5681 tem-

1885 5709 1987 5764 pus
2020 5696 2274 5760 locatam,
2304 5695 2524 5749 demum
2567 5694 2737 5748 fuisse
2768 5693 3042 5759 ablatam;
3079 5695 3330 5764 gentibus
3361 5713 3465 5750 au-

1884 5774 1991 5888 nun
2028 5766 2101 5819 ita
2130 5781 2254 5821 esse
2305 5765 2581 5833 traditam,
2632 5774 2689 5820 ut
2732 5767 2956 5835 propria
3009 5766 3251 5837 ipsarum
3290 5768 3461 5823 lieres.

1936 5850 2146 5888 UETIUS.

1936 5850 2146 5891 UETIUS.

3079 5928 3158 5991 ΕΒ
