3962 6540
227 426 256 483 1
274 428 388 486 ’ἰὶι

1570 427 1637 486 ΙΝ
1677 425 2093 487 MATTIUEUM
2130 433 2369 493 TOMUS
2400 435 2565 493 XVII.

3387 446 3523 503 ιδεε

214 547 363 618 γὰρ
394 544 468 619 μὴ
502 544 601 613 ὢν,
636 565 655 598 ι
694 545 850 617 φησὶ,
885 565 904 599 ι
942 547 1059 619 μετ’
1103 545 1262 620 ἐμοῦ,
1295 547 1414 601 κατ’
1446 548 1580 620 ἐμοῦ
1608 552 1776 604 ἐστιν.

1945 553 2146 608 sentire
2166 555 2448 611 credentes
2480 554 2823 627 iniquitatem
2850 556 2907 614 iii
2936 560 3172 620 sublime
3198 562 3520 636 loquuntur,

212 631 402 687 Οὕτω
430 634 507 700 δὲ,
548 634 653 689 κᾶν
686 639 993 707 συνάγωσιν
1048 640 1098 692 ὀί
1160 639 1235 713 μὴ
1275 638 1545 712 τάἀληθῆ
1579 641 1712 713 περὶ
1739 639 1815 693 τοὶ

1942 649 1997 695 et
2025 642 2306 701 Conditori
2332 645 2676 713 obtrectant;
2728 662 2854 703 cum
2894 664 2961 706 eo
2994 654 3198 725 quippe
3223 631 3334 712 non
3368 631 3519 727 sunt,

212 724 374 780 Υίοῦ
415 728 743 801 φρονοῦντες
777 732 837 784 ἐν
866 729 944 802 τῷ
981 731 1207 803 ὀνόματι
1243 731 1440 804 Ἰησοῦ,
1477 733 1832 805 σκορπίζουσι

212 817 447 889 μᾶλλον
481 818 514 893 ἢ
539 821 857 891 συνάγουσι.
879 824 1017 894 Φησὶ⁵
1042 825 1152 897 γὰρ
1174 826 1203 879 6
1242 825 1453 899 Σωτήρ·
1491 845 1511 879 ι
1556 828 1667 882 Καὶ
1692 829 1720 881 6
1757 830 1832 902 μὴ

209 911 491 982 συνάγων
513 916 631 986 μετ’
654 914 813 987 ἐμοῦ,
847 916 1187 988 σκορπίζει.»
1211 917 1321 973 Καὶ
1352 918 1613 991 πρόσχες,
1649 920 1731 974 ὃτι
1756 922 1831 996 μὴ

207 1002 456 1077 εἴρηται
485 1006 690 1072 ἁπλῶς·
750 1027 771 1062 ι
804 1009 863 1064 ’0
898 1010 973 1082 μὴ
1023 1011 1272 1081 συνάγων
1312 1012 1654 1086 σκορπίζει-ι
1695 1014 1833 1075 ἀλλά

209 1097 381 1169 μετά
406 1099 669 1173 ἀκριϐοῦς
702 1103 1024 1177 προσθήκης
1055 1105 1176 1177 τῆς,
1211 1127 1228 1157 ι
1258 1108 1580 1180 μετ’ἐμοῦ·ι
1610 1110 1691 1163 δεῖ
1722 1110 1831 1184 γὰρ

204 1192 324 1247 τὸν
356 1195 662 1266 συνάγοντα
694 1199 813 1269 μετ’
838 1197 1006 1254 αὐτοῦ
1043 1199 1317 1269 συνάγειν.
1372 1201 1607 1273 Νοήσεις
1653 1202 1710 1255 δὲ
1740 1201 1831 1257 τὸν

209 1290 358 1357 μετ’
391 1289 557 1343 αὐτοῦ
590 1291 911 1362 συνάγοντα,
937 1294 1240 1365 ἐπιστήσας
1272 1291 1369 1364 τῷ·
1406 1312 1424 1345 ι
1449 1293 1830 1365 Συναχθέντων

206 1376 393 1448 ὐμῶν
424 1381 518 1433 καὶ
542 1379 637 1434 τοῦ
683 1381 818 1453 ἐμοῦ
854 1381 1184 1454 πνεύματος,
1231 1383 1329 1437 σὺν
1360 1386 1423 1456 τῇ
1469 1384 1698 1456 δυνάμει
1734 1386 1826 1441 τοῦ

205 1469 444 1540 Κυρίου
488 1472 685 1544 Ἰησοῦ,
722 1473 1055 1545 παραδοῦναι
1110 1475 1202 1528 τὸν
1230 1475 1477 1530 τοιοῦτον
1502 1475 1581 1549 τῷ
1612 1479 1828 1550 Σατανᾷ

204 1563 307 1627 είς
335 1563 559 1637 ὄλεθρον
613 1565 713 1637 τῆς
767 1567 1024 1639 σαρκόςοι
1084 1568 1147 1621 τὸ
1198 1569 1325 1640 γάρ·
1383 1587 1402 1620 ι
1445 1567 1826 1639 Συναχθέντων

205 1654 390 1726 ὑμῶν
422 1656 517 1711 καὶ
547 1657 639 1711 τοῦ
672 1656 809 1729 ἐμοῦ
837 1658 1168 1730 πνεύματος,
1223 1660 1322 1714 σὺν
1355 1663 1422 1733 τῇ
1449 1660 1680 1733 δυνάμει
1732 1660 1824 1716 τοῦ

205 1745 441 1818 Κυρίου
482 1748 679 1821 Ἰησοῦ,
695 1771 713 1801 i
733 1749 887 1823 δηλοῖ
908 1752 1000 1805 τὸν
1023 1753 1323 1823 συνάγοντα
1360 1756 1478 1825 μετ’
1509 1755 1694 1809 αὑτοῦ.
1714 1755 1825 1809 Καὶ

201 1839 323 1893 οὐκ
359 1840 427 1895 ἂν
477 1841 659 1912 λέγοις
691 1843 773 1897 τό·
807 1862 827 1896 ι
849 1846 1236 1917 Συναχθέντων
1277 1847 1433 1918 ὑμῶν
1475 1848 1532 1901 ἐν
1557 1851 1621 1920 τῇ
1665 1848 1822 1904 δυνά-

1936 740 1991 788 et
2016 734 2221 793 idcirco
2237 737 2498 795 adversus
2513 755 2638 794 eum
2662 749 2793 796 sunt
2815 756 2828 793 :
2857 760 2878 794 ι
2901 740 3005 810 Qui
3028 747 3194 815 enim,
3209 768 3226 800 i
3250 749 3428 821 inquit
3446 750 3516 817 ”,

1942 842 1962 877 ι
1988 841 2096 882 non
2132 841 2218 885 est
2247 846 2489 898 mecum,
2516 843 2706 889 contra
2741 851 2829 893 me
2852 845 2954 893 est.
2985 856 3004 890 i
3045 838 3305 897 Similiter
3331 853 3513 899 autem

1935 921 2189 989 quamvis
2232 922 2286 977 in
2331 926 2555 982 nomine
2582 924 2712 983 Jesu
2771 939 3136 1001 congregem,
3166 932 3261 1003 qui
3293 949 3420 991 vera
3448 935 3516 993 de

1934 1010 2074 1070 Filio
2099 1030 2210 1070 non
2243 1017 2525 1086 sentiunt,
2570 1033 2836 1093 spargunt
2880 1024 3064 1094 potius
3094 1039 3258 1093 quam
3286 1041 3514 1100 congre-

1933 1119 2098 1193 gant;
2143 1110 2219 1165 ait
2244 1110 2445 1182 quippe
2487 1111 2843 1169 Servator":
2878 1136 2897 1170 ι
2931 1115 2995 1172 Ει
3020 1117 3114 1188 qui
3147 1134 3254 1173 non
3288 1133 3516 1192 congre-

1932 1212 2023 1275 gat
2052 1217 2304 1270 mecum,
2357 1205 2581 1276 spargit.
2614 1226 2634 1259 ι
2664 1206 3049 1264 Animadverte
3094 1216 3276 1265 autem
3311 1211 3512 1267 dictum

1933 1310 2041 1350 non
2072 1294 2244 1352 fuisse
2288 1297 2649 1368 simpliciter:
2684 1316 2704 1351 ι
2732 1298 2836 1366 Qui
2861 1316 2969 1356 non
3006 1311 3331 1373 congregat,
3361 1319 3514 1374 spar-

1930 1389 2040 1460 git;
2075 1409 2093 1442 i
2131 1390 2228 1445 sed
2255 1405 2378 1445 cum
2407 1402 2569 1448 cauto
2598 1391 2703 1448 hoc
2735 1401 2790 1448 et
2812 1393 3086 1464 exquisito
3116 1394 3509 1463 additamento,

1935 1499 1954 1533 ι
1985 1497 2231 1550 mecum;
2266 1502 2285 1535 ι
2340 1490 2556 1554 oportet
2593 1484 2737 1539 enim
2770 1494 2830 1542 ut
2870 1488 2962 1556 qui
2999 1496 3326 1560 congregat,
3379 1505 3512 1546 con-

1928 1580 2111 1643 greget
2141 1587 2267 1627 cuin
2303 1588 2389 1627 eo.
2416 1571 2520 1639 Qui
2551 1583 2732 1629 autem
2765 1590 2890 1631 cum
2917 1591 2983 1631 eo
3013 1586 3338 1649 congregat,
3368 1579 3511 1636 hunc

1926 1662 2235 1733 dignosces,
2281 1664 2328 1719 si
2360 1663 2428 1719 ad
2456 1663 2509 1719 id
2537 1665 2833 1721 attenderis
2860 1665 2903 1698 ἰ
2936 1683 2948 1719 :
2982 1686 3000 1719 ι
3028 1667 3381 1738 Congregatis
3411 1683 3507 1725 vo-

1927 1755 2011 1811 bis
2042 1765 2095 1811 et
2125 1772 2248 1812 mco
2278 1757 2471 1828 spiritu
2492 1799 2507 1824 ,
2546 1774 2671 1815 cum
2703 1759 2904 1816 virtute
2938 1759 3151 1815 Domini
3178 1758 3308 1816 Jesu
3328 1803 3341 1827 ,
3391 1772 3503 1818 tra-

1924 1847 2054 1904 dere
2105 1847 2418 1918 huiusmodi
2446 1850 2660 1905 Satanas
2691 1849 2745 1904 in
2773 1851 3050 1906 interitum
3080 1853 3281 1909 carnis.
3314 1871 3333 1905 ι
3371 1851 3505 1908 lllud

204 1950 315 2004 μει
353 1933 448 1987 τοῦ
484 1934 692 2007 Κυρίου
728 1936 960 2008 Ἰησοῦ,›
989 1938 1252 2012 ἁρμόζειν
1282 1942 1396 2005 τοῖς
1423 1941 1540 2012 ήτοι
1569 1939 1708 2013 μετά
1727 1940 1815 1996 τοῦ

1923 1942 2105 1997 eiiiin:
2136 1960 2155 1994 ι
2182 1940 2542 2013 Congregatis
2575 1943 2728 1999 vobis
2754 1951 2809 1998 et
2832 1959 2954 2000 nico
2989 1945 3207 2016 spiritu,
3246 1962 3370 2002 cum
3395 1947 3506 2000 vir-

203 2027 414 2091 κακῶς
441 2026 591 2098 βιοῦν
617 2030 961 2099 συνάγουσιν,
1009 2031 1127 2103 ἦτοι
1161 2033 1567 2104 συναγομένοις,
1613 2034 1645 2104 ή
1686 2034 1822 2105 μετά

202 2119 313 2174 τοῦ
341 2121 531 2184 κακῶς
552 2122 647 2176 καὶ
675 2121 888 2188 ἀσεϐῶς
925 2127 1142 2197 φρονεῖν
1169 2125 1296 2198 περὶ
1326 2125 1460 2180 Θεοῦ
1495 2125 1528 2198 ἢ
1562 2126 1655 2180 τοῦ
1686 2128 1822 2199 Χρι-

208 2212 357 2266 στοῦ
387 2213 576 2269 αὐτοῦ.
613 2214 800 2270 Ταῦτα
834 2217 929 2271 καὶ
948 2217 1040 2272 διὰ
1068 2218 1130 2272 τὸ
1158 2221 1287 2283 τοὺς
1339 2219 1530 2291 ὄχλους
1560 2222 1819 2292 φρονοῦν-

200 2323 317 2372 τας
375 2307 506 2380 περὶ
559 2306 654 2362 τοῦ
689 2309 887 2382 Ἰησοῦ,
918 2311 1047 2376 τοὺς
1094 2311 1233 2385 ὑπὲρ
1275 2312 1463 2377 αὑτοῦ,
1504 2313 1599 2368 καὶ
1639 2314 1818 2387 πολλῷ

200 2400 441 2455 ἔλαττον
474 2400 809 2474 φρονοῦντας
852 2401 954 2472 τῆς
1003 2402 1162 2468 ἀξίας
1199 2403 1390 2469 αὐτοῦ,
1428 2404 1684 2475 λέγεσθαι
1735 2409 1815 2473 εἰς

203 2495 508 2566 προφήτην
542 2494 706 2548 αὐτὸν
748 2493 1066 2565 ἐσχηκέναι.
1122 2494 1490 2562 Συνεξετάσας
1515 2496 1572 2551 δὲ
1604 2497 1816 2562 τούτοις

199 2585 312 2658 τὴν
336 2586 435 2641 τοῦ
468 2586 654 2641 Λουκᾶ
681 2587 811 2660 περὶ
841 2586 952 2641 τῶν
990 2585 1197 2659 ὁμοίων
1253 2587 1422 2655 λέξιν,
1465 2590 1812 2663 τρανότερον,

200 2674 393 2750 οἴμαι,
418 2680 854 2746 κατασκευάσεις
902 2681 973 2735 τά
1019 2683 1414 2755 προειρημένα*
1462 2683 1611 2749 ὅστις
1658 2684 1810 2755 φησι·

204 2786 230 2822 ι
252 2770 375 2823 Καὶ
397 2765 465 2842 ἦν
511 2770 783 2826 διδάσκων
813 2771 875 2826 τὸ
913 2771 1237 2844 καθημέραν
1271 2775 1329 2828 ἐν
1366 2773 1444 2845 τῷ
1478 2775 1630 2847 ἱερῷ.
1660 2777 1722 2829 Ut
1755 2774 1812 2829 δὲ

201 2861 516 2933 ἀρχιερεῖς,
543 2862 639 2915 καὶ
661 2864 709 2917 οἱ
740 2866 1107 2937 γραμματεῖς,
1136 2866 1230 2919 καὶ
1255 2866 1304 2918 οἱ
1331 2865 1695 2939 πρεσϐύτεροι
1716 2867 1809 2922 τοῦ

202 2951 345 3006 λαοῦ
399 2952 627 3026 ἐζήτουν
674 2955 839 3009 αὑτὸν
884 2955 1148 3011 ἀπολέσαι
1192 2960 1287 3012 καὶ
1340 2960 1438 3031 ούχ
1472 2959 1726 3034 εὕρισκον
1758 2962 1810 3016 τί

203 3044 558 3114 ποιήσουσιν·
606 3046 636 3099 ὁ
688 3046 799 3118 γὰρ
849 3044 978 3112 λαὸς
1044 3047 1191 3112 ἅπας
1251 3047 1587 3121 ἐξεκρέματο
1642 3050 1809 3106 αὐτοῦ

202 3136 453 3190 ἀκούωνο
490 3156 508 3189 i
547 3139 641 3192 καὶ
676 3139 734 3192 ἐν
776 3138 987 3205 τούτοις
1036 3141 1146 3213 γὰρ
1173 3139 1452 3212 δηλοῦται,
1485 3142 1566 3197 ὅτι
1618 3143 1667 3197 οἱ
1699 3142 1808 3197 τῶν

215 3227 537 3326 Ἰουδαῖκῶν
592 3229 985 3326 προϊστάμενοι
1031 3232 1376 3326 Δπαρανόμως
1412 3233 1603 3326 ,λόγων
1655 3234 1804 3326 (97),
1836 3270 1877 3326 c

201 3316 602 3390 ὀνομαζόμενοι
630 3319 927 3393 ἀρχιερεῖς,
960 3321 1056 3375 καὶ
1098 3325 1469 3395 γραμματεῖς,
1502 3323 1689 3398 ἐχθροὶ
1726 3323 1805 3397 τῷ

214 3409 425 3484 Ἰησοῦ,
460 3412 556 3467 καὶ
581 3413 944 3487 πρεσϐύτεροι
993 3413 1088 3469 τοῦ
1122 3415 1275 3483 λαοῦ,
1316 3414 1541 3488 ζητοῦσι
1572 3419 1672 3490 μὲν
1714 3419 1805 3473 τὸν

214 3504 435 3577 Ἰησοῦν
466 3507 754 3575 ἀπολέσαι,
788 3507 885 3562 καὶ
909 3508 1172 3577 ἀφανίσαι
1212 3511 1272 3563 τὸ
1297 3510 1471 3583 ὄνομα
1502 3511 1669 3565 αὐτοῦ
1694 3512 1804 3566 άπὸ

201 3598 320 3654 τῶν
352 3598 681 3673 ἀνθρώπων,
711 3602 805 3656 καὶ
839 3602 939 3676 τὴν
979 3603 1106 3676 περὶ
1136 3601 1303 3658 αὐτοῦ
1333 3603 1535 3658 πίστιν*
1578 3605 1677 3676 οὐχ
1710 3606 1802 3659 εὑ-

204 3692 461 3763 ρίσκουσι
489 3692 547 3748 δὲ
566 3692 620 3748 τί
649 3696 966 3767 ποιήσουσιν
995 3697 1075 3761 εις
1105 3695 1243 3768 ὅπερ
1278 3695 1559 3768 βούλονται
1590 3697 1806 3763 ἀνύσαι,

201 3784 307 3839 ἅτε
337 3784 741 3857 προληφθέντος
772 3787 971 3852 παντὸς
998 3785 1090 3841 τοῦ
1119 3788 1199 3851 εἰς
1225 3786 1389 3840 αὑτὸν
1415 3787 1808 3854 πιστεύσαντος

200 3875 365 3942 λαοῦ,
400 3875 496 3932 καὶ
518 3875 891 3949 ἐξηρτημένου
922 3876 1024 3948 τῆς
1067 3878 1150 3942 είς
1174 3876 1266 3930 τὸν
1321 3875 1530 3947 Ἰησοῦν
1560 3876 1803 3950 ἀγάπης,

202 3969 306 4024 καὶ
338 3968 755 4042 ἐκκρεμαμένου
781 3971 840 4025 ἐν
865 3969 943 4041 τῷ
963 3970 1184 4027 ἀκούειν
1211 3969 1313 4042 τῆς
1327 3970 1676 4036 διδασκαλίας
1702 3972 1800 4025 αύ-

201 4058 325 4125 τοῦ,
357 4060 455 4115 καὶ
505 4061 600 4114 τοῦ
645 4060 808 4132 λόγου
844 4060 1029 4117 αὐτοῦ.
1062 4062 1175 4118 Καὶ
1223 4061 1338 4116 ἐστι
1380 4079 1446 4132 γε
1486 4061 1646 4116 τοῦτο
1675 4062 1801 4117 ἰδεῖν

206 4151 376 4224 μέχρι
409 4150 504 4207 τοῦ
551 4152 731 4229 δεῦρο,
762 4152 887 4210 τίνα
935 4154 1137 4226 τρόπον
1194 4154 1416 4229 ζητοῦσι
1475 4155 1726 4210 καθελεῖν
1752 4158 1801 4209 οί

206 4246 641 4319 προϐαλλόμενοι
674 4246 774 4320 τὴν
798 4246 1097 4320 θεραπείαν
1129 4246 1225 4302 τοῦ
1254 4247 1391 4302 Θεοῦ
1420 4247 1497 4312 ὡς
1526 4247 1803 4320 ἀρχιερεῖς

203 4332 399 4399 αὐτοῦ,
455 4337 554 4390 καὶ
607 4335 708 4408 τὴν
740 4334 891 4391 θείαν
922 4337 1147 4410 Γραφὴν
1181 4335 1259 4402 ὡς
1291 4340 1663 4410 γραμματεῖς,
1707 4338 1804 4392 καὶ

1924 2041 2037 2088 tute
2072 2032 2293 2089 Domini
2321 2033 2448 2089 Jesu
2474 2077 2488 2100 ,
2527 2054 2545 2086 i
2585 2051 2708 2090 cum
2744 2034 2909 2107 790
2955 2036 3048 2091 illo
3085 2047 3503 2109 congregantcm

1920 2124 2176 2181 ostendit.
2208 2123 2319 2182 Nec
2344 2126 2527 2183 dicere
2553 2142 2724 2198 queas
2767 2127 2856 2183 illa
2882 2144 2895 2181 :
2928 2147 2947 2180 ι
2978 2127 3329 2201 Congregatis
3352 2130 3504 2187 vobis

1921 2215 1974 2270 in
2008 2215 2209 2271 virtute
2241 2214 2456 2272 Domini
2481 2214 2611 2273 Jesu
2632 2258 2648 2285 ,
2678 2235 2697 2269 ι
2730 2217 2797 2274 iis
2832 2220 3124 2275 convenire
3163 2220 3257 2291 qui
3290 2220 3371 2275 vel
3407 2235 3500 2275 ne«

1918 2308 2103 2377 quiter
2130 2307 2375 2365 viventes
2404 2321 2772 2382 congregant,
2805 2321 2902 2366 aut
2941 2321 3370 2384 congregantur,
3418 2312 3501 2368 vei
3610 2298 3621 2301 ⁷

1919 2400 2061 2455 male
2094 2408 2148 2455 et
2178 2400 2343 2472 impie
2371 2401 2438 2457 de
2480 2401 2591 2457 Deo
2623 2402 2907 2474 ipsiusque
2934 2402 3153 2460 Christo
3180 2405 3498 2460 sentientes.

1916 2489 2095 2561 Atque
2127 2490 2243 2546 haec
2266 2505 2332 2546 eo
2365 2491 2511 2548 dicta
2547 2504 2696 2558 sunt,
2720 2494 2865 2564 quod
2901 2495 3073 2550 turba:
3096 2511 3221 2566 quae
3250 2512 3348 2567 pro
3370 2494 3497 2551 Jesu

1917 2581 2171 2648 stabant,
2222 2590 2277 2638 et
2308 2583 2550 2653 aliquam
2596 2584 2666 2641 de
2703 2584 2834 2641 Iesu
2884 2586 3199 2656 opinionem
3239 2602 3497 2658 suscepe-

1916 2684 2071 2740 rant,
2107 2674 2201 2731 sed
2233 2675 2503 2732 minorem
2539 2691 2604 2733 ac
2645 2676 2813 2733 ferret
2856 2677 3031 2750 ipsius
3075 2680 3342 2752 dignitas,
3373 2696 3497 2736 eum

1915 2778 2177 2838 tanquam
2230 2769 2552 2840 prophetam
2612 2770 2871 2827 habuisse
2927 2771 3198 2827 dicantur.
3250 2772 3405 2840 Quod
3452 2790 3499 2830 si

1920 2858 2080 2915 Lucze
2116 2858 2183 2914 de
2214 2860 2406 2917 iisdem
2439 2861 2606 2916 rebus
2634 2862 2940 2917 orationem
2972 2878 3097 2919 cum
3127 2864 3276 2920 hisce
3305 2873 3502 2922 contu-

1912 2949 2042 3006 leris
2065 2990 2081 3014 ,
2114 2950 2338 3018 clarius,
2376 2952 2592 3023 Opinor,
2620 2968 2740 3022 quae
2770 2968 2937 3025 supra
2969 2954 3115 3010 dicta
3142 2964 3270 3010 sunt
3299 2956 3500 3026 proba-
3588 3028 3593 3033 Α

1913 3043 2086 3109 veris;
2122 3043 2215 3113 qui
2243 3044 2463 3114 quidem
2499 3045 2579 3100 sic
2608 3046 2685 3100 ait
2707 3045 2792 3101 "z
2829 3065 2847 3099 ι
2881 3046 2946 3101 Et
2974 3054 3092 3102 erat
3119 3046 3326 3103 docens
3358 3064 3497 3119 quo-

1912 3134 2041 3190 tidie
2088 3134 2141 3189 in
2185 3135 2410 3205 templo.
2457 3134 2740 3207 Principes
2770 3147 2953 3194 autem
3013 3138 3398 3209 sacerdotum,
3443 3154 3498 3199 et

1911 3226 2126 3295 scribae,
2148 3235 2204 3282 et
2227 3228 2473 3285 seniores
2494 3230 2681 3301 populi
2703 3231 3022 3300 quaerebant
3050 3232 3202 3288 illum
3226 3235 3453 3304 perdere
3475 3250 3496 3304 ς

1913 3325 1967 3373 et
1998 3331 2107 3371 non
2144 3316 2493 3374 inveniebant
2534 3320 2679 3390 quod
2716 3319 2958 3378 facerent
2984 3323 3060 3377 illi
3086 3341 3100 3381 :
3124 3326 3306 3382 omnis
3346 3329 3493 3383 enim

1912 3408 2150 3480 populus
2176 3424 2479 3480 suspensus
2507 3420 2626 3469 erat
2655 3412 2886 3470 audiens
2921 3414 3074 3469 illum
3099 3432 3113 3484 ;
3145 3433 3165 3468 ι
3206 3417 3261 3472 in
3290 3418 3377 3476 bis
3413 3420 3486 3477 εἰς

1911 3502 2134 3572 quidem
2177 3504 2489 3565 ostenditur
2526 3520 2622 3561 eos
2662 3506 2756 3576 qui
2796 3507 3099 3564 litterarum
3142 3507 3492 3569 Judaicarum

1911 3596 2111 3652 studiis
2152 3594 2339 3667 inique
2382 3606 2659 3667 praesunt,
2708 3600 2980 3671 principes
3019 3606 3363 3661 sacerdotum
3387 3645 3403 3671 ,
3436 3615 3492 3662 et

1909 3686 2120 3743 scribas
2147 3685 2277 3743 Jesu
2306 3686 2571 3756 infensos,
2596 3698 2652 3744 et
2685 3691 2867 3761 populi
2898 3693 3145 3750 seniores
3169 3696 3365 3763 dictos,
3393 3695 3489 3754 Je-

1908 3793 2031 3834 sum
2057 3778 2276 3848 quidem
2311 3778 2571 3849 perdere,
2616 3790 2672 3836 ct
2704 3797 2903 3838 nomen
2938 3784 3111 3855 ipsius
3141 3786 3490 3859 habitumque

1906 3868 1974 3925 de
1998 3884 2063 3925 eo
2092 3869 2252 3924 ﬁdem
2281 3884 2347 3924 ex
2377 3871 2665 3925 hominum
2699 3872 2976 3930 mentibus
3004 3874 3186 3932 delere
3205 3918 3220 3945 ,
3264 3887 3319 3934 et
3350 3880 3490 3936 obli-

1908 3970 2086 4017 terare
2142 3962 2313 4030 velle;
2380 3970 2436 4018 at
2496 3963 2773 4034 quomodo
2820 3967 3155 4023 voluntatem
3209 3985 3368 4027 suam
3419 3975 3488 4032 ad

1906 4051 2113 4108 exitum
2149 4053 2472 4124 provehant,
2508 4069 2616 4109 non
2653 4055 2912 4125 reperire,
2938 4067 3126 4128 utpote
3147 4070 3261 4118 toto
3287 4065 3489 4136 populo

1907 4146 2002 4217 qui
2042 4145 2147 4216 ipsi
2194 4145 2354 4201 (idem
2402 4145 2728 4201 adhibuerat
2765 4147 2880 4219 jam
2921 4158 3048 4206 ante
3092 4162 3393 4225 occupato,
3435 4167 3490 4213 et

1910 4254 2099 4295 amore
2133 4238 2247 4310 jam
2283 4254 2409 4295 cum
2442 4236 2574 4294 Jesu
2613 4239 2937 4310 conjuncta,
2985 4251 3040 4299 et
3088 4246 3158 4301 ab
3198 4262 3294 4303 ore
3342 4249 3489 4306 illius

1910 4331 2206 4404 pendente,
2235 4346 2360 4387 cum
2396 4330 2703 4388 doctrinam
2734 4332 2893 4402 illius
2941 4349 3359 4410 sermonemque
3388 4357 3487 4397 au-

1409 4446 1644 4506 VETUS
1683 4440 2275 4502 INTERPRETATIU.

203 4567 459 4624 videntes
486 4581 629 4633 eos,
655 4583 795 4646 quos
819 4568 1141 4646 existimant
1180 4584 1354 4646 puum
1383 4587 1396 4623 :
1428 4569 1585 4639 quasi
1617 4582 1813 4638 magna
1844 4566 1913 4621 de
1944 4579 2011 4621 eo
2038 4577 2232 4646 sapere
2258 4570 2632 4646 proponentes
2664 4563 3014 4635 iniquitatem
3051 4566 3108 4622 in
3146 4568 3365 4625 excelso
3402 4569 3483 4626 ιο.
3512 4550 3527 4563 ’

205 4647 491 4717 q_uunti_i_r,_
510 4646 566 4692 et
591 4638 1046 4717 majeloquentes
1079 4640 1146 4693 de
1177 4638 1288 4694 Deo
1311 4654 1422 4717 non
1446 4638 1587 4695 sunt
1629 4655 1730 4709 pro
1760 4653 1826 4694 eo
1855 4653 1868 4689 :
1901 4650 2012 4717 ηερ.
2030 4638 2177 4717 enim
2206 4643 2338 4716 sunt
2365 4648 2491 4689 cum
2517 4647 2613 4717 eo,
2631 4646 2915 4717 propterea
2952 4646 3084 4717 sunt
3115 4648 3481 4717 contraeuni,

209 4710 358 4771 sicut
387 4709 520 4764 dicit
552 4725 566 4761 :
607 4730 626 4763 ι

207 4919 555 4989 adiectione:
593 4940 612 4973 ι
642 4919 746 4987 Qui
776 4936 884 4975 non
917 4931 1213 4990 congregat
1245 4935 1480 4975 mecum.
1512 4940 1531 4973 i

657 4707 762 4776 Qui
792 4703 899 4765 non
930 4720 1013 4765 est
1042 4724 1288 4772 mecum,
1321 4710 1613 4765 adversum
1632 4703 1733 4764 'nie
1758 4717 1860 4764 est.
1892 4726 1911 4758 i
1958 4705 2050 4761 Sic
2099 4712 2154 4760 et
2197 4703 2245 4760 si
2287 4703 2755 4776 congrregant’qui
2786 4722 2895 4763 non
2924 4710 3143 4776 sapiunt
3168 4708 3235 4765 de
3262 4703 3483 4767 Christo

209 4722 358 4771 sicut
387 4722 520 4764 dicit
552 4725 566 4761 :
607 4730 626 4763 ι
657 4722 762 4776 uui
792 4725 899 4765 non
930 4722 1013 4765 est
1042 4724 1288 4772 mecum,
1321 4722 1613 4765 adversum
1647 4725 1733 4764 uie
1758 4722 1860 4764 est.
1892 4726 1911 4758 i
1958 4722 2050 4761 ate
2099 4722 2154 4760 ei.
2197 4722 2245 4760 si
2287 4722 2622 4775 congregant
2662 4722 2755 4776 qui
2786 4722 2895 4763 non
2924 4723 2985 4763 sa

204 4780 355 4850 quod
387 4795 576 4834 verum
604 4790 689 4836 est
719 4780 773 4833 iii
804 4777 1205 4861 iiominedesu,
1231 4778 1564 4861 dispergunt
1593 4779 1768 4861 magis
1791 4793 1957 4861 quam
1984 4786 2345 4914 congregant,
2391 4775 2537 4831 sicut
2560 4774 2678 4846 ipse
2714 4777 2845 4832 dicit
2876 4796 2891 4860 ε
2926 4796 2946 4831 ι
2975 4722 3023 4846 ὅ

205 4859 300 4914 gat
325 4865 564 4914 mecum,
592 4852 821 4914 spargit.
856 4868 874 4901 i
908 4849 976 4905 Et
1005 4849 1124 4905 vide
1152 4865 1282 4914 quia
1314 4865 1424 4906 non
1472 4850 1800 4914 simpliciter
1831 4848 2005 4903 diitit:
2038 4865 2058 4900 ι
2139 4861 2194 4902 ui
2225 4861 2335 4902 non
2366 4855 2682 4914 congregat,
2712 4856 2954 4914 spargit;
2993 4869 3013 4903 ι

205 4848 300 4921 gat
325 4865 564 4921 mecum,
592 4852 821 4921 spargit.
856 4868 874 4901 i
908 4849 976 4905 Et
1005 4849 1124 4905 vide
1152 4848 1282 4919 quia
1314 4848 1449 4906 non‘
1472 4848 2005 4921 simpliciter’dixit:
2038 4865 2058 4900 ι

3025 4779 3080 4834 ui
3109 4793 3217 4852 non
3257 4796 3484 4852 congre-

2139 4848 2194 4902 ui
2225 4861 2335 4902 non
2366 4855 2682 4927 cgiigregat,
2712 4848 2954 4919 spargit;
2993 4849 3140 4927 i_sed
3173 4848 3482 4927 cuAmca'uta

1559 4916 1665 4987 Qui
1692 4920 1836 4975 enim
1871 4927 2366 4989 congregat,gcu_m
2397 4916 2622 4989 Christo
2644 4916 2988 4989 congregare
3014 4920 3193 4975 debet.
3225 4918 3362 4986 Quid
3409 4924 3480 4979 sit

206 4986 390 5046 autem
419 4986 750 5073 congregare
776 5006 919 5073 _cum
959 4986 1179 5073 glfristo
1224 4990 1514 5073 intelliges,
1547 4986 2060 5073 sli;_cons_id‘eraveris
2082 4986 2235 5058 quod
2263 4986 2408 5073 dicit
2428 4986 2726 5073 Apostolus
2754 4986 3211 5073 :'(.CQllnggﬂtiS
3242 4990 3397 5073 vobis
3428 5004 3482 5047 et

208 5058 559 5143 meo_spi‘r_itu
587 5058 712 5143 cum
736 5063 940 5143 virtute
965 5059 1181 5142 Domini
1210 5061 1384 5143 nostri
1411 5060 1541 5116 Jesu
1567 5061 1780 5143 Christi.
1808 5060 2022 5143 tradere
2050 5058 2447 5143 euin.q_ui_tali‘s
2462 5065 2547 5143 est
2561 5058 2794 5143 “Satanae
2825 5058 2880 5113 in
2912 5058 3423 5143 interituin‘carnis.
3442 5082 3471 5143 ⁹ι

206 5131 367 5199 Quod
398 5125 554 5186 'enim
585 5132 721 5188 dicit
751 5148 764 5185 :
806 5150 823 5184 ι
852 5130 1214 5202 Congregatis
1251 5131 1406 5186 vobis
1448 5141 1503 5186 et
1545 5146 1668 5187 meo
1702 5132 1896 5202 spiritu
1918 5170 1933 5193 ,
1972 5145 2117 5202 cum_
2144 5125 2347 5183 virtute
2388 5125 2803 5202 AJesu_(_]liristi,
2840 5147 2861 5202 ξ
2905 5127 3220 5202 manifestat
3249 5131 3378 5202 quid
3411 5131 3482 5187 sit

209 5217 414 5274 congrc

207 5270 346 5329 Iesu
383 5270 610 5328 Christi.
644 5291 665 5326 i

490 5217 548 5256 re
573 5217 699 5258 cum
739 5216 826 5258 eo.
861 5201 926 5256 Et
960 5197 1202 5257 Hoc'non
1228 5202 1485 5257 convenit
1530 5203 1595 5257 ad
1644 5197 1747 5257 eos
1773 5201 1994 5256 dicere:
2029 5219 2047 5251 ι
2077 5197 2434 5324 Εοιιὲτεεοιίε
2465 5198 2619 5254 vobis
2653 5214 2777 5255 eum
2812 5199 3011 5255 virtute
3052 5197 3282 5282 Domini
3309 5203 3479 5257 nostri

490 5272 610 5324 isti.
644 5291 665 5324 i
703 5271 809 5324 Οιιί
840 5272 985 5324 enim
1026 5281 1360 5324 conureuant
1389 5286 1514 5324 cum
1549 5272 1691 5324 male
1720 5271 2063 5324 sapientibus
2092 5270 2159 5324 de
2238 5269 2434 5324 Ιιηειο.
2469 5283 2580 5323 non
2607 5278 2942 5324 conareizant
2970 5285 3095 5324 cum
3136 5268 3374 5324 Christo.
3415 5270 3479 5324 Et

703 5271 809 5340 Qui
840 5272 985 5328 enim
1008 5281 1514 5344 Aeongregantgcum
1549 5272 1691 5328 male
1720 5271 2063 5342 sapientibus
2092 5270 2159 5344 de

2238 5268 2434 5352 lll'itilf),
2469 5283 2580 5323 non
2607 5278 3110 5352 congregantcum
3136 5268 3380 5352 Ch‘risto.
3415 5270 3481 5327 Et

209 5342 553 5399 manifestius
579 5336 976 5422 hunc'sensum
1006 5336 1174 5422 habes
1197 5336 1340 5414 apud
1358 5342 1575 5422 _Lucam
1616 5336 1991 5422 ita.diceiitem
2021 5357 2033 5392 :
2067 5358 2086 5391 ι
2118 5338 2184 5393 Et
2213 5348 2333 5422 erat
2360 5339 2568 5422 docens
2594 5336 2921 5422 quptidiéjii
2952 5336 3482 5422 templo._liriiiripes

212 5424 397 5495 autem
439 5417 811 5495 sacerdotum,
840 5424 895 5470 et
927 5413 1143 5481 scribae,
1172 5410 1504 5495 et'seniores
1529 5413 1717 5495 populi
1727 5413 1998 5495 ovolebaut
2026 5426 2165 5495 ouili
2198 5410 2443 5495 perdere,
2466 5410 3027 5495 etnonhinveuiebaiit
3063 5410 3197 5495 quid
3220 5410 3477 5468 facerent.

208 5482 630 5569 Populus‘eiiiin
651 5485 840 5569 .omnis
859 5478 1324 5567 csuspeiisuserat
1354 5485 1409 5539 in
1437 5478 1564 5567 eum
1593 5478 1843 5568 Iaudiens
1867 5498 2014 5569 eum.
2048 5500 2067 5533 ι
2105 5478 2418 5569 Εεῦυ⁸
2448 5480 2774 5569 οξξθμρξξψέ,
2794 5478 3202 5569 aperiam)?
3223 5495 3482 5569 ,Ρῖῆῖξυῐη

212 5551 425 5633 ἰιιξὶιιιε⁵
448 5554 697 5633 Judaicis
727 5555 939 5633 turbis,
966 5551 1021 5610 et
1051 5555 1407 5633 neminantur
1432 5555 1711 5633 principes
1738 5553 2201 5633 SﬂCCI‘dOlUIIl,.el
2231 5551 2444 5633 scribae,
2471 5551 3052 5633 .etuseiiioresnpopuli,
3084 5551 3291 5609 inimici
3307 5552 3479 5633 _Chri-

213 5621 532 5707 sti,'vplunt
555 5623 1033 5707 quidemperdere
1064 5624 1345 5707 Christum
1371 5621 1469 5707 ,_ét
1495 5621 2035 5707 disperderenomeii
2082 5622 2201 5703 ejus
2231 5635 2299 5675 ex
2336 5621 2650 5707 hominibus
2672 5662 2696 5707 ,_
2729 5629 2784 5675 et
2812 5621 2970 5703 [idem
2999 5621 3066 5707 de
3091 5637 3196 5707 ep,
3215 5623 3324 5707 sed
3370 5640 3478 5707 npii

214 5696 507 5752 inveniunt
535 5693 669 5768 quid
696 5693 900 5753 faciant
925 5695 1227 5752 secundum
1255 5698 1402 5768 quod
1424 5693 1644 5767 volunt,
1669 5696 1930 5767 quoniam
1958 5693 2296 5764 praeveniens
2324 5693 2507 5747 omnis
2535 5693 2768 5763 populus
2797 5693 2893 5764 qui
2914 5693 3149 5750 credidit
3180 5694 3254 5761 ei,
3284 5695 3479 5767 pendet

288 5814 335 5848 ²⁹
359 5811 552 5870 Matth.
583 5830 681 5881 ιιι,
710 5813 798 5872 '50.
874 5815 919 5848 ³ο
949 5814 1080 5871 ibid.
1155 5816 1196 5848 ³¹
1224 5814 1243 5869 1
1269 5815 1397 5872 Cor.
1419 5831 1470 5884 v,
1502 5815 1556 5881 4,
1587 5815 1641 5871 5.
1720 5814 1763 5847 ³³
1797 5812 1815 5868 l

1919 5852 1931 5867 .
1962 5829 2076 5881 im,
2117 5811 2208 5879 47,
2238 5810 2329 5868 48.

284 5928 398 5999 (97)
434 5925 603 5989 Vetus
638 5929 909 6000 interpres
944 5932 1155 6002 legebat
1183 5932 1353 6002 όχλων
1385 5950 1398 5991 :
1429 5934 1591 5992 vertit
1621 5932 1797 5992 enim:
1840 5951 1859 5986 ι
1890 5930 1995 6000 Qui
2025 5938 2266 6003 praesunt
2293 5928 2479 6003 inique
2504 5925 2746 5989 Judaicis
2774 5928 2967 5988 turbis.
3000 5949 3025 5981 ι
