3962 6536
378 476 384 491 ⁸
491 398 630 457 1525

1976 396 2298 457 0111ϐΕΝ15

3620 395 3740 450 1511

489 518 647 574 diret.
681 517 744 573 Et
779 518 908 575 illud
947 521 1165 591 quidem
1201 520 1498 577 etiamnum
1547 523 1727 578 videre
1766 523 1909 589 licet,
1932 536 2068 592 qua-

2175 519 2231 571 τὸ
2251 519 2475 589 ἀρχαῖον
2533 521 2607 581 ὡς
2660 517 2710 569 οἱ
2762 513 3120 588 πρεσϐύτεροι
3163 513 3257 569 τοῦ
3298 513 3454 577 λαοῦ,
3502 512 3743 581 ζητοῦσιν

491 625 616 664 nam
646 612 861 665 ratione
897 615 989 682 qui
1041 613 1094 667 in
1131 612 1299 669 Deum
1328 613 1583 685 pietatem
1617 614 1919 670 obtendunt
1948 622 2067 668 tan-

488 716 653 770 quam
679 701 880 756 summi
912 703 1082 771 ipsius
1115 703 1422 772 pontiﬁces,
1447 704 1651 775 quique
1679 719 1893 759 sacram
1922 702 2067 757 Scri-

490 803 707 864 pturam
775 803 1033 864 tanquam
1096 796 1321 862 scribae,
1386 806 1442 852 et
1505 807 1752 852 senatum
1806 804 2065 864 tanquam

491 885 677 955 populi
705 886 953 941 seniores
975 926 990 951 ,
1038 885 1227 943 Jesum
1256 885 1596 956 interimere,
1639 898 2069 958 conceptamque

489 979 557 1032 de
581 992 647 1032 eo
673 978 984 1047 opinionem
1019 982 1333 1051 exstirpare
1351 992 1635 1051 quarunt;
1682 981 1819 1036 nihil
1860 996 1968 1035 non
2001 980 2069 1035 ad

490 1069 578 1134 id,
626 1070 784 1137 juxta
838 1080 1052 1141 patrum
1098 1072 1344 1141 ipsorum
1387 1073 1759 1140 voluntatem,
1817 1081 2066 1144 agentes;

490 1161 621 1230 quid
648 1170 829 1215 autem
856 1161 1105 1217 eﬂectum
1133 1161 1263 1217 dent
1288 1205 1304 1229 ,
1336 1178 1680 1234 nequaquam
1715 1165 2066 1233 reperientes,

489 1262 550 1306 ut
597 1253 856 1322 populum
917 1251 1043 1308 Jcsu
1089 1253 1365 1309 addictum
1415 1254 1485 1308 ab
1534 1269 1599 1309 eo
1643 1254 1951 1317 abducant,
2001 1253 2071 1308 ab

488 1359 789 1414 eorumque
826 1346 1102 1401 mentibus
1148 1347 1325 1416 ipsum
1371 1346 1612 1401 deleant.
1655 1344 1907 1401 Forsitan
1939 1361 2070 1401 vero

489 1437 807 1508 quicunque
835 1438 1090 1508 opinione
1136 1438 1202 1494 de
1246 1438 1355 1493 Deo
1388 1438 1628 1508 qualibet
1673 1438 1863 1493 imbuti
1904 1447 2066 1502 sunt,

489 1544 727 1600 eamque
770 1539 960 1586 contra
1003 1529 1136 1587 Jesu
1182 1530 1523 1598 disciplinam
1557 1544 1803 1584 asserere
1850 1529 2073 1584 student

491 1638 555 1678 ac
581 1622 811 1689 docere,
866 1622 1052 1679 Jesum
1099 1623 1316 1694 quidem
1353 1623 1543 1677 volunt
1593 1621 1927 1689 interﬁcere,
1962 1636 2068 1677 non

490 1724 673 1770 autem
708 1724 973 1786 possunt,
1024 1716 1153 1787 quia
1198 1716 1347 1771 illum
1403 1715 1632 1771 audiens
1677 1714 1968 1771 multitudo
2001 1715 2071 1770 ab

494 1806 671 1875 ipsius
698 1822 793 1862 ore
836 1808 1052 1877 pendet.
1094 1805 1200 1862 Sed
1238 1815 1292 1863 et
1333 1807 1425 1878 qui
1472 1816 1706 1862 mentem
1763 1806 1831 1862 ad
1876 1806 2067 1877 cujus-

2169 610 2429 666 ἀπολέσαι
2449 610 2540 663 τὸν
2583 609 2810 680 Ἰησοῦν,
2840 608 2935 662 καὶ
2962 608 3283 678 ἐξαφανίσαι
3306 606 3403 679 τὴν
3429 606 3566 676 περὶ
3593 606 3744 659 αὑτοῦ

2166 704 2343 772 δόξαν,
2370 704 2545 757 πάντα
2575 704 2653 768 είς
2676 702 2834 756 τοῦτο
2864 701 3172 765 ἀκολούθως
3201 699 3280 771 τῷ
3312 699 3620 771 βουλήματι
3649 696 3745 749 τῶν

2170 795 2425 866 πατέρων
2462 794 2642 849 αὐτῶν
2690 794 3042 866 πράττοντες,
3075 792 3135 847 οὑ
3173 792 3279 863 μὴν
3325 790 3675 863 εὑρίσκοντες
3696 788 3745 840 τί

2169 888 2508 957 ποιήσουσιν,
2544 886 2631 941 ἴνα
2668 886 2759 939 τὸν
2818 884 3189 958 ἐξηρτημένον
3239 882 3335 936 τοῦ
3398 880 3587 951 Ἰησοῦ
3632 881 3743 933 λαὸν

2172 980 2560 1051 ἀποστήσωσιν
2588 978 2775 1045 αὐτοῦ,
2803 979 2900 1032 καὶ
2938 976 3311 1047 ἀπαλείψωσιν
3331 972 3501 1028 αὐτὸν
3522 970 3629 1025 ἀπὸ
3656 972 3743 1041 τῆς

2168 1072 2403 1135 διανοίας
2435 1070 2630 1124 αὐτῶν.
2666 1071 2818 1140 Τάχα
2850 1069 2907 1122 δὲ
2940 1069 3036 1122 κα)⁸
3068 1067 3268 1129 πάντες
3298 1066 3347 1117 οἱ
3379 1060 3633 1134 ἡντινοῦν
3665 1059 3742 1113 δό-

2170 1165 2267 1233 ξαν
2301 1165 2515 1235 ἔχοντες
2557 1166 2687 1237 περὶ
2733 1163 2830 1217 τοῦ
2857 1161 3034 1227 Θείου,
3070 1161 3166 1215 καὶ
3198 1156 3606 1231 πρεσϐεύοντες
3631 1152 3744 1224 περὶ

2170 1258 2341 1327 αὐτῆς
2373 1256 2667 1329 ἀλλοτρίως
2701 1256 2800 1327 τῆς
2854 1254 3028 1326 Ἰησοῦ
3078 1251 3451 1313 διδασκαλίας,
3492 1247 3743 1301 ἀπολέσαι

2173 1350 2272 1421 μὲν
2301 1347 2511 1402 θέλουσι
2545 1348 2635 1402 τὸν
2672 1346 2904 1419 Ἰησοῦν,
2934 1346 2997 1399 οὐ
3030 1344 3281 1399 δύνανται
3304 1342 3385 1404 δὲ,
3413 1339 3545 1394 ἐπεὶ
3574 1338 3678 1401 πᾶς
3718 1338 3743 1390 6

2169 1440 2323 1512 ὄχλος
2351 1439 2514 1494 αὐτοῦ
2537 1438 2872 1511 ἐκκρέμαται
2898 1438 3129 1492 ἀκούων.
3145 1432 3423 1488 ’Λλλάκαὶ
3442 1432 3742 1485 οἱοιστισιν-

2170 1532 2266 1587 οῦν
2303 1532 2724 1604 συγγράμμασιν
2747 1530 2857 1602 (98)
2901 1526 2971 1602 ἧς
3012 1529 3213 1600 δήποτε
3235 1525 3434 1597 σοφίας
3463 1521 3745 1597 προσέχον-

2168 1638 2281 1686 τες,
2314 1621 2409 1675 καὶ
2439 1621 2525 1674 διὰ
2550 1620 2710 1675 τοῦτο
2748 1618 3021 1690 τροπικῶς
3049 1618 3331 1689 λεγόμενοι
3361 1616 3745 1686 γραμματεξ,

2171 1714 2434 1768 ἀπολέσαι
2464 1712 2707 1767 θέλουσιν
2741 1711 2800 1779 ἐξ
2820 1710 3125 1784 ἀνθρώπων
3161 1710 3252 1765 τὸν
3290 1706 3530 1779 Ἰησοῦν·
3560 1705 3622 1759 οὐ
3652 1704 3746 1776 μὴν

2172 1806 2514 1879 εὑρίσκουσιν
2565 1806 2643 1869 είς
2695 1804 2854 1859 τοῦτο
2896 1803 3158 1874 ἀνύσιμον
3203 1802 3231 1856 6
3276 1802 3596 1873 ποιήσουσι.
3650 1796 3746 1850 Καὶ

492 1913 709 1969 cunque
740 1876 897 1969 791
933 1899 1212 1969 sapientiae
1241 1876 1515 1968 quoslibet
1552 1900 1722 1955 libros
1771 1899 2067 1970 appellunt,

2175 1876 2374 1963 πάντες
2397 1898 2453 1951 δὲ
2478 1899 2527 1952 οἱ
2555 1898 2911 1972 πρεσϐύτεροι
2956 1896 3056 1967 τῆς
3087 1896 3260 1968 Ἰησοῦ
3291 1891 3648 1955 διδασκαλίας
3671 1888 3745 1942 16-

491 1996 886 2059 proptercaque
912 1989 1105 2044 scribae
1133 1989 1338 2058 tropice
1367 1988 1739 2059 appellantur,
1782 1987 1969 2044 Jcsum
2000 2005 2067 2044 ex

494 2081 778 2136 hominum
823 2096 1053 2136 numero
1083 2096 1392 2153 expungere
1428 2080 1688 2151 cupiunt;
1724 2090 1780 2136 at
1817 2081 1951 2134 nihil
1998 2082 2066 2136 ad

493 2173 546 2228 id
591 2172 929 2229 eﬂlciendum
974 2173 1103 2228 utile
1148 2173 1445 2244 reperiunt.
1492 2172 1635 2239 Quin
1683 2181 1737 2228 et
1780 2173 1895 2242 ipsa
1935 2172 2064 2228 Iesu

492 2264 741 2320 doctrina
769 2266 1109 2335 antiquiores
1129 2281 1318 2322 omnes
1339 2264 1653 2321 Grtecorum
1678 2265 2066 2321 barbarorum-

492 2372 600 2426 que
626 2356 927 2428 disciplinae
954 2356 1142 2412 Jesum
1174 2357 1488 2412 interimere
1518 2364 1810 2428 satagunt;
1842 2356 2065 2411 minime

492 2459 673 2504 autem
710 2458 975 2519 possunt,
1009 2450 1078 2504 ab
1112 2450 1365 2505 universo
1390 2449 1640 2504 videlicet
1665 2448 1862 2518 populo
1900 2463 2062 2518 supe-

493 2540 641 2608 rati,
663 2540 755 2611 qui
784 2539 913 2595 Jesu
944 2541 1251 2595 doctrinam
1294 2541 1522 2597 audiens
1542 2585 1555 2603 .
1587 2542 1799 2611 ipsique
1831 2556 2066 2595 consen-

493 2633 636 2688 tiens
657 2672 671 2697 ,
723 2641 872 2688 totus
901 2649 930 2688 a
960 2643 1292 2703 praeceptore
1339 2648 1441 2688 suo
1478 2632 1607 2688 Jesu
1642 2632 1866 2703 pendet,
1909 2632 2069 2702 eique

496 2724 746 2781 addictus
772 2735 875 2781 est.
906 2725 1229 2781 Consimilia
1273 2733 1401 2780 sunt
1440 2740 1561 2795 qum
1589 2724 1808 2795 subjicit
1854 2722 2069 2779 Marcus

493 2818 681 2873 dicens
715 2816 804 2873 ”:
846 2837 864 2870 ι
904 2817 1024 2884 Quo
1070 2817 1256 2872 audito
1308 2818 1581 2888 principes
1612 2816 1957 2872 sacerdotum
2016 2826 2067 2872 ct

495 2911 689 2966 scriba:
733 2911 1053 2981 quaerebant
1083 2909 1361 2981 quomodo
1388 2925 1513 2965 eum
1544 2909 1832 2980 perderent
1858 2927 1872 2964 :
1906 2909 2052 2964 time-

394 3000 402 3009 ’
497 3002 628 3058 bant
661 3002 805 3059 enim
848 3017 974 3058 eum
1000 3043 1016 3068 ,
1046 3001 1307 3072 quoniam
1355 3000 1607 3054 universa
1641 3000 1799 3055 turba
1825 2999 2068 3055 admira-

495 3097 657 3152 batur
679 3112 844 3166 super
862 3096 1109 3152 doctrina
1136 3094 1293 3165 ejus;
1326 3114 1345 3147 ι
1378 3093 1838 3150 υιιίνετευεοεηίηι
1863 3092 2070 3149 Christi

2173 2010 2259 2062 γοι
2302 1990 2567 2064 Ἐλλήνων
2613 1991 2707 2046 καὶ
2741 1990 3032 2064 βαρϐάρων
3087 1988 3349 2044 ἀπολέσαι
3389 1986 3615 2040 θέλουσι
3666 1982 3745 2035 τὸν

2185 2084 2409 2158 Ἰησοῦν·
2456 2084 2571 2140 ἀλλ’
2598 2086 2657 2139 ού
2707 2084 2987 2149 δύνανται,
3043 2081 3333 2154 νικώμενοι
3390 2079 3510 2132 ἀπὸ
3560 2074 3746 2139 παντὸς

2172 2175 2265 2231 τοῦ
2287 2176 2440 2241 λαοῦ,
2483 2176 2658 2248 Ἰησοῦ
2708 2176 3124 2251 ἐκκρεμαμένου
3173 2173 3267 2229 τοῦ
3318 2170 3670 2233 διδασκάλου,
3694 2169 3744 2220 ὲν

2170 2268 2249 2340 τῷ
2276 2268 2491 2324 ἀκούειν
2524 2271 2620 2325 καὶ
2643 2268 3090 2324 συναισθάνεσθαι
3136 2268 3233 2338 τῆς
3275 2264 3635 2327 διδασκαλίας
3658 2262 3743 2315 αύο

2172 2360 2288 2414 τοῦ.
2325 2362 2434 2415 Kal.
2465 2362 2494 2414 6
2518 2362 2741 2435 Μάρκος
2764 2361 2821 2414 δὲ
2853 2361 2923 2414 τὰ
2955 2359 3308 2432 παραπλήσια
3345 2357 3647 2411 ὑποϐάλλει
3670 2355 3744 2407 λέ-

2172 2472 2303 2525 γων·
2338 2473 2356 2505 ι
2381 2453 2492 2507 Kal.
2511 2454 2748 2525 ἤκουσαν
2775 2455 2824 2507 οἱ
2866 2454 3141 2525 ἀρχιερεῖς
3162 2451 3257 2505 καὶ
3287 2453 3336 2504 oi
3367 2451 3742 2522 γραμματεῖς,

2171 2549 2265 2600 καὶ
2313 2545 2535 2619 ἐζήτουν
2563 2546 2680 2611 πῶς
2703 2546 2870 2600 αὐτὸν
2920 2545 3271 2599 ἀπολέσωσιν·
3323 2541 3625 2614 ἐφοϐοῦντο
3646 2540 3742 2609 γὰρ

2171 2638 2353 2703 αὑτὸν,
2404 2638 2486 2691 ὃτι
2535 2639 2639 2703 πᾶς
2693 2639 2721 2690 6
2758 2638 2889 2701 λαὸς
2917 2637 3278 2709 ἐξεπλήσσετο
3335 2635 3428 2689 ἐπὶ
3465 2638 3538 2707 τῇ
3571 2631 3741 2701 διδαχῇ

2172 2728 2388 2783 αὑτοῦ.»
2419 2730 2534 2794 Πᾶς
2551 2730 2663 2802 γάρ
2684 2732 2712 2784 6
2743 2729 2869 2794 λαὸς
2904 2730 3140 2802 Χριστοῦ
3173 2727 3547 2799 ἐκπλήσσεται
3574 2724 3662 2779 ἐπὶ
3682 2723 3740 2792 τῇ

2170 2821 2358 2893 διδαχῇ
2394 2821 2582 2887 αὐτοῦ,
2615 2823 2709 2875 καὶ
2764 2822 2916 2875 οὐδὲν
2946 2822 3161 2877 δύναται
3195 2818 3444 2890 γενέσθαι
3501 2816 3607 2871 ὑπὸ
3645 2814 3741 2868 τῶν

2176 2913 2592 2985 προειρημένων
2619 2914 2920 2987 ἀρχιερέων
2976 2914 3071 2968 καὶ
3103 2910 3502 2985 γραμματέων,
3538 2905 3742 2981 ζητούν-

2174 3018 2282 3055 των
2304 3002 2564 3057 ἀπολέσαι
2582 3003 2674 3057 τὸν
2718 3003 2923 3075 Ἰησοῦν
2965 3002 3023 3070 ἐξ
3049 3001 3370 3072 ἀνθρώπων,
3408 3000 3513 3054 καὶ
3536 2996 3743 3051 ἐκλῦσαι

2175 3095 2272 3168 τὴν
2314 3097 2571 3170 ἔκπληξιν
2604 3099 2804 3163 παντὸς
2833 3098 2927 3153 τοῦ
2959 3097 3091 3152 λαοῦ
3123 3095 3308 3151 αὑτοῦ.

497 3192 733 3264 populus
761 3191 1065 3250 doctrinam
1112 3191 1285 3261 ipsius
1311 3189 1611 3245 demiratur
1639 3204 1703 3245 ac
1743 3197 1924 3259 stupet
1962 3205 1976 3243 :
2013 3198 2069 3245 at
2104 3200 2233 3247 ante
2267 3195 2550 3250 memorati
2584 3194 2639 3249 hi
2679 3194 3023 3250 sacerdotum
3073 3193 3344 3263 principes
3401 3204 3465 3245 ac
3531 3186 3740 3248 scribat,

495 3289 684 3346 Jesum
760 3304 828 3344 ex
890 3287 1233 3343 hominibus
1307 3285 1631 3348 eliminare,
1702 3286 2072 3356 populumque
2129 3303 2348 3344 omnem
2396 3290 2465 3346 ab
2513 3290 2684 3361 ipsius
2737 3288 3100 3346 admiratione
3134 3287 3409 3343 retrahere
3444 3284 3739 3354 cupientes.

498 3380 699 3451 optatis
724 3388 906 3435 tamen
936 3384 1052 3435 suis
1084 3393 1431 3449 nequaquam
1462 3377 1626 3447 potiri
1655 3385 1885 3445 queunt.

915 3472 993 3527 De
1023 3473 1290 3527 accersitis
1319 3473 1388 3525 ad
1426 3473 1658 3542 nuptias.

572 3566 652 3621 l5.
692 3583 711 3617 ι
758 3563 824 3620 Et
863 3564 1199 3634 respondens
1229 3563 1409 3631 Jesus,
1440 3565 1577 3620 dixit
1606 3564 1803 3620 iterum
1830 3565 1883 3619 in
1916 3580 2074 3636 para-

498 3659 640 3715 bolis
670 3660 771 3722 eis,
794 3659 982 3713 dicens
1007 3676 1020 3712 :
1060 3657 1252 3712 Simile
1290 3656 1494 3715 factum
1536 3667 1622 3713 est
1649 3673 1876 3728 regnum
1906 3658 2075 3714 ctelo-

500 3765 621 3804 rum
653 3748 859 3804 homini
889 3748 1025 3819 regi,
1058 3748 1150 3819 qui
1177 3746 1385 3803 faciens
1418 3750 1636 3818 nuptias
1662 3748 1773 3803 lilio
1817 3764 1938 3813 suo,
1974 3748 2076 3802 mi-

501 3846 573 3898 sit
594 3857 781 3899 servos
805 3856 935 3897 suos
955 3841 1023 3909 “,
1066 3861 1085 3894 ι
1118 3849 1170 3897 et
1195 3850 1411 3905 caetera,
1440 3856 1614 3912 usque
1637 3841 1703 3896 ad
1740 3841 1789 3897 id
1819 3858 1833 3895 :
1866 3859 1885 3893 ι
1920 3841 2071 3897 Multi

499 3935 645 3992 enim
679 3943 806 3992 sunt
851 3934 1049 4001 vocati,
1085 3934 1241 4003 pauci
1268 3949 1393 3989 vero
1429 3933 1607 3990 electi.
1650 3953 1671 3985 ι
1701 3930 1826 3989 Haec
1855 3949 2073 4004 quoque

500 4025 756 4094 parabola
782 4024 955 4081 levius
991 4024 1402 4096 simpliciusque
1435 4025 1704 4081 intellecta
1744 4024 1918 4081 facilis
1950 4041 2073 4083 esse

2339 3475 2479 3543 Περὶ
2503 3472 2623 3528 τῶν
2645 3473 3033 3544 καλουμένων
3055 3472 3143 3537 εις
3177 3468 3319 3534 τοὺς
3339 3464 3594 3536 γάμους-

2254 3586 2271 3616 ι
2303 3566 2412 3620 Καὶ
2438 3565 2753 3641 ἀποκριθεὶς
2799 3568 2827 3619 6
2885 3564 3091 3637 Ἰησοῦς
3126 3557 3244 3616 εἷπε
3291 3560 3453 3615 πάλιν
3481 3560 3547 3614 ἐν
3579 3571 3739 3627 παρα-

2178 3658 2361 3722 ϐολαῖς
2382 3660 2584 3724 αὐτοῖς,
2620 3659 2813 3728 λέγων·
2855 3657 3122 3731 Ὡμοιώθη
3160 3658 3194 3729 ἡ
3242 3653 3487 3727 βασιλεία
3529 3652 3635 3705 τῶν
3657 3649 3738 3703 ού·

2181 3752 2356 3822 ρανῶν
2404 3749 2673 3823 ἀνθρώπῳ
2702 3751 2931 3822 βασιλεῖ,
2982 3751 3164 3813 ὅστις,
3219 3747 3386 3802 ποιῶν
3434 3747 3645 3816 γάμους
3674 3740 3738 3811 τῷ

2178 3840 2279 3912 υἱῷ
2312 3840 2499 3909 αὐτοῦ,
2556 3841 2843 3895 ἀπέστειλε
2873 3843 2999 3905 τοὺς
3031 3840 3249 3905 δούλους
3286 3837 3506 3899 αὑτοῦ.»
3571 3836 3658 3890 καὶ
3681 3833 3736 3885 τὰ

2177 3935 2303 4006 έξῆς
2327 3936 2432 4002 ἕως
2475 3935 2596 3990 τοῦ·
2644 3956 2662 3988 1
2689 3936 2880 3989 Πολλοὶ
2925 3936 3032 4008 γάρ
3085 3936 3189 3989 είσι
3229 3932 3437 4004 κλητοὶ,
3492 3931 3658 3999 ὀλίγοι
3689 3926 3736 3980 δὲ

2178 4028 2476 4083 ἐκλεκτοί.ι
2536 4029 2646 4083 Kal.
2698 4027 2836 4099 αῦτη
2882 4029 2915 4096 ἡ
2967 4025 3250 4100 παραϐολὴ
3306 4024 3737 4095 ὁλοσχερέστερον

498 4116 788 4185 videbitur,
813 4124 867 4172 et
894 4126 1101 4187 aperta,
1128 4116 1182 4172 in
1211 4132 1319 4187 qua
1345 4117 1603 4173 nimirum
1637 4117 1798 4173 homo
1836 4133 1932 4173 rex
1959 4128 2068 4174 tro-

2176 4120 2436 4190 νοουμένη
2457 4119 2596 4188 δόξει
2625 4119 2800 4192 σαφὴς
2819 4116 2977 4187 εἶναι,
3009 4122 3065 4173 ἐν
3160 4118 3445 4189 ἄνθρωπος
3471 4116 3572 4186 μὲν
3599 4114 3733 4184 βασι-

497 4209 617 4279 pice
650 4207 793 4266 Deus
817 4217 873 4265 et
902 4207 1105 4265 Christi
1132 4207 1289 4265 Pater
1320 4224 1443 4265 esse
1474 4209 1701 4278 dicitur;
1745 4210 1947 4282 nuptiae
1972 4225 2068 4265 au-

2177 4211 2300 4276 λεὺς
2326 4211 2437 4283 (99)
2459 4212 2735 4284 τροπικῶς
2760 4214 2788 4266 6
2833 4212 2966 4276 Θεὸς
2999 4212 3094 4265 και
3150 4210 3340 4282 Πατὴρ
3371 4207 3610 4280 Χριστοῦ
3645 4206 3736 4275 Ἰη-

1691 4329 1922 4389 VETUS
1960 4330 2535 4390 INTERPBETATIO.

501 4425 554 4478 in
590 4423 879 4498 dilectione
909 4423 1101 4494 ipsius,
1128 4432 1188 4498 _et
1221 4424 1437 4498 pendet,
1478 4433 1537 4478 ut
1570 4424 1754 4479 audiat
1786 4424 2093 4498 doctrinam
2117 4424 2269 4498 ejus.
2333 4425 2395 4498 Et
2422 4436 2507 4498 est
2538 4428 2640 4484 hoc
2675 4442 2849 4498 usque
2885 4443 3031 4483 nunc
3062 4427 3267 4494 videre,
3298 4424 3576 4498 quomodo
3602 4435 3734 4492 quac

452 4524 465 4535 -
502 4502 630 4550 runt
653 4494 1018 4568 exterminare
1048 4494 1141 4563 qui
1173 4510 1232 4548 se
1264 4496 1583 4563 prolitentur
1607 4509 1729 4550 esse
1768 4495 2077 4568 sacerdotes
2117 4494 2244 4562 Dei,
2280 4506 2334 4550 et
2364 4496 2678 4567 Scripturas
2717 4494 3211 4568 ej'usicognoscere,
3244 4494 3416 4568 quasi;
3439 4496 3733 4568 scrihgcs-

500 4572 653 4638 sent,
684 4564 1063 4638 antiquitatem
1097 4579 1157 4638 se
1191 4573 1374 4619 tenere
1403 4574 1655 4634 putantes
1681 4567 1837 4638 quasi
1873 4564 2149 4638 seniores,
2198 4572 2251 4621 ct
2294 4563 2547 4636 quaerunt
2588 4563 2811 4638 perdere
2840 4563 3023 4622 Jesum
3046 4608 3061 4632 ,
3096 4577 3148 4638 et
3189 4563 3561 4622 exterminare
3589 4563 3729 4638 ﬁdem

499 4633 964 4709 verita_tis_ipsius,
989 4634 1171 4709 omnia
1198 4633 1591 4707 consequenter
1620 4636 1923 4709 secundum
1953 4635 2285 4709 voluntatem
2315 4633 2528 4709 patrum
2570 4633 2795 4694 suorum
2825 4649 3064 4709 agentes.
3093 4637 3208 4693 Non
3246 4647 3430 4709 tamen
3469 4636 3730 4709 inveniunt

499 4703 641 4779 quid.
657 4701 879 4765 faciant,
927 4702 1188 4779 quianon
1216 4701 1443 4770 possunt
1470 4705 1728 4775 populum
1762 4704 1964 4779 Christi
2001 4701 2331 4775 pendentem
2374 4708 2433 4779 in
2480 4724 2605 4763 eum
2658 4710 2727 4764 ab
2761 4724 2826 4764 eo
2861 4701 3146 4772 divellere,
3186 4725 3363 4779 neque
3397 4708 3577 4761 delere
3608 4701 3726 4779 eum

499 4771 567 4826 de
602 4771 767 4827 sensu
793 4787 1005 4848 eorum.
1038 4771 1287 4848 Forsitan
1320 4771 1585 4848 autemet
1615 4789 1807 4848 omnes
1832 4776 1925 4848 qui
1953 4771 2066 4848 non
2098 4785 2243 4832 recte
2267 4778 2487 4848 sapiunt
2518 4779 2585 4834 de
2618 4780 2921 4845 divinitate,
2955 4780 3048 4834 sed
3085 4771 3228 4833 aliud
3268 4771 3569 4848 loquuntur
3593 4775 3654 4831 de
3668 4788 3727 4848 ea

499 4794 567 4826 ue
602 4794 767 4827 SBIISU
793 4794 1005 4827 COI'lllll.
1038 4794 1287 4827 rursuan
1320 4794 1497 4829 autem
1530 4794 1585 4828 el.
1615 4794 1925 4829 011111681111
1959 4794 2066 4829 non
2098 4794 2243 4832 reete
2267 4794 2487 4848 saptunt
2518 4794 2585 4834 αθ
2618 4794 2921 4845 αινιηιῑιιιθ,
2955 4794 3048 4834 seu
3085 4794 3228 4833 alllll]
3268 4794 3569 4848 loquuntur
3593 4794 3654 4831 ae
3673 4794 3727 4826 ea

453 4870 457 4874 -
499 4858 664 4919 quam
685 4850 769 4898 est
792 4842 1080 4919 exChristi
1103 4842 1371 4919 doctrina,
1397 4845 1617 4919 perdere
1641 4845 1824 4898 volunt
1833 4794 2139 4919 Christum,
2146 4863 2267 4919 pen
2294 4858 2472 4903 autem
2507 4859 2759 4919 possunt,
2779 4851 2908 4919 quia
2940 4858 3086 4903 totus
3104 4849 3337 4918 pepulus
3360 4849 3535 4903 lidelis
3554 4843 3727 4919 pendet

497 4916 551 4989 in
578 4928 703 4967 eum
730 4954 746 4979 ,
780 4912 1008 4989 audiens
1039 4928 1186 4968 eum.
1221 4912 1324 4968 Sed
1359 4912 1412 4989 et
1442 4915 1754 4989 quicunque
1780 4916 1846 4989 ad
1880 4931 2107 4989 sensum
2139 4912 2547 4989 scripturarum
2579 4912 2962 4987 extraue'arum
2990 4912 3284 4989 aspiciunt,
3314 4920 3439 4974 ideo
3474 4912 3727 4972 moraliter

496 4985 753 5062 dicuntur
782 4983 976 5039 scribae
996 5024 1020 5062 ,_
1038 4996 1091 5038 et
1113 4998 1301 5039 omnes
1333 4983 1496 5062 alieni
1527 4983 1824 5062 presbyteri
1850 5000 1880 5039 a
1903 4986 2111 5041 Christi
2141 4983 2389 5043 doctrina
2410 5030 2424 5054 ,
2458 4990 2511 5044 id
2550 5000 2634 5045 est
2664 4984 2975 5062 philosophi
3013 4983 3292 5062 gentium,
3320 4996 3727 5062 ceterorumque

496 5055 854 5132 barbarorum
886 5055 1455 5132 prudentes,_perdcre
1483 5055 1671 5111 volunt
1697 5055 1975 5111 Christum
2003 5098 2019 5125 ,
2050 5071 2159 5112 non
2192 5067 2374 5114 autem
2406 5071 2635 5131 possunt
2657 5055 2681 5128 ξ
2702 5062 2830 5117 victi
2860 5055 3119 5132 a'pop'ulo
3145 5060 3348 5117 Clu-isti
3375 5061 3652 5129 pendente,
3680 5061 3727 5109 et

495 5126 750 5181 audiente
781 5126 1087 5180 doctrinam
1124 5125 1314 5194 ipsius.

569 5196 656 5267 15.
694 5214 715 5249 ι
748 5194 811 5267 ln
837 5196 929 5250 illo
964 5187 1208 5265 tempore
1232 5195 1369 5251 dixit
1408 5194 1570 5267 Iesus
1600 5196 1880 5267 discipulis
1913 5196 2065 5251 suis:
2121 5195 2313 5267 Simile
2343 5203 2429 5267 est
2470 5209 2697 5267 regnum
2732 5196 2998 5252 cmlorum
3044 5196 3257 5267 homini
3304 5195 3417 5265 regi
3476 5193 3592 5267 qui
3615 5187 3726 5245 fecit

384 5292 404 5325 η
442 5314 459 5341 ,λ
496 5266 716 5335 nuptias
744 5266 855 5348 [iiio
888 5282 1010 5348 sui),
1055 5264 1085 5317 ί
1106 5274 1160 5348 et
1184 5276 1404 5348 caetera1
1435 5264 1801 5348 Hagequoque
1817 5268 2100 5348 'para’bola
2126 5264 2785 5348 simplieiterﬂin’tcilecta,
2823 5267 3041 5348 videtur
3070 5266 3536 5348 ostenderequod
3581 5264 3724 5348 homo

456 5334 465 5381 ζ
496 5352 589 5407 [εκ
608 5337 901 5407 moraliter
924 5336 1072 5391 Deus
1100 5344 1155 5390 et
1185 5336 1344 5391 Pater
1366 5334 1781 5393 Domini'nosiri
1810 5334 1936 5392 Jesu
1970 5337 2169 5393 Christi
2191 5334 2426 5391 dicatur.
2454 5334 2666 5407 Nuptiae
2693 5347 2874 5392 autem
2908 5338 3002 5391 lilii
3035 5339 3197 5407 regis,
3231 5338 3506 5407 restitutio
3534 5343 3724 5407 sponse

500 5403 757 5481 Ecclesiae
772 5406 837 5481 ad
873 5406 1155 5461 Christum
1178 5422 1446 5481 sponsum
1478 5407 1669 5477 ipsius.
1700 5407 1804 5474 Qui
1839 5417 2026 5481 autem
2061 5408 2352 5462 mittuntur
2385 5403 2754 5481 servi'vocare
2782 5408 3039 5481 invitatos
3078 5403 3143 5462 a'd
3175 5404 3720 5481 nuptias,‘se_cundu_ln

498 5484 718 5548 tempus
745 5474 1316 5548 habenturprophetae
1346 5474 1725 5532 convérteutes
1758 5494 1821 5530 ex
1869 5478 2069 5548 populo
2098 5493 2195 5548 per
2220 5491 2350 5548 suas
2382 5479 2699 5547 prophetias
2730 5480 2795 5533 ad
2829 5479 3070 5533 laetitiam
3104 5474 3722 5548 restit’utionisil-Lcclesiz

497 5546 562 5598 ad
592 5545 892 5600 Christum.
924 5545 1029 5614 Qui
1063 5545 1243 5602 autem
1278 5548 1572 5603 noluerunt
1599 5548 1783 5602 venire
1811 5545 1880 5601 in
1906 5545 2115 5617 pi-imis'
2143 5545 2398 5616 invitati,
2421 5545 2517 5620 qui
2565 5551 2859 5607 noluerunt
2901 5550 3090 5605 audire
3127 5547 3292 5604 verba
3337 5547 3718 5619 prophetarum.

565 5661 611 5693 ³³
635 5660 804 5719 Marc.
831 5680 908 5731 xl,
940 5664 1029 5721 18.
1103 5666 1149 5699 ³⁸
1170 5665 1359 5722 Matth.
1390 5682 1530 5736 xxu,
1562 5668 1615 5736 1,
1644 5667 1700 5734 2,
1735 5668 1769 5722 5
1800 5674 1855 5723 et
1881 5683 1997 5739 seq.

702 5781 881 5857 Codex
911 5782 1137 5857 Regius,
1156 5785 1494 5857 γράμμασιν.

566 5852 677 5929 (99)
715 5851 1045 5924 Ἄνθρωπός
1068 5851 1184 5926 μὲν
1199 5851 1517 5924 ζβάἀιλεύς,
1554 5866 1655 5914 etc.
1686 5857 2068 5930 Hieronymus,

2175 5874 2259 5914 ous
2287 5858 2483 5928 imperi
2507 5899 2522 5926 ,
2550 5858 2699 5913 hom.
2736 5856 2825 5912 11.
2860 5851 3122 5912 Hunnus.
