3962 6546
497 395 637 451 152?

1963 391 2124 449 ORIG
2134 392 2287 449 ENlS

3610 388 3733 445 159.8

497 506 590 561 sed
616 504 875 575 quoniam
917 503 1168 574 indignos
1200 518 1296 560 vos
1326 503 1605 572 iudicatis,
1643 519 1768 561 ecce
1795 505 2048 561 converti-

2172 506 2294 559 ἐπεὶ
2318 504 2373 558 δὲ
2405 503 2655 569 ἀναξίους
2708 503 2921 575 κρίνετε
2966 503 3209 567 ἑαυτοὺς,
3239 502 3349 560 ἰδοὺ
3403 504 3727 573 στρεφόμεθα

495 615 620 654 mur
651 598 717 652 ad
762 607 970 667 gentes.
1011 616 1030 647 ι
1072 594 1179 651 Res
1206 611 1336 666 ergo
1366 608 1518 653 extra
1549 597 1798 654 lsraelem
1828 599 2065 655 colloca-

493 703 583 757 tae,
611 688 794 744 exitus
820 697 950 744 sunt
975 689 1205 756 viarum,
1256 690 1312 744 in
1345 690 1544 760 quibus
1573 692 1666 761 qui
1697 691 1765 746 ab
1804 692 2064 761 apostolis

494 783 866 843 inveniuntur,
912 791 1174 837 vocantur
1218 782 1286 837 ad
1328 783 1567 853 nuptias,
1609 785 2064 854 congregantibus

493 875 752 945 apostolis
776 889 1131 945 quoscunque
1162 876 1486 944 repererint;
1521 876 1860 946 reperiebant
1881 886 2061 933 autem

491 981 588 1022 eos
615 965 709 1035 qui
741 966 843 1022 sibi
873 980 1059 1022 aurem
1087 967 1429 1037 praebebant;
1457 977 1658 1025 etcum
1681 978 1959 1034 vocarent,
1992 985 2061 1024 an

490 1054 585 1126 qui
627 1055 1065 1122 aceersebantur,
1107 1064 1235 1111 ante
1277 1056 1616 1113 vocationem
1662 1073 1892 1128 nequam
1934 1074 2063 1129 pro.

492 1150 619 1207 bine
643 1149 894 1216 fuissent,
910 1148 1180 1219 susdeque
1203 1147 1509 1215 habebant;
1536 1164 1889 1219 quoscunque
1912 1150 2059 1205 enim

489 1240 839 1311 reperissent,
871 1241 1159 1297 vocabant.
1200 1238 1299 1295 llic
1331 1248 1512 1296 autem
1544 1241 1695 1310 probi
1742 1242 2060 1312 simpliciter

486 1332 597 1391 dici
632 1332 1020 1389 modestissimi
1058 1334 1261 1404 quique
1305 1333 1561 1390 censendi
1609 1333 1769 1404 793
1813 1345 1958 1400 sunt,
1988 1351 2058 1391 ex

482 1424 555 1482 iis
573 1425 669 1495 qui
699 1424 794 1480 Dei
825 1425 997 1482 cultui
1028 1440 1087 1481 se
1111 1425 1391 1488 addicunt,
1428 1425 1629 1496 quibus
1659 1426 1775 1482 hanc
1812 1426 2054 1498 Apostoli

484 1517 651 1573 verba
673 1516 1087 1572 accommodare
1108 1533 1278 1588 queas
1305 1517 1350 1550 ⁸ο
1379 1533 1394 1570 :
1432 1537 1451 1570 ι
1474 1517 1609 1573 Cum
1636 1527 1815 1575 autem
1845 1529 2052 1591 gentes,

483 1624 607 1680 qua:
649 1609 821 1679 legem
869 1624 978 1664 non
1021 1609 1241 1677 habent,
1286 1611 1605 1667 naturaliter
1653 1627 1716 1667 ea
1763 1628 1883 1682 quae
1922 1614 2054 1684 legis

481 1710 611 1758 sunt
649 1700 877 1768 faciunt,
930 1702 1198 1772 ejusmodi
1239 1703 1412 1773 legem
1457 1719 1566 1759 non
1624 1704 1906 1770 habentes,
1949 1706 2052 1777 ipsi

2165 599 2245 662 εἰς
2275 597 2341 650 τὰ
2374 595 2557 669 ἔθνη.»
2597 599 2663 650 Al
2712 595 2934 662 διέξοδοι
2979 591 3073 650 οὖν
3108 595 3216 650 τῶν
3242 595 3379 650 ὁδῶν
3410 595 3482 649 τὰ
3512 596 3618 662 ἔξω
3644 595 3725 651 τοί

2164 688 2379 760 Ἰσραήλ
2416 690 2532 742 ἐστι
2584 688 2905 760 πράγματα,
2942 690 3072 761 παρ’
3099 682 3188 752 αἷς
3215 689 3267 742 οἱ
3321 688 3429 742 ὑπὸ
3456 689 3569 742 τῶν
3601 691 3725 743 ἀπο-

2166 780 2365 834 στόλων
2420 780 2798 852 εὑρισκόμενοι
2851 779 3140 835 καλοῦνται
3200 783 3280 845 εἰς
3324 782 3457 844 τοὺς
3507 781 3724 851 γάμους,

2164 874 2503 944 συναγόντων
2531 873 2642 928 τῶν
2668 864 2982 928 ἀποστόλων
3008 875 3215 940 πάντας
3235 874 3331 939 οὓς
3354 875 3454 929 ἐὰν
3482 875 3723 947 εὕρωσιν·

2160 964 2412 1038 εὕρισκον
2434 965 2491 1020 δὲ
2519 966 2644 1030 τοὺς
2675 965 2994 1036 ἀκούοντας,
3032 967 3129 1021 καὶ
3170 968 3271 1021 οὐκ
3292 967 3611 1039 ἐφρόντιζον
3637 986 3725 1023 και

2160 1054 2375 1120 λοῦντες
2417 1054 2644 1127 πότερόν
2677 1071 2807 1109 ποτε
2870 1055 2976 1127 πρὸ
3019 1055 3118 1125 τῆς
3155 1055 3401 1127 κλήσεως
3450 1057 3721 1127 πονηροὶῆ

2160 1145 2352 1214 ἀγαθοὶ
2374 1141 2513 1217 ἦσαν
2533 1149 2580 1200 οἱ
2606 1145 2945 1216 καλούμενοιο
2977 1146 3185 1211 πάντας
3203 1146 3313 1217 γάρ
3332 1148 3465 1210 τοὺς
3492 1147 3724 1217 εὑρισκο-

2162 1236 2355 1304 μένους
2410 1235 2656 1290 ἐκάλουν.
2715 1235 2979 1304 Ἀγαθοὺς
3034 1235 3091 1289 δέ
3150 1237 3435 1308 νομιστέον
3503 1237 3723 1291 ἐνταῦθα

2160 1324 2519 1398 ἁπλούστερον
2557 1325 2807 1394 λέγεσθαι
2842 1327 2969 1391 τοὺς
3006 1328 3410 1399 μετριωτέρους
3439 1328 3553 1382 τῶν
3580 1332 3722 1401 ἐρχο-

2160 1417 2333 1489 μένων
2356 1418 2448 1471 ἐπὶ
2476 1418 2574 1489 τὴν
2611 1416 2936 1484 θεοσέϐειαν,
2965 1414 3046 1483 οἷς
3075 1420 3409 1491 ἐφαρμόζοις
3433 1420 3505 1474 ἂν
3540 1422 3601 1474 τὸ
3628 1440 3724 1476 τοι·

2154 1508 2279 1562 οὓτο
2323 1510 2676 1564 άποστολικόν
2697 1528 2711 1541 ’
2764 1530 2784 1562 ι
2840 1512 3007 1565 Ὅταν
3053 1512 3111 1567 δέ
3154 1512 3303 1583 ἐθνη,
3343 1513 3416 1566 τὰ
3460 1512 3543 1584 μὴ
3576 1514 3723 1584 νόμον

2154 1602 2366 1674 ἔχοντα,
2390 1603 2547 1674 φύσει
2571 1602 2641 1657 τά
2658 1603 2750 1658 τοῦ
2767 1604 2930 1675 νόμου
2957 1604 3201 1667 ποιῶσιν,
3234 1607 3284 1659 οἱ
3312 1607 3553 1660 τοιοῦτοι
3578 1608 3726 1678 νόμον

2156 1696 2231 1769 μὴ
2263 1695 2476 1767 ἔχοντες
2508 1696 2722 1758 ἑαυτοῖς
2764 1696 2869 1749 είσι
2896 1695 3089 1766 νόμος*
3139 1696 3332 1760 οἵτινες
3370 1697 3725 1751 ἐνδείκνυνται

481 1791 587 1848 sibi
608 1802 737 1848 sunt
766 1792 873 1860 lex,
902 1793 996 1863 qui
1028 1794 1321 1849 ostendunt
1357 1810 1495 1865 opus
1520 1795 1655 1866 legis
1693 1797 1954 1867 scriptum
1992 1798 2047 1852 in

2151 1789 2211 1843 τὸ
2239 1788 2399 1860 ἔργον
2424 1787 2519 1842 τοῦ
2542 1787 2708 1859 νόμου
2739 1788 2983 1860 γραπτὸν
3014 1789 3073 1843 ἐν
3102 1791 3223 1851 ταῖς
3244 1788 3502 1861 καρδίαις
3534 1791 3723 1852 αὐτῶν,

479 1883 737 1940 cordibus
768 1885 902 1951 suis,
945 1885 1316 1941 testimonium
1350 1887 1609 1944 reddente
1645 1888 1753 1944 illis
1774 1890 2048 1945 conscien-

2157 1858 2654 1953 συμμαρτυρούσης
2711 1858 2891 1934 αὐτῶν
2952 1881 3050 1950 τῆς
3102 1858 3481 1952 συνειδήσεως.
3543 1902 3564 1935 ι
3624 1885 3723 1937 Καὶ

479 1969 554 2023 tia
578 1969 843 2039 ipsorum.
883 1992 902 2025 ι
949 1971 1016 2027 Et
1042 1971 1244 2029 Christi
1269 1976 1486 2045 quidem
1515 1992 1638 2032 cum
1671 1977 1906 2035 Ecclesia
1948 1980 2050 2035 im-

478 2060 634 2130 pletae
663 2070 794 2119 sunt
822 2065 1043 2133 nuptiae,
1078 2074 1132 2120 et
1156 2080 1343 2121 eorum
1378 2066 1651 2123 restitutio
1684 2070 1777 2139 qui
1821 2070 1891 2126 ab
1917 2085 2049 2140 apo-

476 2153 628 2208 stolis
658 2154 860 2211 inventi
890 2154 1125 2224 fuerant,
1144 2166 1198 2213 et
1223 2159 1339 2228 qui,
1366 2166 1424 2213 ut
1453 2161 1768 2231 nuptiarum
1799 2160 2050 2218 fruantur

480 2241 689 2311 laetitia,
719 2245 1088 2303 discumbunt.
1114 2247 1318 2305 Deinde
1343 2251 1601 2322 quoniam
1636 2253 1762 2307 mali
1784 2253 2048 2325 probique

473 2334 786 2391 accersendi
819 2347 992 2400 erant,
1031 2354 1136 2392 non
1164 2338 1237 2393 ita
1270 2349 1451 2395 tamen
1495 2350 1553 2395 ut
1582 2342 1635 2395 in
1673 2343 1912 2412 nequitia
1944 2343 2047 2397 im-

474 2425 627 2493 probi
656 2438 1081 2495 perseverarent,
1111 2431 1205 2485 sed
1244 2439 1304 2486 ut
1341 2441 1552 2487 mutato
1586 2433 1775 2488 habitu
1807 2443 1860 2490 et
1888 2433 2050 2505 depo-

472 2513 594 2569 sitis
623 2515 864 2572 vestibus
890 2520 1117 2588 nuptiali
1148 2521 1447 2593 celebritati
1479 2522 1702 2578 minime
1725 2525 2047 2579 convenien-

469 2606 638 2672 tibus,
661 2608 929 2678 nuptiales
960 2610 1292 2678 lnduereut,t
1307 2612 1511 2669 viscera
1531 2634 1548 2665 ι
1574 2614 1829 2669 nimirum
1850 2616 2047 2672 «mise-

470 2698 743 2767 ricordiae,
785 2700 1196 2775 benignitatem,
1244 2703 1637 2772 humilitatem,
1687 2707 2041 2775 modestiam,

468 2791 786 2861 patientiam
812 2793 892 2862 “;
931 2814 950 2848 ι
986 2810 1047 2850 ea
1110 2794 1378 2866 siquidem
1413 2806 1541 2853 sunt
1583 2798 1842 2868 nuptialia
1875 2801 2042 2856 vesti-

470 2893 688 2953 menta;
718 2886 922 2944 idcirco
963 2889 1030 2944 ad
1067 2889 1326 2946 videndos
1355 2890 1762 2949 discumbentes
1806 2893 2043 2965 ingredi-

467 2985 558 3031 tur
586 2991 701 3039 rex,
732 2985 1024 3048 antequam
1055 2978 1379 3035 instructum
1411 2980 1545 3051 ipsis
1575 2981 1888 3051 prandium,
1921 2995 2041 3039 tau—

467 3085 559 3126 ros
589 3071 813 3138 scilicet,
842 3081 897 3127 et
924 3072 1107 3129 occisa
1135 3074 1325 3138 altilia,
1361 3083 1415 3129 et
1440 3077 1622 3130 omnia
1654 3085 1842 3145 parata
1872 3090 2040 3145 appo-

2151 1970 2394 2042 ἐπλήσθη
2441 1987 2505 2040 γε
2550 1972 2579 2023 ὁ
2619 1967 2856 2042 Χριστοῦ⁹
2892 1969 2983 2023 κα)⁸
3032 1969 3353 2041 Ἐκκλησίας
3389 1971 3597 2042 γάμος,
3640 1974 3724 2026 καὶ

2150 2061 2586 2124 ἀποκατάστασις
2624 2058 2732 2113 τῶν
2758 2058 3090 2131 εὑρεθέντων
3134 2062 3240 2114 ὑπὸ
3268 2062 3377 2115 τῶν
3403 2064 3724 2124 ,ἀποστόλου

2149 2150 2523 2222 ἀνακειμένων
2562 2150 2653 2202 ἐπὶ
2693 2148 2771 2220 τῷ
2812 2149 3181 2221 εὐφρανθῆναι
3225 2150 3319 2204 ἐπὶ
3357 2155 3474 2216 τοῖς
3508 2154 3721 2224 γάμοις.

2148 2239 2258 2297 Εἶτ’
2297 2244 2418 2296 ἐπεὶ
2440 2242 2707 2314 πονηροὺς
2724 2241 2819 2294 καὶ
2849 2240 3084 2310 ἀγαθοὺς
3112 2241 3188 2315 (Pi)
3222 2242 3503 2297 καλεῖσθαι
3534 2245 3641 2309 δεῖ,
3666 2247 3722 2299 ού

2151 2335 2256 2408 μὴν
2288 2336 2428 2390 ὥστε
2463 2336 2588 2400 τοὺς
2631 2336 2898 2407 πονηροὺς
2926 2334 3106 2406 μένειν
3135 2337 3424 2409 πονηροὺς,
3460 2339 3609 2393 άλλά
3645 2357 3723 2411 με·

2145 2427 2646 2499 ταμφιασαμένους,
2690 2428 2783 2480 καὶ
2810 2412 3178 2498 ἀποθεμένους
3221 2429 3291 2483 τά
3329 2431 3599 2504 ἀλλότρια
3634 2434 3721 2486 τοῦ

2146 2519 2325 2590 γάμου
2352 2517 2649 2588 ἐνδύματα,
2673 2516 2996 2572 ἐνδύσασθαι
3021 2517 3088 2572 τά
3110 2522 3204 2572 τοῦ
3226 2520 3427 2588 γάμου,
3463 2541 3484 2573 ι
3518 2523 3721 2592 σπλάγ-

2145 2630 2245 2683 χνα
2297 2611 2579 2684 οἰκτιρμοῦ
2636 2610 2733 2682 (6),
2783 2612 3159 2684 χρηστότητα,
3183 2616 3720 2688 ταπεινοφροσύνην,

2144 2701 2447 2773 πραότητα,
2478 2699 2889 2771 μακροθυμίαν⁹
2928 2719 2948 2752 ι
2984 2700 3156 2755 ταῦτα
3207 2701 3316 2772 γάρ
3363 2702 3481 2754 ἐστι
3519 2701 3599 2754 τά
3633 2701 3720 2756 τοῦ

2142 2792 2321 2864 γάμου
2368 2792 2637 2864 ἐνδύματα
2660 2810 2672 2822 ·
2714 2792 2803 2846 διὰ
2843 2792 3002 2846 τοῦτο
3042 2794 3071 2846 ὀ
3119 2792 3370 2862 βασιλεὺς
3417 2792 3718 2863 εἰσέρχεται

2142 2884 2438 2940 θεάσασθαι
2461 2885 2583 2949 τοὺς
2613 2884 3026 2956 ἀνακειμένους,
3055 2885 3183 2955 πρὶν
3209 2884 3392 2947 αὐτοῖς
3422 2884 3646 2956 παραϐῇ
3664 2884 3721 2940 τὸ

2141 2978 2540 3051 ἡτοιμασμένον
2581 2976 2824 3050 ἄριστον,
2856 2978 2982 3042 τοὺς
3013 2977 3268 3050 ταύρους,
3316 2980 3411 3032 καὶ
3446 2977 3517 3032 τά
3565 2977 3715 3032 τεθυ-

2143 3070 2282 3143 μένα
2315 3069 2547 3133 σιτιστὰ,
2583 3070 2676 3125 καὶ
2708 3069 2882 3123 πάντα
2914 3069 2983 3122 τά
3026 3070 3238 3140 ἕτοιμα,
3271 3069 3358 3123 ἱνα
3385 3069 3717 3140 θεασάμενος

470 3170 597 3228 nat;
624 3172 683 3217 ut
713 3178 773 3218 re
802 3174 1104 3234 perspecta,
1132 3166 1226 3235 qui
1272 3177 1476 3222 vestem
1510 3167 1802 3237 nuptialem
1835 3168 2039 3221 habue-

2149 3161 2354 3234 τηρήσῃ
2376 3161 2475 3231 μὲν
2500 3160 2626 3224 τοὺς
2654 3158 2874 3231 ἔχοντας
2900 3159 3100 3231 ἔνδυμα
3120 3159 3299 3230 γάμου
3318 3159 3416 3212 καὶ
3445 3161 3709 3229 εὑφράνῃ,

464 3254 576 3306 rint
604 3253 834 3308 retineat
855 3270 920 3309 ac
943 3256 1202 3322 oblectet;
1229 3256 1322 3325 qui
1352 3271 1510 3312 secus
1536 3266 1739 3321 autem,
1775 3255 2035 3311 condem-

465 3347 577 3401 net.
610 3340 893 3412 Ingressus
917 3358 1069 3413 ergo,
1089 3344 1322 3413 aliquem
1351 3361 1413 3398 ex
1440 3345 1646 3399 vocatis
1685 3353 1739 3398 et
1767 3343 2036 3398 vocationi

464 3434 740 3489 obseeutis
786 3434 1044 3503 pristinos
1092 3451 1222 3491 suos
1269 3450 1448 3497 mores
1500 3436 1724 3495 minime
1773 3444 2035 3501 mutasse,

464 3537 641 3592 neque
670 3523 896 3594 nuptiali
922 3533 1073 3580 veste
1099 3524 1344 3579 indutum
1377 3540 1495 3581 esse
1520 3524 1801 3595 comperit,
1839 3542 1858 3575 ι
1887 3532 1942 3578 et
1962 3523 2039 3578 ait

462 3614 540 3671 illi
568 3630 583 3667 :
616 3613 901 3681 Quomodo
935 3617 1041 3671 huc
1070 3616 1285 3671 intrasti
1312 3631 1423 3671 non
1460 3616 1667 3672 habens
1699 3624 1900 3671 vestem
1935 3633 2037 3671 nu-

464 3709 685 3780 ptialem
715 3707 799 3760 "1
836 3727 855 3761 ι
892 3707 1097 3769 Deinde
1145 3709 1402 3779 quoniam
1436 3709 1529 3779 qui
1565 3708 1825 3780 peccavit,
1854 3723 2034 3778 neque

460 3813 755 3858 renovatus
783 3811 884 3866 est,
934 3814 987 3857 et
1033 3800 1323 3858 Dominum
1373 3800 1559 3857 Jesum
1600 3802 1876 3859 Christum
1920 3817 2030 3857 non

460 3894 655 3961 induit,
689 3903 873 3964 utpote
915 3895 1116 3949 nullam
1147 3894 1520 3951 excusationis
1570 3910 1761 3949 ansam
1798 3894 2028 3959 habens,

2139 3252 2472 3323 καταδικάσῃ
2499 3251 2555 3305 δὲ
2584 3252 2709 3316 τοὺς
2735 3252 3028 3316 ἐναντίους.
3058 3250 3329 3304 Εἰσελθὼν
3350 3247 3444 3305 οὗν
3475 3251 3716 3321 εὑρίσκει

2137 3343 2257 3398 τινὰ
2285 3342 2392 3395 τῶν
2420 3342 2769 3415 κεκλημένων
2795 3342 2886 3396 καὶ
2910 3341 3242 3412 ἐληλυθότων
3276 3342 3367 3395 ἐπὶ
3396 3341 3495 3412 τὴν
3526 3341 3714 3411 κλῆσιν

2142 3434 2216 3506 μὴ
2248 3434 2551 3500 ἀλλάξαντα
2581 3434 2772 3487 ἐαυτοῦ
2790 3434 2861 3496 ,τὸ
2892 3430 3043 3506 ἦθος,
3083 3433 3215 3505 μηδὲ
3248 3434 3613 3503 ἐνδυσάμενον
3638 3434 3714 3486 ἐν·

2136 3524 2282 3596 δυμα
2321 3524 2520 3595 γάμου,
2558 3543 2575 3575 ι
2632 3525 2724 3578 καὶ
2764 3524 2910 3593 λέγει
2952 3524 3131 3595 αύτῷ·
3177 3524 3303 3587 Πῶς
3334 3524 3583 3594 εἰσῆλθες
3617 3519 3710 3578 ὦδε

2142 3616 2216 3687 μὴ
2245 3615 2384 3688 ἔχων
2412 3615 2615 3688 ἐνδυμα
2640 3616 2852 3688 γάμους
2891 3636 2910 3668 ι
2944 3613 3058 3670 Εἶτ’
3084 3617 3208 3669 ἐπεὶ
3240 3618 3270 3670 ό
3299 3614 3585 3687 ἁμαρτὼν,
3622 3617 3711 3673 καὶ

2138 3708 2213 3780 μὴ
2241 3707 2646 3773 άνακαινωθεὶς,
2679 3708 2812 3781 μηδὲ
2844 3708 3198 3779 ἐνδυσάμενος
3228 3707 3319 3760 τὸν
3364 3708 3575 3780 Κύριον
3615 3708 3709 3778 Ἰη-

2137 3798 2263 3854 σοῦν
2294 3801 2549 3872 Χριστὸν,
2583 3801 2658 3866 ὡς
2699 3801 2774 3873 μὴ
2802 3800 2939 3873 ἔχων
2970 3801 3133 3855 τόπον
3162 3799 3484 3868 ἀπολογίας,
3519 3798 3703 3870 φιμοῦο

2132 3909 2255 3946 ται’
2298 3891 2387 3947 διὰ
2433 3892 2591 3948 τοῦτο
2631 3893 2939 3967 γέγραπται
2978 3894 3072 3946 τόο
3120 3913 3139 3945 ι
3188 3894 3245 3947 Ὀ
3283 3893 3340 3946 δὲ
3372 3891 3648 3964 ἐφιμώθη.
3683 3912 3702 3943 ι

457 3988 818 4055 obmutescit;
847 3987 1050 4043 idcirco
1093 3988 1224 4043 illud
1254 3988 1516 4058 scriptum
1555 3997 1638 4043 est
1663 3987 1746 4039 υς
1789 4005 1808 4038 ι
1849 3986 2033 4041 Atille

2149 3985 2245 4038 Kal.
2278 3986 2378 4040 οὐκ
2410 3987 2571 4058 ἀρκεῖ
2600 4005 2663 4057 γε
2693 3987 2753 4040 τὸ
2784 3985 3116 4058 ἐκϐληθῆναι
3143 3985 3236 4040 τοῦ
3267 3987 3452 4058 γάμου
3478 3987 3572 4040 τὸν
3598 3987 3707 4039 άτι-

455 4081 746 4136 obmutuit.
784 4101 803 4134 ι
855 4078 1042 4151 Neque
1070 4096 1199 4136 vero
1235 4095 1266 4136 e
1304 4080 1509 4151 nuptiis
1535 4079 1729 4149 expelli
1760 4079 1894 4135 satis
1922 4089 2028 4143 est,

2149 4076 2388 4146 μάσαντα
2414 4078 2511 4149 τὴν
2544 4079 2736 4150 κλῆσιν
2754 4097 2766 4111 ο
2803 4079 2883 4133 δεῖ
2914 4079 3022 4150 γάρ
3047 4079 3209 4133 αὐτὸν
3241 4079 3347 4135 ὑπὸ
3382 4079 3491 4132 τῶν
3534 4077 3705 4132 διακόν

457 4171 550 4237 qui
593 4172 809 4244 nuptias
851 4170 1265 4239 dehonestavit;
1300 4180 1513 4242 oportet
1551 4171 1695 4227 enim
1736 4179 1857 4226 uta
1886 4170 2029 4241 regis

2149 4186 2240 4222 mw
2280 4169 2374 4223 τοῦ
2415 4169 2675 4240 βασιλέως
2716 4169 2821 4225 τῶν
2852 4170 2988 4242 πρὸς
3030 4174 3143 4236 τοῖς
3183 4171 3403 4242 δεσμοῖς
3444 4170 3703 4244 τεταγμέσ

1651 4280 1880 4338 VETUS
1918 4279 2494 4337 INTERPRETATIO.

453 4410 551 4471 vos
578 4393 1067 4471 iudicatisazterna
1101 4396 1233 4457 vita,
1267 4411 1394 4471 ecce
1427 4396 1793 4471 convertimur
1815 4396 1879 4449 ad
1911 4404 2118 4471 gentes.
2155 4416 2173 4471 ξ
2208 4394 2400 4471 Exitus
2430 4412 2559 4469 ergo
2578 4402 2829 4471 gentium
2858 4408 2983 4471 sunt
3009 4414 3097 4454 res
3122 4398 3531 4471 gentiumforis
3554 4411 3699 4456 extra

457 4465 645 4529 lsrael,
675 4481 741 4519 ex
768 4465 967 4536 quibus
992 4481 1350 4536 quoscunque
1378 4466 1722 4538 inveniebant
1761 4468 1988 4538 apostoli
2021 4467 2287 4521 vocabant
2333 4469 2399 4523 ad
2437 4465 2674 4538 nuptias.
2709 4468 2983 4525 Voeahant
3013 4465 3192 4524 autem
3229 4470 3544 4525 obedientes
3585 4480 3699 4523 tan-

456 4546 596 4601 tum,
620 4550 728 4610 non
757 4545 940 4610 autem
963 4546 1017 4591 et
1042 4538 1307 4610 curabant
1333 4548 1516 4591 utrum
1544 4536 1993 4610 aliq_uando_ante
2018 4536 2529 4610 vocationemgmali
2556 4538 2759 4610 fuerint
2784 4555 2852 4593 an
2883 4539 3008 4593 boni
3036 4541 3131 4610 qui
3161 4540 3501 4595 vocabantur
3525 4556 3540 4592 :
3581 4558 3694 4596 om-

454 4620 551 4660 nes
578 4604 721 4678 enim
758 4621 898 4674 quos
928 4606 1169 4678 invenire
1214 4615 1482 4678 poterant,
1511 4604 1822 4678 vocabant._
1838 4606 2225 4678 Bonosrautem
2256 4608 2553 4678 intelligere
2593 4609 2681 4664 hic
2724 4604 3331 4678 simpliciter'convenit
3385 4610 3696 4665 humiliores

452 4683 506 4729 et
536 4673 795 4730 rectiores
820 4689 892 4750 ex
921 4676 1001 4730 eis
1030 4676 1122 4744 qui
1150 4673 1437 4750 veniebant
1464 4677 1531 4731 ad
1562 4678 1768 4750 cultum
1797 4676 1914 4742 Dei,
1943 4677 2142 4750 quibus
2171 4673 2528 4750 conveniebat
2558 4673 2914 4748 apostolicum
2948 4680 3154 4735 dictum
3182 4680 3329 4750 quod
3360 4679 3469 4734 ait:
3514 4699 3531 4731 ι
3564 4681 3692 4735 Cum

451 4751 638 4820 gentes
668 4758 789 4820 quae
819 4743 986 4820 legem
1023 4743 1127 4799 non
1165 4746 1382 4820 habent,
1421 4747 1749 4820 naturaliter
1783 4763 1905 4815 quae
1938 4743 2080 4820 legis
2126 4757 2253 4820 sunt
2296 4748 2521 4820 faciunt,
2556 4743 2871 4818 hujusmodi
2906 4751 3078 4820 legem
3125 4743 3232 4805 non
3278 4750 3561 4813 habentes,
3597 4751 3690 4820 ipsi

451 4814 555 4870 sibi
586 4822 714 4867 sunt
737 4813 1452 4889 le_x,_qui_ostemlunt__opus
1485 4817 1618 4889 legis
1648 4813 1911 4889 scriptum
1937 4813 2278 4889 in'cordibus
2309 4818 2442 4885 suis,
2476 4813 2847 4875 testimonium
2890 4813 2987 4875 eis'
3010 4821 3327 4889 perhibente
3356 4813 3680 4875 conscientia

448 4898 662 4960 eorum.
704 4903 723 4935 ι
759 4882 825 4960 _Et
853 4883 1085 4960 impletae
1107 4893 1231 4960 sunt
1254 4882 1460 4960 Christi
1483 4882 1810 4960 etlﬁcclesiie
1843 4887 2063 4960 tluptlze,
2101 4898 2154 4941 et
2192 4882 2439 4944 restituti
2466 4889 2573 4944 Deo
2606 4890 2698 4959 qui
2732 4890 2800 4945 ab
2832 4882 3094 4960 apostolis
3132 4898 3258 4946 sunt
3289 4891 3516 4956 inventi,
3547 4906 3690 4945 recn-

446 4955 685 5030 buerunt
711 4954 781 5009 ad
811 4955 1167 5030 epulandum,
1196 4955 1513 5030 in_nnptiis.
1557 4955 1660 5011 Sed
1687 4954 1945 5030 quoniam
1982 4958 2155 5013 bonos
2195 4968 2248 5030 et
2279 4960 2453 5015 malos
2498 4954 2739 5029 oportuit
2784 4954 3003 5030 quidem
3038 4961 3245 5026 vocari,
3281 4976 3390 5015 non
3422 4954 3602 5016 autem
3636 4969 3688 5013 ut

447 5024 573 5100 mali
604 5024 988 5100 permanerent
1009 5027 1159 5092 mali,
1185 5026 1276 5100 sed
1301 5024 1645 5100 utexuerent
1669 5024 2410 5100 etdeponerent_veslimenta
2433 5024 2710 5085 contraria
2749 5024 2973 5100 nuptiis,
3001 5040 3056 5086 et
3085 5024 3374 5086 induerent
3403 5046 3464 5086 se
3495 5032 3688 5098 nuptis.

446 5095 517 5151 lia
545 5096 984 5171 indu_menta,_id_
1001 5106 1103 5160 est,
1137 5116 1156 5148 ι
1193 5098 1397 5171 viscera
1426 5095 2297 5171 misericordiae,benignitatem,
2336 5100 2717 5171 humilitatem,
2765 5095 3264 5171 mansuetudinem.
3302 5095 3676 5171 longanimitas

444 5174 575 5231 tem,
613 5185 631 5217 ι
670 5166 1114 5241 liaacenim’sunt
1135 5166 1396 5241 nuptialia
1424 5167 1737 5223 indumenta
1765 5185 1776 5220 :
1816 5166 2057 5241 ideogrex
2096 5169 2415 5238 ingreditur,
2447 5181 2505 5224 ut
2532 5170 2707 5225 videat
2745 5170 3152 5226 discumbentes
3178 5166 3499 5241 priusquam
3527 5186 3683 5239 appo-

444 5244 607 5309 natur
639 5237 926 5303 prandium
958 5247 1314 5307 praeparatum
1349 5238 1449 5302 eis,
1489 5258 1507 5290 ι
1549 5241 1715 5305 tauri,
1745 5247 1797 5292 et
1843 5239 2111 5308 saginata,
2153 5248 2206 5292 et
2239 5241 2422 5294 omnia
2452 5251 2784 5309 praeparata;
2819 5260 2835 5292 ι
2878 5252 2936 5295 ut
2980 5237 3443 5296 videns'retineat
3476 5237 3681 5308 quidem

447 5305 712 5382 habentes
757 5305 1014 5382 nuptialia
1054 5305 1375 5364 vestimenta
1415 5310 1481 5363 ad
1519 5325 1649 5382 quae
1691 5305 2012 5382 delectetur.
2045 5309 2369 5382 condemnet
2390 5305 2579 5382 autem
2606 5305 2927 5382 contrarius.
2975 5311 3289 5382 Ingrediens
3328 5327 3461 5382 ergo
3494 5305 3681 5382 invenit

444 5377 734 5450 quemdam
768 5379 860 5449 qui
890 5394 996 5433 non
1029 5388 1330 5450 mutaverat
1351 5377 1599 5450 proprios
1625 5396 1823 5440 mores.
1856 5378 2236 5450 necuinduerat
2266 5396 2324 5435 se
2356 5381 2617 5450 nuptialia
2641 5381 2979 5445 indumenta,
3009 5377 3107 5436 (et
3134 5381 3269 5436 dixit
3294 5381 3342 5435 ei
3370 5377 3682 5449 {Quomodo

442 5444 658 5500 intrasti
683 5444 801 5502 huc'
820 5464 929 5502 non
965 5449 1170 5506 habens
1201 5444 1466 5520 nuptialia
1495 5449 1858 5505 indumenta?
1896 5469 1914 5501 ι
1953 5447 2020 5502 Ει
2045 5450 2305 5518 quoniam
2331 5444 2667 5527 qui'peccat,
2698 5461 2750 5507 et
2785 5444 3079 5508 renovatus
3112 5469 3220 5509 non
3252 5462 3358 5522 est,
3389 5444 3492 5509 rice
3518 5449 3680 5508 induit

404 5657 409 5661 .
508 5602 555 5638 ⁵⁰
582 5601 740 5666 Rotu-
774 5622 834 5670 ιι,
874 5607 959 5675 ll,
989 5608 1074 5664 15.
1149 5610 1540 5681 “001055.111.
1581 5610 1666 5665 19..
1743 5610 1787 5641 ⁸²
1818 5607 2007 5663 Matth.
2043 5625 2048 5662 1

2149 5624 2178 5675 ί,
2220 5608 2306 5662 12.
2386 5609 2430 5644 ⁸⁸
2460 5612 2591 5669 ibid.

511 5741 589 5871 5:)
618 5739 736 5827 εἶτ’
758 5744 885 5800 ἐπεὶ
913 5751 1213 5829 πρκηροὺς
1238 5754 1348 5836 καί⁸
1376 5756 1655 5824 ἀγαθούς,
1692 5765 1795 5810 etc.
1828 5749 2280 5824 Theophylactus.

513 5852 525 5871 .
573 5822 588 5871 l
622 5813 803 5871 Lodex
839 5815 1059 5871 Remus.
1093 5824 1407 5871 οἰκτιοιιων-

513 5813 588 5878 {6i
622 5813 803 5872 Codex
839 5813 1078 5892 Regius;
1093 5813 1407 5898 οἰκτιρμῶν.
