3962 6538
140 378 293 436 ίὸὖἹ

1076 383 1432 442 COMMENT.
1474 384 1544 440 ΙΝ
1573 384 1988 443 ΜΔΪΤΗᾸΕΗΜ
2023 384 2261 444 TOMUS
2301 383 2462 442 XVII.

3281 386 3422 444 ιδεκ

137 503 249 572 μὲν
282 504 400 557 ἔστι
425 501 493 558 τὰ
524 501 620 558 τοῦ
651 502 1138 561 καταναλίσκεσθαι
1167 507 1205 564 ἄ
1221 510 1237 528 ⁸
1261 512 1279 529 ·
1303 510 1344 576 ⁸,
1368 508 1461 563 ἐπὶ
1482 507 1726 563 τοσοῦτον

1840 508 1971 564 illud
1996 507 2320 579 interpretor
2346 507 2393 539 "
2420 522 2432 558 :
2467 524 2486 558 ι
2517 506 2785 564 Dominus
2808 514 2996 565 uoster
3042 506 3186 580 ignis
3210 523 3418 565 consu-

131 597 164 649 ό
208 595 356 661 Θεὸς
391 599 542 669 ἡμῶν
589 598 701 672 πῦρ
734 601 852 654 ἐστι
900 601 1297 656 καταναλίσκον
1341 602 1557 655 ἐκεῖνα’
1593 600 1734 655 ἐπὶν

134 687 194 742 δὲ
227 689 489 762 ἀναλωθῇ
525 692 630 746 ὑπὸ
669 691 764 747 τοῦ
797 693 1285 758 καταναλίσκοντας
1318 693 1488 766 πυρὸς
1527 693 1597 747 τὰ
1641 710 1738 746 πε-

136 780 364 845 φυκότα
407 781 497 834 ὕπ’
531 782 741 837 ἐκείνου
781 783 1190 848 ἀναλίσκεσθαι,
1240 784 1361 838 τότε
1402 783 1586 838 οὐκέτι
1638 785 1736 855 μὲν

135 870 306 925 ἔσται
341 874 370 925 ό
399 872 531 937 Θεὸς
558 872 716 945 ἡμῶν
750 874 861 947 πῦρ
900 873 1315 937 καταναλίσκον,
1351 874 1509 946 μόνον
1543 874 1621 940 δὲ,
1660 876 1737 938 ὡς

137 960 308 1018 εἶπεν
347 962 601 1035 Ἰωάννης
620 1005 635 1026 ,
666 965 803 1035 φῶς,
829 964 1005 1035 λέγων
1027 982 1040 996 ⁸
1067 984 1086 1017 t
1132 966 1189 1019 '0
1223 965 1356 1030 Θεὸς
1385 965 1501 1034 φῶς
1532 968 1667 1020 ἐστι.
1709 986 1728 1019 ι

138 1052 373 1109 Τούτων
409 1054 466 1108 δὲ
518 1054 877 1127 κινηθέντων,
913 1054 1150 1127 πρόσχες
1176 1056 1225 1108 εί
1268 1054 1490 1109 δύνασαι
1525 1054 1586 1108 τὸ
1630 1056 1737 1109 ἀπὸ

140 1146 245 1218 τῆς
298 1149 547 1203 Ἰωάννου
610 1148 905 1220 καθολικῆς
971 1146 1290 1220 Ἐπιστολῆς
1349 1147 1521 1212 οὕτως
1581 1148 1732 1219 ἐχον·

144 1257 165 1290 ι
216 1240 547 1311 ’Δγαπητοὶ,
571 1240 666 1295 νῦν
691 1241 858 1296 τέκνα
899 1238 1036 1293 Θεοῦ
1074 1240 1265 1310 ἐσμεν,
1290 1240 1387 1293 καὶ
1417 1238 1569 1294 οὔπω
1597 1241 1736 1310 ἐφα-

138 1329 362 1403 νερὼθη
400 1332 454 1385 τί
503 1332 764 1404 ἐσόμεθα.
814 1331 1079 1404 Οἴδαμεν,
1127 1331 1229 1396 ὅτι,
1279 1331 1374 1387 ἐὰν
1425 1332 1732 1404 φανερωθῇ,

138 1422 324 1493 ὅμοιοι
385 1423 533 1495 αὐτῷ
584 1424 841 1495 ἐσόμεθα,
899 1425 980 1479 ὃτι
1035 1424 1277 1497 ὀψόμεθα
1332 1423 1492 1477 αὑτὸν
1552 1422 1736 1490 καθώς

140 1514 288 1577 ἐστι,
347 1534 364 1566 ι
399 1514 488 1568 τὸν
520 1516 721 1587 τρόπον
765 1516 961 1589 τοῦτον
999 1515 1267 1570 ἐκλαϐεῖν.
1308 1516 1423 1570 Νῦν
1474 1516 1570 1587 μὲν
1602 1516 1732 1589 γὰρ,

141 1604 248 1658 κᾶν
280 1585 603 1678 άξιωθῶμεν
634 1585 852 1677 βλέπειῦ
884 1608 997 1681 (Η)
1036 1610 1127 1662 τὸν
1167 1608 1298 1662 Θεὸν
1329 1607 1407 1680 τῷ
1438 1585 1515 1679 vi};
1548 1585 1642 1662 xui.

140 1697 371 1768 καρδίᾳ,
395 1698 455 1750 οὐ
486 1697 756 1769 βλέπομεν
786 1699 948 1753 αὐτὸν
975 1698 1156 1765 καθώς
1184 1701 1352 1766 ἐστιν,
1387 1699 1523 1754 ἀλλὰ
1555 1699 1735 1765 καθὼς

139 1785 230 1839 διὰ
260 1787 370 1858 τὴν
417 1789 689 1861 ἡμετέραν
737 1790 1049 1862 οἰκονομίαν
1092 1794 1225 1863 ἡμῖν
1270 1792 1509 1860 γίνεται·
1544 1793 1637 1846 ἐπὶ
1676 1793 1734 1847 δὲ

1840 613 1995 653 meus
2024 604 2110 657 εει
2128 614 2153 664 ;-
2180 616 2200 648 ι
2230 595 2489 667 quoniam
2522 603 2787 664 quantum
2820 608 3004 652 rerum
3033 604 3118 651 εει
3139 611 3261 666 quae
3287 610 3421 650 COD-

1839 690 1983 745 sumi
2032 688 2241 745 meritae
2272 696 2420 755 simt,
2473 696 2682 742 tantum
2731 685 2877 743 Deus
2925 696 3112 743 noster
3148 688 3289 759 ignis
3335 697 3422 745 est

1837 795 1935 836 eas
1969 795 2303 836 consumens
2340 797 2353 832 :
2394 784 2684 851 postquam
2728 787 2910 834 autem
2945 779 3015 834 ab
3061 779 3184 850 igne
3212 795 3420 836 consu-

1838 881 2022 929 mente
2076 872 2278 928 fuerint
2326 880 2674 942 consumpta,
2709 886 2831 941 qua:
2872 880 3068 926 natura
3104 881 3419 942 comparata

1837 974 1968 1020 sunt
1986 972 2049 1021 ut
2076 965 2146 1021 ab
2172 965 2265 1020 illo
2295 974 2720 1031 consumantur;
2747 973 2879 1020 tunc
2909 979 3043 1019 sane
3068 961 3213 1019 Deus
3236 973 3420 1020 noster

1838 1057 1979 1129 ignis
2010 1071 2342 1113 consumens
2376 1057 2612 1126 amplius
2640 1072 2749 1112 non
2771 1056 2897 1123 erit,
2933 1055 3028 1111 sed
3060 1055 3245 1111 lumen
3275 1055 3423 1111 dun-

1838 1158 2004 1211 taxat.
2039 1157 2099 1204 ut
2127 1148 2285 1204 docet
2306 1146 2544 1204 Joannes
2573 1147 2760 1204 dicens
2783 1149 2830 1181 "
2863 1165 2876 1202 :
2911 1166 2931 1200 ι
2964 1146 3109 1203 Deus
3140 1147 3234 1202 lux
3264 1157 3367 1203 est.
3395 1165 3415 1200 ι

1838 1236 1934 1293 His
1964 1253 2130 1309 porro
2156 1239 2426 1304 excussis,
2453 1238 2576 1294 vide
2603 1253 2677 1294 an
2725 1239 2906 1294 locum
2936 1238 3086 1293 hunc
3116 1254 3183 1293 ex
3218 1237 3422 1295 Catho-

1836 1330 1942 1387 lica
1972 1329 2203 1387 Joannis
2231 1330 2495 1402 Epistola,
2525 1331 2619 1402 qui
2656 1330 2737 1387 sic
2783 1331 2947 1387 habet
2988 1332 3034 1364 "
3079 1350 3093 1386 :
3135 1349 3154 1383 ι
3197 1329 3422 1387 Charis-

1836 1424 1998 1490 siiui,
2047 1439 2195 1480 nunc
2235 1423 2329 1478 filii
2380 1423 2472 1477 Dei
2508 1439 2734 1490 sumus,
2777 1434 2832 1479 et
2878 1423 3118 1478 nondum
3167 1423 3420 1494 apparuit

1835 1517 1981 1586 quod
2030 1516 2267 1583 erimus;
2320 1517 2529 1573 scimus
2580 1516 2836 1587 quoniam
2897 1531 3022 1572 cum
3081 1514 3417 1584 apparuerit,

1836 1609 2043 1665 similes
2084 1610 2135 1664 ei
2167 1608 2407 1676 erimus,
2442 1608 2700 1679 quoniam
2747 1608 3053 1663 videbimus
3093 1606 3261 1677 798
3293 1621 3416 1661 eum

1836 1699 1996 1755 sicuti
2026 1709 2129 1765 cst,
2166 1718 2185 1751 ι
2216 1700 2409 1754 eodem
2442 1698 2608 1753 modo
2647 1697 2997 1768 interpretari
3027 1697 3228 1767 possis.
3262 1694 3418 1751 Nunc

1837 1792 1982 1845 enim
2009 1794 2176 1846 etiam
2224 1793 2272 1847 si
2300 1791 2451 1863 digni
2496 1790 2797 1846 habeamur
2821 1789 2916 1860 qui
2948 1787 3118 1843 Deum
3156 1800 3334 1843 mente
3364 1798 3420 1843 et

140 1878 290 1932 τέλει
348 1878 458 1932 τῶν
513 1881 873 1952 πραγμάτων,
926 1882 1022 1936 καὶ
1079 1882 1181 1953 τῆς
1236 1883 1726 1948 ἀποκαταστάσεως

1841 1884 2007 1939 corde
2035 1900 2348 1949 cernamus,
2379 1900 2502 1940 eum
2540 1892 2720 1939 tamen
2748 1882 2974 1953 minime
2999 1880 3157 1937 sicuti
3183 1889 3268 1937 est
3293 1895 3416 1936 cer—

144 1971 373 2033 πάντων
411 1964 486 2025 ὧν
539 1991 557 2024 ‹
609 1973 837 2044 ἐλάλησε
875 1974 963 2028 διὰ
1008 1975 1274 2047 στόματος
1315 1975 1422 2028 τῶν
1465 1975 1637 2044 ἁγίων
1677 1974 1736 2043 ἐξ

1845 1976 2048 2041 nimus,
2085 1977 2180 2032 sed
2210 1976 2388 2047 qualis
2419 1974 2639 2046 regendi
2681 1973 2854 2030 nostri
2905 1987 3071 2029 causa
3123 1970 3281 2027 nobis
3305 1971 3419 2026 etii»-

142 2063 347 2127 αἰῶνος
382 2065 674 2137 προφητῶν
719 2065 909 2132 αὑτοῦ,
964 2084 982 2117 ι
1026 2066 1269 2137 ὀψόμεθα
1309 2066 1493 2131 αὐτὸν,
1532 2068 1631 2138 οὐχ
1661 2067 1726 2131 ὡς

1843 2068 2022 2135 citur;
2055 2078 2111 2124 at
2139 2069 2195 2124 in
2231 2084 2412 2125 rerum
2442 2067 2569 2135 fine,
2599 2077 2653 2124 et
2684 2067 2932 2122 omnium
2963 2080 3155 2122 eorum
3193 2065 3418 2120 restitu-

152 2156 272 2219 νῦν,
309 2157 341 2210 ὃ
368 2158 469 2210 οὐκ
494 2156 660 2223 ἔστιν,
689 2158 802 2210 ἀλλ’
832 2158 909 2222 ὡς
937 2158 1135 2230 πρέπει
1164 2159 1308 2225 τότε,
1336 2159 1366 2211 ὃ
1391 2160 1557 2212 ἐστιν.

1842 2160 1989 2216 tione
2028 2177 2151 2231 quae
2192 2180 2211 2214 ι
2265 2161 2479 2216 locutus
2527 2168 2612 2216 est
2655 2175 2749 2230 per
2787 2173 2849 2212 os
2887 2166 3223 2223 sanctorum,
3254 2157 3348 2228 qui
3385 2170 3416 2215 ἰ

142 2250 351 2305 szerulo
387 2260 515 2304 sunt
564 2252 949 2320 prophetarum
1003 2251 1123 2321 ejus
1158 2250 1224 2315 ⁸⁸,
1276 2270 1294 2302 ι
1325 2265 1449 2306 eum
1475 2292 1490 2317 ,
1532 2266 1640 2306 non
1676 2250 1730 2306 id
1768 2253 1913 2321 quod
1961 2268 2069 2309 non
2103 2262 2208 2320 est,
2240 2250 2700 2324 quemadmodum
2734 2265 2904 2315 nunc,
2932 2248 3261 2317 videbimus,
3296 2248 3414 2313 sed.

147 2343 218 2397 ita
252 2354 316 2397 ut
348 2352 479 2398 tunc
515 2359 613 2414 par
638 2345 762 2408 erit,
796 2345 848 2400 id
881 2344 1026 2415 quod
1056 2361 1245 2401 revera
1273 2354 1376 2401 est.

216 2433 410 2498 Ἀπαξ
448 2434 505 2488 δὲ
546 2435 719 2489 ταῦτα
757 2436 1003 2501 εἰπόντες
1032 2438 1113 2500 εἰς
1154 2436 1248 2490 τό’
1302 2454 1321 2488 ι
1377 2435 1645 2509 Ὡμοιώθη
1694 2439 1728 2511 ἠ

149 2523 397 2594 βασιλεία
418 2525 527 2579 τῶν
556 2526 802 2598 οὐρανῶν
834 2526 1105 2600 ἀνθρώπῳ
1137 2527 1364 2599 βασιλεῖ,
1398 2547 1416 2581 ι
1452 2528 1730 2601 δυνάμεθα

148 2616 242 2669 καὶ
273 2616 377 2687 τὴν
406 2616 583 2670 αἰτίαν
624 2618 802 2688 εὑρεῖν
842 2618 953 2687 (15)
980 2619 1075 2672 τοῦ
1106 2620 1344 2691 συνεχῶς
1375 2620 1467 2674 τὸν
1494 2603 1729 2691 ’Σωτῆρα

148 2707 277 2760 Υἱὸν
305 2708 403 2762 τοῦ
434 2708 739 2780 ἀνθρώπου,
772 2709 804 2781 ἢ
840 2711 966 2764 Υἱὸν
1003 2709 1312 2783 ἀνθρώπου,
1358 2711 1549 2765 ἑαυτὸν
1591 2711 1725 2765 ὠνο-

150 2801 410 2870 μακέναι,
453 2801 746 2873 δηλοῦντα,
794 2804 898 2867 ὅτι,
930 2802 1120 2875 ὥσπερ
1151 2805 1179 2856 ό
1226 2803 1361 2868 Θεὸς
1408 2803 1729 2875 ἀνθρώπους

146 2892 450 2962 οἰκονομῶν
512 2894 589 2957 ὼς
643 2896 702 2948 ἐν
756 2894 1094 2966 παραϐολαῖς
1146 2895 1433 2967 ἄνθρωπος
1487 2896 1724 2965 λέγεται,

147 2985 289 3057 τάχα
315 2986 376 3040 δέ
412 3005 529 3049 πως
562 2989 655 3041 καὶ
688 2988 927 3057 γίνεται’
959 2987 1131 3052 οὕτως
1164 2989 1255 3042 καὶ
1288 2992 1316 3042 ό
1344 2988 1553 3060 Σωτὴρ,
1589 3007 1725 3062 προ·-

1905 2435 1998 2490 20.
2053 2433 2352 2505 Postquam
2405 2448 2470 2488 ea
2510 2432 2585 2489 iu.
2623 2431 2770 2487 hunc
2806 2430 2985 2487 locum
3014 2429 3103 2483 ’ἐ
3139 2446 3158 2482 ι
3224 2428 3417 2487 Simile

1839 2529 2044 2585 factum
2104 2536 2187 2583 est
2261 2541 2489 2598 regnum
2550 2524 2815 2580 caelorum
2893 2522 3100 2578 homini
3162 2524 3323 2594 regi,
3387 2540 3413 2577 ι

1833 2621 2264 2686 edisseruimus,
2346 2632 2569 2674 causam
2621 2633 2843 2689 quoque
2917 2615 3157 2686 reperire
3219 2630 3418 2686 possu-

1832 2729 1986 2776 mus,
2044 2722 2262 2782 propter
2330 2726 2498 2781 quam
2546 2708 2675 2763 Υἱὸν
2751 2707 2847 2763 τοῦ
2919 2706 3208 2780 ἀνθρώπου
3241 2745 3258 2772 ,
3327 2705 3413 2762 vel

1834 2805 1960 2859 Υίὸν
2020 2802 2308 2875 ἀνθρώπου
2357 2818 2417 2858 se
2475 2806 2590 2873 ipse
2626 2800 2932 2870 Sospitator
2967 2798 3278 2871 frequenter
3312 2814 3416 2870 apo

1832 2903 2034 2974 pellat,
2120 2902 2408 2956 declarans
2485 2900 2631 2971 quod
2709 2898 3169 2970 quemadmodum
3233 2898 3417 2954 homi-

1834 3009 1964 3051 num
2031 3008 2220 3048 curam
2292 3006 2489 3063 gerens
2567 2990 2714 3047 Deus
2780 2991 2946 3046 homo
3007 2991 3062 3044 in
3134 2989 3413 3060 parabolis

148 3079 469 3149 ηγουμένως
517 3079 642 3144 Υἱὸς
685 3079 762 3135 ὢν
804 3080 898 3134 τοῦ
943 3079 1112 3144 Θεοῦ,
1144 3081 1241 3134 καὶ
1277 3080 1409 3145 Θεός
1447 3082 1586 3144 ἐστι,
1632 3084 1726 3136 καὶ

1833 3088 2055 3152 dicitur,
2091 3095 2146 3143 et
2195 3084 2601 3156 quodammodo
2642 3084 2872 3140 fortasse
2918 3083 3185 3150 edicitur;
3236 3083 3310 3138 ita
3358 3097 3413 3140 et

150 3168 263 3231 υἱὸς
316 3169 418 3240 τῆς
453 3171 671 3240 ἀγάπης
708 3168 894 3235 αὐτοῦ,
924 3171 1020 3224 καὶ
1071 3189 1090 3222 ι
1134 3169 1298 3224 εἰκὼν
1322 3171 1417 3224 τοῦ
1455 3170 1591 3225 Θεοῦ
1636 3172 1731 3227 τοῦ

149 3261 417 3333 ἀοράτου*
458 3283 474 3315 ι
511 3265 571 3317 οὐ
616 3263 765 3335 μένει
801 3265 859 3319 δὲ
914 3267 972 3318 ἐν
1015 3257 1061 3333 ᾧ
1106 3266 1222 3318 ἐστι
1282 3267 1731 3338 προηγουμένως,

147 3356 283 3408 ἀλλὰ
317 3357 527 3425 γίνεται
562 3359 681 3411 κατ’
720 3358 1030 3429 οἰκονομίαν
1058 3356 1152 3411 τοῦ
1184 3357 1241 3410 ἐν
1268 3358 1604 3430 παραϐολαῖς
1640 3359 1727 3412 λε-

148 3451 384 3518 γομένου
416 3449 723 3521 ἀνθρώπου,
759 3450 909 3515 ὄντος
942 3450 1000 3504 δὲ
1035 3448 1192 3514 Θεοῦ,
1238 3449 1368 3515 Υἱὸς
1413 3448 1722 3522 ἀνθρώπου,

148 3542 289 3595 κατὰ
333 3542 395 3595 τὸ
448 3543 729 3615 μιμεῖσθαι
780 3544 908 3598 ὅταν
958 3542 1281 3614 ἀνθρώπους
1326 3544 1582 3616 οίκονομῇ
1635 3544 1727 3598 τὸν

1831 3174 2090 3232 Servator
2114 3174 2207 3246 qui
2236 3173 2405 3229 Filius
2439 3172 2529 3228 Dei
2556 3173 2733 3244 primo
2757 3182 2813 3229 et
2840 3173 3110 3244 praecipue
3135 3181 3242 3237 est,
3267 3171 3412 3229 Deus

1830 3283 2047 3339 quoque
2079 3277 2182 3334 est,
2210 3277 2265 3324 et
2293 3268 2438 3325 (ilius
2477 3269 2683 3324 amoris
2730 3267 2927 3337 ipsius,
2958 3275 3015 3322 et
3049 3284 3068 3317 α
3103 3266 3283 3338 imago
3314 3265 3411 3323 Dei

1831 3362 2121 3418 invisibilis
2145 3362 2226 3429 ⁶⁰;
2262 3380 2281 3414 ι
2319 3362 2414 3418 sed
2441 3361 2588 3417 ineo
2623 3360 2768 3431 quod
2806 3360 2985 3430 primo
3031 3360 3148 3430 ipse
3177 3373 3244 3415 ac
3272 3374 3413 3429 prae-

1832 3452 1990 3523 cipue
2038 3461 2143 3515 est.
2175 3468 2286 3509 non
2320 3460 2640 3523 permanet;
2675 3461 2731 3507 at
2768 3452 2927 3523 juxta
2979 3451 3126 3507 illius
3174 3449 3414 3506 admini-

1833 3544 2152 3601 strationem
2182 3545 2278 3615 qui
2324 3544 2488 3600 homo
2538 3544 2592 3600 in
2630 3544 2904 3615 parabolis
2940 3543 3177 3608 dicitur,
3219 3557 3416 3600 revera

1368 3658 1601 3715 VETUS
1640 3634 2227 3716 INTERPRETATIO.

146 3754 287 3810 Cum
328 3765 507 3826 autem
547 3762 868 3824 consumpta
908 3752 1107 3809 fuerint
1145 3753 1215 3808 ab
1270 3754 1393 3825 igne
1429 3765 1822 3820 consumente,
1863 3771 1925 3810 ea
1964 3771 2086 3826 quia
2123 3765 2382 3826 consueta
2423 3763 2552 3826 sunt
2590 3755 2840 3810 consumi
2882 3754 2951 3809 ab
2987 3768 3087 3819 eo,
3130 3761 3260 3826 tunc
3293 3754 3409 3824 jam

148 3841 254 3881 non
290 3825 396 3881 erit
436 3823 575 3880 Deus
614 3823 798 3879 noster
838 3825 972 3895 ignis
1014 3823 1363 3887 consumens,
1404 3826 1495 3881 sed
1540 3825 1741 3888 lumen,
1782 3826 1922 3881 sicut
1956 3823 2086 3882 dicit
2121 3825 2361 3882 Joannes
2404 3845 2417 3881 :
2462 3845 2480 3876 ι
2528 3825 2670 3881 Deus
2708 3826 2890 3895 lumen
2930 3834 3099 3895 est.)
3142 3825 3408 3895 Quoniam

150 3907 336 3951 autem
374 3895 626 3951 novimus
667 3896 815 3960 haec,
855 3893 977 3951 vide
1015 3896 1062 3950 si
1106 3905 1259 3963 potes
1297 3896 1458 3950 etiam
1499 3897 1798 3951 secundum
1855 3897 2001 3951 hunc
2040 3898 2341 3965 intelligere
2388 3896 2610 3951 modum
2652 3912 2716 3950 ex
2756 3894 2983 3950 Joannis
3023 3893 3262 3965 Epistola
3301 3894 3407 3948 Ca-

149 3969 349 4022 tholica
389 3967 469 4023 sic
508 3966 779 4022 habente:
809 3985 829 4018 ‹
876 3965 1219 4029 Charissimi,
1262 3981 1407 4020 nunc
1446 3965 1538 4019 lilii
1596 3966 1692 4021 Dei
1744 3982 1972 4030 sumus,
2014 3968 2106 4023 sed
2168 3963 2410 4022 nondum
2452 3967 2702 4036 apparuit
2740 3966 2869 4037 quid
2912 3963 3140 4037 erimus.
3188 3963 3410 4037 Scimus

148 4047 331 4093 autem
371 4038 628 4108 quoniam
669 4037 716 4092 si
769 4038 1110 4108 apparuerit,
1151 4036 1356 4091 similes
1396 4038 1445 4093 ei
1488 4037 1734 4101 erimus,
1774 4038 2032 4106 quoniam
2072 4037 2376 4093 videbimus
2414 4034 2538 4093 enni
2581 4034 2885 4091 sicuti'est.
2937 4054 2955 4086 ι
2987 4034 3403 4108 Nuucnquidem

148 4110 246 4163 etsi
291 4106 438 4178 digni
481 4106 744 4162 fuerimus

829 4123 955 4162 eum
993 4107 1176 4161 videre
1236 4117 1415 4161 mente
1462 4115 1517 4163 et
1550 4108 1737 4178 corde,
1780 4108 2026 4178 videmus
2078 4123 2202 4162 eum
2260 4123 2371 4164 non
2424 4107 2887 4178 quemadmodum
2928 4114 3032 4171 est,
3077 4106 3171 4178 sed
3208 4121 3403 4178 quein-

148 4175 439 4233 admodum
480 4188 704 4248 propter
739 4178 1196 4247 dispensationem
1256 4189 1496 4233 nostram
1537 4177 1715 4233 factus
1772 4176 1937 4234 fuerit
1984 4179 2159 4234 nobis.
2202 4180 2260 4233 In
2320 4175 2650 4233 line—autem
2695 4192 2900 4238 rerum,
2941 4188 2996 4231 et
3035 4175 3400 4248 restitutionis

148 4249 396 4303 omnium
435 4246 774 4318 quaecunque
806 4246 1026 4319 locutus
1061 4255 1147 4302 est
1187 4263 1280 4316 per
1318 4263 1379 4304 os
1416 4252 1800 4319 prophetarum
1842 4266 1871 4304 a
1913 4250 2148 4314 smculo,
2190 4250 2494 4304 videbimus
2537 4264 2660 4303 eum
2704 4263 2810 4302 non
2851 4248 2993 4303 sicut
3030 4246 3215 4313 modo,
3257 4246 3405 4318 quod

148 4334 256 4373 non
291 4327 415 4389 est:
455 4317 546 4389 sed
586 4317 1043 4389 quemadmodum
1084 4328 1213 4373 tunc
1252 4317 1857 4386 decuciitfsccundum
1894 4320 2038 4389 quod
2078 4329 2181 4375 est.

212 4389 308 4443 20.
340 4387 618 4455 Quoniam
644 4399 824 4461 autem
865 4389 1031 4443 semel
1066 4389 1303 4461 diximus
1342 4390 1457 4445 haec
1495 4391 1546 4443 in
1585 4405 1652 4445 eo
1688 4392 1846 4461 quoii
1873 4387 1987 4443 ait:
2021 4409 2038 4441 ι
2071 4388 2260 4461 Simile
2296 4398 2381 4444 est
2419 4403 2644 4461 regnum
2675 4389 2938 4461 cmlorum
2970 4387 3179 4442 homini
3208 4388 3353 4461 regi,
3379 4408 3401 4441 ι

148 4474 445 4529 possumus
485 4460 726 4530 invenire
762 4467 817 4514 et
850 4473 1047 4530 causas
1085 4470 1302 4527 propter
1337 4476 1476 4529 quas
1514 4476 1658 4530 saepe
1712 4469 1767 4515 et
1816 4460 2066 4515 Salvator
2105 4460 2298 4514 Filium
2358 4476 2418 4515 se
2484 4460 2720 4514 hominis
2765 4460 3009 4530 nominat
3053 4474 3066 4510 :
3109 4460 3405 4530 ostendens

147 4528 409 4599 quoniam
450 4530 590 4585 sicut
644 4528 787 4585 Deus
824 4529 1117 4600 _homincsr
1152 4528 1511 4598 dispensans,
1552 4528 1707 4600 quasi
1762 4532 1816 4585 in
1869 4531 2140 4600 parabolis
2177 4531 2380 4585 elicitur
2421 4533 2614 4592 homo,
2659 4529 2886 4583 forsitan
2909 4530 3007 4600 _sic
3056 4540 3112 4585 et
3150 4528 3402 4583 Salvator

148 4597 524 4669 principaliter
560 4600 791 4670 quidem,
818 4598 990 4655 Filius
1029 4597 1123 4653 Dei
1163 4597 1453 4663 exSistens,
1493 4611 1546 4655 ct
1570 4597 1749 4661 ‘Deus,
1780 4608 1832 4654 et
1869 4597 2014 4656 illius
2049 4601 2334 4656 charitatis
2373 4602 2512 4670 ejus,
2553 4610 2654 4670 eti
2689 4600 2868 4665 imago
2905 4598 2997 4655 Dei
3040 4600 3351 4661 invisibilis.
3379 4618 3400 4654 ι

148 4687 254 4726 non
284 4682 476 4741 autem
516 4685 743 4725 manens
782 4669 835 4723 in
877 4684 943 4741 eo
987 4670 1131 4739 quod
1169 4680 1254 4725 est
1291 4669 1679 4741 principaliter,
1733 4670 1961 4727 eﬂicitur
1997 4673 2294 4727 secundum
2325 4669 2785 4740 dispensationem
2827 4670 2970 4726 lilius
3010 4671 3247 4727 [nominis
3285 4671 3421 4741 ejus

145 4744 237 4811 qui
280 4740 335 4795 in
376 4741 649 4811 parabolis
682 4741 879 4795 dicitnr
914 4740 1098 4800 homo,
1141 4741 1439 4811 secundum
1470 4740 1887 4795 similitudinem
1930 4743 2186 4807 hominis,
2212 4757 2336 4795 cum
2377 4742 2603 4811 coeperit
2643 4742 2890 4796 homines
2928 4743 3267 4811 dispensare.
3293 4740 3399 4796 Sed

147 4809 331 4883 Deum
349 4809 450 4883 ijui
490 4811 549 4883 in
583 4811 856 4880 parabolis
888 4810 1106 4883 dicitur,
1146 4820 1196 4864 et
1238 4810 1296 4864 fit
1330 4812 1489 4881 qliasi
1527 4813 1708 4883 homo,
1749 4828 1856 4867 non
1897 4813 2159 4867 debemus
2197 4828 2442 4883 quaerere
2468 4809 2604 4882 'quis
2644 4812 2826 4873 homo,
2871 4823 2930 4866 ut
2965 4809 3114 4867 illius
3149 4813 3403 4869 dicamus

145 4897 265 4937 esse
304 4880 475 4936 filium
518 4880 852 4936 Salvatorem
895 4896 908 4933 :
951 4881 1043 4936 scd
1096 4889 1303 4935 stantes
1344 4885 1603 4952 inisensu
1644 4881 1760 4945 Dei,
1801 4893 1854 4938 et
1911 4880 2290 4952 parabolarum
2344 4880 2639 4938 dicentium
2694 4883 2872 4952 ipsum
2926 4897 3049 4938 esse
3100 4883 3399 4944 hominem,

146 4953 421 5022 sapienter
457 4952 744 5007 audiamus
792 4966 918 5008 eum
970 4951 1241 5006 dicentem
1282 4967 1341 5007 se
1391 4951 1587 5008 Filium
1640 4951 2092 5024 hominisJApud
2135 4971 2233 5009 uos
2272 4967 2404 5025 ergo
2443 4954 2727 5018 homines,
2771 4971 2791 5005 ‹
2837 4953 3016 5009 simile
3052 4962 3136 5009 est
3172 4968 3399 5024 regnum

213 5097 261 5128 ³⁸
297 5094 453 5151 Deut.
478 5113 556 5160 iv,
576 5096 669 5151 ΞΑ.
747 5097 793 5129 ⁸⁸
821 5095 982 5153 Joan.
1014 5111 1052 5164 ι,
1078 5095 1168 5151 51.
1251 5098 1296 5129 ⁸⁷
1325 5095 1344 5150 1
1373 5096 1533 5155 Joan.
1569 5115 1655 5166 in,
1678 5099 1726 5156 2.

1836 5100 1858 5133 ⁸
1882 5100 2015 5156 Luc.
2054 5119 2094 5168 i,
2129 5101 2215 5155 70.
2292 5102 2338 5135 ⁸ο
2364 5100 2558 5157 Matth.
2602 5117 2737 5165 xxii,
2765 5101 2823 5155 2.
2900 5099 2946 5133 ⁸⁸
2972 5098 3089 5154 Col.
3125 5111 3166 5162 l,
3201 5096 3287 5152 l5.

213 5229 327 5302 (14)
353 5229 483 5303 Νῦν
502 5229 621 5300 μὲν
648 5230 777 5301 γὰρ,
811 5231 927 5287 κᾶν
947 5231 1286 5303 ἀξιωθῶμεν
1302 5234 1581 5299 βλέπειν,
1607 5243 1714 5291 etc.

146 5299 608 5372 Th'eojihylaCtus.

212 5371 327 5442 (15)
370 5370 687 5443 Ἀυνάμεθα
743 5371 841 5427 καὶ
895 5372 1009 5442 τὴν
1059 5375 1256 5429 αιτίαν
1316 5374 1549 5443 εὑρεῖν,
1606 5385 1711 5431 etc.

144 5441 610 5510 Quemadmodum
660 5443 907 5498 homines
945 5441 997 5497 in
1034 5444 1188 5500 libris
1221 5441 1395 5501 sacris
1431 5463 1450 5497 ι
1489 5446 1583 5499 filii
1618 5449 1716 5500 Im-

146 5516 351 5567 niinum
385 5530 401 5564 ι
431 5512 732 5582 saepissime
756 5514 1123 5583 appellantur;
1157 5516 1226 5571 ita
1249 5516 1503 5572 Christus
1528 5516 1713 5587 appel-

144 5583 345 5656 laturnr
369 5581 826 5656 Filius__hoininis,
854 5603 873 5635 ι
908 5599 1004 5654 pro
1031 5600 1097 5639 eo
1130 5588 1273 5656 quod
1301 5594 1384 5642 est
1416 5606 1437 5656 ς
1467 5588 1651 5648 homo.
1687 5607 1705 5640 ι

781 5613 826 5650 θ’
854 5613 873 5635 1
910 5613 1004 5650 μΙ“υ
1031 5613 1097 5639 ευ
1130 5613 1273 5650 quuu
1301 5613 1384 5642 cat
1418 5613 1436 5638 Ι
1469 5613 1651 5648 ΙΙυΙΙΙυ,

144 5657 262 5708 κατ’
297 5652 510 5725 ἐξοχὴν.
538 5652 819 5725 Origenes,
853 5652 1044 5710 homil.
1092 5656 1117 5710 1
1146 5652 1233 5711 ⁷ἱη
1265 5653 1460 5709 Ezech.
1487 5669 1506 5708 :
1538 5676 1557 5709 ι
1607 5656 1707 5713 Per

145 5738 354 5795 omnem
385 5723 719 5795 prophetiam
750 5723 1017 5780 Ezechieli
1045 5726 1245 5781 dicitur
1273 5743 1287 5779 :
1317 5726 1412 5781 Fili
1446 5727 1702 5784 hominis.

144 5794 270 5859 Quis
294 5794 480 5849 autem
523 5794 665 5849 illius
700 5795 935 5851 hominis
970 5806 1029 5851 ut
1074 5795 1336 5852 Dominus
1370 5813 1522 5853 meus
1547 5796 1708 5855 Jesus

146 5865 422 5921 L‘hristusi
466 5885 486 5918 ι
528 5863 677 5921 Hanc
717 5865 1047 5922 locutionem
1096 5866 1299 5923 Graecis
1340 5867 1571 5931 llebrmi.
1602 5868 1709 5925 Ro-

1817 5240 1995 5294 manis
2014 5238 2184 5310 Grzcci
2212 5239 2707 5295 communicarunt.
2731 5236 3011 5305 Origenes,
3041 5243 3097 5296 in
3122 5257 3203 5310 p3.
3243 5251 3316 5301 Iv,
3335 5233 3391 5298 9..

1815 5324 1885 5381 εις
1913 5310 2132 5381 Catenis
2162 5309 2344 5381 Regiis
2377 5328 2391 5365 :
2428 5310 2486 5364 ὐ
2511 5309 2611 5381 μέν
2644 5325 2729 5372 τις
2762 5310 3007 5381 οῖήσεται
3037 5323 3396 5381 περιφραστι-

1816 5379 1928 5443 κῶς
1953 5380 2225 5453 εἰρῆσθαι,
2245 5376 2336 5445 ’ὡς
2364 5376 2874 5453 καῖ’Έλλησινέθος
2898 5376 2977 5453 τῷ
2999 5376 3226 5453 τοιούτῳ
3258 5380 3394 5453 χρήτ

1815 5446 2018 5523 σασθαί
2040 5446 2426 5523 σχηματισμῷ,
2454 5446 2718 5523 λέγουσιν·
2740 5449 2868 5515 Υίὲς
2906 5446 3168 5523 ᾎχαιῶν,
3179 5446 3305 5523 gat
3326 5446 3396 5523 {th

1816 5521 1997 5609 ξμοια.
2029 5520 2206 5575 Πολλὰ
2243 5522 2300 5576 δὲ
2324 5520 2556 5576 τοιαῦτα
2601 5521 2824 5592 φέρεται
2856 5520 2950 5573 καὶ
2989 5523 3048 5573 ἐν
3078 5522 3144 5591 τῇ
3179 5520 3392 5644 Γραφῇ,

1816 5609 1889 5644 ων
1916 5594 2032 5644 ἐστι
2064 5594 2156 5644 καὶ¹
2186 5594 2266 5644 τό·
2301 5592 2522 5644 Βοοτὸο
2566 5590 2815 5644 mwc
2838 5592 3140 5644 rvmmdc‘
3185 5592 3279 5644 καὶ
3310 5608 3341 5644 τ
3376 5605 3392 5625 ‘

1814 5584 1889 5646 ὧν
1916 5594 2032 5646 ἐστι
2064 5594 2156 5646 καὶ
2186 5594 2266 5647 τό’
2301 5592 2522 5662 Βροτὸς
2566 5584 2815 5663 γὲνὴτός
2838 5584 3144 5663 γυναικόςτ
3185 5584 3393 5663 καῖ-τόν

1826 5664 1923 5717 Ἑν
1950 5664 2259 5733 terr-mor}
2284 5659 2586 5733 γύναικῶοὲ
2608 5659 2807 5733 οὐδεὶς
2847 5659 3137 5733 ’Ἰωάννου
3157 5660 3390 5733 μείζὶιηη

1815 5735 1909 5788 καὶ
1935 5729 2092 5859 dare:
2120 5729 2247 5813 γὰρ
2274 5729 2332 5788 αἱ
2363 5733 2536 5800 λέξεις
2561 5733 2683 5789 ἀντὶ
2707 5732 2831 5798 τοῦ,
2862 5729 3176 5801 ἄνθρωποι,
3210 5732 3391 5805 εἴρην-

1815 5820 1923 5859 ται.
2019 5821 2230 5859 υιετιυε.
2276 5849 2289 5859 κ

1812 5820 1924 5865 ται.
1970 5820 2230 5862 ηυετιυε.
2276 5849 2291 5863 κ.
