3962 6554
555 372 580 426 l
594 369 696 429 539

2035 332 2358 430 ontcntvts

3663 382 3772 437 ιεω

552 500 735 549 autem
765 488 910 548 Deus
939 498 1043 555 est,
1093 489 1266 546 Filius
1309 488 1548 546 hominis
1589 487 1840 557 eﬂicitur,
1866 488 2128 545 imitando

2233 492 2388 558 Θεὸν,
2431 492 2723 566 λεγόμενον
2773 494 2833 548 ἐν
2865 492 3201 567 παραϐολαῖς
3247 494 3342 549 καὶ
3385 494 3656 566 γινόμενόν
3681 514 3772 561 ως

553 584 726 640 Deum
759 598 881 639 cum
930 583 1180 637 homines
1209 582 1367 652 regit,
1394 582 1489 653 qui
1539 583 1593 638 in
1640 581 1917 653 parabolis
1949 582 2135 652 appel~

551 672 698 728 latur
745 671 938 735 homo,
991 679 1046 725 et
1088 671 1271 741 aliquo
1322 672 1485 727 modo
1534 671 1783 727 edicitur.
1838 669 1953 726 Nec
2001 687 2134 727 sane

556 765 721 820 homo
772 763 971 834 aliquis
1026 756 1353 834 quaerendus
1390 772 1494 831 est,
1547 765 1828 835 ipsiusque
1860 764 2005 820 ﬁlius
2044 764 2131 819 di-

552 855 761 913 cendus
788 852 1183 918 est'Servator,
1232 855 1327 911 sed
1377 856 1478 912 hac
1524 855 1619 911 Dei
1654 857 1879 911 notione
1912 856 2130 922 stando,

552 957 606 1002 et
648 946 936 1017 parabolas
991 962 1114 1017 quae
1166 946 1347 1017 ipsum
1394 947 1673 1003 hominem
1718 962 1841 1003 esse
1889 947 2133 1004 sciscunt

552 1038 830 1108 sequendo
859 1040 1154 1109 prudenter
1181 1048 1237 1096 et
1263 1050 1425 1096 caute
1451 1041 1835 1114 intelligendus
1862 1052 1969 1110 est,
2000 1034 2128 1099 cum

551 1126 750 1183 Filium
782 1128 1022 1185 hominis
1045 1145 1104 1186 se
1131 1130 1246 1201 ipse
1270 1133 1525 1203 appellat.
1562 1133 1717 1203 Apud
1748 1149 1852 1189 nos
1874 1150 2004 1205 ergo
2033 1134 2132 1188 ho-

553 1217 758 1280 mines,
796 1236 814 1269 c
852 1219 1030 1274 simile
1073 1219 1273 1275 factum
1321 1232 1405 1277 est
1453 1238 1679 1295 regnum
1728 1224 1993 1279 caelorum
2035 1222 2134 1277 ho-

551 1309 687 1363 mini
731 1310 879 1380 regi;
920 1330 938 1363 ι
969 1312 1110 1382 apud
1152 1327 1248 1367 eos
1275 1320 1457 1368 autem
1494 1315 1586 1384 qui
1625 1315 1700 1370 dii
1745 1317 1799 1369 in
1834 1314 2133 1384 Scripturis

553 1412 940 1473 nuncupantur
968 1405 1036 1470 ⁸³,
1061 1421 1293 1475 quorum
1330 1425 1347 1457 ι
1383 1407 1438 1461 ἰη
1467 1423 1741 1479 synagoga
1786 1408 1938 1464 stetit
1964 1406 2130 1473 Deus,

551 1495 685 1551 deos
728 1496 783 1550 in
830 1496 1011 1552 medio
1051 1496 1381 1569 dijudicans,
1416 1519 1435 1551 ι
1466 1515 1692 1572 regnum
1723 1500 1988 1557 caelorum
2017 1499 2127 1555 Dco

552 1584 666 1656 regi
699 1585 876 1641 simile
901 1595 1005 1643 est.

2236 586 2539 659 ἄνθρωπον.
2586 588 2696 643 Καὶ
2736 589 2798 642 οὐ
2832 589 2936 661 χρή
2982 606 3105 643 τινα
3137 587 3421 661 ἄνθρωπον
3472 589 3662 659 ζητεῖν,
3702 594 3773 644 κὼ-

2235 680 2417 735 κείνου
2465 681 2644 750 λέγειν
2695 681 2811 735 υίὸν
2839 677 2982 736 εἶναι
3027 682 3119 737 τὸν
3164 682 3415 752 Σωτῆρα,
3448 681 3585 737 ἀλλὰ
3612 684 3774 739 πάντα

2233 774 2328 828 ἐπὶ
2363 773 2466 845 τῆς
2494 774 2699 838 ἐννοίας
2726 774 2821 828 τοῦ
2863 774 3023 841 Θεοῦ,
3057 776 3154 829 καὶ
3179 775 3288 829 τῶν
3323 773 3594 844 λεγουσῶν
3630 794 3775 849 παρσ-

2235 866 2404 921 6ολῶν
2437 868 2598 922 αὑτὸν
2629 863 2768 920 εἶναι
2801 867 3106 940 ἄνθρωπον,
3143 869 3376 933 συνετῶς
3403 869 3617 923 ἀκούειν
3642 872 3773 926 αὐτοῦ

2234 962 2482 1031 λέγοντος
2517 960 2708 1014 ἑαυτὸν
2741 960 2870 1014 Υίὺν
2908 961 3002 1015 τοῦ
3039 963 3346 1034 ἀνθρώπου.
3379 965 3521 1034 Παρ’
3552 967 3669 1036 ἡμῖν
3697 967 3772 1036 μὲν

2230 1052 2322 1110 οὖν
2350 1057 2462 1120 τοῖς
2489 1053 2794 1126 ἀνθρώποις
2830 1072 2850 1105 ι
2889 1055 3143 1127 ὡμοιώθη
3177 1058 3207 1128 ἡ
3239 1056 3493 1127 βασιλεία
3521 1058 3624 1111 τῶν
3644 1061 3771 1128 οὐρία

2238 1153 2344 1209 νῶν
2374 1152 2646 1225 ἀνθρώπῳ
2677 1150 2903 1223 βασιλεῖ’
2940 1170 2959 1203 ι
2990 1150 3140 1221 παρὰ
3165 1150 3222 1204 δὲ
3246 1154 3359 1213 τοῖς
3390 1148 3537 1204 κατὰ
3563 1148 3653 1212 τὰς
3674 1148 3774 1219 Γραο

2237 1245 2342 1316 φάς
2391 1244 2704 1316 λεγομένοις
2750 1244 2932 1308 θεοῖς,
2984 1236 3059 1297 ὧν
3098 1262 3115 1294 ι
3169 1244 3227 1296 ἐν
3273 1245 3569 1313 συναγωγῇ
3613 1241 3775 1309 ἐστηό

2238 1335 2401 1399 Θεὸς,
2450 1337 2507 1387 ἐν
2541 1334 2691 1405 μέσῳ
2739 1332 2895 1397 θεοὺς
2935 1333 3259 1404 διακρίνων.
3300 1353 3318 1385 ι
3355 1337 3391 1405 ἡ
3432 1331 3665 1404 βασιλεία
3692 1329 3773 1383 25w

2237 1425 2477 1495 οὐρανῶν
2509 1428 2657 1480 ἐστιν
2684 1426 2846 1497 ὁμοία
2878 1426 2997 1481 Θεῶ
3026 1425 3250 1488 βασιλεῖ.

530 1725 536 1730 .
621 1681 713 1737 21.
758 1682 983 1749 Quaeres
1034 1699 1197 1755 porro
1232 1701 1322 1751 an,
1357 1687 1817 1758 quemadmodum
1848 1689 1989 1744 inter
2031 1688 2128 1742 ho—

2301 1674 2567 1747 Ζητήσεις
2621 1668 2693 1737 δὲ’
2728 1667 2800 1731 εί,
2840 1664 3028 1735 ὡσπερ
3082 1663 3140 1716 ἐν
3188 1657 3505 1732 ἀνθρώποις
3535 1660 3638 1721 τοῖς
3673 1658 3776 1711 ὁποι

550 1776 748 1845 mines,
782 1778 874 1847 qui
901 1785 1094 1833 natura
1122 1793 1218 1834 sua
1245 1782 1474 1851 angelis,
1506 1792 1558 1836 et
1596 1782 1831 1846 thronis,
1869 1791 1922 1837 et
1953 1781 2132 1837 domi-

552 1869 886 1935 nationibus,
922 1879 976 1924 et
1026 1872 1439 1942 princnpatibus,
1474 1882 1529 1928 et
1582 1875 1944 1944 potestatibus
1994 1871 2132 1928 infe-

549 1959 726 2016 riores
758 1971 906 2029 sunt,
945 1981 963 2013 ι
1013 1964 1189 2019 simile
1239 1964 1441 2019 factum
1485 1975 1570 2020 est
1603 1980 1828 2036 regnum
1864 1965 2130 2021 caelorum

552 2050 761 2107 homini
804 2054 952 2123 regi;
995 2074 1014 2105 ι
1068 2055 1208 2110 inter
1239 2055 1405 2126 799
1446 2056 1703 2112 thronos»
1723 2056 1901 2113 simile
1944 2055 2130 2111 itidem

550 2144 645 2198 liat
689 2160 915 2216 regnum
967 2147 1235 2203 cmlorum
1284 2149 1483 2203 throno
1526 2150 1677 2220 regi;
1708 2149 1849 2205 inter
1882 2149 2132 2205 domina-

551 2236 750 2301 tiones,
777 2236 1140 2292 dominationi
1184 2239 1330 2308 regi;
1365 2240 1505 2295 inter
1538 2241 1894 2311 principatus,
1924 2240 2128 2311 princi~

551 2329 702 2399 patui
736 2330 886 2400 regi;
922 2340 976 2385 et
1013 2330 1155 2386 inter
1182 2342 1500 2402 potestates,
1535 2334 1790 2403 potestati
1815 2334 1946 2404 regi.
1980 2332 2131 2389 Dicet

549 2420 696 2476 enim
748 2421 947 2492 aliquis
980 2439 992 2474 :
1021 2421 1255 2490 Quinam
1299 2432 1383 2479 est
1425 2424 1531 2479 iste
1573 2424 1819 2480 delectus
1849 2439 1913 2479 ac
1936 2424 2131 2479 distin-

549 2511 681 2576 ctio,
717 2520 779 2568 u-t
811 2512 952 2568 inter
978 2511 1264 2570 inferiores
1308 2514 1520 2569 homini
1553 2516 1665 2586 regi
1706 2530 1932 2586 regnum
1963 2514 2130 2571 coelo-

549 2618 674 2659 rum
723 2603 902 2660 simile
948 2602 1154 2661 factum
1186 2606 1291 2675 sit;
1329 2607 1473 2662 inter
1513 2622 1608 2661 eos
1649 2616 1831 2661 autem
1864 2605 1957 2675 qui
1988 2621 2127 2676 prae.

550 2704 701 2753 stant
726 2696 1062 2764 hominibus,
1096 2697 1241 2754 idem
1290 2715 1510 2771 quoque
1558 2713 1655 2769 pro
1690 2707 1806 2752 rata
1836 2706 1989 2768 parte
2020 2712 2128 2753 non

547 2791 867 2862 contingat?
893 2789 945 2847 ls
967 2800 1113 2847 certe
1137 2791 1232 2862 qui
1266 2792 1478 2846 homini
1512 2791 1623 2862 regi
1655 2790 1990 2845 assimilatus
2023 2798 2126 2856 est,

546 2884 767 2955 nuptias
793 2884 905 2939 lllio
936 2899 1038 2940 suo
1069 2885 1296 2952 faciens,
1333 2904 1352 2937 ι
1388 2885 1537 2942 misit
1561 2898 1749 2941 servos
1777 2899 1908 2940 suos
1932 2898 2130 2939 vocare

546 2975 807 3033 invitatos
838 2976 906 3032 ad
951 2977 1174 3047 nuptias
1208 2977 1289 3044 “;
1334 2995 1354 3029 ι
1384 2987 1439 3032 at
1471 2976 1788 3033 observabis
1826 2993 1895 3031 an
1930 2991 2129 3046 quemn

546 3070 842 3125 admodum
893 3044 1095 3139 sponsa
1130 3084 1253 3139 qua:
1296 3069 1485 3136 nubit,
1519 3069 1625 3123 alia
1655 3077 1738 3124 est
1760 3083 1791 3123 a
1832 3044 2004 3124 servis
2036 3083 2130 3123 ac-
2156 3044 2202 3106 ί)

546 3162 910 3227 cersentibus,
941 3170 997 3217 et
1028 3162 1098 3217 ab
1125 3161 1192 3216 iis
1212 3161 1306 3231 qui
1333 3161 1401 3215 ad
1435 3160 1652 3230 nuptias
1685 3160 1935 3216 accersiti
1962 3167 2123 3227 sunt;

548 3253 623 3308 ita
649 3240 702 3308 et
731 3254 784 3308 in
819 3255 1066 3325 mysticis
1095 3255 1257 3308 rebus
1286 3254 1455 3323 aliqui
1494 3254 1561 3307 ad
1605 3268 1759 3308 nova:
1805 3261 1987 3323 nupta:
2014 3254 2128 3309 col-

547 3345 874 3400 locationem
920 3357 1309 3411 assumuntur;
1354 3345 1447 3399 alii
1500 3357 1685 3423 autem
1734 3345 1789 3398 in
1840 3360 2124 3401 servorum

548 3436 818 3501 ordinem,
853 3436 948 3507 qui
988 3436 1250 3491 invitatos
1290 3437 1359 3492 ad
1399 3438 1618 3507 nuptias
1647 3437 1973 3492 accersitum
2005 3438 2130 3492 mit-

545 3535 772 3596 tuntur;
806 3543 872 3585 ac
916 3538 1112 3599 praeter
1154 3530 1275 3585 illos
1318 3529 1539 3603 demum
1583 3528 1761 3593 tertii,
1795 3529 1889 3599 qui
1932 3543 2129 3599 nempe

547 3618 654 3690 ipsi
682 3620 753 3675 ad
801 3619 1021 3691 nuptias
1067 3620 1278 3675 invitati
1311 3630 1439 3676 sunt
1478 3638 1491 3675 :
1521 3635 1710 3675 verum
1736 3620 1984 3675 diversos
2008 3621 2128 3675 ani-

546 3729 762 3769 marum
792 3714 1051 3779 ordines,
1089 3714 1174 3770 vel
1220 3714 1385 3769 simul
1430 3712 1749 3769 facultatum
1779 3714 1980 3784 quibus
2009 3713 2126 3782 pol-

545 3805 679 3873 lent,
712 3805 856 3863 Deus
890 3806 1123 3865 noverit.
1159 3822 1371 3861 necnon
1417 3816 1471 3861 et
1502 3823 1698 3863 causas
1732 3818 1952 3878 propter
1985 3821 2124 3878 quas

545 3897 616 3954 ad
649 3914 863 3969 sponsa:
888 3898 1301 3953 collocationem
1333 3908 1685 3954 assumantur
1718 3897 1828 3963 illi;
1862 3897 1954 3951 alii
1982 3896 2125 3951 inter

543 4005 641 4046 eos
671 3991 767 4061 qui
790 3991 1063 4045 vocationi
1098 3990 1287 4045 buicce
1329 3990 1671 4053 ministrant;
1703 3998 1867 4059 atque
1900 3988 1992 4044 alii
2023 3989 2122 4044 de-

543 4099 694 4139 mum
742 4084 883 4139 inter
926 4084 1076 4154 ipsos
1127 4083 1405 4138 invitatos.
1441 4081 1499 4136 In
1555 4081 1894 4152 spiritalibus
1940 4090 2120 4136 autem

540 4174 750 4245 nuptiis
798 4173 1170 4229 animadverte
1211 4171 1662 4228 consuetudinem
1698 4168 1860 4224 Verbi
1908 4169 2117 4240 sponsi,

542 4264 690 4320 unde
720 4263 862 4319 fetus
891 4263 1211 4334 tempestive
1249 4262 1513 4328 exoritur,
1545 4276 1670 4316 cum
1710 4262 1891 4315 anima
1918 4274 2119 4330 sponsa

2231 1770 2554 1840 δεεστὲροις,
2588 1765 2711 1818 ὅσον
2742 1760 2835 1813 ἐπὶ
2859 1761 2923 1831 τῇ
2953 1756 3161 1812 ἑαυτῶν
3193 1754 3377 1824 φύσει,
3415 1753 3679 1822 ἀγγέλων.
3703 1755 3775 1804 καὶ

2233 1864 2457 1936 θρόνων,
2505 1860 2601 1913 καὶ
2630 1854 2986 1927 κυριοτήτων,
3032 1850 3127 1903 καὶ
3164 1848 3371 1920 ἀρχῶν,
3404 1848 3504 1901 καὶ
3538 1844 3775 1912 ἐξουσιῶν,

2238 1976 2258 2009 ι
2293 1951 2550 2026 ὡμοιώθη
2593 1951 2627 2021 ἡ
2658 1945 2905 2018 βασιλεία
2936 1941 3044 1997 τῶν
3082 1939 3328 2013 οὐρανῶν
3357 1938 3634 2010 ἀνθρώπῳ
3658 1937 3779 2007 βασι.

2230 2052 2331 2113 λεῖ,
2380 2068 2399 2101 )
2443 2048 2500 2100 ὲν
2533 2043 2740 2115 θρόνοις
2779 2035 3037 2110 ὡμοιώθη
3070 2037 3103 2106 ἡ
3150 2032 3397 2106 βασιλεία
3430 2031 3543 2085 τῶν
3573 2029 3778 2101 οὐρανῶν

2232 2143 2407 2217 θρόνῳ
2440 2137 2677 2212 βασιλεῖ·
2711 2132 2998 2203 κυριότησι
3020 2129 3098 2192 δὲ,
3118 2127 3401 2200 κυριότητι
3441 2123 3677 2217 βασιλεῖῖ
3698 2123 3776 2193 ἀρ-

2232 2214 2352 2307 χαῖς
2383 2234 2461 2300 δὲ,
2504 2230 2645 2301 ἀρχῇ
2679 2225 2915 2297 βασιλεῖ’
2955 2222 3050 2276 καὶ
3087 2219 3375 2287 ἐξουσίαις,
3411 2215 3631 2285 ἐξουσίᾳ
3658 2214 3780 2307 βασι-

2230 2305 2330 2381 λεῖ.
2376 2326 2542 2396 «aqua
2588 2321 2696 2392 γάρ
2728 2334 2844 2381 τις-
2895 2315 2991 2378 Τίς
3034 2315 3068 2385 ἡ
3108 2311 3506 2382 ἀποκλήρωσις
3554 2309 3656 2369 τοῖς
3700 2305 3777 2376 μὲν

2231 2420 2509 2474 ἐλάττοσιν
2554 2409 2869 2486 ὡμοιῶσθαι
2921 2409 3021 2480 τὴν
3076 2403 3351 2477 βασιλείαν
3404 2402 3521 2455 τῶν
3570 2398 3777 2471 οὐρανῶν

2188 2510 2191 2517 ’
2230 2510 2501 2583 ἀνθριῦπιι)
2542 2503 2778 2578 βασιλεῖ’
2809 2504 2920 2564 τοῖς
2955 2499 3012 2552 δὲ
3052 2495 3356 2583 κρείῗῖοσιν
3392 2489 3775 2583 ἀνθρώπω-μὴ

2228 2600 2290 2655 τὸ
2322 2580 2582 2667 άνάλογον
2620 2592 2794 2664 τούτῳ
2836 2588 3116 2660 γίνεσθαι;
3149 2580 3315 2650 Οὗτος
3347 2583 3436 2655 δὴ,
3472 2587 3500 2637 ὁ
3531 2581 3778 2654 ὁμοιωθεὶς

2229 2689 2502 2765 ἀνθρώπῳ
2532 2686 2743 2759 βασιλεῖ
2774 2681 2943 2738 ποιῶν
2966 2680 3177 2752 γάμους
3217 2677 3294 2749 τῷ
3322 2676 3425 2748 υἱῴ
3462 2675 3642 2739 αὑτοῦ,
3671 2670 3778 2727 άπέ-
3812 2686 3819 2695 ‘

2231 2784 2408 2840 στειλε
2433 2781 2560 2844 τοὺς
2591 2777 2809 2841 δούλους
2835 2772 2997 2829 αὑτοῦ
3025 2771 3251 2834 καλέσαι
3273 2770 3400 2832 τοὺς
3444 2766 3776 2838 κεκλημέναις

2230 2880 2310 2942 είς
2350 2877 2475 2939 τοὺς
2506 2872 2750 2943 γάμους·
2791 2868 2885 2924 καὶ
2917 2866 3229 2935 ἐπιστήσεις
3262 2865 3329 2927 εί,
3368 2860 3565 2930 ὥσπερ
3599 2859 3714 2929 άλλη
3747 2859 3774 2928 ἡ

2229 2968 2548 3042 γαμουμένη
2578 2966 2763 3037 νύμφη
2795 2960 2945 3035 παρὰ
2974 2960 3099 3022 τοὺς
3132 2956 3429 3021 καλοῦντας
3455 2955 3685 3019 δούλους,
3701 2953 3779 3005 καὶ

2230 3062 2356 3124 τοὺς
2396 3057 2763 3129 κεκλημένους
2801 3055 2882 3118 εἰς
2929 3053 3056 3123 τους
3104 3049 3341 3120 γάμους
3386 3048 3563 3112 οὕτως
3595 3046 3679 3100 καὶ
3703 3043 3778 3097 ἐπὶ

2229 3153 2339 3207 τῶν
2375 3150 2653 3223 μυστικῶν
2700 3145 3042 3218 πραγμάτων
3082 3143 3132 3195 οἱ
3176 3141 3275 3213 μέν
3316 3140 3466 3203 τινες
3510 3142 3641 3193 εἰσιν
3672 3139 3756 3190 ἀνα

2230 3243 2633 3316 λαμϐανόμενοι
2660 3240 2740 3303 είς
2778 3237 2841 3290 τὸ
2871 3235 3123 3306 σύστημα
3164 3232 3264 3303 τῆς
3292 3230 3519 3303 νύμφης
3538 3271 3554 3294 ,
3579 3228 3710 3284 ἄλλοι
3731 3227 3776 3281 δὲ

2230 3343 2312 3406 είς
2356 3341 2457 3413 τὴν
2491 3337 2644 3402 τάξιν
2678 3335 2788 3388 τῶν
2828 3331 3308 3403 άποστελλομὲνων
3339 3331 3550 3384 δούλων
3584 3328 3777 3383 καλέσαι

2228 3433 2355 3496 τοὺς
2384 3429 2752 3500 κεκλημένους
2783 3427 2862 3491 εἰς
2893 3425 3019 3490 τοὺς
3055 3425 3299 3494 γάμουςο
3330 3424 3426 3478 καὶ
3447 3423 3622 3494 τρίτοι
3654 3416 3777 3489 παρὰ

2228 3518 2471 3582 τούτους,
2504 3517 2553 3570 οί
2577 3514 2905 3587 κεκλημένοι
2944 3516 3026 3577 είς
3072 3514 3199 3576 τοὺς
3223 3513 3455 3583 γάμους.
3494 3512 3625 3575 Θεὸς
3661 3510 3699 3562 δ’
3724 3508 3775 3561 ἂν

2229 3610 2396 3682 εἰδείη
2438 3608 2509 3663 τὰ
2539 3608 2771 3680 διάφορα
2814 3607 3071 3678 τάγματα
3104 3604 3213 3658 τῶν
3241 3603 3450 3676 ψυχῶν,
3495 3604 3531 3675 ἦ
3577 3604 3666 3656 σὺν
3700 3600 3777 3653 az)-

2227 3706 2348 3768 ταῖς
2385 3704 2480 3757 καὶ
2507 3703 2811 3773 δυνάμεων,
2846 3700 2940 3754 καὶ
2976 3700 3075 3772 τὴν
3105 3700 3286 3754 αἰτίαν
3328 3696 3425 3752 τοῦ
3468 3695 3653 3751 τούσδε
3696 3693 3775 3765 μὲν

2227 3796 2322 3849 ἐπὶ
2357 3795 2420 3848 τὺ
2463 3794 2713 3865 σύστημα
2745 3793 2843 3863 τῆς
2875 3791 3094 3862 νύμφης
3130 3788 3638 3860 ἀναλαμϐάνεσθαιο
3675 3782 3770 3837 ἑτέσ

2233 3906 2359 3960 ρους
2402 3888 2459 3941 δὲ
2505 3886 2597 3940 ἐπὶ
2642 3885 2769 3948 τοὺς
2814 3883 3034 3948 δούλους
3079 3883 3206 3946 τοὺς
3243 3881 3685 3952 διακονουμένους
3718 3877 3771 3945 τῇ

2228 3982 2447 4054 κλήσειο
2484 3981 2575 4033 καί
2603 3978 2792 4042 ἄλλους
2822 3978 2913 4031 ἐπὶ
2945 3978 3071 4041 τοὺς
3103 3974 3492 4046 καλουμένους.
3536 3972 3620 4026 Ἑν
3642 3985 3773 4023 πνεν-

2231 4075 2480 4145 ματικοίς
2525 4070 2581 4124 δὲ
2629 4070 2825 4140 γάμοις
2871 4067 3154 4123 κοινωνίαν
3199 4068 3309 4121 νόει
3356 4067 3533 4135 Λόγου
3572 4062 3771 4135 νυμφίου

2225 4164 2382 4218 τόκον
2413 4164 2470 4216 ὲν
2498 4161 2648 4233 καλῷ
2668 4159 3010 4232 ποιουμένου,
3040 4160 3136 4213 καὶ
3154 4159 3371 4230 νύμφης
3393 4158 3575 4229 ψυχῆς
3598 4170 3772 4225 γάμω-

2231 4257 2395 4328 μένης
2426 4256 2604 4327 Λόγῳ,
2651 4254 2746 4309 καὶ
2794 4254 2868 4326 μὴ
2911 4252 3273 4323 φθειρομένης
3308 4252 3400 4304 ὑπ’
3442 4249 3624 4305 αὐτοῦ’
3659 4244 3770 4299 ἀλλά

541 4373 665 4427 quae
705 4345 897 4414 Verbo
918 4356 1136 4428 nupsit,
1187 4356 1258 4411 ab
1303 4369 1480 4427 eoque
1509 4354 1697 4410 vitiata
1751 4369 1816 4410 ac
1862 4363 2117 4423 corrupta

2230 4350 2321 4403 καὶ
2353 4347 2474 4403 καθ’
2501 4348 2739 4419 ἑκάστην
2774 4344 2873 4416 τὴν
2901 4344 3037 4417 πρὸς
3082 4344 3241 4400 αὑτὸν
3272 4345 3558 4400 κοινωνίαν
3588 4340 3768 4412 ἀφθαρ-

1756 4487 1984 4545 VETUS
2021 4482 2599 4544 INTERPRETATIO.
2712 4442 2727 4464 .

546 4631 807 4706 calorum
852 4632 1057 4706 homini
1096 4632 1300 4706 regia;
1330 4634 1472 4706 apud
1510 4647 1606 4689 eos
1643 4641 1823 4691 autem
1864 4632 1956 4702 qui
1998 4631 2294 4706 secundum
2341 4628 2649 4706 Scripturas
2688 4627 2762 4682 dii
2800 4636 3085 4706 vocantur,
3117 4641 3352 4697 quorum
3390 4644 3412 4678 ι
3450 4627 3504 4681 in
3529 4640 3767 4699 synagoga

545 4702 693 4758 stetit
735 4701 898 4771 Deus,
934 4703 988 4757 in
1031 4698 1209 4757 medio
1246 4698 1381 4758 deos
1411 4704 1750 4767 discernens,
1800 4723 1818 4755 ι
1865 4698 2089 4771 regnum
2131 4703 2397 4756 caelorum
2436 4699 2615 4756 simile
2633 4708 2734 4771 _cst
2773 4699 2885 4770 regi
2930 4698 3056 4753 Deo.

615 4772 705 4826 Si.
745 4770 967 4837 Quaeres
1005 4783 1208 4837 autem,
1235 4774 1281 4829 si
1319 4773 1776 4842 quemadmodum
1817 4774 1869 4827 in
1914 4767 2228 4828 hominibus
2266 4772 2361 4842 qui
2398 4780 2527 4826 sunt
2564 4767 2872 4842 inferiores.
2912 4767 3283 4842 quantumjad
3323 4783 3482 4823 suam
3523 4777 3766 4842 naturam,

542 4852 597 4917 et
633 4844 939 4917 angelis,_et
966 4844 1296 4917 _sedibus._et
1329 4839 1817 4917 dominationibus,
1852 4852 1905 4896 et
1932 4839 2347 4917 principatibus,
2380 4851 2434 4896 et
2453 4841 2844 4917 potestatibus,
2879 4840 3055 4917 simile
3104 4839 3231 4894 fecit
3266 4854 3513 4917 l'OgItIIItI_
3535 4841 3765 4917 mulorum

546 4909 751 4969 homini
773 4913 1084 4982 regizsicin
1102 4914 1342 4979 sedibus,
1371 4912 1548 4969 simile
1561 4924 1645 4968 est
1677 4929 1900 4983 regnum
1932 4909 2196 4968 cwlorum
2216 4913 2327 4968 sedi
2356 4909 2520 4982 regis,
2546 4911 3007 4983 dominationibus
3037 4922 3216 4983 autem
3248 4909 3604 4983 dominationi
3627 4909 3763 4983 regis,

541 4978 937 5056 principatibus
964 4994 1144 5039 autem
1178 4978 1500 5054 principatui
1529 4984 1692 5052 regis,
1712 4978 2071 5053 potesmtibus
2102 4984 2352 5056 potestati
2394 4978 2558 5056 regis.
2589 4980 2889 5056 Diciteuim
2924 4981 3151 5056 aliquis:
3173 4978 3305 5056 Quae
3332 4978 3671 5056 discretionis
3697 4984 3765 5029 est

548 5050 1140 5125 iatiofutbominibus
1166 5050 1384 5121 quidem
1422 5050 1758 5110 assimiletur
1781 5070 2005 5125 regnum
2035 5050 2224 5109 eorum
2252 5054 2315 5124 (Γ.
2349 5050 2639 5123 cmlOrum)
2659 5053 2880 5125 homini
2912 5054 3045 5121 regi,
3073 5050 3454 5125 superioribus
3487 5062 3655 5104 autem
3678 5060 3761 5100 non

542 5122 953 5183 similiter-hat?
986 5126 1090 5181 Iste
1119 5126 1400 5196 igituriqui
1429 5127 1763 5180 assimilatus
1788 5122 1871 5179 est
1897 5125 2105 5196 homini
2140 5122 2485 5196 regi‘l'aciens
2516 5122 2734 5196 nuptias
2781 5123 2912 5196 lilio,
2949 5140 2968 5173 ι
3014 5122 3163 5176 misit
3213 5135 3401 5196 servos
3445 5137 3578 5175 suos
3600 5129 3763 5196 vocaff

541 5199 801 5253 invitatos
832 5199 898 5252 ad
932 5186 1170 5266 nuptias:
1213 5217 1232 5249 ι
1270 5186 1341 5250 Εἰ
1362 5197 1647 5251 considera
1679 5197 1747 5262 si,
1782 5186 2240 5265 quemadmodum
2288 5195 2340 5266 iu
2375 5186 2749 5264 corporalibus
2797 5193 2901 5246 alia
2944 5201 3042 5266 est
3070 5207 3193 5260 qua:
3237 5190 3393 5266 nubit
3435 5205 3650 5266 sponsa,
3686 5186 3761 5266 alii

542 5279 723 5322 autem
757 5261 1093 5331 imitatores,
1116 5268 1405 5321 aliiautem
1429 5268 1520 5335 qui
1554 5261 1853 5320 invitantur
1882 5267 1949 5319 ad
1979 5266 2197 5334 nuptias
2232 5281 2246 5316 :
2281 5265 2362 5319 sic
2388 5276 2441 5319 et
2468 5261 2520 5317 in
2556 5267 2719 5319 rebus
2752 5263 3152 5334 mysterialibus
3173 5261 3636 5335 quidamquidem
3656 5264 3761 5313 sunt

541 5339 635 5406 qui
662 5338 1003 5407 accipiuntur
1033 5338 1088 5392 iu
1113 5333 1556 5393 constitutionem
1592 5352 1828 5405 sponsae,
1860 5337 1951 5390 alii
1986 5333 2168 5407 autem
2200 5335 2476 5403 inordiue
2504 5333 2954 5407 transmissurum
2985 5348 3264 5407 servorum
3302 5333 3555 5407 invitatos
3575 5342 3758 5389 vocare,

544 5403 687 5461 tertii
718 5403 899 5463 autem
938 5418 1128 5478 praeter
1169 5409 1303 5464 istos
1346 5407 1438 5477 qui
1467 5403 1734 5462 vocantur
1769 5406 2101 5478 ad‘nuptias,
2132 5404 2278 5461 Deus
2303 5416 2483 5478 autem
2516 5406 2620 5460 scit
2657 5403 2899 5478 diversos
2924 5404 3146 5478 ordines
3173 5404 3307 5478 istos
3339 5403 3761 5478 animarum}:-

541 5492 776 5545 rumque
801 5468 1027 5533 virtu'tes
1054 5488 1109 5534 et
1131 5494 1348 5546 causas,
1363 5468 1449 5531 .ob
1476 5492 1614 5547 quas
1645 5478 1698 5530 hi
1730 5468 1958 5546 quidem
1980 5477 2033 5531 in
2062 5468 2502 5531 constitutionem
2538 5490 2751 5547 sponsae
2778 5475 3117 5547 accipiuntur
3135 5516 3150 5532 .
3185 5473 3276 5547 alii
3311 5484 3494 5547 autem
3523 5477 3578 5547 in
3596 5468 3759 5547 ordine

542 5539 825 5603 st-rvorum
855 5550 1279 5620 ministrantium
1311 5539 1578 5603 vocationi
1626 5539 1958 5620 Ituju'smodi,
2001 5557 2055 5601 ct
2096 5548 2187 5600 alii
2230 5539 2951 5620 in_numero:iu_vitatorum_
2983 5545 3050 5599 ad
3094 5546 3345 5620 ιιιιριίοε.Δ
3370 5543 3424 5596 lu
3458 5539 3756 5620 spiritalibus

541 5626 723 5670 autem
758 5633 828 5671 nu
873 5619 963 5672 tiis
995 5620 1541 5674 communicationem
1584 5612 1773 5688 sponsi
1823 5617 1889 5671 ad
1936 5612 2217 5686 Sponsam,
2262 5617 2313 5671 id
2356 5625 2472 5677 est,
2514 5616 2718 5670 Christi
2755 5616 2821 5669 ad
2867 5617 3126 5678 animam,
3176 5612 3348 5669 'Vcrbi
3390 5613 3754 5688 susceptionem

541 5687 797 5740 intelliee.
832 5633 1025 5740 Bartus
1057 5699 1260 5740 autem.
1289 5706 1452 5740 onera
1487 5690 1628 5740 bona
1676 5689 1872 5740 anima:
1910 5697 2125 5740 uuntaa.
2167 5703 2290 5740 uuae
2333 5701 2441 5740 non
2483 5686 2853 5740 corrumpitur
2884 5703 2915 5740 a
2957 5686 3123 5740 verbo
3163 5684 3387 5740 soonsi.
3419 5685 3510 5740 sed
3550 5678 3754 5740 quotidie

539 5687 797 5758 itttcllige.
832 5678 1025 5744 Partus
1057 5699 1260 5757 autem,
1289 5706 1452 5760 Opera
1487 5678 1631 5745 bona
1676 5689 1872 5743 anima:
1910 5678 2125 5758 uu'ptaz,
2167 5703 2290 5759 qua:
2333 5701 2441 5742 non
2483 5686 2853 5756 corrumpitur
2884 5703 2915 5740 a
2957 5686 3123 5741 verbo
3163 5684 3387 5756 sponsi,
3419 5685 3510 5740 sed
3549 5678 3754 5753 quotidie

610 5831 652 5861 ⁶¹
690 5830 831 5887 Psal.
864 5846 1048 5897 ωιχιι,
1075 5831 1125 5886 1.
1222 5831 1266 5865 ⁶’
1297 5830 1484 5890 Matth.
1512 5847 1649 5906 χχιι,
1683 5832 1736 5887 3.

3901 4218 3903 4321 4
