3962 6546
144 387 307 443 ib“
1119 390 1467 451 COMMENT.
1504 390 1571 448 IN
1610 382 1733 446 ΜΑΊ

1839 378 2026 448 unum
2063 390 2298 451 TOMUS
2331 392 2493 450 xvn.
2536 416 2551 423 -
3309 402 3450 459 ista

146 507 291 579 σίας
329 499 880 575 μεταλαμϐανούσης,
915 503 1010 557 καὶ
1044 504 1323 576 γεννώσης
1353 506 1513 559 ὁποῖα
1541 505 1733 576 γένοιτ(

1855 515 1966 556 ηοη
1999 511 2104 569 est,
2136 505 2231 560 sed
2261 503 2698 577 quotiescunque
2729 522 2852 565 cum
2881 493 3084 583 sponso
3109 520 3423 576 mansuescit

143 594 220 648 ὲκ
256 595 524 649 τοιούτων
549 596 747 669 γάμων
770 595 964 666 λογικά
992 600 1327 671 γεννήματα.

1863 596 2230 663 corruptionis
2283 597 2683 656 immunitatem
2728 604 2987 675 concipit,
3033 614 3089 662 et
3132 609 3347 679 qualem
3374 626 3446 669 ex

1861 686 2129 754 ejusmodi
2156 691 2362 760 nuptiis
2391 692 2544 749 nasci
2579 694 2892 766 progeniem
2927 712 3026 768 par
3062 709 3165 768 est,
3196 703 3445 761 rationa-

1860 776 1938 831 les
1974 792 2166 849 nempe
2202 779 2346 837 fetus
2374 783 2621 839 enititur.

225 873 352 927 Καὶ
399 875 459 927 ὲν
503 873 767 938 τοιούτοις
821 874 1022 945 γάμοις
1070 875 1180 929 νόει
1220 876 1281 929 τὸ
1334 876 1733 949 ἐτοιμαζόμενοπ

1928 868 2020 925 29..
2064 871 2118 925 ln
2146 872 2417 942 ejusmodi
2450 876 2576 930 item
2616 878 2822 948 nuptiis
2851 878 2919 934 ad
2962 896 3209 950 paratum
3243 900 3311 940 ex
3352 902 3443 942 so-

144 962 389 1036 ᾰριστον
424 965 488 1019 ὲκ
540 968 766 1039 στερεᾶς
811 967 869 1019 ὲν
914 972 1304 1037 πνευματικοῖς
1347 969 1585 1038 λογικοῖς
1628 987 1733 1042 τρο

1858 959 1972 1015 lido
2023 963 2076 1017 in
2125 965 2502 1034 spiritualibus
2559 970 2921 1028 rationalibus
2954 973 3078 1029 cibo
3125 978 3437 1046 prandium,

143 1056 270 1127 φῆς
300 1057 436 1128 (16)’
456 1058 549 1112 καὶ
570 1059 629 1112 τὸ
652 1059 872 1131 στερεὸν
896 1060 992 1131 τῆς
1020 1060 1224 1131 τροφῆς
1252 1060 1749 1132 τροπολογούμενόν

146 1165 252 1219 μοι
298 1150 412 1204 νόει
448 1151 505 1203 ἐν
533 1153 645 1215 τοῖς
679 1151 933 1221 ταύροις·
980 1151 1118 1205 ἀλλά
1160 1153 1252 1205 καὶ
1281 1153 1342 1206 τὸ
1380 1155 1747 1225 πνευματικὸν

140 1239 257 1309 τῆς
294 1242 470 1312 αὐτῆς
506 1241 740 1314 Θεωρίας
769 1245 827 1296 έν
866 1245 978 1308 τοῖς
1013 1242 1296 1315 θυομένοις
1337 1250 1620 1311 σιτιστοῖςο
1653 1247 1746 1301 καὶ

139 1330 250 1402 τὴν
283 1332 456 1404 ἄλλην
480 1332 534 1386 δὲ
568 1333 838 1388 ποικιλίαν
866 1334 966 1405 τὴν
989 1334 1252 1405 ἀνάλογον
1280 1338 1391 1399 τοῖς
1418 1341 1747 1407 σωματικοῖς

142 1426 540 1497 πνευματικὴν
578 1426 811 1499 θεωρίαν
835 1428 943 1498 τῷ*
974 1446 991 1479 ι
1021 1428 1133 1481 Καὶ
1165 1428 1232 1482 τὰ
1264 1429 1443 1483 πάντα
1465 1429 1679 1501 ἓτοιμα’
1721 1449 1740 1483 ι

141 1515 171 1567 ὁ
212 1514 337 1587 γὰρ
366 1515 617 1586 βασιλεὺς
657 1519 715 1571 έν
742 1518 992 1591 δαψιλείᾳ
1022 1519 1277 1593 βασιλικῇ
1318 1521 1485 1587 ἀξίως
1513 1522 1610 1594 τῆς
1643 1523 1744 1593 βακε

142 1605 367 1670 σιλείας
411 1607 505 1661 καὶ
551 1607 645 1662 τοῦ
688 1608 918 1663 πλούτου
964 1610 1158 1665 ἑαυτοῦ
1205 1612 1265 1665 τὸ
1310 1612 1548 1666 τοιοῦτον
1601 1616 1745 1667 ποιεῖ

1858 1063 2094 1108 mentem
2144 1056 2402 1125 adverte;
2462 1060 2622 1131 cujus
2680 1063 2786 1117 cibi
2851 1066 3169 1123 solidiorem
3229 1080 3436 1139 partem

1857 1144 2188 1214 tropologice
2211 1149 2569 1216 signiﬁcatam
2602 1151 2886 1224 intelligito
2910 1171 3006 1225 per
3036 1167 3260 1228 tauros;
3291 1164 3438 1231 quod

1854 1241 2035 1287 autem
2070 1235 2352 1304 spiritualc
2385 1238 2438 1293 in
2468 1240 2569 1296 hac
2604 1240 2792 1297 eadem
2821 1248 3278 1317 contemplatione
3307 1266 3439 1306 con-

1852 1325 2088 1392 tinetur,
2124 1343 2220 1397 per
2254 1340 2487 1386 mactata
2534 1333 2742 1402 altilia;
2782 1337 2943 1392 aliam
2990 1350 3171 1396 autem
3203 1344 3437 1399 varieta-

1851 1428 1982 1480 tem,
2016 1421 2355 1489 spiritualem
2391 1439 2587 1494 nempe
2617 1431 3134 1499 contemplationem
3178 1450 3302 1505 quae
3332 1451 3432 1505 pro

1849 1524 2031 1564 rerum
2066 1527 2455 1581 corporearum
2488 1518 2699 1576 ratione
2740 1521 2827 1585 ﬁt,
2862 1538 2959 1593 per
3002 1525 3117 1581 base
3143 1529 3304 1583 verba
3332 1527 3378 1560 ⁸³
3413 1546 3428 1585 :

1853 1619 1872 1653 ι
1906 1602 1970 1657 Et
2010 1604 2192 1658 omnia
2242 1619 2464 1675 parata;
2502 1628 2520 1661 ι
2551 1612 2658 1667 tale
2687 1613 2956 1684 siquidem
3002 1620 3290 1687 prandium
3328 1635 3427 1677 rex

140 1697 399 1770 ἄριστον.
426 1701 582 1753 Δοκεῖ
602 1700 664 1771 δή
692 1717 780 1771 μοι
808 1700 1043 1770 εὐγενῶν
1071 1719 1230 1755 τινων
1254 1700 1442 1772 ψυχῶν
1480 1702 1733 1775 Ἰσραηλι-

1846 1695 2017 1765 copiis
2049 1698 2326 1762 omnibus,
2363 1702 2444 1755 uti
2496 1719 2677 1775 regem
2714 1706 2890 1775 decet,
2924 1708 3150 1765 allluens
3184 1711 3424 1782 instruit,

140 1790 324 1844 τικῶν
353 1792 634 1861 γεγονέναι
667 1794 699 1863 ἡ
742 1794 1127 1865 προηγουμένη
1162 1794 1356 1865 κλῆσις
1384 1797 1464 1860 είς
1490 1796 1616 1861 τοὺς
1641 1796 1741 1866 γά-

143 1900 310 1954 μους.
346 1884 780 1957 Προηγουμένως
811 1885 921 1959 γὰρ
961 1886 1047 1941 διὰ
1073 1886 1181 1939 τῶν
1206 1887 1514 1941 καλούντων
1541 1888 1618 1959 τῷ
1640 1891 1739 1961 τῆς

140 1976 501 2042 διδασκαλίας
540 1976 680 2049 λόγῳ
714 1977 959 2048 βούλεται
991 1981 1020 2033 ὁ
1052 1978 1185 2045 Θεὸς
1219 1982 1374 2051 ἥκειν
1402 1983 1482 2045 είς
1513 1983 1613 2054 τὴν
1642 2001 1740 2054 μα-

140 2069 355 2141 καρίαν
400 2068 605 2142 ταύτην
653 2071 838 2125 ἑστίαν
880 2072 1007 2135 τοὺς
1042 2071 1179 2143 πρὸς
1209 2073 1421 2127 σύνεσιν
1450 2075 1734 2144 εὐφυεστέ-

143 2178 315 2232 ρους·
354 2162 447 2215 καὶ
476 2162 622 2217 ἔστιν
668 2163 813 2227 ἰδεῖν,
839 2162 921 2216 ὅτι
953 2164 1016 2217 ού
1050 2163 1294 2218 θέλουσιν
1329 2168 1378 2220 oi
1401 2167 1628 2220 τοιοῦτοι
1661 2167 1743 2221 ὲλ-

1850 1803 1948 1857 pro
1974 1789 2121 1858 regia
2156 1806 2254 1845 sua
2286 1791 2553 1864 dignitate
2578 1807 2630 1853 et
2656 1799 2824 1869 800
2846 1801 3062 1871 opibus.
3092 1801 3250 1858 Prior
3276 1813 3425 1860 certe

1848 1879 1914 1932 ad
1947 1881 2166 1949 nuptias
2197 1883 2467 1950 invitatio,
2501 1888 2568 1942 ad
2606 1891 2933 1948 lsraeliticas
2966 1895 3228 1964 quasdam
3260 1912 3426 1967 gene-

1846 1973 2085 2028 rosiores
2112 1974 2327 2033 animas
2360 1979 2495 2033 mihi
2544 1981 2758 2037 videtur
2806 1986 3094 2054 pertinere.
3139 1988 3243 2055 Qui
3273 1990 3423 2045 enim

1844 2067 2229 2135 perspicaciori
2258 2070 2465 2139 pollent
2493 2072 2733 2143 ingenio,
2762 2092 2858 2132 eos
2884 2094 2914 2133 a
2948 2082 3297 2139 vocatoribus
3326 2099 3422 2153 per

1846 2154 2151 2228 disciplina:
2175 2162 2339 2216 verba
2377 2164 2444 2218 ad
2486 2164 2703 2221 beatum
2748 2169 2877 2224 illud
2907 2173 3126 2241 epulum
3154 2191 3262 2245 pra:
3290 2177 3419 2232 reli-

140 2251 260 2304 θεῖν
323 2252 407 2315 είς
454 2251 552 2323 τὴν
604 2251 816 2323 κλῆσιν,
859 2251 950 2305 καὶ
995 2251 1083 2305 διὰ
1113 2252 1272 2306 τοῦτο
1315 2253 1733 2308 ἀποστέλλονται

1839 2249 1962 2316 quis
1990 2252 2286 2308 accersitos
2340 2254 2456 2309 vult
2503 2254 2649 2313 Deus
2683 2260 2869 2316 venire
2915 2278 2928 2314 :
2969 2263 3070 2319 bos
3116 2275 3296 2321 autem
3338 2268 3420 2323 vi-

140 2343 296 2397 ἄλλοι
327 2343 502 2398 δοῦλοι
533 2345 962 2417 προκαλούμενοι
994 2346 1121 2409 τοὺς
1150 2345 1224 2418 μὴ
1257 2346 1507 2411 θέλοντας
1537 2346 1733 2414 ἐλθεῖν,

1839 2341 1966 2397 dere
2026 2342 2151 2399 licet
2210 2347 2482 2402 vocationi
2537 2350 2762 2407 minime
2814 2354 3181 2425 obsequentes
3236 2360 3420 2416 venire

142 2437 242 2490 καὶ
271 2435 758 2510 ἐπαγγελλόμενοι,
786 2438 833 2491 εί
851 2438 1053 2493 ἔλθοιεν
1068 2441 1113 2492 οἱ
1132 2438 1476 2511 κεκλημένοι,
1498 2440 1733 2513 μεταλή-

1840 2434 2006 2500 nolle,
2037 2444 2090 2490 et
2117 2436 2212 2492 alii
2242 2450 2531 2509 propterea
2576 2443 2866 2499 mittuntur
2894 2448 3033 2502 servi
3064 2464 3161 2505 eos
3183 2453 3419 2507 accersi-

140 2530 347 2599 ψεσθαι
376 2532 571 2596 αὐτοὺς
601 2531 1013 2603 ὲτοιμασθέντος
1042 2532 1149 2586 ὑπὸ
1177 2532 1270 2586 τοῦ
1313 2532 1576 2604 βασιλέως
1614 2535 1733 2607 ἀρί-

1841 2528 1950 2582 turi
1977 2529 2069 2600 qui
2102 2530 2286 2586 venire
2311 2543 2596 2598 recusant,
2627 2544 2682 2591 et
2723 2540 3045 2607 promissuri
3078 2540 3322 2600 futurum
3358 2555 3417 2602 ut

140 2638 295 2687 στου,
334 2623 429 2676 καὶ
465 2622 682 2693 ταύρων
731 2622 839 2677 τῶν
880 2624 957 2688 ὼς
990 2626 1047 2677 ὲν
1080 2624 1341 2695 καθαροῖς
1369 2625 1589 2681 πάντων
1622 2626 1731 2681 τῶν

1839 2616 1885 2671 si
1921 2618 2133 2675 invitati
2162 2622 2430 2689 venerint,
2459 2626 2633 2693 parati
2662 2642 2694 2681 a
2734 2644 2857 2699 rege
2883 2633 3093 2700 prandii
3128 2635 3418 2706 participes

141 2713 408 2786 καθαρῶν
441 2713 723 2785 μειζόνων,
747 2714 841 2768 καὶ
867 2715 1264 2786 σεσιτευμένων
1291 2718 1357 2788 τῇ
1387 2716 1605 2789 ποικίλῃ
1636 2718 1731 2772 καὶ

1839 2710 1990 2773 ﬁant,
2022 2728 2236 2768 necnon
2264 2723 2318 2769 et
2343 2725 2628 2772 taurorum
2671 2720 2764 2788 qui
2797 2720 2936 2776 inter
2966 2726 3166 2778 munda
3194 2727 3416 2784 mundis

142 2806 315 2879 πολλῇ
363 2806 633 2874 ἀποδείξει
665 2806 776 2861 τῶν
810 2808 892 2871 είς
930 2807 1162 2863 ἕκαστον
1193 2808 1484 2881 πρόϐλημα
1525 2810 1731 2881 νοημά-

1839 2805 2095 2860 omnibus
2126 2806 2365 2877 majores
2395 2817 2545 2876 sunt,
2576 2818 2632 2866 et
2652 2811 2805 2866 vario
2834 2828 2898 2867 ac
2935 2816 3221 2887 multiplici
3246 2834 3412 2889 argu-

140 2915 276 2952 των·
322 2900 487 2953 οἱονεὶ
515 2900 625 2972 γάρ
651 2900 885 2953 σιτιστὺν
911 2901 1245 2973 παρατίθησι
1273 2900 1451 2971 λόγον,
1480 2902 1513 2973 ἢ
1542 2904 1730 2975 διῃρη-

1839 2908 2020 2954 mento
2077 2901 2449 2966 saginatarum
2501 2917 2667 2972 super
2724 2920 3052 2976 unaquaque
3103 2912 3415 2979 quaestione

144 2990 337 3059 μένον,
382 2992 476 3046 καὶ
518 2994 577 3046 ὲν
620 2992 949 3065 τροπολογίᾳ
998 2992 1289 3064 λεγόμενον
1337 2993 1660 3066 τεθυμένον,
1701 2998 1731 3050 ὁ

138 3083 236 3155 τὴν
285 3086 419 3156 mp).
458 3084 554 3139 τοῦ
610 3087 972 3158 προκειμένου
1022 3086 1405 3158 προϐλήματος
1457 3087 1729 3156 ἀπόδειξιν

140 3175 349 3249 πολλὴν
378 3177 558 3249 φέρων
586 3176 681 3230 καὶ
706 3176 885 3249 πλήρη
904 3195 918 3207 ’
948 3175 1024 3242 ὡς
1057 3177 1105 3230 ει
1142 3178 1265 3231 καθ’
1297 3177 1551 3232 ὑπόθεσιν
1574 3178 1728 3249 ὀλίγα

138 3267 257 3321 τινὰ
292 3269 391 3322 καὶ
424 3267 622 3340 ἀσθενῆ
669 3268 887 3339 φέροιτο
928 3270 1008 3333 εἰς
1046 3267 1145 3340 τὴν
1174 3268 1283 3323 τῶν
1327 3268 1728 3342 προϐλημάτων

139 3359 421 3426 ἀπόδειξιν
475 3359 620 3413 κατά
675 3358 743 3413 τὰ
791 3359 1049 3414 δοκοῦντα
1096 3360 1525 3424 κατασκευάζειν
1567 3360 1726 3423 αὐτὰ,

140 3445 248 3503 εἷεν
295 3451 368 3504 ἂν
398 3450 467 3505 τὰ
499 3449 771 3522 τεθυμένα
808 3450 983 3504 λεπτά
1017 3467 1138 3503 τινα
1172 3451 1267 3503 καὶ
1299 3450 1488 3521 ῖσχνά,
1532 3451 1627 3505 καὶ
1660 3451 1725 3504 ἵν’

139 3538 344 3614 ὁμοίως
379 3544 649 3616 ὀνομάσω,
686 3542 826 3615 ξηρά
857 3543 953 3596 καὶ⁵
990 3544 1239 3615 ἃσαρκα·
1279 3542 1393 3596 ἀλλ’
1420 3543 1480 3596 οὐ
1503 3542 1725 3597 τοιαῦτα

138 3636 204 3690 τά
240 3635 640 3707 ἐτοιμασθέντα
674 3636 734 3689 ὲν
770 3634 849 3707 τῷ
884 3634 980 3689 τοῦ
1022 3634 1286 3705 βασιλέως
1323 3634 1554 3707 ἀρίστῳ,
1596 3637 1654 3690 ὲν
1679 3629 1724 3705 ᾧ

140 3746 341 3799 φησιν’
379 3747 399 3780 ι
439 3729 503 3782 Oi
527 3727 718 3801 ταῦροί
752 3745 852 3798 μου
890 3728 984 3782 καὶ
1010 3727 1080 3782 τά
1109 3728 1322 3782 σιτιστὰ
1347 3727 1640 3799 τεθυμένα,
1697 3748 1716 3780 ι

137 3820 284 3876 οὕτω
320 3821 379 3875 δὲ
417 3839 436 3872 ι
470 3821 565 3875 καὶ
589 3819 655 3873 τὰ
687 3820 861 3873 πάντα
889 3819 1104 3891 ἕτοιμα,
1148 3838 1168 3870 ι
1210 3817 1277 3871 ἵν’
1327 3820 1385 3871 ὲν
1424 3820 1489 3889 τῇ
1532 3818 1722 3873 στάσει

138 3914 244 3967 τῶν
299 3913 525 3978 παίδων,
567 3912 662 3966 καὶ
707 3914 773 3983 τῇ
818 3911 1130 3985 λειτουργίᾳ
1173 3910 1283 3964 τῶν
1335 3910 1721 3981 πνευματικῶν

138 4008 393 4076 οἰνοχόων
417 4006 647 4069 ἕκαστος
678 4004 788 4058 τῶν
831 4004 1092 4057 διακόνων
1121 4002 1259 4075 φέρῃ
1292 4004 1371 4065 εἰς
1399 4001 1462 4055 τὸ
1499 4001 1721 4073 ἄριστον

138 4095 491 4166 τεταγμένως
526 4095 711 4148 ἐκεῖνα
756 4092 1009 4164 μάλιστα,
1048 4093 1106 4147 ὲν
1138 4086 1221 4156 οἷς
1253 4091 1425 4163 ἔμαθε
1456 4091 1719 4146 διακονεῖ-

1832 2990 2257 3060 cogitationum;
2284 3009 2411 3048 nam
2440 2994 2597 3063 quasi
2624 2996 2954 3064 saginatum,
2978 3001 3061 3055 vel
3090 3000 3409 3070 dissectum,

1830 3084 2034 3154 quique
2076 3083 2131 3139 in
2164 3086 2465 3157 trepologia
2516 3096 2786 3143 mactatus
2828 3089 3063 3159 dicitur,
3098 3109 3406 3152 sermonem

1830 3176 2109 3246 proponit,
2140 3178 2233 3246 qui
2262 3194 2427 3248 super
2476 3180 2750 3249 proposita
2792 3183 3093 3251 quaestione
3124 3187 3407 3258 multiplex

1829 3266 2037 3337 profert
2066 3283 2130 3323 ac
2160 3268 2455 3339 perlectum
2486 3278 2866 3341 argumentum
2897 3288 2911 3325 :
2945 3277 3406 3345 quemadmodum

1829 3359 1877 3414 si
1924 3360 2163 3415 sublesta
2209 3361 2456 3431 quaedam
2498 3371 2553 3417 et
2584 3362 2797 3419 inﬁrma
2831 3366 3123 3435 probandis
3150 3372 3406 3440 quaestio—

1829 3451 1993 3506 nibus
2017 3452 2253 3522 prolerri
2290 3463 2610 3524 argumenta
2646 3455 2938 3528 tingamus,
2982 3461 3183 3530 quibus
3210 3478 3289 3520 ea:
3314 3481 3408 3521 va-

1826 3542 1936 3597 lide
1962 3543 2276 3599 conﬁrmari
2305 3544 2613 3611 videantur,
2647 3547 2829 3602 tenuia
2860 3564 2992 3605 sane
3032 3563 3161 3607 sunt
3193 3568 3258 3610 ac
3291 3556 3410 3611 exi-

1828 3635 1921 3702 lia,
1949 3644 2004 3690 et
2043 3648 2101 3691 ut
2144 3637 2532 3692 convenienter
2563 3637 2677 3693 haec
2707 3639 2995 3709 appellem,
3023 3645 3311 3702 macilenta
3342 3663 3409 3704 ac

1823 3728 2055 3799 strigosa
2084 3744 2207 3798 quae
2253 3738 2487 3784 mactata
2523 3737 2653 3784 sunt
2683 3749 2700 3783 :
2726 3740 2782 3785 at
2829 3747 2937 3787 non
2976 3734 3247 3804 ejusmodi
3278 3748 3407 3796 sunt

1822 3836 1946 3890 quae
1990 3821 2045 3873 in
2093 3821 2238 3890 regis
2277 3821 2508 3889 prandio
2553 3821 2773 3877 fuerunt
2815 3833 3039 3892 parata,
3072 3826 3126 3881 in
3171 3844 3284 3899 quo
3319 3830 3405 3886 in-

1822 3912 1942 3981 quit
1978 3911 2023 3943 “
2057 3929 2070 3965 :
2107 3931 2125 3964 ι
2158 3910 2323 3966 Tauri
2352 3913 2480 3978 mei,
2511 3922 2565 3968 et
2602 3914 2770 3969 altilia
2800 3916 2981 3971 occisa
3012 3928 3159 3985 sunt,
3202 3928 3257 3975 et
3282 3936 3405 3976 om-

1824 4001 1913 4054 nia
1948 4018 1967 4052 ι
1997 4000 2183 4055 itidem
2216 4020 2235 4052 ι
2274 4010 2485 4071 parata,
2519 4020 2539 4053 ι
2569 4013 2626 4058 ut
2662 4004 2934 4059 stantibus
2964 4009 3169 4076 pueris,
3203 4020 3258 4066 et
3298 4012 3403 4067 mi-

1825 4092 2186 4149 nistrantibus
2218 4092 2594 4163 spiritualibus
2631 4096 2926 4165 pincernis,
2950 4114 3013 4154 ea
3054 4103 3400 4171 potissimum

140 4188 287 4243 σθαι.
319 4189 431 4242 Καὶ
477 4185 920 4260 προτρεπόμενός
958 4201 1022 4254 γε
1060 4185 1207 4252 τοὺς,
1249 4184 1326 4249 ὼς
1366 4180 1539 4249 εἷπον,
1578 4183 1720 4239 κατὰ

1839 4183 2016 4239 )rdine
2058 4192 2273 4240 servato
2313 4184 2541 4255 prandio
2582 4184 2782 4242 inferat
2823 4186 3064 4246 famulus
3107 4193 3403 4263 unusquis-

1342 4299 1574 4357 VETUS
1612 4298 2191 4354 INTERPRETATIO.

142 4413 234 4467 per
269 4397 818 4469 communicationem
848 4397 988 4467 ejus,
1025 4394 1593 4468 incorruptibilitatem
1630 4394 2010 4464 consequitur,
2039 4403 2094 4450 et
2118 4402 2341 4466 generat
2391 4392 2573 4464 qualia
2621 4394 2775 4451 decet
2828 4411 2895 4451 ex
2942 4395 3142 4452 talibus
3194 4399 3398 4469 nuptiis

222 4470 479 4522 ionahilia
525 4468 892 4522 generamina.

141 4470 479 4531 rationabilia
525 4470 892 4538 generamina.

207 4540 302 4594 22.
334 4538 402 4593 Et
431 4541 482 4593 in
518 4540 715 4594 talibus
756 4539 962 4607 nuptiis
1010 4537 1248 4608 intellige
1295 4535 1583 4609 prandium
1633 4551 1733 4605 que

1839 4542 2085 4609 paratur,
2112 4548 2235 4590 esse
2277 4534 2555 4609 eloquium
2594 4533 2720 4609 Dei,
2751 4545 2807 4590 nt
2836 4534 2993 4609 fortia
3023 4554 3253 4609 quaeque
3282 4539 3399 4594 elo-

139 4610 397 4678 quiorum
431 4609 547 4672 Dei,
586 4609 728 4664 tauri
765 4606 1147 4678 intelligantuq
1173 4606 1206 4659 ε*
1225 4607 1413 4678 suavia
1441 4616 1636 4678 autem
1660 4617 1733 4678 Aet
1768 4606 2108 4678 delectabiliia
2146 4619 2374 4678 eorum,
2398 4607 2509 4678 sint
2538 4607 2803 4675 saginata.
2835 4606 3393 4678 Varietatem'autem,

140 4673 411 4736 diversam
442 4680 684 4735 omnium
734 4673 1075 4750 eloquiorum
1121 4676 1217 4730 Dei
1251 4676 1892 4750 diversitatem‘intellige
1935 4677 2080 4750 quod
2113 4676 2234 4750 ait;
2277 4673 2535 4750 r_0mnia
2572 4673 2893 4750 praeparata.
2948 4696 2966 4729 ι
2999 4677 3109 4733 Rex
3158 4681 3302 4734 enim
3339 4673 3395 4735 in

139 4751 471 4807 abundantia
505 4751 670 4819 regali
709 4744 979 4805 exsistens
1009 4749 1169 4819 digna
1196 4762 1365 4819 regno
1388 4755 1442 4801 et
1464 4746 1669 4819 divitiis
1702 4747 1818 4801 suis
1838 4744 2084 4819 'prandia
2115 4745 2263 4819 facit.
2294 4744 2432 4819 Puto
2460 4755 2641 4819 autem
2663 4818 2670 4819 ί
2690 4744 3050 4816 ingenuarum
3087 4751 3396 4812 aliquarum

140 4823 447 4877 animarum
481 4831 536 4876 et
569 4816 990 4875 lsraeliticarum
1022 4816 1283 4888 primam“
1307 4818 1447 4871 hanc
1481 4816 1651 4888 fuisse
1692 4817 2031 4872 vocationem
2082 4817 2151 4871 ad
2199 4818 2455 4888 nnptias._
2496 4816 2871 4886 Principaliter
2914 4820 3057 4873 enim
3094 4823 3208 4875 vult
3254 4820 3398 4875 Deus

142 4894 325 4947 venire
352 4894 417 4948 ad
445 4893 808 4962 epulationem
845 4892 1002 4962 istam
1024 4886 1243 4962 beatam
1270 4888 1504 4962 eos,_qui
1533 4887 1598 4942 ad
1625 4888 2031 4962 intelligendum
2056 4888 2167 4962 sint
2191 4886 2608 4962 ingeniosiore‘s,
2656 4898 2711 4962 ct
2736 4900 2819 4943 est
2851 4889 3030 4962 videre
3055 4890 3394 4962 plerumque,

140 4964 399 5031 quoniam
436 4958 529 5033 qui
570 4960 886 5033 bujusmodi
919 4969 1066 5033 sunt,
1097 4961 1290 5013 nolunt
1318 4959 1572 5033 ad'istam
1605 4959 1959 5033 vocationem
1988 4958 2170 5033 venire
2198 4976 2211 5011 :
2239 4966 2292 5033 et
2322 4958 2927 5033 idco_transmittuutur
2974 4958 3070 5033 alii
3098 4961 3238 5015 servi
3271 4958 3396 5028 pro-

141 5027 394 5089 vocantes
421 5027 517 5088 eos
545 5027 853 5104 qui'veuire
880 5031 1154 5110 nolebant,
1187 5038 1241 5083 et
1267 5029 1669 5110 promittentes,
1679 5029 1746 5110 _si
1779 5028 2027 5110 venerint
2057 5027 2291 5110 invitati,
2325 5029 2622 5110 percipient
2648 5043 2676 5081 a
2721 5044 2845 5097 rege
2872 5027 3395 5110 pr_andi_umprze_pa-

140 5113 340 5169 ratum,
366 5098 578 5159 carnes'
594 5113 900 5167 taurorum,
935 5116 1057 5171 quze
1099 5101 1241 5154 inter
1273 5100 1476 5171 munda
1510 5099 1777 5171 omnibus
1826 5098 2044 5171 mundis
2093 5098 2381 5171 mundiora
2407 5098 2692 5171 babentnr
2735 5114 2749 5150 :
2786 5098 3203 5171 manducabunt
3229 5098 3394 5155 etiam

141 5168 407 5245 saginata,
440 5175 493 5229 id
525 5183 628 5236 est,
671 5172 738 5227 ad
762 5168 1222 5245 unamquamque
1260 5170 1684 5245 propositionem
1724 5170 1971 5237 exempla
2008 5169 2176 5222 multa
2220 5168 2451 5245 rationis
2482 5168 2802 5245 probatione
2829 5168 3037 5245 repleta
3065 5178 3119 5224 et
3149 5169 3284 5245 bene
3310 5170 3394 5225 di-

142 5239 275 5319 yjs'a,
302 5239 425 5316 qua:
453 5245 729 5319 moraliter
759 5239 1365 5319 intelligitnturgoccisa,
1394 5255 1524 5319 quae
1563 5240 1616 5293 in
1670 5254 1997 5319 unaquaque
2039 5239 2407 5319 propositione
2455 5239 2689 5319 alterunt
2733 5239 2956 5319 multam
2990 5243 3391 5319 “ostensionem.

142 5258 275 5311 Visa,
302 5260 425 5316 (10$
453 5258 729 5299 moraliter
759 5258 1133 5367 lﬂlﬂlllgllnllﬂ'
1163 5258 1365 5305 OCCISa,
1403 5258 1524 5309 quae
1563 5258 1616 5293 1η
1670 5258 1997 5320 unaquaque
2039 5258 2407 5320 ριίψρδιιιοηο
2455 5258 2689 5293 nuerunt
2733 5258 2956 5293 murtam
3001 5258 3391 5321 οδιεηειοηςιιη.

142 5310 362 5383 Utputa,
389 5313 693 5385 argumenti
718 5313 892 5383 gratia
965 5312 1071 5391 ico,
1099 5312 1144 5368 si
1174 5312 1298 5381 quis
1342 5310 1887 5391 adversusabquam
1931 5308 2644 5391 propositionemupr‘oferat
2684 5308 2931 5391 quzedarn
2972 5308 3118 5391 dicta
3157 5311 3392 5391 modica,

140 5395 191 5438 ct
210 5379 542 5449 inﬁrmafet
571 5400 680 5439 non
719 5379 1257 5459 fnagnam__virtutet_n
1287 5381 1515 5459 rationis
1545 5379 1817 5459 habentia,
1842 5393 2023 5459 nonne
2051 5379 2304 5459 videntur
2328 5379 2425 5433 tibi
2457 5379 2638 5459 tenuia
2652 5394 2802 5459 esse,
2830 5388 2884 5433 et
2913 5379 3098 5443 exilia,
3128 5390 3182 5435 et
3212 5396 3395 5438 macra

141 5471 256 5533 quae
282 5447 655 5525 proferuntur,
683 5464 738 5534 et
766 5447 838 5509 οἵ
852 5456 924 5508 ita
958 5453 1160 5534 dicam,
1188 5453 1440 5534 siccauet
1472 5452 1592 5533 sine
1614 5447 1875 5534 carnibus
1908 5448 2113 5534 verba?
2148 5447 2253 5534 Sed
2289 5464 2397 5531 non
2436 5458 2563 5503 sunt
2595 5448 2719 5534 talia
2756 5465 2883 5534 qua:
2906 5460 3227 5534 praeparata
3247 5462 3389 5534 sunt

143 5520 190 5578 in
234 5520 484 5580 convivio
528 5520 671 5596 regis
713 5526 764 5580 in
809 5540 919 5595 quo
965 5524 1133 5596 dicit:
1168 5522 1386 5596 (Τουτί
1422 5521 1550 5587 mei,
1579 5529 1633 5596 et
1662 5520 1906 5596 saginata
1932 5521 2137 5596 occisa,
2163 5529 2217 5573 et
2247 5520 2430 5574 omnia
2459 5528 2667 5589 parata.
2707 5537 2726 5570 ι
2756 5520 2979 5596 Iltpnta,
3008 5521 3391 5596 Inanifestandi

139 5596 437 5657 intellectus
463 5590 636 5666 gratia
663 5590 865 5660 dicam,
896 5594 1365 5665 loquituraliquis
1394 5591 1769 5663 apostolorum
1816 5590 1883 5645 de
1911 5591 2164 5645 castitate
2209 5604 2541 5657 sermonem,
2576 5604 2756 5644 sermo
2786 5590 2876 5646 ille
2902 5598 3049 5646 recte
3076 5592 3390 5663 intelligitur

238 5687 283 5719 ⁸⁸
305 5686 497 5742 Matth.
531 5703 671 5754 ml,
695 5686 750 5741 4.
826 5685 872 5717 ⁸⁸
897 5685 1029 5741 ibid.

205 5782 318 5854 (16)
359 5783 462 5839 Ἑν
508 5781 933 5853 πνευματικοῖς
972 5779 1237 5853 λογικοῖς
1266 5776 1510 5851 τροφῆς.
1552 5775 1719 5834 Vetus

205 5855 406 5909 iurum.
450 5874 468 5907 ι
497 5853 761 5915 llumws.

1839 5791 2025 5848 erpres
2056 5776 2270 5835 videtur
2292 5776 2501 5853 legisse
2534 5776 2760 5849 λογίοις,
2811 5776 2974 5836 habet
3020 5778 3190 5848 enim,
3226 5797 3247 5833 ι
3282 5781 3370 5838 clo

139 5864 406 5921 quiorum.
450 5874 468 5907 ι
498 5864 761 5915 tiumws.
