3962 6558
522 369 664 427 ίὲιοιὸ

2011 369 2338 429 ORIGENIS

3651 383 3775 439 ιε’-ιι

516 505 642 557 que,
671 501 795 558 quae
839 486 1155 543 ministra-‘e
1197 485 1404 543 didicit.
1447 483 1728 542 Secundos
1773 492 1979 549 autem,
2015 484 2085 540 ita

2195 484 2291 557 τὴν
2322 482 2634 556 παραϐολὴν
2669 483 2979 561 δευτέρους,
3013 482 3135 544 εἷπε
3173 489 3260 544 τό·
3313 507 3334 541 ι
3388 489 3525 545 Ἰδοὺ
3562 493 3626 544 τὺ
3668 496 3772 565 ἀρι-

516 589 576 636 ut
622 578 758 646 dixi,
804 579 959 649 juxta
1008 578 1337 649 parabolam‘
1371 577 1704 645 adhortans,
1758 577 1811 632 id
1861 577 1940 633 ait
1984 578 2028 610 “
2074 596 2089 634 :

517 691 539 727 ι
570 671 710 730 Ecce
739 672 1026 742 prandium
1053 687 1235 727 meum
1263 671 1473 742 paravi,
1497 670 1641 726 tauri
1671 671 1811 736 mei,
1839 680 1894 727 et
1922 669 2094 727 altilia

511 766 696 821 occisa
730 774 879 831 sunt,
906 772 963 820 et
988 763 1172 820 omnia
1204 772 1392 834 parata
1431 782 1445 819 :
1485 763 1667 820 venite
1692 763 1759 819 ad
1792 765 2030 834 nuptias.
2068 783 2085 815 ι

579 857 670 911 25.
699 854 770 910 At
792 856 886 926 qui
914 855 1123 927 priores
1150 854 1364 911 invitati
1403 864 1551 921 sunt,
1578 856 1735 926 quasi
1766 856 1964 912 mentis
2001 855 2084 910 in.

513 960 666 1015 opes,
697 963 716 995 ι
748 945 1122 1015 neglexerunt,
1145 953 1200 1001 et
1225 945 1480 1001 abierunt
1515 946 1583 1010 “,
1614 964 1633 997 ι
1659 961 1841 1001 rerum
1866 960 2092 1000 suarum

512 1045 843 1108 satagentes,
876 1037 1055 1107 iisque
1078 1037 1254 1108 magis
1275 1037 1553 1105 delectati,
1582 1053 1746 1108 quam
1771 1053 1894 1108 qure
1922 1037 2024 1094 sibi
2059 1053 2091 1095 a

509 1142 637 1198 rege
671 1145 767 1200 per
792 1129 993 1186 missos
1018 1144 1208 1186 servos
1254 1129 1527 1201 promissa
1556 1128 1795 1185 fuerant.
1822 1127 1961 1185 Nota
1993 1146 2094 1185 au-

508 1228 613 1274 tem
643 1221 877 1290 aliquem
904 1238 969 1277 ex
998 1223 1066 1277 iis
1093 1223 1278 1277 villam
1318 1221 1425 1277 sibi
1466 1221 1838 1293 possidentem
1876 1220 1947 1276 ad
1990 1238 2095 1277 nu-

508 1311 648 1381 ptias
672 1327 779 1367 non
806 1312 997 1381 ivisse;
1024 1314 1171 1369 hunc
1193 1321 1373 1369 autem
1392 1311 1744 1384 negotiationi
1766 1312 2006 1368 deditum
2027 1327 2093 1368 ea

504 1403 916 1474 quodammodo
934 1406 1096 1477 801
1128 1404 1328 1462 imitari
1350 1404 1593 1460 voluisse
1609 1420 1731 1476 qua:
1752 1404 1805 1459 in
1835 1404 2091 1475 parabola

505 1495 572 1549 de
594 1498 1012 1567 margaritarum
1043 1507 1344 1554 mercatore
1362 1497 1641 1564 dicuntur,
1665 1497 1925 1568 pulchras
1944 1511 2096 1568 quae-

507 1598 660 1641 rente
682 1590 1026 1660 margaritas,
1051 1590 1167 1661 qui,
1200 1592 1420 1648 inventa
1451 1590 1690 1661 pretiosa
1719 1590 1867 1656 una',
1906 1589 2091 1660 plures

506 1676 644 1732 alias
673 1680 877 1747 vendit,
913 1688 971 1736 ut
997 1696 1163 1736 unam
1192 1681 1339 1737 illam
1372 1692 1648 1738 mercetur
1678 1681 1744 1736 ".
1784 1679 1980 1736 Verum
2007 1679 2092 1735 in-

507 1766 683 1824 fausta
715 1785 777 1825 ea
805 1780 891 1827 est
918 1773 1237 1842 negotiatio,
1274 1773 1341 1828 ad
1384 1788 1549 1845 quam
1579 1771 1788 1834 _abiens
1824 1771 1917 1843 qui
1952 1770 2090 1827 invi-

2198 594 2322 632 στον
2377 575 2668 649 ήτοίμασα,
2702 582 2753 633 οί
2791 580 2985 658 ταῦροί
3020 600 3125 653 μου
3164 582 3260 637 καὶ
3292 581 3363 636 τά
3394 584 3616 638 σιτιστά
3644 586 3773 641 τεθυ-

2199 667 2355 739 μένα,
2387 669 2480 722 καὶ
2510 669 2687 724 πάντα
2718 671 2932 743 ἕτοιμα·
2962 673 3119 727 δεῦτε
3160 675 3243 738 εις
3266 674 3395 738 τοὺς
3421 675 3662 747 γάμους.
3690 697 3709 731 ι

2280 851 2417 906 Ἀλλ’
2444 855 2492 907 oi
2526 852 2954 924 προηγουμένως
2977 852 3325 925 καλούμενοι,
3349 853 3428 918 ὡς
3455 856 3670 926 πτωχοὶ
3691 859 3771 910 mi

2193 942 2386 1017 ἀποροι
2419 944 2511 998 τὸν
2544 943 2689 1008 νοῦν,
2745 961 2766 998 ι
2818 944 3189 1018 ἀμελήσαντες
3231 945 3496 1017 ἀπῆλθον,
3540 964 3562 996 ι
3635 965 3773 1020 πρι-

2193 1032 2415 1099 έποντες
2443 1034 2513 1089 τὰ
2556 1036 2665 1090 ἴδια
2716 1036 2811 1089 καὶ
2861 1036 3275 1109 εὐφραινόμενοι
3323 1037 3525 1110 μᾶλλον
3566 1041 3661 1093 ἐπ’
3694 1043 3776 1097 αύ-

2192 1130 2305 1191 τοῖς
2346 1124 2495 1199 ἢόἶς
2536 1127 2902 1200 ἐπηγγέλλετο
2944 1128 3034 1182 διά
3062 1129 3169 1185 τῶν
3209 1131 3635 1187 ἀποσταλέντων
3668 1133 3774 1189 δού-

2194 1216 2300 1273 λων
2331 1219 2360 1272 ὁ
2391 1217 2665 1290 βασιλεύς.
2700 1222 2811 1275 Kal.
2849 1223 2973 1295 δρα,
3007 1223 3090 1277 ὅτι
3128 1225 3158 1278 ὁ
3193 1223 3292 1295 μέν
3320 1242 3404 1290 τις
3434 1226 3629 1280 αὐτῶν
3652 1228 3773 1299 ἔχων

2195 1310 2327 1365 ἴδιον
2351 1309 2519 1382 ἀγρὸν
2547 1310 2647 1365 οὐκ
2674 1306 2837 1383 ἦλθεν
2860 1314 2941 1377 είς
2960 1315 3087 1378 τοὺς
3120 1315 3347 1386 γάμους·
3371 1318 3400 1370 ὁ
3420 1315 3479 1370 δὲ
3508 1320 3773 1391 ὲμτωρίαν

2192 1403 2473 1475 κέκτηται,
2507 1402 2790 1474 μιμεῖσθαί
2828 1423 2944 1469 πως
2985 1404 3154 1463 θέλων
3194 1405 3264 1462 τὰ
3302 1406 3580 1480 λεγόμενα
3614 1410 3676 1463 ὲν
3714 1413 3771 1481 τῇ

2192 1493 2435 1567 περὶτοῦ
2475 1493 2715 1567 ἐμπόρου
2748 1493 2857 1549 τῶν
2886 1496 3238 1570 μαργαριτῶν
3298 1497 3588 1570 παραϐολῇ
3619 1537 3640 1563 ,
3687 1498 3771 1565 ζιε-

2190 1586 2409 1650 τοῦντος
2431 1588 2557 1651 τοὺς
2591 1586 2787 1651 καλοὺς
2829 1590 3196 1660 μαργαρίτας,
3244 1589 3340 1644 καὶ
3377 1590 3650 1661 εὑρόντος
3689 1589 3774 1644 ἕνα

2193 1676 2505 1750 πολύτιμον,
2527 1677 2620 1733 καὶ
2639 1678 2971 1750 ἀποδομένου
2999 1680 3125 1744 τοὺς
3151 1681 3396 1745 πολλοὺς,
3417 1682 3509 1735 ἵνα
3529 1682 3776 1756 ἀγοράσῃ

2190 1769 2282 1824 τὸν
2308 1770 2423 1823 ἕνα.
2478 1769 2624 1841 Πλὴν
2652 1770 2753 1824 οὐκ
2779 1772 2955 1836 αἴσιος
3001 1774 3035 1846 ἡ
3089 1772 3330 1845 ἐμπορία
3365 1772 3539 1845 αὕτη,
3581 1775 3677 1843 ἐφ’
3714 1776 3775 1846 ἦν

505 1871 651 1917 tatus
673 1871 778 1925 est,
805 1864 978 1933 parati
1011 1878 1041 1919 a
1075 1879 1202 1935 rege
1234 1842 1468 1935 prandii,
1499 1842 1919 1935 occisorumque
1966 1874 2085 1919 tau-

2190 1864 2434 1920 ἀπελθὼν
2465 1868 2494 1920 ὁ
2515 1863 2851 1936 κεκλημένος
2895 1864 2957 1918 ού
3305 1866 3400 1922 τοῦ
3433 1842 3775 1940 ἑτοιμασθέν-

504 1971 691 2011 rorum
721 1964 775 2010 et
798 1956 1054 2023 altilium,
1091 1966 1517 2028 paratorumque
1541 1956 1786 2011 omnium
1820 1956 2089 2027 particeps

505 2065 614 2104 non
661 2047 783 2103 fuit.
822 2047 902 2104 Ex
959 2049 1028 2105 iis
1079 2063 1210 2120 ergo
1256 2049 1351 2120 qui
1407 2048 1820 2120 perspicacitate
1865 2048 2087 2119 pollent,

503 2151 772 2212 quotquot
800 2142 1013 2197 invitati
1037 2157 1146 2197 non
1172 2142 1571 2214 obsequuntur,
1608 2155 1794 2197 servos
1817 2150 1997 2199 tamen
2020 2143 2090 2199 ad

503 2234 810 2289 vocandum
855 2233 1051 2291 missos
1091 2233 1424 2289 contumelia
1460 2248 1567 2288 non
1611 2232 1872 2296 alliciunt,
1912 2250 2089 2304 neque

504 2326 801 2393 trucidant,
836 2326 1226 2383 moderatiores
1255 2325 1323 2381 iis
1358 2334 1488 2381 sunt
1521 2325 1615 2395 qui
1645 2325 1771 2380 talia
1799 2326 2088 2396 designare

505 2418 726 2474 fuerunt
755 2419 896 2487 ausi,
938 2435 1003 2475 ac
1041 2420 1346 2490 aequiores,
1378 2429 1434 2474 et
1458 2418 1506 2474 is
1531 2418 1749 2488 quidem
1806 2417 1859 2472 in
1894 2433 2084 2489 agrum

503 2523 691 2573 suum,
722 2510 808 2566 ille
841 2526 970 2565 vero
1005 2510 1072 2564 ad
1114 2508 1536 2580 negotiationem
1586 2524 1743 2563 suam
1771 2510 2086 2580 quiescendi

504 2617 672 2656 causa
700 2602 998 2657 contendit.
1041 2601 1253 2671 Reliqui
1292 2615 1421 2656 vero
1465 2610 1659 2672 praeter
1682 2600 1819 2657 istos
1860 2601 2083 2671 quinam

506 2695 634 2761 sint,
667 2695 988 2761 videamus;
1020 2694 1075 2748 hi
1114 2693 1248 2748 mihi
1285 2708 1417 2748 sane
1459 2692 1527 2747 ad
1552 2693 1926 2749 contentiosos
1964 2709 2079 2750 ser-

506 2803 696 2844 mones
717 2788 1099 2858 captiososque
1125 2788 1415 2843 struendos
1439 2802 1558 2844 sese
1578 2786 1868 2844 demisisse
1897 2788 2087 2844 viden-

505 2889 633 2947 tur;
680 2880 731 2934 in
771 2879 972 2951 quibus
1019 2879 1221 2935 missos
1252 2894 1461 2944 servos,
1493 2879 1560 2934 ad
1609 2879 1867 2935 solvenda
1897 2881 2085 2951 sophi-

503 2979 679 3026 smata
711 2970 934 3025 minime
964 2978 1185 3040 paratos
1213 2970 1298 3026 vel
1332 2979 1674 3040 superantes,
1700 2970 1789 3025 vel
1820 2985 2084 3035 superare

504 3059 605 3114 visi
637 3060 937 3115 vocationis
978 3060 1262 3115 ministros
1307 3059 1655 3115 contumeliis
1697 3057 1957 3115 alliciunt.
2005 3059 2085 3116 Ac

2189 1974 2278 2022 τος
2305 1957 2383 2029 τῷ
2416 1957 2625 2029 βασιλεῖ
2658 1957 2905 2029 ἀρίστου,
2936 1958 3031 2011 καί.)⁵
3054 1956 3164 2011 τῶν
3185 1958 3500 2031 τεθυμένων
3529 1962 3771 2034 ταύρων.

2189 2047 2281 2102 καὶ
2318 2047 2589 2113 σιτιστῶν,
2625 2047 2717 2101 xal.
2769 2046 2991 2101 πάντων
3022 2046 3130 2100 τῶν
3177 2048 3433 2119 ἑτοίμων.
3478 2051 3648 2105 Ὀσοι
3686 2052 3774 2122 μὲν

2187 2134 2280 2193 οὖν
2314 2139 2421 2193 τῶν
2452 2138 2777 2212 διορατικῶν
2803 2138 3095 2210 κληθέντες
3139 2139 3240 2194 οὐκ
3284 2140 3539 2213 ἔρχονται
3572 2144 3664 2206 είς
3687 2142 3772 2212 τὴν

2188 2231 2401 2300 κλῆσιν,
2433 2232 2495 2286 οὐ
2521 2232 2626 2304 μὴν
2655 2232 2748 2286 καὶ
2772 2232 2900 2295 τοὺς
2928 2231 3332 2299 ἀποσταλέντας
3360 2233 3585 2299 δούλους
3600 2235 3703 2288 ἐπὶ
3720 2235 3775 2288 τι

2188 2320 2369 2376 καλεῖν
2399 2320 2677 2394 ὑϐρίζουσι
2704 2322 2801 2376 καὶ
2824 2320 3129 2392 ἀναιροῦσι,
3156 2322 3511 2396 μετριιὶηεροί
3541 2326 3658 2378 εισι
3675 2325 3773 2379 τῶν

2186 2412 2356 2467 ταῦτα
2385 2413 2816 2487 τετολμηκότων,
2847 2415 2942 2467 καὶ
2965 2414 3329 2469 ἀναπαύονται
3357 2416 3418 2480 ὃς
3445 2416 3548 2487 μὲν
3571 2418 3660 2482 εἰς
3688 2418 3772 2472 τὸν

2189 2505 2317 2560 ἴδιον
2348 2506 2536 2578 ἀγρὸν,
2567 2506 2627 2572 ὃς
2653 2506 2710 2561 δὲ
2738 2507 2830 2561 ἐπὶ
2859 2509 2926 2579 τῇ
2952 2507 3191 2580 ἐμπορίᾳ
3215 2508 3403 2564 αὑτοῦ.
3428 2512 3491 2563 Ol
3509 2510 3575 2564 δὲ
3601 2509 3772 2565 λοιποὶ

2186 2598 2337 2670 παρά
2371 2600 2612 2664 τούτους,
2651 2599 2848 2671 ἴδωμεν
2875 2600 3022 2666 τίνες
3049 2600 3186 2655 εἰσί·
3222 2601 3369 2657 δοκεῖ
3408 2602 3472 2674 δή
3520 2621 3620 2675 μοι
3642 2645 3659 2670 ,
3693 2607 3769 2659 ὅτι

2185 2689 2601 2745 ὲκπεπτώκασιν
2629 2685 2774 2746 οὗτοι
2816 2693 2911 2746 ἐπὶ
2942 2694 3295 2767 παρασκευὴν
3336 2696 3636 2767 ἐριστικῶν
3684 2698 3770 2751 καὶ

2187 2784 2515 2853 σοφιστικῶν
2547 2784 2742 2854 λόγων,
2774 2786 2833 2838 ὲν
2856 2780 2940 2851 οἷς
2964 2786 3292 2859 κρατοῦντες
3309 2787 3418 2843 τῶν
3447 2789 3769 2843 ἀποστελλο-

2188 2876 2363 2948 μένων
2392 2875 2595 2931 δούλων
2615 2877 2674 2930 ού
2702 2876 3236 2948 παρεσκευασμένων
3261 2877 3396 2950 πρὸς
3419 2879 3483 2932 τὸ
3512 2879 3666 2933 λύειν
3689 2897 3768 2933 σο-

2184 2968 2430 3040 φίσματα
2453 3009 2468 3033 ,
2512 2967 2546 3039 ἢ
2580 2971 2801 3039 κρατεῖν
2834 2967 3139 3037 δοκοῦντες,
3168 2968 3451 3043 ὑϐρίζουσι
3498 2973 3632 3035 τοὺς
3655 2972 3765 3025 Gu-

2182 3056 2540 3129 κονουμένους
2571 3059 2636 3129 τῇ
2668 3056 2881 3128 κλήσει.
2919 3057 3031 3112 Καὶ
3064 3057 3178 3113 ἔστι
3198 3076 3261 3129 γε
3288 3059 3415 3114 ἰδεῖν
3449 3061 3581 3124 τοὺς
3614 3079 3767 3134 προσ-

501 3167 601 3208 eos
647 3152 865 3220 quidem
920 3153 1015 3222 qui
1055 3153 1363 3208 divinorum
1400 3166 1715 3206 sermonum
1772 3152 2080 3207 tractationi

2190 3148 2519 3213 πεπονθότας
2561 3151 2628 3221 τῇ
2669 3148 2902 3221 ἀσκήσει
2930 3149 3041 3204 τῶν
3084 3150 3245 3204 θείων
3274 3151 3472 3219 λόγων,
3504 3154 3600 3206 καὶ
3635 3154 3767 3224 μετά

504 3243 708 3298 addicti
759 3252 909 3311 sunt,
940 3255 997 3299 et
1044 3245 1167 3300 illos
1199 3260 1322 3299 cum
1355 3242 1621 3312 sapientia
1668 3241 1852 3301 divina
1884 3244 2080 3313 praidi-

503 3351 630 3390 care
656 3336 861 3399 volunt,
893 3351 925 3390 a
959 3336 1090 3391 viris
1116 3335 1318 3404 ingenii
1353 3334 1605 3389 acumine
1648 3334 1909 3403 praeditis,
1942 3337 2082 3390 veri-

505 3428 601 3481 tati
646 3439 825 3482 autem
876 3426 1038 3482 (idem
1071 3424 1485 3482 accommodare
1517 3424 1827 3479 nolentibus
1853 3423 2080 3508 .injuria

505 3518 729 3574 alfectos
755 3518 940 3573 videre
972 3518 1133 3585 licet;
1171 3517 1462 3571 nonnullos
1508 3516 1672 3571 etiam
1701 3516 1771 3571 ab
1813 3516 1878 3571 iis
1910 3516 2081 3572 inter-

504 3611 695 3677 lectos,
747 3611 947 3681 quibus
1001 3625 1096 3664 rex
1154 3622 1477 3665 succensere
1509 3606 1731 3673 dicitur,
1789 3614 2076 3677 postquam

500 3706 745 3760 vi.!elicet
776 3705 827 3759 id
858 3703 1002 3773 quod
1038 3703 1117 3757 ira
1168 3701 1367 3756 dicitur
1393 3740 1408 3763 ,
1444 3700 1498 3754 in
1532 3713 1629 3754 eos
1657 3698 1965 3769 pervenerit
2010 3698 2075 3753 ⁸⁸.

502 3796 598 3853 Irae
641 3806 820 3852 autem
874 3795 1100 3851 elIcctus
1132 3793 1221 3849 ille
1248 3800 1353 3856 est,
1407 3790 1550 3860 regis
1579 3792 1879 3857 exercitum
1913 3788 2075 3855 mitti,

499 3896 737 3946 caelestis
770 3903 964 3959 nempe
990 3886 1266 3946 exercitus
1290 3884 1497 3955 copias,
1524 3885 1607 3938 vel
1636 3881 1920 3954 praefectos
1948 3897 2078 3951 sup.

500 3984 677 4054 pliciis
702 3980 921 4051 angelos
950 3997 963 4032 :
1008 3980 1063 4034 lii
1095 3987 1275 4034 autem
1307 3976 1684 4032 ministrorum
1716 3973 1879 4029 Verbi
1904 3974 2073 4028 inter-

501 4074 733 4131 fectores
753 4074 818 4129 de
842 4073 1019 4128 medio
1051 4071 1268 4137 tollunt,
1318 4069 1740 4137 universamque
1776 4080 1966 4122 eorum
1996 4063 2078 4119 ci-

2183 3244 2283 3315 τῆς
2313 3242 2462 3305 θείας
2492 3242 2683 3311 σοφίας
2712 3240 3071 3314 βουλομένους
3101 3243 3266 3296 αὐτὸν
3284 3241 3396 3315 (17)
3422 3243 3766 3317 πρεσϐεύειν,

2185 3335 2575 3409 ὑϐριζομένους
2609 3336 2718 3389 ὑπὸ
2746 3335 2854 3390 τῶν
2887 3335 3206 3408 διορατικῶν
3241 3336 3375 3407 μὲν,
3407 3338 3474 3391 οὗ
3509 3336 3763 3410 βουλομέ-

2184 3446 2292 3484 νων
2346 3428 2403 3482 δὲ
2449 3427 2726 3482 πιστεύειν
2755 3431 2822 3501 τῇ
2855 3428 3118 3501 ἀληθείᾳ·
3153 3429 3304 3493 τινάς
3337 3429 3397 3482 δὲ
3438 3431 3639 3495 αὐτοὺς
3671 3430 3763 3485 καὶ

2185 3519 2609 3591 ἀναιρουμένους
2637 3519 2727 3573 ὑπ’
2752 3519 2997 3585 ἐκείνων,
3037 3514 3119 3584 οἷς
3159 3523 3187 3574 ὁ
3229 3520 3487 3592 βασιλεὺς
3518 3522 3767 3595 ὀργισθῆ-

2184 3630 2273 3667 vat
2304 3612 2540 3681 λέγεται,
2569 3611 2757 3684 ἐπειδὴ
2781 3610 2982 3682 φθάσαι
3009 3612 3108 3683 τὴν
3124 3611 3467 3685 καλουμένην
3497 3615 3663 3688 ὀργὴν
3677 3616 3761 3668 ἐπ’

2185 3698 2400 3763 αὐτούς.
2450 3699 2525 3752 Τὸ
2545 3698 2602 3753 δὲ
2630 3699 2790 3770 ἔργον
2841 3700 2939 3772 τῆς
2978 3699 3149 3773 ὀργῆς
3197 3703 3658 3776 ἐπιπεμφθῆναι
3704 3706 3761 3759 τὺ

2185 3792 2414 3864 στράτευ
2422 3809 2499 3864 μα
2524 3792 2617 3845 τοῦ
2649 3791 2911 3863 βασιλέως
2936 3794 3053 3865 ἦτοι
3081 3794 3141 3848 τὸ
3166 3794 3369 3866 πλῆθος
3396 3798 3499 3868 τῆς
3518 3799 3758 3871 οὐρανίου

2184 3882 2464 3953 στρατιᾶς,
2499 3880 2533 3952 ἢ
2561 3882 2686 3946 τοὺς
2717 3883 3085 3953 τεταγμένους
3105 3884 3325 3956 (18)ὲπὶ
3354 3887 3467 3941 τῶν
3495 3889 3757 3945 κολάσεων

2180 3970 2464 4042 ἀγγέλους.
2520 3973 2630 4026 Kal
2658 3973 2940 4047 ἀναιροῦσί
2977 3990 3041 4044 γε
3073 3978 3199 4042 τοὺς
3234 3982 3419 4047 φονεῖς
3456 3983 3568 4036 τῶν
3598 3983 3760 4037 διακό-

2182 4078 2290 4116 νων
2316 4061 2409 4116 τοῦ
2443 4061 2619 4131 Λόγου
2642 4102 2657 4127 ,
2692 4063 2787 4118 καὶ
2819 4065 2998 4118 πᾶσαν
3039 4066 3137 4139 τὴν
3178 4067 3329 4122 πόλιν
3370 4071 3555 4125 αὐτῶν
3598 4073 3755 4144 ἐμπί-

1697 4199 1932 4261 VETUS
1968 4192 2546 4259 INTERPRETATIO.

504 4341 710 4387 turtur.
750 4328 855 4384 Sed
912 4343 1038 4384 eum
1092 4327 1267 4396 ipsum
1314 4324 1582 4380 castitatis
1630 4338 1938 4397 sermonem
1992 4338 2116 4397 cuin
2171 4321 2345 4377 multa
2393 4321 2625 4397 rationis
2672 4323 2992 4397 probatione
3036 4322 3105 4380 de
3154 4323 3475 4397 scripturis
3496 4327 3749 4397 repletum

498 4401 808 4473 protulerit,
861 4399 960 4473 ita_
988 4393 1343 4473 ut_delectet__
1366 4397 1609 4473 animum
1647 4394 1920 4473 audigantis
1966 4393 2268 4473 pariternet
2314 4393 3048 4473 conﬁrmet,_protulit__euni
3083 4393 3504 4473 saginatunnSi
3535 4393 3602 4454 de
3624 4398 3752 4473 chat-

502 4462 665 4528 ritate
693 4462 907 4525 locutus
938 4469 1121 4534 fuerit,
1149 4466 1372 4538 protulit
1398 4467 1727 4521 columbam.
1762 4464 1827 4520 Et
1855 4465 1936 4521 sic
1967 4462 2021 4519 in
2052 4463 2310 4519 omnibus
2339 4463 2578 4534 eloquiis
2618 4462 2710 4518 Dei
2765 4464 3003 4536 intellige
3047 4462 3177 4535 quid
3210 4476 3296 4521 est
3327 4466 3505 4536 exile,
3544 4477 3596 4523 et
3620 4469 3748 4538 quid

499 4544 830 4597 saginatum.

613 4613 662 4665 3.
700 4609 806 4665 Sed
838 4609 931 4679 qui
956 4606 1327 4678 principaliter
1356 4605 1574 4679 quidem
1599 4604 1823 4679 fuerant
1848 4604 2092 4671 invitati,
2137 4603 2344 4674 primos
2378 4603 2697 4679 invitatores
2740 4604 2895 4679 quasi
2939 4619 3415 4679 pauperesmsensu
3452 4626 3473 4659 ι
3503 4608 3746 4679 neglexe-

504 4691 656 4744 runt,
690 4699 709 4731 ι
743 4689 796 4735 et
842 4675 1042 4748 egenos
1085 4675 1357 4742 sermone,
1378 4675 1410 4727 ι
1445 4685 1501 4748 et
1526 4676 1776 4748 abierunt
1821 4695 1839 4728 ι
1871 4691 1969 4731 sua
2016 4683 2324 4748 sequentes,
2355 4683 2410 4729 et
2438 4676 2612 4748 magis
2646 4683 2773 4730 sunt
2809 4675 3058 4748 delectati
3095 4675 3147 4729 in
3200 4675 3329 4741 illis,
3363 4693 3530 4747 quam
3575 4675 3627 4733 in
3658 4678 3745 4733 his

499 4767 624 4822 qua:
672 4765 766 4822 per
812 4745 1000 4822 servos
1031 4763 1161 4822 suos
1191 4763 1285 4802 rex
1330 4746 1724 4822 promittebat;
1756 4756 1809 4800 et
1855 4762 1996 4801 unus
2039 4745 2256 4816 quidem
2272 4761 2479 4822 eorum
2528 4746 2734 4822 habens
2778 4746 3056 4822 proprium
3090 4745 3396 4822 quemdam
3423 4764 3609 4822 agrum
3634 4763 3743 4803 non

501 4815 649 4876 venit
673 4815 744 4875 ad
776 4819 994 4888 nuptias
1035 4836 1049 4872 :
1081 4817 1219 4872 alius
1247 4815 1427 4871 autem
1453 4816 1872 4890 negotiationem
1906 4829 2235 4890 exsequens,
2272 4815 2477 4890 imitari
2509 4816 2925 4890 quodammodo
2957 4815 3142 4871 volens
3173 4815 3740 4890 illumnegotiatorem

501 4886 945 4963 margaritarum,
979 4896 1032 4943 et
1052 4895 1382 4963 qumreniem
1416 4886 1738 4963 margaritas
1773 4887 1965 4963 bonasi,
1992 4887 2109 4963 qui,
2137 4901 2262 4963 cuni
2301 4886 2596 4963 invenisset
2626 4886 3083 4963 pretiosissimam
3113 4886 3742 4963 margaritamnendidit

500 4955 693 5017 omnias
720 4971 779 5017 ut
813 4971 1018 5015 emeret
1040 4955 1227 5014 uuam.
1258 4956 1360 5012 Sed
1390 4970 1498 5011 non
1527 4955 1668 5011 bona
1696 4957 1992 5028 negotiatio
2013 4955 2163 5020 ‘ista,
2197 4955 2262 5028 ad
2286 4971 2450 5028 quam
2479 4955 2683 5013 vadens
2702 5027 2705 5028 ν
2724 4958 2818 5028 qui
2865 4955 3042 5028 fuerat
3070 4955 3333 5013 invitatus
3372 4975 3480 5013 non
3512 4959 3741 5028 percepit

500 5032 786 5104 prandium
823 5029 966 5101 quod
996 5044 1023 5084 a
1056 5044 1178 5104 rege
1209 5028 1386 5104 fuerat
1410 5026 1787 5104 praeparatum
1820 5027 1922 5104 Qui
1953 5042 2084 5104 ergo
2110 5041 2178 5082 ex
2224 5026 2651 5104 intelligentibus
2697 5026 2937 5104 invitatis
2966 5042 3072 5082 non
3116 5028 3342 5104 veniunt
3370 5026 3604 5104 quidem,
3631 5026 3737 5082 non

499 5097 679 5160 autem
713 5112 767 5158 et
796 5097 984 5158 servos
1011 5100 1076 5155 ad
1107 5097 1423 5155 vocandum
1454 5099 1804 5153 transmissos
1847 5097 2129 5169 injuriant,
2179 5112 2280 5152 nec
2308 5097 2677 5169 interﬁciunt,
2717 5097 2958 5169 leniores
3006 5106 3137 5169 sunt
3176 5097 3286 5169 illis
3315 5099 3410 5168 qui
3454 5100 3571 5154 ausi
3614 5107 3737 5153 sunt

501 5175 650 5229 talia.
680 5171 747 5227 Et
778 5172 1137 5241 requiescunt;
1155 5169 1372 5240 quidem
1406 5170 1460 5224 in
1498 5183 1635 5241 agro
1664 5167 1921 5241 proprio,
1939 5169 2028 5241 alii
2078 5177 2260 5241 autem
2304 5168 2359 5222 in
2406 5183 2520 5241 sua
2552 5167 2945 5241 negotiatione;
2994 5167 3189 5237 reliqui
3240 5167 3421 5224 autem
3452 5179 3598 5224 extra
3620 5183 3732 5230 eos.

500 5245 782 5301 videamus
814 5238 905 5313 qui
937 5250 1083 5296 sunt.
1116 5238 1253 5296 Puto
1286 5241 1430 5311 quod
1458 5239 1509 5293 hi
1537 5238 1786 5313 suntqui
1818 5240 2131 5313 ceciderunt
2158 5238 2210 5292 in
2238 5238 2645 5313 praeparatione
2679 5239 3145 5313 contetitiosorum
3191 5248 3247 5293 et
3291 5248 3733 5313 astutorumverf

500 5314 693 5369 borum
726 5315 781 5368 in
829 5307 1028 5383 quibus
1064 5307 1375 5383 tenuerunt,
1401 5318 1494 5365 aut
1522 5310 1623 5364 visi
1654 5307 1783 5366 sunt
1827 5310 2091 5383 tenuisse
2119 5307 2307 5383 servos
2353 5307 2745 5383 transmissos,
2774 5309 2868 5379 qui
2915 5322 3024 5383 non
3076 5307 3299 5383 inerunt
3349 5309 3619 5383 praeparati
3659 5308 3732 5361 ad

500 5385 783 5439 solvendas
811 5377 999 5438 eorum
1028 5382 1358 5453 qua‘stiones
1398 5388 1671 5453 versutas.
1700 5390 1753 5435 et
1780 5379 2127 5453 contumeliis
2168 5378 2469 5453 aﬁ'ecerunt
2514 5377 2806 5453 ministros
2826 5377 3253 5453 vocationis.__Et
3280 5377 3365 5436 est
3403 5377 3576 5453 videre
3599 5393 3731 5448 quo-

500 5455 649 5518 tidie,
674 5455 945 5525 Quomodo
974 5449 1289 5525 invitatorcs
1317 5449 1728 5525 Deisimplices,
1755 5462 1807 5525 et
1838 5466 1945 5505 non
1980 5451 2135 5525 valde
2179 5450 2343 5525 astuti
2376 5450 2676 5525 secundum
2707 5464 2926 5525 carnem
2972 5463 3096 5503 cum
3135 5451 3319 5505 divina
3347 5449 3602 5525 sapientia
3624 5463 3729 5525 sua

499 5519 837 5579 volunt—illos
868 5525 1001 5578 tales
1031 5523 1224 5578 docere
1250 5541 1263 5576 :
1293 5525 1386 5576 sed
1418 5519 1647 5591 injurias
1675 5524 1954 5591 patiuntur
1976 5520 2045 5574 ab
2070 5520 2153 5576 eis
2181 5521 2275 5590 qui
2317 5520 2622 5591 intelligunt
2656 5519 2897 5590 quidem,
2949 5534 3058 5575 non
3089 5530 3269 5575 autem
3298 5519 3487 5577 volunt
3525 5520 3727 5591 credere

499 5595 730 5650 veritati.
759 5594 864 5648 Alii
893 5603 1071 5648 autem
1106 5604 1159 5648 et
1189 5590 1589 5648 interﬁciuntur
1617 5590 1687 5646 ab
1713 5594 1812 5658 eis,
1844 5592 2044 5661 quibus
2076 5606 2173 5646 rex
2224 5592 2397 5647 iratus
2442 5590 2661 5657 dicitur,
2694 5591 2950 5661 quoniam
2978 5608 2998 5642 ι
3054 5591 3299 5661 pervenit
3338 5608 3498 5664 super
3528 5605 3613 5646 eos
3643 5590 3722 5642 ira

567 5715 611 5746 ⁸⁸
632 5711 821 5767 Matth.
856 5727 991 5775 xxii,
1019 5713 1073 5768 4.
1151 5713 1196 5745 ⁸⁸
1223 5712 1354 5767 ibid.
1385 5711 1435 5766 5.
1514 5712 1557 5742 "
1594 5710 1782 5768 Matth.
1815 5727 1944 5780 xm,
1972 5709 2057 5766 45.

2204 5706 2220 5761 1
2250 5706 2377 5762 Τιιε·
2399 5724 2446 5763 s.
2480 5724 2542 5772 tt,
2573 5706 2658 5761 l6.

569 5808 679 5874 (l7)
713 5808 921 5863 Αὐτόν.
946 5806 1105 5862 Forte
1137 5808 1420 5880 legendum
1466 5808 1679 5871 αὐτούς.

2240 5806 2352 5878 (18)
2393 5806 2811 5879 Τεταγμένους.
2844 5807 3024 5865 Codex
3063 5806 3286 5879 Regius,
3325 5807 3677 5865 καλουμένους.
