3962 6554
533 389 573 444 ’1
589 387 688 444 5'17

2034 377 2358 438 ORIGENIS

3648 385 3752 440 1538

549 513 729 560 autem
767 511 915 559 veste
947 501 1178 573 nuptiali
1209 514 1317 556 non
1365 499 1618 556 indutum
1648 500 1803 567 vidit,
1836 498 1938 554 sub
1966 499 2130 554 unico

2242 494 2340 552 οἵδε
2362 500 2455 553 τὸν
2496 497 2596 552 οὐκ
2643 496 2991 570 ἐνδεδυμένον
3020 496 3130 569 (22)
3158 496 3365 568 ἔνδυμα
3405 497 3572 567 γάμου
3589 539 3602 562 ,
3623 500 3688 563 εἰς
3717 505 3757 554 ἐι

550 611 746 668 genere
775 596 860 651 vel
897 596 1076 666 specie
1101 597 1390 652 universos
1421 595 1892 665 comprehendens
1923 593 2015 664 qui
2043 608 2133 648 nc-

548 687 778 760 quitiam
805 687 907 743 sibi
939 695 1065 743 ante
1088 687 1245 742 {idem
1276 687 1734 743 adhaerescentem
1766 687 2130 750 retinuerunt,

547 793 780 850 eamque
831 779 1058 833 minime
1123 787 1424 845 exuerunt;
1485 792 1652 850 atque
1707 779 1855 834 hunc
1911 777 2130 849 quidem

547 870 818 939 coarguit,
838 879 897 924 ut
927 869 1018 940 qui
1047 871 1186 924 male
1215 871 1406 942 egerit,
1429 871 1495 926 ad
1517 871 1785 942 ejusmodi
1810 871 2024 939 nuptias
2047 871 2133 925 in-

546 961 696 1031 gredi
766 975 935 1015 ausus
961 971 1108 1017 veste
1140 947 1366 1032 nuptiali
1402 977 1508 1018 non
1547 973 1859 1033 assumpta,
1914 962 2133 1018 virtutis

548 1066 744 1122 nempe
768 1052 932 1123 803
964 1053 1188 1119 amictu,
1221 1054 1504 1124 splendido
1532 1055 1884 1120 vestimento,
1927 1055 1995 1110 de
2026 1068 2135 1125 quo

549 1141 810 1198 Salomon
835 1143 889 1199 in
916 1143 1244 1201 Ecclesiaste
1267 1145 1523 1217 prrecepit
1550 1147 1738 1202 dicens
1765 1147 1808 1178 τ’
1840 1165 1851 1200 :
1897 1164 1916 1196 ‹
1969 1145 2132 1200 Omni

547 1245 795 1307 tempore
810 1236 918 1292 sint
937 1237 1258 1293 vestimenta
1278 1245 1369 1293 tua
1399 1239 1650 1294 candida.
1677 1259 1694 1290 ›
1717 1239 1785 1293 At
1807 1239 2137 1294 obmutescit

549 1329 598 1383 is
620 1329 711 1399 qui
741 1329 948 1399 absque
981 1331 1209 1400 nuptiali
1242 1340 1390 1386 veste
1419 1331 1470 1385 in
1501 1331 1819 1402 magnificas
1845 1333 2008 1387 hasce
2036 1348 2136 1386 nu-

550 1421 691 1492 ptias
732 1421 938 1493 ingredi
990 1437 1158 1478 ausus
1207 1431 1310 1488 est,
1345 1439 1522 1494 neque
1551 1424 1848 1495 quidquam
1892 1424 2135 1494 proferre

549 1519 731 1581 potest
765 1512 899 1583 :qui
933 1522 987 1567 ut
1021 1527 1183 1584 poena
1231 1528 1296 1568 ac
1345 1514 1696 1569 damnatione
1737 1515 1936 1586 dignus
1963 1515 2032 1569 ab
2071 1529 2137 1570 eo

550 1603 947 1660 condemnatur
977 1605 1070 1676 qui
1123 1605 1391 1663 ministris
1420 1607 1606 1672 edicit,
1658 1606 1781 1663 aliis
1829 1622 2022 1678 nempe
2068 1607 2136 1661 ab

548 1697 879 1753 exercitibus
908 1698 976 1768 de
1007 1697 1209 1768 quibus
1241 1715 1408 1768 supra
1433 1699 1636 1754 dictum
1667 1708 1752 1755 est
1774 1741 1789 1761 ,
1826 1707 1886 1754 ut
1913 1700 2137 1772 colliga-

546 1798 663 1843 tum
698 1790 876 1859 ipsum
914 1789 1168 1859 pedibus,
1216 1792 1614 1863 manibusque,
1651 1793 1852 1863 quibus
1882 1802 2029 1848 recte
2083 1802 2137 1848 et

547 1881 626 1934 uti
663 1896 759 1950 par
786 1891 925 1946 erat,
961 1897 1096 1936 usus
1127 1897 1233 1936 non
1269 1893 1350 1939 est
1385 1886 1522 1954 (nec
1543 1884 1688 1937 enim
1717 1884 1810 1950 ita,
1843 1885 1918 1938 uti
1943 1885 2140 1940 decue-

548 1985 654 2041 rat,
691 1975 1025 2039 ambulavit,
1060 1992 1234 2046 neque
1257 1992 1318 2030 ea
1351 1992 1473 2048 quae
1493 1976 1772 2042 decuerat,
1805 1979 1964 2050 egit),
2027 1995 2136 2034 non

547 2077 699 2123 extra
739 2068 979 2138 nuptiale
1012 2069 1277 2122 duntaxat
1305 2069 1640 2135 convivium,
1669 2070 1762 2139 sed
1805 2071 1857 2124 in
1885 2071 2140 2128 tenebras

549 2160 714 2214 etiam
739 2160 1058 2226 exteriores,
1092 2169 1144 2215 et
1171 2160 1319 2215 onmi
1343 2175 1530 2216 cassas
1559 2157 1769 2216 lumine
1791 2161 2011 2232 ejiciant
2037 2180 2051 2228 ;
2080 2169 2141 2218 ut

551 2262 841 2323 postquam
885 2252 940 2307 in
999 2252 1368 2307 exterioribus
1401 2252 1644 2308 tenebris
1676 2251 1839 2308 fuerit
1867 2263 2139 2320 versatus,

549 2341 736 2397 lumen
767 2342 979 2408 sitiens,
1012 2343 1076 2397 ad
1105 2342 1274 2397 Deum
1305 2345 1399 2414 qui
1424 2343 1749 2400 beneﬁcium
1781 2344 1834 2398 in
1861 2359 1984 2400 eum
2011 2361 2142 2400 con-

551 2432 717 2500 ferre,
755 2441 920 2505 atque
947 2433 1072 2489 inde
1103 2435 1258 2490 illum
1314 2434 1549 2491 liberare
1595 2443 1794 2506 potest,
1852 2435 1998 2501 ileat,
2055 2437 2142 2491 in-

551 2524 881 2596 frendatque
919 2524 1197 2591 dentibus,
1231 2527 1322 2597 qui
1357 2535 1577 2598 propter
1613 2528 1927 2599 nequitiam
1984 2543 2142 2584 suam

549 2633 715 2674 uvam
743 2619 998 2675 acerbam
1025 2621 1405 2683 comederunt,
1422 2629 1589 2690 atque
1615 2619 1822 2676 idcirco
1848 2620 2146 2690 obstupue-

550 2719 681 2764 runt
705 2728 718 2764 :
738 2728 756 2761 ι
782 2709 884 2777 Qui
911 2728 929 2762 ι
949 2709 1093 2766 enim
1115 2729 1133 2762 ι
1154 2709 1390 2766 comedit
1407 2723 1564 2764 uvam
1582 2711 1855 2778 acerbam,
1882 2711 2144 2782 obstupe-

532 2813 707 2860 'scent
738 2803 927 2859 dentes
943 2802 1145 2875 ejus".
1177 2822 1195 2853 ι
1216 2801 1318 2858 Per
1351 2804 1601 2858 acerbam
1635 2819 1800 2876 porro
1835 2820 1994 2860 uvam
2024 2805 2145 2876 ejus

553 2895 854 2967 nequitiam
873 2893 1149 2964 designari
1174 2893 1504 2950 credendum
1537 2904 1642 2961 est,
1671 2895 1763 2967 qui
1795 2895 1862 2950 ad
1885 2896 2143 2952 ulteriora

537 3003 662 3043 non
681 2986 977 3053 contendit,
996 2986 1088 3042 sed
1107 2985 1295 3042 eodem
1315 2988 1752 3057 permanetloco,
1773 3003 1898 3042 cum
1936 2989 2001 3043 ad
2025 3005 2145 3044 ma-

553 3087 609 3132 tu
619 3078 830 3132 ritatem
857 3077 1182 3132 contendere
1195 3076 1432 3144 deberet,
1448 3087 1502 3131 et
1521 3077 1734 3133 virtutis
1752 3093 1912 3132 uvam
1931 3077 2143 3134 dulcem

536 3169 786 3226 .eﬂicerc.
805 3168 961 3235 Quod
983 3179 1164 3224 autem
1189 3169 1485 3224 invitentur
1505 3170 1772 3239 plerique,
1799 3169 1945 3239 digni
1962 3183 2142 3224 autem

2231 592 2386 662 γένος
2416 592 2448 664 ἦ
2476 587 2614 657 εἶδος
2636 591 2926 663 ἀναφέρων
2969 593 3096 654 τοὺς
3145 591 3244 663 τὴν
3294 589 3406 662 πρὸ
3450 590 3543 661 τῆς
3575 592 3758 657 πίστεως

2232 685 2431 738 κακίαν
2472 684 2847 756 τηρήσαντας,
2895 683 2989 736 καὶ
3018 683 3091 753 μὴ
3129 681 3568 751 ἀποδυσαμένους
3602 683 3757 752 σήν·

2233 778 2328 832 καὶ
2382 776 2658 850 μέμφεταί
2696 793 2760 845 γε
2787 775 2869 847 τῷ
2895 775 3141 845 τοιούτῳ,
3170 775 3248 839 ὡς
3289 773 3475 838 κακῶς
3514 776 3759 845 ποιήσαντι,

2235 870 2374 925 κατὰ
2397 870 2460 924 τὸ
2477 869 2868 941 τετολμηκέναι
2893 867 3152 922 εἰσελθεῖν
3175 869 3255 930 εἰς
3281 867 3411 929 τοὺς
3433 865 3673 929 τοιούτους
3692 868 3762 933 7&-

2237 982 2392 1037 μους,
2425 964 2500 1037 μὴ
2518 963 2836 1018 ἀναλαϐόντι
2865 963 2928 1016 τὸ
2954 962 3047 1016 τοῦ
3073 962 3253 1032 γάμου
3279 959 3501 1031 ἔνδυμα,
3521 961 3577 1014 τὸ
3589 960 3761 1032 ὕφασμα

2235 1057 2333 1130 τῆς
2367 1057 2588 1130 ἀρετῆς,
2620 1057 2681 1109 τὸ
2710 1055 2961 1128 λαμπρὸν
2995 1056 3208 1126 ἱμάτιον
3228 1094 3244 1118 ,
3299 1054 3433 1124 περὶ
3475 1047 3533 1106 οὗ
3571 1051 3762 1122 Σολομῶν

2239 1149 2298 1203 ἐν
2354 1148 2752 1221 Ἐκκλησιαστῇ
2810 1148 3113 1202 ἐνετείλατο
3166 1146 3380 1214 λέγων·
3437 1165 3457 1196 ‹
3512 1145 3591 1198 Ἐν
3645 1144 3764 1198 πτδτὶ

2236 1240 2412 1315 καιρῷ
2443 1242 2682 1295 ἔστωσαν
2720 1241 2788 1294 τὰ
2816 1241 3007 1312 ἱμάτιά
3034 1258 3126 1292 σου
3151 1240 3326 1294 λευκά
3359 1239 3492 1309 (25).
3517 1257 3534 1288 ι
3560 1237 3764 1307 Mtte-32:1:

2235 1333 2341 1388 δέὁ
2378 1331 2654 1404 τολμήσας
2685 1331 2948 1385 εἰσελθεῖν
2984 1332 3154 1402 χωρὶς
3199 1329 3501 1400 ἐνδύματος
3541 1330 3687 1398 γάμω
3710 1331 3764 1391 εἰς

2236 1423 2328 1478 τὸν
2352 1409 2605 1496 λαμπρὸν
2633 1422 2822 1475 τοῦτον
2849 1421 3048 1493 γάμον,
3103 1422 3198 1474 καὶ
3247 1421 3312 1474 οὺ
3362 1419 3576 1472 δύναται
3619 1419 3762 1486 λέγειν,

2238 1516 2386 1579 ὅστις
2413 1515 2487 1579 ὡς
2521 1516 2669 1580 ἄξιος
2702 1514 2976 1578 κολάσεως
3009 1514 3102 1566 καὶ
3131 1513 3374 1582 κρίσεως
3416 1511 3766 1574 καταδικάζεται

2239 1607 2345 1660 ὑπὸ
2374 1604 2468 1660 τοῦ
2496 1607 2742 1669 εἰπόντος
2764 1607 2876 1669 τοῖς
2906 1605 3194 1667 διακόνοις,
3221 1603 3409 1666 ἄλλοις
3442 1601 3583 1673 παρὰ
3601 1603 3657 1653 τὰ
3690 1601 3769 1653 ἂνω

2242 1696 2624 1770 στρατεύματα
2665 1695 2814 1766 (24),
2864 1696 2984 1759 ἵνα,
3025 1694 3293 1765 δήσαντες
3338 1691 3502 1746 αὐτοῦ
3535 1691 3676 1755 πόδας
3701 1694 3769 1744 καὶ

2242 1794 2431 1864 χεῖρας
2466 1790 2601 1862 (25),
2636 1784 2718 1854 οἷς
2741 1790 2841 1843 οὐκ
2867 1791 2946 1853 εἰς
2979 1789 3098 1843 δέον
3125 1789 3425 1859 ἐχρήσατο,
3456 1786 3600 1857 (οὔτε
3620 1786 3707 1856 γὰρ
3725 1786 3770 1853 ἣν

2243 1885 2352 1939 ἔδει
2389 1884 2611 1957 πορείαν
2658 1882 3094 1955 περιεπάτησεν,
3129 1881 3256 1935 οὔτε
3293 1881 3362 1944 ἃς
3403 1881 3562 1953 ἐχρῆν
3600 1876 3772 1951 πράξεις

2243 1978 2626 2047 ἐπετέλεσεν·)
2682 1975 2986 2030 ἐκϐάλωσιν
3042 1975 3206 2028 αὑτὸν
3259 1975 3325 2027 οὐ
3381 1974 3535 2044 μόνον
3577 1971 3666 2037 ἔξω
3702 1971 3771 2038 τῆς

2245 2069 2428 2131 ἑστίας
2451 2066 2542 2121 τοῦ
2572 2067 2771 2138 γάμου,
2807 2065 2943 2120 ἀλλὰ
2975 2066 3070 2119 καὶ
3094 2067 3174 2128 εἰς
3216 2064 3282 2117 τὸ
3317 2062 3574 2136 ἐξώτερον
3616 2061 3769 2122 me.

2244 2163 2338 2216 καὶ
2366 2161 2541 2233 πάντη
2572 2161 2748 2231 φωτὸς
2773 2158 2971 2230 ἀμιγές
2990 2175 3003 2188 °
3042 2158 3128 2211 ἵνα
3148 2197 3162 2220 ,
3213 2155 3452 2228 διψήσας
3488 2154 3642 2224 φωτὸς
3673 2154 3772 2222 μετὰ

2243 2256 2303 2310 τὸ
2335 2255 2615 2325 γεγονέναι
2649 2255 2708 2306 ἐν
2740 2253 2917 2324 σκότῳ
2946 2250 3024 2324 τῷ
3059 2250 3334 2324 ἐξωτέρω,
3359 2249 3569 2322 κλαύσῃ
3591 2246 3774 2318 rp)»;th

2245 2349 2538 2420 δυνάμενον
2590 2347 2750 2401 αὐτὸν
2800 2347 3199 2419 εὐεργετῆσαι,
3265 2345 3521 2399 κάκεῖθεν
3561 2338 3773 2413 ῥέξειν-θαι

2245 2439 2412 2504 Θεδν,
2459 2439 2554 2492 καὶ
2598 2437 2725 2500 τοὺς
2757 2435 2973 2500 ὀδόντας
3009 2436 3180 2512 βρύξῃ
3212 2438 3346 2502 τοὺς
3391 2436 3477 2489 διὰ
3628 2433 3774 2487 κακῖεν

2247 2529 2520 2600 φαγόντας
2541 2527 2634 2583 τὸν
2666 2527 2910 2599 ὄμφακα,
2942 2527 3038 2580 καὶ
3071 2527 3160 2581 διὰ
3183 2527 3346 2581 τοῦτο
3367 2527 3769 2598 αἰμωδιάσαντας·

2247 2619 2353 2673 Τοῦ
2386 2618 2495 2689 γάρ
2531 2637 2550 2670 ι
2592 2618 2856 2688 φαγόντος
2877 2617 2968 2671 τὸν
3001 2617 3231 2689 ὄμφακα
3255 2620 3308 2672 οἰ
3343 2618 3546 2680 ὀδόντες
3567 2615 3773 2686 αἰμωδιά·

2250 2730 2453 2766 σουσιν.
2497 2731 2516 2763 ι
2555 2713 2821 2782 Ὅμφακα
2841 2710 2897 2763 δὲ
2927 2711 3091 2764 κάκεῖ
3121 2711 3415 2782 νομιστέον
3458 2709 3680 2777 λέγεσθαι
3703 2707 3776 2776 rip

2247 2807 2443 2860 κακίαν
2468 2805 2564 2859 τοῦ
2602 2805 2675 2876 μὴ
2715 2803 3170 2874 ἁπεκτεινομένου
3205 2806 3324 2869 τοῖς
3349 2803 3652 2875 ἔμπροσθεν,
3676 2799 3774 2854 ἀλλὰ

2247 2895 2684 2969 παραμείναντος
2724 2895 2860 2966 αὐτῇ
2884 2934 2898 2955 ,
2938 2892 3059 2947 δέον
3098 2893 3320 2949 ὁδεῦσαι
3348 2895 3441 2947 ἐπὶ
3466 2893 3526 2948 τὸ
3551 2892 3770 2962 πέπειρον,

2248 2988 2340 3042 καὶ
2362 2987 2617 3057 γλυκεῖαν
2635 2986 2855 3057 ποιῆσαι
2883 2987 2980 3056 τὴν
3009 2987 3106 3058 τῆς
3125 2987 3334 3059 ἀρετῆς
3358 2984 3633 3056 σταφυλήν.
3661 2983 3771 3035 Ἐπι-

2249 3079 2405 3150 φέρει
2429 3078 2486 3131 δὲ
2525 3077 2620 3150 ὅλῃ
2655 3080 2719 3148 τῇ
2753 3075 3039 3148 παραϐολῇ
3066 3076 3154 3130 διὰ
3177 3078 3278 3149 μὲν
3309 3079 3438 3140 τοὺς
3469 3074 3668 3136 πολλοὺς
3693 3071 3772 3123 τῶν

2250 3171 2601 3242 κεκλημένων
2629 3170 2724 3224 καὶ
2763 3170 2837 3241 μὴ
2890 3169 3197 3240 γενομένων
3233 3167 3408 3233 ἀξίων
3437 3167 3534 3219 τό·
3580 3185 3597 3216 ι
3628 3163 3772 3217 Πολλοὶ

556 3277 899 3332 nequaquam
918 3264 1068 3328 lianl,
1085 3261 1180 3316 toti
1200 3261 1471 3331 parabolae
1489 3261 1540 3316 id
1559 3261 1833 3317 subnectit
1847 3261 1892 3293 ⁷⁸
1913 3278 1926 3314 :
1948 3281 1966 3313 ‹
1993 3260 2139 3316 Militi

2247 3265 2356 3338 γάρ
2389 3267 2525 3318 εἰσιν
2557 3266 2605 3318 οἰ
2643 3262 2857 3335 κλητοίο
2903 3282 2921 3315 ›
2958 3263 3047 3317 διὰ
3092 3262 3149 3316 δὲ
3192 3263 3326 3326 τοὺς
3373 3257 3679 3321 εἰσελθόντας
3715 3256 3771 3316 εἰς

554 3355 701 3409 enim
733 3362 862 3408 sunt
888 3353 1107 3420 vocati;
1157 3372 1176 3404 ι
1217 3362 1272 3407 at
1295 3364 1516 3423 propter
1548 3368 1642 3408 eos
1689 3354 1782 3424 qui
1817 3353 1883 3408 ad
1925 3356 2146 3425 nuptias

555 3444 810 3515 ingressi,
861 3453 915 3498 et
970 3443 1130 3514 pauci
1164 3459 1394 3500 numero
1438 3459 1562 3500 cum
1603 3453 1820 3508 essent,
1854 3445 2146 3501 discubue-

556 3545 706 3600 runt,
766 3535 896 3590 illud
932 3551 945 3588 :
999 3552 1016 3585 ι
1051 3533 1217 3591 Pauci
1267 3549 1398 3590 vero
1431 3535 1612 3591 electi.
1652 3555 1671 3588 ι
1721 3535 1877 3603 Quod
1933 3539 1979 3592 si
2018 3538 2144 3608 quis

558 3644 884 3686 numerosos
938 3627 1330 3694 Ecclesiarum,
1390 3635 1450 3682 ut
1521 3627 1951 3699 simplicioribus
2015 3639 2142 3686 utar

559 3721 758 3784 verbis,
783 3728 957 3776 costus
998 3719 1325 3784 consideret,
1377 3707 1618 3789 quotque
1670 3718 1814 3788 piam
1845 3734 1908 3774 ac
1938 3729 2140 3775 rectam

555 3812 723 3867 vitam
761 3816 994 3879 ducant,
1035 3820 1088 3866 et
1125 3829 1142 3862 ι
1187 3809 1469 3865 reformati
1503 3810 1614 3865 sint
1655 3811 1708 3864 in
1755 3810 1994 3865 novitate
2019 3825 2144 3866 scn-

558 3921 656 3962 sus
683 3907 766 3973 7‘;
806 3925 823 3957 ι
847 3913 1089 3976 quotque
1111 3903 1350 3974 segniter
1367 3903 1572 3968 vivant,
1605 3920 1623 3953 ι
1648 3909 1702 3956 et
1728 3900 2144 3958 conformentur

555 4000 687 4057 buic
729 3999 952 4065 saeculo,
1010 4017 1030 4050 ι
1066 4006 1181 4053 tum
1233 3995 1456 4052 demum
1491 3995 1784 4052 utilitatem
1840 3997 2142 4066 comperiet

2240 3357 2332 3411 τὸν
2359 3357 2556 3428 γάμον,
2592 3357 2686 3410 καὶ⁹
2738 3355 3144 3426 άνακληθέντας
3181 3356 3301 3406 ἐκεῖ
3325 3354 3403 3416 ὼς
3447 3351 3637 3418 ὀλίγους
3674 3345 3770 3415 (‘36).

2240 3450 2302 3504 τό
2320 3468 2333 3480 ’
2372 3469 2389 3500 ι
2416 3448 2613 3517 Ὀλίγοι
2641 3447 2697 3500 δὲ
2720 3447 2985 3501 ἐκλεκτοί.
3024 3465 3043 3498 ι
3071 3447 3184 3499 Καὶ
3213 3446 3266 3498 εἰ
3297 3462 3388 3509 τις
3414 3461 3475 3513 γε
3507 3441 3772 3497 κατανοήσω

2238 3542 2308 3594 τά
2351 3537 2749 3609 πολυάνθρωπα
2795 3537 3141 3609 άθροίσματα
3183 3534 3328 3600 τῶν,
3363 3536 3450 3590 ῖνο.
3474 3531 3771 3600 ἁπλούστερον

2244 3631 2515 3703 ὀνομάσω,
2549 3626 3012 3699 Ἐκκλησιῶν,καὶ
3035 3626 3288 3693 ἐξετάσαι
3311 3625 3468 3678 πόσοι
3494 3617 3773 3696 μὲνοίβιοῦνο

2244 3739 2336 3786 τες
2369 3718 2790 3790 ἐπιεικέστερον,
2825 3719 2925 3771 καὶ
2965 3735 2983 3768 ι
3037 3715 3548 3788 μεταμορφούμενοι
3586 3715 3642 3782 τῇ
3676 3710 3771 3762 ἁνα-

2245 3813 2502 3870 καινὼσει
2541 3811 2632 3866 τοῦ
2667 3811 2816 3876 νοόςο
2853 3830 2872 3863 ι
2916 3810 3151 3864 πόσοιδέ
3176 3810 3228 3863 οἱ
3271 3808 3629 3883 ῥᾳθυμότερον
3664 3800 3770 3855 πολι·

2243 3908 2544 3980 τευόμενοι,
2573 3927 2592 3959 ι
2616 3905 2712 3961 καὶ
2730 3904 3258 3977 συσχηματιζόμενοι
3281 3904 3366 3976 τῷ
3399 3903 3549 3956 αἰῶνι
3576 3899 3729 3967 τούτῳ.
3753 3913 3765 3943 ι

2245 4001 2344 4055 ἴδοι
2378 4001 2444 4054 ἂν
2464 4039 2478 4060 ,
2512 4000 2594 4053 ὅτι
2627 3997 2896 4070 χρήσιμός
2928 3999 3132 4069 ἐρτινή
3165 3997 3402 4067 λέγουσα
3441 3994 3531 4050 τοῦ
3575 3989 3770 4060 Σωτῆρος

1759 4105 1990 4162 VETUS
2043 4107 2626 4167 INTERFRETATIO.

552 4215 766 4265 vestem
793 4206 860 4262 de
883 4204 1183 4272 quaetiam
1223 4204 1483 4258 Salomon
1519 4202 1575 4276 in
1614 4199 1950 4276 Ecclesiaste
1983 4207 2456 4276 praecipit,diccns
2491 4224 2504 4260 :
2541 4223 2559 4256 ι
2603 4203 2662 4258 ln
2716 4207 2866 4260 omni
2925 4213 3170 4273 tempore
3216 4203 3328 4258 sint
3383 4200 3766 4276 vestimentatua

561 4279 814 4338 candida.
858 4296 878 4329 ι
911 4271 1198 4347 Obmutuit
1237 4273 1560 4347 autem__qui
1596 4288 1790 4347 ausus
1813 4271 1998 4347 fuerat
2031 4275 2084 4328 in
2115 4271 2431 4347 liujusmodi
2461 4276 2685 4346 nuptias
2714 4276 2947 4347 introire
2973 4271 3094 4330 sine
3132 4276 3462 4347 vestimento
3506 4271 3705 4330 decenti,
3730 4271 3767 4347 cf

561 4351 644 4404 sic
671 4339 1065 4404 condemnatur
1087 4346 1156 4398 ab
1177 4361 1242 4399 eo
1271 4345 1362 4414 qui
1396 4339 1536 4418 dixit
1558 4343 1824 4418 ministris
1865 4344 2005 4418 suis,
2035 4339 2291 4418 videlicet
2326 4357 2522 4418 praeter
2543 4339 2850 4402 exercitum
2894 4345 3049 4418 illum
3070 4346 3180 4418 Aqui
3229 4353 3353 4400 erat
3399 4345 3690 4399 desursum.
3718 4339 3768 4418 λιι

561 4419 846 4490 alligantes
881 4432 1009 4490 eum
1021 4431 1233 4490 manus
1261 4405 1311 4469 ei
1341 4415 1504 4490 pedes
1520 4415 1738 4490 _quibus
1778 4429 1886 4468 non
1919 4405 2080 4490 ‘sicut
2103 4405 2369 4490 debuerat
2405 4433 2538 4473 usus
2564 4428 2649 4490 est
2677 4419 2813 4490 (nec
2842 4417 2988 4471 enim
3008 4416 3087 4490 ad
3103 4405 3316 4490 bonum
3339 4417 3651 4490 _cucurrerat
3689 4405 3764 4490 ali:

561 4483 803 4560 quaitdo,
837 4501 940 4542 nec
964 4487 1179 4560 aliquos
1205 4485 1378 4539 bonos
1401 4483 1898 4560 impleveratactus
1918 4484 1961 4557 ),
1998 4485 2235 4560 _ejiciant
2262 4504 2387 4543 eum
2422 4504 2535 4560 non,
2567 4483 2840 4544 soluinde
2862 4487 3112 4560 convivio
3141 4485 3414 4560 nuptiali,
3442 4483 3534 4560 _sed
3570 4483 3703 4556 etiam
3728 4487 3766 4557 tn

563 4554 818 4614 tenebras
849 4554 1168 4616 exteriores,
1202 4564 1255 4609 et
1286 4555 1433 4608 omni
1460 4554 1664 4609 lumine
1690 4556 1898 4611 alienas
1918 4554 2176 4625 'inittant,
2209 4569 2268 4614 ut
2298 4560 2492 4614 sitiens
2525 4559 2708 4612 lumen
2764 4573 2890 4613 cum
2927 4555 3102 4611 fuerit
3140 4557 3194 4610 in
3223 4554 3484 4611 tenebris
3534 4554 3765 4625 exteriori-

559 4629 686 4692 bus,
716 4629 890 4699 ploret
920 4627 988 4680 ad
1020 4641 1145 4680 eum
1179 4625 1273 4699 qui
1310 4633 1512 4699 potens
1531 4633 1615 4680 est
1648 4625 1697 4679 ei
1722 4627 2002 4699 misereri,
2022 4636 2077 4681 et
2101 4621 2314 4699 eripere
2340 4629 2486 4693 inde,
2517 4639 2571 4684 et
2613 4628 2869 4683 dentibus
2895 4627 3144 4699 strideat,
3194 4627 3290 4699 qui
3337 4627 3585 4699 quoniam
3612 4621 3761 4699 acerb-1

564 4691 1051 4769 manducaverant,
1084 4691 1288 4748 malitia
1310 4691 1515 4769 stupidi
1544 4704 1700 4769 erant
1730 4697 1925 4769 effecti.
1963 4695 2074 4752 Uva
2109 4691 2260 4754 enim
2313 4691 2512 4754 acerba
2545 4700 2874 4769 intelligitur
2929 4698 3142 4769 malitia
3177 4691 3299 4768 ejus
3319 4691 3425 4769 qui
3477 4713 3574 4752 non
3614 4691 3763 4769 oblivi-

564 4767 740 4824 scitur
765 4767 1090 4838 posteriora,
1127 4779 1227 4820 nec
1253 4763 1454 4834 appetit
1478 4766 1684 4835 priora,
1712 4767 1805 4822 sed
1842 4779 2125 4837 permanet
2153 4769 2206 4824 in
2238 4771 2290 4824 id
2328 4772 2543 4840 ipsum,
2589 4763 2979 4825 cum'deberet
3021 4768 3089 4824 ad
3130 4763 3505 4824 maturitatem
3551 4763 3762 4837 proﬁcere

631 4863 677 4896 ‘"
700 4861 887 4919 Eccle.
915 4861 1060 4925 tx,8.
1139 4860 1185 4892 τ’
1207 4858 1320 4916 Jer.
1346 4877 1496 4927 xxxt,
1531 4862 1622 4916 30.
1695 4861 1740 4894 ⁷³
1774 4860 1965 4919 Matth.
2000 4881 2136 4931 xm,
2165 4865 2252 4921 M.
2330 4867 2378 4898 ⁷⁵
2408 4866 2569 4921 Rom.
2601 4883 2700 4955 xu,
2730 4867 2786 4923 2.

631 4976 745 5050 (22)
772 4977 914 5050 "Erg
946 4977 1013 5031 δὲ
1038 4973 1162 5032 οἶδε
1187 4975 1295 5032 τὸν
1312 4979 1424 5050 οὐκ
1452 4977 1867 5048 ἐνδεδυμένον,
1883 4989 1988 5036 etc.
2011 4981 2133 5038 Col.

567 5047 836 5114 ttt,9,"10.
872 5047 1266 5120 Tertullianus,
1305 5049 1379 5104 De
1407 5047 1683 5120 resurrect.
1718 5066 1865 5105 cam.
1900 5067 2019 5120 cap.
2043 5052 2136 5119 27;

563 5119 909 5191 Ambrosius,
929 5119 1021 5191 lib.
1050 5135 1105 5174 ιι
1143 5119 1200 5191 in
1216 5118 1382 5188 Luc.;
1409 5119 1771 5191 Hieronymus
1790 5138 1804 5182 ;
1824 5118 2139 5191 Gregorius,

565 5189 759 5262 bomil.
791 5191 859 5245 58
889 5193 942 5262 in
973 5189 1254 5262 Evaggelq
1276 5189 1722 5262 Chrysostouins,
1746 5189 2142 5262 Opust'ntperf.,

567 5261 716 5334 born.
741 5261 811 5334 1'5}
838 5271 892 5334 et
918 5261 1019 5334 ιζ)
1070 5259 1253 5315 Brevis
1285 5259 1554 5316 enarratio
1575 5302 1591 5328 ,
1624 5259 1989 5334 Euthymius,‘
2019 5259 2144 5334 cap.

567 5329 629 5384 51
662 5330 715 5384 in
740 5330 932 5386 Matth.
965 5329 1231 5387 Hunnus.

659 5400 750 5469 25)
777 5403 1090 5457 Ἔστωσαν
1102 5402 1176 5455 τὰ
1206 5400 1404 5469 ἱμάτιά
1421 5417 1540 5469 μου
1554 5402 1764 5457 λευκά.
1790 5401 2133 5469 Legendum:

569 5469 760 5545 ἱμάτιά
803 5487 918 5524 σου.
968 5472 1048 5528 Ita
1092 5469 1293 5545 LXX,__
1315 5469 1520 5545 Eccles.
1567 5488 1644 5540 ιχ,
1678 5473 1742 5545 8__.
1769 5482 1823 5528 et
1869 5469 2139 5545 Vulgata:

573 5539 1106 5624 f‘vestimentadua.
1166 5561 1185 5593 ι
1249 5540 1412 5624 Hebr.
1468 5539 1652 5624 T111.
1697 5541 1860 5624 Vetus
1915 5539 2143 5614 int'erpr.

567 5607 817 5676 Origenis
843 5610 947 5666 hoc
972 5611 1112 5676 loco,
1150 5629 1168 5663 ι
1202 5607 1520 5670 vestimenta
1552 5624 1666 5669 tua.
1709 5633 1728 5666 ι
1771 5613 1848 5668 In.

627 5626 817 5730 rtgents
843 5626 947 5666 noc
973 5626 1112 5676 loco,
1150 5629 1168 5663 ι
1202 5626 1520 5695 vesnmenta
1552 5626 1666 5669 tua.
1709 5633 1728 5666 ι
1755 5626 1848 5702 ἠ).
2131 5684 2144 5696 ⁸

627 5679 662 5758 .(
699 5679 1023 5760 καλ-Αμοις
1054 5682 1212 5749 παρὰ
1243 5683 1317 5737 τὰ
1351 5699 1478 5760 argi
1520 5699 1950 5760 στρατευμᾳτα.
1994 5682 2148 5760 verti

568 5750 732 5820 etiam
764 5750 836 5805 ita
859 5750 978 5806 inec
998 5761 1248 5820 poterant
1275 5769 1290 5804 :
1329 5771 1348 5804 ι
1389 5755 1512 5810 aliis
1533 5750 1604 5810 ab
1618 5750 1949 5811 exercitibus
1979 5756 2145 5810 coale-

568 5817 778 5888 stibus;
818 5837 837 5872 ι
872 5828 928 5878 at
949 5817 1072 5878 cum
1097 5823 1368 5886 exercitus
1392 5825 1643 5882 cmlestcs
1672 5825 1737 5882 de
1767 5825 1964 5896 quibus
1988 5841 2151 5897 supra

2238 4987 2369 5058 egit,
2401 4985 2455 5040 hi
2478 4984 2588 5040 sint
2623 4985 3205 5058 exercitusucmlestes,
3243 4994 3431 5040 nostra
3455 4983 3758 5050 interpretatio

2244 5055 2529 5129 utramque
2554 5055 2983 5129 comprehendit.
3013 5059 3090 5129 lo.
3131 5124 3141 5129 _
3291 5124 3330 5129 __
3531 5122 3540 5129 _
3645 5118 3662 5129 .

2316 5122 2609 5198 (25)ί”1να,
2658 5122 2956 5198 δήσαντες
2989 5124 3190 5198 -ᾳύτρν
3217 5124 3411 5198 πόδας
3455 5122 3544 5177 καὶ
3584 5122 3755 5198 χεῖρας.

2243 5193 2351 5253 etc.
2371 5193 2654 5267 Origenes,
2669 5197 2818 5250 hom.
2837 5194 2964 5250 10in
2982 5193 3216 5267 Emme.
3232 5195 3510 5252 xuManus
3521 5202 3593 5248 est
3610 5193 3755 5267 animi:

2248 5269 2444 5326 virtus.
2473 5265 2602 5337 quia
2637 5276 2817 5321 tenere
2853 5265 3058 5337 aliquid
3099 5273 3154 5320 et
3179 5268 3552 5337 constringere
3579 5266 3751 5330 potest;

2251 5339 2400 5392 velut
2429 5338 2475 5392 si
2495 5336 2755 5406 dicamus
2773 5344 2928 5392 actus
2953 5336 3072 5406 ejus
3098 5345 3152 5406 et
3169 5336 3430 5392 fortitudo
3453 5353 3467 5403 ;
3489 5345 3539 5388 et
3567 5345 3646 5406 pes
3671 5338 3753 5406 (W2

2250 5406 2462 5477 incedit
2484 5401 2718 5477 adbona
2744 5407 2826 5461 vel
2857 5393 3018 5477 mala.
3058 5424 3077 5456 ι
3123 5405 3266 5462 idem
3315 5393 3752 5477 reperias,'hom.8

2250 5475 2315 5529 in
2346 5475 2510 5531 Leuit.
2531 5475 2663 5530 Vide
2693 5479 2821 5547 item
2856 5475 3267 5547 Hieronymum,
3296 5470 3614 5546 Gregorium,
3638 5470 3750 5547 hom;

2243 5548 2312 5603 58
2333 5549 2389 5619 in
2412 5532 3209 5619 Evangel.,_Theophylacium,
3239 5532 3709 5619 Euthyumiumﬂap.
3726 5532 3752 5585 5

2247 5619 2301 5672 in
2332 5616 2664 5682 Matthmum,
2693 5616 2962 5672 Glossaml
3003 5619 3078 5670 In.

2319 5687 2432 5760 (26)
2471 5677 2944 5760 Ἀναᾼκζιγηθέζτας
2968 5687 3098 5740 ἐκεῖ
3117 5687 3199 5753 ὡς
3226 5689 3481 5760 ὀλίγους.
3513 5683 3636 5760 ῐεεεο
3656 5677 3752 5728 ἀνι·

2249 5753 2552 5824 κλιθέντας.
2587 5753 2767 5813 Codex
2803 5755 3002 5830 Regius
3027 5760 3287 5830 expungit
3313 5753 3391 5826 τὸ,
3420 5757 3506 5822 ὡς.
3531 5753 3596 5808 in.
