3962 6536
472 357 513 412 Ἰ
525 353 623 412 551

1985 325 2302 388 ORIGENIS

3596 331 3717 389 155‘!

420 443 431 496 ⁵
456 503 460 506 -
483 483 544 532 ct
572 471 838 529 tributum
861 462 1087 523 minime
1110 461 1367 536 pendere.-
1382 463 1426 516 ἰ⁴
1442 469 1594 517 ertur
1611 465 1793 514 autem
1818 453 2075 512 docuisse

2186 447 2465 522 κειμένους
2498 443 2574 519 τῷ
2614 445 2754 518 Θεῷ,
2791 445 2886 501 καὶ
2931 446 3127 520 μερίδα
3159 446 3318 512 ὄντας
3353 447 3512 503 αὑτοῦ
3553 450 3720 507 orbi-aet

421 551 428 562 ’
483 566 656 625 aindas
687 562 967 628 Galilaeus,
993 557 1153 630 cujus
1184 556 1240 612 in
1275 554 1649 628 apostolorum
1671 551 1820 606 Actis
1843 549 2078 606 mentio-

487 676 614 718 nem
648 654 1008 718 facitLucas,
1057 651 1126 708 ad
1161 648 1524 707 defectionem
1580 643 1814 716 impulsa
1874 641 2076 712 ingenti

485 751 804 809 Iudaeorum
832 743 1203 810 multitudine,
1249 741 1451 796 Caesari
1503 750 1848 810 nequaquam
1897 733 2081 805 pensi-

486 843 716 901 tandum
738 853 857 895 esse
887 835 1140 907 vectigal,
1172 847 1349 905 neque
1393 831 1678 889 dominum
1709 831 1856 886 hunc
1893 825 2081 898 appel-

489 935 736 992 landum.
764 930 834 986 At
861 929 956 1000 qui
990 936 1120 984 tunc
1158 933 1390 996 praeerat
1425 922 1698 979 tetrarcba
1721 919 1923 992 populo
1959 934 2082 991 per-

489 1026 725 1084 suadere
769 1021 1075 1080 conabatur
1102 1017 1358 1090 praesenti
1413 1031 1598 1072 rerum
1643 1013 1811 1071 statui
1861 1027 1982 1070 sese
2022 1020 2083 1068 ut

489 1118 962 1181 accommodaret,
990 1131 1092 1172 nec
1122 1112 1494 1170 voluntarium
1518 1119 1706 1166 contra
1753 1107 2082 1180 potentiores

488 1218 694 1275 bellum
735 1213 1062 1284 susciperet,
1103 1218 1159 1265 et
1203 1206 1496 1276 vectigalia
1542 1203 1798 1259 solveret.
1842 1201 1922 1255 Ae
1953 1199 2082 1254 talia

488 1311 710 1382 quidem
735 1304 992 1377 praesenti
1026 1304 1197 1358 hocce
1236 1298 1516 1370 Evangelii
1569 1297 1692 1354 loco
1737 1311 1847 1351 non
1897 1303 2084 1366 aperte

490 1401 872 1463 declarantur;
901 1405 955 1449 at
987 1393 1082 1464 qui
1111 1391 1392 1464 praposita
1421 1397 1710 1446 contextus
1730 1388 1892 1442 verba
1922 1402 2086 1443 accu-

490 1504 608 1548 rate
634 1492 922 1559 explorare
946 1486 1199 1552 valuerit,
1231 1485 1344 1540 haec
1375 1484 1446 1538 ita
1473 1498 1530 1539 se
1551 1482 1751 1536 habere
1780 1479 1936 1535 facile
1959 1479 2086 1535 inde

484 1584 810 1655 comperict.
843 1581 981 1637 Cum
1019 1579 1164 1636 enim
1197 1577 1384 1634 Jesum
1426 1578 1481 1632 in
1505 1591 1760 1632 sermone
1791 1575 2086 1646 illaque‘are

488 1679 689 1732 vellent
716 1673 1004 1738 Pharisaei,
1035 1671 1224 1727 missis
1255 1670 1324 1725 ad
1357 1685 1482 1725 eum
1508 1668 1794 1740 discipulis
1816 1669 1932 1724 suis
1959 1683 2084 1723 cum

492 1765 840 1832 Herodianis,
870 1771 926 1819 ut
956 1763 1026 1818 ab
1049 1777 1116 1818 eo
1165 1761 1581 1818 sciscitarentur
1605 1801 1620 1826 ,
1661 1759 1920 1816 liceretne
1954 1775 2087 1814 cen-

2182 541 2346 614 φόρον
2387 543 2500 606 τοῖς
2536 540 2818 612 ἄρχουσιν,
2858 541 2891 612 ἢ
2940 541 3081 612 ὑπὲρ
3129 539 3440 613 ἐλευθερίας
3481 542 3718 614 πολεμεῖν,

2181 635 2230 688 εί
2263 635 2338 707 μὴ
2381 637 2750 706 ουγχωροῖντο
2781 633 2880 705 ζῇν
2922 633 2957 687 ἂ
2993 633 3293 704 βούλονται,
3332 633 3424 688 καὶ
3452 633 3522 708 μὴ
3554 632 3719 688 διδόναι

2183 729 2368 800 φόρον.
2428 727 2538 782 Καὶ
2599 727 2905 799 ἱστόρηται,
2961 727 3044 780 δτι
3111 725 3312 790 Ἰούδας
3367 726 3464 799 μὲν
3512 727 3539 779 δ
3591 727 3719 780 Γαλι-

2180 823 2328 886 λαῖος
2380 821 2515 891 (50),
2571 815 2632 875 οὗ
2680 820 2953 892 μέμνηται
3001 819 3096 872 καὶ⁵
3145 820 3359 885 Λουκᾶς
3403 821 3461 873 ὲν
3502 822 3610 883 ταῖς
3635 820 3719 873 τῶν

2183 913 2496 968 ἀποστόλων
2533 911 2823 984 Πραξεσιν,
2857 913 3172 982 ἀποστήσας
3201 910 3335 963 πολὺ
3382 909 3572 982 πλῆθος
3611 912 3716 964 Ἰουο

2183 1004 2370 1071 δαίων,
2400 1004 2648 1060 ἐδίδασκε
2681 1004 2758 1076 μὴ
2787 1003 2897 1056 δεῖν
2922 1001 3122 1056 διδόναι
3146 1001 3388 1074 Καίσαρι
3418 1002 3587 1074 φόρον,
3613 1005 3721 1075 μηδὲ

2184 1099 2374 1172 κύριον
2433 1095 2789 1170 ἀναγορεύειν
2840 1095 2932 1150 τὸν
2983 1096 3274 1169 Καίσαραο
3313 1097 3342 1149 ό
3387 1095 3442 1148 δὲ
3488 1095 3615 1149 κατὰ
3650 1095 3723 1150 τὸν

2185 1188 2375 1261 καιρὸν
2423 1185 2590 1242 αὐτοῦ
2631 1189 2937 1260 τετράρχης
2974 1187 3086 1258 (5i)
3121 1186 3330 1240 πείθειν
3385 1185 3618 1240 ἐϐούλετο
3653 1187 3724 1242 τὸν

2184 1282 2310 1336 λαὸν
2345 1280 2516 1335 εἴκειν
2544 1283 2610 1353 τῇ
2647 1280 2897 1353 παρούσῃ
2928 1280 3286 1347 καταστάσει,
3332 1282 3426 1334 καὶ
3459 1284 3529 1354 μὴ
3569 1284 3724 1336 αὒθαί-

2187 1391 2340 1448 ρετον
2374 1375 2643 1448 αἱρεῖσθαι
2688 1375 2824 1446 πρὸς
2862 1374 3243 1448 ἰσχυροτέρους
3278 1373 3532 1446 πόλεμον,
3562 1375 3723 1430 διδόναι

2184 1466 2241 1522 δὲ
2270 1467 2396 1532 τοὺς
2425 1467 2645 1541 φόρους.
2683 1468 2794 1520 Καὶ
2827 1469 2859 1539 ἡ
2897 1467 3234 1539 προκειμένη
3283 1467 3342 1521 δὲ
3389 1468 3480 1521 τοῦ
3524 1469 3723 1537 Euang-

2186 1561 2300 1614 λίου
2344 1560 2492 1626 λέξις
2521 1561 2582 1613 οὐ
2625 1559 2814 1630 σαφῶς
2861 1558 2958 1630 μὲν
3001 1559 3262 1630 ἐμφαίνει
3305 1559 3375 1613 τὰ
3401 1559 3634 1614 τοιαῦτα·
3666 1561 3727 1632 τῷ

2185 1651 2240 1706 δὲ
2278 1651 2564 1722 δυναμένῳ
2618 1649 3094 1721 βεϐασανισμένως
3147 1651 3283 1722 ὀρᾷν
3342 1650 3403 1704 τὸ
3457 1651 3726 1724 ἐκκείμενιν

2190 1744 2375 1817 ῥητὸν,
2424 1745 2724 1816 παρίστησι
2769 1743 2943 1798 ταῦτα
2985 1743 3160 1807 οὕτως
3207 1743 3392 1814 ἔχειν’
3437 1743 3605 1816 χώραν
3643 1744 3729 1818 γὰρ

489 1878 614 1918 sum
649 1861 782 1915 dare
823 1857 1049 1922 Caesari,
1079 1868 1309 1919 annon,
1371 1852 1702 1922 illaqueandi
1751 1851 1875 1923 ejus
1902 1851 2082 1906 locum

2188 1839 2289 1892 οὐκ
2331 1833 2475 1908 εἶχον
2506 1837 2790 1909 Φαρισαῖοι
2825 1834 3140 1906 βουλόμενοι
3183 1833 3509 1903 παγιδεῦσαι
3537 1837 3590 1888 ὲν
3616 1836 3731 1906 λόγῳ

491 1955 720 2011 minime
747 1951 1093 2017 habuissent,
1121 1949 1164 2004 si
1193 1947 1434 2004 dandum
1454 1962 1580 2003 eum
1605 1961 1725 2002 esse
1756 1945 1809 2000 in
1833 1943 2086 2001 confesso

489 2048 706 2110 fuisset.
737 2044 818 2102 vel
853 2044 898 2100 si
937 2041 1180 2098 dandum
1217 2057 1326 2096 non
1364 2054 1487 2096 esse
1525 2053 1720 2096 omnes
1773 2038 2086 2096 consensis-

492 2151 633 2198 εοηι.

561 2387 651 2443 9.6.
681 2387 750 2442 At
783 2385 900 2441 vide
922 2399 1116 2440 annon
1150 2383 1232 2437 vel
1258 2397 1324 2437 ex
1360 2394 1425 2436 eo
1462 2380 1702 2437 historiae
1728 2380 1956 2451 hujusce
1991 2396 2080 2436 ve-

492 2483 628 2538 ritas
677 2480 969 2542 elucescat,
1000 2475 1145 2547 quod
1179 2490 1305 2532 cum
1343 2472 1530 2530 Jesum
1585 2473 1640 2528 in
1688 2488 1940 2530 sermone
1966 2474 2082 2530 illa-

485 2590 694 2646 qucarc
749 2572 948 2628 vellent
982 2567 1268 2631 Pharisari,
1324 2581 1434 2622 non
1487 2567 1787 2638 discipulos
1819 2568 2087 2624 duntaxat

485 2680 624 2721 suos
651 2664 718 2720 de
746 2679 913 2719 censu
944 2661 1234 2732 quaesitum
1287 2658 1556 2725 miserint,
1590 2658 1685 2715 sed
1729 2674 1854 2715 cum
1905 2658 2081 2716 Hero-

495 2759 692 2816 dianis.
727 2755 854 2816 Veri
889 2755 1090 2828 quippe
1119 2754 1297 2810 simile
1331 2763 1415 2810 est
1447 2753 1540 2825 qui
1573 2754 1835 2810 tributum
1873 2753 2076 2811 Caesari

2188 1930 2280 1984 τὸν
2336 1926 2567 2000 Ἰησοῦν,
2623 1927 3044 1991 ἀποστείλαντες
3088 1927 3300 1982 ἑαυτῶν
3345 1928 3472 1992 τοὺς
3527 1927 3731 1999 μαθητὰς

2191 2020 2331 2093 μετὰ
2353 2021 2464 2074 τῶν
2496 2018 2844 2092 Ἧρωδιανῶν
2875 2018 3141 2072 πυθέσθαι
3169 2018 3264 2072 τοῦ
3312 2018 3514 2092 Ἰησοῦ,
3542 2020 3732 2090 πότερον

2188 2115 2362 2184 ἔξεστι
2399 2113 2582 2169 δοῦναι
2619 2113 2818 2185 κῆνσον
2862 2113 3123 2185 Καίσαρι,
3165 2113 3198 2184 ἦ
3248 2112 3350 2166 οὔ·
3398 2115 3444 2167 εί
3487 2113 3734 2185 όμοὶογοὺι

2192 2225 2352 2279 μενον
2382 2203 2470 2278 ἦν,
2511 2207 2595 2260 ὅτι
2641 2207 2703 2259 οὐ
2753 2205 2953 2260 διδόναι
2997 2205 3135 2277 (52),
3181 2206 3278 2259 καὶ
3319 2207 3369 2260 εί
3415 2223 3734 2276 συμπεφωνη-

2187 2301 2346 2372 μένον
2373 2296 2462 2372 ἦν,
2487 2301 2569 2354 ὅτι
2597 2299 2816 2354 διδόναι.

2253 2394 2364 2448 Καὶ
2389 2395 2490 2466 δρα
2525 2395 2573 2447 εἰ
2621 2393 2695 2464 μὴ
2729 2389 2983 2463 δηλοῦται
3025 2389 3095 2445 τὰ
3132 2390 3231 2462 τῆς
3275 2389 3593 2462 ἐκκειμένης
3618 2392 3732 2443 ἱστο-

2189 2486 2308 2558 ρίας
2339 2488 2404 2539 ἐκ
2451 2485 2543 2540 τοῦ
2578 2485 2714 2552 ,τοὺς
2752 2486 3109 2556 βουλομένους
3163 2483 3493 2551 παγιδεῦσαι
3532 2484 3581 2535 ἐν
3619 2481 3734 2552 λόγῳ

2184 2575 2276 2628 τὸν
2335 2575 2542 2647 Ἰησοῦν
2590 2575 2943 2647 Φαρισαίους,
3001 2575 3076 2646 μὴ
3131 2573 3331 2644 μόνους
3379 2572 3734 2627 ἀπεσταλκέναι

2184 2665 2313 2728 τοὺς
2365 2665 2613 2736 μαθητὰς
2662 2664 2868 2718 ἑαυτῶν
2913 2663 3025 2734 (55)
3072 2664 3454 2735 πευσομένους
3505 2662 3618 2734 περὶ
3657 2661 3732 2716 τοῦ
3789 2669 3793 2674 “

2188 2759 2412 2829 κήνσου,
2459 2757 2596 2812 ἀλλὰ
2637 2755 2774 2826 μετὰ
2795 2756 2905 2810 τῶν
2949 2755 3303 2827 Ἡρωδιανῶν
3322 2772 3338 2788 ο
3368 2755 3510 2820 εἰκὸς
3537 2755 3646 2826 γὰρ,
3670 2755 3736 2809 δτι

1676 2893 1910 2951 VETUS
1949 2893 2533 2953 INTERPRETATIO.

491 2993 1423 3075 quandiunuidemhspeculabatur_
1449 2994 1707 3075 populum
1751 2992 1904 3075 illum
1959 2992 2754 3075 Deus,‘circnmdatusluerat
2801 2991 3733 3075 scpeoDomlnica‘.tuitionis,”qttasi
3772 3001 3780 3011 '

499 3063 524 3123 ἑ
552 3070 710 3123 vinea
744 3063 962 3121 Domini
993 3063 1256 3128 Sabaoth,
1293 3084 1310 3116 ι
1353 3063 1486 3118 nihil
1523 3063 1838 3132 hujusmodi
1870 3063 2218 3134 contingebat
2249 3066 2350 3120 eis.
2393 3064 2451 3118 ιιι
2485 3065 2677 3134 primis
2711 3074 2895 3118 autem
2939 3063 3056 3134 ipse
3079 3063 3292 3119 Pilatus
3325 3065 3414 3119 cui
3440 3064 3736 3118 tradiderant

491 3139 796 3202 Christum,
851 3151 1020 3193 ausus
1069 3144 1151 3191 est
1184 3135 1443 3205 populum
1483 3135 1788 3206 inquinare,
1831 3134 1977 3206 quod
2013 3136 2234 3205 gravius
2300 3145 2419 3191 erat
2468 3135 2882 3205 captivitatibus
2935 3135 3254 3206 universis;
3286 3136 3545 3206 quoniam
3588 3136 3735 3206 omnis

497 3210 787 3280 captivitas
825 3222 991 3280 quam
1019 3204 1335 3280 frequenter
1367 3215 1494 3260 sunt
1533 3204 1703 3274 passi,
1740 3205 1990 3280 corporis
2014 3204 2131 3280 erat
2155 3204 2769 3280 vexatio,_‘introdu_ctio_
2793 3214 2975 3260 autem
3006 3214 3207 3280 statua:
3235 3204 3733 3280 in_templtthan_i-

496 3274 714 3337 tuarum
744 3286 862 3332 crat
886 3274 1162 3331 interitus.
1205 3275 1270 3346 Et
1300 3275 1354 3346 in
1390 3287 1632 3344 tempore
1661 3289 1792 3346 ergo
1830 3274 2058 3338 Christi,
2090 3279 2312 3346 quando
2337 3277 2600 3331 tributum
2633 3276 2772 3346 jussi
2813 3286 2942 3331 sunt
2987 3276 3118 3331 dare
3154 3275 3424 3332 Romanis
3447 3274 3468 3341 ,⁷
3517 3275 3732 3345 cogitatio

495 3361 551 3407 et
582 3348 873 3405 consilium
899 3356 1017 3402 erat
1049 3346 1190 3416 apud
1214 3344 1453 3410 Iudaeos,
1486 3355 1668 3417 utrium
1705 3344 1966 3417 deberent
1997 3344 2216 3417 quii’Dei
2248 3350 2482 3417 populus
2509 3344 2686 3412 erant,
2713 3356 2767 3401 et
2793 3348 2972 3416 portio
3001 3347 3146 3416 ejus,
3178 3347 3449 3402 tributum
3479 3344 3597 3417 dare
3617 3346 3736 3417 prin-

499 3421 737 3492 cipibus,
777 3429 871 3472 aut
895 3414 1643 3492 potins'prolibertateliella
1671 3415 1970 3492 suscipere,
2005 3416 2111 3470 nisi
2134 3414 2583 3492 permitterentur
2628 3414 2810 3492 vivere
2837 3417 2982 3472 sicut
3018 3414 3160 3492 ipsis
3202 3417 3472 3492 placebat.
3508 3416 3570 3470 Et
3602 3414 3736 3492 refert

498 3485 730 3546 historia
763 3485 909 3556 quod
929 3485 1340 3558 {udas’quidcm
1374 3485 1653 3558 Galilaeus,
1679 3485 1839 3556 cujus
1887 3501 2100 3541 memor
2131 3485 2211 3544 est
2245 3487 2424 3543 Lucas
2455 3489 2509 3542 in
2556 3488 2786 3543 Actibus
2819 3485 3218 3557 apostolorum;
3247 3490 3489 3558 evellens
3545 3487 3731 3541 multant

500 3559 909 3616 multitudinem
938 3556 1273 3623 Iudaeorum,
1308 3556 1681 3628 docebatrnon
1723 3566 1975 3626 oportere
2005 3558 2203 3613 Caesari
2238 3560 2368 3614 dare
2391 3559 2656 3613 tributum
2688 3599 2702 3622 ,
2740 3556 2917 3628 neque
2956 3559 3240 3612 dominum
3266 3557 3536 3614 Caesarem
3581 3558 3731 3626 appel-

503 3632 638 3686 lare.
668 3629 773 3696 Qui
810 3639 991 3683 autem
1027 3637 1146 3683 erat
1171 3629 1224 3682 in
1257 3639 1500 3699 tempore
1529 3627 1622 3682 illo
1653 3628 1948 3699 tetrarcha,
1979 3631 2210 3686 suadere
2230 3631 2432 3699 populo
2465 3629 2791 3693 festinabat,
2821 3627 2880 3682 ut
2909 3631 3074 3684 statui
3107 3631 3362 3698 praesenti
3409 3630 3732 3686 consulerent,

496 3711 688 3758 etnon
721 3700 1024 3755 voluntarie
1045 3707 1238 3754 contra
1264 3697 1518 3770 fortiores
1544 3697 1891 3770 Suscipe‘rent
1916 3699 2140 3767 bellum,
2167 3697 2261 3755 sed
2287 3697 2702 3770 acquiescerent
2723 3701 2854 3770 dare
2887 3697 3175 3755 tributum.
3211 3699 3282 3754 Et
3327 3715 3509 3755 sermo
3549 3699 3732 3768 quidem

501 3771 778 3842 Evangelii
812 3770 1116 3842 praesentis,
1166 3785 1272 3824 non
1322 3769 1543 3842 quidem
1595 3766 1911 3842 manifeste,
1946 3766 2131 3842 tamen
2159 3771 2273 3826 haec
2325 3766 2442 3841 ipsa
2463 3770 2721 3842 ostendit.
2755 3769 2860 3837 Qui
2905 3781 3090 3825 autem
3130 3771 3431 3842 diligenter
3456 3766 3730 3842 conéidcrat

499 3835 793 3898 verbo'rum
812 3835 1172 3912 praesentium
1205 3835 1449 3902 sensum,
1487 3839 1726 3912 inveniet
1748 3839 1852 3896 hoc
1882 3835 1936 3895 et
1967 3841 2020 3912 in
2047 3842 2150 3896 hoc
2179 3842 2301 3912 loco
2331 3835 2606 3911 praesenti.
2635 3839 2746 3896 Nec
2771 3835 2918 3895 enim
2952 3842 3215 3896 haberent
3235 3835 3590 3896 voccasioncm
3621 3835 3734 3892 Pha-

501 3913 675 3980 risaei,
711 3910 955 3967 volentes
981 3911 1270 3982 Christum
1285 3925 1482 3980 capere
1511 3910 1566 3964 in
1601 3923 1877 3975 sermone,
1907 3911 2190 3968 mittentes
2217 3910 2516 3982 discipulos
2540 3927 2672 3966 suos
2695 3927 2820 3967 cum
2858 3912 3187 3966 Herodianis
3221 3920 3284 3966 ut
3314 3927 3443 3966 cum
3469 3912 3732 3975 interroga-

470 3993 623 4040 ‘rent
649 3993 830 4038 utrum
860 3982 1047 4038 liceret
1073 3981 1275 4036 Caesari
1299 3982 1432 4035 dare
1476 3983 1762 4053 tributum,
1791 3995 2016 4053 annon,
2052 3983 2098 4037 si
2138 3982 2491 4038 manifestum
2526 3983 2670 4052 apud
2699 3997 2795 4037 eos
2822 3981 3047 4050 fuisset,
3081 3983 3347 4053 quoniam
3402 3998 3508 4036 non
3558 3985 3736 4051 Oportet

498 4055 653 4120 dare,
686 4062 737 4108 ct
763 4054 807 4108 si
844 4053 1208 4108 consonantia
1234 4053 1573 4106 voluntatum
1607 4052 1748 4120 apud
1780 4067 1877 4106 eos
1904 4052 2100 4107 fuisset
2132 4063 2192 4107 ut
2221 4068 2328 4106 non
2364 4055 2559 4108 darent
2593 4053 2883 4108 tributum.

569 4125 664 4180 9.6.
691 4123 757 4177 Et
787 4123 907 4178 vide
940 4123 1044 4176 nisi
1090 4122 1477 4177 manifestatur
1502 4123 1729 4177 historia
1754 4122 1844 4176 illa
1867 4137 1931 4176 ex
1960 4139 2025 4176 eo
2054 4124 2196 4193 quod
2229 4124 2473 4180 volentes
2502 4122 2781 4179 Christum
2813 4138 3008 4193 capere
3043 4123 3098 4177 in
3143 4137 3428 4189 sermone,
3459 4138 3562 4177 non
3584 4121 3734 4193 solum

500 4196 772 4250 miserunt
797 4193 1099 4262 discipulos
1123 4209 1252 4248 suos
1281 4194 1682 4265 interrogantes
1715 4193 1782 4248 de
1814 4207 2006 4265 censu,
2034 4190 2128 4249 sed
2153 4209 2277 4250 cum
2309 4193 2656 4265 Herodianis.
2688 4190 2940 4248 Forsitan
2972 4194 3118 4248 enim
3164 4196 3217 4248 in
3265 4194 3474 4265 populo
3497 4203 3616 4248 tunc
3655 4190 3730 4259 qui

494 4266 723 4338 quidem
772 4261 1026 4338 dicebant
1052 4273 1306 4334 oportere
1337 4263 1469 4338 dare
1498 4261 1768 4338 tributum
1821 4261 2052 4338 Caesari,
2105 4265 2446 4338 vocabantur
2501 4263 2794 4338 llerodiani
2831 4266 2902 4318 ab
2945 4266 3033 4338 bis
3061 4265 3155 4338 qui
3193 4261 3299 4338 hoc
3339 4261 3519 4338 facere
3549 4278 3738 4338 recusa-

498 4331 651 4392 hant.
690 4335 792 4401 Qui
822 4345 1004 4390 autem
1041 4331 1332 4404 prospectu
1363 4333 1631 4389 libertatis
1663 4335 1797 4389 dare
1828 4335 2092 4390 tributum
2121 4336 2380 4390 vetabant
2411 4376 2426 4403 ,
2465 4335 2790 4390 videbantur
2823 4351 2946 4390 esse
2979 4331 3240 4390 Pharisaei
3279 4337 3627 4391 subtilitatem
3655 4331 3734 4385 Ju-

493 4408 778 4464 daicarum
801 4405 1213 4475 disciplinarum
1242 4410 1458 4477 cantius
1479 4406 1857 4477 observantes,
1895 4415 1955 4460 ut
1982 4408 2029 4461 si
2059 4405 2282 4476 quidem
2313 4407 2570 4461 Christus
2596 4406 2951 4477 responderet
2973 4421 3081 4460 non
3121 4415 3383 4477 oportere
3411 4405 3603 4462 Caesari
3627 4405 3737 4457 dare

497 4479 789 4542 tributum,
820 4474 1097 4531 traderent
1121 4491 1245 4531 eum
1303 4474 1570 4531 Romanis
1591 4475 1751 4542 quasi
1788 4474 2120 4533 recessionis
2158 4485 2438 4533 auctorem
2475 4493 2489 4532 :
2531 4478 2576 4532 si
2606 4474 2786 4532 autem
2808 4476 3026 4547 juberet
3049 4474 3202 4543 dari,
3235 4476 3502 4534 Pharisaei
3538 4488 3736 4532 accusa-

568 4617 684 4688 (50)
719 4616 831 4688 Καὶ
865 4613 1332 4688 ζστόρηται,ηὸτι
1397 4610 1620 4688 Ἰούδας
1660 4616 1692 4668 ὀ
1731 4613 2079 4688 Γαλιλαῖος.

2188 4613 2453 4688 provirili
2476 4611 2905 4688 contpescuisse.
2936 4610 3056 4688 Hoc
3072 4623 3255 4671 autem
3287 4614 3412 4671 loco
3436 4612 3736 4688 alterutrum

497 4681 620 4744 Act.
652 4681 706 4752 θ,
732 4681 1154 4756 57;Josephus,
1187 4685 1282 4740 lih.
1315 4701 1448 4740 xvm
1489 4685 1671 4755 Antiq.
1709 4700 1830 4755 cap.
1867 4685 1891 4738 1
1925 4695 1980 4740 et
2026 4688 2080 4743 2.
2122 4681 2154 4686 *⁷
2191 4681 2441 4756 designat
2477 4681 2785 4756 Origenes;
2821 4686 2902 4756 vel
2939 4681 3248 4756 Philippum
3295 4701 3326 4740 e
3359 4681 3735 4756 cujusditione,

498 4757 764 4814 "UE'I‘lUS.
826 4825 865 4826 κν
991 4753 1041 4826 ’ί
1150 4825 1153 4826 ν
1398 4825 1403 4826 ί
1778 4753 1792 4755 ’
1890 4823 1899 4826 Α
2191 4753 2417 4809 Ganiala
2451 4753 2723 4826 videlicet,
2747 4753 3384 4826 Gaulanitidis‘regionis
3415 4753 3736 4826 oppido,or-

566 4829 778 4954 (5%‘0
809 4825 876 4881 δὲ
908 4825 1205 4908 erant.th
1242 4825 1454 4908 ςιαιρρν
1498 4823 1686 4907 autat?
1726 4823 2081 4909 τετράρχης,

566 4916 606 4954 c.
707 4909 793 4954 ost
840 4897 1113 4954 Archelai.
1165 4913 1257 4954 aut
1311 4896 1414 4950 fuit
1470 4895 1700 4952 Herodis
1757 4897 2082 4954 Ascalonita:

2193 4835 2305 4880 tum
2329 4826 2558 4879 duxerat
2583 4823 2771 4890 Judas,
2799 4835 2858 4879 ut
2891 4837 2971 4880 est
3004 4827 3146 4895 apud
3173 4823 3499 4897 Josephum,
3521 4825 3606 4878 lib.
3623 4833 3732 4876 mu

2196 4896 2371 4954 θήρ..
2429 4911 2546 4954 can.
2581 4897 2632 4954 1.
2662 4898 2743 4950 vel
2795 4895 3088 4954 Herodem.
3137 4898 3192 4952 in
3247 4899 3409 4954 cuius
3459 4893 3732 4954 tetrarchia,

498 4893 606 4956 etc.
663 4893 793 4955 Post
840 4897 1113 4962 Archelai,
1165 4897 1257 4968 qui
1311 4893 1414 4950 fuit
1470 4895 1700 4968 Herodis
1757 4893 2084 4968 Ascalonita:
2196 4896 2371 4968 Qrig.,
2429 4911 2546 4965 cap.
2581 4897 2632 4968 l,
2662 4898 2743 4950 vel
2795 4893 3088 4968 Herodem,
3137 4898 3192 4952 in
3247 4893 3409 4966 cujus
3442 4893 3732 4968 tetrarchia,

499 4971 666 5036 filius,
695 4969 973 5035 exsilium,
1000 4965 1216 5022 redacta
1253 4967 1306 5021 in
1332 4967 1628 5037 provinciae
1660 4967 1974 5032 formulam,
2029 4979 2083 5024 et
2191 4965 2718 5037 Galilaeawmmirum
2748 5007 2764 5030 ,
2795 4968 3026 5022 conflata
3058 4967 3236 5024 fuerat
3271 4965 3389 5023 haec
3427 4965 3734 5022 Galilaeorum

500 5041 672 5114 Syria:
703 5041 987 5114 attributa_
1008 5037 1215 5114 Judata,
1242 5040 1294 5093 in
1323 5053 1554 5108 eamque
1595 5039 1767 5114 misso
1809 5037 2080 5114 Quirinio,

498 5108 590 5203 sei
617 5108 1247 5203 9"".‘3‘i°_'"1‘.‘_[i91l“.3.‘fs
1281 5121 1555 5203 sensere
1579 5109 2081 5203 caesaries":

499 5180 844 5248 Gaulaniten,
874 5182 1248 5251 plurimosque.
1281 5180 1346 5234 ad
1364 5180 1721 5236 defectionem
1759 5181 2082 5251 sollicitaSse

500 5267 689 5309 narrat
718 5250 1012 5322 Josephus,
1042 5252 1136 5306 lib.
1176 5268 1307 5322 xvnt
1333 5253 1537 5322 Antiq.,
1564 5267 1684 5321 cap.
1716 5252 1767 5304 1.
1801 5250 1919 5307 Duo
1951 5268 2082 5322 ergo

498 5334 614 5380 tum
645 5319 968 5395 supererant
992 5321 1299 5395 tetrarchae,
1339 5319 1576 5395 Her-odos
1603 5319 1848 5395 _A'_ntipa_s,
1879 5331 1932 5376 et
1951 5319 2084 5395 Plii-

500 5395 682 5465 lippus
702 5391 732 5461 ;“
753 5394 841 5449 hic
877 5392 1282 5449 Trachonitidis
1309 5404 1360 5448 et
1386 5392 1769 5465 Gattlanitidis,
1803 5393 1903 5465 iste
1938 5391 2086 5448 Gali-

643 5483 657 5519 :
693 5481 929 5537 quorum
957 5474 1192 5537 uterque
1225 5465 1480 5537 omnib_us
1524 5463 1813 5537 obsequiis
1843 5462 2084 5537 favorem

499 5532 734 5590 Caesaris
766 5536 1030 5590 demereri
1075 5532 1342 5591 studebat.
1387 5533 1568 5590 Testis
1603 5533 1742 5588 idern
1786 5532 2080 5603 .losephus,

501 5606 596 5660 lib.
625 5621 756 5660 xvm
782 5607 984 5677 Λιιιὶᾳη
1015 5623 1132 5676 cap.
1163 5607 1216 5662 5.
1250 5605 1316 5661 Et
1351 5605 1754 5677 vcrisimile_cst
1790 5615 2085 5674 utrumque

501 5677 746 5730 subditos
770 5676 872 5730 sibi
913 5674 1162 5746 populos,
1191 5678 1450 5747 ipsosque
1477 5680 1614 5731 adeo
1633 5674 1873 5740 Judaeos,
1905 5678 2082 5729 cervi-

500 5763 683 5801 cosam
717 5757 954 5818 gentem,
1011 5749 1408 5812 refractariatn,
1454 5756 1507 5802 et
1536 5748 1770 5802 Caesaris
1825 5748 2079 5818 mandata

500 5818 658 5874 facile
687 5829 1028 5888 rcspucntctn
1051 5858 1066 5887 ,
1101 5819 1301 5888 tributa
1341 5835 1468 5876 vero
1515 5833 1657 5889 aegre
1691 5817 2078 5889 pensitantem,

2192 5037 2377 5092 factio.
2421 5036 2560 5093 Hinc
2609 5046 2790 5091 autem
2841 5039 2978 5092 satis
3029 5038 3201 5109 liquet
3243 5053 3435 5109 eorum
3475 5048 3610 5109 stare
3645 5046 3732 5086 non

2188 5123 2352 5178 posse
2381 5109 2841 5177 sententiam,qui
2872 5106 3192 5164 seditionem
3215 5126 3247 5164 a
3273 5108 3414 5164 Jnda
3446 5106 3728 5178 concitatam

2190 5176 2244 5232 in
2272 5195 2476 5233 attnum
2503 5181 2738 5248 primum
2765 5176 2970 5234 Christi
2995 5180 3280 5235 conferunt
3305 5197 3318 5232 :
3360 5179 3538 5233 nulius
3566 5176 3732 5244 quippe

2193 5259 2305 5304 tum
2329 5253 2599 5321 tetrarcha
2622 5267 2635 5316 ;
2662 5250 2812 5305 solus
2845 5266 3024 5304 rerum
3054 5251 3358 5321 potiebatur
3386 5249 3611 5304 Herodes
3638 5258 3730 5321 ina-

2192 5337 2352 5391 gttus.
2388 5319 2495 5375 Nec.
2526 5312 2707 5376 mitius
2740 5321 2864 5375 inde
2892 5312 3236 5390 perspicuum
3267 5333 3349 5375 cst
3370 5328 3618 5391 quantum
3647 5312 3751 5381 Bc“

2190 5385 2473 5462 iampratio
2497 5391 2713 5462 fugerit,
2732 5391 2846 5462 qui,
2880 5385 3074 5447 Adnot.
3101 5396 3154 5446 in
3177 5391 3372 5447 Matth.
3389 5385 3524 5455 'utt,
3554 5385 3632 5462 l6,
3654 5395 3728 5438 eos

2185 5463 2254 5533 ab
2317 5461 2525 5517 Herode
2563 5459 2819 5517 defensos
2859 5463 3029 5518 fuisse
3081 5464 3322 5533 conjicit,
3385 5463 3477 5533 qui
3505 5459 3724 5514 tributum

2183 5532 2384 5586 Caesari
2419 5534 2798 5604 danduttrnon
2825 5548 2945 5589 esse
2971 5531 3406 5604 propugnabant.
3432 5531 3507 5586 lo.

2255 5604 2368 5673 (52)
2397 5603 2516 5656 Ὅτι
2543 5602 2906 5676 οὐδιδόναι.
2960 5594 3122 5659 Forte
3145 5594 3451 5676 iege-udum
3493 5605 3568 5657 ὅτι
3590 5597 3643 5654 οὗ
3657 5594 3724 5649 δεῖ

2186 5673 2405 5736 διδόναι,
2441 5684 2494 5729 et
2519 5674 2682 5743 paulo
2709 5685 2852 5743 post,
2877 5677 2958 5728 ὅτι
2989 5676 3072 5727 δεῖ
3087 5673 3303 5730 διδόναι.
3332 5674 3408 5731 ID.

2258 5745 2368 5817 (55)
2399 5747 2577 5802 Codex
2603 5743 2804 5818 lli-gius
2823 5789 2838 5818 ,
2868 5745 3064 5802 αὐτῶν.
