3962 6540
99 339 237 399 (369

1009 337 1365 396 COMMENT.
1403 339 1471 396 ΙΝ
1510 341 1927 398 ΜΑΤΤΙΙᾸΞΗΜ
1967 340 2202 399 'l'OMUS
2240 339 2401 397 XVII.

3232 350 3372 404 1570

100 463 320 526 νὼσεως
340 459 586 530 γίνεσθαι
619 459 866 524 τοιαῦτα,
917 461 1080 515 ὁποῖὰ
1120 464 1239 516 ἐστι
1282 462 1350 517 τὰ
1393 463 1502 517 τῶν
1531 465 1678 534 ἀγγέ‹

1797 467 1932 538 gelis
1955 465 2074 520 coeli
2099 465 2305 520 similes
2331 462 2593 527 evadere;
2631 464 2724 520 sed
2760 479 2827 520 ex
2871 479 2938 521 eo
2962 463 3126 521 etiam
3155 467 3376 524 transﬁ-

99 555 206 610 λων
235 552 485 625 σώματα,
515 552 755 623 αἰθέρια,
785 551 882 606 καὶ
905 551 1184 622 αὐγοειδὲς
1224 554 1340 623 φῶς
1372 554 1504 626 (54),
1533 556 1686 609 Ξενί-

97 643 190 708 ζον
216 643 281 699 δέ
309 663 361 698 τι
399 645 528 709 τοὺς
561 644 790 708 πολλοὺς
825 645 935 698 τῶν
971 645 1340 701 πιστευόντων
1380 646 1558 720 δόγμα
1588 646 1686 720 ζη-

96 737 262 809 τήσαι
288 753 375 802 τις
401 734 488 802 ἂν,
532 737 673 808 τάχα
709 737 808 809 μὲν
863 736 960 792 καὶ
1009 737 1358 809 πολλαχόθεν,
1413 739 1601 810 σαφῶς
1640 740 1686 794 δ’

99 827 177 880 ὅτι
200 827 298 880 καὶ
330 827 582 882 ἐντεῦθεν
611 829 926 902 ἐπαπορῶν,
955 831 1003 884 εί
1029 829 1218 901 ὥσπερ
1242 829 1381 886 είσὶν
1405 832 1454 885 oi
1474 832 1688 887 ἀνιστά-

101 937 250 991 μενοι
273 921 338 974 ὲκ
362 920 572 993 νεκρῶν
603 921 679 986 ὡς
731 923 779 976 οἱ
827 920 1047 992 ἄγγελοι
1089 923 1146 976 ἐν
1190 922 1270 995 τῷ
1325 922 1560 997 οὐρανῷ,
1592 925 1688 979 καὶ

97 1013 338 1083 τάγματι
363 1013 611 1083 ἀγγέλων
640 1013 1068 1085 μεταϐάλλοντες
1092 1014 1152 1080 ἐξ
1176 1015 1272 1070 ἀνθ
1279 1014 1499 1090 ρώπων,
1517 1016 1690 1082 οὓτως

99 1103 191 1158 καὶ
213 1103 367 1158 ἄλλοι
402 1105 458 1156 ὲν
481 1101 562 1176 τῷ
596 1103 812 1177 οὐρανῷ
841 1105 1084 1175 ἄγγελοι,
1129 1104 1406 1177 ἄνθρωποί
1432 1123 1561 1160 ποτε
1596 1105 1686 1159 δν-

101 1213 191 1257 τες
215 1195 352 1267 (55),
384 1196 479 1250 καὶ
509 1197 692 1262 καλῶς
721 1197 1122 1270 ἀγωνισάμενοι
1152 1198 1209 1252 ὲν
1247 1198 1537 1270 ἀνθρώπου
1579 1199 1687 1253 σώ-

103 1304 250 1358 ματι,
277 1285 570 1355 γεγόνασιν
604 1290 662 1341 ὲν
700 1286 779 1360 τῷ
798 1287 1012 1359 οὐρανῷ
1039 1287 1282 1359 ἄγγελοι,
1309 1289 1386 1354 ὥς
1404 1307 1546 1354 τινες
1567 1289 1687 1346 ἓτε-

103 1395 182 1448 ρςι
213 1379 321 1450 πρὸ
359 1378 565 1433 αὐτῶν.
608 1378 667 1433 Ὀ
693 1379 750 1434 δὲ
779 1380 842 1434 τὸ
874 1381 1080 1448 ξενίζον
1109 1382 1266 1437 τοῦτο
1303 1382 1479 1454 δόγμα
1511 1382 1689 1454 ζητῶν

99 1473 162 1522 ἐκ
191 1470 290 1541 τῆς
323 1470 694 1545 προκειμένης
743 1472 962 1537 λέξεως,
992 1475 1134 1545 τάχα
1159 1474 1215 1527 δὲ
1255 1475 1347 1527 καὶ
1373 1475 1686 1546 ἀλλαχόθεν,

100 1561 276 1633 ὁράτω
320 1563 696 1636 περιαθρήσας
734 1565 844 1637 (56)
899 1566 1029 1638 ὅλην
1078 1567 1178 1638 τήν
1221 1585 1278 1620 τε
1327 1568 1550 1639 Γραφὴν
1595 1569 1688 1622 καὶ

97 1653 192 1724 τὴν
222 1654 552 1710 ἀκολουθίαν
583 1645 712 1711 -τιῖιν
746 1660 1110 1731 πραγμάτων,
1141 1662 1235 1714 καὶ
1264 1661 1316 1714 τί
1367 1660 1558 1716 ἕπεται
1610 1659 1690 1731 τῷ

98 1745 266 1800 ταῦτα
302 1747 526 1812 τιθέντι,
557 1751 850 1815 σκοπείτω,
877 1753 924 1806 εί
949 1752 1052 1824 χρὴ
1088 1753 1492 1824 παραδέξασθαι
1516 1754 1688 1808 τοιοῦ-

1786 566 1984 628 gurata
2013 555 2239 611 humilia
2273 571 2468 612 eorum
2511 569 2766 628 corpora,
2809 557 2937 613 talia
2967 559 3202 616 evadant
3231 575 3374 630 qua-

1785 649 1859 704 lia
1883 660 2251 720 suntcorpora
2275 649 2616 720 angelorum,
2633 648 2856 705 aetheria
2879 649 3173 718 scilicet,et
3191 653 3376 722 splen-

1786 737 1926 793 didm
1947 738 2055 794 luci
2090 739 2420 795 consimilia.
2457 738 2663 813 Dogma
2699 748 2880 796 autem
2908 740 3148 797 ﬁdelium
3183 745 3367 814 plero-

1786 843 2021 899 rumque
2052 829 2268 885 animos
2298 831 2540 887 novitate
2579 847 2680 887 sua
2726 833 3029 902 percellens
3057 832 3148 889 hic
3173 833 3375 906 aliquis

1787 923 2124 993 expenderit,
2159 938 2226 978 ex
2257 923 2378 980 aliis
2407 924 2640 982 fortasse
2688 925 3064 997 compluribus
3096 925 3251 992 locis,
3280 927 3375 983 sed

1787 1029 1853 1072 ex
1883 1015 1976 1070 illo
2001 1027 2148 1072 certe
2170 1032 2334 1087 quem
2361 1024 2662 1074 tractamus
2711 1017 2996 1074 dubitandi
3048 1029 3261 1090 arrepta
3288 1033 3380 1076 oc-

1787 1107 2034 1173 casione,
2084 1123 2152 1162 an
2191 1108 2656 1180 quemadmodum
2713 1109 2807 1180 qui
2856 1125 2887 1166 a
2920 1111 3154 1166 mortuis
3188 1126 3376 1167 resur-

1788 1210 1943 1272 gunt,
1978 1201 2186 1272 angelis
2210 1202 2332 1258 coeli
2375 1201 2581 1258 similes
2608 1204 2764 1267 tiunt,
2792 1212 2847 1260 et
2876 1219 2942 1259 ex
2975 1204 3294 1262 hominibus
3319 1205 3375 1263 in

1788 1293 2036 1349 ordinem
2061 1293 2382 1365 angelorum
2413 1295 2672 1367 migrant,
2709 1295 2783 1351 ita
2815 1306 2869 1353 et
2894 1297 2986 1352 alii
3019 1298 3114 1369 qui
3151 1298 3207 1354 in
3232 1300 3376 1355 caelo

1787 1386 1992 1458 degunt
2015 1387 2215 1458 angeli,
2248 1402 2374 1442 cum
2413 1387 2542 1440 olim
2569 1386 2772 1442 fuerint
2799 1387 3072 1453 homines,
3108 1398 3163 1444 et
3189 1389 3242 1445 in
3274 1391 3377 1444 litt-

1788 1495 1955 1535 mano
1979 1494 2209 1550 corpore
2231 1479 2446 1550 egregie
2483 1479 2906 1546 'deeertaverint,
2939 1480 3118 1552 angeli
3159 1482 3211 1536 in
3236 1483 3376 1539 ewlo

1790 1571 1935 1626 haud
1964 1587 2123 1626 secus
2172 1586 2236 1626 ac
2296 1571 2410 1638 alii,
2439 1580 2565 1628 ante
2601 1586 2660 1628 se
2713 1574 3005 1628 evaserint.
3039 1574 3143 1642 Qui
3190 1585 3376 1630 autem

1792 1678 1989 1718 novam
2025 1663 2230 1719 hancce
2285 1664 2631 1733 opinionem,
2691 1665 2776 1720 vel
2825 1680 2892 1720 ex
2945 1670 3198 1737 praesenti
3231 1670 3372 1736 loco,

1792 1753 2050 1812 fortassis
2088 1764 2144 1812 et
2167 1756 2386 1811 aliunde
2413 1758 2732 1813 examinare
2754 1759 3010 1826 voluerit,
3058 1760 3374 1817 universam

96 1855 184 1891 τον
212 1838 375 1909 λόγον
413 1834 458 1910 ᾧ
487 1842 678 1896 ἕπεται
708 1843 932 1898 τοιαῦτα
976 1843 1135 1898 ἅτινα
1190 1845 1442 1916 δηλοῦται
1473 1849 1536 1900 ἐκ
1565 1847 1678 1900 τοῦ·

1792 1845 2133 1916 Scripturam
2166 1862 2460 1918 rerumque
2510 1848 2908 1904 connexionem
2954 1858 3159 1906 attente
3188 1852 3377 1907 consi-

103 1952 120 1983 ι
151 1934 446 2003 Ἀγγέλους
471 1936 821 2010 κρινοῦμεν,ι
853 1941 946 1993 καὶ
972 1937 1087 1992 τοῦ’
1145 1959 1164 1992 ι
1198 1940 1288 2004 Εἰς
1321 1939 1356 1994 ὃ.
1383 1940 1681 2011 ἐπιθυμοῦ-

99 2043 176 2081 σιν
206 2028 433 2096 ἄγγελοι
457 2029 829 2100 παρακύψαι.»
865 2033 925 2084 Ei
953 2031 1009 2084 δὲ
1055 2031 1150 2085 καὶ
1177 2032 1275 2102 τὴν
1309 2031 1474 2086 ’ἰούδα
1511 2032 1682 2104 πρόσ-

98 2119 200 2174 οιτό
227 2137 316 2184 τις
340 2120 656 2193 Ἐπιστολὴν
707 2122 839 2194 (57),
890 2122 1072 2194 ὁράτω
1097 2123 1150 2176 τί
1197 2123 1391 2176 ἕπεται
1413 2123 1492 2196 τῷ
1537 2125 1680 2196 λόγῳ

1790 1937 1941 1994 deret
1965 1954 2029 1994 ac
2055 1938 2329 2010 dispiciat,
2353 1939 2594 2010 quidque
2616 1956 2680 1994 ex
2715 1941 2802 1996 his
2848 1941 2920 1996 ita
2955 1943 3146 2012 positis
3179 1958 3375 1998 conse—

1787 2039 2012 2100 quatur,
2043 2029 2334 2101 expendat,
2371 2031 2418 2087 si
2453 2031 2723 2101 ejusmodi
2763 2030 3015 2088 doctrina
3040 2034 3374 2090 admittenda

1787 2133 1890 2190 est,
1916 2139 1983 2179 ex
2008 2139 2117 2194 qua
2150 2138 2214 2178 ea
2243 2123 2534 2194 proﬂuant,
2568 2140 2691 2195 quae
2714 2141 2782 2181 ex
2809 2125 2915 2182 hoc
2940 2125 3061 2182 loco
3085 2127 3374 2183 manifesta

1303 2234 1536 2294 VETUS
1580 2234 2168 2291 INTERPRETATIO.

98 2349 158 2403 de
178 2349 318 2423 pede
340 2349 530 2423 ipsius,
560 2357 612 2423 et
639 2357 869 2423 exspuet
898 2348 951 2404 in
983 2349 1176 2408 faciem
1208 2351 1352 2422 ejus,
1386 2365 1440 2408 et
1463 2351 1801 2422 respondens
1832 2351 2014 2406 dicet:
2047 2349 2141 2423 Sic
2176 2350 2379 2423 facient
2413 2351 2643 2416 homini,
2676 2351 2768 2423 qui
2791 2422 2796 2423 ί
2821 2369 2929 2409 non
2961 2355 3193 2411 aediﬁcat
3252 2357 3364 2411 do-

100 2435 238 2496 mum
273 2418 463 2496 fratris
492 2420 673 2496 su_i_,_et
697 2418 974 2496 vocabunt
1001 2418 1346 2496 nomenejus
1371 2424 1424 2480 in
1454 2418 1639 2496 Israel,
1675 2423 1876 2496 Domus
1903 2422 2201 2496 excalceati
2225 2418 2708 2496 calceamentutn.‘
2728 2443 2747 2474 ι
2786 2422 2907 2477 ΙΙςιιρ
2933 2427 3096 2496 verba
3125 2426 3367 2496 legentes

101 2490 404 2563 Sadducmi,
434 2499 486 2544 et
511 2490 648 2545 nihil
680 2492 905 2561 dignum
942 2492 1048 2548 Deo
1071 2490 1443 2561 intelligentes
1474 2495 1525 2546 in
1555 2495 1633 2548 eis
1659 2535 1674 2558 ,
1733 2493 1983 2546 arbitrati
2013 2503 2139 2546 sunt
2189 2509 2293 2545 non
2327 2508 2488 2560 posse
2531 2494 2643 2547 fieri
2678 2503 2896 2563 propter
2933 2495 3047 2548 hzec
3075 2490 3262 2560 verba,
3315 2506 3376 2552 ut

100 2562 291 2632 mortui
334 2573 641 2632 resurgant,
679 2573 738 2615 ιιι
770 2563 853 2616 vir
875 2563 1070 2618 iterum
1094 2565 1164 2619 sit
1189 2565 1363 2618 virilia
1398 2565 1606 2618 habens
1641 2565 1908 2626 membra,
1937 2573 2032 2616 aut
2059 2563 2256 2616 mulier
2280 2563 2351 2616 sit
2395 2562 2688 2618 muliebria
2735 2564 2943 2618 habens
2977 2567 3242 2621 membra.
3309 2567 3376 2623 Et

101 2631 362 2687 Dominus
408 2633 629 2702 quidem
673 2633 1012 2703 respondens
1064 2636 1166 2701 eis,
1217 2635 1556 2690 voluntatem
1616 2638 1907 2689 verborum
1960 2635 2093 2704 legis
2134 2650 2241 2687 non
2293 2635 2546 2702 exposuit
2570 2635 2728 2705 qttasi
2764 2635 3003 2705 indignis
3062 2635 3378 2703 huiusmodi

99 2744 500 2809 Tertullianus,
546 2743 624 2799 De
671 2762 828 2800 (ante
859 2746 1082 2810 Christ.,
1115 2761 1235 2816 cap.
1271 2745 1347 2802 6:
1407 2767 1424 2798 ι
1448 2746 1679 2802 Constat

99 2816 315 2884 angelos
339 2832 557 2888 carnem
592 2832 696 2870 non
742 2817 1013 2885 propriam
1039 2831 1302 2886 ges1asse,
1337 2827 1521 2888 utpote
1577 2835 1676 2872 na-

103 2898 244 2940 turas
278 2887 606 2942 substantiae
635 2888 932 2956 Spiritalis;
969 2897 1020 2942 et
1047 2888 1090 2942 si
1125 2890 1376 2957 corporis
1400 2887 1675 2954 alicuius,

102 2959 180 3010 sui
203 2968 388 3011 tamen
421 2957 688 3027 generisa
725 2957 868 3012 Idem
899 2959 1077 3022 (locvt,
1114 2959 1208 3011 lib.
1240 2975 1274 3012 ll
1309 2969 1493 3012 contra
1531 2959 1679 3011 Mar-

100 3029 254 3087 εὲοη..
308 3026 440 3096 cap.
462 3027 497 3080 8
555 3026 816 3096 Epitoma:
837 3046 863 3084 ε
891 3028 1154 3082 Theodoto
1189 3048 1206 3082 :
1243 3030 1351 3082 Καὶ
1375 3033 1424 3082 οἱ
1459 3030 1680 3098 ἄγγελοι

101 3098 327 3169 σώματά
357 3101 512 3162 εἰσιν,
535 3099 769 3168 ὁρῶνται
797 3099 947 3169 γοῦν.
989 3101 1343 3165 Athanasius,
1395 3103 1510 3156 sive
1534 3103 1683 3169 quis-

1781 2757 1834 2803 et
1866 2746 1910 2801 si
1942 2746 2033 2815 qui
2063 2746 2184 2814 ejus
2211 2760 2306 2816 per
2365 2745 2646 2800 Christum
2687 2753 2742 2800 et
2799 2744 3065 2817 Spiritum
3119 2757 3376 2808 sanctum

1783 2817 1944 2872 amici
1980 2817 2246 2870 suntaln.

1855 2887 1967 2957 (55)
2002 2887 2200 2952 Οὕτως
2230 2885 2326 2957 καὶ
2365 2883 2544 2940 ἄλλοι
2594 2885 2782 2957 ἐις-τῷ
2823 2887 3062 2954 οὐρανῷ
3107 2888 3372 2957 ἄγγελοι,

1783 2954 2083 3030 ἄνθρωποί
2114 2972 2258 3008 ποτε
2285 2956 2474 3030 ὄντες,
2504 2965 2608 3010 etc.
2644 2954 2767 3030 llaec
2809 2959 2994 3030 omnia
3041 2959 3110 3030 ab
3135 2954 3372 3030 Origene

1785 3028 2038 3097 prOponi,
2068 3043 2174 3080 non
2210 3027 2382 3081 asseri
2401 3042 2465 3080 ex
2495 3027 2853 3096 sequentibus
2882 3028 3017 3080 satis
3045 3027 3376 3097 liqttet.'Su-

1787 3114 1883 3170 pra
1932 3109 2112 3151 autem
2167 3097 2582 3170 observavimus
2633 3099 2859 3170 angelos
2888 3099 3077 3170 _juxta
3113 3100 3366 3170 Origenis

101 3167 215 3262 qu‘is
235 3178 434 3262 auctor
461 3167 685 3262 estlibr‘i
719 3167 1080 3262 Dgfpmmuni
1107 3167 1565 3262 essentiqndelinit—
1587 3189 1682 3262 ιιιιτ
1710 3205 1750 3262 C
1786 3167 2113 3262 doetrinam,
2137 3168 2444 3262 hominum
2482 3168 2586 3262 lqui
2642 3168 2817 3262 Isancti
2851 3168 2980 3221 olim
3039 3167 3368 3262 fu.titri:sint,

101 3241 271 3310 gelum
333 3239 471 3305 ζῶον
494 3239 732 3309 λογικὸν,
762 3241 944 3306 ἄῡλον,
973 3251 1101 3304 etc.,
1131 3258 1254 3310 quae
1288 3244 1536 3297 videnlur
1577 3243 1679 3296 sibi

102 3326 431 3380 repugnare;
460 3325 583 3365 nam
623 3312 666 3366 si
696 3311 919 3379 animal,
949 3328 1079 3381 ergo
1102 3328 1460 3382 corporeum;
1489 3315 1534 3368 si
1560 3329 1682 3367 cor-

100 3397 344 3450 poreum,
395 3396 525 3451 ergo
573 3397 680 3435 non
727 3399 922 3451 expers
965 3384 1226 3438 materiae.
1284 3384 1534 3438 Attamen
1573 3400 1679 3438 non

102 3460 423 3522 repugnant,
453 3461 507 3505 et
542 3470 561 3504 ι
597 3452 730 3508 deos
759 3451 913 3509 Plato
934 3453 1214 3508 existimat
1241 3463 1466 3508 naturas
1502 3455 1681 3509 incor-

100 3523 307 3595 porales
332 3522 809 3595 ._animﬁales,igut
853 3525 1040 3580 scribit
1100 3525 1362 3595 Apuleius
1411 3527 1462 3579 in
1500 3526 1681 3578 libello

100 3591 280 3666 Dedeo
319 3591 560 3666 Socratis
597 3607 614 3646 :
645 3593 899 3666 animalia
953 3591 1347 3666 quippealiter
1388 3597 1681 3650 definiebat

99 3678 158 3718 ac
184 3663 551 3729 Aristoteles;
592 3679 719 3718 nam
767 3665 931 3720 ᾶῦλον
972 3663 1032 3720 et
1056 3663 1370 3729 ἀσώματον
1402 3666 1675 3721 diti‘erunt.

99 3684 158 3718 ac
184 3684 551 3729 Ατιδιοιθιιιδ;
592 3684 719 3718 nam
767 3684 931 3720 αυΛον
977 3684 1032 3720 ει
1077 3684 1194 3719 ασω
1243 3684 1370 3719 ατον
1402 3684 1673 3721 utuerunt.

99 3733 356 3804 Quintum
384 3735 734 3799 elementum,
767 3753 863 3791 seu
883 3737 1162 3801 aetherem,
1191 3684 1353 3791 ἕλον
1374 3753 1496 3792 esse
1531 3737 1673 3792 dice-

99 3804 221 3877 bant
279 3804 662 3877 Peripatetici;
715 3806 886 3862 Deum
921 3816 1102 3862 autem
1158 3806 1474 3877 ἀσώματον,
1516 3817 1680 3877 atque

95 3862 239 3948 item,
273 3862 542 3948 animam.
598 3862 840 3948 Angelus
888 3892 1041 3947 ergo,
1093 3877 1248 3947 juxta
1283 3862 1674 3944 Athanasium,

98 3946 341 4014 ejusdem
357 3946 522 4001 fuerit
537 3946 858 4002 substantiae
871 3964 935 4003 ac
949 3946 1138 4011 aether,
1155 3963 1405 4018 corpore,
1432 3963 1538 4002 non
1561 3964 1680 4002 ma-

99 4017 228 4088 teria
279 4028 586 4088 constans:
643 4029 809 4088 atque
850 4021 974 4074 item
1030 4019 1188 4088 juxta
1243 4017 1543 4073 Cazsariuin
1579 4019 1674 4088 qui

96 4087 220 4161 dial.
254 4089 310 4155 1,
337 4089 527 4161 interr.
557 4087 648 4152 48,
674 4087 921 4161 angelos
961 4087 1182 4161 quidem
1219 4089 1417 4152 ἀΰλους
1446 4104 1568 4144 esse
1594 4087 1679 4143 di—

95 4159 185 4222 cit,
212 4162 326 4231 sedg
350 4174 460 4214 non
490 4159 836 4231 ἀσωμάτους.
868 4159 1202 4231 Corporeum
1225 4175 1356 4231 ergo
1381 4161 1553 4228 magis
1580 4175 1675 4214 ac-

96 4231 233 4284 cedit
260 4229 332 4284 ad
383 4229 649 4300 spiritale,
686 4246 851 4300 quam
899 4229 1204 4294 materiale,
1243 4229 1435 4286 contra
1468 4231 1678 4300 opinio-

94 4314 213 4373 nem
246 4300 607 4373 eruditissimi
635 4301 921 4373 cujusdam
945 4301 1200 4372 theol0gi.
1224 4302 1563 4373 Augustinus
1585 4317 1672 4371 ep.

94 4370 194 4426 115
235 4372 305 4426 ad
359 4369 524 4427 Nebr.
559 4381 613 4427 et
645 4369 768 4426 in‘tt
799 4371 876 4426 De
907 4373 1112 4438 ordine,
1133 4369 1197 4428 et
1227 4369 1340 4428 lib:
1369 4388 1430 4428 ιιι
1466 4371 1542 4426 De
1575 4369 1676 4427 Ge-

93 4456 198 4496 nes.
241 4442 316 4496 ad
360 4441 554 4510 litter.,
610 4458 729 4513 cap.
787 4442 875 4509 10,
917 4459 1109 4500 aereos
1147 4453 1202 4498 et
1259 4444 1526 4499 aethereos
1555 4445 1677 4497 ani-

92 4521 303 4585 mantes
327 4513 566 4585 angelos
584 4524 640 4569 et
671 4513 948 4585 daemones
1003 4530 1126 4570 esse
1155 4515 1330 4580 dicit;
1355 4529 1671 4585 quanquam

92 4581 257 4656 idem,
282 4582 384 4656 lib.
407 4581 501 4656 ist
526 4581 606 4656 De
631 4584 780 4642 civit.
809 4583 927 4656 Dei,
946 4599 1065 4656 cap.
1089 4586 1175 4652 10,
1196 4581 1490 4656 unicuique
1513 4581 1673 4640 suum

90 4653 156 4726 de
182 4669 248 4726 ea
275 4668 346 4726 re
365 4653 637 4725 judicium
667 4655 948 4724 permittit.
999 4653 1297 4726 Gregorius
1323 4653 1484 4726 papa,
1520 4657 1671 4712 hom.

92 4724 157 4778 10
183 4725 240 4799 in
270 4723 590 4796 Evangelia,
618 4723 870 4799 angelum
903 4727 997 4799 qui
1025 4723 1282 4799 nascente
1307 4723 1529 4784 Christo
1561 4743 1677 4799 ppa-

91 4796 335 4868 storibus
385 4799 661 4867 apparuit,
691 4796 739 4861 Ῐι
770 4796 977 4852 animal
1032 4797 1301 4852 rationale
1342 4818 1361 4850 ›
1400 4798 1672 4868 appellat.

90 4864 378 4938 Legendus
409 4864 549 4938 idem
577 4868 670 4923 lib.
728 4884 765 4923 ιι
800 4868 1023 4933 Moraf.,
1056 4883 1178 4938 cap.
1202 4869 1258 4933 2,
1287 4878 1342 4924 et
1377 4864 1672 4924 Comment.

90 4938 141 4990 in
173 4937 188 4993 t
221 4938 380 5010 Reg.;
411 4937 693 5008 Apuleius,
732 4941 827 4994 lib.
883 4940 957 4994 De
1000 4937 1238 4994 dwnione
1269 4938 1532 5006 Socratis,
1580 4941 1676 4995 de-

89 5011 256 5064 cernit
296 5028 316 5062 ι
338 5011 614 5065 daemones
643 5025 765 5066 esse
791 5025 987 5081 genere
1031 5010 1311 5076 animalia,
1342 5012 1527 5066 animo
1549 5027 1674 5081 pas-

89 5081 224 5144 siva,
276 5090 460 5152 mente
503 5081 824 5144 rationalia,
883 5097 1112 5152 corpore
1176 5097 1370 5148 aerea,
1431 5090 1676 5152 tempore

88 5161 344 5206 mterna.»
381 5149 447 5205 Et
475 5153 772 5222 novissime
803 5149 1100 5220 Cajetanus
1128 5152 1182 5207 in
1206 5167 1330 5222 cap.
1360 5169 1412 5207 tv
1448 5149 1673 5221 Cenes,

88 5228 139 5275 et
166 5222 219 5276 in
245 5238 373 5293 cap.
408 5238 442 5276 ιι
473 5220 701 5294 Epistol.
732 5225 799 5278 ad
828 5223 1054 5294 Ephes.,
1091 5224 1181 5280 ubi
1215 5220 1496 5280 daemones
1544 5220 1674 5279 cor-4

88 5307 212 5360 pore
233 5295 808 5368 co.istare__dclinivit.
849 5297 1028 5366 Atque
1063 5295 1180 5351 haec
1231 5300 1288 5352 in
1330 5295 1672 5368 Origenianis

86 5367 460 5418 excutiuntur.
490 5363 753 5420 Ηυετιυε.

153 5434 267 5506 (5-1)
314 5435 522 5508 Ὀποῖά
569 5436 709 5508 ἐστι
737 5435 807 5491 τὰ
842 5436 962 5508 τῶν
991 5436 1264 5508 (tn-sxw
1293 5435 1559 5508 σώματα,
1594 5438 1676 5494 al-

87 5504 272 5579 0é_pta‘,
313 5507 773 5579 καίώαύγοειδὲςί
799 5507 944 5578 φῶς.
978 5504 1225 5579 Grigen.,
1253 5510 1348 5567 lib.
1373 5504 1394 5565 ι
1411 5509 1552 5579 Περὶ
1571 5509 1676 5578 ἀρ-

86 5576 231 5644 χῶν,
262 5594 386 5651 cap.
412 5577 444 5631 6
471 5597 485 5633 :
525 5576 541 5629 ι
573 5579 727 5633 Alius
756 5576 991 5635 fortasse
1030 5576 1174 5636 dicet
1192 5576 1458 5651 quoniam
1487 5576 1544 5636 in
1578 5576 1674 5636 illo

87 5653 190 5704 tine
225 5650 410 5704 omnis
440 5651 746 5722 substantia
771 5652 1074 5722 corporalis
1104 5652 1177 5707 ita
1201 5650 1338 5722 pura
1365 5653 1472 5708 erit
1506 5660 1675 5720 atque

87 5729 340 5790 purgata,
373 5728 430 5775 ut
458 5721 676 5776 aetheris
701 5721 758 5775 in
792 5721 1017 5777 modum
1037 5733 1089 5779 et
1119 5721 1359 5779 ctelestis
1383 5722 1672 5792 cujusdam

88 5792 345 5860 puritatis
395 5801 561 5864 atque
593 5792 924 5864 sinceritatis
951 5795 1125 5864 possit
1181 5794 1436 5864 intelligi.
1458 5793 1674 5849 Certius

89 5872 268 5918 tamen
301 5863 528 5932 qualiter
555 5877 613 5920 se
652 5863 904 5920 habitura
930 5863 1001 5920 sit
1021 5880 1131 5935 res,
1171 5865 1277 5923 scit
1322 5863 1474 5923 selus
1505 5864 1670 5932 Deus,

1786 3239 2109 3308 corporibus
2137 3238 2357 3308 innecti,
2388 3249 2439 3292 et
2464 3237 2529 3291 de
2552 3239 2691 3292 cmlo
2716 3239 3048 3307 reliquorum
3087 3237 3371 3298 hominum

1784 3307 1998 3364 animas
2023 3309 2286 3379 depromi.
2322 3307 2457 3362 Huic
2483 3310 2765 3363 sententia:
2800 3313 3206 3366 consectarium
3237 3313 3368 3369 illttd

1782 3391 1888 3443 est,
1913 3381 2232 3453 angelorum
2258 3389 2511 3453 naturam
2541 3379 2766 3453 induere
2797 3395 2956 3453 posse
2981 3381 3248 3443 homines,
3275 3385 3370 3453 qui

1784 3462 2048 3506 anteacta.-
2082 3452 2204 3505 vita:
2227 3460 2370 3504 recte
2402 3451 2578 3514 factis,
2617 3460 2669 3504 et
2707 3451 3001 3505 virtutibus
3032 3455 3208 3521 patrio
3243 3451 3371 3509 stic-

1781 3525 1975 3577 cedere
2007 3522 2167 3594 calo,
2200 3531 2254 3575 rt
2282 3522 2651 3594 sublimiorem
2713 3531 2916 3594 statum
2952 3525 3212 3594 consequi
3249 3541 3368 3579 tne-

1783 3595 2012 3649 ruerint.
2042 3593 2270 3663 Aliquos
2303 3603 2484 3645 autem
2515 3593 2705 3663 solum
2741 3593 2983 3661 angelos,
3023 3593 3371 3662 non'omncs,

1781 3663 1953 3718 fuisse
1985 3661 2238 3718 homines
2265 3663 2598 3716 intellexisse
2618 3661 2906 3732 Origetiem
2935 3666 3236 3732 putandum
3264 3676 3371 3732 est,

1781 3735 1825 3788 si
1861 3733 2025 3788 modo
2057 3751 2180 3788 eum
2233 3749 2342 3786 non
2400 3733 2678 3802 stupidum
2733 3749 2980 3802 prorsus,
3034 3749 3373 3802 suorumque

1781 3805 1956 3888 ipsius
1976 3805 2511 3888 ilogntatutnparttm
2541 3801 3032 3888 ntetiioreanuisse
3057 3820 3367 3888 censemus.

1779 3873 2069 3929 Caeterum
2098 3875 2238 3928 hanc
2287 3875 2590 3927 doctrinam
2636 3875 2779 3941 apud
2820 3873 3206 3942 Epiphaniam,
3234 3876 3366 3934 haer.

1780 3960 1926 4009 utv,
1957 3962 2076 4016 cap.
2105 3946 2175 3998 55
2193 3955 2246 3998 et
2267 3959 2407 4016 scq.,
2435 3953 2488 3997 et
2511 3942 2922 4016 llieronyinum,
2943 3945 3104 4016 epist.
3125 3948 3192 4000 ad
3218 3945 3366 4002 Avit.

1779 4030 1899 4084 cap.
1930 4017 1980 4081 1,
2002 4013 2055 4070 et
2081 4015 2302 4084 Apolog.
2342 4013 2367 4068 1
2403 4015 2522 4067 adv.
2580 4013 2786 4084 Ruﬁn.,
2817 4030 2937 4077 cap.
2988 4015 3046 4084 6,
3105 4031 3213 4071 non
3247 4031 3367 4084 pcr-

1780 4083 2050 4141 functorie
2077 4083 2395 4155 castigatam
2425 4085 2682 4155 reperies.
2708 4083 2839 4137 Eam
2869 4083 3224 4155 nihilominus
3249 4083 3368 4142 bae-

1783 4157 1935 4212 retici
1966 4157 2189 4227 quidam
2223 4153 2455 4210 subinde
2487 4153 2740 4227 amplexi
2791 4163 2938 4227 sunt,
2971 4154 3205 4226 illosque
3236 4173 3368 4227 pro-

1778 4223 2543 4299 ptereaPsychopneumones
2582 4223 2752 4299 fuisse
2793 4225 2970 4299 dictos
3011 4223 3250 4299 testatur
3269 4244 3369 4281 au-

1779 4295 1896 4352 ctor
1950 4295 2326 4353 Prw'dcstiuati
2372 4313 2536 4367 quem
2591 4295 2762 4352 edidit
2820 4295 3173 4364 Sirmondus,
3229 4299 3365 4354 her.

1777 4384 2008 4426 Lxxvttt.
2043 4371 2120 4424 In.

1875 4441 1964 4510 56)
1994 4438 2428 4508 Περιαθρήσας.
2460 4437 2644 4510 Codex
2679 4436 2882 4508 Regius
2910 4436 3327 4510 περιαθροίσας.

1875 4509 1966 4583 57)
1985 4515 2069 4583 ⁸ΕΙ
2101 4510 2170 4583 δὲ
2193 4509 2292 4583 καὶ
2325 4511 2439 4583 τὴν
2459 4509 2662 4583 ξΙούδα
2687 4509 2976 4583 πρόσοιτό
2984 4530 3069 4578 τις
3101 4509 3370 4583 Ἐετιστο-

1781 4578 2184 4650 λήγζιιιοοιιί,
2237 4581 2410 4650 .Iudze,
2459 4578 2604 4635 Petri
2670 4578 2991 4650 secundam,
3043 4588 3098 4634 et
3139 4579 3369 4637 Joannis

1777 4648 2086 4724 postremas
2113 4653 2257 4724 duas
2280 4649 2571 4724 Epistolas,
2603 4665 2633 4706 e
2664 4665 2883 4724 canone
2920 4648 3096 4706 fuisse
3153 4666 3366 4724 expun-

1776 4720 1896 4780 ctas
1924 4724 2084 4779 docet
2112 4722 2406 4785 Eusebius,
2434 4720 2641 4777 IIistor.
2675 4722 2802 4777 eccl.
2828 4720 2924 4792 lib.
2969 4737 3051 4792 tu,
3080 4737 3202 4792 cap.
3231 4720 3321 4777 ⁷25
3348 4743 3363 4780 :

1777 4795 1896 4850 Τῶν
1923 4796 1982 4848 δὲ
2033 4792 2464 4865 ἀντιλεγομένων
2484 4832 2499 4856 ,
2536 4794 2832 4865 γνωρίμων
2862 4791 2905 4844 δ’
2937 4788 3029 4845 οὖν
3076 4788 3226 4865 ὅμως
3254 4796 3368 4865 τοῖς

1778 4867 2016 4930 πολλοῖς,
2048 4863 2364 4937 ήλεγομένη
2401 4863 2667 4937 Ἰακώϐους
2694 4863 2939 4937 φέρεται,
2977 4865 3070 4937 διαὶ
3096 4863 3129 4934 ἡ
3171 4864 3365 4937 Ἰούδα,

1775 4938 1810 5010 ἢ
1843 4933 2144 5010 τεγΠέτρου
2186 4933 2413 5010 δευτέρα
2435 4933 2744 5010 Ἐπιστολὴ,
2767 4933 2885 5010 διαί
2916 4935 2948 5006 ἠ
2990 4933 3366 5010 ὀνομαζομένη

1776 5005 2004 5081 δευτέρα
2033 5005 2130 5062 διαὶ
2157 5007 2314 5081 τρίτη
2337 5005 2623 5081 ᾼἹωάννου.
2650 5005 2812 5081 nem,
2832 5005 3169 5081 lib._\'t,_cap.
3205 5005 3292 5081 14³
3313 5015 3368 5060 et

1779 5072 2167 5141 Hieronymus.
2195 5072 2401 5132 'libee
2423 5079 2669 5137 scriptor.
2703 5072 2911 5141 eccles.,
2931 5073 2984 5128 in
3003 5072 3183 5128 Iuda:
3219 5092 3237 5125 ι
3265 5073 3366 5127 Ju-

1775 5152 1876 5207 das
1907 5140 2077 5205 frater
2131 5148 2318 5204 Jacobi
2355 5162 2578 5216 parvam
2611 5149 2829 5216 quidem
2865 5140 2988 5215 quae
3033 5145 3100 5216 de
3151 5155 3362 5216 septem

1775 5222 2064 5278 catholicis
2091 5230 2196 5285 est,
2230 5214 2529 5287 Epistulam
2563 5214 2804 5290 reliquit,
2854 5214 2909 5272 et
2953 5215 3078 5290 quia
3132 5214 3198 5269 de
3226 5215 3367 5290 libro

1777 5291 1988 5366 Enocb,
2027 5295 2120 5366 qui
2146 5293 2497 5366 apocryphus
2527 5299 2631 5366 est,
2668 5287 2724 5344 in
2769 5304 2830 5343 ea
2864 5287 3097 5366 assumit
3128 5287 3369 5366 testiino-

1777 5365 1954 5429 nium,
2003 5360 2346 5432 a'plerisque
2401 5360 2686 5430 rejicitur;
2742 5360 3361 5432 tamen_auetoritatem

1776 5425 2044 5490 vetustate
2066 5425 2178 5504 jam
2204 5425 2386 5488 et'usu
2412 5425 2635 5498 meruit,
2663 5425 2716 5484 et
2742 5431 2888 5504 inter
2935 5425 2994 5482 S.
3055 5425 3366 5504 scripturas

1778 5500 2109 5575 computari,
2139 5514 2201 5580 et
2226 5511 2646 5580 saetosanctani
2682 5500 3061 5580 auctoritatem
3107 5501 3362 5580 haberet

1778 5565 1922 5632 Eam'
1940 5565 2179 5631 admittit
2196 5576 2311 5644 ipse
2327 5571 2612 5644 Origenes,
2636 5572 2784 5626 hom.
2806 5571 2873 5644 t;
2909 5570 2964 5621 in
2988 5565 3143 5644 Gen_.:
3161 5587 3179 5620 ι
3205 5568 3365 5623 Pueri

1778 5657 1909 5704 sunt
1937 5649 2110 5712 Isaac,
2171 5639 2483 5708 M'attlneus,
2530 5641 2772 5712 Marcus,
2832 5641 3034 5712 Lucas,
3090 5639 3366 5712 Joannes:

1778 5720 1934 5790 pueri
1965 5710 2239 5790 ejus'sunt
2270 5715 2486 5790 Eetrus,
2516 5711 2772 5790 Jacohus,
2823 5710 2994 5790 Iudas
3017 5731 3068 5790 zu.
3083 5727 3217 5790 puer
3247 5710 3367 5790 ejus

1778 5779 1938 5848 estet
1965 5779 2248 5861 apostolus
2273 5779 2498 5861 Paulus,
2523 5785 2624 5861 qui
2647 5799 2838 5861 omnes
2863 5781 2996 5838 Novi
3026 5779 3366 5861 Testamenti

1779 5868 1972 5932 puteos
2000 5851 2253 5926 'l‘odiunt;
2287 5877 2305 5910 ι
2337 5865 2390 5913 et
2416 5851 2564 5912 hom.
2594 5854 2624 5910 7
2667 5854 2717 5906 in
2759 5853 2875 5914 Jos.
2901 5874 2922 5913 :
2978 5873 2996 5906 ι
3029 5851 3363 5909 Sacerdotali
