3962 6542
153 358 284 416 15ῗῦ

1028 347 1384 409 COMMENT.
1426 349 1495 406 ΙΝ
1531 349 1952 409 ΜΑΤἸῚΙᾹΞΠΜ
1995 351 2235 410 TOMUS
2271 353 2438 411 XVII.

3285 357 3387 414 157

154 475 452 551 μαξάμενος
469 471 693 543 δόκιμος
716 469 1050 544 τραπεζίτης
1063 471 1199 542 (58),
1216 471 1312 526 και
1341 471 1498 536 εἰδὼς
1519 490 1537 523 ι
1562 472 1727 526 πάντα

1846 472 2130 542 ipsiusque
2157 473 2412 530 Christus
2461 473 2696 541 noverit,
2726 483 2840 529 tum
2895 475 3094 532 deinde
3121 485 3175 533 et
3197 477 3246 534 is
3281 494 3422 550 quo-

145 565 507 640 δοκιμάζειν,›
548 566 644 618 καὶ
677 584 695 616 ι
722 563 784 617 τὸ
810 563 909 635 μὲν
934 563 1098 618 καλὸν
1122 565 1398 636 κατέχειν,
1438 565 1740 637 ἀπέχεσθαι

143 662 197 718 δὲ
225 659 422 720 παντὸς
446 658 617 722 εἴδους
649 655 938 729 πονηροῦ.»
995 657 1131 728 Φέρε
1157 653 1249 712 οὖν
1277 657 1337 711 τὸ
1379 659 1737 732 προκείμενον

146 755 429 828 πρόϐλημα
459 752 680 823 νομικὸν
706 751 1069 823 διηγήσασθαι
1114 753 1379 818 θέλοντες,
1408 752 1739 808 ἐπικαλεσά-

149 864 292 918 μενοι
321 845 412 898 τὸν
440 844 682 898 εἰπόντα·
722 864 742 898 ι
771 845 1080 918 Φϐέγξομαι
1124 846 1334 918 προὸλή
1345 864 1491 917 ματα
1521 847 1615 900 ἀπ’
1639 847 1738 918 ἁρ-

146 942 298 1014 ﬁge,»
333 940 598 1011 εἴπωμεν,
631 939 796 994 καλὸν
841 938 940 1010 μὲν
963 941 1012 992 εί
1041 939 1107 992 τά
1142 941 1232 992 ὑπ’
1267 939 1431 993 αὑτοῦ
1458 939 1730 1010 διδόμενα’

145 1035 189 1086 εἰ
220 1033 274 1085 δὲ
310 1033 494 1104 μήγε,
513 1030 581 1084 τά
613 1030 990 1084 ὑποπίπτοντα
1020 1033 1149 1103 ἡμῖν
1179 1034 1258 1096 εἰς
1291 1032 1380 1085 τὸν
1408 1031 1590 1086 τόπον⁸
1616 1049 1737 1103 κρι-

143 1127 221 1179 νεῖ
240 1124 295 1178 δὲ
329 1125 358 1176 ὁ
392 1122 735 1193 ἐντυγχάνων
791 1125 905 1185 τοῖς
963 1121 1404 1194 λεχθησομένοις.
1452 1124 1614 1176 Δοκεῖ
1669 1122 1732 1194 δή

147 1213 402 1287 μοικατά
436 1213 562 1285 μίαν
587 1213 838 1285 διήγησιν
867 1212 1004 1284 γυνὴ
1057 1207 1194 1265 εἶναι
1227 1213 1260 1284 ἡ
1317 1212 1410 1265 τοῦ
1445 1211 1732 1285 ἀνθρώπου

141 1307 300 1379 ψυχὴν
331 1306 657 1378 γαμουμένη
698 1307 961 1378 πρότερον
999 1306 1096 1377 μὲν
1130 1305 1206 1376 τῷ
1226 1303 1324 1360 τοῦ
1354 1305 1518 1376 νόμου
1547 1306 1732 1376 γράμ-

145 1419 288 1471 ματι,
342 1401 437 1453 καὶ
475 1400 548 1472 μὴ
611 1398 876 1452 τεκνοῦσα
928 1398 987 1462 ἐξ
1016 1397 1203 1452 αὐτοῦ’
1251 1397 1504 1469 δεύτερον
1558 1399 1614 1451 δὲ
1655 1398 1733 1470 τῷ

141 1493 496 1564 πνευματικῷ
529 1493 702 1562 νόμῳ,
747 1494 840 1546 καὶ
885 1493 993 1544 ἀπὸ
1035 1492 1226 1545 τούτου
1280 1493 1729 1564 καρποφοροῦσα,

140 1586 230 1640 καὶ
251 1584 521 1653 γεννῶσα,
549 1585 643 1637 καὶ
670 1582 744 1654 μὴ
774 1581 1115 1654 ἀφισταμένη
1149 1583 1207 1634 ἐν
1238 1583 1316 1653 τῷ
1349 1583 1732 1653 γεγεννημένῳ

138 1681 232 1750 τῆς
254 1679 395 1752 πρὸς
425 1678 517 1730 τὸν
546 1675 890 1731 ἀποθανόντα
917 1676 1053 1746 αὐτῇ
1098 1674 1261 1745 νόμον
1293 1677 1620 1746 γράμματος
1645 1693 1729 1727 τι-

143 1773 259 1844 μῆς.
297 1772 412 1826 Καὶ
431 1771 572 1841 τάχα
601 1770 805 1842 ἑκάστη
835 1769 1124 1841 ήέσομένη
1163 1769 1410 1841 μακαρία
1437 1769 1605 1841 ψυχὴ,
1634 1773 1729 1824 καὶ⁸
1763 1826 1802 1879 Β

137 1863 410 1936 τροπικῶς
440 1861 598 1934 γυνὴ,
636 1862 854 1925 πάντως
875 1864 1130 1932 γαμεῖται
1162 1861 1424 1933 πρότερον
1463 1863 1602 1916 κατὰ
1632 1863 1728 1926 τὰς

138 1955 442 2025 εἰσαγωγάς
471 1954 549 2026 τῷ
574 1955 668 2008 τοῦ
720 1954 888 2025 νόμου
931 1953 1242 2026 γράμματι.
1302 1955 1361 2018 ὃς
1395 1954 1729 2025 ἀποθνήσκει

138 2045 551 2118 προκοπτούσης
575 2045 676 2115 τῆς
703 2036 960 2114 γῦναικὸς
987 2044 1186 2115 ψυχῆς,
1217 2045 1282 2096 ἶν’
1312 2044 1450 2116 αὐτὴ
1493 2044 1587 2097 τοῦ
1637 2062 1729 2097 σε-

141 2136 396 2207 μνοτέρου
426 2135 520 2187 καὶ
542 2133 858 2188 τεκνοποιοῦ
890 2135 1121 2206 ἐπιτύχῃ
1159 2134 1357 2206 γάμου,
1375 2136 1464 2188 ὅτε
1501 2153 1518 2186 t
1557 2135 1731 2208 σωθή-

139 2245 280 2281 σεται
304 2227 398 2280 διά
426 2228 526 2299 τῆς
559 2225 928 2294 τεκνογονίας,
974 2226 1113 2280 ἐπάν
1174 2226 1240 2280 τά
1273 2229 1440 2280 τέκνα
1469 2227 1628 2301 μείνῃ
1671 2230 1729 2281 ἐν

139 2320 331 2383 πίστει,
370 2320 467 2373 καὶ
500 2319 711 2390 ἀγάπῃ,
737 2319 831 2372 καὶ
857 2317 1116 2389 ἁγιασμῷ
1147 2318 1284 2390 μετά
1312 2319 1723 2391 σωφροσύνηςνι

136 2413 190 2464 οὺ
225 2411 585 2483 σωθησομένη
615 2411 720 2484 πρὸ
743 2411 843 2482 τῆς
872 2411 1236 2480 τεκνογονίας,
1269 2410 1302 2481 ἢ
1344 2413 1513 2483 χωρὶς
1539 2412 1727 2483 αὐτῆς.

137 2505 304 2558 Τέκνα
336 2504 395 2558 δὲ
438 2504 537 2575 τῆς
569 2503 830 2573 γυναικὸς
859 2502 1081 2574 ταύτης,
1117 2503 1314 2574 ψυχῆς,
1344 2503 1452 2556 ἀπὸ
1492 2503 1587 2557 τοῦ
1611 2504 1731 2556 δευ-

135 2592 290 2664 τέρου
324 2593 543 2666 ἀνδρὸς,
567 2592 661 2645 τοῦ
711 2592 1080 2662 πνευματικοῦ
1132 2593 1319 2664 νόμον,
1371 2593 1438 2646 τὰ
1485 2595 1729 2648 κατάύ-

134 2686 220 2739 τόν
246 2687 396 2738 ἐστιν
427 2685 584 2756 ἔργα·
606 2684 827 2753 ἀδελφοὶ
848 2685 903 2738 δὲ
942 2686 1036 2738 καὶ
1069 2684 1176 2738 ἀπὸ
1208 2687 1338 2754 μιᾶς
1370 2687 1598 2757 μητρὸς,
1621 2686 1730 2740 δια-

135 2779 296 2842 νοίας,
334 2775 689 2849 γεννώμενοι,
722 2779 771 2830 οἱ
800 2777 894 2830 δύο
937 2778 1111 2848 νόμοι,
1159 2777 1357 2842 οἵτινες
1401 2780 1496 2831 καὶ
1547 2796 1730 2832 κατοι-

137 2869 316 2925 κοῦσιν
342 2871 439 2922 ἐπὶ
460 2869 521 2922 τὸ
557 2869 708 2923 αύτςὸ⁸
741 2870 801 2923 ού
829 2870 938 2941 γὰρ
964 2867 1294 2940 κεχώρισται
1317 2871 1345 2922 ὁ
1374 2865 1522 2932 οἶκος
1549 2870 1727 2924 αὐτῶν

138 2963 224 3015 ἀπ’
253 2962 524 3033 ἀλλήλωνο
559 2961 673 3015 ἀλλ’
711 2962 1011 3034 ἀμφότεροί
1058 2964 1163 3014 εἰσι
1210 2963 1305 3015 καὶ
1335 2963 1640 3035 ἀμφότεραι
1672 2967 1726 3018 αἱ

137 3055 369 3127 ἐκδοχα),
394 3055 470 3118 ὡς
501 3055 559 3108 ἐν
588 3055 724 3126 οἴκῳ
751 3056 860 3108 τινὶ
881 3053 958 3125 τῷ
990 3055 1297 3126 περιέχοντι
1337 3055 1533 3118 αὐτοὺς
1555 3057 1729 3128 γράμ-

138 3164 278 3216 ματι.
315 3146 428 3199 Καὶ
457 3147 559 3218 δρα
589 3145 636 3198 εἰ
664 3144 739 3216 μὴ
767 3143 927 3198 τοῦτο
948 3143 1240 3214 δηλοῦσθαι
1267 3143 1490 3197 δύναται
1523 3145 1586 3196 ἐκ
1609 3143 1722 3196 τοῦθ
1755 3168 1798 3226 C

139 3258 156 3290 ι
191 3240 285 3292 Ἂν
316 3239 374 3291 δὲ
407 3235 736 3290 κατοικῶσιν
771 3235 992 3304 ἀδελφοὶ
1013 3234 1106 3288 ἐπὶ
1137 3233 1197 3287 τὸ
1226 3234 1414 3288 αὑτά»
1453 3229 1571 3286 εἶτα
1600 3234 1729 3305 ἑξῆς

133 3334 260 3385 ἐστι’
308 3351 331 3382 ‹
358 3332 466 3384 Καί
501 3329 751 3402 ἀποθάνῃ
777 3323 858 3392 εἷς
887 3328 944 3394 ἐξ
972 3326 1170 3390 αὐτῶν,
1223 3328 1446 3398 σπέρμα
1493 3327 1550 3380 δὲ
1585 3326 1658 3397 μὴ

133 3423 292 3494 αὐτῷ,
311 3443 332 3469 ι
367 3423 404 3476 ἃ.
426 3422 564 3477 κατά
585 3421 814 3492 δύναμιν
859 3420 1230 3491 διηγησάμην.
1268 3420 1496 3489 Ἴδωμεν
1549 3418 1604 3471 δὲ
1632 3419 1728 3472 καὶ

132 3514 206 3567 τό’
252 3533 270 3565 ι
296 3514 415 3566 Ούκ
447 3513 601 3567 ἔσται
631 3514 664 3584 ἡ
694 3511 831 3582 γυνὴ
864 3510 956 3564 τοῦ
988 3510 1309 3580 τεθνηκότος
1339 3509 1443 3574 ἔξω
1469 3509 1623 3580 ἀνδρὶ
1651 3509 1726 3581 μὴ

134 3602 450 3673 ἐγγίζοντι,
495 3622 512 3654 ι
572 3603 667 3657 καὶ
709 3602 794 3666 τίς
831 3601 930 3673 μὲν
973 3600 1132 3672 γυνὴ,
1169 3599 1335 3671 ψυχὴ,
1397 3600 1726 3672 παραϐαίνει

131 3697 317 3754 τοῦτον
345 3699 434 3751 τὸν
461 3697 646 3768 νόμον,
698 3695 782 3760 τίς
823 3695 879 3748 δὲ
925 3697 1100 3766 τηρεῖ.
1143 3695 1230 3757 Ὡς
1275 3697 1331 3746 ἐν
1374 3693 1637 3758 τοιούτοις
1661 3694 1726 3765 δὴ

133 3793 312 3856 τόποις
351 3791 720 3863 ὑπολαμϐάνω
766 3790 905 3862 μετά
947 3790 1040 3842 τὸν
1090 3788 1318 3844 θάνατον
1347 3789 1447 3860 τῆς
1495 3789 1637 3842 κατά
1665 3788 1728 3840 τὸ

132 3885 366 3956 γράμμα
392 3885 621 3956 ἐκδοχῆς
650 3883 744 3936 τοῦ
776 3883 966 3954 νόμον,
1019 3882 1112 3936 καὶ
1155 3881 1253 3952 τὴν
1283 3881 1598 3952 ἀνατροπὴν
1625 3881 1725 3932 αύ-

131 3976 248 4045 τῆς,
276 3974 379 4046 τὴν
413 3975 510 4046 μέν
555 3992 676 4028 τινα
706 3973 884 4045 ψυχὴν
920 3973 1180 4028 ποιοῦσαν
1225 3971 1377 4043 παρά
1410 3971 1509 4042 τὴν
1572 3970 1721 4026 θείαν

136 4066 374 4136 ἐντολὴν,
396 4069 628 4134 γυναῖκα
651 4065 914 4136 πρότερον
935 4065 1234 4135 γενομένην
1261 4061 1356 4116 τοῦ
1379 4061 1719 4134 τεθνηκότος,

1843 579 1951 634 que
1984 566 2078 634 qui
2112 565 2269 636 juxta
2301 565 2641 636 Scripturam
2666 568 3071 625 nummularius
3102 570 3312 643 integer
3359 588 3424 628 ac

1841 665 2096 725 spectatas
2125 658 2246 712 fidei
2288 659 2609 729 appellatur,
2635 659 2839 728 quique
2871 679 2888 710 ‹
2922 661 3104 716 omnia
3139 664 3368 732 probare
3397 685 3418 716 ι

1841 749 1966 812 scit,
1995 757 2048 804 et
2084 770 2102 799 ‹
2127 750 2271 820 quod
2302 752 2507 805 bonum
2546 759 2632 806 est
2657 760 2877 815 tenere;
2904 751 2972 806 ab
3001 755 3147 808 omni
3175 775 3193 807 ι
3239 767 3422 811 autem

1846 861 1866 894 ι
1901 846 2080 914 specie
2110 845 2251 900 mala
2316 846 2593 901 abstinere
2619 847 2660 900 ".
2695 865 2714 898 ι
2744 847 2856 917 Age
2909 864 3042 918 ergo
3092 851 3420 918 propositam

1840 936 1983 991 hanc
2015 937 2154 1007 legis
2177 938 2533 1008 quaestionem
2579 938 2851 1008 explicare
2885 939 3150 1003 volentes,
3177 940 3424 996 invocato

1837 1041 1904 1082 eo
1929 1027 2022 1098 qui
2045 1028 2182 1082 dixit
2218 1029 2238 1060 ⁸
2271 1047 2283 1082 :
2331 1047 2350 1078 ι
2387 1027 2607 1099 Loquar
2653 1028 3059 1098 propositiones
3107 1029 3175 1082 ab
3205 1028 3417 1091 initio,»

1836 1137 1900 1178 ea
1931 1123 2182 1177 dicamus
2207 1138 2327 1193 quae
2361 1124 2406 1178 si
2439 1123 2554 1194 ipse
2588 1123 2747 1178 nobis
2790 1123 3016 1194 largitus
3065 1123 3250 1186 fuerit,
3287 1140 3424 1193 prac-

1838 1213 1982 1269 clare
2021 1214 2554 1284 ageturnobiscum;
2611 1215 2694 1269 sin
2749 1215 2952 1277 minus,
3002 1230 3124 1283 qua:
3159 1215 3318 1270 nobis
3368 1215 3422 1269 in

1837 1305 1984 1360 hunc
2017 1307 2197 1360 locum
2227 1315 2552 1377 suppetent;
2577 1306 2802 1361 lectoris
2831 1317 2979 1361 certe
3001 1307 3268 1375 judicium
3295 1307 3419 1361 erit.

1835 1397 1913 1451 Ac
1961 1398 2116 1466 juxta
2171 1415 2333 1453 unam
2383 1401 2599 1470 quidem
2648 1399 3184 1468 interpretationem,
3227 1401 3425 1455 mulier

1834 1490 1968 1543 mihi
2007 1491 2245 1546 hominis
2280 1491 2460 1545 anima
2489 1506 2612 1546 esse
2643 1492 2874 1556 videtur,
2907 1492 3040 1561 legis
3066 1494 3300 1561 primum
3331 1493 3422 1547 lit-

1833 1588 1965 1635 terae
2009 1591 2218 1651 nupta,
2269 1598 2333 1636 ex
2382 1582 2609 1652 ipsaque
2649 1581 2852 1651 prolem
2897 1582 3121 1637 minime
3164 1585 3419 1652 pariens;

1833 1675 2076 1730 secundo
2101 1686 2282 1728 autem
2311 1675 2579 1744 spirituali
2607 1675 2733 1746 legi,
2767 1690 2832 1729 ex
2860 1690 3032 1745 eaque
3064 1677 3267 1745 prolem
3305 1691 3424 1732 sus-

1833 1764 2061 1834 cipiens,
2093 1779 2158 1818 ac
2183 1764 2421 1833 pariens,
2449 1779 2622 1834 neque
2649 1773 2833 1818 tamen
2859 1774 3108 1834 suscepta
3141 1767 3293 1835 prole
3324 1767 3422 1820 ho-

1833 1871 2022 1910 norem
2071 1855 2374 1910 demortua:
2425 1855 2529 1911 sibi
2579 1856 2793 1911 litterali
2839 1857 2942 1926 legi
2969 1857 3136 1928 816
3163 1857 3422 1912 exhibere

1832 1963 2079 2002 cessans.
2127 1946 2194 2001 Et
2233 1963 2571 2017 unaquaeque
2601 1947 2832 2004 fortasse
2861 1951 3042 2002 anima
3063 1991 3078 2015 ,
3110 1965 3230 2018 quae
3263 1952 3420 2005 beata

1832 2040 2015 2094 futura
2055 2049 2160 2106 est,
2188 2056 2418 2110 quceque
2444 2044 2649 2112 tropice
2673 2052 2757 2097 est
2782 2042 2998 2106 mulier,
3022 2059 3145 2097 eum
3180 2044 3417 2112 primum

1832 2133 2157 2198 instituitur,
2196 2134 2331 2203 legis
2359 2134 2551 2188 littera:
2585 2136 2894 2191 necessario
2922 2137 3111 2202 nubit,
3143 2152 3264 2206 qua:
3298 2137 3420 2206 qui-

1831 2225 1955 2280 dem
1984 2226 2068 2281 lex
2105 2227 2288 2281 interit
2319 2243 2442 2280 cum
2475 2228 2694 2292 mulier,
2743 2229 2924 2283 anima
2964 2229 3190 2293 scilicet,
3250 2233 3419 2298 proliv

1830 2317 1922 2383 cit,
1961 2327 2020 2372 ut
2069 2317 2359 2388 augustius
2409 2333 2474 2372 ac
2518 2317 2810 2372 fecundum
2845 2319 3252 2374 matrimonium
3281 2335 3420 2374 con~

1832 2409 2046 2476 trahat,
2083 2426 2208 2464 cum
2235 2409 2492 2463 nimirum
2541 2428 2560 2462 ι
2599 2411 2900 2465 salvabitur
2926 2427 3024 2480 per
3053 2411 3289 2466 filiorum
3325 2427 3420 2482 ge-

1831 2501 2212 2568 nerationem,
2268 2502 2490 2572 quando
2539 2502 2940 2570 permanserint
2965 2502 3061 2556 ﬁlii
3094 2503 3149 2557 in
3179 2503 3319 2569 llde,
3364 2511 3421 2557 et

1830 2591 2142 2656 dilectione,
2184 2601 2238 2647 et
2279 2591 2713 2648 sanctificatione
2743 2609 2866 2648 cum
2899 2593 3189 2648 sobrietate
3213 2593 3267 2661 ’ς
3306 2611 3325 2645 ι
3365 2604 3422 2649 at

1829 2689 2123 2750 antequam
2159 2681 2362 2737 liberos
2393 2682 2625 2749 dederit,
2676 2683 2759 2736 vel
2789 2684 2891 2739 nisi
2923 2684 3152 2749 dederit,
3187 2685 3420 2739 salutem

1830 2772 2052 2826 minime
2080 2761 2464 2842 consequetur.
2520 2771 2698 2827 Liberi
2735 2783 2916 2829 autem
2959 2775 3204 2830 mulieris
3232 2776 3418 2846 hujus,

1829 2863 2027 2918 animae
2083 2864 2352 2928 videlicet,
2388 2881 2416 2919 a
2447 2865 2689 2920 secundo
2719 2867 2860 2933 viro,
2914 2868 3184 2938 spirituali
3227 2885 3421 2939 nempe

1829 2955 1946 3024 lege
1990 2957 2250 3026 suscepti,
2297 2973 2360 3010 ea
2406 2967 2534 3012 sunt
2575 2969 2769 3013 exacta
2809 2945 2966 3029 juxta
3005 2961 3178 3031 ipsam
3228 2977 3416 3031 opera.

1829 3045 2049 3103 Fratres
2092 3056 2275 3103 autem
2307 3050 2377 3104 ab
2409 3065 2514 3103 una
2541 3060 2734 3117 matre,
2763 3059 2945 3106 mente
2981 3052 3187 3108 scilicet
3214 3053 3419 3122 produ-

1831 3140 1938 3205 eti,‘
1957 3140 1994 3194 ii
2024 3150 2153 3195 sunt
2181 3142 2327 3212 leges
2357 3141 2479 3196 dua:
2508 3157 2630 3211 quae
2656 3143 2820 3198 simul
2852 3143 3115 3210 habitant,
3138 3159 3238 3199 nec
3269 3145 3416 3199 enim

1829 3231 2030 3288 domus
2084 3232 2329 3302 ipsorum
2378 3234 2446 3288 ah
2480 3235 2712 3290 invicem
2764 3244 3012 3305 separata
3067 3245 3178 3303 est;
3235 3237 3331 3292 sed
3363 3245 3419 3292 et

1829 3333 2058 3395 uterque
2089 3326 2304 3396 gemina
2331 3335 2416 3380 est
2445 3323 2848 3397 interpretatio,
2885 3327 2938 3381 in
2981 3328 3292 3384 continente
3321 3343 3417 3384 eas

1829 3417 2009 3472 littera
2043 3426 2303 3486 tanquam
2346 3418 2402 3472 in
2451 3419 2616 3473 domo
2652 3419 2834 3489 aliqua
2864 3419 3134 3476 habitans.
3192 3423 3268 3476 Ac
3294 3420 3418 3476 vide

1831 3527 2015 3566 annon
2064 3511 2196 3566 illud
2227 3511 2350 3566 inde
2379 3512 2598 3580 probari
2645 3522 2808 3584 queat
2839 3514 2881 3545 ¹⁰
2917 3531 2930 3568 :
2973 3533 2990 3564 ι
3032 3512 3087 3568 Si
3135 3515 3418 3570 habitavc~

1831 3605 1942 3660 rint
1982 3603 2182 3659 fratres
2235 3603 2420 3658 simul.
2464 3622 2484 3656 ι
2544 3603 2747 3659 Deinde
2800 3606 3031 3661 habetur
3081 3607 3212 3660 illud
3247 3626 3258 3660 :
3294 3625 3312 3658 ι
3352 3606 3418 3661 Et

1835 3711 1977 3750 unus
2023 3711 2089 3749 ex
2135 3696 2214 3750 eis
2245 3705 2497 3751 mortuus
2531 3695 2718 3759 fuerit,
2763 3713 2948 3752 semen
2993 3708 3171 3752 autem
3205 3714 3312 3752 non
3345 3701 3417 3754 sit

1833 3787 1946 3851 ili,
1984 3806 2003 3838 ι
2041 3803 2162 3856 qua:
2207 3802 2306 3856 pro
2350 3786 2493 3840 virili
2520 3788 2768 3856 exposui.
2828 3787 2960 3842 Illud
2987 3798 3167 3843 autem
3196 3805 3415 3859 quoque

1833 3879 2114 3936 videamus
2145 3899 2157 3934 :
2199 3897 2218 3930 ι
2253 3878 2371 3933 Non
2427 3880 2532 3934 erit
2575 3897 2710 3935 uxor
2743 3882 2942 3936 mortui
2973 3891 3122 3937 extra
3158 3883 3273 3936 viro
3303 3898 3412 3937 non

1831 3974 2157 4044 propinquo,
2191 3993 2209 4026 ι
2244 3983 2298 4028 et
2324 3989 2575 4043 quaenam
2613 3975 2828 4038 mulier,
2854 3974 2907 4028 id
2939 3986 3022 4029 est
3041 3975 3244 4041 anima,
3275 3973 3416 4029 hanc

1830 4064 2001 4135 legem
2037 4067 2536 4135 praetergrediatur,
2567 4082 2821 4136 quasnam
2851 4082 2978 4122 vero
3006 4066 3280 4124 observet.
3342 4063 3414 4120 Ut

133 4158 222 4211 καὶ
254 4156 452 4227 ἐκείνῳ
471 4155 860 4218 πιστεύσασαν,
890 4172 909 4206 ι
941 4153 1047 4219 ἔξω
1082 4172 1100 4204 ι
1141 4152 1318 4222 πάντη
1373 4172 1391 4202 ι
1423 4151 1668 4221 γίνεσθαι
1698 4171 1716 4204 ι

1832 4170 1891 4210 se
1933 4155 2134 4209 habent
2180 4155 2345 4226 igitur
2383 4155 2652 4226 ejusmodi
2689 4155 2831 4222 loci,
2879 4165 3002 4226 post
3045 4167 3314 4210 mortuam
3349 4173 3414 4211 ac

134 4247 219 4303 τοῦ
243 4247 413 4316 νόμου
445 4265 462 4296 ι
501 4245 653 4318 ἀνδρὶ
690 4245 765 4316 μὴ
803 4243 1113 4314 ἐγγίζοντι,
1148 4265 1165 4295 ι
1215 4244 1304 4297 ὅτε
1356 4243 1721 4316 παραδέχεται

1832 4247 2216 4316 pessundatam
2255 4248 2386 4318 legis
2409 4247 2566 4318 juxta
2599 4247 2837 4303 litteram
2881 4249 3410 4319 interpretationem,

133 4339 286 4410 λόγον
341 4339 502 4394 αὑτὸν
538 4338 826 4409 ἐγγίζοντα
876 4337 987 4409 (59)
1044 4339 1110 4410 τῇ
1173 4336 1368 4408 ἐκδοχῇ
1415 4335 1510 4390 τοῦ
1539 4337 1722 4409 γράμ-

1832 4341 2084 4396 existimo
2126 4342 2364 4396 animam
2412 4342 2650 4412 aliquam
2710 4351 2901 4398 contra
2943 4338 3039 4398 Dei
3090 4341 3410 4398 mandatum

1325 4455 1560 4512 VETUS
1595 4455 2176 4517 lNTEliPIlETATlO.

134 4552 357 4608 fratrem
384 4551 601 4628 virisui
627 4551 897 4628 defuneti2
932 4559 1095 4622 atque
1128 4550 1494 4628 prepinqnum
1527 4553 1827 4628 secundum
1864 4571 2055 4628 genus
2086 4556 2447 4628 divinum,ut
2485 4555 2862 4628 faciatunatos
2888 4571 2953 4612 ex
2995 4572 3082 4613 eo.
3115 4556 3192 4611 Ex
3228 4559 3411 4628 priore

134 4639 387 4678 sermone
421 4624 632 4679 nullum
662 4624 839 4694 potuit
875 4622 1051 4678 facere
1083 4632 1290 4687 natum,
1327 4623 1454 4695 quia
1484 4637 1550 4676 ex
1582 4623 1838 4692 operibus
1864 4622 1998 4695 legis
2039 4644 2200 4680 nemo
2241 4627 2598 4695 justificatur.
2656 4626 2776 4682 Nati
2829 4636 3010 4682 autem
3065 4622 3309 4684 mulieris
3343 4631 3413 4685 de

134 4695 252 4770 viro
275 4693 740 4770 scc_u_tulo,_0pera
771 4695 892 4762 ejus
914 4701 1043 4770 sunt
1071 4702 1280 4770 sancta,
1317 4700 1372 4745 et
1405 4693 1519 4770 ipsa
1543 4703 1628 4748 est
1651 4695 1847 4770 mulier
1879 4693 2107 4770 servans
2141 4693 2651 4770 legi—srmandatum.
2679 4698 2743 4752 Et
2781 4701 2962 4754 omnis
2987 4708 3118 4770 puto
3147 4700 3326 4754 anima
3355 4701 3408 4755 in

138 4765 782 4839 primordiis_suis__prius_
806 4765 1016 4839 accepit
1039 4763 1264 4839 verbum
1300 4764 1600 4839 secundum
1631 4764 1937 4839 simplicem
1963 4763 2261 4839 historiam
2289 4769 2443 4839 legis.
2479 4769 2573 4838 qui
2611 4769 2728 4824 sine
2760 4770 2927 4823 dubio
2962 4763 3248 4833 morietur,
3283 4786 3408 4825 cum

139 4832 564 4909 emperitanima
596 4832 686 4909 illa
716 4835 790 4909 a_d_
813 4833 1036 4909 majora
1057 4835 1338 4909 prolicere.
1375 4832 1467 4909 Sic
1501 4843 1719 4888 mortuo
1743 4832 1976 4906 Simplici
2016 4841 2201 4903 verbo,
2242 4832 2554 4909 specialiori
2581 4839 2835 4909 jungitur
2857 4841 3043 4904 verbo,
3081 4843 3173 4909 qni
3206 4832 3290 4894 est
3323 4857 3412 4894 se-

140 4903 376 4980 cundum
411 4908 670 4977 mysteria
701 4905 970 4980 altiora‘in
1004 4904 1324 4980 Scripturis.
1359 4903 1556 4958 Anima
1589 4915 1769 4980 autem
1813 4903 1935 4978 quae
1962 4925 2070 4962 non
2103 4903 2288 4964 servat
2309 4910 2441 4980 legis
2478 4903 2819 4973 manidaﬁnin,
2846 4927 2967 4979 qua:
2990 4903 3142 4980 prius
3177 4911 3280 4964 fuit
3305 4911 3408 4964 sub

139 4975 273 5045 lege.
308 4975 681 5050 postulet-tem
717 4975 849 5050 legis
881 4977 938 5028 tit
985 4991 1120 5027 uxor
1165 4975 1282 5027 viro
1318 4989 1426 5050 non
1462 4975 1946 5050 appropinquanti,
1989 4981 2211 5050 quando
2258 4975 2487 5049 suscipit
2531 4982 2754 5036 verbum
2786 4975 2930 5049 quod
2966 4975 3075 5035 n'on
3113 4982 3410 5050 apprOpin-

140 5057 269 5115 quat
299 5047 524 5102 omnino
547 5048 649 5118 legi
683 5047 874 5117 priori,
910 5061 1012 5099 nec
1045 5052 1129 5099 est
1155 5045 1455 5100 secundum
1491 5062 1715 5101 sensum
1745 5045 1886 5118 ejus,
1929 5045 2023 5105 Sed
2055 5051 2300 5105 .omnino
2348 5045 2581 5105 habetur
2629 5045 2972 5106 extraneum.
3013 5050 3082 5105 Et
3119 5045 3251 5105 tales
3281 5045 3409 5106 aunt

1509 5167 1529 5198 '
1561 5165 1578 5218 l
1613 5164 1756 5221 'l‘im.
1787 5184 1846 5234 ιι,
1890 5169 1976 5224 15.
2056 5170 2100 5201 ¹⁰
2130 5168 2346 5224 Deuter.
2375 5185 2503 5235 xxv,
2545 5170 2578 5224 5

1823 5267 2106 5338 ραδέχεται
2133 5267 2290 5336 λόγον
2316 5267 2477 5339 αύτὺν
2525 5267 2599 5339 μὴ
2629 5265 2916 5339 ἐγγίζοντα
2945 5268 3012 5338 τῇ
3067 5266 3260 5336 ἐκδοχῇ
3306 5265 3407 5339 *τοῦ

1829 5337 2179 5426 γράμματος,
2250 5337 2384 5426 ἀλλὰ
2443 5337 2619 5426 πάντη
2656 5337 3034 5426 ,ἀλλότριονςέ
3074 5375 3147 5426 κ.
3175 5377 3194 5420 ⁸.
3235 5337 3410 5426 acuit:

204 5165 224 5197 "
252 5167 273 5219 ι
310 5163 504 5222 T-hess.
529 5183 585 5233 v,
610 5165 702 5232 20,
731 5167 822 5220 21.
899 5166 920 5197 ⁸
951 5165 1096 5220 Psal.
1136 5181 1340 5232 Lxxvtt,
1371 5166 1424 5219 2.

207 5261 320 5331 (58)
366 5261 429 5314 '0
453 5261 600 5315 κατὰ
633 5262 747 5328 τὴν
791 5261 1044 5332 Γραφὴν
1076 5261 1506 5332 ὀνομαζόμενος
1552 5262 1713 5318 δόκι-

132 5350 248 5421 μρς
273 5331 640 5421 {pag-territon
675 5333 809 5421 Vide
841 5331 988 5421 gum:
1045 5331 1388 5421 elalI-‘issit‘nus
1417 5335 1724 5391 Cotelerius

138 5399 420 5476 adnotavit
440 5404 506 5476 ad
544 5399 656 5457 haec
686 5399 1008 5476 v_erba’,‘jib.
1057 5421 1094 5459 ll
1125 5404 1308 5459 Const.
1364 5417 1561 5474 apem,
1597 5420 1718 5476 cap.

137 5471 247 5546 ὅδε
281 5473 498 5546 Γίνεσθε
523 5473 844 5546 τραπεζῖται
888 5475 1118 5546 δόκιμοι.

211 5543 325 5614 (59)
385 5545 515 5598 Ὅτε
561 5543 1021 5614 παραδέχεται⁷
1060 5546 1247 5614 λόγον
1318 5545 1506 5598 αὐτὸν
1561 5544 1720 5614 ἐγγί-

135 5613 332 5677 ζοντα,
371 5627 474 5669 etc.
508 5615 691 5669 Secuti
723 5632 915 5671 sumus
943 5617 1002 5668 C.
1034 5615 1097 5669 Β.
1139 5616 1230 5670 Sic
1247 5626 1426 5670 autem
1459 5615 1560 5670 Il.:
1591 5613 1719 5670 Ὅτε

138 5685 508 5758 παραδέχεται
536 5685 694 5758 λύγον
745 5687 908 5758 αὐτὸν
941 5685 1344 5758 ἐγγίζονταγτῇ
1380 5686 1574 5757 ὲκδοχῇ
1625 5686 1719 5738 τοῦ

139 5701 508 5808 παῖαοεχεται
539 5701 694 5754 λογον
745 5701 908 5740 αοτον
941 5701 1228 5754 εγγιςοντα
1278 5701 1344 5758 τῃ
1380 5701 1574 5757 εκοοχῃ
1625 5703 1719 5738 τοῦ

139 5771 212 5844 γρ
257 5755 919 5844 μματοςιὲτελεύτακυὺί
950 5773 1098 5844 non”
1131 5757 1321 5844 (iubilo
1357 5758 1720 5844 quipﬂaliqua

141 5824 345 5881 fuerint
365 5828 750 5900 praetermissa.
785 5824 1104 5898 Legcndum
1152 5824 1389 5882 fortasse
1415 5847 1425 5882 '.
1457 5829 1584 5879 Ὅτε
1618 5824 1720 5879 πα-

1830 5406 2163 5480 ἐκδοχὴίτοῦ
2216 5410 2358 5462 κατὰ
2411 5409 2573 5480 νόμον
2610 5406 2954 5480 γράμματος
3009 5406 3281 5480 ἐτελεύτα.
3315 5406 3410 5462 ml

1831 5478 2200 5550 ὲΰουληθησαν
2224 5480 2322 5551 τῷ,
2357 5478 2486 5533 etc.'
2516 5478 2689 5551 Atque
2739 5478 2879 5534 hanc
2907 5479 3214 5551 _l_eetionem
3242 5479 3409 5533 inter-

1829 5547 2135 5618 pretatione
2208 5547 2394 5604 nostra
2449 5550 2844 5618 expressimus.
2907 5547 3076 5604 Vetus
3139 5550 3408 5618 interpr.:

1835 5638 1853 5671 ι
1888 5618 2118 5701 Quando
2141 5622 2378 5701 suscipit
2403 5621 2652 5685 verbum,
2693 5621 2837 5688 quod
2867 5636 2973 5701 non
3010 5621 3411 5701 appmpinquat

1827 5693 2050 5745 omnino
2079 5692 2180 5762 legi
2213 5690 2402 5762 priori,
2430 5706 2528 5744 nec
2555 5704 2639 5744 est
2676 5690 2977 5762 secundum
3012 5707 3237 5745 sensum
3266 5690 3410 5761 ejus,

1826 5761 1920 5816 sed
1953 5760 2179 5817 omnin'o
2210 5760 2438 5816 habetur
2461 5769 2806 5816 extraneum.
2853 5781 2872 5814 ι
2922 5760 3188 5818 ΙΙυετιυε.
