  <div class='ocr_page' id='page_1' title='image "/cluster/home/n/w/nwhite01/storage/ocr_20150623/13/hvd.32044019207646/820.png"; bbox 0 0 3962 6578; ppageno 0'>
   <div class='ocr_carea' id='block_1_1' title="bbox 177 494 299 550">
    <p class='ocr_par' dir='ltr' id='par_1_1' title="bbox 177 494 299 550">
     <span class='ocr_line' id='line_1_1' title="bbox 177 494 299 550; baseline -0.025 0"><span class='ocrx_word' id='word_1_1' title='bbox 177 494 299 550; x_wconf 71' lang='grc'><strong>137⁸1</strong></span> 
     </span>
    </p>
   </div>
   <div class='ocr_carea' id='block_1_2' title="bbox 1064 486 2463 546">
    <p class='ocr_par' dir='ltr' id='par_1_2' title="bbox 1064 486 2463 546">
     <span class='ocr_line' id='line_1_2' title="bbox 1064 486 2463 546; baseline -0.004 0"><span class='ocrx_word' id='word_1_2' title='bbox 1064 488 1419 546; x_wconf 72' lang='lat' dir='ltr'><strong>COMMENT.</strong></span> <span class='ocrx_word' id='word_1_3' title='bbox 1460 488 1528 543; x_wconf 78' lang='lat' dir='ltr'><strong>IN</strong></span> <span class='ocrx_word' id='word_1_4' title='bbox 1566 486 1984 545; x_wconf 66' lang='lat' dir='ltr'><strong>MATTHA&#39;ICM</strong></span> <span class='ocrx_word' id='word_1_5' title='bbox 2024 486 2260 543; x_wconf 77' lang='lat' dir='ltr'><strong>TOMUS</strong></span> <span class='ocrx_word' id='word_1_6' title='bbox 2302 487 2463 542; x_wconf 80' lang='lat' dir='ltr'><strong>XVII.</strong></span> 
     </span>
    </p>
   </div>
   <div class='ocr_carea' id='block_1_3' title="bbox 3264 492 3413 550">
    <p class='ocr_par' dir='ltr' id='par_1_3' title="bbox 3264 492 3413 550">
     <span class='ocr_line' id='line_1_3' title="bbox 3264 492 3413 550; baseline 0.007 -1"><span class='ocrx_word' id='word_1_7' title='bbox 3264 493 3288 549; x_wconf 75' lang='grc' dir='ltr'><strong>Ι</strong></span> <span class='ocrx_word' id='word_1_8' title='bbox 3300 492 3413 550; x_wconf 78' lang='lat'><strong>578&#39;</strong></span> 
     </span>
    </p>
   </div>
   <div class='ocr_carea' id='block_1_4' title="bbox 168 601 1733 680">
    <p class='ocr_par' dir='ltr' id='par_1_4' title="bbox 168 604 1721 680">
     <span class='ocr_line' id='line_1_4' title="bbox 168 604 1721 680; baseline -0.002 -19"><span class='ocrx_word' id='word_1_9' title='bbox 168 608 255 661; x_wconf 80' lang='grc' dir='ltr'><strong>τοὺ</strong></span> <span class='ocrx_word' id='word_1_10' title='bbox 284 607 343 660; x_wconf 76' lang='grc' dir='ltr'>τὸ</span> <span class='ocrx_word' id='word_1_11' title='bbox 375 605 544 678; x_wconf 76' lang='grc' dir='ltr'>ὄνομα</span> <span class='ocrx_word' id='word_1_12' title='bbox 590 608 648 661; x_wconf 81' lang='grc' dir='ltr'>ὲν</span> <span class='ocrx_word' id='word_1_13' title='bbox 691 606 924 680; x_wconf 80' lang='grc' dir='ltr'>Ἰσραὴλ,</span> <span class='ocrx_word' id='word_1_14' title='bbox 972 607 1065 661; x_wconf 59' lang='grc' dir='ltr'><strong>καὶ¹</strong></span> <span class='ocrx_word' id='word_1_15' title='bbox 1112 606 1443 676; x_wconf 76' lang='grc' dir='ltr'>καλούμενος</span> <span class='ocrx_word' id='word_1_16' title='bbox 1474 606 1580 659; x_wconf 74' lang='grc' dir='ltr'>ὑπὸ</span> <span class='ocrx_word' id='word_1_17' title='bbox 1620 604 1721 676; x_wconf 78' lang='grc' dir='ltr'>τῆς</span> 
     </span>
    </p>
   </div>
   <div class='ocr_carea' id='block_1_5' title="bbox 1834 601 3393 680">
    <p class='ocr_par' dir='ltr' id='par_1_5' title="bbox 1834 601 3393 677">
     <span class='ocr_line' id='line_1_5' title="bbox 1834 601 3393 677; baseline 0.003 -16"><span class='ocrx_word' id='word_1_18' title='bbox 1834 606 2169 677; x_wconf 81' lang='lat' dir='ltr'><strong>cersitusque</strong></span> <span class='ocrx_word' id='word_1_19' title='bbox 2197 620 2227 659; x_wconf 90' lang='lat' dir='ltr'><strong>a</strong></span> <span class='ocrx_word' id='word_1_20' title='bbox 2256 612 2446 660; x_wconf 99' lang='lat' dir='ltr'><strong>senatu</strong></span> <span class='ocrx_word' id='word_1_21' title='bbox 2477 601 2713 661; x_wconf 78' lang='lat' dir='ltr'><strong>civitatis</strong></span> <span class='ocrx_word' id='word_1_22' title='bbox 2746 605 2908 663; x_wconf 78' lang='lat' dir='ltr'><strong>dicit:</strong></span> <span class='ocrx_word' id='word_1_23' title='bbox 2941 605 3078 664; x_wconf 82' lang='lat' dir='ltr'><strong>Nolo</strong></span> <span class='ocrx_word' id='word_1_24' title='bbox 3102 622 3223 666; x_wconf 88' lang='lat' dir='ltr'><strong>eam</strong></span> <span class='ocrx_word' id='word_1_25' title='bbox 3254 626 3393 667; x_wconf 79' lang='lat' dir='ltr'><strong>uxo-</strong></span> 
     </span>
    </p>
   </div>
   <div class='ocr_carea' id='block_1_6' title="bbox 171 697 1735 771">
    <p class='ocr_par' dir='ltr' id='par_1_6' title="bbox 171 697 1735 771">
     <span class='ocr_line' id='line_1_6' title="bbox 171 697 1735 771; baseline 0 -19"><span class='ocrx_word' id='word_1_26' title='bbox 171 699 446 771; x_wconf 85' lang='grc' dir='ltr'>γερουσίας</span> <span class='ocrx_word' id='word_1_27' title='bbox 493 699 592 770; x_wconf 83' lang='grc' dir='ltr'><strong>τῆς</strong></span> <span class='ocrx_word' id='word_1_28' title='bbox 642 700 850 763; x_wconf 84' lang='grc' dir='ltr'>πόλεως</span> <span class='ocrx_word' id='word_1_29' title='bbox 897 699 1076 767; x_wconf 78' lang='grc' dir='ltr'>λέγει’</span> <span class='ocrx_word' id='word_1_30' title='bbox 1128 699 1201 752; x_wconf 88' lang='grc' dir='ltr'>Οὑ</span> <span class='ocrx_word' id='word_1_31' title='bbox 1252 697 1508 769; x_wconf 74' lang='grc' dir='ltr'>βούλομαι</span> <span class='ocrx_word' id='word_1_32' title='bbox 1551 697 1735 752; x_wconf 79' lang='grc' dir='ltr'>λαϐεῖν</span> 
     </span>
    </p>
   </div>
   <div class='ocr_carea' id='block_1_7' title="bbox 169 788 1735 863">
    <p class='ocr_par' dir='ltr' id='par_1_7' title="bbox 169 788 1735 863">
     <span class='ocr_line' id='line_1_7' title="bbox 169 788 1735 863; baseline -0.004 -17"><span class='ocrx_word' id='word_1_33' title='bbox 169 792 346 861; x_wconf 76' lang='grc' dir='ltr'>αὐτὴν,</span> <span class='ocrx_word' id='word_1_34' title='bbox 388 792 482 844; x_wconf 78' lang='grc' dir='ltr'>καὶ</span> <span class='ocrx_word' id='word_1_35' title='bbox 519 792 807 863; x_wconf 81' lang='grc' dir='ltr'>ἅτιμοῦται</span> <span class='ocrx_word' id='word_1_36' title='bbox 839 791 1200 862; x_wconf 85' lang='grc' dir='ltr'>ὑπολυόμενος</span> <span class='ocrx_word' id='word_1_37' title='bbox 1228 791 1289 844; x_wconf 77' lang='grc' dir='ltr'><strong>τὸ</strong></span> <span class='ocrx_word' id='word_1_38' title='bbox 1324 789 1598 861; x_wconf 80' lang='grc' dir='ltr'><strong>ὑπόδημα,</strong></span> <span class='ocrx_word' id='word_1_39' title='bbox 1640 788 1735 840; x_wconf 77' lang='grc' dir='ltr'><strong>καὶ</strong></span> 
     </span>
    </p>
   </div>
   <div class='ocr_carea' id='block_1_8' title="bbox 168 880 1736 953">
    <p class='ocr_par' dir='ltr' id='par_1_8' title="bbox 168 880 1736 953">
     <span class='ocr_line' id='line_1_8' title="bbox 168 880 1736 953; baseline -0.001 -18"><span class='ocrx_word' id='word_1_40' title='bbox 168 882 459 953; x_wconf 77' lang='grc' dir='ltr'>ὲμπτὺεται</span> <span class='ocrx_word' id='word_1_41' title='bbox 498 884 580 947; x_wconf 87' lang='grc' dir='ltr'><strong>είς</strong></span> <span class='ocrx_word' id='word_1_42' title='bbox 620 881 681 935; x_wconf 78' lang='grc' dir='ltr'><strong>τὸ</strong></span> <span class='ocrx_word' id='word_1_43' title='bbox 726 883 1013 953; x_wconf 76' lang='grc' dir='ltr'>πρόσωπον</span> <span class='ocrx_word' id='word_1_44' title='bbox 1057 882 1162 935; x_wconf 85' lang='grc' dir='ltr'><strong>ὑπὸ</strong></span> <span class='ocrx_word' id='word_1_45' title='bbox 1204 882 1303 952; x_wconf 80' lang='grc' dir='ltr'>τῆς</span> <span class='ocrx_word' id='word_1_46' title='bbox 1337 880 1611 953; x_wconf 79' lang='grc' dir='ltr'>γυναικὸς,</span> <span class='ocrx_word' id='word_1_47' title='bbox 1643 880 1736 933; x_wconf 74' lang='grc' dir='ltr'><strong>καὶ</strong></span> 
     </span>
    </p>
   </div>
   <div class='ocr_carea' id='block_1_9' title="bbox 171 967 1733 1046">
    <p class='ocr_par' dir='ltr' id='par_1_9' title="bbox 171 967 1733 1046">
     <span class='ocr_line' id='line_1_9' title="bbox 171 967 1733 1046; baseline -0.002 -19"><span class='ocrx_word' id='word_1_48' title='bbox 171 973 607 1045; x_wconf 73' lang='grc' dir='ltr'>μετονομάζεται,</span> <span class='ocrx_word' id='word_1_49' title='bbox 644 975 731 1028; x_wconf 81' lang='grc' dir='ltr'>ἵνα</span> <span class='ocrx_word' id='word_1_50' title='bbox 776 976 837 1029; x_wconf 74' lang='grc' dir='ltr'>τὸ</span> <span class='ocrx_word' id='word_1_51' title='bbox 867 974 1038 1046; x_wconf 77' lang='grc' dir='ltr'>δνομα</span> <span class='ocrx_word' id='word_1_52' title='bbox 1075 973 1237 1027; x_wconf 81' lang='grc' dir='ltr'>αὑτοῦ</span> <span class='ocrx_word' id='word_1_53' title='bbox 1344 991 1362 1024; x_wconf 85' lang='grc' dir='ltr'><strong>ι</strong></span> <span class='ocrx_word' id='word_1_54' title='bbox 1404 975 1432 1026; x_wconf 87' lang='grc' dir='ltr'>ὁ</span> <span class='ocrx_word' id='word_1_55' title='bbox 1466 967 1613 1036; x_wconf 74' lang='grc' dir='ltr'>οἶκος</span> <span class='ocrx_word' id='word_1_56' title='bbox 1641 970 1733 1024; x_wconf 80' lang='grc' dir='ltr'><strong>τοῦ</strong></span> 
     </span>
    </p>
   </div>
   <div class='ocr_carea' id='block_1_10' title="bbox 167 1063 1730 1138">
    <p class='ocr_par' dir='ltr' id='par_1_10' title="bbox 167 1063 1730 1138">
     <span class='ocr_line' id='line_1_10' title="bbox 167 1063 1730 1138; baseline -0.002 -20"><span class='ocrx_word' id='word_1_57' title='bbox 167 1064 515 1129; x_wconf 82' lang='grc' dir='ltr'>ὑπολυθέντος</span> <span class='ocrx_word' id='word_1_58' title='bbox 558 1066 620 1119; x_wconf 76' lang='grc' dir='ltr'><strong>τὸ</strong></span> <span class='ocrx_word' id='word_1_59' title='bbox 654 1066 927 1138; x_wconf 78' lang='grc' dir='ltr'><strong>ὑπόδημα,</strong></span> <span class='ocrx_word' id='word_1_60' title='bbox 967 1086 983 1117; x_wconf 73' lang='grc' dir='ltr'><strong>ι</strong></span> <span class='ocrx_word' id='word_1_61' title='bbox 1021 1067 1142 1120; x_wconf 85' lang='grc' dir='ltr'>τότε</span> <span class='ocrx_word' id='word_1_62' title='bbox 1174 1065 1387 1133; x_wconf 81' lang='grc' dir='ltr'>λέγεται</span> <span class='ocrx_word' id='word_1_63' title='bbox 1415 1063 1730 1135; x_wconf 80' lang='grc' dir='ltr'>ἄνθρωπος·</span> 
     </span>
    </p>
   </div>
   <div class='ocr_carea' id='block_1_11' title="bbox 165 1153 1735 1228">
    <p class='ocr_par' dir='ltr' id='par_1_11' title="bbox 165 1153 1735 1228">
     <span class='ocr_line' id='line_1_11' title="bbox 165 1153 1735 1228; baseline -0.001 -20"><span class='ocrx_word' id='word_1_64' title='bbox 165 1157 317 1209; x_wconf 77' lang='grc' dir='ltr'>οἱονεὶ</span> <span class='ocrx_word' id='word_1_65' title='bbox 357 1155 466 1227; x_wconf 75' lang='grc' dir='ltr'><strong>γὰρ</strong></span> <span class='ocrx_word' id='word_1_66' title='bbox 499 1156 586 1209; x_wconf 77' lang='grc' dir='ltr'><strong>διὰ</strong></span> <span class='ocrx_word' id='word_1_67' title='bbox 618 1157 715 1228; x_wconf 76' lang='grc' dir='ltr'><strong>μὲν</strong></span> <span class='ocrx_word' id='word_1_68' title='bbox 745 1156 844 1226; x_wconf 79' lang='grc' dir='ltr'><strong>τῆς</strong></span> <span class='ocrx_word' id='word_1_69' title='bbox 879 1158 1161 1228; x_wconf 82' lang='grc' dir='ltr'><strong>τηρήσεως</strong></span> <span class='ocrx_word' id='word_1_70' title='bbox 1200 1155 1293 1209; x_wconf 82' lang='grc' dir='ltr'><strong>τοὺ</strong></span> <span class='ocrx_word' id='word_1_71' title='bbox 1326 1154 1491 1226; x_wconf 77' lang='grc' dir='ltr'>νόμου</span> <span class='ocrx_word' id='word_1_72' title='bbox 1521 1153 1735 1222; x_wconf 81' lang='grc' dir='ltr'><strong>ἐλέγετο</strong></span> 
     </span>
    </p>
   </div>
   <div class='ocr_carea' id='block_1_12' title="bbox 166 1238 1733 1314">
    <p class='ocr_par' dir='ltr' id='par_1_12' title="bbox 166 1238 1733 1314">
     <span class='ocr_line' id='line_1_12' title="bbox 166 1238 1733 1314; baseline 0 -17"><span class='ocrx_word' id='word_1_73' title='bbox 166 1244 302 1314; x_wconf 75' lang='grc' dir='ltr'>αὑτῷ</span> <span class='ocrx_word' id='word_1_74' title='bbox 343 1243 458 1297; x_wconf 66' lang='grc' dir='ltr'>τόθ’</span> <span class='ocrx_word' id='word_1_75' title='bbox 489 1264 509 1296; x_wconf 79' lang='grc' dir='ltr'><strong>ι</strong></span> <span class='ocrx_word' id='word_1_76' title='bbox 556 1245 697 1314; x_wconf 81' lang='grc' dir='ltr'><strong>Ἐγὼ</strong></span> <span class='ocrx_word' id='word_1_77' title='bbox 726 1242 873 1299; x_wconf 75' lang='grc' dir='ltr'>εἶπα·</span> <span class='ocrx_word' id='word_1_78' title='bbox 906 1246 1026 1299; x_wconf 85' lang='grc' dir='ltr'>Θεοί</span> <span class='ocrx_word' id='word_1_79' title='bbox 1062 1248 1183 1298; x_wconf 81' lang='grc' dir='ltr'>ἐστε</span> <span class='ocrx_word' id='word_1_80' title='bbox 1205 1262 1218 1275; x_wconf 91' lang='grc'><strong>·</strong></span> <span class='ocrx_word' id='word_1_81' title='bbox 1257 1265 1274 1296; x_wconf 74' lang='grc' dir='ltr'><strong>ι</strong></span> <span class='ocrx_word' id='word_1_82' title='bbox 1312 1244 1400 1297; x_wconf 71' lang='grc' dir='ltr'>διὰ</span> <span class='ocrx_word' id='word_1_83' title='bbox 1446 1238 1505 1297; x_wconf 69' lang='grc' dir='ltr'>δὲ</span> <span class='ocrx_word' id='word_1_84' title='bbox 1544 1244 1638 1297; x_wconf 76' lang='grc' dir='ltr'><strong>τοῦ</strong></span> <span class='ocrx_word' id='word_1_85' title='bbox 1666 1244 1733 1297; x_wconf 81' lang='grc' dir='ltr'>τὰ</span> 
     </span>
    </p>
   </div>
   <div class='ocr_carea' id='block_1_13' title="bbox 164 1336 1736 1408">
    <p class='ocr_par' dir='ltr' id='par_1_13' title="bbox 164 1336 1736 1408">
     <span class='ocr_line' id='line_1_13' title="bbox 164 1336 1736 1408; baseline 0 -19"><span class='ocrx_word' id='word_1_86' title='bbox 164 1338 378 1391; x_wconf 80' lang='grc' dir='ltr'>ἐναντία</span> <span class='ocrx_word' id='word_1_87' title='bbox 407 1336 485 1408; x_wconf 83' lang='grc' dir='ltr'>τῷ</span> <span class='ocrx_word' id='word_1_88' title='bbox 506 1337 656 1408; x_wconf 84' lang='grc' dir='ltr'>νόμῳ</span> <span class='ocrx_word' id='word_1_89' title='bbox 690 1341 884 1401; x_wconf 84' lang='grc' dir='ltr'>ποιεῖν,</span> <span class='ocrx_word' id='word_1_90' title='bbox 915 1338 1075 1391; x_wconf 75' lang='grc' dir='ltr'>οἱονεὶ</span> <span class='ocrx_word' id='word_1_91' title='bbox 1103 1336 1379 1408; x_wconf 75' lang='grc' dir='ltr'><strong>ἐλέγχεται</strong></span> <span class='ocrx_word' id='word_1_92' title='bbox 1408 1336 1512 1390; x_wconf 80' lang='grc' dir='ltr'><strong>ὑπὸ</strong></span> <span class='ocrx_word' id='word_1_93' title='bbox 1533 1336 1625 1389; x_wconf 81' lang='grc' dir='ltr'><strong>τοὺ</strong></span> <span class='ocrx_word' id='word_1_94' title='bbox 1649 1336 1736 1389; x_wconf 85' lang='grc' dir='ltr'>λό-</span> 
     </span>
    </p>
   </div>
   <div class='ocr_carea' id='block_1_14' title="bbox 163 1428 1735 1503">
    <p class='ocr_par' dir='ltr' id='par_1_14' title="bbox 163 1428 1735 1503">
     <span class='ocr_line' id='line_1_14' title="bbox 163 1428 1735 1503; baseline 0 -20"><span class='ocrx_word' id='word_1_95' title='bbox 163 1446 251 1498; x_wconf 84' lang='grc' dir='ltr'><strong>γου</strong></span> <span class='ocrx_word' id='word_1_96' title='bbox 285 1428 397 1500; x_wconf 84' lang='grc'><strong>(61)</strong></span> <span class='ocrx_word' id='word_1_97' title='bbox 441 1429 739 1498; x_wconf 79' lang='grc' dir='ltr'>φάσκοντος</span> <span class='ocrx_word' id='word_1_98' title='bbox 771 1430 905 1503; x_wconf 79' lang='grc' dir='ltr'>πρὸς</span> <span class='ocrx_word' id='word_1_99' title='bbox 935 1430 1095 1485; x_wconf 85' lang='grc' dir='ltr'>αὑτόν</span> <span class='ocrx_word' id='word_1_100' title='bbox 1114 1447 1128 1460; x_wconf 92' lang='grc'><strong>·</strong></span> <span class='ocrx_word' id='word_1_101' title='bbox 1164 1448 1183 1481; x_wconf 81' lang='grc' dir='ltr'><strong>ι</strong></span> <span class='ocrx_word' id='word_1_102' title='bbox 1225 1430 1413 1501; x_wconf 80' lang='grc' dir='ltr'>Ὑμεῖς</span> <span class='ocrx_word' id='word_1_103' title='bbox 1441 1428 1497 1481; x_wconf 83' lang='grc' dir='ltr'>δὲ</span> <span class='ocrx_word' id='word_1_104' title='bbox 1526 1429 1602 1493; x_wconf 84' lang='grc' dir='ltr'>ὡς</span> <span class='ocrx_word' id='word_1_105' title='bbox 1642 1428 1735 1483; x_wconf 83' lang='grc' dir='ltr'><strong>ἄν-</strong></span> 
     </span>
    </p>
   </div>
   <div class='ocr_carea' id='block_1_15' title="bbox 163 1521 1732 1595">
    <p class='ocr_par' dir='ltr' id='par_1_15' title="bbox 163 1521 1732 1595">
     <span class='ocr_line' id='line_1_15' title="bbox 163 1521 1732 1595; baseline 0 -21"><span class='ocrx_word' id='word_1_106' title='bbox 163 1522 364 1593; x_wconf 81' lang='grc' dir='ltr'>Θρωποι</span> <span class='ocrx_word' id='word_1_107' title='bbox 397 1521 786 1593; x_wconf 77' lang='grc' dir='ltr'>ἀποθνήσκετε.</span> <span class='ocrx_word' id='word_1_108' title='bbox 832 1542 850 1573; x_wconf 76' lang='grc' dir='ltr'><strong>ι</strong></span> <span class='ocrx_word' id='word_1_109' title='bbox 881 1524 991 1576; x_wconf 79' lang='lat' dir='ltr'><strong>Kal.</strong></span> <span class='ocrx_word' id='word_1_110' title='bbox 1018 1523 1254 1595; x_wconf 86' lang='grc' dir='ltr'>πρόσχες</span> <span class='ocrx_word' id='word_1_111' title='bbox 1280 1524 1327 1574; x_wconf 85' lang='grc' dir='ltr'><strong>εί</strong></span> <span class='ocrx_word' id='word_1_112' title='bbox 1356 1521 1575 1576; x_wconf 82' lang='grc' dir='ltr'>δύνασαι</span> <span class='ocrx_word' id='word_1_113' title='bbox 1606 1521 1732 1591; x_wconf 77' lang='grc' dir='ltr'>νοῆ-</span> 
     </span>
    </p>
   </div>
   <div class='ocr_carea' id='block_1_16' title="bbox 162 1612 1734 1686">
    <p class='ocr_par' dir='ltr' id='par_1_16' title="bbox 162 1612 1734 1686">
     <span class='ocr_line' id='line_1_16' title="bbox 162 1612 1734 1686; baseline 0.001 -21"><span class='ocrx_word' id='word_1_114' title='bbox 162 1629 245 1667; x_wconf 80' lang='grc' dir='ltr'><strong>σαι</strong></span> <span class='ocrx_word' id='word_1_115' title='bbox 274 1612 418 1683; x_wconf 72' lang='grc' dir='ltr'>μετὰ</span> <span class='ocrx_word' id='word_1_116' title='bbox 449 1613 539 1666; x_wconf 86' lang='grc' dir='ltr'><strong>τὸν</strong></span> <span class='ocrx_word' id='word_1_117' title='bbox 572 1613 798 1668; x_wconf 83' lang='grc' dir='ltr'>Θάνατον</span> <span class='ocrx_word' id='word_1_118' title='bbox 831 1615 933 1686; x_wconf 79' lang='grc' dir='ltr'>τῆς</span> <span class='ocrx_word' id='word_1_119' title='bbox 975 1614 1202 1686; x_wconf 79' lang='grc' dir='ltr'>ὲκδοχῆς</span> <span class='ocrx_word' id='word_1_120' title='bbox 1253 1613 1348 1667; x_wconf 76' lang='grc' dir='ltr'>τοῦ</span> <span class='ocrx_word' id='word_1_121' title='bbox 1406 1614 1734 1685; x_wconf 70' lang='grc' dir='ltr'><strong>γράμματος</strong></span> 
     </span>
    </p>
   </div>
   <div class='ocr_carea' id='block_1_17' title="bbox 159 1702 1733 1780">
    <p class='ocr_par' dir='ltr' id='par_1_17' title="bbox 159 1702 1733 1780">
     <span class='ocr_line' id='line_1_17' title="bbox 159 1702 1733 1780; baseline 0.001 -22"><span class='ocrx_word' id='word_1_122' title='bbox 159 1702 292 1760; x_wconf 84' lang='grc' dir='ltr'>εἶναι</span> <span class='ocrx_word' id='word_1_123' title='bbox 344 1706 508 1777; x_wconf 79' lang='grc' dir='ltr'>ἄλλην</span> <span class='ocrx_word' id='word_1_124' title='bbox 538 1708 766 1779; x_wconf 77' lang='grc' dir='ltr'><strong>ἐκδοχὴν</strong></span> <span class='ocrx_word' id='word_1_125' title='bbox 798 1708 890 1761; x_wconf 78' lang='grc' dir='ltr'>τοῦ</span> <span class='ocrx_word' id='word_1_126' title='bbox 924 1708 1111 1780; x_wconf 90' lang='grc' dir='ltr'>νόμου,</span> <span class='ocrx_word' id='word_1_127' title='bbox 1145 1708 1611 1780; x_wconf 81' lang='grc' dir='ltr'>διημαρτημένην,</span> <span class='ocrx_word' id='word_1_128' title='bbox 1640 1708 1733 1760; x_wconf 74' lang='grc' dir='ltr'><strong>καὶ</strong></span> 
     </span>
    </p>
   </div>
   <div class='ocr_carea' id='block_1_18' title="bbox 157 1799 1734 1871">
    <p class='ocr_par' dir='ltr' id='par_1_18' title="bbox 157 1799 1734 1871">
     <span class='ocr_line' id='line_1_18' title="bbox 157 1799 1734 1871; baseline 0.001 -20"><span class='ocrx_word' id='word_1_129' title='bbox 157 1799 211 1851; x_wconf 74' lang='grc' dir='ltr'>οὐ</span> <span class='ocrx_word' id='word_1_130' title='bbox 234 1800 629 1870; x_wconf 79' lang='grc' dir='ltr'>πνευματικὴν,</span> <span class='ocrx_word' id='word_1_131' title='bbox 658 1799 777 1852; x_wconf 77' lang='grc' dir='ltr'>οὑδὲ</span> <span class='ocrx_word' id='word_1_132' title='bbox 806 1800 1190 1870; x_wconf 83' lang='grc' dir='ltr'>ἀνεπίληπτον,</span> <span class='ocrx_word' id='word_1_133' title='bbox 1222 1799 1361 1871; x_wconf 82' lang='grc' dir='ltr'>πλὴν</span> <span class='ocrx_word' id='word_1_134' title='bbox 1388 1800 1487 1871; x_wconf 79' lang='grc' dir='ltr'><strong>τὴν</strong></span> <span class='ocrx_word' id='word_1_135' title='bbox 1521 1799 1734 1868; x_wconf 84' lang='grc' dir='ltr'>γένεσιν</span> 
     </span>
    </p>
   </div>
   <div class='ocr_carea' id='block_1_19' title="bbox 157 1889 1734 1964">
    <p class='ocr_par' dir='ltr' id='par_1_19' title="bbox 157 1889 1734 1964">
     <span class='ocr_line' id='line_1_19' title="bbox 157 1889 1734 1964; baseline 0.004 -24"><span class='ocrx_word' id='word_1_136' title='bbox 157 1889 382 1958; x_wconf 72' lang='grc' dir='ltr'>ἔχουσαν</span> <span class='ocrx_word' id='word_1_137' title='bbox 413 1891 806 1962; x_wconf 77' lang='grc' dir='ltr'>ἡμαρτημένην</span> <span class='ocrx_word' id='word_1_138' title='bbox 840 1891 958 1962; x_wconf 81' lang='grc' dir='ltr'>μὲν,</span> <span class='ocrx_word' id='word_1_139' title='bbox 992 1891 1099 1944; x_wconf 81' lang='grc' dir='ltr'>ἀπὸ</span> <span class='ocrx_word' id='word_1_140' title='bbox 1126 1891 1183 1945; x_wconf 83' lang='grc' dir='ltr'>δὲ</span> <span class='ocrx_word' id='word_1_141' title='bbox 1216 1891 1315 1962; x_wconf 82' lang='grc' dir='ltr'>τῆς</span> <span class='ocrx_word' id='word_1_142' title='bbox 1340 1892 1594 1964; x_wconf 75' lang='grc' dir='ltr'><strong>ἀφορμῆς</strong></span> <span class='ocrx_word' id='word_1_143' title='bbox 1625 1892 1734 1947; x_wconf 79' lang='grc' dir='ltr'><strong>τῶν</strong></span> 
     </span>
    </p>
   </div>
   <div class='ocr_carea' id='block_1_20' title="bbox 1838 695 3410 771">
    <p class='ocr_par' dir='ltr' id='par_1_20' title="bbox 1838 695 3410 771">
     <span class='ocr_line' id='line_1_20' title="bbox 1838 695 3410 771; baseline 0.004 -20"><span class='ocrx_word' id='word_1_144' title='bbox 1838 713 1950 751; x_wconf 89' lang='lat' dir='ltr'><strong>rem</strong></span> <span class='ocrx_word' id='word_1_145' title='bbox 1982 698 2247 767; x_wconf 90' lang='lat' dir='ltr'><strong>accipere,</strong></span> <span class='ocrx_word' id='word_1_146' title='bbox 2281 703 2335 751; x_wconf 89' lang='lat' dir='ltr'><strong>et</strong></span> <span class='ocrx_word' id='word_1_147' title='bbox 2358 695 2728 753; x_wconf 86' lang='lat' dir='ltr'><strong>calceamento</strong></span> <span class='ocrx_word' id='word_1_148' title='bbox 2751 706 2948 754; x_wconf 82' lang='lat' dir='ltr'><strong>exutus</strong></span> <span class='ocrx_word' id='word_1_149' title='bbox 2980 698 3277 771; x_wconf 80' lang='lat' dir='ltr'><strong>ignominia</strong></span> <span class='ocrx_word' id='word_1_150' title='bbox 3309 717 3410 757; x_wconf 76' lang='lat' dir='ltr'><strong>no—</strong></span> 
     </span>
    </p>
   </div>
   <div class='ocr_carea' id='block_1_21' title="bbox 1837 786 3410 857">
    <p class='ocr_par' dir='ltr' id='par_1_21' title="bbox 1837 786 3410 857">
     <span class='ocr_line' id='line_1_21' title="bbox 1837 786 3410 857; baseline 0.002 -14"><span class='ocrx_word' id='word_1_151' title='bbox 1837 797 2000 853; x_wconf 81' lang='lat' dir='ltr'><strong>tatur,</strong></span> <span class='ocrx_word' id='word_1_152' title='bbox 2024 797 2079 843; x_wconf 88' lang='lat' dir='ltr'><strong>et</strong></span> <span class='ocrx_word' id='word_1_153' title='bbox 2100 790 2152 842; x_wconf 90' lang='lat' dir='ltr'><strong>in</strong></span> <span class='ocrx_word' id='word_1_154' title='bbox 2180 786 2372 842; x_wconf 81' lang='lat' dir='ltr'><strong>faciem</strong></span> <span class='ocrx_word' id='word_1_155' title='bbox 2401 788 2723 857; x_wconf 87' lang='lat' dir='ltr'><strong>conspuitur</strong></span> <span class='ocrx_word' id='word_1_156' title='bbox 2748 804 2780 843; x_wconf 91' lang='lat' dir='ltr'><strong>a</strong></span> <span class='ocrx_word' id='word_1_157' title='bbox 2802 788 3050 853; x_wconf 82' lang='lat' dir='ltr'><strong>muliere,</strong></span> <span class='ocrx_word' id='word_1_158' title='bbox 3077 799 3132 844; x_wconf 90' lang='lat' dir='ltr'><strong>et</strong></span> <span class='ocrx_word' id='word_1_159' title='bbox 3156 801 3410 848; x_wconf 89' lang='lat' dir='ltr'><strong>transno-</strong></span> 
     </span>
    </p>
   </div>
   <div class='ocr_carea' id='block_1_22' title="bbox 1836 880 3405 952">
    <p class='ocr_par' dir='ltr' id='par_1_22' title="bbox 1836 880 3405 952">
     <span class='ocr_line' id='line_1_22' title="bbox 1836 880 3405 952; baseline 0.003 -17"><span class='ocrx_word' id='word_1_160' title='bbox 1836 881 2094 947; x_wconf 88' lang='lat' dir='ltr'><strong>minatur,</strong></span> <span class='ocrx_word' id='word_1_161' title='bbox 2121 889 2181 935; x_wconf 90' lang='lat' dir='ltr'><strong>ut</strong></span> <span class='ocrx_word' id='word_1_162' title='bbox 2209 895 2405 934; x_wconf 82' lang='lat' dir='ltr'><strong>nomen</strong></span> <span class='ocrx_word' id='word_1_163' title='bbox 2440 880 2585 936; x_wconf 89' lang='lat' dir='ltr'><strong>illius</strong></span> <span class='ocrx_word' id='word_1_164' title='bbox 2610 881 2700 947; x_wconf 86' lang='lat' dir='ltr'><strong>sit,</strong></span> <span class='ocrx_word' id='word_1_165' title='bbox 2739 900 2758 934; x_wconf 80' lang='grc' dir='ltr'><strong>ι</strong></span> <span class='ocrx_word' id='word_1_166' title='bbox 2794 882 2990 937; x_wconf 87' lang='lat' dir='ltr'><strong>domus</strong></span> <span class='ocrx_word' id='word_1_167' title='bbox 3019 881 3353 952; x_wconf 89' lang='lat' dir='ltr'><strong>discalceati,</strong></span> <span class='ocrx_word' id='word_1_168' title='bbox 3382 902 3405 939; x_wconf 73' lang='grc' dir='ltr'><strong>ι</strong></span> 
     </span>
    </p>
   </div>
   <div class='ocr_carea' id='block_1_23' title="bbox 1834 971 3413 1045">
    <p class='ocr_par' dir='ltr' id='par_1_23' title="bbox 1834 971 3413 1045">
     <span class='ocr_line' id='line_1_23' title="bbox 1834 971 3413 1045; baseline 0.003 -16"><span class='ocrx_word' id='word_1_169' title='bbox 1834 981 1964 1029; x_wconf 90' lang='lat' dir='ltr'><strong>tunc</strong></span> <span class='ocrx_word' id='word_1_170' title='bbox 1992 975 2264 1028; x_wconf 83' lang='lat' dir='ltr'><strong>hominem</strong></span> <span class='ocrx_word' id='word_1_171' title='bbox 2298 971 2468 1027; x_wconf 87' lang='lat' dir='ltr'><strong>fuisse</strong></span> <span class='ocrx_word' id='word_1_172' title='bbox 2494 973 2845 1044; x_wconf 88' lang='lat' dir='ltr'><strong>appellatum.</strong></span> <span class='ocrx_word' id='word_1_173' title='bbox 2871 972 3008 1029; x_wconf 89' lang='lat' dir='ltr'><strong>Nam</strong></span> <span class='ocrx_word' id='word_1_174' title='bbox 3033 982 3255 1044; x_wconf 81' lang='lat' dir='ltr'><strong>propter</strong></span> <span class='ocrx_word' id='word_1_175' title='bbox 3276 974 3413 1045; x_wconf 78' lang='lat' dir='ltr'><strong>legis</strong></span> 
     </span>
    </p>
   </div>
   <div class='ocr_carea' id='block_1_24' title="bbox 1835 1064 3412 1137">
    <p class='ocr_par' dir='ltr' id='par_1_24' title="bbox 1835 1064 3412 1137">
     <span class='ocr_line' id='line_1_24' title="bbox 1835 1064 3412 1137; baseline 0.001 -18"><span class='ocrx_word' id='word_1_176' title='bbox 1835 1065 2292 1128; x_wconf 82' lang='lat' dir='ltr'><strong>observationem,</strong></span> <span class='ocrx_word' id='word_1_177' title='bbox 2337 1064 2495 1134; x_wconf 89' lang='lat' dir='ltr'><strong>quasi</strong></span> <span class='ocrx_word' id='word_1_178' title='bbox 2540 1064 2594 1120; x_wconf 61' lang='lat' dir='ltr'><strong>iul</strong></span> <span class='ocrx_word' id='word_1_179' title='bbox 2644 1065 2722 1120; x_wconf 88' lang='lat' dir='ltr'><strong>illi</strong></span> <span class='ocrx_word' id='word_1_180' title='bbox 2771 1066 3057 1122; x_wconf 81' lang='lat' dir='ltr'><strong>dicebatur</strong></span> <span class='ocrx_word' id='word_1_181' title='bbox 3095 1066 3177 1121; x_wconf 72' lang='grc' dir='ltr'>¹³ι</span> <span class='ocrx_word' id='word_1_182' title='bbox 3228 1082 3248 1119; x_wconf 78' lang='grc' dir='ltr'><strong>ι</strong></span> <span class='ocrx_word' id='word_1_183' title='bbox 3297 1065 3412 1137; x_wconf 80' lang='lat' dir='ltr'><strong>Ego</strong></span> 
     </span>
    </p>
   </div>
   <div class='ocr_carea' id='block_1_25' title="bbox 1835 1156 3411 1232">
    <p class='ocr_par' dir='ltr' id='par_1_25' title="bbox 1835 1156 3411 1232">
     <span class='ocr_line' id='line_1_25' title="bbox 1835 1156 3411 1232; baseline 0.001 -20"><span class='ocrx_word' id='word_1_184' title='bbox 1835 1158 1985 1212; x_wconf 78' lang='lat' dir='ltr'><strong>dixi:</strong></span> <span class='ocrx_word' id='word_1_185' title='bbox 2019 1156 2101 1212; x_wconf 86' lang='lat' dir='ltr'><strong>Dii</strong></span> <span class='ocrx_word' id='word_1_186' title='bbox 2144 1160 2579 1232; x_wconf 63' lang='lat' dir='ltr'><strong>estlsppropter</strong></span> <span class='ocrx_word' id='word_1_187' title='bbox 2627 1174 2715 1215; x_wconf 90' lang='lat' dir='ltr'><strong>res</strong></span> <span class='ocrx_word' id='word_1_188' title='bbox 2761 1167 2942 1214; x_wconf 82' lang='lat' dir='ltr'><strong>autem</strong></span> <span class='ocrx_word' id='word_1_189' title='bbox 2992 1165 3182 1213; x_wconf 88' lang='lat' dir='ltr'><strong>contra</strong></span> <span class='ocrx_word' id='word_1_190' title='bbox 3233 1158 3411 1230; x_wconf 80' lang='lat' dir='ltr'><strong>legem</strong></span> 
     </span>
    </p>
   </div>
   <div class='ocr_carea' id='block_1_26' title="bbox 1835 1250 3413 1325">
    <p class='ocr_par' dir='ltr' id='par_1_26' title="bbox 1835 1250 3413 1325">
     <span class='ocr_line' id='line_1_26' title="bbox 1835 1250 3413 1325; baseline 0 -20"><span class='ocrx_word' id='word_1_191' title='bbox 1835 1256 2031 1321; x_wconf 75' lang='lat' dir='ltr'><strong>gestas,</strong></span> <span class='ocrx_word' id='word_1_192' title='bbox 2083 1253 2240 1324; x_wconf 86' lang='lat' dir='ltr'><strong>quasi</strong></span> <span class='ocrx_word' id='word_1_193' title='bbox 2296 1254 2714 1325; x_wconf 84' lang='lat' dir='ltr'><strong>reprehenditur</strong></span> <span class='ocrx_word' id='word_1_194' title='bbox 2753 1267 2784 1307; x_wconf 91' lang='lat' dir='ltr'><strong>a</strong></span> <span class='ocrx_word' id='word_1_195' title='bbox 2839 1250 3122 1322; x_wconf 85' lang='lat' dir='ltr'><strong>Scriptura</strong></span> <span class='ocrx_word' id='word_1_196' title='bbox 3171 1250 3274 1322; x_wconf 92' lang='lat' dir='ltr'><strong>ipsi</strong></span> <span class='ocrx_word' id='word_1_197' title='bbox 3323 1250 3413 1305; x_wconf 85' lang='lat' dir='ltr'><strong>di-</strong></span> 
     </span>
    </p>
   </div>
   <div class='ocr_carea' id='block_1_27' title="bbox 1834 1342 3407 1403">
    <p class='ocr_par' dir='ltr' id='par_1_27' title="bbox 1834 1342 3407 1403">
     <span class='ocr_line' id='line_1_27' title="bbox 1834 1342 3407 1403; baseline -0.004 -1"><span class='ocrx_word' id='word_1_198' title='bbox 1834 1356 1990 1402; x_wconf 90' lang='lat' dir='ltr'><strong>cente</strong></span> <span class='ocrx_word' id='word_1_199' title='bbox 2022 1346 2103 1397; x_wconf 69' lang='lat' dir='ltr'>“z</span> <span class='ocrx_word' id='word_1_200' title='bbox 2142 1365 2160 1398; x_wconf 84' lang='lat'><strong>(</strong></span> <span class='ocrx_word' id='word_1_201' title='bbox 2196 1345 2307 1402; x_wconf 85' lang='lat' dir='ltr'><strong>Vos</strong></span> <span class='ocrx_word' id='word_1_202' title='bbox 2339 1356 2518 1402; x_wconf 89' lang='lat' dir='ltr'><strong>autem</strong></span> <span class='ocrx_word' id='word_1_203' title='bbox 2552 1347 2696 1403; x_wconf 84' lang='lat' dir='ltr'><strong>sicut</strong></span> <span class='ocrx_word' id='word_1_204' title='bbox 2726 1344 2977 1400; x_wconf 83' lang='lat' dir='ltr'><strong>homines</strong></span> <span class='ocrx_word' id='word_1_205' title='bbox 3015 1342 3350 1401; x_wconf 85' lang='lat' dir='ltr'><strong>moriemini.</strong></span> <span class='ocrx_word' id='word_1_206' title='bbox 3385 1359 3407 1396; x_wconf 74' lang='grc' dir='ltr'><strong>ι</strong></span> 
     </span>
    </p>
   </div>
   <div class='ocr_carea' id='block_1_28' title="bbox 1833 1433 3415 1508">
    <p class='ocr_par' dir='ltr' id='par_1_28' title="bbox 1833 1433 3415 1508">
     <span class='ocr_line' id='line_1_28' title="bbox 1833 1433 3415 1508; baseline 0.001 -18"><span class='ocrx_word' id='word_1_207' title='bbox 1833 1433 2063 1491; x_wconf 80' lang='lat' dir='ltr'><strong>Attende</strong></span> <span class='ocrx_word' id='word_1_208' title='bbox 2092 1452 2255 1507; x_wconf 89' lang='lat' dir='ltr'><strong>porro</strong></span> <span class='ocrx_word' id='word_1_209' title='bbox 2280 1438 2450 1508; x_wconf 81' lang='lat'><strong>818</strong></span> <span class='ocrx_word' id='word_1_210' title='bbox 2480 1454 2547 1493; x_wconf 86' lang='lat' dir='ltr'><strong>an</strong></span> <span class='ocrx_word' id='word_1_211' title='bbox 2583 1446 2706 1508; x_wconf 88' lang='lat' dir='ltr'><strong>post</strong></span> <span class='ocrx_word' id='word_1_212' title='bbox 2733 1436 2984 1492; x_wconf 85' lang='lat' dir='ltr'><strong>litteralis</strong></span> <span class='ocrx_word' id='word_1_213' title='bbox 3010 1435 3415 1507; x_wconf 85' lang='lat' dir='ltr'><strong>interpretatio-</strong></span> 
     </span>
    </p>
   </div>
   <div class='ocr_carea' id='block_1_29' title="bbox 1835 1528 3414 1601">
    <p class='ocr_par' dir='ltr' id='par_1_29' title="bbox 1835 1528 3414 1601">
     <span class='ocr_line' id='line_1_29' title="bbox 1835 1528 3414 1601; baseline 0.001 -19"><span class='ocrx_word' id='word_1_214' title='bbox 1835 1531 1921 1583; x_wconf 89' lang='lat' dir='ltr'><strong>nis</strong></span> <span class='ocrx_word' id='word_1_215' title='bbox 1963 1539 2226 1594; x_wconf 88' lang='lat' dir='ltr'><strong>mortcm,</strong></span> <span class='ocrx_word' id='word_1_216' title='bbox 2273 1530 2436 1584; x_wconf 90' lang='lat' dir='ltr'><strong>aliam</strong></span> <span class='ocrx_word' id='word_1_217' title='bbox 2484 1530 2620 1601; x_wconf 81' lang='lat' dir='ltr'><strong>legis</strong></span> <span class='ocrx_word' id='word_1_218' title='bbox 2666 1528 3174 1599; x_wconf 80' lang='lat' dir='ltr'><strong>interpretationem</strong></span> <span class='ocrx_word' id='word_1_219' title='bbox 3229 1537 3414 1584; x_wconf 84' lang='lat' dir='ltr'><strong>mente</strong></span> 
     </span>
    </p>
   </div>
   <div class='ocr_carea' id='block_1_30' title="bbox 1834 1621 3414 1693">
    <p class='ocr_par' dir='ltr' id='par_1_30' title="bbox 1834 1621 3414 1693">
     <span class='ocr_line' id='line_1_30' title="bbox 1834 1621 3414 1693; baseline 0.001 -18"><span class='ocrx_word' id='word_1_220' title='bbox 1834 1621 2013 1691; x_wconf 88' lang='lat' dir='ltr'><strong>possis</strong></span> <span class='ocrx_word' id='word_1_221' title='bbox 2041 1622 2354 1693; x_wconf 82' lang='lat' dir='ltr'><strong>concipere,</strong></span> <span class='ocrx_word' id='word_1_222' title='bbox 2390 1622 2669 1677; x_wconf 86' lang='lat' dir='ltr'><strong>erroribus</strong></span> <span class='ocrx_word' id='word_1_223' title='bbox 2702 1621 3047 1692; x_wconf 81' lang='lat' dir='ltr'><strong>implici:am,</strong></span> <span class='ocrx_word' id='word_1_224' title='bbox 3082 1637 3260 1692; x_wconf 88' lang='lat' dir='ltr'><strong>neque</strong></span> <span class='ocrx_word' id='word_1_225' title='bbox 3298 1621 3414 1692; x_wconf 87' lang='lat' dir='ltr'><strong>spi-</strong></span> 
     </span>
    </p>
   </div>
   <div class='ocr_carea' id='block_1_31' title="bbox 1833 1714 3411 1787">
    <p class='ocr_par' dir='ltr' id='par_1_31' title="bbox 1833 1714 3411 1787">
     <span class='ocr_line' id='line_1_31' title="bbox 1833 1714 3411 1787; baseline 0.002 -21"><span class='ocrx_word' id='word_1_226' title='bbox 1833 1714 2107 1779; x_wconf 86' lang='lat' dir='ltr'><strong>ritualem,</strong></span> <span class='ocrx_word' id='word_1_227' title='bbox 2166 1730 2343 1786; x_wconf 88' lang='lat' dir='ltr'><strong>neque</strong></span> <span class='ocrx_word' id='word_1_228' title='bbox 2387 1715 2742 1787; x_wconf 86' lang='lat' dir='ltr'><strong>inculpatam,</strong></span> <span class='ocrx_word' id='word_1_229' title='bbox 2799 1723 3179 1770; x_wconf 80' lang='lat' dir='ltr'><strong>verumtamen</strong></span> <span class='ocrx_word' id='word_1_230' title='bbox 3230 1724 3411 1770; x_wconf 88' lang='lat' dir='ltr'><strong>ortum</strong></span> 
     </span>
    </p>
   </div>
   <div class='ocr_carea' id='block_1_32' title="bbox 1835 1805 3414 1878">
    <p class='ocr_par' dir='ltr' id='par_1_32' title="bbox 1835 1805 3414 1878">
     <span class='ocr_line' id='line_1_32' title="bbox 1835 1805 3414 1878; baseline 0.003 -19"><span class='ocrx_word' id='word_1_231' title='bbox 1835 1805 2123 1861; x_wconf 88' lang='lat' dir='ltr'><strong>habentem</strong></span> <span class='ocrx_word' id='word_1_232' title='bbox 2154 1808 2434 1863; x_wconf 87' lang='lat' dir='ltr'><strong>erroribus</strong></span> <span class='ocrx_word' id='word_1_233' title='bbox 2473 1808 2691 1878; x_wconf 89' lang='lat' dir='ltr'><strong>quidem</strong></span> <span class='ocrx_word' id='word_1_234' title='bbox 2738 1808 3060 1873; x_wconf 85' lang='lat' dir='ltr'><strong>involutum,</strong></span> <span class='ocrx_word' id='word_1_235' title='bbox 3092 1806 3186 1862; x_wconf 90' lang='lat' dir='ltr'><strong>sed</strong></span> <span class='ocrx_word' id='word_1_236' title='bbox 3225 1807 3296 1861; x_wconf 87' lang='lat' dir='ltr'><strong>ab</strong></span> <span class='ocrx_word' id='word_1_237' title='bbox 3343 1806 3414 1863; x_wconf 84' lang='lat' dir='ltr'><strong>iis</strong></span> 
     </span>
    </p>
   </div>
   <div class='ocr_carea' id='block_1_33' title="bbox 1836 1899 3415 1970">
    <p class='ocr_par' dir='ltr' id='par_1_33' title="bbox 1836 1899 3415 1970">
     <span class='ocr_line' id='line_1_33' title="bbox 1836 1899 3415 1970; baseline 0.001 -17"><span class='ocrx_word' id='word_1_238' title='bbox 1836 1907 2017 1953; x_wconf 87' lang='lat' dir='ltr'><strong>tamen</strong></span> <span class='ocrx_word' id='word_1_239' title='bbox 2063 1915 2184 1969; x_wconf 67' lang='lat' dir='ltr'><strong>quae</strong></span> <span class='ocrx_word' id='word_1_240' title='bbox 2226 1900 2280 1953; x_wconf 93' lang='lat' dir='ltr'><strong>in</strong></span> <span class='ocrx_word' id='word_1_241' title='bbox 2327 1900 2441 1969; x_wconf 73' lang='lat' dir='ltr'><strong>lege</strong></span> <span class='ocrx_word' id='word_1_242' title='bbox 2472 1900 2676 1970; x_wconf 86' lang='lat' dir='ltr'><strong>scripta</strong></span> <span class='ocrx_word' id='word_1_243' title='bbox 2710 1909 2837 1955; x_wconf 92' lang='lat' dir='ltr'><strong>sunt</strong></span> <span class='ocrx_word' id='word_1_244' title='bbox 2877 1899 3203 1970; x_wconf 81' lang='lat' dir='ltr'><strong>profectum,</strong></span> <span class='ocrx_word' id='word_1_245' title='bbox 3234 1913 3415 1969; x_wconf 82' lang='lat' dir='ltr'><strong>neque</strong></span> 
     </span>
    </p>
   </div>
   <div class='ocr_carea' id='block_1_34' title="bbox 157 1974 1733 2063">
    <p class='ocr_par' dir='ltr' id='par_1_34' title="bbox 157 1979 1733 2053">
     <span class='ocr_line' id='line_1_34' title="bbox 157 1979 1733 2053; baseline 0.003 -22"><span class='ocrx_word' id='word_1_246' title='bbox 157 1980 209 2033; x_wconf 82' lang='grc' dir='ltr'><strong>ἐν</strong></span> <span class='ocrx_word' id='word_1_247' title='bbox 250 1979 334 2050; x_wconf 80' lang='grc' dir='ltr'>τῷ</span> <span class='ocrx_word' id='word_1_248' title='bbox 363 1980 511 2051; x_wconf 80' lang='grc' dir='ltr'>νόμῳ</span> <span class='ocrx_word' id='word_1_249' title='bbox 551 1981 950 2052; x_wconf 74' lang='grc' dir='ltr'><strong>γεγραμμένων</strong></span> <span class='ocrx_word' id='word_1_250' title='bbox 982 1980 1302 2053; x_wconf 71' lang='grc' dir='ltr'>ἐρχομένην,</span> <span class='ocrx_word' id='word_1_251' title='bbox 1337 1982 1430 2034; x_wconf 74' lang='grc' dir='ltr'><strong>καὶ</strong></span> <span class='ocrx_word' id='word_1_252' title='bbox 1457 1981 1517 2034; x_wconf 89' lang='grc' dir='ltr'>οὑ</span> <span class='ocrx_word' id='word_1_253' title='bbox 1552 1980 1733 2051; x_wconf 87' lang='grc' dir='ltr'>βουλο-</span> 
     </span>
    </p>
   </div>
   <div class='ocr_carea' id='block_1_35' title="bbox 1834 1974 3414 2063">
    <p class='ocr_par' dir='ltr' id='par_1_35' title="bbox 1835 1990 3414 2063">
     <span class='ocr_line' id='line_1_35' title="bbox 1835 1990 3414 2063; baseline 0 -18"><span class='ocrx_word' id='word_1_254' title='bbox 1835 1990 2021 2046; x_wconf 88' lang='lat' dir='ltr'><strong>fratris</strong></span> <span class='ocrx_word' id='word_1_255' title='bbox 2052 1991 2137 2047; x_wconf 89' lang='lat' dir='ltr'><strong>sui</strong></span> <span class='ocrx_word' id='word_1_256' title='bbox 2185 2007 2382 2047; x_wconf 89' lang='lat' dir='ltr'><strong>nomen</strong></span> <span class='ocrx_word' id='word_1_257' title='bbox 2415 1990 2681 2048; x_wconf 81' lang='lat' dir='ltr'><strong>suscitare</strong></span> <span class='ocrx_word' id='word_1_258' title='bbox 2714 1992 3004 2058; x_wconf 90' lang='lat' dir='ltr'><strong>volentem,</strong></span> <span class='ocrx_word' id='word_1_259' title='bbox 3036 1999 3093 2048; x_wconf 90' lang='lat' dir='ltr'><strong>et</strong></span> <span class='ocrx_word' id='word_1_260' title='bbox 3141 1991 3274 2063; x_wconf 85' lang='lat' dir='ltr'><strong>legis</strong></span> <span class='ocrx_word' id='word_1_261' title='bbox 3313 2004 3414 2045; x_wconf 81' lang='lat' dir='ltr'><strong>no-</strong></span> 
     </span>
    </p>
   </div>
   <div class='ocr_carea' id='block_1_36' title="bbox 158 2069 1731 2143">
    <p class='ocr_par' dir='ltr' id='par_1_36' title="bbox 158 2069 1731 2143">
     <span class='ocr_line' id='line_1_36' title="bbox 158 2069 1731 2143; baseline 0.001 -20"><span class='ocrx_word' id='word_1_262' title='bbox 158 2069 321 2140; x_wconf 77' lang='grc' dir='ltr'>μένην</span> <span class='ocrx_word' id='word_1_263' title='bbox 358 2071 659 2142; x_wconf 77' lang='grc' dir='ltr'>ἀναστῆσαι</span> <span class='ocrx_word' id='word_1_264' title='bbox 696 2071 757 2125; x_wconf 85' lang='grc' dir='ltr'><strong>τὸ</strong></span> <span class='ocrx_word' id='word_1_265' title='bbox 792 2070 962 2143; x_wconf 79' lang='grc' dir='ltr'>δνομα</span> <span class='ocrx_word' id='word_1_266' title='bbox 1003 2072 1096 2125; x_wconf 77' lang='grc' dir='ltr'><strong>τοῦ</strong></span> <span class='ocrx_word' id='word_1_267' title='bbox 1138 2071 1364 2141; x_wconf 62' lang='grc' dir='ltr'>ἀδελφοῦ</span> <span class='ocrx_word' id='word_1_268' title='bbox 1407 2072 1603 2135; x_wconf 81' lang='grc' dir='ltr'>αὐτῶν,</span> <span class='ocrx_word' id='word_1_269' title='bbox 1638 2073 1731 2124; x_wconf 66' lang='grc' dir='ltr'><strong>καὶ⁸</strong></span> 
     </span>
    </p>
   </div>
   <div class='ocr_carea' id='block_1_37' title="bbox 162 2161 1733 2235">
    <p class='ocr_par' dir='ltr' id='par_1_37' title="bbox 162 2161 1733 2235">
     <span class='ocr_line' id='line_1_37' title="bbox 162 2161 1733 2235; baseline 0.002 -22"><span class='ocrx_word' id='word_1_270' title='bbox 162 2162 382 2231; x_wconf 71' lang='grc' dir='ltr'>τιμῆσαι</span> <span class='ocrx_word' id='word_1_271' title='bbox 409 2162 468 2215; x_wconf 73' lang='grc' dir='ltr'>τὸ</span> <span class='ocrx_word' id='word_1_272' title='bbox 507 2161 678 2233; x_wconf 72' lang='grc' dir='ltr'>ὄνομα</span> <span class='ocrx_word' id='word_1_273' title='bbox 709 2161 803 2215; x_wconf 79' lang='grc' dir='ltr'>τοῦ</span> <span class='ocrx_word' id='word_1_274' title='bbox 846 2163 1033 2234; x_wconf 81' lang='grc' dir='ltr'>νόμου.</span> <span class='ocrx_word' id='word_1_275' title='bbox 1067 2164 1141 2216; x_wconf 86' lang='grc' dir='ltr'><strong>Οὐ</strong></span> <span class='ocrx_word' id='word_1_276' title='bbox 1176 2162 1423 2234; x_wconf 87' lang='grc' dir='ltr'>βούλεται</span> <span class='ocrx_word' id='word_1_277' title='bbox 1472 2163 1528 2216; x_wconf 86' lang='grc' dir='ltr'>δὲ</span> <span class='ocrx_word' id='word_1_278' title='bbox 1561 2166 1594 2235; x_wconf 83' lang='grc' dir='ltr'>ἡ</span> <span class='ocrx_word' id='word_1_279' title='bbox 1623 2181 1733 2217; x_wconf 87' lang='grc' dir='ltr'>τοι-</span> 
     </span>
    </p>
   </div>
   <div class='ocr_carea' id='block_1_38' title="bbox 156 2254 1729 2328">
    <p class='ocr_par' dir='ltr' id='par_1_38' title="bbox 156 2254 1729 2328">
     <span class='ocr_line' id='line_1_38' title="bbox 156 2254 1729 2328; baseline 0.002 -21"><span class='ocrx_word' id='word_1_280' title='bbox 156 2254 282 2327; x_wconf 72' lang='grc' dir='ltr'>αύτη</span> <span class='ocrx_word' id='word_1_281' title='bbox 340 2254 532 2327; x_wconf 78' lang='grc' dir='ltr'>ἐκδοχὴ</span> <span class='ocrx_word' id='word_1_282' title='bbox 582 2254 917 2327; x_wconf 76' lang='grc' dir='ltr'>παραλαϐεῖν</span> <span class='ocrx_word' id='word_1_283' title='bbox 963 2257 1061 2328; x_wconf 80' lang='grc' dir='ltr'>τὴν</span> <span class='ocrx_word' id='word_1_284' title='bbox 1105 2258 1338 2324; x_wconf 87' lang='grc' dir='ltr'>γυναῖκα</span> <span class='ocrx_word' id='word_1_285' title='bbox 1364 2256 1458 2309; x_wconf 84' lang='grc' dir='ltr'><strong>τοῦ</strong></span> <span class='ocrx_word' id='word_1_286' title='bbox 1500 2256 1729 2326; x_wconf 69' lang='grc' dir='ltr'>ἀδελφοῦ</span> 
     </span>
    </p>
   </div>
   <div class='ocr_carea' id='block_1_39' title="bbox 154 2347 1732 2422">
    <p class='ocr_par' dir='ltr' id='par_1_39' title="bbox 154 2347 1732 2422">
     <span class='ocr_line' id='line_1_39' title="bbox 154 2347 1732 2422; baseline 0.001 -21"><span class='ocrx_word' id='word_1_287' title='bbox 154 2348 340 2414; x_wconf 77' lang='grc' dir='ltr'>αὑτοῦ,</span> <span class='ocrx_word' id='word_1_288' title='bbox 368 2348 544 2421; x_wconf 76' lang='grc' dir='ltr'>ψυχήν</span> <span class='ocrx_word' id='word_1_289' title='bbox 564 2365 579 2380; x_wconf 76' lang='grc' dir='ltr'><strong><em>ο</em></strong></span> <span class='ocrx_word' id='word_1_290' title='bbox 615 2348 735 2403; x_wconf 83' lang='grc' dir='ltr'>οὑδὲ</span> <span class='ocrx_word' id='word_1_291' title='bbox 762 2348 870 2422; x_wconf 84' lang='grc' dir='ltr'>γὰρ</span> <span class='ocrx_word' id='word_1_292' title='bbox 910 2348 1053 2403; x_wconf 80' lang='grc' dir='ltr'>θέλει</span> <span class='ocrx_word' id='word_1_293' title='bbox 1083 2351 1502 2422; x_wconf 78' lang='grc' dir='ltr'>καρποφορῆσαι</span> <span class='ocrx_word' id='word_1_294' title='bbox 1535 2351 1628 2404; x_wconf 79' lang='grc' dir='ltr'><strong>ἐπὶ</strong></span> <span class='ocrx_word' id='word_1_295' title='bbox 1654 2347 1732 2420; x_wconf 80' lang='grc' dir='ltr'><strong>τῷ</strong></span> 
     </span>
    </p>
   </div>
   <div class='ocr_carea' id='block_1_40' title="bbox 155 2440 1731 2514">
    <p class='ocr_par' dir='ltr' id='par_1_40' title="bbox 155 2440 1731 2514">
     <span class='ocr_line' id='line_1_40' title="bbox 155 2440 1731 2514; baseline 0.001 -21"><span class='ocrx_word' id='word_1_296' title='bbox 155 2440 369 2504; x_wconf 80' lang='grc' dir='ltr'>δοξάσαι</span> <span class='ocrx_word' id='word_1_297' title='bbox 394 2442 455 2495; x_wconf 84' lang='grc' dir='ltr'><strong>τὸ</strong></span> <span class='ocrx_word' id='word_1_298' title='bbox 476 2440 648 2512; x_wconf 79' lang='grc' dir='ltr'>ὄνομα</span> <span class='ocrx_word' id='word_1_299' title='bbox 668 2441 762 2496; x_wconf 79' lang='grc' dir='ltr'><strong>τοὺ</strong></span> <span class='ocrx_word' id='word_1_300' title='bbox 791 2440 1113 2513; x_wconf 83' lang='grc' dir='ltr'>τεθνηκότος</span> <span class='ocrx_word' id='word_1_301' title='bbox 1136 2441 1367 2503; x_wconf 83' lang='grc' dir='ltr'>ἁδελφοῦ</span> <span class='ocrx_word' id='word_1_302' title='bbox 1387 2460 1400 2472; x_wconf 90' lang='grc'><strong>·</strong></span> <span class='ocrx_word' id='word_1_303' title='bbox 1430 2442 1562 2514; x_wconf 85' lang='grc' dir='ltr'>διὸὴ</span> <span class='ocrx_word' id='word_1_304' title='bbox 1592 2442 1731 2513; x_wconf 80' lang='grc' dir='ltr'>γυνὴ</span> 
     </span>
    </p>
   </div>
   <div class='ocr_carea' id='block_1_41' title="bbox 154 2534 1733 2609">
    <p class='ocr_par' dir='ltr' id='par_1_41' title="bbox 154 2534 1733 2609">
     <span class='ocr_line' id='line_1_41' title="bbox 154 2534 1733 2609; baseline 0.002 -24"><span class='ocrx_word' id='word_1_305' title='bbox 154 2534 210 2585; x_wconf 82' lang='grc' dir='ltr'>οὑ</span> <span class='ocrx_word' id='word_1_306' title='bbox 244 2535 402 2589; x_wconf 80' lang='grc' dir='ltr'>κάτω</span> <span class='ocrx_word' id='word_1_307' title='bbox 429 2535 659 2606; x_wconf 72' lang='grc' dir='ltr'>ἔστηκεν</span> <span class='ocrx_word' id='word_1_308' title='bbox 692 2537 726 2607; x_wconf 79' lang='grc' dir='ltr'>ἡ</span> <span class='ocrx_word' id='word_1_309' title='bbox 764 2534 953 2607; x_wconf 73' lang='grc' dir='ltr'>ἑτοίμη</span> <span class='ocrx_word' id='word_1_310' title='bbox 984 2536 1212 2608; x_wconf 78' lang='grc' dir='ltr'>τιμῆσαι</span> <span class='ocrx_word' id='word_1_311' title='bbox 1233 2536 1327 2590; x_wconf 79' lang='grc' dir='ltr'><strong>τὸν</strong></span> <span class='ocrx_word' id='word_1_312' title='bbox 1357 2537 1622 2609; x_wconf 85' lang='grc' dir='ltr'>πρότερον</span> <span class='ocrx_word' id='word_1_313' title='bbox 1640 2536 1733 2590; x_wconf 84' lang='grc' dir='ltr'><strong>ἄν-</strong></span> 
     </span>
    </p>
   </div>
   <div class='ocr_carea' id='block_1_42' title="bbox 153 2627 1732 2702">
    <p class='ocr_par' dir='ltr' id='par_1_42' title="bbox 153 2627 1732 2702">
     <span class='ocr_line' id='line_1_42' title="bbox 153 2627 1732 2702; baseline 0.001 -22"><span class='ocrx_word' id='word_1_314' title='bbox 153 2627 248 2700; x_wconf 84' lang='grc' dir='ltr'><strong>δρα</strong></span> <span class='ocrx_word' id='word_1_315' title='bbox 278 2629 477 2699; x_wconf 80' lang='grc' dir='ltr'>αὐτῆς,</span> <span class='ocrx_word' id='word_1_316' title='bbox 509 2628 646 2683; x_wconf 77' lang='grc' dir='ltr'>ἀλλὰ</span> <span class='ocrx_word' id='word_1_317' title='bbox 694 2628 972 2684; x_wconf 76' lang='grc' dir='ltr'>ἀναϐαίνει</span> <span class='ocrx_word' id='word_1_318' title='bbox 1016 2630 1109 2683; x_wconf 74' lang='grc' dir='ltr'><strong>ἐπὶ</strong></span> <span class='ocrx_word' id='word_1_319' title='bbox 1138 2629 1238 2702; x_wconf 79' lang='grc' dir='ltr'><strong>τὴν</strong></span> <span class='ocrx_word' id='word_1_320' title='bbox 1282 2629 1460 2700; x_wconf 83' lang='grc' dir='ltr'>πύλην</span> <span class='ocrx_word' id='word_1_321' title='bbox 1503 2631 1596 2683; x_wconf 76' lang='grc' dir='ltr'>καὶ</span> <span class='ocrx_word' id='word_1_322' title='bbox 1634 2629 1732 2701; x_wconf 79' lang='grc' dir='ltr'>τὴν</span> 
     </span>
    </p>
   </div>
   <div class='ocr_carea' id='block_1_43' title="bbox 153 2720 1729 2795">
    <p class='ocr_par' dir='ltr' id='par_1_43' title="bbox 153 2720 1729 2795">
     <span class='ocr_line' id='line_1_43' title="bbox 153 2720 1729 2795; baseline 0.002 -22"><span class='ocrx_word' id='word_1_323' title='bbox 153 2720 354 2775; x_wconf 83' lang='grc' dir='ltr'>εἴσοδον</span> <span class='ocrx_word' id='word_1_324' title='bbox 391 2721 493 2791; x_wconf 79' lang='grc' dir='ltr'>τῆς</span> <span class='ocrx_word' id='word_1_325' title='bbox 530 2721 736 2786; x_wconf 86' lang='grc' dir='ltr'>πόλεως</span> <span class='ocrx_word' id='word_1_326' title='bbox 778 2723 976 2795; x_wconf 80' lang='grc' dir='ltr'>ἑαυτῆς</span> <span class='ocrx_word' id='word_1_327' title='bbox 1009 2721 1249 2794; x_wconf 76' lang='grc' dir='ltr'>’ἐχούσης</span> <span class='ocrx_word' id='word_1_328' title='bbox 1289 2724 1383 2777; x_wconf 76' lang='grc' dir='ltr'><strong>καὶ</strong></span> <span class='ocrx_word' id='word_1_329' title='bbox 1419 2722 1729 2795; x_wconf 75' lang='grc' dir='ltr'>γερουσίαν.</span> 
     </span>
    </p>
   </div>
   <div class='ocr_carea' id='block_1_44' title="bbox 153 2811 1733 2887">
    <p class='ocr_par' dir='ltr' id='par_1_44' title="bbox 153 2811 1733 2887">
     <span class='ocr_line' id='line_1_44' title="bbox 153 2811 1733 2887; baseline 0.002 -23"><span class='ocrx_word' id='word_1_330' title='bbox 153 2811 258 2865; x_wconf 80' lang='grc' dir='ltr'><strong>Καὶ</strong></span> <span class='ocrx_word' id='word_1_331' title='bbox 316 2811 545 2867; x_wconf 77' lang='grc' dir='ltr'>νοείσθω</span> <span class='ocrx_word' id='word_1_332' title='bbox 591 2814 761 2868; x_wconf 82' lang='grc' dir='ltr'>ταῦτα</span> <span class='ocrx_word' id='word_1_333' title='bbox 792 2814 1053 2887; x_wconf 88' lang='grc' dir='ltr'>γινόμενα</span> <span class='ocrx_word' id='word_1_334' title='bbox 1090 2814 1232 2870; x_wconf 82' lang='grc' dir='ltr'>κατὰ</span> <span class='ocrx_word' id='word_1_335' title='bbox 1273 2815 1371 2887; x_wconf 76' lang='grc' dir='ltr'>τὴν</span> <span class='ocrx_word' id='word_1_336' title='bbox 1410 2813 1733 2886; x_wconf 84' lang='grc' dir='ltr'>Ἐκκλησίαν</span> 
     </span>
    </p>
   </div>
   <div class='ocr_carea' id='block_1_45' title="bbox 153 2902 1733 2979">
    <p class='ocr_par' dir='ltr' id='par_1_45' title="bbox 153 2902 1733 2979">
     <span class='ocr_line' id='line_1_45' title="bbox 153 2902 1733 2979; baseline 0.002 -24"><span class='ocrx_word' id='word_1_337' title='bbox 153 2902 378 2975; x_wconf 68' lang='grc' dir='ltr'>καὶτὴν</span> <span class='ocrx_word' id='word_1_338' title='bbox 419 2905 498 2969; x_wconf 86' lang='grc' dir='ltr'><strong>είς</strong></span> <span class='ocrx_word' id='word_1_339' title='bbox 529 2905 700 2977; x_wconf 82' lang='grc' dir='ltr'>αὐτὴν</span> <span class='ocrx_word' id='word_1_340' title='bbox 745 2906 1053 2979; x_wconf 82' lang='grc' dir='ltr'>είσαγωγὴν</span> <span class='ocrx_word' id='word_1_341' title='bbox 1085 2907 1180 2961; x_wconf 76' lang='grc' dir='ltr'>καὶ</span> <span class='ocrx_word' id='word_1_342' title='bbox 1214 2906 1437 2960; x_wconf 80' lang='grc' dir='ltr'>εἴσοδον.</span> <span class='ocrx_word' id='word_1_343' title='bbox 1490 2905 1733 2977; x_wconf 85' lang='grc' dir='ltr'>Ἐλέγχει</span> 
     </span>
    </p>
   </div>
   <div class='ocr_carea' id='block_1_46' title="bbox 152 2988 1733 3069">
    <p class='ocr_par' dir='ltr' id='par_1_46' title="bbox 152 2988 1733 3069">
     <span class='ocr_line' id='line_1_46' title="bbox 152 2988 1733 3069; baseline 0.003 -24"><span class='ocrx_word' id='word_1_344' title='bbox 152 2988 241 3046; x_wconf 86' lang='grc' dir='ltr'><strong>οὑν</strong></span> <span class='ocrx_word' id='word_1_345' title='bbox 284 2995 323 3066; x_wconf 80' lang='grc' dir='ltr'><strong>ἠ</strong></span> <span class='ocrx_word' id='word_1_346' title='bbox 354 2995 490 3065; x_wconf 78' lang='grc' dir='ltr'>γυνὴ</span> <span class='ocrx_word' id='word_1_347' title='bbox 530 2992 625 3050; x_wconf 81' lang='grc' dir='ltr'><strong>τὸν</strong></span> <span class='ocrx_word' id='word_1_348' title='bbox 659 2995 733 3068; x_wconf 80' lang='grc' dir='ltr'>μὴ</span> <span class='ocrx_word' id='word_1_349' title='bbox 767 2996 1087 3068; x_wconf 84' lang='grc' dir='ltr'>βουλόμενον</span> <span class='ocrx_word' id='word_1_350' title='bbox 1114 2995 1283 3069; x_wconf 79' lang='grc' dir='ltr'>ἄνδρα</span> <span class='ocrx_word' id='word_1_351' title='bbox 1316 2996 1733 3067; x_wconf 67' lang='grc' dir='ltr'>καρποφορῆσαι</span> 
     </span>
    </p>
   </div>
   <div class='ocr_carea' id='block_1_47' title="bbox 153 3087 1733 3161">
    <p class='ocr_par' dir='ltr' id='par_1_47' title="bbox 153 3087 1733 3161">
     <span class='ocr_line' id='line_1_47' title="bbox 153 3087 1733 3161; baseline 0 -20"><span class='ocrx_word' id='word_1_352' title='bbox 153 3087 238 3142; x_wconf 81' lang='grc' dir='ltr'><strong>τὸν</strong></span> <span class='ocrx_word' id='word_1_353' title='bbox 278 3089 481 3143; x_wconf 86' lang='grc' dir='ltr'>τοιόνδε</span> <span class='ocrx_word' id='word_1_354' title='bbox 527 3089 704 3160; x_wconf 92' lang='grc' dir='ltr'>λόγον,</span> <span class='ocrx_word' id='word_1_355' title='bbox 749 3091 843 3145; x_wconf 77' lang='grc' dir='ltr'>καὶ</span> <span class='ocrx_word' id='word_1_356' title='bbox 869 3090 1046 3161; x_wconf 83' lang='grc' dir='ltr'>λέγει·</span> <span class='ocrx_word' id='word_1_357' title='bbox 1100 3108 1122 3142; x_wconf 78' lang='lat' dir='ltr'><strong>t</strong></span> <span class='ocrx_word' id='word_1_358' title='bbox 1158 3091 1233 3144; x_wconf 87' lang='grc' dir='ltr'>Οὑ</span> <span class='ocrx_word' id='word_1_359' title='bbox 1266 3089 1408 3144; x_wconf 81' lang='grc' dir='ltr'>θέλει</span> <span class='ocrx_word' id='word_1_360' title='bbox 1444 3092 1472 3144; x_wconf 86' lang='grc' dir='ltr'><strong>ό</strong></span> <span class='ocrx_word' id='word_1_361' title='bbox 1508 3088 1733 3158; x_wconf 80' lang='grc' dir='ltr'>ἁδελφὸς</span> 
     </span>
    </p>
   </div>
   <div class='ocr_carea' id='block_1_48' title="bbox 156 3177 1734 3252">
    <p class='ocr_par' dir='ltr' id='par_1_48' title="bbox 156 3177 1734 3252">
     <span class='ocr_line' id='line_1_48' title="bbox 156 3177 1734 3252; baseline 0 -20"><span class='ocrx_word' id='word_1_362' title='bbox 156 3179 239 3233; x_wconf 74' lang='grc' dir='ltr'><strong>τοὺ</strong></span> <span class='ocrx_word' id='word_1_363' title='bbox 274 3178 471 3251; x_wconf 79' lang='grc' dir='ltr'>ἀνδρός</span> <span class='ocrx_word' id='word_1_364' title='bbox 500 3197 601 3250; x_wconf 65' lang='grc' dir='ltr'><strong>μου</strong></span> <span class='ocrx_word' id='word_1_365' title='bbox 629 3180 930 3252; x_wconf 77' lang='grc' dir='ltr'>ἀναστῆσαι</span> <span class='ocrx_word' id='word_1_366' title='bbox 955 3180 1017 3234; x_wconf 85' lang='grc' dir='ltr'><strong>τὸ</strong></span> <span class='ocrx_word' id='word_1_367' title='bbox 1049 3180 1220 3252; x_wconf 73' lang='grc' dir='ltr'>ὄνομα</span> <span class='ocrx_word' id='word_1_368' title='bbox 1247 3178 1343 3233; x_wconf 78' lang='grc' dir='ltr'>τοῦ</span> <span class='ocrx_word' id='word_1_369' title='bbox 1377 3177 1603 3246; x_wconf 79' lang='grc' dir='ltr'>ἀδελφοῦ</span> <span class='ocrx_word' id='word_1_370' title='bbox 1636 3179 1734 3232; x_wconf 89' lang='grc' dir='ltr'>αὑ-</span> 
     </span>
    </p>
   </div>
   <div class='ocr_carea' id='block_1_49' title="bbox 152 3270 1734 3345">
    <p class='ocr_par' dir='ltr' id='par_1_49' title="bbox 152 3270 1734 3345">
     <span class='ocr_line' id='line_1_49' title="bbox 152 3270 1734 3345; baseline -0.001 -20"><span class='ocrx_word' id='word_1_371' title='bbox 152 3271 240 3325; x_wconf 77' lang='grc' dir='ltr'><strong>τοῦ</strong></span> <span class='ocrx_word' id='word_1_372' title='bbox 279 3273 346 3326; x_wconf 85' lang='grc' dir='ltr'>ὲν</span> <span class='ocrx_word' id='word_1_373' title='bbox 380 3272 616 3345; x_wconf 80' lang='grc' dir='ltr'>Ἰσραήλ.</span> <span class='ocrx_word' id='word_1_374' title='bbox 652 3293 671 3326; x_wconf 72' lang='grc' dir='ltr'><strong>ι</strong></span> <span class='ocrx_word' id='word_1_375' title='bbox 708 3270 845 3327; x_wconf 80' lang='grc' dir='ltr'>Εἶτα</span> <span class='ocrx_word' id='word_1_376' title='bbox 872 3276 905 3345; x_wconf 80' lang='grc' dir='ltr'><strong>ἡ</strong></span> <span class='ocrx_word' id='word_1_377' title='bbox 936 3271 1194 3345; x_wconf 79' lang='grc' dir='ltr'>γερουσία</span> <span class='ocrx_word' id='word_1_378' title='bbox 1222 3272 1324 3343; x_wconf 80' lang='grc' dir='ltr'>τῆς</span> <span class='ocrx_word' id='word_1_379' title='bbox 1354 3270 1560 3334; x_wconf 87' lang='grc' dir='ltr'>πόλεως</span> <span class='ocrx_word' id='word_1_380' title='bbox 1591 3270 1734 3323; x_wconf 80' lang='grc' dir='ltr'>ὲκεί-</span> 
     </span>
    </p>
   </div>
   <div class='ocr_carea' id='block_1_50' title="bbox 152 3362 1732 3439">
    <p class='ocr_par' dir='ltr' id='par_1_50' title="bbox 152 3362 1732 3439">
     <span class='ocr_line' id='line_1_50' title="bbox 152 3362 1732 3439; baseline 0.001 -23"><span class='ocrx_word' id='word_1_381' title='bbox 152 3380 265 3435; x_wconf 81' lang='grc' dir='ltr'>νης,</span> <span class='ocrx_word' id='word_1_382' title='bbox 300 3362 637 3431; x_wconf 77' lang='grc' dir='ltr'>ὲξετὰζουσα</span> <span class='ocrx_word' id='word_1_383' title='bbox 677 3365 769 3420; x_wconf 82' lang='grc' dir='ltr'><strong>τὸν</strong></span> <span class='ocrx_word' id='word_1_384' title='bbox 810 3365 1046 3419; x_wconf 79' lang='grc' dir='ltr'>τοιοῦτον</span> <span class='ocrx_word' id='word_1_385' title='bbox 1089 3366 1276 3439; x_wconf 78' lang='grc' dir='ltr'>ἄνδρα,</span> <span class='ocrx_word' id='word_1_386' title='bbox 1318 3365 1645 3420; x_wconf 85' lang='grc' dir='ltr'>πυνθάνεται</span> <span class='ocrx_word' id='word_1_387' title='bbox 1684 3366 1732 3418; x_wconf 89' lang='grc' dir='ltr'><strong>εί</strong></span> 
     </span>
    </p>
   </div>
   <div class='ocr_carea' id='block_1_51' title="bbox 152 3453 1736 3528">
    <p class='ocr_par' dir='ltr' id='par_1_51' title="bbox 152 3453 1736 3528">
     <span class='ocr_line' id='line_1_51' title="bbox 152 3453 1736 3528; baseline 0.003 -22"><span class='ocrx_word' id='word_1_388' title='bbox 152 3453 372 3524; x_wconf 80' lang='grc' dir='ltr'>ἀληθῶς</span> <span class='ocrx_word' id='word_1_389' title='bbox 407 3455 468 3508; x_wconf 93' lang='grc' dir='ltr'>οὑ</span> <span class='ocrx_word' id='word_1_390' title='bbox 519 3454 801 3525; x_wconf 74' lang='grc' dir='ltr'>βούλεταιο</span> <span class='ocrx_word' id='word_1_391' title='bbox 836 3456 1273 3528; x_wconf 79' lang='grc' dir='ltr'>ἀποκριναμένου</span> <span class='ocrx_word' id='word_1_392' title='bbox 1315 3457 1373 3511; x_wconf 81' lang='grc' dir='ltr'>δὲ</span> <span class='ocrx_word' id='word_1_393' title='bbox 1417 3458 1625 3511; x_wconf 75' lang='grc' dir='ltr'>ἐκείνου</span> <span class='ocrx_word' id='word_1_394' title='bbox 1674 3456 1736 3510; x_wconf 82' lang='grc' dir='ltr'><strong>τὸ</strong></span> 
     </span>
    </p>
   </div>
   <div class='ocr_carea' id='block_1_52' title="bbox 139 3544 1736 3621">
    <p class='ocr_par' dir='ltr' id='par_1_52' title="bbox 139 3544 1736 3621">
     <span class='ocr_line' id='line_1_52' title="bbox 139 3544 1736 3621; baseline 0.001 -21"><span class='ocrx_word' id='word_1_395' title='bbox 139 3545 226 3616; x_wconf 82' lang='grc' dir='ltr'><strong>’μὴ</strong></span> <span class='ocrx_word' id='word_1_396' title='bbox 271 3544 583 3615; x_wconf 75' lang='grc' dir='ltr'>βούλεσθαι,</span> <span class='ocrx_word' id='word_1_397' title='bbox 617 3547 980 3620; x_wconf 82' lang='grc' dir='ltr'>προσέρχεται</span> <span class='ocrx_word' id='word_1_398' title='bbox 1025 3549 1165 3621; x_wconf 83' lang='grc' dir='ltr'>αὑτὴ</span> <span class='ocrx_word' id='word_1_399' title='bbox 1197 3548 1334 3621; x_wconf 81' lang='grc' dir='ltr'>πρὸς</span> <span class='ocrx_word' id='word_1_400' title='bbox 1364 3549 1455 3603; x_wconf 82' lang='grc' dir='ltr'><strong>τὸν</strong></span> <span class='ocrx_word' id='word_1_401' title='bbox 1507 3549 1580 3621; x_wconf 83' lang='grc' dir='ltr'>μὴ</span> <span class='ocrx_word' id='word_1_402' title='bbox 1611 3548 1736 3621; x_wconf 66' lang='grc' dir='ltr'>βουυ</span> 
     </span>
    </p>
   </div>
   <div class='ocr_carea' id='block_1_53' title="bbox 152 3636 1736 3712">
    <p class='ocr_par' dir='ltr' id='par_1_53' title="bbox 152 3636 1736 3712">
     <span class='ocr_line' id='line_1_53' title="bbox 152 3636 1736 3712; baseline 0.006 -25"><span class='ocrx_word' id='word_1_403' title='bbox 152 3636 385 3706; x_wconf 71' lang='grc' dir='ltr'>ληθέντα</span> <span class='ocrx_word' id='word_1_404' title='bbox 411 3637 772 3710; x_wconf 76' lang='grc' dir='ltr'>ἐξαναστῆσαι</span> <span class='ocrx_word' id='word_1_405' title='bbox 816 3639 1037 3711; x_wconf 87' lang='grc' dir='ltr'>σπέρμα</span> <span class='ocrx_word' id='word_1_406' title='bbox 1074 3639 1151 3711; x_wconf 81' lang='grc' dir='ltr'>τῷ</span> <span class='ocrx_word' id='word_1_407' title='bbox 1183 3639 1396 3712; x_wconf 78' lang='grc' dir='ltr'><strong>ἀδελφῷ</strong></span> <span class='ocrx_word' id='word_1_408' title='bbox 1423 3641 1611 3706; x_wconf 74' lang='grc' dir='ltr'>αὑτοῦ,</span> <span class='ocrx_word' id='word_1_409' title='bbox 1642 3643 1736 3696; x_wconf 79' lang='grc' dir='ltr'><strong>καὶ</strong></span> 
     </span>
    </p>
   </div>
   <div class='ocr_carea' id='block_1_54' title="bbox 149 3728 1735 3804">
    <p class='ocr_par' dir='ltr' id='par_1_54' title="bbox 149 3728 1735 3804">
     <span class='ocr_line' id='line_1_54' title="bbox 149 3728 1735 3804; baseline 0.004 -25"><span class='ocrx_word' id='word_1_410' title='bbox 149 3728 241 3779; x_wconf 69' lang='grc' dir='ltr'>ἐπὶ</span> <span class='ocrx_word' id='word_1_411' title='bbox 269 3729 376 3800; x_wconf 82' lang='grc' dir='ltr'>τῆς</span> <span class='ocrx_word' id='word_1_412' title='bbox 403 3730 691 3801; x_wconf 81' lang='grc' dir='ltr'>γερουσίας</span> <span class='ocrx_word' id='word_1_413' title='bbox 721 3731 932 3802; x_wconf 73' lang='grc' dir='ltr'>ἐλέγχει</span> <span class='ocrx_word' id='word_1_414' title='bbox 961 3732 1145 3797; x_wconf 81' lang='grc' dir='ltr'>αὑτὸν,</span> <span class='ocrx_word' id='word_1_415' title='bbox 1181 3733 1274 3787; x_wconf 81' lang='grc' dir='ltr'>καὶ</span> <span class='ocrx_word' id='word_1_416' title='bbox 1314 3732 1571 3804; x_wconf 83' lang='grc' dir='ltr'>ἀτιμάζει</span> <span class='ocrx_word' id='word_1_417' title='bbox 1600 3732 1735 3786; x_wconf 86' lang='grc' dir='ltr'>ὑπο-</span> 
     </span>
    </p>
   </div>
   <div class='ocr_carea' id='block_1_55' title="bbox 150 3817 1735 3892">
    <p class='ocr_par' dir='ltr' id='par_1_55' title="bbox 150 3817 1735 3892">
     <span class='ocr_line' id='line_1_55' title="bbox 150 3817 1735 3892; baseline 0.003 -21"><span class='ocrx_word' id='word_1_418' title='bbox 150 3817 357 3873; x_wconf 70' lang='grc' dir='ltr'>λόουσα</span> <span class='ocrx_word' id='word_1_419' title='bbox 379 3820 440 3873; x_wconf 80' lang='grc' dir='ltr'><strong>τὸ</strong></span> <span class='ocrx_word' id='word_1_420' title='bbox 469 3821 720 3892; x_wconf 86' lang='grc' dir='ltr'>ὑπόδημα</span> <span class='ocrx_word' id='word_1_421' title='bbox 761 3822 925 3876; x_wconf 80' lang='grc' dir='ltr'>αὑτοῦ</span> <span class='ocrx_word' id='word_1_422' title='bbox 953 3823 1013 3876; x_wconf 82' lang='grc' dir='ltr'><strong>τὸ</strong></span> <span class='ocrx_word' id='word_1_423' title='bbox 1038 3823 1116 3877; x_wconf 77' lang='grc' dir='ltr'><strong>ἓν.</strong></span> <span class='ocrx_word' id='word_1_424' title='bbox 1148 3824 1259 3877; x_wconf 76' lang='grc' dir='ltr'><strong>Καὶ</strong></span> <span class='ocrx_word' id='word_1_425' title='bbox 1292 3824 1482 3878; x_wconf 84' lang='grc' dir='ltr'>σκόπει</span> <span class='ocrx_word' id='word_1_426' title='bbox 1525 3826 1583 3877; x_wconf 80' lang='grc' dir='ltr'>ὲν</span> <span class='ocrx_word' id='word_1_427' title='bbox 1612 3823 1735 3878; x_wconf 82' lang='grc' dir='ltr'>τού-</span> 
     </span>
    </p>
   </div>
   <div class='ocr_carea' id='block_1_56' title="bbox 148 3909 1727 3985">
    <p class='ocr_par' dir='ltr' id='par_1_56' title="bbox 148 3909 1727 3985">
     <span class='ocr_line' id='line_1_56' title="bbox 148 3909 1727 3985; baseline 0.004 -25"><span class='ocrx_word' id='word_1_428' title='bbox 148 3925 263 3973; x_wconf 86' lang='grc' dir='ltr'>τοις</span> <span class='ocrx_word' id='word_1_429' title='bbox 292 3909 387 3964; x_wconf 82' lang='grc' dir='ltr'>διὰ</span> <span class='ocrx_word' id='word_1_430' title='bbox 412 3910 472 3963; x_wconf 82' lang='grc' dir='ltr'><strong>τὸ</strong></span> <span class='ocrx_word' id='word_1_431' title='bbox 495 3949 510 3976; x_wconf 92' lang='grc'><strong>,</strong></span> <span class='ocrx_word' id='word_1_432' title='bbox 540 3929 559 3962; x_wconf 78' lang='grc' dir='ltr'><strong>ι</strong></span> <span class='ocrx_word' id='word_1_433' title='bbox 595 3912 767 3966; x_wconf 86' lang='grc' dir='ltr'>Λῠσαι</span> <span class='ocrx_word' id='word_1_434' title='bbox 792 3912 854 3965; x_wconf 86' lang='grc' dir='ltr'>τὺ</span> <span class='ocrx_word' id='word_1_435' title='bbox 878 3913 1132 3985; x_wconf 83' lang='grc' dir='ltr'>ὑπόδημα</span> <span class='ocrx_word' id='word_1_436' title='bbox 1155 3915 1219 3967; x_wconf 75' lang='grc' dir='ltr'>ἐκ</span> <span class='ocrx_word' id='word_1_437' title='bbox 1240 3913 1347 3967; x_wconf 82' lang='grc' dir='ltr'>τῶν</span> <span class='ocrx_word' id='word_1_438' title='bbox 1372 3913 1547 3967; x_wconf 84' lang='grc' dir='ltr'>ποδῶν</span> <span class='ocrx_word' id='word_1_439' title='bbox 1574 3930 1688 3977; x_wconf 84' lang='grc' dir='ltr'>σου,</span> <span class='ocrx_word' id='word_1_440' title='bbox 1708 3932 1727 3966; x_wconf 75' lang='grc' dir='ltr'><strong>ι</strong></span> 
     </span>
    </p>
   </div>
   <div class='ocr_carea' id='block_1_57' title="bbox 149 3992 1733 4078">
    <p class='ocr_par' dir='ltr' id='par_1_57' title="bbox 149 3992 1733 4078">
     <span class='ocr_line' id='line_1_57' title="bbox 149 3992 1733 4078; baseline 0.004 -26"><span class='ocrx_word' id='word_1_441' title='bbox 149 4002 448 4073; x_wconf 77' lang='grc' dir='ltr'>εἰρημένον</span> <span class='ocrx_word' id='word_1_442' title='bbox 480 4004 615 4075; x_wconf 83' lang='grc' dir='ltr'>πρὸς</span> <span class='ocrx_word' id='word_1_443' title='bbox 646 4005 882 4059; x_wconf 84' lang='grc' dir='ltr'>Μωῡσέα</span> <span class='ocrx_word' id='word_1_444' title='bbox 909 4007 1002 4060; x_wconf 77' lang='grc' dir='ltr'><strong>καὶ</strong></span> <span class='ocrx_word' id='word_1_445' title='bbox 1042 3992 1287 4078; x_wconf 15' lang='grc' dir='ltr'>νἸησοῦν,</span> <span class='ocrx_word' id='word_1_446' title='bbox 1324 4006 1418 4060; x_wconf 81' lang='grc' dir='ltr'>καὶ</span> <span class='ocrx_word' id='word_1_447' title='bbox 1451 4007 1510 4061; x_wconf 83' lang='grc' dir='ltr'><strong>τὸ</strong></span> <span class='ocrx_word' id='word_1_448' title='bbox 1534 4047 1549 4072; x_wconf 91' lang='grc'><strong>,</strong></span> <span class='ocrx_word' id='word_1_449' title='bbox 1592 4005 1733 4059; x_wconf 82' lang='grc' dir='ltr'><strong>ιοὺκ</strong></span> 
     </span>
    </p>
   </div>
   <div class='ocr_carea' id='block_1_58' title="bbox 148 4092 1735 4170">
    <p class='ocr_par' dir='ltr' id='par_1_58' title="bbox 148 4092 1735 4170">
     <span class='ocr_line' id='line_1_58' title="bbox 148 4092 1735 4170; baseline 0.004 -26"><span class='ocrx_word' id='word_1_450' title='bbox 148 4093 268 4163; x_wconf 72' lang='grc' dir='ltr'>εἰμὶ</span> <span class='ocrx_word' id='word_1_451' title='bbox 308 4092 464 4158; x_wconf 78' lang='grc' dir='ltr'>ἄξιος</span> <span class='ocrx_word' id='word_1_452' title='bbox 494 4095 581 4149; x_wconf 85' lang='grc' dir='ltr'><strong>ἴνα</strong></span> <span class='ocrx_word' id='word_1_453' title='bbox 617 4096 764 4150; x_wconf 85' lang='grc' dir='ltr'>λύσω</span> <span class='ocrx_word' id='word_1_454' title='bbox 789 4096 881 4151; x_wconf 80' lang='grc' dir='ltr'><strong>τὸν</strong></span> <span class='ocrx_word' id='word_1_455' title='bbox 911 4097 1109 4169; x_wconf 81' lang='grc' dir='ltr'>ἱμάντα</span> <span class='ocrx_word' id='word_1_456' title='bbox 1149 4097 1246 4152; x_wconf 82' lang='grc' dir='ltr'>τοῦ</span> <span class='ocrx_word' id='word_1_457' title='bbox 1277 4097 1622 4170; x_wconf 85' lang='grc' dir='ltr'>ὑποδήματος</span> <span class='ocrx_word' id='word_1_458' title='bbox 1644 4099 1735 4151; x_wconf 83' lang='grc' dir='ltr'>αὑ-</span> 
     </span>
    </p>
   </div>
   <div class='ocr_carea' id='block_1_59' title="bbox 1834 2083 3410 2149">
    <p class='ocr_par' dir='ltr' id='par_1_59' title="bbox 1834 2083 3410 2149">
     <span class='ocr_line' id='line_1_59' title="bbox 1834 2083 3410 2149; baseline -0.001 -11"><span class='ocrx_word' id='word_1_459' title='bbox 1834 2084 1966 2139; x_wconf 89' lang='lat' dir='ltr'><strong>mini</strong></span> <span class='ocrx_word' id='word_1_460' title='bbox 1997 2086 2260 2141; x_wconf 89' lang='lat' dir='ltr'><strong>honorem</strong></span> <span class='ocrx_word' id='word_1_461' title='bbox 2287 2085 2596 2141; x_wconf 88' lang='lat' dir='ltr'><strong>conciliare.</strong></span> <span class='ocrx_word' id='word_1_462' title='bbox 2620 2086 2856 2141; x_wconf 82' lang='lat' dir='ltr'><strong>Uxorem</strong></span> <span class='ocrx_word' id='word_1_463' title='bbox 2882 2095 3062 2140; x_wconf 89' lang='lat' dir='ltr'><strong>autem</strong></span> <span class='ocrx_word' id='word_1_464' title='bbox 3092 2083 3278 2141; x_wconf 88' lang='lat' dir='ltr'><strong>fratris</strong></span> <span class='ocrx_word' id='word_1_465' title='bbox 3301 2083 3410 2149; x_wconf 91' lang='lat' dir='ltr'><strong>sui,</strong></span> 
     </span>
    </p>
   </div>
   <div class='ocr_carea' id='block_1_60' title="bbox 1831 2172 3411 2244">
    <p class='ocr_par' dir='ltr' id='par_1_60' title="bbox 1831 2172 3411 2244">
     <span class='ocr_line' id='line_1_60' title="bbox 1831 2172 3411 2244; baseline 0 -18"><span class='ocrx_word' id='word_1_466' title='bbox 1831 2173 2091 2241; x_wconf 89' lang='lat' dir='ltr'><strong>animam,</strong></span> <span class='ocrx_word' id='word_1_467' title='bbox 2129 2174 2375 2244; x_wconf 89' lang='lat' dir='ltr'><strong>accipere</strong></span> <span class='ocrx_word' id='word_1_468' title='bbox 2409 2189 2517 2228; x_wconf 92' lang='lat' dir='ltr'><strong>non</strong></span> <span class='ocrx_word' id='word_1_469' title='bbox 2552 2174 2667 2228; x_wconf 88' lang='lat' dir='ltr'><strong>vult</strong></span> <span class='ocrx_word' id='word_1_470' title='bbox 2694 2173 2964 2244; x_wconf 88' lang='lat' dir='ltr'><strong>ejusmodi</strong></span> <span class='ocrx_word' id='word_1_471' title='bbox 2998 2172 3411 2244; x_wconf 81' lang='lat' dir='ltr'><strong>interpretatio;</strong></span> 
     </span>
    </p>
   </div>
   <div class='ocr_carea' id='block_1_61' title="bbox 1831 2264 3414 2336">
    <p class='ocr_par' dir='ltr' id='par_1_61' title="bbox 1831 2264 3414 2336">
     <span class='ocr_line' id='line_1_61' title="bbox 1831 2264 3414 2336; baseline -0.001 -17"><span class='ocrx_word' id='word_1_472' title='bbox 1831 2280 2007 2336; x_wconf 89' lang='lat' dir='ltr'><strong>neque</strong></span> <span class='ocrx_word' id='word_1_473' title='bbox 2040 2265 2183 2321; x_wconf 90' lang='lat' dir='ltr'><strong>enim</strong></span> <span class='ocrx_word' id='word_1_474' title='bbox 2214 2267 2281 2320; x_wconf 90' lang='lat' dir='ltr'><strong>ad</strong></span> <span class='ocrx_word' id='word_1_475' title='bbox 2323 2266 2374 2320; x_wconf 85' lang='lat' dir='ltr'><strong>id</strong></span> <span class='ocrx_word' id='word_1_476' title='bbox 2420 2265 2587 2321; x_wconf 90' lang='lat' dir='ltr'><strong>fetum</strong></span> <span class='ocrx_word' id='word_1_477' title='bbox 2633 2264 2881 2336; x_wconf 87' lang='lat' dir='ltr'><strong>proferre</strong></span> <span class='ocrx_word' id='word_1_478' title='bbox 2919 2266 3056 2332; x_wconf 85' lang='lat' dir='ltr'><strong>vult,</strong></span> <span class='ocrx_word' id='word_1_479' title='bbox 3091 2275 3153 2322; x_wconf 93' lang='lat' dir='ltr'><strong>ut</strong></span> <span class='ocrx_word' id='word_1_480' title='bbox 3202 2264 3414 2320; x_wconf 90' lang='lat' dir='ltr'><strong>nomini</strong></span> 
     </span>
    </p>
   </div>
   <div class='ocr_carea' id='block_1_62' title="bbox 1831 2356 3413 2429">
    <p class='ocr_par' dir='ltr' id='par_1_62' title="bbox 1831 2356 3413 2429">
     <span class='ocr_line' id='line_1_62' title="bbox 1831 2356 3413 2429; baseline -0.003 -15"><span class='ocrx_word' id='word_1_481' title='bbox 1831 2357 2101 2414; x_wconf 88' lang='lat' dir='ltr'><strong>demortui</strong></span> <span class='ocrx_word' id='word_1_482' title='bbox 2148 2356 2334 2412; x_wconf 81' lang='lat' dir='ltr'><strong>fratris</strong></span> <span class='ocrx_word' id='word_1_483' title='bbox 2363 2356 2589 2429; x_wconf 79' lang='lat' dir='ltr'><strong>gloriam</strong></span> <span class='ocrx_word' id='word_1_484' title='bbox 2628 2365 2803 2427; x_wconf 90' lang='lat' dir='ltr'><strong>paret.</strong></span> <span class='ocrx_word' id='word_1_485' title='bbox 2837 2357 3135 2428; x_wconf 88' lang='lat' dir='ltr'><strong>Propterea</strong></span> <span class='ocrx_word' id='word_1_486' title='bbox 3183 2372 3294 2413; x_wconf 89' lang='lat' dir='ltr'><strong>non</strong></span> <span class='ocrx_word' id='word_1_487' title='bbox 3327 2356 3413 2410; x_wconf 83' lang='lat' dir='ltr'><strong>in-</strong></span> 
     </span>
    </p>
   </div>
   <div class='ocr_carea' id='block_1_63' title="bbox 1832 2447 3415 2519">
    <p class='ocr_par' dir='ltr' id='par_1_63' title="bbox 1832 2447 3415 2519">
     <span class='ocr_line' id='line_1_63' title="bbox 1832 2447 3415 2519; baseline 0 -15"><span class='ocrx_word' id='word_1_488' title='bbox 1832 2448 2031 2505; x_wconf 86' lang='lat' dir='ltr'><strong>feriore</strong></span> <span class='ocrx_word' id='word_1_489' title='bbox 2062 2449 2183 2505; x_wconf 88' lang='lat' dir='ltr'><strong>loco</strong></span> <span class='ocrx_word' id='word_1_490' title='bbox 2225 2449 2375 2505; x_wconf 88' lang='lat' dir='ltr'><strong>stetit</strong></span> <span class='ocrx_word' id='word_1_491' title='bbox 2403 2448 2600 2503; x_wconf 88' lang='lat' dir='ltr'><strong>mulier</strong></span> <span class='ocrx_word' id='word_1_492' title='bbox 2632 2449 2872 2519; x_wconf 85' lang='lat' dir='ltr'><strong>priorem</strong></span> <span class='ocrx_word' id='word_1_493' title='bbox 2902 2449 3081 2504; x_wconf 91' lang='lat' dir='ltr'><strong>virum</strong></span> <span class='ocrx_word' id='word_1_494' title='bbox 3117 2463 3282 2505; x_wconf 89' lang='lat' dir='ltr'><strong>suum</strong></span> <span class='ocrx_word' id='word_1_495' title='bbox 3315 2447 3415 2504; x_wconf 84' lang='lat' dir='ltr'><strong>ho-</strong></span> 
     </span>
    </p>
   </div>
   <div class='ocr_carea' id='block_1_64' title="bbox 1832 2540 3415 2612">
    <p class='ocr_par' dir='ltr' id='par_1_64' title="bbox 1832 2540 3415 2612">
     <span class='ocr_line' id='line_1_64' title="bbox 1832 2540 3415 2612; baseline -0.003 -14"><span class='ocrx_word' id='word_1_496' title='bbox 1832 2556 1968 2599; x_wconf 91' lang='lat' dir='ltr'><strong>nore</strong></span> <span class='ocrx_word' id='word_1_497' title='bbox 1997 2549 2183 2612; x_wconf 85' lang='lat' dir='ltr'><strong>parata</strong></span> <span class='ocrx_word' id='word_1_498' title='bbox 2229 2540 2462 2606; x_wconf 82' lang='lat' dir='ltr'><strong>allicere,</strong></span> <span class='ocrx_word' id='word_1_499' title='bbox 2504 2540 2598 2598; x_wconf 90' lang='lat' dir='ltr'><strong>sed</strong></span> <span class='ocrx_word' id='word_1_500' title='bbox 2641 2541 2709 2596; x_wconf 85' lang='lat' dir='ltr'><strong>ad</strong></span> <span class='ocrx_word' id='word_1_501' title='bbox 2748 2541 2988 2597; x_wconf 90' lang='lat' dir='ltr'><strong>civitatis</strong></span> <span class='ocrx_word' id='word_1_502' title='bbox 3021 2555 3158 2606; x_wconf 68' lang='lat' dir='ltr'><strong>suae,</strong></span> <span class='ocrx_word' id='word_1_503' title='bbox 3204 2553 3328 2610; x_wconf 66' lang='lat' dir='ltr'><strong>qua:</strong></span> <span class='ocrx_word' id='word_1_504' title='bbox 3356 2546 3415 2593; x_wconf 90' lang='lat' dir='ltr'><strong>et</strong></span> 
     </span>
    </p>
   </div>
   <div class='ocr_carea' id='block_1_65' title="bbox 1831 2630 3412 2704">
    <p class='ocr_par' dir='ltr' id='par_1_65' title="bbox 1831 2630 3412 2704">
     <span class='ocr_line' id='line_1_65' title="bbox 1831 2630 3412 2704; baseline -0.003 -15"><span class='ocrx_word' id='word_1_505' title='bbox 1831 2634 1949 2704; x_wconf 90' lang='lat' dir='ltr'><strong>ipsa</strong></span> <span class='ocrx_word' id='word_1_506' title='bbox 1996 2641 2243 2689; x_wconf 88' lang='lat' dir='ltr'><strong>senatum</strong></span> <span class='ocrx_word' id='word_1_507' title='bbox 2289 2633 2471 2700; x_wconf 87' lang='lat' dir='ltr'><strong>habet,</strong></span> <span class='ocrx_word' id='word_1_508' title='bbox 2520 2640 2733 2703; x_wconf 88' lang='lat' dir='ltr'><strong>portam</strong></span> <span class='ocrx_word' id='word_1_509' title='bbox 2783 2647 2848 2688; x_wconf 92' lang='lat' dir='ltr'><strong>ac</strong></span> <span class='ocrx_word' id='word_1_510' title='bbox 2893 2632 3099 2688; x_wconf 87' lang='lat' dir='ltr'><strong>aditum</strong></span> <span class='ocrx_word' id='word_1_511' title='bbox 3145 2630 3412 2688; x_wconf 79' lang='lat' dir='ltr'><strong>ascendit.</strong></span> 
     </span>
    </p>
   </div>
   <div class='ocr_carea' id='block_1_66' title="bbox 1833 2721 3415 2796">
    <p class='ocr_par' dir='ltr' id='par_1_66' title="bbox 1833 2721 3415 2796">
     <span class='ocr_line' id='line_1_66' title="bbox 1833 2721 3415 2796; baseline -0.002 -17"><span class='ocrx_word' id='word_1_512' title='bbox 1833 2724 1959 2781; x_wconf 70' lang='lat' dir='ltr'><strong>llaec</strong></span> <span class='ocrx_word' id='word_1_513' title='bbox 1987 2735 2167 2781; x_wconf 88' lang='lat' dir='ltr'><strong>autem</strong></span> <span class='ocrx_word' id='word_1_514' title='bbox 2194 2726 2247 2780; x_wconf 95' lang='lat' dir='ltr'><strong>in</strong></span> <span class='ocrx_word' id='word_1_515' title='bbox 2277 2723 2539 2791; x_wconf 83' lang='lat' dir='ltr'><strong>Ecclesia,</strong></span> <span class='ocrx_word' id='word_1_516' title='bbox 2570 2724 2637 2778; x_wconf 89' lang='lat' dir='ltr'><strong>ad</strong></span> <span class='ocrx_word' id='word_1_517' title='bbox 2672 2724 2844 2795; x_wconf 79' lang='lat' dir='ltr'><strong>ipsius</strong></span> <span class='ocrx_word' id='word_1_518' title='bbox 2875 2725 3182 2796; x_wconf 84' lang='lat' dir='ltr'><strong>ingressum</strong></span> <span class='ocrx_word' id='word_1_519' title='bbox 3217 2732 3273 2779; x_wconf 88' lang='lat' dir='ltr'><strong>et</strong></span> <span class='ocrx_word' id='word_1_520' title='bbox 3295 2721 3415 2778; x_wconf 88' lang='lat' dir='ltr'><strong>adi-</strong></span> 
     </span>
    </p>
   </div>
   <div class='ocr_carea' id='block_1_67' title="bbox 1831 2814 3414 2888">
    <p class='ocr_par' dir='ltr' id='par_1_67' title="bbox 1831 2814 3414 2888">
     <span class='ocr_line' id='line_1_67' title="bbox 1831 2814 3414 2888; baseline -0.003 -15"><span class='ocrx_word' id='word_1_521' title='bbox 1831 2827 1946 2873; x_wconf 91' lang='lat' dir='ltr'><strong>tum</strong></span> <span class='ocrx_word' id='word_1_522' title='bbox 1971 2817 2111 2874; x_wconf 86' lang='lat' dir='ltr'><strong>facta</strong></span> <span class='ocrx_word' id='word_1_523' title='bbox 2139 2818 2525 2888; x_wconf 77' lang='lat' dir='ltr'><strong>intelligantur.</strong></span> <span class='ocrx_word' id='word_1_524' title='bbox 2558 2814 2748 2872; x_wconf 79' lang='lat' dir='ltr'><strong>Virum</strong></span> <span class='ocrx_word' id='word_1_525' title='bbox 2775 2832 2904 2888; x_wconf 88' lang='lat' dir='ltr'><strong>ergo</strong></span> <span class='ocrx_word' id='word_1_526' title='bbox 2926 2816 3086 2872; x_wconf 89' lang='lat' dir='ltr'><strong>talem</strong></span> <span class='ocrx_word' id='word_1_527' title='bbox 3108 2816 3414 2871; x_wconf 78' lang='lat' dir='ltr'><strong>doctrinam</strong></span> 
     </span>
    </p>
   </div>
   <div class='ocr_carea' id='block_1_68' title="bbox 1832 2906 3411 2981">
    <p class='ocr_par' dir='ltr' id='par_1_68' title="bbox 1832 2906 3411 2981">
     <span class='ocr_line' id='line_1_68' title="bbox 1832 2906 3411 2981; baseline -0.001 -18"><span class='ocrx_word' id='word_1_528' title='bbox 1832 2910 2052 2981; x_wconf 77' lang='lat' dir='ltr'><strong>gignere</strong></span> <span class='ocrx_word' id='word_1_529' title='bbox 2080 2910 2350 2965; x_wconf 86' lang='lat' dir='ltr'><strong>nolentem</strong></span> <span class='ocrx_word' id='word_1_530' title='bbox 2377 2909 2625 2979; x_wconf 76' lang='lat' dir='ltr'><strong>coarguit</strong></span> <span class='ocrx_word' id='word_1_531' title='bbox 2653 2909 2868 2975; x_wconf 90' lang='lat' dir='ltr'><strong>mulier,</strong></span> <span class='ocrx_word' id='word_1_532' title='bbox 2887 2918 2939 2964; x_wconf 91' lang='lat' dir='ltr'><strong>et</strong></span> <span class='ocrx_word' id='word_1_533' title='bbox 2967 2908 3100 2964; x_wconf 90' lang='lat' dir='ltr'><strong>dicit</strong></span> <span class='ocrx_word' id='word_1_534' title='bbox 3130 2908 3208 2962; x_wconf 81' lang='lat'><strong>&quot;:</strong></span> <span class='ocrx_word' id='word_1_535' title='bbox 3245 2926 3265 2959; x_wconf 78' lang='grc' dir='ltr'><strong>ι</strong></span> <span class='ocrx_word' id='word_1_536' title='bbox 3291 2906 3411 2962; x_wconf 85' lang='lat' dir='ltr'><strong>Non</strong></span> 
     </span>
    </p>
   </div>
   <div class='ocr_carea' id='block_1_69' title="bbox 1831 2997 3412 3056">
    <p class='ocr_par' dir='ltr' id='par_1_69' title="bbox 1831 2997 3412 3056">
     <span class='ocr_line' id='line_1_69' title="bbox 1831 2997 3412 3056; baseline -0.001 -1"><span class='ocrx_word' id='word_1_537' title='bbox 1831 3002 1949 3055; x_wconf 85' lang='lat' dir='ltr'><strong>vult</strong></span> <span class='ocrx_word' id='word_1_538' title='bbox 1983 3000 2148 3055; x_wconf 80' lang='lat' dir='ltr'><strong>frater</strong></span> <span class='ocrx_word' id='word_1_539' title='bbox 2177 3000 2276 3055; x_wconf 92' lang='lat' dir='ltr'><strong>viri</strong></span> <span class='ocrx_word' id='word_1_540' title='bbox 2313 3000 2418 3055; x_wconf 88' lang='lat' dir='ltr'><strong>mei</strong></span> <span class='ocrx_word' id='word_1_541' title='bbox 2458 3001 2726 3056; x_wconf 87' lang='lat' dir='ltr'><strong>suscitare</strong></span> <span class='ocrx_word' id='word_1_542' title='bbox 2769 3014 2965 3053; x_wconf 87' lang='lat' dir='ltr'><strong>nomen</strong></span> <span class='ocrx_word' id='word_1_543' title='bbox 3012 2997 3198 3053; x_wconf 84' lang='lat' dir='ltr'><strong>fratris</strong></span> <span class='ocrx_word' id='word_1_544' title='bbox 3227 2999 3315 3054; x_wconf 90' lang='lat' dir='ltr'><strong>sui</strong></span> <span class='ocrx_word' id='word_1_545' title='bbox 3356 2997 3412 3053; x_wconf 89' lang='lat' dir='ltr'><strong>in</strong></span> 
     </span>
    </p>
   </div>
   <div class='ocr_carea' id='block_1_70' title="bbox 1833 3090 3414 3162">
    <p class='ocr_par' dir='ltr' id='par_1_70' title="bbox 1833 3090 3414 3162">
     <span class='ocr_line' id='line_1_70' title="bbox 1833 3090 3414 3162; baseline -0.001 -17"><span class='ocrx_word' id='word_1_546' title='bbox 1833 3090 2018 3147; x_wconf 89' lang='lat' dir='ltr'><strong>lsrael.</strong></span> <span class='ocrx_word' id='word_1_547' title='bbox 2049 3111 2067 3146; x_wconf 68' lang='lat' dir='ltr'><strong>i</strong></span> <span class='ocrx_word' id='word_1_548' title='bbox 2110 3090 2284 3162; x_wconf 82' lang='lat' dir='ltr'><strong>Hujus</strong></span> <span class='ocrx_word' id='word_1_549' title='bbox 2325 3091 2519 3148; x_wconf 85' lang='lat' dir='ltr'><strong>deinde</strong></span> <span class='ocrx_word' id='word_1_550' title='bbox 2553 3092 2788 3147; x_wconf 82' lang='lat' dir='ltr'><strong>civitatis</strong></span> <span class='ocrx_word' id='word_1_551' title='bbox 2814 3098 3041 3148; x_wconf 84' lang='lat' dir='ltr'><strong>senatus</strong></span> <span class='ocrx_word' id='word_1_552' title='bbox 3078 3090 3414 3161; x_wconf 84' lang='lat' dir='ltr'><strong>interrogato</strong></span> 
     </span>
    </p>
   </div>
   <div class='ocr_carea' id='block_1_71' title="bbox 1834 3181 3409 3255">
    <p class='ocr_par' dir='ltr' id='par_1_71' title="bbox 1834 3181 3409 3255">
     <span class='ocr_line' id='line_1_71' title="bbox 1834 3181 3409 3255; baseline -0.002 -17"><span class='ocrx_word' id='word_1_553' title='bbox 1834 3185 1954 3241; x_wconf 89' lang='lat' dir='ltr'><strong>viro</strong></span> <span class='ocrx_word' id='word_1_554' title='bbox 2002 3184 2292 3255; x_wconf 80' lang='lat' dir='ltr'><strong>ejusmodi,</strong></span> <span class='ocrx_word' id='word_1_555' title='bbox 2336 3199 2405 3239; x_wconf 93' lang='lat' dir='ltr'><strong>an</strong></span> <span class='ocrx_word' id='word_1_556' title='bbox 2453 3198 2641 3239; x_wconf 80' lang='lat' dir='ltr'><strong>revera</strong></span> <span class='ocrx_word' id='word_1_557' title='bbox 2695 3184 2830 3239; x_wconf 91' lang='lat' dir='ltr'><strong>nolit</strong></span> <span class='ocrx_word' id='word_1_558' title='bbox 2873 3198 2937 3238; x_wconf 80' lang='lat' dir='ltr'><strong>ex</strong></span> <span class='ocrx_word' id='word_1_559' title='bbox 2991 3184 3113 3255; x_wconf 82' lang='lat' dir='ltr'><strong>ipso</strong></span> <span class='ocrx_word' id='word_1_560' title='bbox 3161 3181 3409 3253; x_wconf 86' lang='lat' dir='ltr'><strong>inquirit.</strong></span> 
     </span>
    </p>
   </div>
   <div class='ocr_carea' id='block_1_72' title="bbox 1836 3273 3412 3346">
    <p class='ocr_par' dir='ltr' id='par_1_72' title="bbox 1836 3273 3412 3346">
     <span class='ocr_line' id='line_1_72' title="bbox 1836 3273 3412 3346; baseline -0.001 -17"><span class='ocrx_word' id='word_1_561' title='bbox 1836 3273 2130 3346; x_wconf 85' lang='lat' dir='ltr'><strong>Postquam</strong></span> <span class='ocrx_word' id='word_1_562' title='bbox 2161 3289 2291 3331; x_wconf 89' lang='lat' dir='ltr'><strong>vero</strong></span> <span class='ocrx_word' id='word_1_563' title='bbox 2321 3290 2382 3331; x_wconf 91' lang='lat' dir='ltr'><strong>se</strong></span> <span class='ocrx_word' id='word_1_564' title='bbox 2415 3275 2637 3330; x_wconf 89' lang='lat' dir='ltr'><strong>minime</strong></span> <span class='ocrx_word' id='word_1_565' title='bbox 2688 3274 2822 3330; x_wconf 83' lang='lat' dir='ltr'><strong>velle</strong></span> <span class='ocrx_word' id='word_1_566' title='bbox 2852 3273 3152 3345; x_wconf 80' lang='lat' dir='ltr'><strong>reSpondit,</strong></span> <span class='ocrx_word' id='word_1_567' title='bbox 3195 3274 3314 3345; x_wconf 76' lang='lat' dir='ltr'><strong>ipsa</strong></span> <span class='ocrx_word' id='word_1_568' title='bbox 3344 3273 3412 3328; x_wconf 88' lang='lat' dir='ltr'><strong>ad</strong></span> 
     </span>
    </p>
   </div>
   <div class='ocr_carea' id='block_1_73' title="bbox 1833 3364 3409 3436">
    <p class='ocr_par' dir='ltr' id='par_1_73' title="bbox 1833 3364 3409 3436">
     <span class='ocr_line' id='line_1_73' title="bbox 1833 3364 3409 3436; baseline -0.002 -14"><span class='ocrx_word' id='word_1_569' title='bbox 1833 3382 1957 3422; x_wconf 91' lang='lat' dir='ltr'><strong>eum</strong></span> <span class='ocrx_word' id='word_1_570' title='bbox 1988 3366 2197 3422; x_wconf 88' lang='lat' dir='ltr'><strong>accedit</strong></span> <span class='ocrx_word' id='word_1_571' title='bbox 2215 3365 2309 3436; x_wconf 88' lang='lat' dir='ltr'><strong>qui</strong></span> <span class='ocrx_word' id='word_1_572' title='bbox 2333 3364 2484 3419; x_wconf 82' lang='lat' dir='ltr'><strong>fratri</strong></span> <span class='ocrx_word' id='word_1_573' title='bbox 2516 3379 2619 3421; x_wconf 91' lang='lat' dir='ltr'><strong>suo</strong></span> <span class='ocrx_word' id='word_1_574' title='bbox 2650 3382 2835 3422; x_wconf 90' lang='lat' dir='ltr'><strong>semen</strong></span> <span class='ocrx_word' id='word_1_575' title='bbox 2860 3365 3127 3422; x_wconf 80' lang='lat' dir='ltr'><strong>suscitare</strong></span> <span class='ocrx_word' id='word_1_576' title='bbox 3159 3380 3268 3419; x_wconf 87' lang='lat' dir='ltr'><strong>non</strong></span> <span class='ocrx_word' id='word_1_577' title='bbox 3308 3380 3409 3419; x_wconf 93' lang='lat' dir='ltr'><strong>vo-</strong></span> 
     </span>
    </p>
   </div>
   <div class='ocr_carea' id='block_1_74' title="bbox 1831 3457 3412 3530">
    <p class='ocr_par' dir='ltr' id='par_1_74' title="bbox 1831 3457 3412 3530">
     <span class='ocr_line' id='line_1_74' title="bbox 1831 3457 3412 3530; baseline -0.001 -16"><span class='ocrx_word' id='word_1_578' title='bbox 1831 3460 1953 3524; x_wconf 90' lang='lat' dir='ltr'><strong>luit,</strong></span> <span class='ocrx_word' id='word_1_579' title='bbox 1980 3468 2034 3516; x_wconf 91' lang='lat' dir='ltr'><strong>et</strong></span> <span class='ocrx_word' id='word_1_580' title='bbox 2061 3475 2245 3517; x_wconf 89' lang='lat' dir='ltr'><strong>coram</strong></span> <span class='ocrx_word' id='word_1_581' title='bbox 2272 3462 2584 3518; x_wconf 89' lang='lat' dir='ltr'><strong>senioribus</strong></span> <span class='ocrx_word' id='word_1_582' title='bbox 2611 3461 2790 3530; x_wconf 82' lang='lat' dir='ltr'><strong>ipsum</strong></span> <span class='ocrx_word' id='word_1_583' title='bbox 2820 3457 3122 3523; x_wconf 82' lang='lat' dir='ltr'><strong>convincit,</strong></span> <span class='ocrx_word' id='word_1_584' title='bbox 3157 3466 3211 3513; x_wconf 90' lang='lat' dir='ltr'><strong>et</strong></span> <span class='ocrx_word' id='word_1_585' title='bbox 3241 3457 3412 3513; x_wconf 85' lang='lat' dir='ltr'><strong>altero</strong></span> 
     </span>
    </p>
   </div>
   <div class='ocr_carea' id='block_1_75' title="bbox 1832 3549 3411 3622">
    <p class='ocr_par' dir='ltr' id='par_1_75' title="bbox 1832 3549 3411 3622">
     <span class='ocr_line' id='line_1_75' title="bbox 1832 3549 3411 3622; baseline -0.003 -15"><span class='ocrx_word' id='word_1_586' title='bbox 1832 3552 1954 3622; x_wconf 88' lang='lat' dir='ltr'><strong>ejus</strong></span> <span class='ocrx_word' id='word_1_587' title='bbox 1979 3551 2159 3606; x_wconf 91' lang='lat' dir='ltr'><strong>soluto</strong></span> <span class='ocrx_word' id='word_1_588' title='bbox 2194 3552 2378 3608; x_wconf 89' lang='lat' dir='ltr'><strong>calceo</strong></span> <span class='ocrx_word' id='word_1_589' title='bbox 2402 3553 2625 3608; x_wconf 87' lang='lat' dir='ltr'><strong>infamia</strong></span> <span class='ocrx_word' id='word_1_590' title='bbox 2658 3560 2832 3607; x_wconf 87' lang='lat' dir='ltr'><strong>notat.</strong></span> <span class='ocrx_word' id='word_1_591' title='bbox 2864 3549 2964 3606; x_wconf 82' lang='lat' dir='ltr'><strong>Hic</strong></span> <span class='ocrx_word' id='word_1_592' title='bbox 2990 3558 3172 3605; x_wconf 80' lang='lat' dir='ltr'><strong>autern</strong></span> <span class='ocrx_word' id='word_1_593' title='bbox 3191 3555 3411 3617; x_wconf 89' lang='lat' dir='ltr'><strong>propter</strong></span> 
     </span>
    </p>
   </div>
   <div class='ocr_carea' id='block_1_76' title="bbox 1831 3635 3401 3708">
    <p class='ocr_par' dir='ltr' id='par_1_76' title="bbox 1831 3635 3401 3708">
     <span class='ocr_line' id='line_1_76' title="bbox 1831 3635 3401 3708; baseline -0.004 -13"><span class='ocrx_word' id='word_1_594' title='bbox 1831 3642 1964 3697; x_wconf 87' lang='lat' dir='ltr'><strong>illud</strong></span> <span class='ocrx_word' id='word_1_595' title='bbox 2010 3641 2090 3696; x_wconf 82' lang='grc'><strong>¹⁶;</strong></span> <span class='ocrx_word' id='word_1_596' title='bbox 2130 3659 2150 3693; x_wconf 82' lang='grc' dir='ltr'><strong>ι</strong></span> <span class='ocrx_word' id='word_1_597' title='bbox 2186 3641 2346 3697; x_wconf 89' lang='lat' dir='ltr'><strong>Solve</strong></span> <span class='ocrx_word' id='word_1_598' title='bbox 2388 3643 2815 3698; x_wconf 87' lang='lat' dir='ltr'><strong>calceamentnm</strong></span> <span class='ocrx_word' id='word_1_599' title='bbox 2846 3640 2913 3695; x_wconf 90' lang='lat' dir='ltr'><strong>de</strong></span> <span class='ocrx_word' id='word_1_600' title='bbox 2955 3638 3186 3708; x_wconf 82' lang='lat' dir='ltr'><strong>pedibus</strong></span> <span class='ocrx_word' id='word_1_601' title='bbox 3217 3635 3349 3700; x_wconf 77' lang='lat' dir='ltr'><strong>tuis,</strong></span> <span class='ocrx_word' id='word_1_602' title='bbox 3383 3654 3401 3686; x_wconf 74' lang='grc' dir='ltr'><strong>ι</strong></span> 
     </span>
    </p>
   </div>
   <div class='ocr_carea' id='block_1_77' title="bbox 1832 3723 3409 3804">
    <p class='ocr_par' dir='ltr' id='par_1_77' title="bbox 1832 3723 3409 3804">
     <span class='ocr_line' id='line_1_77' title="bbox 1832 3723 3409 3804; baseline -0.007 -15"><span class='ocrx_word' id='word_1_603' title='bbox 1832 3734 1979 3803; x_wconf 89' lang='lat' dir='ltr'><strong>quod</strong></span> <span class='ocrx_word' id='word_1_604' title='bbox 2009 3732 2180 3804; x_wconf 84' lang='lat' dir='ltr'><strong>Moysi</strong></span> <span class='ocrx_word' id='word_1_605' title='bbox 2203 3742 2256 3788; x_wconf 88' lang='lat' dir='ltr'><strong>et</strong></span> <span class='ocrx_word' id='word_1_606' title='bbox 2283 3730 2450 3788; x_wconf 85' lang='lat' dir='ltr'><strong>Josue</strong></span> <span class='ocrx_word' id='word_1_607' title='bbox 2473 3733 2678 3788; x_wconf 91' lang='lat' dir='ltr'><strong>dictum</strong></span> <span class='ocrx_word' id='word_1_608' title='bbox 2710 3740 2814 3797; x_wconf 89' lang='lat' dir='ltr'><strong>est,</strong></span> <span class='ocrx_word' id='word_1_609' title='bbox 2845 3741 2900 3786; x_wconf 90' lang='lat' dir='ltr'><strong>et</strong></span> <span class='ocrx_word' id='word_1_610' title='bbox 2930 3729 3059 3785; x_wconf 89' lang='lat' dir='ltr'><strong>illud</strong></span> <span class='ocrx_word' id='word_1_611' title='bbox 3088 3740 3309 3798; x_wconf 88' lang='lat' dir='ltr'><strong>quoque</strong></span> <span class='ocrx_word' id='word_1_612' title='bbox 3331 3723 3409 3777; x_wconf 82' lang='lat'><strong>&quot;:</strong></span> 
     </span>
    </p>
   </div>
   <div class='ocr_carea' id='block_1_78' title="bbox 1846 3817 3413 3895">
    <p class='ocr_par' dir='ltr' id='par_1_78' title="bbox 1846 3817 3413 3895">
     <span class='ocr_line' id='line_1_78' title="bbox 1846 3817 3413 3895; baseline -0.005 -18"><span class='ocrx_word' id='word_1_613' title='bbox 1846 3844 1863 3877; x_wconf 82' lang='grc' dir='ltr'><strong>ι</strong></span> <span class='ocrx_word' id='word_1_614' title='bbox 1895 3824 2013 3880; x_wconf 84' lang='grc' dir='ltr'>Νοιι</span> <span class='ocrx_word' id='word_1_615' title='bbox 2045 3840 2166 3880; x_wconf 88' lang='lat' dir='ltr'><strong>sum</strong></span> <span class='ocrx_word' id='word_1_616' title='bbox 2190 3825 2386 3895; x_wconf 89' lang='lat' dir='ltr'><strong>dignus</strong></span> <span class='ocrx_word' id='word_1_617' title='bbox 2416 3833 2478 3878; x_wconf 92' lang='lat' dir='ltr'><strong>ut</strong></span> <span class='ocrx_word' id='word_1_618' title='bbox 2508 3824 2716 3880; x_wconf 89' lang='lat' dir='ltr'><strong>solvam</strong></span> <span class='ocrx_word' id='word_1_619' title='bbox 2740 3824 2859 3895; x_wconf 89' lang='lat' dir='ltr'><strong>ejus</strong></span> <span class='ocrx_word' id='word_1_620' title='bbox 2886 3819 3175 3891; x_wconf 78' lang='lat' dir='ltr'><strong>corrigiam</strong></span> <span class='ocrx_word' id='word_1_621' title='bbox 3209 3817 3413 3872; x_wconf 83' lang='lat' dir='ltr'><strong>calcea-</strong></span> 
     </span>
    </p>
   </div>
   <div class='ocr_carea' id='block_1_79' title="bbox 1839 3904 3414 3982">
    <p class='ocr_par' dir='ltr' id='par_1_79' title="bbox 1839 3904 3414 3982">
     <span class='ocr_line' id='line_1_79' title="bbox 1839 3904 3414 3982; baseline -0.007 -14"><span class='ocrx_word' id='word_1_622' title='bbox 1839 3913 2029 3978; x_wconf 88' lang='lat' dir='ltr'><strong>menti,</strong></span> <span class='ocrx_word' id='word_1_623' title='bbox 2070 3932 2089 3965; x_wconf 74' lang='lat' dir='ltr'><strong>v</strong></span> <span class='ocrx_word' id='word_1_624' title='bbox 2121 3913 2265 3982; x_wconf 91' lang='lat' dir='ltr'><strong>quod</strong></span> <span class='ocrx_word' id='word_1_625' title='bbox 2295 3913 2348 3967; x_wconf 93' lang='lat' dir='ltr'><strong>in</strong></span> <span class='ocrx_word' id='word_1_626' title='bbox 2377 3911 2685 3982; x_wconf 87' lang='lat' dir='ltr'><strong>Evangeliis</strong></span> <span class='ocrx_word' id='word_1_627' title='bbox 2730 3909 3029 3966; x_wconf 89' lang='lat' dir='ltr'><strong>secundum</strong></span> <span class='ocrx_word' id='word_1_628' title='bbox 3057 3906 3260 3962; x_wconf 88' lang='lat' dir='ltr'><strong>Lucam</strong></span> <span class='ocrx_word' id='word_1_629' title='bbox 3287 3904 3330 3935; x_wconf 77' lang='grc'><strong>¹⁸</strong></span> <span class='ocrx_word' id='word_1_630' title='bbox 3357 3911 3414 3959; x_wconf 90' lang='lat' dir='ltr'><strong>et</strong></span> 
     </span>
    </p>
   </div>
   <div class='ocr_carea' id='block_1_80' title="bbox 1840 3995 3409 4071">
    <p class='ocr_par' dir='ltr' id='par_1_80' title="bbox 1840 3995 3409 4071">
     <span class='ocr_line' id='line_1_80' title="bbox 1840 3995 3409 4071; baseline -0.006 -10"><span class='ocrx_word' id='word_1_631' title='bbox 1840 4005 2138 4061; x_wconf 90' lang='lat' dir='ltr'><strong>secundum</strong></span> <span class='ocrx_word' id='word_1_632' title='bbox 2169 4003 2411 4060; x_wconf 87' lang='lat' dir='ltr'><strong>Marcum</strong></span> <span class='ocrx_word' id='word_1_633' title='bbox 2454 4005 2520 4071; x_wconf 72' lang='grc' dir='ltr'>η,</span> <span class='ocrx_word' id='word_1_634' title='bbox 2556 4018 2769 4059; x_wconf 90' lang='lat' dir='ltr'><strong>necnon</strong></span> <span class='ocrx_word' id='word_1_635' title='bbox 2804 4011 2858 4056; x_wconf 91' lang='lat' dir='ltr'><strong>et</strong></span> <span class='ocrx_word' id='word_1_636' title='bbox 2898 4002 2953 4056; x_wconf 87' lang='lat' dir='ltr'><strong>in</strong></span> <span class='ocrx_word' id='word_1_637' title='bbox 2996 3995 3292 4069; x_wconf 85' lang='lat' dir='ltr'><strong>Evangelio</strong></span> <span class='ocrx_word' id='word_1_638' title='bbox 3321 4009 3409 4052; x_wconf 88' lang='lat' dir='ltr'><strong>se-</strong></span> 
     </span>
    </p>
   </div>
   <div class='ocr_carea' id='block_1_81' title="bbox 1839 4091 3410 4165">
    <p class='ocr_par' dir='ltr' id='par_1_81' title="bbox 1839 4091 3410 4165">
     <span class='ocr_line' id='line_1_81' title="bbox 1839 4091 3410 4165; baseline -0.004 -15"><span class='ocrx_word' id='word_1_639' title='bbox 1839 4095 2078 4150; x_wconf 89' lang='lat' dir='ltr'><strong>cundum</strong></span> <span class='ocrx_word' id='word_1_640' title='bbox 2107 4094 2372 4151; x_wconf 84' lang='lat' dir='ltr'><strong>Joannem</strong></span> <span class='ocrx_word' id='word_1_641' title='bbox 2395 4095 2656 4165; x_wconf 88' lang='lat' dir='ltr'><strong>scriptum</strong></span> <span class='ocrx_word' id='word_1_642' title='bbox 2683 4103 2785 4161; x_wconf 88' lang='lat' dir='ltr'><strong>est,</strong></span> <span class='ocrx_word' id='word_1_643' title='bbox 2817 4093 2942 4149; x_wconf 85' lang='lat' dir='ltr'><strong>vide</strong></span> <span class='ocrx_word' id='word_1_644' title='bbox 2970 4108 3101 4148; x_wconf 89' lang='lat' dir='ltr'><strong>num</strong></span> <span class='ocrx_word' id='word_1_645' title='bbox 3127 4091 3269 4147; x_wconf 89' lang='lat' dir='ltr'><strong>idem</strong></span> <span class='ocrx_word' id='word_1_646' title='bbox 3299 4104 3410 4144; x_wconf 89' lang='lat' dir='ltr'><strong>non</strong></span> 
     </span>
    </p>
   </div>
   <div class='ocr_carea' id='block_1_82' title="bbox 148 4181 1733 4263">
    <p class='ocr_par' dir='ltr' id='par_1_82' title="bbox 148 4186 1733 4263">
     <span class='ocr_line' id='line_1_82' title="bbox 148 4186 1733 4263; baseline 0.004 -25"><span class='ocrx_word' id='word_1_647' title='bbox 148 4186 266 4252; x_wconf 81' lang='grc' dir='ltr'>τοῦ,</span> <span class='ocrx_word' id='word_1_648' title='bbox 314 4206 336 4238; x_wconf 84' lang='grc'><strong>›</strong></span> <span class='ocrx_word' id='word_1_649' title='bbox 384 4190 767 4261; x_wconf 84' lang='grc' dir='ltr'>γεγραμμένον</span> <span class='ocrx_word' id='word_1_650' title='bbox 816 4193 875 4246; x_wconf 81' lang='grc' dir='ltr'>ὲν</span> <span class='ocrx_word' id='word_1_651' title='bbox 908 4191 986 4263; x_wconf 84' lang='grc' dir='ltr'>τῷ</span> <span class='ocrx_word' id='word_1_652' title='bbox 1025 4192 1167 4246; x_wconf 85' lang='grc' dir='ltr'><strong>κατά</strong></span> <span class='ocrx_word' id='word_1_653' title='bbox 1207 4192 1442 4257; x_wconf 79' lang='grc' dir='ltr'>Λουκᾶν,</span> <span class='ocrx_word' id='word_1_654' title='bbox 1472 4192 1567 4245; x_wconf 80' lang='grc' dir='ltr'>καὶ</span> <span class='ocrx_word' id='word_1_655' title='bbox 1596 4189 1733 4245; x_wconf 83' lang='grc' dir='ltr'>κατὰ</span> 
     </span>
    </p>
   </div>
   <div class='ocr_carea' id='block_1_83' title="bbox 1834 4181 3412 4263">
    <p class='ocr_par' dir='ltr' id='par_1_83' title="bbox 1836 4181 3412 4251">
     <span class='ocr_line' id='line_1_83' title="bbox 1836 4181 3412 4251; baseline -0.006 -9"><span class='ocrx_word' id='word_1_656' title='bbox 1836 4186 1908 4242; x_wconf 91' lang='lat' dir='ltr'><strong>sit</strong></span> <span class='ocrx_word' id='word_1_657' title='bbox 1929 4186 2141 4241; x_wconf 88' lang='lat' dir='ltr'><strong>solvere</strong></span> <span class='ocrx_word' id='word_1_658' title='bbox 2169 4187 2620 4251; x_wconf 82' lang='lat' dir='ltr'><strong>calceamentum,</strong></span> <span class='ocrx_word' id='word_1_659' title='bbox 2644 4200 2709 4242; x_wconf 91' lang='lat' dir='ltr'><strong>ac</strong></span> <span class='ocrx_word' id='word_1_660' title='bbox 2735 4186 3093 4251; x_wconf 88' lang='lat' dir='ltr'><strong>discalceare;</strong></span> <span class='ocrx_word' id='word_1_661' title='bbox 3126 4197 3229 4238; x_wconf 87' lang='lat' dir='ltr'><strong>nec</strong></span> <span class='ocrx_word' id='word_1_662' title='bbox 3264 4181 3412 4237; x_wconf 90' lang='lat' dir='ltr'><strong>enim</strong></span> 
     </span>
    </p>
   </div>
   <div class='ocr_carea' id='block_1_84' title="bbox 148 4271 1733 4359">
    <p class='ocr_par' dir='ltr' id='par_1_84' title="bbox 148 4278 1733 4359">
     <span class='ocr_line' id='line_1_84' title="bbox 148 4278 1733 4359; baseline 0.002 -29"><span class='ocrx_word' id='word_1_663' title='bbox 148 4278 409 4359; x_wconf 81' lang='grc' dir='ltr'>Μάρκον,</span> <span class='ocrx_word' id='word_1_664' title='bbox 435 4280 530 4334; x_wconf 76' lang='grc' dir='ltr'><strong>καὶ</strong></span> <span class='ocrx_word' id='word_1_665' title='bbox 554 4282 610 4335; x_wconf 84' lang='grc' dir='ltr'>ὲν</span> <span class='ocrx_word' id='word_1_666' title='bbox 632 4281 709 4353; x_wconf 85' lang='grc' dir='ltr'>τῷ</span> <span class='ocrx_word' id='word_1_667' title='bbox 737 4283 879 4338; x_wconf 81' lang='grc' dir='ltr'>κατὰ</span> <span class='ocrx_word' id='word_1_668' title='bbox 913 4283 1187 4354; x_wconf 84' lang='grc' dir='ltr'>Ἰωάννην,</span> <span class='ocrx_word' id='word_1_669' title='bbox 1220 4283 1429 4354; x_wconf 82' lang='grc' dir='ltr'>μήποτε</span> <span class='ocrx_word' id='word_1_670' title='bbox 1450 4281 1511 4335; x_wconf 84' lang='grc' dir='ltr'><strong>οὑ</strong></span> <span class='ocrx_word' id='word_1_671' title='bbox 1540 4280 1733 4335; x_wconf 82' lang='grc' dir='ltr'>ταυτόν</span> 
     </span>
    </p>
   </div>
   <div class='ocr_carea' id='block_1_85' title="bbox 1834 4271 3413 4359">
    <p class='ocr_par' dir='ltr' id='par_1_85' title="bbox 1834 4271 3413 4351">
     <span class='ocr_line' id='line_1_85' title="bbox 1834 4271 3413 4351; baseline -0.006 -16"><span class='ocrx_word' id='word_1_672' title='bbox 1834 4280 2149 4336; x_wconf 85' lang='lat' dir='ltr'><strong>discalceari</strong></span> <span class='ocrx_word' id='word_1_673' title='bbox 2187 4279 2448 4351; x_wconf 84' lang='lat' dir='ltr'><strong>jubeutur</strong></span> <span class='ocrx_word' id='word_1_674' title='bbox 2495 4277 2731 4348; x_wconf 86' lang='lat' dir='ltr'><strong>Moyses,</strong></span> <span class='ocrx_word' id='word_1_675' title='bbox 2771 4277 2856 4332; x_wconf 89' lang='lat' dir='ltr'><strong>vel</strong></span> <span class='ocrx_word' id='word_1_676' title='bbox 2894 4274 3081 4338; x_wconf 84' lang='lat' dir='ltr'><strong>Josue,</strong></span> <span class='ocrx_word' id='word_1_677' title='bbox 3126 4286 3304 4343; x_wconf 88' lang='lat' dir='ltr'><strong>neque</strong></span> <span class='ocrx_word' id='word_1_678' title='bbox 3343 4271 3413 4326; x_wconf 84' lang='lat' dir='ltr'><strong>de</strong></span> 
     </span>
    </p>
   </div>
   <div class='ocr_carea' id='block_1_86' title="bbox 149 4361 1733 4446">
    <p class='ocr_par' dir='ltr' id='par_1_86' title="bbox 149 4369 1733 4446">
     <span class='ocr_line' id='line_1_86' title="bbox 149 4369 1733 4446; baseline 0.002 -26"><span class='ocrx_word' id='word_1_679' title='bbox 149 4369 269 4423; x_wconf 74' lang='grc' dir='ltr'>ἐστι</span> <span class='ocrx_word' id='word_1_680' title='bbox 296 4370 364 4424; x_wconf 79' lang='grc' dir='ltr'><strong>τὸ</strong></span> <span class='ocrx_word' id='word_1_681' title='bbox 394 4370 552 4427; x_wconf 75' lang='grc' dir='ltr'>λῦσαι</span> <span class='ocrx_word' id='word_1_682' title='bbox 576 4373 637 4427; x_wconf 81' lang='grc' dir='ltr'><strong>τὸ</strong></span> <span class='ocrx_word' id='word_1_683' title='bbox 660 4374 912 4446; x_wconf 87' lang='grc' dir='ltr'>ὑπόδημα</span> <span class='ocrx_word' id='word_1_684' title='bbox 936 4373 1013 4445; x_wconf 83' lang='grc' dir='ltr'>τῷ</span> <span class='ocrx_word' id='word_1_685' title='bbox 1038 4373 1328 4429; x_wconf 77' lang='grc' dir='ltr'>ὑπολῦσαιο</span> <span class='ocrx_word' id='word_1_686' title='bbox 1364 4373 1425 4426; x_wconf 84' lang='grc' dir='ltr'><strong>οὑ</strong></span> <span class='ocrx_word' id='word_1_687' title='bbox 1459 4371 1567 4443; x_wconf 86' lang='grc' dir='ltr'>γὰρ</span> <span class='ocrx_word' id='word_1_688' title='bbox 1603 4371 1733 4424; x_wconf 87' lang='grc' dir='ltr'>ὑπο-</span> 
     </span>
    </p>
   </div>
   <div class='ocr_carea' id='block_1_87' title="bbox 1834 4361 3413 4446">
    <p class='ocr_par' dir='ltr' id='par_1_87' title="bbox 1837 4361 3413 4441">
     <span class='ocr_line' id='line_1_87' title="bbox 1837 4361 3413 4441; baseline -0.006 -15"><span class='ocrx_word' id='word_1_689' title='bbox 1837 4371 2125 4428; x_wconf 89' lang='lat' dir='ltr'><strong>Servatore</strong></span> <span class='ocrx_word' id='word_1_690' title='bbox 2170 4373 2402 4441; x_wconf 91' lang='lat' dir='ltr'><strong>loquens</strong></span> <span class='ocrx_word' id='word_1_691' title='bbox 2444 4368 2684 4425; x_wconf 86' lang='lat' dir='ltr'><strong>Joannes</strong></span> <span class='ocrx_word' id='word_1_692' title='bbox 2725 4383 2861 4423; x_wconf 90' lang='lat' dir='ltr'><strong>usus</strong></span> <span class='ocrx_word' id='word_1_693' title='bbox 2905 4375 2989 4422; x_wconf 90' lang='lat' dir='ltr'><strong>est</strong></span> <span class='ocrx_word' id='word_1_694' title='bbox 3026 4379 3180 4431; x_wconf 86' lang='lat' dir='ltr'><strong>voce,</strong></span> <span class='ocrx_word' id='word_1_695' title='bbox 3213 4361 3413 4418; x_wconf 85' lang='lat' dir='ltr'><strong>discal-</strong></span> 
     </span>
    </p>
   </div>
   <div class='ocr_carea' id='block_1_88' title="bbox 146 4452 1733 4551">
    <p class='ocr_par' dir='ltr' id='par_1_88' title="bbox 146 4458 1733 4551">
     <span class='ocr_line' id='line_1_88' title="bbox 146 4458 1733 4551; baseline 0.002 -38"><span class='ocrx_word' id='word_1_696' title='bbox 146 4458 427 4517; x_wconf 76' lang='grc' dir='ltr'>λύσασθαι</span> <span class='ocrx_word' id='word_1_697' title='bbox 457 4464 731 4520; x_wconf 82' lang='grc' dir='ltr'>κελεὺεται</span> <span class='ocrx_word' id='word_1_698' title='bbox 758 4466 1019 4538; x_wconf 84' lang='grc' dir='ltr'>Μωῦσῆς,</span> <span class='ocrx_word' id='word_1_699' title='bbox 1121 4465 1348 4540; x_wconf 85' lang='grc' dir='ltr'>Ἰησοῦς,</span> <span class='ocrx_word' id='word_1_700' title='bbox 1390 4464 1512 4519; x_wconf 83' lang='grc' dir='ltr'>οὑδὲ</span> <span class='ocrx_word' id='word_1_701' title='bbox 1556 4464 1733 4517; x_wconf 85' lang='grc' dir='ltr'>Ἰωάν-</span> 
     </span>
    </p>
   </div>
   <div class='ocr_carea' id='block_1_89' title="bbox 1834 4452 3411 4551">
    <p class='ocr_par' dir='ltr' id='par_1_89' title="bbox 1835 4452 3411 4534">
     <span class='ocr_line' id='line_1_89' title="bbox 1835 4452 3411 4534; baseline -0.008 -15"><span class='ocrx_word' id='word_1_702' title='bbox 1835 4479 2012 4520; x_wconf 88' lang='lat' dir='ltr'><strong>ceare.</strong></span> <span class='ocrx_word' id='word_1_703' title='bbox 2043 4461 2094 4518; x_wconf 91' lang='lat' dir='ltr'><strong>ls</strong></span> <span class='ocrx_word' id='word_1_704' title='bbox 2123 4477 2253 4534; x_wconf 90' lang='lat' dir='ltr'><strong>ergo</strong></span> <span class='ocrx_word' id='word_1_705' title='bbox 2277 4463 2371 4533; x_wconf 91' lang='lat' dir='ltr'><strong>qui</strong></span> <span class='ocrx_word' id='word_1_706' title='bbox 2400 4463 2571 4534; x_wconf 84' lang='lat' dir='ltr'><strong>legem</strong></span> <span class='ocrx_word' id='word_1_707' title='bbox 2601 4459 2771 4532; x_wconf 79' lang='lat'><strong>819</strong></span> <span class='ocrx_word' id='word_1_708' title='bbox 2798 4458 2965 4514; x_wconf 90' lang='lat' dir='ltr'><strong>violat</strong></span> <span class='ocrx_word' id='word_1_709' title='bbox 2989 4470 3166 4527; x_wconf 88' lang='lat' dir='ltr'><strong>neque</strong></span> <span class='ocrx_word' id='word_1_710' title='bbox 3184 4452 3411 4510; x_wconf 90' lang='lat' dir='ltr'><strong>omnino</strong></span> 
     </span>
    </p>
   </div>
   <div class='ocr_carea' id='block_1_90' title="bbox 1351 4576 2211 4638">
    <p class='ocr_par' dir='ltr' id='par_1_90' title="bbox 1351 4576 2211 4638">
     <span class='ocr_line' id='line_1_90' title="bbox 1351 4576 2211 4638; baseline -0.007 0"><span class='ocrx_word' id='word_1_711' title='bbox 1351 4579 1588 4638; x_wconf 76' lang='lat' dir='ltr'><strong>VETUS</strong></span> <span class='ocrx_word' id='word_1_712' title='bbox 1626 4576 2211 4634; x_wconf 72' lang='lat' dir='ltr'><strong>INTERPRETATIO.</strong></span> 
     </span>
    </p>
   </div>
   <div class='ocr_carea' id='block_1_91' title="bbox 142 4682 3409 4771">
    <p class='ocr_par' dir='ltr' id='par_1_91' title="bbox 142 4682 3409 4771">
     <span class='ocr_line' id='line_1_91' title="bbox 142 4682 3409 4771; baseline -0.002 -21"><span class='ocrx_word' id='word_1_713' title='bbox 142 4682 364 4771; x_wconf 73' lang='lat' dir='ltr'><strong>eorum</strong></span> <span class='ocrx_word' id='word_1_714' title='bbox 382 4708 504 4771; x_wconf 67' lang='lat' dir='ltr'><strong>quae</strong></span> <span class='ocrx_word' id='word_1_715' title='bbox 528 4695 783 4752; x_wconf 86' lang='lat' dir='ltr'><strong>dicuntur</strong></span> <span class='ocrx_word' id='word_1_716' title='bbox 811 4697 862 4750; x_wconf 92' lang='lat' dir='ltr'><strong>in</strong></span> <span class='ocrx_word' id='word_1_717' title='bbox 893 4696 1019 4771; x_wconf 83' lang='lat' dir='ltr'><strong>lege</strong></span> <span class='ocrx_word' id='word_1_718' title='bbox 1038 4697 1501 4771; x_wconf 80' lang='lat' dir='ltr'><strong>sumit_origmem</strong></span> <span class='ocrx_word' id='word_1_719' title='bbox 1537 4711 1551 4745; x_wconf 91' lang='lat'><strong>:</strong></span> <span class='ocrx_word' id='word_1_720' title='bbox 1583 4695 1774 4771; x_wconf 81' lang='lat' dir='ltr'><strong>etideo</strong></span> <span class='ocrx_word' id='word_1_721' title='bbox 1802 4695 2001 4771; x_wconf 77' lang='lat' dir='ltr'><strong>dicitur</strong></span> <span class='ocrx_word' id='word_1_722' title='bbox 2017 4695 2180 4748; x_wconf 90' lang='lat' dir='ltr'><strong>homo</strong></span> <span class='ocrx_word' id='word_1_723' title='bbox 2209 4709 2551 4771; x_wconf 74' lang='lat' dir='ltr'><strong>propinquus</strong></span> <span class='ocrx_word' id='word_1_724' title='bbox 2575 4695 2765 4771; x_wconf 71' lang='lat' dir='ltr'><strong>nolens</strong></span> <span class='ocrx_word' id='word_1_725' title='bbox 2792 4693 3058 4751; x_wconf 87' lang='lat' dir='ltr'><strong>suscitare</strong></span> <span class='ocrx_word' id='word_1_726' title='bbox 3082 4705 3281 4771; x_wconf 73' lang='lat' dir='ltr'><strong>nomen</strong></span> <span class='ocrx_word' id='word_1_727' title='bbox 3300 4686 3409 4771; x_wconf 79' lang='lat' dir='ltr'><strong>fra-</strong></span> 
     </span>
    </p>
   </div>
   <div class='ocr_carea' id='block_1_92' title="bbox 142 4761 3406 4837">
    <p class='ocr_par' dir='ltr' id='par_1_92' title="bbox 142 4761 3406 4837">
     <span class='ocr_line' id='line_1_92' title="bbox 142 4761 3406 4837; baseline 0.001 -18"><span class='ocrx_word' id='word_1_728' title='bbox 142 4766 251 4837; x_wconf 80' lang='lat' dir='ltr'><strong>tris</strong></span> <span class='ocrx_word' id='word_1_729' title='bbox 274 4761 471 4837; x_wconf 42' lang='lat' dir='ltr'><strong>sui,_et</strong></span> <span class='ocrx_word' id='word_1_730' title='bbox 493 4766 758 4822; x_wconf 88' lang='lat' dir='ltr'><strong>honorare</strong></span> <span class='ocrx_word' id='word_1_731' title='bbox 787 4761 991 4837; x_wconf 69' lang='lat' dir='ltr'><strong>nomen</strong></span> <span class='ocrx_word' id='word_1_732' title='bbox 1008 4768 1159 4837; x_wconf 85' lang='lat' dir='ltr'><strong>legis.</strong></span> <span class='ocrx_word' id='word_1_733' title='bbox 1195 4766 1308 4822; x_wconf 86' lang='lat' dir='ltr'><strong>Hoc</strong></span> <span class='ocrx_word' id='word_1_734' title='bbox 1326 4761 1513 4821; x_wconf 71' lang='lat' dir='ltr'><strong>autem</strong></span> <span class='ocrx_word' id='word_1_735' title='bbox 1540 4768 1762 4821; x_wconf 86' lang='lat' dir='ltr'><strong>verbum</strong></span> <span class='ocrx_word' id='word_1_736' title='bbox 1791 4781 1914 4820; x_wconf 91' lang='lat' dir='ltr'><strong>cum</strong></span> <span class='ocrx_word' id='word_1_737' title='bbox 1940 4765 2010 4819; x_wconf 91' lang='lat' dir='ltr'><strong>sit</strong></span> <span class='ocrx_word' id='word_1_738' title='bbox 2036 4761 2284 4837; x_wconf 78' lang='lat' dir='ltr'><strong>pravum,</strong></span> <span class='ocrx_word' id='word_1_739' title='bbox 2313 4761 2566 4837; x_wconf 47' lang='lat' dir='ltr'><strong>non—vult</strong></span> <span class='ocrx_word' id='word_1_740' title='bbox 2590 4766 2834 4837; x_wconf 87' lang='lat' dir='ltr'><strong>accipere</strong></span> <span class='ocrx_word' id='word_1_741' title='bbox 2858 4779 3081 4837; x_wconf 67' lang='lat' dir='ltr'><strong>uxorem</strong></span> <span class='ocrx_word' id='word_1_742' title='bbox 3100 4761 3281 4837; x_wconf 76' lang='lat' dir='ltr'><strong>fratris</strong></span> <span class='ocrx_word' id='word_1_743' title='bbox 3298 4761 3406 4823; x_wconf 72' lang='lat' dir='ltr'><strong>sui.</strong></span> 
     </span>
    </p>
   </div>
   <div class='ocr_carea' id='block_1_93' title="bbox 140 4830 3410 4906">
    <p class='ocr_par' dir='ltr' id='par_1_93' title="bbox 140 4830 3410 4906">
     <span class='ocr_line' id='line_1_93' title="bbox 140 4830 3410 4906; baseline -0.002 -18"><span class='ocrx_word' id='word_1_744' title='bbox 140 4834 196 4888; x_wconf 71' lang='lat' dir='ltr'><strong>id</strong></span> <span class='ocrx_word' id='word_1_745' title='bbox 241 4842 334 4889; x_wconf 86' lang='lat' dir='ltr'><strong>est</strong></span> <span class='ocrx_word' id='word_1_746' title='bbox 364 4835 602 4889; x_wconf 89' lang='lat' dir='ltr'><strong>animam</strong></span> <span class='ocrx_word' id='word_1_747' title='bbox 624 4846 846 4906; x_wconf 73' lang='lat' dir='ltr'><strong>rectam,</strong></span> <span class='ocrx_word' id='word_1_748' title='bbox 881 4837 947 4890; x_wconf 83' lang='lat' dir='ltr'><strong>ad</strong></span> <span class='ocrx_word' id='word_1_749' title='bbox 972 4830 1404 4893; x_wconf 69' lang='lat' dir='ltr'><strong>fructificantlum</strong></span> <span class='ocrx_word' id='word_1_750' title='bbox 1438 4844 1494 4890; x_wconf 90' lang='lat' dir='ltr'><strong>et</strong></span> <span class='ocrx_word' id='word_1_751' title='bbox 1520 4836 1881 4906; x_wconf 87' lang='lat' dir='ltr'><strong>reparandum</strong></span> <span class='ocrx_word' id='word_1_752' title='bbox 1911 4830 2108 4906; x_wconf 73' lang='lat' dir='ltr'><strong>nomen</strong></span> <span class='ocrx_word' id='word_1_753' title='bbox 2146 4833 2296 4906; x_wconf 79' lang='lat' dir='ltr'><strong>legis.</strong></span> <span class='ocrx_word' id='word_1_754' title='bbox 2331 4834 2555 4904; x_wconf 77' lang='lat' dir='ltr'><strong>Propter</strong></span> <span class='ocrx_word' id='word_1_755' title='bbox 2578 4830 2723 4905; x_wconf 76' lang='lat' dir='ltr'><strong>quod</strong></span> <span class='ocrx_word' id='word_1_756' title='bbox 2755 4834 2955 4906; x_wconf 87' lang='lat' dir='ltr'><strong>mulier</strong></span> <span class='ocrx_word' id='word_1_757' title='bbox 2989 4833 3080 4906; x_wconf 83' lang='lat' dir='ltr'><strong>illa</strong></span> <span class='ocrx_word' id='word_1_758' title='bbox 3110 4845 3217 4886; x_wconf 92' lang='lat' dir='ltr'><strong>non</strong></span> <span class='ocrx_word' id='word_1_759' title='bbox 3251 4830 3410 4884; x_wconf 84' lang='lat' dir='ltr'><strong>dcor-</strong></span> 
     </span>
    </p>
   </div>
   <div class='ocr_carea' id='block_1_94' title="bbox 139 4903 3405 4980">
    <p class='ocr_par' dir='ltr' id='par_1_94' title="bbox 139 4903 3405 4980">
     <span class='ocr_line' id='line_1_94' title="bbox 139 4903 3405 4980; baseline -0.002 -21"><span class='ocrx_word' id='word_1_760' title='bbox 139 4919 270 4980; x_wconf 51' lang='lat' dir='ltr'><strong>snin</strong></span> <span class='ocrx_word' id='word_1_761' title='bbox 304 4913 417 4957; x_wconf 89' lang='lat' dir='ltr'><strong>stat</strong></span> <span class='ocrx_word' id='word_1_762' title='bbox 438 4915 778 4980; x_wconf 70' lang='lat' dir='ltr'><strong>qu:e_parata</strong></span> <span class='ocrx_word' id='word_1_763' title='bbox 806 4905 906 4980; x_wconf 77' lang='lat' dir='ltr'><strong>fuit</strong></span> <span class='ocrx_word' id='word_1_764' title='bbox 934 4910 1199 4980; x_wconf 80' lang='lat' dir='ltr'><strong>honorare</strong></span> <span class='ocrx_word' id='word_1_765' title='bbox 1227 4907 1405 4980; x_wconf 78' lang='lat' dir='ltr'><strong>virum</strong></span> <span class='ocrx_word' id='word_1_766' title='bbox 1438 4903 1598 4960; x_wconf 82' lang='lat' dir='ltr'><strong>suum</strong></span> <span class='ocrx_word' id='word_1_767' title='bbox 1631 4907 1893 4980; x_wconf 72' lang='lat' dir='ltr'><strong>priorem.</strong></span> <span class='ocrx_word' id='word_1_768' title='bbox 1926 4905 2019 4959; x_wconf 90' lang='lat' dir='ltr'><strong>sed</strong></span> <span class='ocrx_word' id='word_1_769' title='bbox 2054 4903 2410 4980; x_wconf 37' lang='lat' dir='ltr'><strong>ascendituad</strong></span> <span class='ocrx_word' id='word_1_770' title='bbox 2442 4903 2696 4980; x_wconf 76' lang='lat' dir='ltr'><strong>portam,</strong></span> <span class='ocrx_word' id='word_1_771' title='bbox 2732 4905 2799 4980; x_wconf 80' lang='lat' dir='ltr'><strong>de</strong></span> <span class='ocrx_word' id='word_1_772' title='bbox 2828 4919 2936 4980; x_wconf 82' lang='lat' dir='ltr'><strong>qua</strong></span> <span class='ocrx_word' id='word_1_773' title='bbox 2974 4903 3237 4980; x_wconf 56' lang='lat' dir='ltr'><strong>scriptum</strong></span> <span class='ocrx_word' id='word_1_774' title='bbox 3259 4908 3363 4980; x_wconf 72' lang='lat' dir='ltr'><strong>_est</strong></span> <span class='ocrx_word' id='word_1_775' title='bbox 3391 4918 3405 4952; x_wconf 89' lang='lat'><strong>:</strong></span> 
     </span>
    </p>
   </div>
   <div class='ocr_carea' id='block_1_95' title="bbox 146 4969 3405 5044">
    <p class='ocr_par' dir='ltr' id='par_1_95' title="bbox 146 4969 3405 5044">
     <span class='ocr_line' id='line_1_95' title="bbox 146 4969 3405 5044; baseline -0.002 -18"><span class='ocrx_word' id='word_1_776' title='bbox 146 4992 167 5044; x_wconf 63' lang='grc' dir='ltr'><strong>ς</strong></span> <span class='ocrx_word' id='word_1_777' title='bbox 199 4972 341 5028; x_wconf 66' lang='lat' dir='ltr'><strong>Haec</strong></span> <span class='ocrx_word' id='word_1_778' title='bbox 367 4969 518 5043; x_wconf 81' lang='lat' dir='ltr'><strong>porta</strong></span> <span class='ocrx_word' id='word_1_779' title='bbox 550 4969 788 5041; x_wconf 80' lang='lat' dir='ltr'><strong>Domini,</strong></span> <span class='ocrx_word' id='word_1_780' title='bbox 814 4976 948 5043; x_wconf 90' lang='lat' dir='ltr'><strong>justi</strong></span> <span class='ocrx_word' id='word_1_781' title='bbox 978 4977 1257 5031; x_wconf 87' lang='lat' dir='ltr'><strong>intrabunt</strong></span> <span class='ocrx_word' id='word_1_782' title='bbox 1277 4978 1329 5031; x_wconf 92' lang='lat' dir='ltr'><strong>in</strong></span> <span class='ocrx_word' id='word_1_783' title='bbox 1356 4969 1511 5043; x_wconf 79' lang='lat' dir='ltr'><strong>eam;</strong></span> <span class='ocrx_word' id='word_1_784' title='bbox 1551 4996 1569 5028; x_wconf 76' lang='grc' dir='ltr'><strong>ι</strong></span> <span class='ocrx_word' id='word_1_785' title='bbox 1598 4969 1651 5032; x_wconf 75' lang='lat' dir='ltr'><strong>ei</strong></span> <span class='ocrx_word' id='word_1_786' title='bbox 1682 4975 1750 5031; x_wconf 89' lang='lat' dir='ltr'><strong>ad</strong></span> <span class='ocrx_word' id='word_1_787' title='bbox 1779 4976 2023 5031; x_wconf 87' lang='lat' dir='ltr'><strong>seniores</strong></span> <span class='ocrx_word' id='word_1_788' title='bbox 2044 4975 2279 5029; x_wconf 88' lang='lat' dir='ltr'><strong>civitatis</strong></span> <span class='ocrx_word' id='word_1_789' title='bbox 2304 4969 2476 5032; x_wconf 67' lang='lat' dir='ltr'><strong>illius.</strong></span> <span class='ocrx_word' id='word_1_790' title='bbox 2504 4977 2553 5030; x_wconf 76' lang='lat' dir='ltr'><strong>id</strong></span> <span class='ocrx_word' id='word_1_791' title='bbox 2579 4985 2660 5030; x_wconf 90' lang='lat' dir='ltr'><strong>est</strong></span> <span class='ocrx_word' id='word_1_792' title='bbox 2685 4969 2754 5029; x_wconf 83' lang='lat' dir='ltr'><strong>ad</strong></span> <span class='ocrx_word' id='word_1_793' title='bbox 2783 4969 3128 5044; x_wconf 75' lang='lat' dir='ltr'><strong>presbyteros</strong></span> <span class='ocrx_word' id='word_1_794' title='bbox 3147 4969 3405 5024; x_wconf 74' lang='lat' dir='ltr'><strong>Ecclesia:</strong></span> 
     </span>
    </p>
   </div>
   <div class='ocr_carea' id='block_1_96' title="bbox 142 5042 3405 5119">
    <p class='ocr_par' dir='ltr' id='par_1_96' title="bbox 142 5042 3405 5119">
     <span class='ocr_line' id='line_1_96' title="bbox 142 5042 3405 5119; baseline -0.002 -23"><span class='ocrx_word' id='word_1_795' title='bbox 142 5043 266 5119; x_wconf 68' lang='lat' dir='ltr'><strong>pei,</strong></span> <span class='ocrx_word' id='word_1_796' title='bbox 296 5042 379 5119; x_wconf 70' lang='lat' dir='ltr'><strong>et</strong></span> <span class='ocrx_word' id='word_1_797' title='bbox 411 5046 694 5119; x_wconf 76' lang='lat' dir='ltr'><strong>convincet</strong></span> <span class='ocrx_word' id='word_1_798' title='bbox 722 5042 1170 5119; x_wconf 72' lang='lat' dir='ltr'><strong>mulierverbum</strong></span> <span class='ocrx_word' id='word_1_799' title='bbox 1217 5046 1348 5102; x_wconf 90' lang='lat' dir='ltr'><strong>illud</strong></span> <span class='ocrx_word' id='word_1_800' title='bbox 1377 5042 1615 5119; x_wconf 82' lang='lat' dir='ltr'><strong>pravum</strong></span> <span class='ocrx_word' id='word_1_801' title='bbox 1638 5047 1857 5119; x_wconf 79' lang='lat' dir='ltr'><strong>dicens,</strong></span> <span class='ocrx_word' id='word_1_802' title='bbox 1887 5045 2032 5119; x_wconf 81' lang='lat' dir='ltr'><strong>quod</strong></span> <span class='ocrx_word' id='word_1_803' title='bbox 2067 5063 2085 5095; x_wconf 81' lang='grc' dir='ltr'><strong>ι</strong></span> <span class='ocrx_word' id='word_1_804' title='bbox 2127 5060 2236 5119; x_wconf 87' lang='lat' dir='ltr'><strong>non</strong></span> <span class='ocrx_word' id='word_1_805' title='bbox 2279 5046 2394 5098; x_wconf 88' lang='lat' dir='ltr'><strong>vult</strong></span> <span class='ocrx_word' id='word_1_806' title='bbox 2437 5045 2608 5119; x_wconf 71' lang='lat' dir='ltr'><strong>frater</strong></span> <span class='ocrx_word' id='word_1_807' title='bbox 2629 5044 2731 5119; x_wconf 73' lang='lat' dir='ltr'><strong>viri</strong></span> <span class='ocrx_word' id='word_1_808' title='bbox 2765 5042 2868 5119; x_wconf 72' lang='lat' dir='ltr'><strong>mei</strong></span> <span class='ocrx_word' id='word_1_809' title='bbox 2904 5042 3169 5119; x_wconf 81' lang='lat' dir='ltr'><strong>suscitare</strong></span> <span class='ocrx_word' id='word_1_810' title='bbox 3206 5052 3405 5119; x_wconf 76' lang='lat' dir='ltr'><strong>nomen</strong></span> 
     </span>
    </p>
   </div>
   <div class='ocr_carea' id='block_1_97' title="bbox 138 5113 3407 5185">
    <p class='ocr_par' dir='ltr' id='par_1_97' title="bbox 138 5113 3407 5185">
     <span class='ocr_line' id='line_1_97' title="bbox 138 5113 3407 5185; baseline -0.002 -20"><span class='ocrx_word' id='word_1_811' title='bbox 138 5113 462 5185; x_wconf 15' lang='lat' dir='ltr'><strong>fratrisgsui</strong></span> <span class='ocrx_word' id='word_1_812' title='bbox 489 5115 540 5168; x_wconf 93' lang='lat' dir='ltr'><strong>in</strong></span> <span class='ocrx_word' id='word_1_813' title='bbox 574 5113 756 5170; x_wconf 87' lang='lat' dir='ltr'><strong>Israel.</strong></span> <span class='ocrx_word' id='word_1_814' title='bbox 798 5134 816 5167; x_wconf 75' lang='grc' dir='ltr'><strong>ι</strong></span> <span class='ocrx_word' id='word_1_815' title='bbox 846 5114 950 5181; x_wconf 86' lang='lat' dir='ltr'><strong>Qui</strong></span> <span class='ocrx_word' id='word_1_816' title='bbox 983 5118 1127 5170; x_wconf 90' lang='lat' dir='ltr'><strong>enim</strong></span> <span class='ocrx_word' id='word_1_817' title='bbox 1151 5113 1425 5170; x_wconf 76' lang='lat' dir='ltr'><strong>contraria</strong></span> <span class='ocrx_word' id='word_1_818' title='bbox 1453 5117 1611 5171; x_wconf 90' lang='lat' dir='ltr'><strong>docet</strong></span> <span class='ocrx_word' id='word_1_819' title='bbox 1638 5116 1762 5185; x_wconf 83' lang='lat' dir='ltr'><strong>legi,</strong></span> <span class='ocrx_word' id='word_1_820' title='bbox 1788 5129 1896 5169; x_wconf 82' lang='lat' dir='ltr'><strong>non</strong></span> <span class='ocrx_word' id='word_1_821' title='bbox 1928 5114 2042 5185; x_wconf 86' lang='lat' dir='ltr'><strong>vult</strong></span> <span class='ocrx_word' id='word_1_822' title='bbox 2074 5115 2341 5185; x_wconf 90' lang='lat' dir='ltr'><strong>suscitare</strong></span> <span class='ocrx_word' id='word_1_823' title='bbox 2377 5128 2562 5185; x_wconf 85' lang='lat' dir='ltr'><strong>semen</strong></span> <span class='ocrx_word' id='word_1_824' title='bbox 2593 5113 2746 5184; x_wconf 90' lang='lat' dir='ltr'><strong>legis.</strong></span> <span class='ocrx_word' id='word_1_825' title='bbox 2793 5115 2871 5185; x_wconf 75' lang='lat' dir='ltr'><strong>ita</strong></span> <span class='ocrx_word' id='word_1_826' title='bbox 2895 5113 3407 5185; x_wconf 36' lang='lat' dir='ltr'><strong>seniores‘civitatis</strong></span> 
     </span>
    </p>
   </div>
   <div class='ocr_carea' id='block_1_98' title="bbox 140 5178 3404 5253">
    <p class='ocr_par' dir='ltr' id='par_1_98' title="bbox 140 5178 3404 5253">
     <span class='ocr_line' id='line_1_98' title="bbox 140 5178 3404 5253; baseline -0.002 -18"><span class='ocrx_word' id='word_1_827' title='bbox 140 5184 303 5237; x_wconf 85' lang='lat' dir='ltr'><strong>illius</strong></span> <span class='ocrx_word' id='word_1_828' title='bbox 352 5183 688 5253; x_wconf 75' lang='lat' dir='ltr'><strong>interrogant</strong></span> <span class='ocrx_word' id='word_1_829' title='bbox 727 5178 903 5239; x_wconf 78' lang='lat' dir='ltr'><strong>virum</strong></span> <span class='ocrx_word' id='word_1_830' title='bbox 944 5186 1273 5241; x_wconf 90' lang='lat' dir='ltr'><strong>illumtalem</strong></span> <span class='ocrx_word' id='word_1_831' title='bbox 1303 5187 1349 5241; x_wconf 92' lang='lat' dir='ltr'><strong>si</strong></span> <span class='ocrx_word' id='word_1_832' title='bbox 1374 5199 1499 5240; x_wconf 88' lang='lat' dir='ltr'><strong>vere</strong></span> <span class='ocrx_word' id='word_1_833' title='bbox 1519 5200 1629 5239; x_wconf 89' lang='lat' dir='ltr'><strong>non</strong></span> <span class='ocrx_word' id='word_1_834' title='bbox 1667 5178 1800 5239; x_wconf 74' lang='lat' dir='ltr'><strong>vult.</strong></span> <span class='ocrx_word' id='word_1_835' title='bbox 1835 5184 2064 5251; x_wconf 84' lang='lat' dir='ltr'><strong>Quando</strong></span> <span class='ocrx_word' id='word_1_836' title='bbox 2090 5184 2234 5253; x_wconf 84' lang='lat' dir='ltr'><strong>enim</strong></span> <span class='ocrx_word' id='word_1_837' title='bbox 2270 5184 2577 5253; x_wconf 87' lang='lat' dir='ltr'><strong>sacerdotes</strong></span> <span class='ocrx_word' id='word_1_838' title='bbox 2613 5178 2912 5238; x_wconf 75' lang='lat' dir='ltr'><strong>discutiunt</strong></span> <span class='ocrx_word' id='word_1_839' title='bbox 2941 5180 3106 5253; x_wconf 74' lang='lat' dir='ltr'><strong>verba</strong></span> <span class='ocrx_word' id='word_1_840' title='bbox 3135 5178 3404 5253; x_wconf 82' lang='lat' dir='ltr'><strong>dogmatis</strong></span> 
     </span>
    </p>
   </div>
   <div class='ocr_carea' id='block_1_99' title="bbox 139 5249 3403 5326">
    <p class='ocr_par' dir='ltr' id='par_1_99' title="bbox 139 5249 3403 5326">
     <span class='ocr_line' id='line_1_99' title="bbox 139 5249 3403 5326; baseline -0.002 -19"><span class='ocrx_word' id='word_1_841' title='bbox 139 5249 604 5326; x_wconf 70' lang='lat' dir='ltr'><strong>alicujus,quasi</strong></span> <span class='ocrx_word' id='word_1_842' title='bbox 639 5256 975 5326; x_wconf 82' lang='lat' dir='ltr'><strong>interrogant</strong></span> <span class='ocrx_word' id='word_1_843' title='bbox 1020 5256 1172 5311; x_wconf 89' lang='lat' dir='ltr'><strong>illud.</strong></span> <span class='ocrx_word' id='word_1_844' title='bbox 1209 5255 1274 5310; x_wconf 81' lang='lat' dir='ltr'><strong>Et</strong></span> <span class='ocrx_word' id='word_1_845' title='bbox 1304 5270 1437 5326; x_wconf 87' lang='lat' dir='ltr'><strong>cum</strong></span> <span class='ocrx_word' id='word_1_846' title='bbox 1472 5255 1777 5326; x_wconf 84' lang='lat' dir='ltr'><strong>invenerint</strong></span> <span class='ocrx_word' id='word_1_847' title='bbox 1803 5249 1979 5326; x_wconf 83' lang='lat' dir='ltr'><strong>ipsum</strong></span> <span class='ocrx_word' id='word_1_848' title='bbox 2012 5251 2158 5323; x_wconf 88' lang='lat' dir='ltr'><strong>quod</strong></span> <span class='ocrx_word' id='word_1_849' title='bbox 2182 5252 2283 5322; x_wconf 88' lang='lat' dir='ltr'><strong>legi</strong></span> <span class='ocrx_word' id='word_1_850' title='bbox 2313 5254 2587 5326; x_wconf 75' lang='lat' dir='ltr'><strong>contraria</strong></span> <span class='ocrx_word' id='word_1_851' title='bbox 2622 5255 2929 5326; x_wconf 65' lang='lat' dir='ltr'><strong>profitetur,</strong></span> <span class='ocrx_word' id='word_1_852' title='bbox 2967 5249 3181 5326; x_wconf 71' lang='lat' dir='ltr'><strong>videtur</strong></span> <span class='ocrx_word' id='word_1_853' title='bbox 3211 5250 3403 5315; x_wconf 73' lang='lat' dir='ltr'><strong>dogma</strong></span> 
     </span>
    </p>
   </div>
   <div class='ocr_carea' id='block_1_100' title="bbox 138 5318 3403 5396">
    <p class='ocr_par' dir='ltr' id='par_1_100' title="bbox 138 5318 3403 5396">
     <span class='ocr_line' id='line_1_100' title="bbox 138 5318 3403 5396; baseline -0.003 -19"><span class='ocrx_word' id='word_1_854' title='bbox 138 5318 628 5396; x_wconf 53' lang='lat' dir='ltr'><strong>illud&#39;scnio&#39;ribus</strong></span> <span class='ocrx_word' id='word_1_855' title='bbox 648 5325 797 5396; x_wconf 9' lang='lat' dir='ltr'><strong>dare,</strong></span> <span class='ocrx_word' id='word_1_856' title='bbox 820 5318 1164 5395; x_wconf 70' lang='lat' dir='ltr'><strong>t-Esponsum,</strong></span> <span class='ocrx_word' id='word_1_857' title='bbox 1205 5335 1259 5382; x_wconf 89' lang='lat' dir='ltr'><strong>et</strong></span> <span class='ocrx_word' id='word_1_858' title='bbox 1282 5325 1464 5381; x_wconf 90' lang='lat' dir='ltr'><strong>dicere</strong></span> <span class='ocrx_word' id='word_1_859' title='bbox 1489 5325 1616 5395; x_wconf 91' lang='lat' dir='ltr'><strong>quia</strong></span> <span class='ocrx_word' id='word_1_860' title='bbox 1646 5325 1771 5396; x_wconf 87' lang='lat' dir='ltr'><strong>nolo</strong></span> <span class='ocrx_word' id='word_1_861' title='bbox 1802 5318 2049 5396; x_wconf 73' lang='lat' dir='ltr'><strong>accipere</strong></span> <span class='ocrx_word' id='word_1_862' title='bbox 2077 5336 2195 5396; x_wconf 84' lang='lat' dir='ltr'><strong>eam</strong></span> <span class='ocrx_word' id='word_1_863' title='bbox 2235 5318 2358 5391; x_wconf 74' lang='lat' dir='ltr'><strong>quas</strong></span> <span class='ocrx_word' id='word_1_864' title='bbox 2400 5318 2686 5396; x_wconf 75' lang='lat' dir='ltr'><strong>fuit_legis.</strong></span> <span class='ocrx_word' id='word_1_865' title='bbox 2724 5322 2862 5376; x_wconf 86' lang='lat' dir='ltr'><strong>Cum</strong></span> <span class='ocrx_word' id='word_1_866' title='bbox 2896 5334 3024 5396; x_wconf 79' lang='lat' dir='ltr'><strong>ergo</strong></span> <span class='ocrx_word' id='word_1_867' title='bbox 3056 5318 3147 5372; x_wconf 90' lang='lat' dir='ltr'><strong>ille</strong></span> <span class='ocrx_word' id='word_1_868' title='bbox 3176 5328 3403 5396; x_wconf 80' lang='lat' dir='ltr'><strong>respon-</strong></span> 
     </span>
    </p>
   </div>
   <div class='ocr_carea' id='block_1_101' title="bbox 137 5390 3403 5464">
    <p class='ocr_par' dir='ltr' id='par_1_101' title="bbox 137 5390 3403 5464">
     <span class='ocr_line' id='line_1_101' title="bbox 137 5390 3403 5464; baseline -0.002 -17"><span class='ocrx_word' id='word_1_869' title='bbox 137 5395 294 5448; x_wconf 89' lang='lat' dir='ltr'><strong>derit</strong></span> <span class='ocrx_word' id='word_1_870' title='bbox 336 5395 478 5448; x_wconf 89' lang='lat' dir='ltr'><strong>nolle</strong></span> <span class='ocrx_word' id='word_1_871' title='bbox 509 5409 587 5460; x_wconf 88' lang='lat' dir='ltr'><strong>se,</strong></span> <span class='ocrx_word' id='word_1_872' title='bbox 620 5394 829 5449; x_wconf 85' lang='lat' dir='ltr'><strong>accedit</strong></span> <span class='ocrx_word' id='word_1_873' title='bbox 850 5390 1065 5449; x_wconf 80' lang='lat' dir='ltr'><strong>adeum</strong></span> <span class='ocrx_word' id='word_1_874' title='bbox 1103 5397 1283 5451; x_wconf 89' lang='lat' dir='ltr'><strong>anima</strong></span> <span class='ocrx_word' id='word_1_875' title='bbox 1309 5390 1521 5462; x_wconf 71' lang='lat' dir='ltr'><strong>sancta,</strong></span> <span class='ocrx_word' id='word_1_876' title='bbox 1544 5405 1597 5449; x_wconf 90' lang='lat' dir='ltr'><strong>et</strong></span> <span class='ocrx_word' id='word_1_877' title='bbox 1625 5395 1728 5450; x_wconf 89' lang='lat' dir='ltr'><strong>sub</strong></span> <span class='ocrx_word' id='word_1_878' title='bbox 1758 5390 2039 5464; x_wconf 70' lang='lat' dir='ltr'><strong>praesentia</strong></span> <span class='ocrx_word' id='word_1_879' title='bbox 2067 5390 2344 5464; x_wconf 86' lang='lat' dir='ltr'><strong>seniorum</strong></span> <span class='ocrx_word' id='word_1_880' title='bbox 2379 5390 2652 5464; x_wconf 59' lang='lat' dir='ltr'><strong>evcalceat</strong></span> <span class='ocrx_word' id='word_1_881' title='bbox 2675 5406 2804 5464; x_wconf 77' lang='lat' dir='ltr'><strong>cum</strong></span> <span class='ocrx_word' id='word_1_882' title='bbox 2828 5390 3253 5464; x_wconf 77' lang='lat' dir='ltr'><strong>calceamentum</strong></span> <span class='ocrx_word' id='word_1_883' title='bbox 3285 5390 3403 5464; x_wconf 75' lang='lat' dir='ltr'><strong>ejus</strong></span> 
     </span>
    </p>
   </div>
   <div class='ocr_carea' id='block_1_102' title="bbox 137 5455 3400 5533">
    <p class='ocr_par' dir='ltr' id='par_1_102' title="bbox 137 5455 3400 5533">
     <span class='ocr_line' id='line_1_102' title="bbox 137 5455 3400 5533; baseline -0.003 -17"><span class='ocrx_word' id='word_1_884' title='bbox 137 5479 357 5525; x_wconf 86' lang='lat' dir='ltr'><strong>unum,</strong></span> <span class='ocrx_word' id='word_1_885' title='bbox 386 5474 440 5517; x_wconf 90' lang='lat' dir='ltr'><strong>et</strong></span> <span class='ocrx_word' id='word_1_886' title='bbox 490 5455 812 5533; x_wconf 50' lang='lat' dir='ltr'><strong>ign&#39;ominiat</strong></span> <span class='ocrx_word' id='word_1_887' title='bbox 843 5480 986 5521; x_wconf 89' lang='lat' dir='ltr'><strong>eum.</strong></span> <span class='ocrx_word' id='word_1_888' title='bbox 1042 5464 1107 5520; x_wconf 86' lang='lat' dir='ltr'><strong>Et</strong></span> <span class='ocrx_word' id='word_1_889' title='bbox 1143 5468 1262 5521; x_wconf 87' lang='lat' dir='ltr'><strong>vide</strong></span> <span class='ocrx_word' id='word_1_890' title='bbox 1309 5467 1362 5519; x_wconf 91' lang='lat' dir='ltr'><strong>in</strong></span> <span class='ocrx_word' id='word_1_891' title='bbox 1413 5455 1594 5520; x_wconf 54' lang='lat' dir='ltr'><strong>his&#39;ex</strong></span> <span class='ocrx_word' id='word_1_892' title='bbox 1624 5479 1690 5519; x_wconf 92' lang='lat' dir='ltr'><strong>eo</strong></span> <span class='ocrx_word' id='word_1_893' title='bbox 1729 5455 1873 5533; x_wconf 72' lang='lat' dir='ltr'><strong>quod</strong></span> <span class='ocrx_word' id='word_1_894' title='bbox 1907 5462 2035 5516; x_wconf 88' lang='lat' dir='ltr'><strong>alibi</strong></span> <span class='ocrx_word' id='word_1_895' title='bbox 2066 5462 2444 5533; x_wconf 13' lang='lat' dir='ltr'><strong>scriptumiest</strong></span> <span class='ocrx_word' id='word_1_896' title='bbox 2481 5480 2494 5516; x_wconf 91' lang='lat'><strong>:</strong></span> <span class='ocrx_word' id='word_1_897' title='bbox 2534 5481 2553 5513; x_wconf 76' lang='grc' dir='ltr'><strong>ι</strong></span> <span class='ocrx_word' id='word_1_898' title='bbox 2597 5460 2758 5533; x_wconf 80' lang='lat' dir='ltr'><strong>Solve</strong></span> <span class='ocrx_word' id='word_1_899' title='bbox 2791 5461 3157 5533; x_wconf 83' lang='lat' dir='ltr'><strong>calceamenta</strong></span> <span class='ocrx_word' id='word_1_900' title='bbox 3203 5455 3400 5527; x_wconf 85' lang='lat' dir='ltr'><strong>pedum</strong></span> 
     </span>
    </p>
   </div>
   <div class='ocr_carea' id='block_1_103' title="bbox 136 5529 3403 5605">
    <p class='ocr_par' dir='ltr' id='par_1_103' title="bbox 136 5529 3403 5605">
     <span class='ocr_line' id='line_1_103' title="bbox 136 5529 3403 5605; baseline 0.002 -18"><span class='ocrx_word' id='word_1_901' title='bbox 136 5544 381 5588; x_wconf 82' lang='lat' dir='ltr'><strong>tuorum</strong></span> <span class='ocrx_word' id='word_1_902' title='bbox 418 5553 437 5584; x_wconf 76' lang='grc' dir='ltr'><strong>ι</strong></span> <span class='ocrx_word' id='word_1_903' title='bbox 471 5529 536 5588; x_wconf 79' lang='lat' dir='ltr'><strong>ad</strong></span> <span class='ocrx_word' id='word_1_904' title='bbox 565 5534 784 5605; x_wconf 82' lang='lat' dir='ltr'><strong>Moysen</strong></span> <span class='ocrx_word' id='word_1_905' title='bbox 820 5553 833 5588; x_wconf 90' lang='lat'><strong>:</strong></span> <span class='ocrx_word' id='word_1_906' title='bbox 860 5546 912 5589; x_wconf 90' lang='lat' dir='ltr'><strong>et</strong></span> <span class='ocrx_word' id='word_1_907' title='bbox 938 5535 1133 5590; x_wconf 86' lang='lat' dir='ltr'><strong>iterum</strong></span> <span class='ocrx_word' id='word_1_908' title='bbox 1165 5537 1217 5590; x_wconf 90' lang='lat' dir='ltr'><strong>in</strong></span> <span class='ocrx_word' id='word_1_909' title='bbox 1246 5535 1537 5605; x_wconf 80' lang='lat' dir='ltr'><strong>Evangelio</strong></span> <span class='ocrx_word' id='word_1_910' title='bbox 1567 5529 1799 5605; x_wconf 58' lang='grc' dir='ltr'>όίαιιί</span> <span class='ocrx_word' id='word_1_911' title='bbox 1829 5532 2000 5602; x_wconf 88' lang='lat' dir='ltr'><strong>Cujus</strong></span> <span class='ocrx_word' id='word_1_912' title='bbox 2027 5546 2134 5585; x_wconf 90' lang='lat' dir='ltr'><strong>non</strong></span> <span class='ocrx_word' id='word_1_913' title='bbox 2160 5529 2281 5585; x_wconf 85' lang='lat' dir='ltr'><strong>sum</strong></span> <span class='ocrx_word' id='word_1_914' title='bbox 2317 5532 2514 5605; x_wconf 83' lang='lat' dir='ltr'><strong>dignus</strong></span> <span class='ocrx_word' id='word_1_915' title='bbox 2547 5546 2647 5605; x_wconf 76' lang='lat' dir='ltr'><strong>ego</strong></span> <span class='ocrx_word' id='word_1_916' title='bbox 2679 5530 2889 5605; x_wconf 78' lang='lat' dir='ltr'><strong>solvere</strong></span> <span class='ocrx_word' id='word_1_917' title='bbox 2916 5529 3280 5605; x_wconf 61' lang='lat' dir='ltr'><strong>calceamepl?</strong></span> <span class='ocrx_word' id='word_1_918' title='bbox 3309 5540 3403 5594; x_wconf 72' lang='lat' dir='ltr'><strong>Pc‘</strong></span> 
     </span>
    </p>
   </div>
   <div class='ocr_carea' id='block_1_104' title="bbox 134 5596 3404 5677">
    <p class='ocr_par' dir='ltr' id='par_1_104' title="bbox 134 5596 3404 5677">
     <span class='ocr_line' id='line_1_104' title="bbox 134 5596 3404 5677; baseline -0.003 -18"><span class='ocrx_word' id='word_1_919' title='bbox 134 5606 280 5659; x_wconf 84' lang='lat' dir='ltr'><strong>dum</strong></span> <span class='ocrx_word' id='word_1_920' title='bbox 317 5605 439 5672; x_wconf 83' lang='lat' dir='ltr'><strong>ejus</strong></span> <span class='ocrx_word' id='word_1_921' title='bbox 466 5623 479 5658; x_wconf 92' lang='lat'>:</span> <span class='ocrx_word' id='word_1_922' title='bbox 513 5624 531 5657; x_wconf 73' lang='grc' dir='ltr'><strong>ι</strong></span> <span class='ocrx_word' id='word_1_923' title='bbox 563 5622 629 5661; x_wconf 89' lang='lat' dir='ltr'><strong>ne</strong></span> <span class='ocrx_word' id='word_1_924' title='bbox 654 5596 794 5659; x_wconf 69' lang='lat' dir='ltr'><strong>forte</strong></span> <span class='ocrx_word' id='word_1_925' title='bbox 823 5621 941 5667; x_wconf 44' lang='lat' dir='ltr'><strong>non,</strong></span> <span class='ocrx_word' id='word_1_926' title='bbox 963 5606 1035 5660; x_wconf 88' lang='lat' dir='ltr'><strong>sit</strong></span> <span class='ocrx_word' id='word_1_927' title='bbox 1068 5608 1170 5662; x_wconf 93' lang='lat' dir='ltr'><strong>hoc</strong></span> <span class='ocrx_word' id='word_1_928' title='bbox 1195 5608 1373 5677; x_wconf 83' lang='lat' dir='ltr'><strong>ipsum</strong></span> <span class='ocrx_word' id='word_1_929' title='bbox 1398 5596 1612 5661; x_wconf 69' lang='lat' dir='ltr'><strong>solvere</strong></span> <span class='ocrx_word' id='word_1_930' title='bbox 1643 5596 2090 5669; x_wconf 74' lang='lat' dir='ltr'><strong>calceameittum,</strong></span> <span class='ocrx_word' id='word_1_931' title='bbox 2114 5609 2167 5656; x_wconf 88' lang='lat' dir='ltr'><strong>et</strong></span> <span class='ocrx_word' id='word_1_932' title='bbox 2193 5596 2521 5657; x_wconf 70' lang='lat' dir='ltr'><strong>exealcéare.</strong></span> <span class='ocrx_word' id='word_1_933' title='bbox 2552 5596 2661 5656; x_wconf 85' lang='lat' dir='ltr'><strong>Nec</strong></span> <span class='ocrx_word' id='word_1_934' title='bbox 2688 5602 2832 5657; x_wconf 87' lang='lat' dir='ltr'><strong>enim</strong></span> <span class='ocrx_word' id='word_1_935' title='bbox 2853 5599 3164 5657; x_wconf 79' lang='lat' dir='ltr'><strong>excalceare</strong></span> <span class='ocrx_word' id='word_1_936' title='bbox 3180 5596 3404 5670; x_wconf 84' lang='lat' dir='ltr'><strong>jubetur</strong></span> 
     </span>
    </p>
   </div>
   <div class='ocr_carea' id='block_1_105' title="bbox 216 5732 1733 5818">
    <p class='ocr_par' dir='ltr' id='par_1_105' title="bbox 216 5744 1717 5818">
     <span class='ocr_line' id='line_1_105' title="bbox 216 5744 1717 5818; baseline -0.001 -18"><span class='ocrx_word' id='word_1_937' title='bbox 216 5746 267 5818; x_wconf 49' lang='grc' dir='ltr'><strong>’ᾗ</strong></span> <span class='ocrx_word' id='word_1_938' title='bbox 310 5744 459 5801; x_wconf 90' lang='lat' dir='ltr'><strong>Psal.</strong></span> <span class='ocrx_word' id='word_1_939' title='bbox 507 5761 691 5818; x_wconf 73' lang='lat' dir='ltr'><strong>um,</strong></span> <span class='ocrx_word' id='word_1_940' title='bbox 726 5744 839 5818; x_wconf 40' lang='grc'><strong>6.-⁸</strong></span> <span class='ocrx_word' id='word_1_941' title='bbox 889 5746 933 5778; x_wconf 69' lang='grc'>¹⁸</span> <span class='ocrx_word' id='word_1_942' title='bbox 969 5745 1104 5818; x_wconf 74' lang='lat' dir='ltr'><strong>Ibid.</strong></span> <span class='ocrx_word' id='word_1_943' title='bbox 1141 5746 1195 5800; x_wconf 92' lang='lat'><strong>7.</strong></span> <span class='ocrx_word' id='word_1_944' title='bbox 1308 5746 1351 5777; x_wconf 81' lang='grc'><strong>³³</strong></span> <span class='ocrx_word' id='word_1_945' title='bbox 1392 5744 1547 5801; x_wconf 80' lang='lat' dir='ltr'><strong>Deut.</strong></span> <span class='ocrx_word' id='word_1_946' title='bbox 1590 5761 1717 5807; x_wconf 76' lang='lat' dir='ltr'><strong>xxv,</strong></span> 
     </span>
    </p>
   </div>
   <div class='ocr_carea' id='block_1_106' title="bbox 1834 5732 3399 5818">
    <p class='ocr_par' dir='ltr' id='par_1_106' title="bbox 1931 5732 3399 5818">
     <span class='ocr_line' id='line_1_106' title="bbox 1931 5732 3399 5818; baseline -0.007 -21"><span class='ocrx_word' id='word_1_947' title='bbox 1931 5743 1975 5774; x_wconf 82' lang='grc'><strong>¹⁶</strong></span> <span class='ocrx_word' id='word_1_948' title='bbox 2010 5741 2181 5800; x_wconf 83' lang='lat' dir='ltr'><strong>Exod.</strong></span> <span class='ocrx_word' id='word_1_949' title='bbox 2227 5757 2324 5811; x_wconf 86' lang='grc' dir='ltr'>ιιι,</span> <span class='ocrx_word' id='word_1_950' title='bbox 2357 5741 2435 5809; x_wconf 78' lang='lat'><strong>5;</strong></span> <span class='ocrx_word' id='word_1_951' title='bbox 2493 5739 2608 5798; x_wconf 84' lang='lat' dir='ltr'><strong>Jos.</strong></span> <span class='ocrx_word' id='word_1_952' title='bbox 2641 5757 2693 5808; x_wconf 89' lang='lat' dir='ltr'><strong>v,</strong></span> <span class='ocrx_word' id='word_1_953' title='bbox 2747 5739 2833 5797; x_wconf 87' lang='lat' dir='ltr'><strong>l6.</strong></span> <span class='ocrx_word' id='word_1_954' title='bbox 2944 5740 2985 5772; x_wconf 89' lang='grc'><strong>¹⁷</strong></span> <span class='ocrx_word' id='word_1_955' title='bbox 3024 5738 3183 5818; x_wconf 81' lang='lat' dir='ltr'><strong>Joan.</strong></span> <span class='ocrx_word' id='word_1_956' title='bbox 3229 5752 3269 5805; x_wconf 84' lang='grc' dir='ltr'><strong>ι,</strong></span> <span class='ocrx_word' id='word_1_957' title='bbox 3308 5732 3399 5788; x_wconf 67' lang='lat'><strong>27.</strong></span> 
     </span>
    </p>
   </div>
   <div class='ocr_carea' id='block_1_107' title="bbox 138 5814 1118 5880">
    <p class='ocr_par' dir='ltr' id='par_1_107' title="bbox 138 5814 1118 5880">
     <span class='ocr_line' id='line_1_107' title="bbox 138 5814 1118 5880; baseline -0.003 -9"><span class='ocrx_word' id='word_1_958' title='bbox 138 5818 185 5850; x_wconf 77' lang='grc'><strong>⁸⁸</strong></span> <span class='ocrx_word' id='word_1_959' title='bbox 231 5815 384 5871; x_wconf 84' lang='lat' dir='ltr'><strong>Luc.</strong></span> <span class='ocrx_word' id='word_1_960' title='bbox 421 5832 510 5880; x_wconf 87' lang='grc' dir='ltr'>ιιι,</span> <span class='ocrx_word' id='word_1_961' title='bbox 564 5817 649 5871; x_wconf 88' lang='grc'><strong>16.</strong></span> <span class='ocrx_word' id='word_1_962' title='bbox 729 5817 772 5849; x_wconf 68' lang='grc'><strong>³⁸</strong></span> <span class='ocrx_word' id='word_1_963' title='bbox 795 5814 960 5871; x_wconf 86' lang='lat' dir='ltr'><strong>Marc.</strong></span> <span class='ocrx_word' id='word_1_964' title='bbox 991 5832 1029 5880; x_wconf 89' lang='grc' dir='ltr'><strong>ι,</strong></span> <span class='ocrx_word' id='word_1_965' title='bbox 1068 5816 1118 5869; x_wconf 87' lang='grc'><strong>7.</strong></span> 
     </span>
    </p>
   </div>
   <div class='ocr_carea' id='block_1_108' title="bbox 213 5930 1272 6003">
    <p class='ocr_par' dir='ltr' id='par_1_108' title="bbox 213 5930 1272 6003">
     <span class='ocr_line' id='line_1_108' title="bbox 213 5930 1272 6003; baseline -0.002 -17"><span class='ocrx_word' id='word_1_966' title='bbox 213 5930 351 6003; x_wconf 68' lang='lat' dir='ltr'><strong>lCoi)</strong></span> <span class='ocrx_word' id='word_1_967' title='bbox 388 5932 597 6001; x_wconf 72' lang='grc' dir='ltr'>Λόγου.</span> <span class='ocrx_word' id='word_1_968' title='bbox 630 5930 810 5986; x_wconf 78' lang='lat' dir='ltr'><strong>Codex</strong></span> <span class='ocrx_word' id='word_1_969' title='bbox 832 5930 1054 6002; x_wconf 78' lang='lat' dir='ltr'><strong>Regius,</strong></span> <span class='ocrx_word' id='word_1_970' title='bbox 1086 5931 1272 6002; x_wconf 85' lang='grc' dir='ltr'>νόμου.</span> 
     </span>
    </p>
   </div>
   <div class='ocr_carea' id='block_1_109' title="bbox 488 6006 1733 6085">
    <p class='ocr_par' dir='ltr' id='par_1_109' title="bbox 488 6024 1138 6085">
     <span class='ocr_line' id='line_1_109' title="bbox 488 6024 1138 6085; baseline -0.003 -1"><span class='ocrx_word' id='word_1_971' title='bbox 488 6026 759 6085; x_wconf 73' lang='grc' dir='ltr'>ΡΑτιιοι..</span> <span class='ocrx_word' id='word_1_972' title='bbox 804 6024 921 6085; x_wconf 78' lang='lat' dir='ltr'><strong>Gn.</strong></span> <span class='ocrx_word' id='word_1_973' title='bbox 973 6024 1138 6083; x_wconf 78' lang='lat' dir='ltr'><strong>Xlll.</strong></span> 
     </span>
    </p>
   </div>
   <div class='ocr_carea' id='block_1_110' title="bbox 1834 6006 3090 6085">
    <p class='ocr_par' dir='ltr' id='par_1_110' title="bbox 3012 6006 3090 6068">
     <span class='ocr_line' id='line_1_110' title="bbox 3012 6006 3090 6068; baseline -0.038 0"><span class='ocrx_word' id='word_1_974' title='bbox 3012 6006 3090 6068; x_wconf 75' lang='lat'><strong>50</strong></span> 
     </span>
    </p>
   </div>
   <div class='ocr_carea' id='block_1_111' title="bbox 1308 5744 1821 5807">
    <p class='ocr_par' dir='ltr' id='par_1_111' title="bbox 1308 5744 1821 5807">
     <span class='ocr_line' id='line_1_111' title="bbox 1308 5744 1821 5807; baseline 0.006 -12"><span class='ocrx_word' id='word_1_975' title='bbox 1308 5746 1351 5777; x_wconf 79' lang='grc'><strong>³³</strong></span> <span class='ocrx_word' id='word_1_976' title='bbox 1392 5744 1547 5801; x_wconf 80' lang='lat' dir='ltr'><strong>Deut.</strong></span> <span class='ocrx_word' id='word_1_977' title='bbox 1590 5761 1717 5807; x_wconf 76' lang='lat' dir='ltr'><strong>xxv,</strong></span> <span class='ocrx_word' id='word_1_978' title='bbox 1767 5744 1821 5798; x_wconf 89' lang='grc'><strong>7.</strong></span> 
     </span>
    </p>
   </div>
  </div>
