3962 6572
212 477 335 533 1381

1121 471 1474 530 COMMENT.
1517 474 1583 530 IN
1624 466 2039 531 nummum
2074 452 2311 533 Tuitus
2346 473 2512 531 xvu.

3319 483 3460 541 1583

206 596 341 666 ἀνὴρ
372 593 474 664 τῆς
506 590 716 647 Παύλου
746 591 943 665 ψυχῆς,
977 592 1072 647 καὶ
1112 594 1265 649 οὐδὲν
1291 562 1453 669 ἦττον
1482 595 1772 651 ἀποθανόν-

1877 593 1978 649 sibi
2004 609 2229 651 uxorem
2261 594 2584 666 assumpsit,
2626 610 2751 652 cum
2784 611 2957 669 eaque
2987 598 3271 670 habitavit,
3304 611 3362 659 et
3386 619 3456 658 ex
3488 588 3489 591 6

203 703 291 748 τος
317 684 548 747 ἐκείνου,
574 685 710 756 γυνὴ
744 687 840 738 τοῦ
870 685 1190 757 τεθνηκότος
1215 685 1274 738 οὑ
1296 685 1517 756 γέγονεν
1544 686 1668 751 ἔξω,
1703 687 1795 751 ὡς]

203 778 402 830 οἴονται
430 778 481 830 οἱ
511 777 617 831 ἀπὸ
644 777 752 830 τῶν
771 776 1032 850 αἱρέσεων
1055 776 1185 849 (64),
1214 778 1334 831 οὑδὲ
1354 778 1507 850 ἀνδρὶ
1534 778 1608 850 μὴ
1630 777 1782 848 ἐγγί-

204 864 348 945 ζοντι
367 886 381 900 ο
412 868 441 922 6
473 869 582 941 γὰρ
611 868 840 938 ἁδελφὸς
869 868 963 921 τοῦ
995 868 1186 941 ἀνδρὸς
1206 870 1378 941 αὐτῆς
1398 871 1613 942 εἰσῆλθε
1643 871 1781 945 πρὸς

203 956 393 1029 αὐτὴν,
424 959 518 1011 καὶ
546 956 735 1011 ἔλαϐεν
760 957 930 1027 αὑτὴν
955 958 1132 1029 ἑαυτῷ
1151 961 1230 1024 είς
1255 963 1503 1029 γυναῖκα,
1532 962 1627 1015 καὶ
1657 978 1781 1015 συν-

201 1052 416 1123 ᾠκησεν
440 1052 601 1123 αὑτῇ,
630 1052 724 1105 καὶ
745 1052 968 1120 γέγονεν
987 1052 1016 1104 6
1045 1052 1275 1124 καρπὸς,
1306 1054 1400 1109 καὶ
1428 1054 1490 1108 τὸ
1509 1054 1775 1127 γέννημα,

204 1145 296 1198 καὶ
326 1144 388 1198 τὸ
426 1144 655 1207 παιδίον,
688 1144 782 1197 καὶ
823 1144 883 1198 τὸ
925 1145 1112 1215 τεχθὲν
1142 1144 1252 1216 (65)
1285 1149 1349 1201 ὲκ
1386 1146 1481 1201 τοῦ
1516 1148 1779 1221 ὀνόματος

200 1235 295 1293 τοῦ
327 1235 803 1307 τετελευτηκότος·
848 1235 990 1290 κατὰ
1020 1236 1129 1309 γὰρ
1165 1237 1254 1290 τὸν
1288 1238 1655 1310 πνευματικὸν
1694 1239 1779 1293 νό-

125 1311 133 1317 ’
203 1342 304 1396 μον
341 1326 403 1379 τὸ
429 1326 756 1395 Εὑαγγέλιον
784 1325 1037 1397 ὀνομάζει
1077 1327 1273 1391 πάντα,
1307 1329 1402 1382 καὶ
1442 1330 1542 1383 οὐκ
1573 1328 1779 1400 ἐξήλει-

201 1436 334 1473 πται
358 1420 419 1473 τὸ
446 1419 615 1491 ὄνομα
634 1419 728 1473 τοῦ
753 1421 1198 1492 τετελευτηκότος
1227 1422 1315 1475 ὅτε
1346 1422 1599 1495 ἐλήλυθεν
1625 1425 1653 1477 6
1686 1424 1776 1478 νό-

202 1530 305 1583 μος
333 1512 428 1566 τοῦ
458 1513 819 1582 Εὑαγγελίου’
852 1514 1001 1586 παρὰ
1029 1515 1138 1588 γὰρ
1176 1514 1255 1586 τῷ
1280 1515 1517 1587 ἀληθινῷ
1563 1517 1778 1590 Ἰσραὴλ

196 1606 444 1676 τηρεῖται
490 1606 584 1659 καὶ
625 1605 687 1659 τὸ
731 1596 901 1677 ὄνομα
944 1606 1038 1662 τοῦ
1066 1607 1351 1680 προτέρου.
1401 1610 1496 1674 Τίς
1535 1610 1591 1664 δὲ
1639 1611 1777 1683 μετὰ

197 1698 374 1751 ταῦτα
402 1701 431 1752 ό
459 1698 532 1770 μὴ
560 1698 877 1770 βουλόμενος
908 1700 1191 1773 ἄνθρωπος
1212 1701 1399 1757 λαϐεῖν
1424 1702 1521 1775 τὴν
1543 1708 1777 1773 γυναῖκα

195 1786 292 1840 τοῦ
329 1787 556 1857 ἀδελφοῦ
585 1788 858 1861 ὲαυτοῦ,ῆ
896 1792 925 1843 6
960 1792 1018 1843 ἐν
1060 1794 1179 1855 ταῖς
1208 1792 1450 1863 αἱρέσεσι
1479 1793 1652 1863 λόγος,
1700 1796 1773 1867 μὴ

198 1880 520 1951 βουλόμενος
540 1880 638 1954 τὴν
661 1884 974 1954 τιμήσασαν
994 1884 1168 1956 ψυχὴν
1192 1886 1282 1939 τὸν
1304 1887 1565 1959 πρότερον
1585 1888 1772 1959 ἄνδρα,

1883 684 2104 741 nomine
2134 684 2399 751 defuncti,
2441 684 2677 753 fructus,
2722 702 2789 743 ac
2823 688 3022 758 proles,
3056 698 3219 763 atque
3250 691 3456 757 infans.
3474 728 3484 765 ι

1880 783 1934 831 et
1969 774 2109 832 fetus
2134 778 2377 833 exstitit:
2408 794 2533 833 nam
2561 777 2717 850 juxta
2744 779 3080 850 spiritualem
3117 782 3289 852 legem
3335 777 3486 840 om-l

1880 867 1971 923 nia
2002 868 2248 924 nominat
2275 869 2650 941 Evangelium,
2675 886 2776 927 nec
2806 881 3095 942 postquam
3131 873 3349 931 advenit
3370 875 3454 932 lex

1880 959 2178 1032 Evangelii,
2209 962 2452 1018 defuncti
2484 978 2681 1019 nomen
2710 964 3058 1022 obliteratum
3094 975 3212 1030 est;
3244 967 3297 1021 in
3330 984 3460 1025 vero

1879 1055 2122 1111 sedenim
2173 1056 2358 1123 Israel,
2411 1059 2614 1128 prioris
2658 1075 2855 1116 nomen
2911 1071 3182 1117 servatur.
3223 1060 3459 1130 Quinam

1880 1156 2059 1202 autem
2087 1157 2273 1218 postea
2300 1149 2466 1204 homo
2492 1149 2583 1206 ille
2612 1158 2696 1208 est
2725 1150 2908 1207 fratris
2931 1152 3014 1208 sui
3047 1168 3272 1210 uxorem
3297 1169 3461 1210 assu-

1881 1253 2028 1294 mere
2075 1239 2287 1305 nolens,
2326 1239 2431 1296 nisi
2471 1240 2850 1298 haereticorum
2894 1242 3163 1307 doctrina,
3217 1244 3460 1302 animam

1879 1345 2001 1401 quae
2023 1331 2193 1402 priori
2221 1347 2321 1387 suo
2343 1332 2482 1399 viro,
2514 1333 2821 1405 priorisque
2850 1333 2948 1389 viri
2979 1334 3260 1392 memoria:
3283 1335 3466 1393 honu-

1877 1439 1992 1477 rem
2035 1422 2303 1489 exhibuit,
2343 1425 2631 1482 admittere
2666 1426 2963 1483 recusans?
2990 1426 3253 1483 adversus
3292 1443 3459 1499 quam

1878 1512 2063 1569 fratris
2094 1514 2267 1585 ipsius
2304 1531 2442 1570 uxor
2474 1518 2541 1571 ad
2583 1525 2796 1587 portam
2825 1518 3092 1583 ascendit,
3121 1517 3189 1573 de
3228 1534 3337 1589 qua
3369 1520 3460 1574 di-

1879 1612 2025 1659 ctum
2062 1614 2146 1660 est
2180 1604 2264 1659 ²³;
2300 1624 2322 1657 ι
2371 1604 2498 1661 Haec
2539 1617 2694 1677 porta
2730 1606 2965 1674 Domini,
3005 1608 3139 1680 justi
3179 1607 3460 1666 intrabunt

1879 1695 1932 1749 in
1956 1711 2099 1760 eam,
2132 1716 2151 1748 ι
2185 1707 2240 1751 et
2260 1697 2326 1752 ad
2352 1705 2600 1752 senatum
2626 1698 2889 1766 ascendit,
2911 1714 3148 1770 eumque
3172 1699 3459 1757 denuntiat

1877 1787 1972 1857 qui
2006 1786 2159 1842 fratri
2202 1803 2303 1844 suo
2339 1804 2523 1844 semen
2556 1790 2609 1846 in
2650 1790 2817 1846 Israel
2860 1790 3126 1849 suscitare
3164 1807 3275 1848 non
3319 1793 3458 1863 vult,

1878 1894 2055 1948 neque
2086 1877 2177 1934 Dei
2211 1879 2310 1950 legi
2336 1896 2432 1951 per
2457 1880 2694 1953 Moysem
2720 1883 2931 1938 tradita:
2962 1884 3223 1940 Lonorcm
3252 1887 3458 1955 imper-

195 1974 290 2028 καὶ
325 1974 423 2046 τὴν
453 1976 670 2047 μνήμην
702 1975 795 2030 τοῦ
830 1977 1094 2048 προτέρου
1120 1979 1313 2051 ἀνδρὸς
1343 1957 1772 2053 παραδέξασθαις

1878 1971 1987 2025 tiri.
2015 1969 2310 2041 Postquam
2336 1988 2464 2044 ergo
2494 1973 2564 2030 ab
2590 1973 2905 2044 hujusmodi
2939 1975 3162 2033 homine
3190 1977 3458 2049 quaesive-

195 2068 319 2121 καθ’
347 2060 411 2120 οὗ
439 2068 720 2123 ἀναϐαίνει
747 2071 779 2141 ἠ
811 2069 947 2141 γυνὴ
979 2069 1072 2123 τοῦ
1100 2070 1331 2141 ἀδελφοῦ
1364 2072 1528 2126 αὑτοῦ
1564 2076 1655 2128 ἐπὶ
1677 2074 1775 2146 τὴν

195 2160 395 2232 πύλην,
432 2160 559 2232 περὶ
583 2155 650 2233 ἧς
674 2160 918 2215 λέλεκται
938 2162 1000 2215 τὸ
1021 2202 1036 2227 ,
1072 2181 1089 2213 ι
1126 2162 1272 2235 Αὕτη
1301 2166 1334 2236 η
1365 2164 1503 2236 πύλη
1535 2165 1629 2219 τοῦ
1665 2168 1776 2219 Κυ-

197 2253 343 2324 ρίου,
381 2252 576 2307 δίκαιοι
614 2253 1007 2309 εἰσελεύσονται
1035 2257 1092 2308 ἐν
1122 2257 1280 2328 αὐτῇ,
1323 2276 1342 2310 ι
1380 2259 1472 2312 καὶ
1500 2259 1774 2314 ἀναϐαίνει

194 2347 287 2398 ἐπὶ
321 2346 420 2417 τὴν
459 2347 765 2417 γερουσίαν,
799 2348 891 2402 καὶ
923 2348 1350 2421 διαμαρτύρεται
1384 2353 1511 2422 περὶ
1559 2352 1652 2406 τοῦ
1696 2354 1772 2426 μὴ

195 2440 525 2511 βουλομένου
558 2441 860 2512 ἀναστῆσαι
903 2440 1124 2512 σπέρμα
1164 2440 1239 2511 τῷ
1280 2440 1490 2511 ἀδελφῷ
1516 2442 1681 2496 αὑτοῦ
1718 2445 1774 2497 ὲν

202 2533 444 2605 Ἰσραὴλ,
499 2532 632 2604 μηδὲ
676 2532 905 2603 τιμῆσαι
947 2533 1040 2585 τὸν
1071 2532 1165 2586 τοῦ
1210 2532 1344 2587 Θεοῦ
1385 2536 1661 2600 Μωῦσέως
1690 2537 1775 2590 νό-

195 2644 321 2698 μον.
362 2626 530 2681 Ἐπᾶν
552 2622 645 2681 οῦν
668 2627 701 2698 ἡ
731 2626 990 2698 γερουσία
1018 2624 1253 2698 πύθηται
1281 2627 1375 2681 τοῦ
1404 2628 1644 2682 τοιούτου
1681 2630 1775 2683 ἀν-

190 2718 418 2792 θρώπου
450 2722 498 2775 εἰ
539 2720 711 2794 ἀληθῆ
759 2722 886 2794 περὶ
927 2722 1091 2776 αὑτοῦ
1135 2722 1343 2791 λέγειή
1390 2722 1549 2794 γυνὴ,
1587 2724 1681 2776 καὶ
1709 2724 1771 2777 οὑ

191 2811 448 2884 βούλεται
492 2812 855 2885 ἐξαναστῆσαι
903 2814 1126 2886 σπέρμα
1172 2812 1251 2884 τῷ
1306 2812 1518 2884 ἁδελφῷ
1568 2812 1769 2867 αὐτοῦ’

188 2904 319 2958 τότε
370 2906 732 2978 προσέρχεται
774 2908 808 2978 ἡ
851 2907 987 2978 γυνὴ
1030 2904 1125 2959 τοῦ
1166 2904 1489 2977 τεθνηκότος
1533 2905 1773 2959 ἐναντίον

189 2998 291 3070 τῆς
323 2998 634 3069 γερουσίας,
680 3000 774 3052 καὶ
820 2998 1040 3052 ὑπολύει
1084 2998 1146 3051 τὸ
1186 2997 1438 3068 ὑπόδημα
1466 2997 1528 3050 τὸ
1567 2996 1625 3049 ἓν
1664 2997 1773 3051 ἀπὸ

188 3091 286 3144 τοῦ
324 3090 482 3155 ποδὸς
505 3091 690 3157 αὐτοῦ,
716 3092 804 3146 ἵνα
830 3092 934 3147 κᾶν
1028 3091 1414 3163 ὑποδεδεμένος
1444 3089 1505 3144 τὸ
1533 3090 1770 3163 Χριστοῦ

189 3183 365 3255 ὄνομα
412 3183 802 3254 ὑπολελυμένος
832 3202 891 3238 τε
1016 3183 1076 3238 τὸ
1117 3183 1212 3237 τοῦ
1259 3181 1396 3236 Θεοῦ
1440 3182 1629 3253 ὄνομα,
1677 3183 1771 3236 καὶ

188 3273 278 3328 διὰ
322 3275 481 3328 τοῦτό
517 3292 581 3344 γε
611 3276 711 3329 οὐκ
752 3275 976 3343 ἐνδόξως
1017 3274 1136 3329 οὐδὲ
1177 3273 1393 3345 ἀληθῶς
1435 3273 1497 3327 τὸ
1535 3272 1770 3345 Χριστοῦ
1798 3292 1840 3350 c

187 3365 379 3438 φορῶν
428 3366 628 3438 ὄνομα·
692 3366 923 3439 ἐμπτύει
976 3367 1032 3421 δὲ
1082 3368 1176 3423 καὶ
1222 3369 1302 3433 είς
1348 3366 1635 3441 πρόσωπον
1673 3367 1768 3423 τοῦ

185 3457 435 3512 τοιούτου
479 3460 513 3530 ἡ
554 3458 711 3530 γυνὴ,
758 3459 851 3512 καὶ
890 3458 1135 3525 ὀνειδίζει
1169 3460 1245 3524 ὡς
1286 3458 1556 3533 ἀνθρώπῳ
1597 3459 1767 3532 αύτῷ,

186 3551 285 3605 καὶ
312 3551 377 3603 οὐ
419 3550 730 3623 βουληθέντι
776 3551 1158 3623 θεοποιηθῆναι
1189 3553 1252 3605 ὲκ
1293 3552 1388 3607 τοῦ
1418 3553 1770 3626 καρποφορῆ-

188 3658 315 3696 σαι·
354 3641 448 3695 καί
489 3659 651 3713 φησιν
691 3642 833 3696 οὕτω
878 3643 1039 3696 παντὶ
1081 3641 1299 3696 ἔσεσθαι
1335 3643 1412 3714 τῷ
1461 3644 1535 3715 μὴ
1569 3643 1771 3698 οἰκοδο-

189 3733 432 3803 μήσαντι
458 3732 547 3786 τόν
571 3728 717 3788 οἶκον
749 3731 843 3786 τοῦ
866 3731 1096 3804 ἀδελφοῦ
1126 3733 1313 3798 αὑτοῦ,
1345 3734 1437 3788 τοῦ
1468 3734 1769 3805 Εὑαγγελι-

188 3823 290 3878 κοῦ
332 3823 517 3893 λόγου,
544 3826 573 3877 6
595 3826 817 3896 νομικός
849 3826 1086 3880 ἐστικαὶ
1120 3827 1485 3898 προφητικός·
1517 3828 1610 3881 xui
1642 3827 1771 3882 ἄλλο

184 3914 366 3987 ὄνομα
385 3916 482 3987 οὑχ
513 3917 621 3984 ἕξει
650 3920 677 3970 6
707 3917 780 3989 μὴ
805 3918 1099 3990 οἰκοδομῶν
1124 3920 1185 3973 τὸ
1214 3918 1383 3991 ὄνομα
1420 3918 1586 3974 αὑτοῦ
1617 3919 1770 3992 παρὰ

186 4011 305 4073 τοῖς
345 4010 707 4081 Ἰσραηλίταις
737 4010 769 4081 ἢ
796 4010 973 4077 τοῦτο,
1006 4012 1089 4064 ὅτι
1130 4007 1277 4077 οἶκός
1311 4014 1457 4065 ἐστιν
1489 4004 1644 4076 οὗτος
1671 4010 1769 4064 τοῦ

185 4097 559 4162 ὑπολυθέντος
598 4099 661 4154 τὸ
695 4101 968 4173 ὑπόδημα.
1012 4102 1129 4165 Πᾶς
1179 4098 1272 4156 οὖν
1322 4104 1351 4156 6
1388 4103 1445 4156 ὲν
1498 4102 1766 4173 αἱρέσεσι,

188 4189 434 4260 μάλιστα
475 4191 598 4254 ταῖς
641 4189 1059 4256 διακοπτούσαις
1100 4192 1199 4265 τὴν
1246 4191 1495 4263 θεότητα,
1538 4192 1632 4245 καὶ
1677 4192 1769 4246 τὸν

182 4279 356 4350 νόμον
396 4279 504 4333 ἀπὸ
539 4280 633 4333 τοῦ
666 4280 997 4351 Εὑαγγελίου
1039 4281 1398 4354 χωριζούσαις
1431 4281 1773 4354 καλινδούμε-

183 4388 303 4437 νος,
345 4390 367 4424 ι
409 4367 558 4436 οἶκός
593 4391 612 4424 ι
661 4375 778 4427 ἐστι
816 4392 835 4424 ι
887 4373 981 4427 τοῦ
1025 4373 1382 4438 ὑπολυθέντος
1420 4374 1692 4445 ὑπόδημα,
1746 4393 1765 4426 ι

182 4465 572 4537 ὲμπτυόμενος
607 4466 689 4529 είς
734 4465 1044 4537 πρόσωπον,
1077 4466 1172 4521 καὶ
1214 4466 1575 4537 ὑπολυόμενος
1607 4466 1669 4519 τὸ
1711 4464 1771 4519 ἒν

184 4556 469 4627 ὑπόδημα.
523 4557 634 4613 Καὶ
698 4558 893 4631 τρίτην
948 4558 1005 4611 δὲ
1050 4548 1311 4630 τοιαύτην
1365 4557 1621 4611 ὑπόνοιαν
1690 4558 1770 4620 είς

1877 2062 1945 2117 ι·ἰι
1976 2070 2198 2118 senatus
2230 2077 2300 2117 an
2329 2078 2457 2118 vera
2486 2064 2554 2120 de
2594 2080 2660 2120 eo
2705 2064 2903 2122 referat
2944 2066 3160 2134 mulier,
3205 2078 3262 2125 et
3300 2067 3458 2125 fratri

1876 2169 1979 2211 suo
2022 2169 2207 2210 semen
2245 2157 2512 2212 suscitare
2553 2157 2719 2227 nolit;
2755 2166 2887 2215 tunc
2918 2158 3160 2217 defuncti
3189 2177 3327 2217 uxor
3355 2177 3455 2218 co-

1875 2260 1994 2299 ram
2023 2246 2330 2302 senioribus
2353 2248 2582 2316 accedit,
2606 2248 2945 2321 alterumque
2965 2266 3032 2307 ex
3056 2250 3232 2322 ipsius
3252 2253 3458 2311 calcea-

1876 2336 2075 2392 mentis
2128 2337 2197 2392 ab
2245 2337 2366 2408 ejus
2421 2338 2556 2408 pede
2605 2340 2800 2407 solvit;
2854 2350 2916 2397 ut
2961 2343 3176 2400 etiamsi
3233 2345 3457 2401 nomine

1874 2426 2079 2483 Christi
2114 2428 2276 2485 fuerit
2297 2429 2620 2501 subligatus,
2654 2429 2750 2487 Dei
2781 2433 3004 2489 nomine
3031 2444 3290 2500 exuatur,
3323 2452 3454 2507 proo

1874 2527 2169 2590 ptereaque
2199 2535 2374 2592 neque
2398 2521 2716 2588 honorifice,
2754 2540 2928 2595 neque
2965 2540 3090 2581 vere
3117 2526 3323 2584 Christi
3350 2545 3454 2586 no-

1877 2626 1999 2665 men
2031 2619 2221 2682 gerat:
2258 2611 2391 2682 quin
2424 2620 2479 2667 et
2518 2612 2761 2670 hominis
2788 2614 3059 2685 ejusmodi
3090 2615 3281 2674 faciem
3322 2635 3459 2676 cou-

1875 2702 2022 2772 spuit
2057 2702 2274 2770 mulier,
2321 2718 2557 2773 eumque
2597 2702 2823 2760 incessit
2868 2705 3117 2765 dicteriis
3167 2716 3228 2764 ut
3270 2709 3456 2766 homi-

1874 2808 2023 2861 nem,
2054 2804 2109 2849 et
2156 2809 2253 2865 per
2285 2793 2426 2851 fetus
2453 2795 2747 2852 editionem
2784 2794 2955 2852 Deum
2996 2798 3114 2855 fieri
3145 2800 3454 2874 nolentem;

1875 2892 2039 2955 atque
2062 2885 2137 2941 ita
2174 2886 2469 2957 unicuique
2492 2886 2744 2955 futurum
2770 2902 2892 2944 esse
2915 2890 3012 2957 ait,
3045 2891 3141 2961 qui
3170 2906 3284 2948 non
3315 2894 3454 2950 aedi-

1874 2976 2118 3031 ficaverit
2143 2976 2365 3033 domum
2397 2976 2582 3033 fratris
2616 2977 2721 3044 sui,
2750 2977 3014 3035 doctrina:
3042 2995 3239 3052 nempe
3283 2997 3455 3040 evan-

1874 3065 2080 3138 gelica,
2130 3083 2252 3137 quae
2301 3067 2487 3138 legalis
2526 3068 2716 3124 eadem
2769 3077 2824 3124 et
2876 3071 3192 3142 prophetica
3220 3082 3341 3141 est;
3384 3090 3453 3132 ac

1874 3159 2021 3215 aliud
2052 3174 2163 3214 non
2191 3158 2457 3214 obtinebit
2500 3173 2724 3227 nomen,
2758 3160 2853 3230 qui
2900 3159 3088 3218 fratris
3117 3163 3201 3219 sui
3246 3180 3450 3223 nomen

1874 3252 2017 3323 apud
2044 3251 2317 3308 lsraelitas
2344 3266 2454 3307 non
2485 3251 2739 3317 :ediflcat,
2767 3267 2932 3322 quam
2961 3253 3114 3322 illud,
3140 3270 3268 3312 eum
3298 3257 3452 3314 scili-

1872 3352 1959 3399 cet
1982 3359 2102 3401 esse
2128 3343 2349 3400 domum
2374 3342 2710 3400 discalceati.
2741 3341 3002 3415 Quisquis
3032 3361 3164 3418 ergo
3194 3348 3249 3404 in
3276 3348 3450 3407 hare-

1872 3437 2046 3506 sibus,
2069 3452 2135 3493 ac
2161 3436 2230 3494 iis
2258 3436 2557 3509 praesertim
2579 3450 2701 3507 qua:
2723 3435 3061 3493 divinitatem
3083 3438 3355 3508 dividunt,
3381 3458 3449 3499 ac
3563 3441 3568 3444 ’

1870 3530 2045 3601 legem
2070 3530 2140 3585 ab
2169 3528 2461 3602 Evangelia
2491 3528 2777 3594 dirimunt,
2810 3528 3108 3597 volutatur,
3141 3549 3163 3584 ι
3199 3533 3398 3592 domus
3419 3553 3441 3587 ο

1871 3622 1962 3678 ille
1996 3631 2082 3679 est
2130 3639 2149 3675 ι
2182 3621 2493 3678 discalceati
2524 3621 2592 3688 “,
2630 3640 2650 3674 ι
2686 3619 2740 3675 in
2788 3619 2982 3677 faciem
3031 3633 3359 3696 computus,
3393 3633 3451 3684 et

1870 3717 2042 3774 altero
2071 3715 2256 3772 calceo
2283 3722 2502 3772 exutus.
2529 3713 2709 3769 Tertia
2738 3713 2854 3769 haac
2872 3721 3131 3784 praeterea
3160 3713 3216 3768 in
3239 3714 3451 3773 huncce

1871 3809 2050 3865 locum
2072 3807 2231 3864 nobis
2260 3805 2533 3863 succurrit
2555 3802 2834 3877 cogitatio,
2866 3819 3031 3874 quam
3056 3804 3247 3875 paucis
3274 3820 3447 3877 expo-

1869 3915 2083 3955 nemus.
2148 3897 2340 3954 Mulier
2391 3897 2610 3969 quidem
2648 3896 2793 3953 dicta
2849 3905 2936 3952 est
2998 3894 3278 3968 Sapientia
3319 3914 3451 3971 pro-

1868 4001 1989 4063 pter
2018 3991 2151 4047 illud
2188 3991 2276 4045 ":
2321 4007 2340 4041 ι
2376 3988 2613 4056 Quaesivi
2655 4004 2918 4060 sponsam
2960 3985 3096 4044 mibi
3128 4005 3249 4046 eam
3287 4005 3449 4047 assu-

1871 4105 2052 4156 mere;
2081 4108 2101 4141 ι
2156 4088 2380 4158 ipsaque
2409 4085 2643 4142 amanda
2682 4094 2787 4153 est,
2806 4085 2961 4156 juxta
3006 4086 3057 4143 id
3094 4085 3239 4158 quod
3274 4101 3309 4143 a
3341 4086 3448 4143 Sa-

1870 4183 2089 4240 lomone
2115 4182 2321 4237 dictum
2362 4187 2448 4235 est
2477 4180 2564 4233 “z
2609 4195 2629 4230 ι
2667 4176 2837 4249 Dilige
2882 4194 3003 4234 eam
3047 4188 3103 4235 et
3149 4194 3447 4236 conservae

1871 4275 1950 4331 bit
1997 4283 2086 4330 te:
2129 4291 2149 4325 ι
2192 4272 2272 4326 vir
2316 4280 2499 4326 autem
2550 4268 2724 4339 ipsius
2772 4267 2991 4339 sapiens
3045 4276 3147 4325 est.
3196 4267 3354 4336 Quod
3399 4268 3449 4326 si

1870 4382 2000 4437 ergo
2045 4365 2199 4421 nullo
2227 4380 2296 4421 ex
2345 4362 2620 4434 Sapientia
2667 4360 2847 4433 genito
2890 4360 3023 4427 fetu,
3073 4376 3142 4417 ex
3186 4361 3293 4418 hac
3333 4370 3449 4419 vita

1870 4460 2032 4531 821
2065 4456 2359 4514 decesserit
2384 4452 2624 4524 sapiens,
2655 4452 2748 4522 qui
2777 4465 2904 4506 cum
2941 4451 3062 4523 ipso
3095 4467 3206 4507 una
3236 4450 3451 4537 habita-

1871 4552 2009 4610 verit
2039 4551 2229 4614 frater,
2260 4549 2314 4604 in
2341 4547 2643 4615 eademque
2670 4543 3044 4614 conquieverit
3063 4542 3335 4610 doctrina,
3367 4544 3448 4601 ei-

180 4650 285 4704 τὸν
316 4650 483 4704 τόπον
528 4648 907 4722 ὲξεδεξάμεθα,
951 4651 1018 4722 ἥν
1069 4650 1159 4704 διὰ
1203 4649 1450 4722 βραχέων
1502 4648 1766 4722 ἐροῦμενο

1876 4647 1995 4703 dem
2027 4643 2233 4717 praesit,
2252 4650 2313 4698 ut
2331 4656 2401 4697 ex
2429 4639 2708 4710 Sapientia
2724 4646 2983 4694 nascatur
3006 4635 3203 4708 aliquis
3218 4638 3449 4709 gloriam

180 4744 330 4814 γυνὴ
359 4743 459 4816 μὲν
483 4744 517 4815 ἡ
547 4742 714 4812 Σοφία
738 4742 950 4815 εἴρηται
976 4743 1064 4797 διὰ
1097 4741 1190 4809 τὸ,
1233 4760 1252 4793 t
1286 4740 1502 4812 Ταύτην
1532 4740 1772 4815 ἐζήτησα

1877 4741 1927 4798 ei
1945 4738 2336 4796 conciliaturus
2356 4734 2451 4807 qui
2469 4751 2533 4790 ex
2554 4736 2660 4792 hoc
2679 4733 2951 4799 convictu,
2971 4730 3079 4787 fetu
3104 4747 3214 4787 non
3237 4732 3448 4801 relicto,

181 4835 413 4907 νύμφην
445 4835 743 4904 ἀγαγέσθαι
784 4833 1026 4907 ἐμαυτῷ,
1068 4853 1086 4885 ι
1120 4832 1213 4887 καὶ
1250 4832 1380 4905 ὲρᾷν
1403 4832 1482 4886 δεῖ
1510 4833 1650 4887 κατὰ
1679 4834 1771 4888 τὸν

1879 4831 2199 4889 excesserit.
2248 4827 2405 4896 Quod
2462 4828 2509 4884 si
2557 4827 2782 4885 relictus
2812 4825 2981 4881 frater
3006 4823 3268 4882 doctrina;
3320 4824 3450 4882 huic

1387 4948 1618 5007 VETUS
1642 4946 2246 5007 -lNTERPRETATlO.

179 5074 448 5131 Mosaicae
478 5073 635 5143 legis,
661 5072 942 5147 secundus
961 5048 1143 5147 autem
1170 5068 1517 5147 evangelicus
1548 5084 1753 5147 sermo,
1782 5070 1871 5126 cui
1899 5067 2258 5147 nuuttpmnis
2283 5066 2660 5147 ani-magrecta.
2684 5068 2899 5147 mortua
2917 5059 3064 5147 lege,
3079 5054 3452 5147 do-

177 5125 517 5203 Ehiiéiiiiii.‘
533 5125 1015 5213 365356516165
1041 5140 1170 5213 dicit
1196 5125 1496 5194 hoc'inodo
1527 5157 1539 5193 :
1571 5159 1588 5191 ι
1625 5141 1707 5194 Αη
1735 5125 2251 5213 _ignoratis,_fratres
2284 5135 2605 5205 (scientibus
2627 5133 2778 5213 enim
2819 5125 2988 5210 legem
3010 5125 3450 5213 imponitque-A-

177 5194 829 5273 niani"le—indduiinatlir
845 5194 1092 5277 homini,
1128 5211 1181 5264 in
1214 5218 1478 5280 quantum
1520 5194 1791 5280 tempori;
1811 5211 1977 5264 vivit?
2015 5194 2082 5262 'Si
2128 5194 2307 5262 autem
2343 5214 2592 5259 mortuus
2624 5200 2787 5257 fuerit
2816 5194 2918 5266 vir,
2964 5194 3142 5253 soluta
3165 5204 3247 5250 est
3273 5210 3304 5249 a
3333 5194 3449 5265 lege

258 5334 311 5367 ’⁸
350 5333 497 5389 Psal.
523 5331 801 5398 cxvn.20.
876 5332 924 5363 “
948 5331 1165 5387 Denter.
1194 5346 1322 5396 xxv,
1353 5330 1446 5384 l0.
1522 5330 1568 5363 ”
1606 5328 1736 5401 Sap.
1765 5345 1886 5395 vm,
1914 5328 1971 5384 2.
2047 5327 2094 5360 "
2130 5324 2292 5381 Prov.
2329 5340 2405 5390 ιν,
2439 5321 2493 5378 6.

260 5432 381 5504 (65)
431 5431 529 5504 Ὠς
571 5431 797 5504 οἴονται
838 5432 892 5504 oi
931 5430 1049 5504 ᾀπρ
1081 5426 1210 5504 Δτῶν
1240 5427 1544 5504 αίρέσεων.
1577 5425 1763 5504 infra:

177 5496 290 5570 Τίς
315 5496 373 5557 δὲ
407 5502 546 5572 μετὰ
574 5501 747 5555 ταῦτα
774 5503 803 5554 ὁ
834 5501 906 5572 μὴ
938 5499 1256 5570 βουλόμενος
1278 5496 1560 5620 ἄνθρωπος
1582 5496 1766 5550 λαϐεῖν

177 5578 293 5620 τὴν
318 5574 554 5620 γυναῖκα
585 5572 678 5620 τοῦ
706 5571 933 5620 ἀδελφοῦ
969 5568 1182 5620 ἑαυτοῦσ
1232 5570 1264 5620 ἦ
1303 5570 1332 5620 6
1402 5585 1431 5620 ν
1466 5571 1585 5620 ταῖς
1617 5567 1766 5620 aias-

177 5567 293 5646 τὴν
318 5567 554 5646 γυναῖκα
585 5572 685 5646 τοῦ
706 5567 948 5646 ἀδελφοῦ
969 5567 1182 5646 ἑαυτοῦ·
1232 5570 1265 5646 ἢ
1303 5570 1332 5622 6
1373 5567 1431 5620 ἐν
1466 5567 1769 5646 ταῖςιαίρέ-

179 5637 315 5722 σέσιι
331 5637 619 5722 ’λόγος-μῂ
664 5637 983 5722 βουλόμενος
1012 5642 1111 5722 την
1139 5637 1446 5718 τιμήσθασαν
1474 5637 1649 5722 ψυχὴν
1676 5637 1768 5722 τὸν

179 5706 462 5787 πρότερόν
505 5706 692 5783 ἄνδρα,
728 5706 942 5781 καϊτὴν
988 5706 1211 5782 μνήμην
1233 5706 1327 5762 τοῦ
1373 5706 1640 5779 προτέρου
1670 5709 1766 5760 ἀν-

177 5786 323 5854 δρὸς
355 5781 800 5854 παραδέξασθαι;
843 5793 898 5836 et
937 5781 1099 5854 paulo
1141 5789 1303 5854 post:
1337 5779 1453 5854 Πᾶς
1479 5774 1571 5854 οὖν
1614 5778 1652 5854 _6
1708 5778 1767 5829 ὲν

177 5847 469 5925 αξρέσεσι,
494 5853 740 5925 μάλιστα
777 5847 1354 5925 ταῖς-διακοπτούσαις
1398 5849 1496 5925 τὴν
1538 5847 1769 5917 θεότητα

182 5917 295 5980 κῖὶ
325 5924 417 5977 τὸν
447 5917 611 5994 νόμον
636 5921 746 5976 ἀπὸ
773 5920 869 5975 τοῦ
899 5919 1228 5992 Εὐαγγελίου
1254 5917 1633 5991 χωριζούσαις,
1657 5930 1764 5974 etc.

1874 5425 2226 5481 Simonianos
2272 5431 2474 5485 autem,
2507 5413 2929 5485 Saturnilianos.
2958 5408 3355 5485 Cerdoyiauos,
3380 5422 3444 5463 ac

1869 5478 2214 5567 potissimum
2240 5478 2589 5567 Marcionitas
2625 5483 2988 5567 perstringit,‘
3008 5481 3115 5567 qui
3132 5478 3314 5567 Deum.
3330 5494 3416 5567 nia

1872 5552 2014 5630 lum,
2051 5574 2388 5626 creatorem,
2443 5552 2887 5630 legisauctorcru
2907 5570 2923 5630 ξ
2947 5552 3193 5630 _honum_
3227 5558 3442 5614 autem,

1870 5618 2075 5693 Christi
2112 5618 2319 5705 patrem
2345 5618 2476 5705 esse
2502 5618 2875 5705 definiebant;
2909 5618 3141 5693 ideoque
3177 5618 3352 5691 legem
3381 5632 3445 5672 ac

1870 5694 2164 5781 ριόυιμβιεὶε
2195 5700 2570 5781 crudele?“
2608 5694 2959 5781 ‘lP'ﬁUP?:,,-
2999 5769 3044 5781 -.

1946 5759 2338 5846 ζθὸῖτεχθὲν.
2369 5767 2599 5827 Codices
2632 5762 2963 5823 llolmieusis
2991 5769 3048 5820 et
3088 5759 3440 5833 Anglicanus,

1872 5845 2087 5918 ταχθέν.
