3962 6596
552 474 694 534 1583
1513 516 1519 523 ι
2033 479 2103 534 Ol

2204 481 2355 536 ENIS
3620 492 3721 550 158i

546 612 801 670 pmesse.
833 611 1067 670 eamque
1104 595 1241 654 tueri
1281 597 1515 653 noluerit
1542 639 1555 663 ,
1588 595 1883 670 ignominia
1913 593 2103 654 allicie—

2218 599 2436 653 εἰπόντα
2474 598 2796 672 Σολομῶνα·
2837 620 2857 654 ι
2903 599 3192 676 Ἐράσθητι
3227 602 3407 675 αὐτῆς,
3440 605 3525 659 καὶ
3539 610 3719 680 τηρήσει

553 701 643 747 tur
664 706 696 747 a
737 688 1019 763 Sapientia
1056 690 1233 762 ipsum
1262 687 1485 744 dimidia
1517 696 1722 744 tantum
1755 704 1820 744 ex
1847 698 2000 760 parte
2025 703 2103 744 ex-

2222 708 2315 747 ae°
2370 712 2390 744 ι
2424 693 2562 766 ἀνὴρ
2594 692 2651 747 δὲ
2691 693 2861 765 αὐτῆς
2901 696 2929 748 6
2960 694 3152 763 σοφός·
3197 694 3292 748 ὲάν
3327 692 3414 750 οὖν
3442 698 3469 750 6
3510 699 3642 768 σοφὸς
3668 701 3721 773 μὴ

538 781 861 836 calceante:
921 794 1028 834 nec
1081 778 1226 833 enim
1274 792 1383 832 non
1424 777 1823 834 excalceabitur
1852 777 2097 848 ejusmod

2218 787 2482 858 γεννήσας
2514 785 2667 851 τινὰς
2698 788 2764 841 ὲκ
2808 786 2908 858 τῆς
2939 786 3141 856 Σοφίας
3164 787 3441 859 ἀπαλλαγῇ
3465 789 3548 843 τοῦ
3576 790 3723 860 βίου,ό

544 864 734 939 homo,
766 888 944 944 neque
972 870 1197 927 omnino
1222 870 1637 925 excalceabitur.
1657 867 1725 924 Ut
1745 877 1926 924 autem
1944 871 2103 942 legerr

2217 880 2547 951 κατοικήσας
2565 880 2681 950 μετ’
2696 877 2861 948 αὐτοῦ
2885 878 3132 947 ἀδελφὸς,
3153 879 3248 932 καὶ
3269 881 3324 932 ἐν
3339 883 3444 943 τοῖς
3460 880 3617 945 αὐτοῖς
3629 884 3725 935 ἁνα-

546 966 723 1022 virum
758 966 1029 1033 mulieris,
1063 964 1283 1039 animae_
1312 962 1553 1030 scilicet,
1589 978 1652 1017 ex
1689 961 1970 1034 Scriptura
2008 963 2103 1019 dici

2216 971 2563 1042 παυσάμενος
2597 970 2795 1041 λόγοις,
2822 970 3171 1043 πρεσϐευέτω
3198 970 3305 1025 τῶν
3333 971 3514 1034 αὐτῶν,
3544 972 3617 1025 ἶνα
3634 991 3723 1041 γεν-

542 1056 860 1128 probemus,
895 1057 1041 1111 hunc
1060 1071 1126 1111 ex
1156 1054 1396 1126 Epistula
1427 1055 1492 1110 ad
1538 1054 1815 1111 Romanos
1846 1069 2103 1126 propone

2216 1062 2351 1134 νηθῇ
2375 1064 2438 1116 ὲκ
2470 1062 2571 1134 τ’ἡς
2602 1062 2801 1132 Σοφίας
2827 1065 2855 1117 6
2885 1062 3036 1126 κλέος
3060 1063 3429 1135 περιποιήσων
3448 1063 3517 1134 τῷ
3535 1064 3722 1119 ἀπαλλα-

543 1164 668 1206 mus
708 1151 923 1215 locum,
969 1148 1064 1219 qui
1118 1147 1190 1203 ita
1219 1162 1280 1203 se
1305 1147 1469 1203 habet
1496 1147 1543 1180 "’
1576 1164 1592 1201 :
1626 1147 1762 1220 t_An
1804 1146 2065 1217 ignoratis
2097 1187 2103 1211 τ

2222 1151 2370 1222 γέντι
2400 1154 2499 1225 τῆς
2528 1154 2883 1225 συμϐιώσεως
2918 1155 3009 1209 τὸν
3052 1155 3264 1226 καρπὸν
3310 1155 3648 1225 παραστῆσαιι
3678 1157 3722 1208 Εἰ

545 1240 742 1298 fratres
766 1238 1086 1309 (scientibus
1117 1237 1262 1292 enim
1295 1236 1467 1305 legem
1504 1236 1750 1307 loquor),
1786 1238 1912 1307 quia
1942 1237 2028 1293 lex
2059 1238 2103 1293 in

2215 1245 2272 1299 δὲ
2296 1246 2370 1318 μὴ
2405 1245 2645 1317 βούλοιτο
2670 1247 3001 1319 πρεσϐεῦσαι
3034 1248 3063 1300 ό
3087 1247 3531 1319 καταλειπόμενος
3552 1248 3723 1317 ἁδελυδς

544 1332 765 1388 homine
793 1331 1104 1387 dominatur
1125 1340 1330 1400 quanto
1365 1336 1605 1399 tempore
1630 1328 1810 1383 vivit?
1849 1346 1868 1387 ι
1911 1337 1965 1384 et
2006 1346 2103 1385 ea:-

2214 1336 2321 1392 τῶν
2365 1338 2560 1406 λόγων,
2603 1339 3036 1410 ἀτιμασθήσεται
3081 1339 3186 1394 ὑπὸ
3226 1338 3328 1410 τῆς
3354 1339 3531 1407 σοφίας
3559 1339 3607 1403 ἐξ
3626 1340 3723 1408 int:-

541 1437 678 1492 tera,
704 1438 878 1493 usque
916 1421 982 1477 ad
1014 1421 1066 1475 id
1095 1414 1131 1474 :‘
1153 1439 1172 1471 ι
1205 1418 1261 1473 Si
1294 1418 1456 1474 fuerit
1480 1436 1603 1475 cum
1630 1420 1736 1475 alio
1765 1420 1904 1475 viro.
1932 1439 1952 1473 ι
1988 1420 2103 1475 Plu-

2217 1429 2366 1494 σείας
2396 1430 2557 1485 αὐτὸν
2591 1431 2929 1503 ύπολυούσης
2948 1450 2961 1461 ·
2998 1431 3121 1486 οὕτε
3153 1432 3261 1502 γὰρ
3283 1432 3382 1501 οὐχ
3402 1430 3725 1502 ύπολυθὴσετιι

544 1515 681 1570 rima
719 1523 902 1568 autem
932 1527 963 1567 a
1002 1510 1156 1566 nobis
1187 1510 1241 1564 in
1278 1510 1423 1565 hunc
1451 1510 1631 1566 locum
1648 1511 1790 1565 dicta
1815 1520 1958 1575 sunt,
1985 1528 2103 1568 cum

2216 1520 2246 1573 6
2274 1519 2532 1586 τοιοῦτος,
2567 1521 2691 1576 οὔτε
2716 1523 2936 1588 τελείως
2965 1523 3385 1595 ὑπολυθήσεται.
3419 1524 3508 1586 Et;
3533 1523 3581 1576 δὲ
3600 1540 3723 1576 κατα-

541 1608 593 1662 in
620 1606 827 1663 nostris
861 1605 914 1661 in
946 1603 1245 1675 Epistolam
1278 1602 1345 1659 ad
1374 1601 1653 1659 Romanos
1702 1604 2103 1661 commentariis

2221 1610 2416 1683 σκευὴν
2457 1611 2550 1665 τοῦ
2577 1612 2667 1667 τὸν
2696 1613 2858 1685 νόμον
2884 1612 3051 1685 ἄνδρα
3084 1612 3343 1682 λέγεσθαι
3368 1612 3502 1665 κατά
3521 1613 3604 1683 τὴν
3625 1612 3728 1683 Γρα-

534 1699 717 1768 ipsum
747 1698 1253 1769 interpretaremur.

2221 1702 2327 1774 φὴν
2379 1705 2669 1772 γυναικὸς,
2717 1707 2817 1778 τῆς
2858 1704 3071 1776 ψυχῆς,
3118 1704 3539 1776 παραθησόμεθα
3570 1702 3728 1757 1667.6

538 1788 638 1858 τῆς
668 1789 805 1863 πρὸς
829 1778 1130 1860 Ῥωμαίους
1150 1786 1324 1851 οὕτως
1344 1786 1535 1859 ἔχοντα
1554 1804 1567 1818 ⁸
1600 1806 1618 1841 ε
1646 1786 1717 1840 Ἢ
1742 1787 2005 1857 ἀγνοεῖτε,
2027 1786 2242 1861 ἀδελφοὶ
2291 1793 2636 1863 (γινώσκουσι
2664 1798 2773 1870 γὰρ
2799 1799 2961 1866 νόμον
2981 1796 3172 1870 λαλῶ),
3198 1798 3281 1851 ὄτι
3301 1798 3334 1849 6
3365 1798 3516 1867 νόμος
3541 1795 3730 1868 κυριεύει

537 1878 632 1934 τοῦ
666 1879 952 1953 ἀνθρώπου
982 1879 1066 1950 ἐφ’
1090 1879 1214 1932 ὅσον
1240 1878 1428 1951 χρόνον
1455 1879 1559 1950 ζῇς
1597 1897 1616 1931 ³
1651 1878 1745 1934 καὶ
1791 1879 1860 1932 τὰ
1900 1878 2027 1951 ἑξῆς
2078 1880 2183 1947 ἕως
2216 1885 2310 1939 τοῦ
2334 1903 2347 1917 ’
2388 1905 2409 1940 ε
2444 1890 2741 1962 γενομένην
2774 1890 2926 1962 ἀνδρὶ
2952 1889 3141 1961 ἑτέρῳ.
3184 1908 3203 1941 ι
3236 1889 3461 1960 Εἴρηται
3487 1887 3537 1941 δὲ
3561 1885 3731 1939 πλείονι

537 1979 667 2049 ἡμῖν
722 1977 807 2041 είς
858 1976 950 2033 τὸν
998 1975 1184 2040 τόπον,
1232 1974 1607 2047 διηγουμένοις
1660 1974 1723 2028 τὸ
1768 1974 1964 2047 χωρίον
2014 1975 2107 2030 τοῦ
2146 1978 2248 2051 τῆς
2283 1981 2393 2054 (66)
2430 1986 2564 2058 πρὸς
2591 1986 2895 2057 Ῥωμαίους
2950 1977 3463 2053 Ἐπιστολῆςὲντοῖς
3507 1983 3577 2046 εἰς
3600 1977 3729 2051 αὐτὴν

539 2070 900 2142 ἐξηγητικοῖς.

606 2166 698 2222 55.
731 2163 991 2232 Quamvis
1018 2176 1198 2220 autem
1229 2163 1345 2220 hzec
1385 2178 1481 2234 per
1519 2162 1913 2234 digressionem
1944 2178 1973 2219 a
2005 2180 2103 2218 nn-

2276 2169 2462 2224 Ταῦτα
2519 2166 2639 2240 μὲν,
2692 2170 2742 2222 εί
2792 2169 2888 2223 καὶ
2934 2167 3074 2239 μετὰ
3106 2166 3494 2239 παρεκϐάσεως
3534 2164 3729 2236 λελέχθαι

535 2258 622 2314 bis
653 2257 940 2313 videantur
966 2272 1089 2313 esse
1131 2257 1274 2313 dicta
1301 2295 1317 2322 ,
1374 2256 1441 2313 ad
1491 2255 1869 2312 elucidandam
1924 2265 2103 2313 tamen

2205 2260 2370 2323 δοκεῖ,
2423 2258 2660 2331 εἰρήσθω
2711 2260 2792 2323 είς
2849 2259 3146 2331 σαφήνειαν
3203 2256 3301 2311 τοῦ
3358 2254 3504 2329 παρὰ
3553 2255 3733 2310 Μωῡσεῖ

533 2344 827 2401 Mosaicatu
862 2346 1031 2417 legem
1062 2345 1271 2416 prolata
1300 2344 1440 2413 sint,
1471 2361 1636 2416 quam
1692 2346 1923 2404 citantes
1965 2346 2104 2403 Sad-

532 2437 704 2493 duczei
721 2434 1063 2493 Servatorcm
1080 2437 1508 2508 interrogabant,
1535 2438 1777 2494 dicentes
1802 2438 1882 2493 ἐς
1906 2458 1925 2491 ι
1952 2438 2099 2511 Moy-

531 2544 622 2585 ses
644 2528 819 2584 dixit:
883 2527 941 2584 Si
989 2528 1113 2599 quis
1144 2538 1394 2585 mortuus
1446 2526 1609 2585 fuerit
1652 2545 1760 2586 non
1804 2531 2011 2587 habens
2038 2532 2104 2586 (i-

531 2621 690 2687 lium,
728 2639 749 2676 ι
793 2629 848 2678 et
898 2621 1129 2692 reliqua.
1188 2621 1434 2692 Agedum
1483 2637 1615 2679 vero
1662 2623 1929 2695 reliquam
1984 2632 2108 2694 post

531 2713 622 2768 illa
649 2712 929 2785 Evangelii
958 2722 1168 2780 partem
1195 2713 1550 2771 enucleemus
1576 2753 1593 2781 ,
1634 2729 1758 2786 quae
1804 2715 1930 2771 inde
1957 2715 2103 2771 ordi-

531 2813 621 2860 tur
644 2804 734 2860 ²⁹ι
771 2823 793 2859 ι
831 2803 999 2861 Erant
1026 2812 1208 2860 autem
1235 2804 1376 2876 apud
1411 2821 1513 2863 nos
1559 2816 1764 2879 septem
1790 2808 2020 2876 fratres,
2052 2818 2107 2863 et

533 2895 771 2967 primus,
800 2911 973 2953 uxore
1002 2896 1186 2962 ducta,
1216 2896 1505 2954 defunctus
1533 2906 1637 2967 est,
1682 2915 1703 2951 ι
1742 2907 1796 2954 et
1824 2913 1946 2969 quae
1975 2906 2107 2955 sunt

2206 2352 2393 2424 νόμου,
2423 2344 2484 2404 οὗ
2532 2350 2861 2423 μνησθέντες
2909 2352 2957 2404 oi
2992 2350 3345 2405 Σαδδουκαῖοι
3392 2348 3626 2402 ἐπύθοντο
3659 2346 3730 2399 τοῦ

2206 2443 2476 2516 Σωτῆρος,
2492 2443 2815 2514 λέγοντεςξτό
2832 2460 2846 2475 ο
2872 2461 2891 2496 t
2923 2443 3163 2513 Μωῦσῆς
3192 2439 3370 2496 εἶπεν·
3406 2442 3525 2495 Ἐάν
3546 2458 3617 2504 τις
3640 2441 3737 2493 ἀπο-

2206 2533 2341 2607 θάνῃ
2378 2535 2453 2607 μὴ
2483 2534 2621 2606 ἔχων
2670 2535 2857 2598 τέκνα,
2897 2554 2916 2587 ι
2952 2534 3048 2588 καὶ¹
3091 2534 3160 2588 τὰ
3188 2534 3339 2605 ἑξῆς.
3380 2533 3511 2605 Φέρε
3547 2532 3597 2586 δὲ
3629 2530 3736 2603 μετὰ

2204 2626 2377 2681 ταῦτα
2421 2626 2490 2681 τὰ
2533 2625 2667 2682 ἄλλα
2712 2625 2805 2680 τοῦ
2850 2625 3182 2695 Εὐαγγελίου
3212 2624 3553 2697 ἐξετάσωμεν
3579 2623 3636 2677 τὰ
3655 2622 3738 2677 ἀπὸ

2204 2718 2300 2773 τοῦ
2320 2735 2334 2750 ·
2367 2737 2385 2771 ι
2421 2714 2604 2773 Ἦσαν
2632 2718 2689 2772 δὲ
2719 2717 2848 2790 παρ’
2875 2719 3007 2790 ἡμῖν
3031 2718 3168 2771 ἑπτὰ
3192 2717 3437 2788 ἀδελφοὶ,
3468 2718 3553 2771 καὶ
3575 2716 3601 2769 6
3619 2715 3735 2786 πρῶσ

2204 2829 2295 2877 τος
2316 2812 2501 2884 γήμας
2526 2810 2865 2883 ἐτελεύτησε,
2898 2828 2918 2863 ι
2944 2809 3039 2863 καὶ
3060 2810 3129 2864 τὰ
3152 2809 3307 2881 ἑξῆς.
3347 2811 3405 2865 'O
3427 2809 3523 2881 μὲν
3558 2806 3738 2870 Ἠσαίας

2205 2904 2264 2958 ὲν
2287 2906 2354 2976 τῇ
2382 2902 2688 2976 προφητείᾳ
2712 2901 2874 2972 φησιν
2898 2918 2912 2933 ο
2954 2919 2973 2975 ς
3025 2900 3414 2974 Ἐπιλήψονται
3439 2898 3569 2955 ἑπτὰ
3587 2898 3736 2967 γυναῖ-

2204 3009 2299 3057 κες
2324 2990 2611 3065 ἀνθρώπου
2641 2991 2780 3056 ἐνὸς,
2807 2990 3080 3060 λέγουσαι·
3101 2989 3204 3044 Τὸν
3221 2992 3390 3063 ἄρτον
3414 2990 3561 3062 ἡμῶν
3587 2986 3739 3060 φαγὼ-

2207 3085 2366 3157 μεθα,
2395 3084 2489 3138 καὶ
2518 3082 2588 3137 τὰ
2638 3084 2829 3154 ἱμάτια
2874 3081 3031 3155 ἡμῶν
3074 3082 3521 3157 περιϐαλώμεθα,
3550 3081 3668 3152 πλὴν
3691 3078 3739 3132 τὸ

2203 3176 2455 3248 ὄνοματὸ
2483 3176 2574 3231 σὺν
2607 3175 2891 3249 κεκλήσθω
2921 3175 3005 3246 ἐφ’
3044 3177 3213 3249 ἡμᾶς·
3253 3176 3427 3246 ἄφελε
3476 3176 3562 3231 τὸν
3588 3173 3740 3228 ὀνειδι-

2205 3269 2341 3339 σμὸν
2360 3269 2538 3341 ἡμῶν.
2575 3288 2594 3322 ι
2620 3270 2688 3322 Oi.
2708 3268 2767 3323 δὲ
2797 3267 3181 3342 προσελθόντες
3209 3270 3552 3325 Σαδδουκαῖοι
3572 3268 3639 3338 τῷ
3659 3266 3741 3319 Σω-

2201 3360 2326 3433 τῆρι
2367 3360 2430 3414 τὸ
2466 3359 2733 3415 ἀνάπαλιν
2768 3362 2834 3432 τῇ
2881 3360 3188 3433 προφητείᾳ
3224 3362 3366 3431 φασὶ
3414 3362 3541 3433 περὶ
3571 3357 3740 3430 ἀνδρῶν

2203 3452 2345 3511 ἑπτὰ
2361 3452 2725 3524 γαμησὰντων
2755 3453 2885 3525 μίαν
2907 3455 3139 3523 γυναῖκα
3156 3470 3171 3484 ·
3192 3453 3426 3526 πλάσμα
3443 3454 3501 3509 δὲ
3521 3452 3649 3506 δοκεῖ
3670 3464 3741 3518 μοι

533 2989 812 3059 deinceps.
842 2988 1012 3045 Isaias
1042 2988 1261 3064 quidem
1291 2989 1368 3045 ait
1394 2989 1446 3044 in
1484 2989 1768 3061 prophetia
1799 2990 1846 3023 '°
1875 3007 1890 3046 :
1927 3008 1948 3044 ι
1995 2991 2105 3063 Ap-

524 3081 863 3153 prehendent
882 3094 1086 3156 septem
1113 3085 1372 3141 mulieres
1393 3084 1569 3140 virum
1598 3099 1766 3140 unum
1793 3084 1850 3140 in
1875 3084 1964 3140 die
1987 3084 2101 3154 illa,

527 3174 772 3233 dicentes
800 3188 817 3229 :
846 3173 1048 3232 Panem
1078 3186 1330 3233 nostrum
1365 3177 1719 3233 comedemus
1748 3217 1765 3245 ,
1822 3186 1879 3234 et
1931 3178 2101 3234 vesti-

529 3268 736 3326 mentis
769 3269 973 3325 nostris
1004 3271 1318 3343 operiemur
1341 3310 1358 3337 ,
1409 3268 1785 3325 tantummodo
1824 3269 2105 3327 invocetur

528 3375 726 3416 nomen
747 3369 898 3416 tuum
915 3377 1079 3433 super
1100 3378 1221 3429 nos,
1237 3360 1398 3418 aufer
1420 3361 1772 3432 opprobrium
1792 3370 2061 3418 nostrum.
2076 3381 2097 3416 ι

527 3453 864 3531 Accedeutes
891 3464 1072 3510 autem
1107 3454 1178 3510 ad
1207 3453 1554 3510 Servatorem
1602 3461 1847 3509 nostrum
1891 3452 2104 3509 Saddu—

524 3547 645 3610 cci,
677 3545 746 3602 de
774 3554 979 3618 septem
1024 3545 1158 3604 viris
1191 3544 1286 3618 qui
1320 3532 1487 3601 unam
1545 3545 1818 3602 duxerant
1869 3560 2093 3602 uxorem

2204 3542 2336 3601 εἶναι
2360 3544 2421 3600 τὺ
2452 3543 2744 3617 πρόϐλημα
2775 3544 2976 3612 αὐτῶν,
2999 3546 3358 3619 προθεμένων
3386 3546 3475 3601 διὰ
3498 3544 3585 3600 τοῦ
3608 3542 3742 3598 πλάσ-

519 3637 825 3709 prophetite
848 3637 1122 3695 contraria
1167 3638 1401 3695 dicunt:
1437 3638 1761 3709 ﬁgmentum
1798 3648 1981 3694 autem
2021 3638 2099 3694 vi-

2205 3654 2372 3710 ματος
2410 3636 2502 3691 τὸν
2546 3636 2677 3710 περὶ
2730 3636 3080 3700 ἀναστάσεως
3126 3636 3399 3710 ἀθετῆσαι
3448 3637 3627 3706 λόγον,
3666 3633 3741 3687 καὶ

523 3728 685 3785 detur
696 3744 821 3786 esse
844 3730 1075 3800 quaestio
1095 3744 1310 3795 eorum,
1332 3729 1533 3801 quibus
1559 3728 1611 3784 id
1626 3726 1961 3800 propositum
1990 3739 2094 3795 est,

2204 3729 2488 3801 οἰηθέντων
2511 3728 2823 3784 ἀκολουθεῖν
2864 3730 2929 3801 τῇ
2968 3728 3267 3785 ἀναστάσει
3314 3730 3378 3784 τὸ
3414 3730 3627 3784 ἕκαστον
3656 3725 3740 3780 τῶν

520 3827 586 3874 ιιι
628 3822 724 3888 per
767 3817 1043 3874 ﬁctionem
1089 3818 1397 3875 doctrinam
1425 3818 1491 3874 de
1539 3818 1939 3874 resurrectione
1967 3819 2096 3874 sub-

2204 3820 2573 3891 ἀνισταμένων
2610 3820 2711 3893 τὴν
2739 3820 2908 3892 αὐτὴν
2947 3821 3089 3891 ἔχειν
3126 3821 3315 3893 σχέσιν
3357 3821 3496 3893 πρὸς
3520 3820 3605 3884 οὓς
3628 3815 3739 3887 εἶχεν

521 3918 778 3979 vertant,
834 3910 1037 3982 quique
1090 3909 1255 3982 822
1288 3925 1354 3965 ex
1396 3910 1797 3966 resurrectione
1829 3911 2093 3980 consequi

2204 3914 2257 3967 ὲν
2298 3913 2376 3984 τῷ
2424 3912 2524 3985 βίῳ
2563 3913 2761 3984 τούτῳ,
2796 3913 2861 3967 ἵν’
2889 3916 2919 3968 6
2950 3913 3047 3984 μὲν
3076 3914 3216 3986 ἀνὴρ
3246 3914 3504 3987 ἀπολάϐῃ
3541 3913 3628 3968 καὶ
3663 3910 3739 3981 τὴν

522 4002 840 4059 existimant
876 4012 937 4059 ιιι
970 4003 1349 4074 unusquisque
1374 4010 1810 4059 resurrectorum
1844 4002 2088 4058 eamdem

2204 4005 2430 4072 γυναῖκα
2479 4002 2618 4073 μετά
2652 4002 2747 4057 τοῦ
2793 4006 2975 4075 τυχεῖν
3019 4004 3406 4069 ἀναστάσεως·
3447 4006 3476 4057 6
3503 4004 3557 4057 δὲ
3590 4002 3740 4070 πατὴρ

522 4095 720 4152 habeat
741 4095 1054 4152 allinitatem
1103 4111 1173 4152 ac
1222 4095 1470 4150 habitum
1503 4110 1629 4151 cum
1660 4096 1860 4167 quibus
1897 4096 1951 4151 in
1989 4096 2091 4151 hac

2204 4091 2357 4166 μείνῃ
2392 4096 2449 4148 έν
2475 4096 2543 4166 τῇ
2586 4094 2766 4166 σχέσει
2794 4097 2860 4166 τῇ
2891 4094 3027 4167 πρὸς
3067 4094 3160 4148 τὸν
3192 4094 3334 4160 υἱὸν,
3366 4094 3463 4150 καὶ⁵
3502 4095 3531 4147 6
3557 4089 3741 4161 ἀδελφὸς

519 4187 631 4241 vita
670 4187 885 4254 habuit,
933 4188 1071 4245 adeo
1116 4196 1178 4243 ut
1223 4201 1452 4243 uxorem
1486 4203 1642 4243 suam
1678 4195 1967 4258 postquam
2002 4201 2089 4243 re-

2204 4185 2330 4259 πρὸς
2352 4185 2444 4240 τὸν
2471 4185 2715 4255 ἀδελφόν.
2754 4186 3008 4255 Ἠγνόουν
3036 4186 3093 4240 δὲ
3114 4186 3245 4258 ἄρα,
3269 4188 3360 4240 ὃτι
3388 4188 3417 4239 6
3436 4186 3741 4259 δημιουργὸς.

520 4280 822 4335 surrexerit
848 4280 931 4334 vir
967 4280 1193 4350 recipiat
1219 4297 1236 4347 ;
1273 4288 1424 4350 pater
1449 4289 1630 4334 autem
1663 4278 1717 4333 iu
1740 4278 1930 4334 eodem
1961 4293 2090 4348 erga

2204 4276 2371 4330 πάντα
2414 4275 2583 4337 ποιῶν
2628 4276 2764 4348 πρὸς
2798 4275 2860 4329 τὸ
2910 4278 3199 4349 χρήσιμον,
3250 4278 3391 4331 ὅπου
3430 4278 3525 4348 μὲν
3567 4269 3742 4344 γένεσίς

519 4369 693 4426 ﬁlium
715 4370 926 4436 habitu,
952 4378 1009 4427 et
1032 4369 1204 4426 frater
1224 4385 1353 4441 erga
1391 4368 1614 4425 fratrem
1645 4376 1973 4439 perseveret.
2020 4367 2090 4424 At

2204 4368 2308 4422 Ιεστι
2348 4367 2442 4422 καὶ
2471 4367 2666 4441 φθορὰ,
2702 4368 3000 4440 πεποίηκεν
3034 4369 3356 4438 ἀναγκαίως
3385 4369 3485 4434 τὰς
3527 4363 3743 4425 τοιαύτας

517 4476 705 4518 rerum
731 4463 978 4518 omnium
1010 4461 1291 4534 opiﬁcem,
1328 4476 1453 4516 cum
1490 4475 1578 4516 res
1605 4474 1853 4530 quasque
1883 4459 1948 4515 ad
1979 4459 2088 4514 uti-

2204 4459 2427 4531 ⁵Χέσειςν
2461 4460 2528 4514 ἶν’
2561 4463 2590 4515 ὁ
2618 4460 2717 4532 μέν
2747 4457 2885 4536 τιςῇ
2913 4462 3054 4533 ἀνὴρ
3089 4461 3177 4515 διὰ
3210 4461 3475 4531 γυναικὸς
3498 4454 3739 4515 διακονοὺ-

517 4554 722 4610 litatem
770 4562 1159 4625 compararet,
1220 4553 1310 4608 ubi
1357 4560 1512 4609 ortus
1564 4550 1703 4609 foret
1734 4561 1788 4607 et
1810 4551 2085 4616 interitus,

2204 4566 2356 4622 μενος
2386 4549 2588 4605 παίδων
2624 4548 2868 4619 γενέσει·
2897 4550 2944 4603 οί
2972 4549 3030 4603 δὲ
3056 4549 3394 4622 γεννώμενοι
3428 4547 3593 4620 σχῶσί
3626 4562 3669 4596 τι
3690 4544 3742 4593 ἐκ

515 4641 785 4714 ejusmodi
814 4642 1031 4699 habitus
1077 4643 1389 4701 necessario
1423 4641 1696 4698 invexisse
1726 4641 2082 4710 nesciebant,

2204 4642 2291 4713 τῆς
2328 4640 2418 4698 διὰ
2463 4641 2572 4696 τῶν
2614 4639 2797 4696 αὐτῶν
2830 4638 3093 4711 γενέσεως
3132 4638 3245 4713 (67)
3293 4638 3578 4711 συγγενὲς,
3617 4634 3741 4693 ὄντες

1724 4779 1957 4839 VETUS
1990 4776 2570 4835 INTERPRETATIO.

513 4899 640 4973 viri.
668 4899 839 4973 Igitur
869 4900 1080 4973 virente
1107 4901 1228 4957 viro
1260 4901 1505 4957 adultera
1535 4901 1713 4973 εει,Αεί
1743 4898 1885 4973 facta
1911 4896 2075 4973 fuerit
2108 4897 2261 4973 alteri
2304 4895 2444 4951 viro.
2494 4894 2552 4950 Si
2600 4903 2781 4950 autem
2820 4900 3071 4949 mortuus
3103 4894 3269 4949 fuerit
3290 4894 3402 4961 vir,
3434 4892 3652 4949 liberata
3676 4892 3742 4944 est

513 4987 546 5027 a
571 4964 838 5036 lege'viri,
873 4970 947 5026 ita
975 4980 1166 5036 ut,non
1199 4973 1272 5027 sit
1300 4973 1541 5028 adultera
1567 4971 1613 5027 si
1646 4969 1808 5026 fuerit
1839 4983 1962 5024 cum
1986 4964 2155 5021 altero
2181 4965 2321 5021 viro.
2355 4984 2374 5018 ι
2480 5034 2488 5036 Α
2647 5032 2658 5036 _
2990 5032 3001 5036 Α
3151 5032 3167 5036 _
3234 5032 3247 5036 Α
3456 5031 3487 5036 _
3541 5031 3588 5036 __
3696 5023 3707 5034 ,

579 4990 620 5026 Ie
657 4990 688 5026 e
716 4990 838 5035 Vll'l,
873 4990 947 5026 lla
975 4990 1166 5036 IIIJIOII
1199 4990 1272 5027 διι
1300 4990 1541 5028 auuuera
1567 4990 1613 5027 SI
1646 4990 1808 5026 luent
1839 4990 1962 5024 cum
1986 4990 2155 5021 aucru
2184 4990 2321 5021 VIIU.
2355 4990 2374 5018 I
3696 5023 3707 5034 .

579 4990 672 5096 5g
712 5039 854 5097 Haec
878 5041 932 5096 in
978 5056 1205 5097 excessu
1236 5042 1474 5098 diximus
1505 5042 1574 5097 ad
1614 5038 2071 5095 manifestandum
2106 5040 2276 5107 legem
2323 5034 2531 5106 Moysi,
2574 5032 2732 5104 cujus
2775 5032 3415 5107 memoriam_facieutes
3452 5031 3737 5107 Sadduca't.

508 5109 789 5183 Christum
815 5110 1220 5183 interrogabant
1236 5111 1515 5169 dicentes:
1555 5131 1573 5165 ι
1605 5110 1819 5182 Moyses
1853 5108 2022 5174 dixit;
2061 5126 2080 5158 ι
2114 5103 2765 5183 ειξρωεειδιιζρυιενοτιιηι
2787 5103 2970 5183 omnia
2997 5103 3077 5158 sic
3102 5103 3285 5157 futura
3303 5118 3448 5183 _esse
3469 5103 3606 5183 illic._
3629 5112 3742 5183 quo:

509 5181 695 5252 modo,
718 5189 849 5237 sunt
883 5182 940 5238 in
976 5170 1183 5237 siculo
1225 5182 1332 5239 isto
1358 5183 1462 5237 viri
1503 5191 1551 5238 et
1590 5170 1811 5252 uxores,
1842 5170 2024 5250 patres
2049 5186 2102 5233 et
2131 5175 2247 5241 lilii,
2276 5170 2471 5252 fratres
2499 5183 2554 5252 et
2594 5189 2834 5252 sorores.
2880 5172 3195 5252 Debuerunt
3227 5173 3381 5227 enim
3422 5170 3739 5252 considerare

510 5260 639 5307 tunc
664 5251 946 5313 Sadducaai
974 5267 1042 5323 ea
1066 5266 1188 5323 qua:
1215 5252 1579 5323 sequebantur
1603 5243 2134 5323 opinionémeorum
2173 5264 2186 5300 :
2217 5245 2475 5323 quoniam
2503 5245 2548 5300 si
2576 5252 2706 5323 sunt
2729 5244 2813 5323 ibi
2840 5243 3063 5323 nuptiae,
3097 5252 3156 5323 _et
3180 5244 3441 5323 partus;
3483 5243 3529 5297 si
3560 5247 3737 5323 panuft

508 5329 564 5376 et
592 5330 795 5401 mortes
820 5330 874 5377 et
901 5313 1256 5401 infirmitates
1274 5313 1307 5376 ε’
1322 5313 1367 5378 si
1398 5313 1674 5401 natiyitas',
1704 5327 1759 5374 et
1789 5317 2018 5401 pueritia
2040 5325 2092 5401 et
2114 5313 2465 5401 ascensiones
2486 5315 2779 5401 apueritia
2795 5313 2885 5395 ad
2913 5313 3289 5401 maturitatem
3314 5313 3551 5401 virilem2
3574 5319 3625 5401 et

509 5376 1177 5450 norationes’seuectutis,
1201 5390 1260 5446 Si
1295 5376 1475 5447 autem
1516 5376 1630 5446 haec
1656 5376 1871 5451 omnia,
1898 5387 2004 5443 erit
2040 5396 2095 5441 et
2122 5385 2350 5451 malitia,
2395 5395 2448 5440 et
2486 5376 2574 5438 vii
2610 5384 2810 5439 alicubi
2838 5384 3011 5437 virtus
3054 5383 3368 5454 invenietur
3402 5384 3457 5437 in
3499 5380 3627 5434 raris
3656 5376 3740 5454 llo-

509 5461 750 5519 miuibus
772 5460 1138 5534 quaerentibus
1161 5476 1304 5519 eam.
1353 5457 1422 5518 Et
1463 5461 1550 5517 his
1592 5460 1723 5533 quid
1765 5465 1942 5530 potest
1983 5470 2106 5513 esse
2132 5454 2367 5528 amplius
2394 5454 2635 5509 vanum?
2657 5462 2711 5510 et
2740 5455 2935 5510 melius
2967 5461 3051 5509 est
3074 5462 3142 5508 ut
3179 5466 3281 5507 nec
3319 5452 3396 5508 sit
3421 5452 3736 5510 resurrectio,

578 5602 623 5635 "
646 5601 808 5660 Rom.
837 5621 938 5672 vu,
968 5605 1023 5674 l,
1052 5605 1122 5674 2,
1155 5606 1210 5662 5.
1314 5605 1360 5638 ’⁸
1386 5602 1578 5661 Matth.
1613 5616 1727 5657 χιιι
1757 5640 1773 5665 ,
1827 5599 1918 5655 24.
1994 5600 2041 5633 ¹⁹
2074 5598 2103 5654 il

2213 5638 2229 5663 ,
2260 5597 2351 5652 25.
2427 5596 2473 5629 ³⁸
2520 5595 2805 5663 lsa.tv,l.

599 5716 689 5790 ϐξ)
719 5717 831 5790 T037
856 5715 983 5790 ffic-
1018 5719 1321 5790 ιςθεεηίιιιεη
1340 5718 1499 5790 τοῦτο
1528 5717 1649 5789 τῆς·
1711 5784 1727 5790 ,
1829 5781 1861 5790 ..
1917 5781 1954 5790 _

2204 5711 2489 5790 τεννήσεως
2512 5709 2569 5790 δὲ
2600 5709 2760 5782 ἔργον
2791 5705 2880 5790 ἦν..
2917 5719 2971 5790 et
3001 5711 3196 5790 iterum
3239 5710 3480 5768 inferius
3510 5701 3627 5790 {alii
3662 5706 3736 5790 ὲνς

600 5774 690 5858 δι)
729 5786 843 5856 Τῆς
872 5774 1121 5858 alipta;
1136 5774 1337 5846 αὐτῶν
1361 5774 1670 5858 γενέσεῷς.
1711 5784 1789 5858 Ita
1820 5781 1883 5838 (ι.
1917 5781 1984 5837 ιι.
2019 5793 2075 5836 at

2204 5774 2355 5858 ὲαῦθα
2375 5780 2463 5834 διὰ
2484 5774 2736 5858 γέννησιν
2752 5774 2909 5858 χρεία
2925 5777 3013 5853 ἦν,
3036 5782 3400 5858 etaliquanto
3426 5788 3546 5851 post
3568 5797 3584 5858 ξ
3604 5774 3734 5848 περὶ

505 5847 917 5930 Ηξγεννήσεως.
968 5857 1147 5930 Malim
1178 5847 1515 5930 γεννήσεως,
1554 5868 1609 5911 et
1628 5847 1804 5927 'paulo
1851 5868 2085 5924 quoque

2302 5851 2361 5903 ὲν
2408 5847 2658 5930 γεννήσει
2694 5847 3012 5930 nobilitare.
3072 5851 3178 5930 sed
3206 5847 3473 5909 'fortasSe
3526 5847 3731 5919 γένεσιν.

503 5919 793 5995 superius:
841 5919 1249 5993 διακονούμενος
1281 5919 1783 5996 παίδωνγεννῆσει,
1817 5919 2021 5981 ρι’ῐιιοιι
2051 5938 2064 5974 :

2204 5919 2429 5992 ’ἐννησιν
2454 5919 2760 5979 confuderit
2792 5919 3072 5996 Ot‘igcncs.
3099 5922 3369 5979 llnﬂtus.
