3962 6582
292 388 321 441 1
335 386 440 441 389

1211 384 1565 444 COMMENT.
1608 385 1674 442 IN
1717 383 2135 443 MATTHJEUM
2173 382 2414 441 TOMUS
2444 373 2611 439 XVII.

3406 379 3546 437 i590

287 500 387 553 τοῦ
417 497 675 569 βασιλέως
699 497 755 550 ἐν
775 499 841 569 τῇ
872 496 1165 552 ἀναστάσει
1190 499 1297 553 τῶν
1324 500 1533 572 νεκρῶν
1565 503 1734 573 γαμεῖ
1766 501 1851 571 γά-

1965 498 2140 570 angeli
2174 498 2269 553 Dei
2316 498 2371 553 in
2419 495 2666 563 coelo“;
2698 515 2716 548 ι
2767 510 2952 553 verum
3001 510 3222 568 quoque
3275 504 3331 553 et
3374 496 3542 562 illud,

288 607 397 661 μον
448 589 599 662 παρά
641 591 817 643 πάντα
846 589 1042 661 γάμον,
1071 589 1129 644 ὃν
1162 590 1437 662 ὀφθαλμὸς
1467 587 1597 657 εἶδε,
1638 593 1732 647 καὶ
1767 587 1861 658 οῦς

282 684 510 751 ἤκουσε,
541 682 634 735 καὶ
665 682 759 734 ἐπὶ
786 681 1009 753 καρδίαν
1039 681 1324 753 ἀνθρώπου
1353 683 1518 756 ἀνέϐη
1539 702 1552 715 ·
1592 684 1687 739 καὶ
1717 684 1861 739 ἔστιν

282 773 314 825 6
340 774 537 845 σεμνὸς
564 772 657 827 καὶ
687 772 828 846 θεῖος
862 774 1065 839 ἐκεῖνος
1090 774 1186 828 καὶ
1210 774 1575 845 πνευματικὸς
1605 774 1783 846 γάμος
1804 777 1863 831 ὲν

280 866 548 937 ἀρρήτοις
572 867 829 937 ῥήμασιν,
861 884 879 917 ι
913 864 948 919 ἃ
973 865 1047 936 μὴ
1073 864 1281 931 ἔξεστιν
1304 865 1575 938 ἀνθρώπῳ
1605 866 1803 921 λαλεῖν.
1839 887 1856 920 ι

279 958 522 1028 Ζητήσει
547 957 604 1009 δέ
628 975 713 1021 τις
737 959 784 1011 εί
827 956 1089 1025 ἀνάλογον
1123 956 1199 1028 τῷ
1232 959 1291 1011 ἐν
1325 960 1391 1029 τῇ
1434 958 1727 1012 ἀναστάσει
1753 957 1863 1011 τῶν

277 1048 492 1123 νεκρῶν
513 1048 606 1101 τοῦ
636 1050 871 1120 νυμφίου
900 1049 1063 1121 γάμῳ
1089 1050 1196 1103 εἰσὶ
1218 1050 1312 1104 καὶ
1337 1050 1485 1105 ἄλλοι
1522 1052 1709 1123 γάμοι,
1744 1051 1777 1122 ἢ
1805 1054 1863 1105 ὲν

275 1141 348 1210 τῇ
398 1139 694 1193 ἀναστάσει
722 1140 831 1195 τῶν
867 1140 1075 1213 νεκρῶν
1123 1141 1280 1212 μόνος
1317 1144 1346 1195 6
1377 1143 1628 1214 νυμφίος,
1660 1159 1865 1215 καταρ-

274 1230 457 1299 γήσας
481 1229 659 1284 πάντα
699 1230 893 1302 γάμον,
927 1234 1097 1303 γαμεῖ
1123 1231 1323 1304 γάμον,
1354 1233 1451 1305 οὐχ
1490 1233 1623 1287 ὅπου
1653 1232 1862 1287 ἔσονται

274 1317 328 1369 οἱ
376 1316 470 1370 δύο
501 1320 582 1382 είς
615 1319 794 1391 σάρκα
843 1321 992 1391 μίαν,
1014 1320 1126 1374 ἀλλ’
1155 1322 1289 1375 ὅπου
1336 1321 1667 1395 κυριώτερόν
1716 1324 1864 1377 ἐστιν

274 1409 474 1473 εἰπεῖν,
510 1411 590 1464 ὅτι
633 1410 691 1466 ἒν
720 1411 938 1485 πνεῦμά
969 1414 1106 1467 είσιν
1135 1415 1163 1466 6
1194 1413 1425 1486 νυμφίος
1452 1416 1546 1469 καὶ
1575 1416 1608 1487 ἡ
1648 1414 1855 1487 νύμφη.

270 1499 431 1570 ΔἈλλ’
485 1502 587 1574 ὅρα
618 1503 827 1574 μήποτε
873 1503 1094 1575 ὀλισθῇς
1137 1504 1353 1559 ἀκούων
1382 1506 1638 1561 τοιούτων
1662 1506 1857 1576 λόγων,

273 1593 415 1663 πρὸς
445 1592 506 1645 τὸ
531 1592 626 1665 τὴν
657 1595 787 1667 περὶ
820 1596 926 1649 τῶν
956 1594 1168 1649 αίὼνων
1199 1596 1309 1667 (70)
1353 1596 1673 1667 μυθοποιῖαν
1698 1596 1864 1670 ἀρρέ-

271 1701 385 1739 νων
425 1686 521 1739 καὶ
561 1685 791 1758 θηλειῶν
823 1686 1231 1759 παραδέξασθαι
1277 1688 1419 1743 κατά
1459 1689 1585 1754 τοὺς
1617 1688 1863 1743 ἀναπλά-

271 1795 479 1843 σαντας
510 1780 609 1844 τάς
648 1779 907 1850 συζυγίας
937 1781 1117 1836 αὐτῶν
1144 1781 1397 1853 οὐδαμῶς
1427 1782 1532 1836 ὑπὸ
1565 1780 1673 1835 τῶν
1703 1781 1861 1852 ἱερῶν

268 1871 623 1943 γραμμάτων
648 1872 1004 1945 δηλουμένας.

1966 591 2112 662 quod
2139 589 2301 662 quasi
2327 590 2381 644 in
2413 587 2675 659 parabola
2702 587 2773 644 de
2795 588 3022 658 nuptiis,
3051 589 3119 645 ab
3143 589 3211 646 iis
3235 603 3358 661 qua:
3378 604 3543 660 supra

1964 696 2169 740 terram
2200 683 2336 739 fiunt
2365 682 2544 753 'plane
2587 680 2821 737 diversis
2855 678 3045 752 82"
3063 680 3269 738 dictum
3314 691 3401 737 est
3439 680 3546 735 hoc

1966 775 2088 831 loco
2110 771 2153 806 ³⁷
2190 782 2208 821 ε
2239 791 2258 827 ι
2291 772 2477 828 Simile
2508 769 2712 827 factum
2751 778 2841 827 est
2876 784 3104 841 regnum
3139 770 3403 826 caelorum
3442 768 3544 824 ho—

1965 865 2097 921 mini
2131 864 2270 937 regi,
2295 864 2391 936 qui
2418 863 2629 920 faciens
2657 863 2876 935 nuptias
2893 861 3006 918 tilio
3022 878 3145 932 suo,
3172 882 3193 919 ι
3223 872 3278 920 et
3298 861 3540 933 reliqua;

1964 966 2017 1013 et
2046 958 2151 1014 hoc
2178 957 2307 1012 item
2336 957 2459 1013 loco
2483 955 2530 989 ⁸⁸
2558 973 2573 1011 :
2609 975 2628 1008 ι
2660 954 2817 1011 Tunc
2842 954 3021 1012 simile
3050 955 3155 1012 erit
3175 969 3403 1025 regnum
3431 969 3543 1010 cm-

1966 1049 2143 1106 lorum
2171 1048 2358 1105 decem
2386 1048 2714 1120 virginibus,
2745 1062 2868 1118 quae
2901 1047 3232 1119 accipientes
3266 1046 3544 1116 lampades

1966 1158 2118 1206 suas,
2151 1161 2171 1196 ι
2202 1148 2257 1198 et
2277 1141 2508 1213 reliqua.
2533 1140 2590 1196 In
2620 1140 3019 1198 resurrectione
3049 1155 3180 1212 ergo
3202 1147 3543 1196 mortuorum

1965 1233 2376 1289 matrimonium
2408 1234 2684 1289 contrahit
2707 1234 2851 1305 regis
2876 1233 3024 1289 ﬁlius
3047 1248 3212 1305 super
3237 1247 3401 1289 omne
3421 1247 3541 1288 ma-

1966 1323 2281 1379 trimonium
2311 1323 2458 1394 quod
2485 1323 2681 1380 oculus
2707 1323 2865 1390 vidit,
2895 1331 2950 1379 et
2980 1323 3131 1380 auris
3151 1323 3380 1391 audivit,
3399 1332 3469 1379 et.
3487 1322 3543 1378 in

1965 1430 2060 1471 cor
2103 1414 2342 1471 hominis
2387 1412 2745 1483 ascendit“;
2789 1424 2842 1470 et
2885 1428 2955 1472 ex
2994 1415 3063 1470 iis
3093 1414 3295 1471 verbis.
3323 1413 3542 1470 arcanis

1970 1524 1990 1559 ι
2019 1521 2141 1577 qua;
2170 1520 2276 1561 non
2304 1505 2432 1561 licet
2456 1504 2663 1561 homini
2691 1504 2843 1576 loqui
2866 1504 2911 1538 “
2943 1523 2975 1558 ι
2996 1505 3363 1561 venerandum
3405 1505 3540 1560 illud

1962 1606 2066 1665 est,
2094 1606 2149 1654 et
2169 1597 2442 1662 divinum,
2460 1611 2526 1653 ac
2551 1596 2835 1669 spiritualc
2857 1596 3294 1653 matrimonium.
3325 1595 3541 1664 Quaeret

1963 1697 2147 1745 autem
2181 1688 2379 1759 aliquis
2410 1702 2481 1743 an
2527 1687 2689 1759 quale
2727 1696 2812 1744 est
2852 1687 2910 1742 in
2953 1696 3296 1743 mortuorum
3348 1702 3539 1743 resur-

1960 1780 2202 1837 rectione
2228 1779 2416 1850 sponsi
2451 1778 2884 1847 matrimonium,
2911 1778 3039 1834 talia
3066 1778 3179 1835 sint
3201 1787 3256 1834 et
3283 1778 3390 1834 alia
3422 1793 3541 1835 ma-

1888 1866 1931 1921 B
1962 1871 2222 1928 trimonia
2251 1889 2267 1941 ;
2296 1887 2366 1928 an
2392 1872 2447 1928 in
2476 1881 2821 1927 mortuorum
2850 1870 3251 1928 resurrectione
3299 1883 3537 1941 sponsus

268 1965 425 2022 solus
457 1966 607 2021 omni
635 1966 896 2037 abrogato
923 1967 1297 2037 matrimonio,
1335 1968 1454 2040 ipse
1503 1958 1918 2026 matrimonium
1957 1969 2255 2037 contrahit,
2288 1983 2399 2025 non
2441 1982 2554 2040 quo
2595 1968 2706 2023 duo
2748 1973 2910 2023 erunt
2961 1966 3016 2021 in
3058 1981 3222 2024 carne
3266 1981 3396 2035 una,
3440 1967 3535 2027 sed

266 2074 382 2127 quo
431 2072 541 2115 uno
588 2074 756 2115 unum
815 2061 1066 2131 spiritum
1117 2076 1420 2132 sponsum,
1475 2078 1844 2135 sponsamque
1880 2062 2095 2120 futuros
2141 2064 2323 2119 dicere
2360 2052 2535 2134 magis
2557 2072 2984 2118 consentaneum
3030 2068 3136 2117 est.
3169 2059 3238 2115 At
3263 2058 3530 2130 ejusmodi

267 2165 553 2207 sermones
585 2153 832 2218 audiens,
866 2168 998 2209 cave
1030 2170 1097 2209 ne
1153 2170 1328 2225 usque
1366 2156 1501 2212 adeo
1539 2156 1779 2226 abcrres,
1839 2166 1900 2213 ut
1937 2157 2244 2213 fabulosum
2301 2156 2434 2213 illud
2480 2157 2548 2213 de
2593 2156 2853 2213 masculis
2899 2171 2966 2211 ac
3009 2154 3228 2211 feminis
3262 2153 3535 2210 IEonibus

266 2246 587 2317 figmentum
617 2248 893 2318 admittas,
924 2249 1080 2321 juxta
1124 2265 1315 2307 eorum
1360 2251 1702 2323 doctrinam,
1745 2254 1841 2326 qui
1876 2254 2124 2327 ipsorum
2157 2254 2406 2326 syzygias
2453 2254 2509 2309 in
2541 2251 2716 2310 sacris
2768 2250 2924 2307 libris
2971 2263 3318 2322 nequaquam
3363 2262 3535 2320 appa-

265 2354 452 2400 rentes
479 2344 881 2400 confinxerunt.

354 2441 504 2495 Ἐπεὶ
544 2440 801 2513 οὐδεμιᾶς
824 2443 1183 2516 τροπολογίας
1218 2444 1387 2502 δεῖται
1425 2446 1487 2500 τὸ
1509 2445 1702 2519 πύσμα
1740 2449 1849 2503 τῶν

265 2531 640 2585 Σαδδουκαίων
693 2532 820 2603 περὶ
873 2531 980 2587 τῶν
1039 2533 1180 2588 ὲπτά
1232 2534 1476 2606 ἀδελφῶν
1536 2536 1849 2609 ἐσχηκότων

266 2625 400 2695 μίαν
428 2626 683 2692 γυναῖκα,
717 2623 850 2696 φέρε
883 2628 1308 2699 κατανοήσωμεν
1351 2629 1479 2692 τοὺς
1524 2628 1621 2682 τοῦ
1663 2629 1848 2701 Σωτῆ-

265 2735 363 2788 ρος
404 2719 533 2789 περὶ
558 2715 729 2771 ταῦτα
759 2715 968 2786 λόγους,
995 2719 1052 2772 ὲν
1084 2713 1166 2783 οἷς
1199 2736 1361 2791 φησι·
1403 2739 1421 2771 ι
1454 2720 1737 2776 Πλανᾶσθε
1772 2721 1847 2793 μὴ

262 2809 465 2889 εἰδότες
504 2807 603 2872 τὰς
644 2809 888 2880 Γραφὰς,
920 2811 1053 2882 μηδὲ
1082 2811 1178 2882 τὴν
1209 2810 1438 2883 δύναμιν
1473 2813 1566 2866 τοῦ
1593 2812 1758 2867 Θεοῦ·
1790 2816 1848 2869 ἐν

261 2901 375 2972 γὰρ
412 2903 477 2972 τῇ
527 2901 822 2955 ἀναστάσει
874 2903 996 2956 οὐτε
1052 2902 1351 2974 γαμοῦσιν,
1401 2903 1526 2958 οὐτε
1586 2905 1850 2977 γαμίζον-

260 3009 376 3055 ται,
410 2992 525 3045 (me
567 2994 700 3046 εἰσὶν
731 2994 805 3058 ὡς
837 2995 884 3046 οἱ
914 2994 1135 3063 ἄγγελοι
1172 2997 1231 3048 ὲν
1265 2994 1343 3066 τῷ
1370 2996 1605 3068 οὐρανῷ.
1638 3016 1657 3047 ι
1702 2996 1848 3069 Πρὸς

258 3082 425 3136 τοῦτο
452 3085 509 3137 δὲ
545 3086 771 3157 ζητήσει
819 3103 902 3151 τις
943 3085 1166 3139 τοιαῦτα
1209 3086 1354 3157 (71)·
1392 3088 1419 3140 6
1443 3086 1617 3156 λέγων
1657 3088 1847 3161 Σωτὴρ

259 3178 378 3239 τοῖς
407 3176 812 3242 Σαδδουκαίοις·
854 3197 873 3229 ι
918 3178 1198 3232 Πλανᾶσθε
1234 3177 1307 3249 μὴ
1343 3178 1545 3243 εἰδότες
1575 3178 1674 3243 τάς
1701 3179 1845 3252 Γρα-

261 3266 394 3337 φάς,
427 3267 560 3338 μηδὲ
592 3269 687 3341 τὴν
730 3268 957 3339 δύναμιν
998 3269 1090 3323 τοῦ
1124 3269 1282 3334 Θεοῦ,
1335 3289 1353 3321 ι
1408 3270 1661 3341 ἐμφαίνει
1706 3271 1847 3326 κατά

258 3359 363 3423 τάς
399 3361 621 3432 Γραφάς
662 3361 1028 3433 παρίστασθαι
1072 3362 1133 3415 τὸ
1172 3364 1230 3415 ὲν
1284 3364 1350 3434 τῇ
1394 3363 1686 3416 ἀναστάσει
1737 3361 1846 3417 τῶν

258 3451 473 3522 νεκρῶν
499 3453 571 3525 μὴ
594 3448 731 3508 εἶναι
749 3454 980 3526 γάμους,
1003 3455 1096 3509 ἆτε
1125 3455 1233 3510 τῶν
1255 3455 1710 3528 ἀναστησομὲνων
1732 3458 1846 3521 τοῖς

259 3545 319 3596 ὲν
341 3543 557 3615 οὐρανῷ
574 3532 834 3614 ’ἀγγέλοις
854 3544 965 3616 (7‘2)
985 3548 1116 3617 παρ’
1138 3542 1220 3609 οἷς
1240 3546 1341 3598 οὐκ
1362 3545 1477 3599 ἔστι
1496 3545 1695 3616 γάμος·
1718 3546 1845 3600 ποία

256 3629 357 3687 οὖν
383 3634 571 3707 Γραφὴ
599 3635 770 3708 δηλοῖ,
807 3637 890 3690 ὅτι
916 3638 973 3691 ὲν
1002 3639 1068 3708 τῇ
1103 3637 1398 3691 ἀναστάσει
1430 3635 1552 3690 οὔτε
1576 3637 1845 3708 γαμοῦσιν

2022 2448 2112 2504 54.
2146 2447 2416 2516 Quoniam
2450 2445 2877 2503 Sadducazorum
2907 2445 2975 2502 de
3021 2453 3228 2516 septem
3271 2441 3533 2501 fratribus

1951 2542 2045 2613 qui
2077 2557 2243 2597 unam
2278 2542 2597 2597 habuerunt
2618 2539 3104 2611 uxoremquaestio
3136 2538 3356 2594 nullatn-
3387 2538 3534 2594 desi-

1950 2634 2105 2690 derat
2144 2633 2530 2705 tropologiam,
2584 2632 2814 2704 agedum
2865 2630 3175 2687 Servatoris
3228 2629 3373 2687 circa
3409 2644 3530 2685 eam

1951 2741 2065 2782 rem
2094 2724 2800 2795 sermonesexpcndamus,
2828 2724 2883 2779 in
2906 2723 3106 2795 quibus
3129 2722 3295 2779 ait“:
3327 2742 3346 2774 ι
3369 2720 3534 2777 Erra-

1952 2818 2024 2874 tis
2056 2818 2362 2873 nescientes
2405 2815 2743 2887 Scripturas,
2792 2830 2972 2886 neque
3016 2815 3268 2870 virtutem
3317 2814 3429 2872 Dei.
3471 2813 3532 2871 In

1951 2908 2352 2964 resurrectione
2372 2910 2518 2964 enim
2551 2922 2728 2978 neque
2757 2907 2984 2974 nubent,
3009 2922 3187 2978 neque
3214 2906 3530 2963 habentur:

1951 3000 2046 3057 sed
2093 3009 2223 3055 sunt
2271 3000 2412 3058 sicut
2459 3000 2635 3071 angeli
2682 2997 2777 3055 Dei
2812 2999 2867 3054 in
2901 2999 3059 3056 ccelo.
3091 3016 3114 3052 ι
3148 2999 3232 3055 Ad
3263 2998 3318 3054 id
3344 3008 3528 3057 autem

1908 3088 1921 3099 ’
1948 3092 2294 3163 proposuerit
2320 3091 2519 3161 aliquis
2544 3090 2810 3157 ejusmodi
2839 3089 3130 3161 quaesitum
3162 3107 3176 3145 :
3223 3088 3530 3160 SoSpitator

1950 3182 2265 3240 Sadduczeis
2308 3182 2496 3238 dicens
2527 3200 2540 3237 :
2577 3201 2596 3236 ι
2621 3181 2826 3239 Erratis
2854 3182 3159 3239 nescientes
3190 3182 3524 3254 Scripturas,

1948 3289 2125 3345 neque
2148 3274 2400 3328 virtutem
2429 3271 2545 3341 Dei,
2578 3291 2597 3325 ι
2629 3273 2682 3329 id
2713 3273 2766 3327 in
2804 3271 3104 3344 Scripturis
3133 3272 3319 3330 doceri
3345 3272 3527 3330 decla-

1948 3374 2054 3429 rat,
2088 3364 2141 3418 in
2170 3363 2573 3419 resurrectione
2602 3370 2942 3418 mortuorum
2989 3362 3207 3433 nuptias
3242 3377 3350 3418 non
3385 3362 3526 3418 furu-

1948 3465 2060 3516 ras,
2092 3458 2280 3521 utpote
2307 3450 2513 3522 angelis
2542 3451 2635 3521 qui
2667 3451 2719 3505 in
2753 3451 2891 3507 conlo
2925 3459 3082 3517 sunt,
3122 3461 3178 3507 et
3218 3453 3358 3522 apud
3386 3469 3527 3524 quos

1948 3544 2110 3599 nulla:
2135 3554 2264 3600 sunt
2294 3544 2516 3615 nuptiis,
2551 3543 2823 3600 similibus
2862 3543 2931 3599 iis
2967 3542 3167 3602 futuris
3207 3546 3301 3617 qui
3341 3562 3525 3601 resur-

1948 3644 2114 3706 gent;
2157 3650 2409 3705 quaenam
2466 3651 2595 3707 ergo
2662 3636 2821 3692 docet
2875 3634 3157 3707 Scriptura
3220 3637 3275 3690 in
3337 3651 3525 3691 resur-

258 3725 386 3779 οὔτε
407 3729 759 3799 γαμίζονται;
791 3729 883 3782 καὶ
907 3728 1009 3783 ποῦ
1034 3729 1128 3783 τοῦ
1159 3729 1324 3801 νόμου
1352 3729 1385 3799 ἢ
1410 3728 1518 3783 τῶν
1549 3729 1841 3801 προφητῶν

1958 3728 2190 3782 rectione
2213 3742 2386 3796 neque
2407 3735 2673 3796 nupturos
2701 3742 2876 3797 neque
2901 3736 3132 3796 nuptum
3159 3726 3265 3782 iri?
3307 3734 3363 3783 et
3386 3742 3523 3796 quo-

262 3817 608 3890 μανθάνομεν
632 3820 758 3892 περὶ
782 3819 891 3874 τῶν
915 3820 1392 3892 ἀναστησομένων,
1412 3821 1493 3873 ὅτι
1525 3818 1739 3873 ἔσονται
1767 3820 1842 3885 ῶς

1958 3834 2074 3872 nam
2123 3818 2176 3872 in
2224 3818 2345 3873 loco
2391 3819 2477 3873 vel
2524 3819 2655 3889 legis
2685 3819 2771 3873 vel
2815 3817 3201 3888 prophetarum
3234 3817 3523 3873 'discimus

257 3909 308 3965 oi
344 3912 402 3965 ὲν
428 3910 506 3983 τῷ
530 3911 745 3985 οὐρανῷ
782 3912 1034 3982 ἀγγελοι;
1071 3911 1257 3982 σαφῶς
1287 3910 1395 3983 γάρ
1423 3909 1645 3965 τοιαῦτα
1683 3912 1742 3964 ὲν
1775 3913 1840 3984 τῇ

1958 3911 2157 3966 similes
2183 3911 2388 3983 angelis
2416 3911 2541 3968 caeli
2573 3911 2786 3967 futuros
2811 3913 2905 3984 qui
2938 3910 3264 3983 resurgcut?
3297 3909 3349 3967 id
3375 3911 3533 3969 enim

1441 4048 1673 4107 VETUS
1700 4046 2310 4121 ,INTERPRETATIO.

262 4190 321 4245 in
360 4204 523 4246 carne
550 4204 680 4255 una,
719 4189 809 4245 sed
835 4190 975 4245 duos
1018 4189 1245 4260 spiritus
1282 4205 1446 4255 unus,
1480 4188 1532 4243 id
1560 4198 1641 4245 est
1668 4204 1903 4260 sponsus
1928 4198 1982 4244 et
2010 4204 2230 4260 sponsa.
2279 4189 2386 4245 Sed
2414 4189 2537 4245 vide
2564 4204 2633 4245 ne
2667 4196 2723 4244 tu
2757 4188 2986 4244 audiens
3013 4188 3128 4260 haec
3160 4187 3380 4260 aberres
3415 4203 3519 4241 au-

260 4260 420 4316 diens
443 4260 649 4316 fabulas
676 4260 982 4327 aliquorum
1013 4259 1309 4315 dicentium
1335 4276 1456 4315 esse
1487 4261 1681 4315 saecula
1702 4259 2051 4327 masculina,
2070 4269 2123 4314 et
2146 4261 2427 4331 feminina,
2460 4260 2555 4331 qui
2585 4261 2860 4315 tinxerunt
2886 4267 2941 4313 et
2967 4259 3386 4329 conjunctioues
3422 4274 3519 4316 sae-

260 4331 509 4400 culorum
539 4332 754 4384 illorum
789 4346 909 4400 qum
932 4345 1036 4384 uou
1066 4340 1214 4393 sunt,
1247 4346 1424 4400 neque
1452 4331 1512 4385 fit
1540 4346 1729 4385 eorum
1761 4332 2019 4400 memoria
2052 4331 2106 4384 in
2137 4330 2457 4399 Scripturis.

339 4402 430 4456 54.
464 4399 619 4456 Nunc
647 4396 929 4455 videamus
955 4400 1160 4455 Christi
1188 4396 1472 4470 responsa,
1507 4401 1709 4470 quibus
1741 4401 1818 4455 ait
1850 4419 1863 4454 :
1904 4420 1922 4453 ‹
1952 4399 2160 4455 Erratis
2192 4396 2499 4457 nescientes
2537 4398 2870 4469 Scripturas,
2908 4412 3084 4470 neque
3106 4398 3363 4470 virtutem
3392 4396 3531 4470 Deis

258 4471 324 4524 In
356 4471 756 4526 resurrectione
788 4486 971 4541 neque
994 4471 1225 4537 nubunt,
1254 4468 1428 4541 neque
1462 4468 1661 4527 uxores
1700 4470 2007 4539 accipiunt,
2047 4471 2140 4524 sed
2187 4479 2317 4524 sunt
2366 4473 2508 4526 sicut
2536 4468 2715 4539 angeli
2768 4470 2823 4525 in
2866 4469 3027 4541 σφω.
3062 4487 3081 4524 ι
3126 4468 3390 4536 Queritur
3427 4469 3518 4541 hic

262 4541 533 4605 Salvator,
566 4542 658 4611 qui
689 4541 819 4595 dicit
845 4536 910 4594 ad
940 4538 1268 4611 Sadducaros
1295 4559 1309 4595 :
1340 4536 1367 4591 ἰ
1400 4541 1609 4596 Erratis
1646 4536 1948 4596 nescientes
1978 4541 2313 4610 Scripturas,
2344 4556 2522 4611 neque
2569 4536 2826 4611 virtutem
2880 4536 2995 4611 Dei.
3033 4557 3075 4611 ις
3108 4541 3319 4611 Iudicat
3364 4540 3517 4611 enim

301 4612 522 4692 ueniam
554 4608 608 4693 in
638 4611 965 4693 quibusdam
997 4609 1295 4693 Scripturis
1321 4611 1557 4693 positum
1589 4620 1671 4668 cst
1705 4618 1816 4693 ,"ut
1846 4611 1899 4664 in
1930 4608 2326 4693 resurrectione
2360 4608 2580 4693 nuptias.
2595 4625 2703 4665 non
2741 4610 2870 4672 sint,
2910 4608 3230 4693 hominibus
3270 4609 3527 4693 videlicet

259 4629 522 4736 {lucinam
554 4629 608 4664 ιη
640 4629 965 4689 quibusnam
997 4629 1295 4679 acrtpturts
1321 4629 1557 4681 posuum
1589 4629 1671 4668 cSt
1705 4651 1720 4676 ,
1758 4629 1816 4687 ut
1846 4629 1899 4664 tn
1930 4629 2326 4666 resurrccuone
2360 4629 2563 4693 nuptm:
2595 4629 2703 4665 non
2741 4629 2870 4672 Sltll,
2913 4629 3230 4688 nominibus
3270 4629 3516 4665 Vtueucet

282 4682 422 4737 actis
444 4682 497 4735 in
530 4681 941 4752 similitudinem
964 4682 1302 4752 angelorum.
1334 4681 1467 4747 Qua:
1488 4696 1619 4751 ergo
1645 4682 1916 4752 scriptura
1946 4691 2029 4737 est
2049 4682 2255 4737 docens
2279 4696 2541 4752 quomam
2568 4681 2624 4735 in
2652 4686 3255 4752 resurrectioneueque
3281 4679 3516 4752 nubunt,

259 4767 438 4822 neque
470 4767 666 4822 uxores
694 4751 1009 4818 accipiunt?
1037 4749 1105 4822 Et
1139 4752 1191 4804 iu
1223 4766 1329 4818 qua
1350 4749 1631 4822 scriptura
1662 4749 1911 4821 vcl’legis
1932 4791 1947 4814 ,
1998 4752 2080 4805 vel
2132 4749 2519 4822 prophetarum
2572 4751 2838 4806 discimus
2864 4749 3183 4822 ,_quouiam’
3216 4758 3381 4822 erunt
3422 4750 3520 4820 qui

258 4819 861 4891 resurrcxerint,rsicut
893 4820 1068 4891 angeli
1097 4821 1150 4874 in
1181 4822 1320 4877 coelo
1344 4821 1367 4874 ?
1390 4819 1674 4891 illa—niteste
1701 4819 1853 4876 enim
1882 4823 1937 4876 in
1977 4819 2147 4878 Veteri
2182 4819 2531 4877 Testamento
2584 4822 2688 4875 hoc
2730 4837 2835 4875 non
2885 4819 3081 4891 legitur
3117 4819 3518 4891 scriptum,’et

256 4900 471 4960 quaerat
496 4892 589 4961 qui
622 4890 767 4962 vult,
787 4890 832 4944 si
868 4889 1068 4962 poterit
1098 4891 1362 4962 invenire.
1389 4889 1501 4946 Nos
1532 4901 1713 4946 autem
1737 4891 1971 4947 dicimus
1992 4892 2123 4962 quia
2150 4893 2418 4962 scriptum
2446 4901 2692 4958 est,‘non
2719 4900 2901 4948 tamen
2924 4889 2978 4944 in
3004 4890 3140 4962 ipsis
3164 4889 3514 4962 sermonibus

257 4960 549 5032 manifeste
574 4961 676 5016 ista
706 4961 1038 5032 dicentibus,
1074 4961 1167 5016 scd
1195 4961 1540 5032 in_mysterio
1575 4962 1944 5017 indicantibus
1975 4960 2279 5018 secundum
2311 4963 2644 5018 intellectum
2684 4962 2966 5032 moralem.
3002 4961 3134 5014 Nam
3170 4976 3295 5014 cum
3326 4960 3405 5032 sit
3429 4960 3516 5013 lex

259 5031 455 5103 umbra
482 5029 790 5085 futurorum
811 5031 1129 5103 bonorum,
1150 5039 1204 5084 et
1236 5029 1427 5087 dicens
1453 5032 1703 5102 quaedam
1730 5032 1797 5103 de
1826 5032 1959 5088 viris
1990 5042 2045 5088 et
2080 5034 2367 5099 uxoribus,
2402 5043 2457 5088 et
2491 5047 2773 5103 exponens
2801 5031 3045 5103 nuptias,
3080 5045 3187 5084 non
3237 5031 3513 5103 principat-

256 5102 388 5172 liter
412 5105 480 5157 de
508 5102 655 5172 ipsis,
672 5099 876 5172 nuptiis
909 5100 1246 5169 intelligitur,
1277 5116 1414 5172 quas
1460 5099 1568 5155 non
1620 5101 1941 5172 simpliciter
1993 5105 2296 5159 secundum
2346 5099 2586 5159 carnetn',
2622 5102 2841 5172 nuptias
2884 5099 3297 5172 egistimamus,
3323 5099 3416 5172 sed
3448 5099 3516 5152 de

258 5171 462 5226 talibus
489 5166 692 5241 nuptiis
721 5166 912 5240 quales
947 5185 1047 5225 nos
1076 5166 1241 5240 supra
1276 5166 1344 5226 de
1379 5170 1599 5226 Christo
1620 5183 1673 5226 et
1694 5166 1947 5229 Ecclesia.
1968 5173 2321 5243 exposuimus
2344 5174 2398 5227 in
2423 5172 2621 5231 saeculo
2647 5166 2742 5226 illo
2770 5170 2905 5226 fore.
2933 5166 3155 5241 Utputa,
3189 5187 3209 5222 ι
3237 5170 3515 5224 Abraham

254 5286 593 5415 29t°53iattb
620 5304 754 5355 xxu,
785 5288 875 5345 50.
949 5289 994 5321 ⁸⁷
1026 5288 1156 5345 ibid.
1183 5289 1239 5345 2.
1317 5288 1361 5321 ³⁸
1390 5288 1583 5346 Matth.
1616 5307 1743 5397 xxv,
1779 5292 1829 5347 1.

1958 5291 2016 5344 Ἰ
2058 5292 2280 5358 (λοι-ιιι,
2327 5294 2383 5348 9.
2478 5291 2747 5347 “ll‘Cor.
2778 5305 2874 5356 xu,
2905 5288 2958 5345 4.
3071 5289 3115 5325 ⁸⁸
3152 5286 3342 5346 Matth.
3385 5303 3521 5355 nn,

334 5399 350 5426 ,
374 5394 464 5413 υνο
1676 5394 1677 5397 ‘

255 5510 260 5519 .
288 5565 293 5566 γ
330 5491 446 5566 (7ο)
471 5492 738 5566 Πρὸς-,τὸ
762 5491 879 5566 τὴν
919 5493 1051 5563 περὶ
1084 5492 1210 5566 τῶν
1230 5491 1477 5566 αἰώνων,
1509 5504 1615 5566 etc.
1651 5494 1839 5566 Valen-

253 5564 438 5647 uan
485 5564 770 5647 suggillet.
808 5565 1068 5647 Hormus.
1101 5591 1170 5603 -—
1195 5564 1396 5620 Ibidem
1449 5581 1548 5636 pro
1581 5565 1831 5638 θηλειῶν,

254 5634 607 5717 scribendum
634 5634 845 5714 videtur
881 5634 1107 5717 θηλέων.

331 5704 443 5787 (71)
474 5703 631 5789 Πρὸς
664 5702 840 5789 ζρῦςρ
869 5702 977 5789 ,δὲ’
993 5702 1231 5774 ζητήσει
1263 5719 1359 5789 τις
1407 5706 1670 5789 τοιαῦτςι,
1720 5715 1826 5762 etc.

256 5772 522 5856 Drigenes
549 5774 737 5830 homil.
769 5775 839 5856 ξε)
869 5774 923 5829 in
955 5772 1085 5830 Luc.
1101 5774 1366 5856 .eamdem
1398 5772 1827 5856 proponirquae-

260 5845 518 5906 stionem.
542 5860 707 5908 quam
742 5845 849 5901 alia
872 5844 1223 5911 responsione
1249 5844 1535 5903 dissolvit:
1566 5858 1623 5903 tu
1646 5844 1845 5905 locum.
1934 5844 2119 5907 dinem
2150 5848 2527 5920 angeloruma
2548 5846 2635 5905 lu.

1944 5498 2191 5554 consule.
2221 5496 2483 5555 llus'rtus.

2012 5569 2126 5639 (72)
2154 5569 2293 5624 Ἀτε
2321 5568 2439 5622 τῶν
2462 5563 2980 5639 deradendum}er
3004 5568 3131 5637 τοῖς
3168 5565 3240 5639 ἐν
3283 5566 3504 5639 οὐρανέ(

1939 5636 2233 5722 ἀγγέλοις.
2274 5638 2661 5722 θεοειιοιὶιιυίό
2683 5636 2716 5722 ,.
2737 5636 2968 5722 fortasse
2998 5636 3516 5722 ὁμοιωθησομένων,

1939 5705 2032 5790 γεῐ
2066 5708 2264 5780 ὁμοίων
2297 5705 2600 5790 ἐσομένων,
2635 5707 2719 5762 vel
2737 5708 2955 5790 aliquid
2974 5705 3294 5790 .ejusm-odi:
3316 5705 3331 5709 ⁷
3353 5705 3515 5790 Vetus

3558 5455 3591 5488 ιι

1938 5777 2238 5850 interpres:
2290 5796 2311 5850 ι
2344 5777 2668 5850 "Ominibus
2700 5777 2955 5836 videlicet
2970 5777 3128 5837 factis
3158 5780 3213 5835 in
3249 5778 3513 5837 similitu-
3622 5784 3633 5795 ‘
