3962 6536
193 350 349 413 1593

1119 360 1470 419 COMMENT.
1509 362 1575 417 iN
1616 328 2031 421 misrrumum
2072 361 2310 420 renus
2349 361 2509 419 xvn.

3318 363 3339 418 1
3352 361 3453 417 594

191 469 317 541 οὖν,
368 475 758 546 ἀναγινώσκων
804 478 899 532 τὸν
938 479 1123 551 νόμον,
1171 484 1267 536 καὶ
1307 486 1376 538 τὰ
1416 486 1545 557 περ)⁵
1592 486 1762 557 γάμω⁴

1889 493 2099 554 reperta
2133 492 2234 539 est.
2270 482 2327 537 Si
2352 481 2476 552 quis
2500 494 2630 552 ergo
2662 479 2831 549 legem
2857 478 3134 543 evolvens,
3162 486 3217 534 et
3244 493 3365 548 qua:
3387 479 3453 532 de

197 565 477 635 γυναικῶν
520 570 613 623 καὶ
658 570 870 642 ἀνδρῶν
922 571 1343 645 διεξερχόμενος,
1392 576 1558 631 οἴεται
1612 578 1777 649 μῆδὲν

189 659 366 713 πλέον
403 661 513 713 τῶν
551 661 656 715 ύπὺ
685 662 777 715 τοῦ
810 665 1135 736 γράμματος
1162 668 1576 740 σημαινομένων
1594 669 1779 742 δηλοῦ-

189 750 345 816 σθαι,
381 769 402 803 ι
436 753 699 808 πλανᾶται
732 755 807 827 μὴ
833 755 987 821 εἰδὼς
1008 757 1109 823 τὰς
1125 759 1365 831 Γραφὰς,
1396 762 1530 833 μηδὲ
1560 762 1659 835 τὴν
1686 763 1777 817 δύ-

185 855 361 910 ναμιν
388 840 482 894 τοῦ
513 842 675 901 Θεοῦ.
705 865 725 899 ι

262 934 506 1005 Ζητήσαι
543 936 590 991 δ’
624 938 690 992 ἀν
721 956 806 1003 τις
840 939 911 1005 εί,
947 958 966 992 ι
1013 940 1295 996 Πλανᾶσθε
1339 942 1413 1015 μὴ
1442 943 1641 1008 εἰδότες
1675 943 1774 1008 τὰς

182 1023 439 1095 Γραφᾶς,
482 1048 499 1081 ι
544 1029 835 1101 λεγόμενον
865 1033 977 1095 τοῖς
1009 1032 1403 1097 Σαδδουκαίοις,
1441 1034 1516 1107 μὴ
1553 1052 1775 1106 προσιε-

185 1115 378 1186 μένοις
408 1119 573 1193 ἀλλην
603 1121 823 1194 Γραφὴν
850 1124 881 1195 ἢ
924 1124 1023 1198 τὴν
1051 1126 1299 1197 νομικὴν,
1341 1127 1618 1199 ἀναφορὰν
1660 1127 1771 1199 ἔχει

180 1206 285 1259 καὶ
323 1210 415 1263 ἐπὶ
438 1212 632 1289 ἐτέρας
656 1212 805 1284 παρά
826 1215 916 1268 τὸν
946 1217 1225 1281 Μωῦσέως
1254 1218 1417 1289 νόμον
1449 1219 1689 1289 Γραφάς.
1709 1220 1769 1274 Ὀ

184 1300 297 1370 μὲν
327 1297 420 1355 οῦν
456 1320 542 1368 τις
578 1306 737 1375 φήσει
769 1309 864 1361 καὶ
893 1307 1025 1362 αὐτὸ
1069 1308 1228 1362 τοῦτο
1265 1310 1610 1379 ἐγκαλεῖσθαι
1645 1313 1771 1375 τοὺς

180 1393 601 1462 Σαδδουκαίους,
630 1398 732 1464 ὅτι,
768 1400 841 1471 μὴ
876 1403 1224 1473 προσιέμενοι
1246 1402 1344 1465 τὰς
1365 1402 1490 1473 ἐξῆς
1518 1402 1594 1473 τῷ
1622 1403 1771 1475 νόμῳ

179 1480 437 1554 Γραφάς,
493 1487 798 1543 πλανῶνται
854 1490 928 1562 μὴ
977 1492 1178 1556 εἰδότες
1229 1492 1432 1555 αὑτάς⁸
1488 1493 1673 1566 ἕτερος
1713 1494 1770 1547 δὲ

182 1573 336 1645 ἐρεῖ·
402 1576 586 1648 ’Δρκεῑ
624 1580 760 1651 πρὸς
806 1580 867 1634 τὸ
909 1580 1009 1653 τὴν
1044 1581 1249 1654 πλάνην
1297 1582 1611 1654 ἐλέγχεσθαι
1658 1581 1768 1637 τῶν

182 1663 564 1721 Σαδδουκαίων
593 1669 654 1723 τὸ
694 1669 767 1741 μὴ
799 1672 993 1726 εἰδέναι
1022 1672 1217 1737 αὐτοὺς
1246 1673 1343 1737 τὰς
1375 1674 1514 1728 κατά
1533 1674 1768 1728 Μωῦσέα

180 1751 414 1827 Γραφάς
456 1759 533 1830 τῷ
580 1762 653 1831 μὴ
698 1763 1061 1834 ἐκλαμϐάνειν
1112 1766 1203 1820 τὸν
1253 1767 1310 1820 ἐν
1359 1768 1585 1832 ταύταις
1628 1768 1767 1821 θεῖον

1883 575 2237 629 matrimonio
2268 573 2559 629 mulierum
2592 585 2655 626 ac
2681 570 2937 624 virorum’
2965 570 3164 639 scripta
3203 578 3329 624 sunt
3373 569 3452 623 le-

1881 681 2033 737 gens,
2060 681 2167 720 non
2202 665 2347 720 al'.ud
2377 680 2541 735 quam
2569 661 2713 734 quod
2745 662 2923 719 littera
2950 662 3215 732 signiticat
3238 660 3450 716 ostendi

1879 772 1945 812 ac
1973 757 2195 828 reperiri
2225 757 2531 823 existimet,
2577 773 2595 807 ι
2624 764 2772 809 errat
2812 753 3062 808 nesciens
3111 750 3448 823 Scripturas.

1880 864 2055 918 neque
2081 850 2333 904 virtutem
2368 848 2483 903 Dei.
2522 866 2541 900 ι

1947 940 2035 995 55.
2068 940 2133 994 At
2154 941 2296 1006 enim
2322 948 2527 1010 quaeret
2550 939 2748 1009 aliquis
2775 955 2843 994 an
2867 937 3030 992 verba
3055 937 3171 991 ha‘c
3198 954 3213 990 :
3241 954 3260 987 ι
3290 934 3448 988 Erra-

1879 1032 1970 1097 tis,
1999 1032 2300 1086 nescientes
2330 1030 2640 1101 Scripturas
2666 1030 2767 1094 ⁵¹,ι
2805 1046 2929 1099 qute
2950 1027 3262 1083 Sadduczeis
3286 1026 3446 1079 aliam

1878 1123 2204 1193 scripturam
2237 1138 2266 1177 a
2300 1122 2458 1193 legali
2500 1138 2608 1176 non
2651 1120 3062 1176 admittentibus
3107 1120 3249 1173 dicta
3289 1128 3444 1180 sunt,

1876 1216 1943 1271 ad
1978 1216 2114 1270 alias
2148 1233 2176 1269 a
2213 1215 2327 1285 lege
2375 1214 2578 1286 Moysis
2624 1213 2925 1283 scripturas
2968 1210 3161 1266 referri
3213 1208 3445 1279 possint.

1876 1306 1958 1363 0b
1991 1307 2224 1378 idipsum
2259 1322 2389 1377 ergo
2419 1306 2666 1361 accusari
2699 1305 3026 1361 Sadductcos
3050 1304 3192 1358 dicet
3224 1300 3443 1371 aliquis,

1875 1400 2020 1471 quod
2062 1415 2186 1455 cum
2238 1396 2552 1469 Scripturas
2605 1413 2727 1467 quae
2774 1398 2943 1467 legem
2996 1402 3301 1466 sequuntur
3337 1406 3446 1446 non

1874 1492 2185 1552 admittunt,
2217 1499 2399 1543 errent
2442 1489 2745 1543 nescientes
2793 1487 2937 1556 ipsas
2967 1502 2981 1539 :
3011 1494 3065 1538 at
3096 1481 3449 1552 respondebit

1874 1582 2011 1636 alter
2053 1581 2121 1636 ad
2172 1580 2307 1644 hoc,
2342 1586 2403 1633 ut
2436 1576 2854 1633 Sadduczcorum
2905 1580 3232 1644 coarguatur
3267 1583 3443 1635 error,

1874 1672 2119 1730 sutiicere
2179 1682 2239 1727 ut
2287 1669 2489 1742 Moysis
2536 1670 2785 1741 ignorent
2830 1666 3177 1737 Scripturas,
3227 1672 3447 1733 propter

1872 1768 2152 1838 ignoratos
2185 1764 2291 1818 illis
2320 1777 2515 1817 sensus
2548 1762 2761 1816 divinos
2786 1760 2875 1829 qui
2910 1759 2963 1813 in
3004 1759 3072 1813 iis
3097 1756 3442 1811 delitescunt.

176 1846 333 1900 νοῦν.
369 1849 473 1917 Δύο
508 1852 753 1923 μέντοιγε
789 1856 1091 1926 πράγματά
1130 1875 1261 1929 φησι
1294 1858 1369 1931 μὴ
1398 1860 1597 1913 εἰδέναι
1638 1861 1762 1924 τοὺς

1870 1858 1989 1914 Duo
2019 1874 2183 1929 porro
2210 1872 2240 1912 a
2275 1854 2589 1911 Sadduczeis
2638 1851 2874 1925 ignorari
2920 1850 3070 1914 dicit,
3110 1863 3277 1902 unum
3320 1845 3446 1916 qni-

175 1938 596 2006 Σαδδουκαίους,
629 1943 686 1997 ἓν
718 1946 816 2015 μὲν
852 1947 951 2011 τὰς
985 1949 1226 2020 Γραφάς,
1261 1951 1445 2023 ἕτερον
1468 1951 1524 2005 δὲ
1553 1952 1651 2023 τὴν
1680 1951 1770 2006 δύ-

173 2045 350 2101 ναμιν
376 2032 467 2085 τοῦ
496 2033 651 2099 Θεοῦ,
678 2038 771 2106 ἀφ’
798 2033 867 2110 ῆς
896 2038 1178 2111 δυνάμεως
1198 2041 1269 2096 τὰ
1294 2043 1392 2112 τῆς
1418 2044 1767 2108 ἀναστάσεως

175 2119 417 2190 γίνεται,
446 2124 537 2178 καὶ
568 2125 599 2196 ἡ
632 2128 793 2199 καινὴ
824 2130 881 2181 ἐν
919 2131 1053 2203 αύτῇ
1084 2131 1217 2204 ζωή.
1252 2134 1484 2187 Δύναται
1520 2134 1576 2188 δέ
1600 2152 1683 2199 τις
1706 2136 1768 2189 τὸ

178 2209 323 2279 μηδὲ
352 2211 453 2283 τὴν
498 2213 726 2286 δύναμιν
772 2216 867 2271 τοῦ
918 2219 1053 2274 Θεοῦ
1105 2221 1302 2275 εἰδέναι
1344 2223 1595 2291 λέγεσθαι
1639 2226 1766 2290 τοὺς

174 2302 574 2371 Σαδδουκαίους
602 2309 894 2381 ἀναφέρειν
922 2312 1007 2381 ἐφ’
1034 2313 1223 2369 ἐαυτὸν
1252 2315 1343 2369 τὸν
1374 2316 1604 2389 Σωτῆρα
1629 2318 1760 2389 (75)·

172 2392 414 2464 ἐπείπερ
451 2414 470 2449 ι
511 2399 741 2469 Χριστὸς
774 2400 910 2455 Θεοῦ
943 2401 1173 2474 δύναμίς
1207 2405 1347 2467 ἐστι,
1383 2406 1475 2459 καὶ
1507 2406 1641 2460 Θεοῦ
1678 2424 1767 2461 σο-

174 2484 301 2554 φία,
342 2505 362 2540 ι
406 2490 500 2542 καὶ
541 2491 769 2560 ἠγνόουν
802 2493 963 2548 αὐτὸν
994 2496 1042 2549 οι
1078 2495 1439 2560 Σαδδουκαῖοι,
1476 2498 1552 2563 ὡς
1587 2497 1661 2569 μὴ
1690 2500 1765 2553 εί-

171 2576 334 2641 δδτες
363 2578 461 2645 τὰς
500 2584 629 2653 περὶ
672 2585 835 2639 αὑτοῦ
873 2587 1115 2658 Γραφάς,
1164 2588 1296 2659 μηδέ
1333 2584 1421 2643 οἷα
1453 2590 1764 2663 διακονήσε-

172 2684 271 2722 ται
297 2674 364 2742 τῇ
398 2674 464 2727 ἐκ
503 2675 712 2746 νεκρῶν
751 2679 1041 2734 ἀναστάσει
1089 2666 1198 2735 τῶν
1243 2682 1658 2756 σωθησομένων.
1704 2686 1762 2740 Ὀ

171 2759 233 2814 δὲ
270 2763 349 2835 μὴ
383 2764 753 2839 ἀρεσκόμενος
790 2770 866 2842 τῷ
898 2771 987 2827 διὰ
1020 2773 1120 2844 τῆς
1146 2773 1499 2845 τροπολογίας
1538 2775 1761 2830 λύεσθαι

172 2852 238 2906 τὸ
269 2855 403 2926 περὶ
447 2857 563 2924 τοῦ,
607 2878 626 2912 ι
676 2861 954 2916 Πλανᾶσθε
1004 2865 1078 2937 μὴ
1122 2864 1323 2930 είδότες
1362 2866 1463 2930 τὰς
1515 2868 1757 2939 Γραφάς,

176 2945 321 3017 μηδὲ
351 2947 449 3019 τὴν
480 2949 706 3022 δύναμιν
737 2953 830 3007 τοῦ
863 2953 1017 3018 Θεοῦ,
1068 2974 1087 3007 ι
1123 2956 1572 3028 ἐπηπορημένον,
1616 2960 1759 3014 δυεῖν

174 3036 409 3110 θάτερον
452 3045 750 3117 ποιήσει,ἢ
796 3046 1085 3118 ἀπιστήσει
1116 3049 1230 3112 τοῖς
1273 3048 1611 3120 ἐκκειμένοις
1656 3053 1758 3123 ρη-

168 3134 313 3196 τοῖς,
346 3133 422 3197 ὡς
460 3134 522 3188 οὐ
561 3136 742 3201 καλῶς
770 3138 1302 3211 ἀναγεγραμμένοις,
1331 3140 1409 3213 τῷ
1437 3141 1512 3214 μὴ
1552 3142 1619 3197 ἂν
1665 3143 1756 3197 τὸν

170 3224 408 3297 Σωτῆρα
454 3226 524 3281 τὰ
567 3227 641 3300 μὴ
678 3232 1034 3302 γεγραμμένα
1074 3233 1354 3306 εἰρηκέναι
1393 3233 1470 3298 ὡς
1514 3252 1758 3307 γεγραμ-

175 3316 344 3387 μένα,
374 3316 407 3388 ἢ
437 3318 693 3392 τολμήσει
728 3323 1028 3394 ἀπιστῆσαι
1058 3325 1134 3388 ὼς
1165 3325 1265 3379 οὐκ
1292 3324 1651 3397 ἀληθεύσαντι
1680 3328 1757 3399 τῷ

184 3407 402 3480 Ἰησοῦ⁶
441 3410 534 3464 καὶ
572 3412 753 3483 τρίτος
785 3413 829 3466 δ’
858 3415 925 3469 ἀν
967 3433 1070 3479 τις,
1109 3416 1202 3470 ἐπὶ
1243 3417 1369 3481 τοὺς
1406 3417 1757 3489 ἀποκρύφους

171 3499 536 3570 καταφεύγων
569 3501 779 3572 λόγους,
813 3503 943 3560 ἔνθα
975 3506 1122 3561 δοκεῖ
1158 3508 1489 3578 σαφέστερον
1519 3508 1586 3562 τὰ
1627 3511 1757 3582 περὶ

169 3591 277 3663 τῆς
324 3594 601 3665 μακαρίας
643 3596 948 3666 γεγράφθαι
988 3596 1151 3669 ζωῆς,
1195 3599 1357 3670 φήσει
1393 3601 1477 3654 ἐπ’
1516 3600 1756 3666 ἐκείνους

167 3681 271 3753 τὴν
296 3682 575 3753 ἀναφορὰν
603 3681 739 3738 εἶναι
767 3686 875 3739 τῶν
899 3686 1131 3740 ἐνταῦθα
1152 3690 1551 3760 γεγραμμένων
1575 3692 1631 3744 ἐν
1653 3690 1748 3762 τῷσ

174 3793 195 3827 ι
250 3774 533 3829 Πλανᾶσθε
578 3775 652 3849 μὴ
690 3778 889 3842 εἰδότες
929 3778 1028 3843 τάς
1074 3780 1316 3852 Γραφάς.
1359 3798 1377 3831 ι
1411 3782 1521 3834 Καὶ
1564 3782 1665 3852 δρα
1706 3784 1755 3836 εί

171 3868 255 3940 μὴ
278 3868 540 3922 πάντοθεν
564 3870 783 3935 ἀτόποις
812 3875 1185 3944 περιπεσεῖται
1213 3873 1300 3927 διὰ
1331 3873 1391 3927 τὺ
1413 3874 1633 3944 φεύγειν
1653 3874 1752 3947 τὴν

164 3961 560 4032 τροπολογίαν·
599 3964 708 4017 εἴτε
739 3965 848 4037 γὰρ
878 3969 944 4037 τῇ
981 3967 1169 4039 Γραφῇ
1203 3968 1443 4031 ἀπιστεῖ,
1477 3966 1628 4039 παρά
1657 3968 1749 4021 τὸν

167 4052 625 4125 ἐκκλησιαστικὸν
671 4058 885 4127 ποιήσει
928 4058 1104 4127 λόγον·
1149 4057 1258 4111 εἴτε
1305 4058 1383 4130 τῷ
1434 4057 1629 4130 Ἰησοῦ,
1672 4058 1748 4123 ὡς

166 4144 315 4198 κατὰ
349 4146 526 4218 σάρκα
562 4145 812 4210 Ἰουδαῖος
862 4148 921 4201 τὸ
960 4148 1169 4203 τοιοῦτο
1213 4150 1457 4220 ποιήσει·
1502 4150 1610 4203 εῐτε
1656 4149 1750 4202 ἐπὶ

168 4235 299 4299 τοὺς
335 4235 685 4306 ἀποκρύφους
727 4237 1149 4306 καταφεύξεται,
1187 4240 1288 4293 οὐκ
1330 4240 1424 4293 ἐπὶ
1465 4238 1749 4311 ὁμολογού-

1871 1952 2029 2017 dem,
2082 1951 2229 2020 ipsas
2276 1946 2884 2017 Scripturas;alterum
2934 1952 3136 2009 autem,
3186 1940 3439 1995 virtutem

1870 2042 1963 2098 Dei
1994 2061 2009 2109 ;
2037 2058 2066 2097 a
2096 2058 2203 2113 qua
2236 2043 2436 2097 virtute
2482 2048 2536 2094 et
2582 2038 2697 2109 ipsa
2747 2035 3099 2101 resurrectio,
3129 2042 3181 2088 ct
3219 2047 3356 2089 nova
3386 2032 3441 2085 in

1868 2151 1929 2191 ea
1961 2136 2070 2190 vita
2102 2135 2400 2206 perﬁcitur.
2434 2130 2587 2200 Quod
2617 2140 2797 2185 autem
2836 2129 3090 2183 virtutem
3136 2125 3229 2181 Dei
3280 2126 3434 2196 igno-

1867 2240 1991 2279 rare
2025 2225 2280 2280 dicuntur
2309 2220 2613 2288 Sadduczei,
2657 2221 2722 2275 ad
2769 2235 2828 2275 se
2873 2220 3050 2290 ipsum
3095 2217 3436 2273 Servatorem

1867 2316 2070 2374 referre
2098 2316 2296 2386 poterit
2336 2313 2694 2385 pronuntiare
2727 2312 2927 2381 aliquis
2956 2329 2971 2377 ;
2999 2306 3439 2380 quandoquidem

1872 2424 1891 2457 ι
1924 2407 2179 2464 Christus
2212 2406 2306 2463 Dei
2338 2407 2513 2460 virtus
2546 2414 2649 2470 est,
2682 2413 2737 2458 et
2766 2402 2863 2457 Dei
2902 2400 3167 2472 sapientia
3189 2400 3256 2467 ",
3289 2418 3309 2450 ι
3338 2412 3441 2453 nec

1866 2498 2044 2570 ipsum
2076 2498 2476 2570 cognoscebant
2507 2493 2811 2560 Sadducmi,
2842 2499 3030 2563 utpote
3060 2505 3183 2560 qua:
3224 2489 3291 2544 de
3319 2488 3441 2558 ipso

1864 2591 2066 2661 scripta
2095 2599 2224 2645 sunt
2253 2589 2581 2652 nescientes.
2607 2602 2782 2657 neque
2807 2594 3071 2657 quantum
3102 2579 3344 2637 conferet
3371 2579 3441 2634 ad

1862 2694 2052 2735 eorum
2084 2696 2115 2737 a
2144 2679 2377 2736 mortuis
2406 2678 2861 2735 resurrectionem
2896 2675 2988 2745 qui
3025 2674 3257 2731 salutem
3305 2686 3442 2729 cou-

1862 2780 2182 2843 sequentur.
2216 2771 2317 2827 Cui
2348 2779 2526 2827 autem
2582 2779 2715 2825 ortae
2762 2768 2927 2840 hujus
2973 2781 3135 2838 super
3185 2765 3278 2821 illo
3318 2764 3440 2819 loco

1861 2863 2216 2919 dubitationis
2243 2880 2257 2919 :
2289 2882 2309 2914 ι
2341 2862 2549 2920 Erratis
2575 2862 2878 2917 nescientes
2903 2858 3234 2928 Scripturas,
3258 2870 3441 2927 neque

1860 2953 2116 3008 virtutem
2148 2953 2266 3023 Dei,
2300 2973 2318 3007 ι
2352 2970 2449 3025 per
2481 2953 2841 3025 tropologiam
2874 2951 3077 3008 solutio
3118 2964 3225 3004 non
3275 2949 3439 3004 satis-

1862 3041 2013 3110 facit,
2043 3042 2363 3099 alterutrum
2395 3042 2578 3111 faciet,
2608 3043 2691 3097 vel
2720 3043 2910 3096 huicce
2957 3041 3078 3096 loco
3134 3039 3293 3094 tidem
3340 3038 3437 3094 de-

1862 3138 2059 3203 trahet,
2090 3137 2246 3207 quasi
2284 3154 2391 3192 non
2431 3146 2576 3192 recte
2614 3137 2838 3207 scripto,
2883 3134 3026 3206 quod
3069 3148 3262 3203 nempe
3306 3132 3435 3187 Ser-

1860 3238 2013 3284 vator
2041 3246 2164 3300 quae
2193 3229 2392 3301 scripta
2418 3246 2525 3285 non
2563 3238 2707 3290 sunt,
2742 3229 2901 3301 quasi
2932 3228 3132 3299 scripta
3177 3225 3435 3281 laudave-

1858 3322 1971 3390 rit;
2001 3322 2084 3378 vel
2110 3330 2255 3379 certe
2284 3322 2385 3393 ipsi
2423 3320 2549 3377 Jesu
2574 3361 2589 3386 ,
2625 3322 2780 3392 quasi
2826 3336 3015 3375 verum
3061 3335 3169 3375 non
3212 3317 3431 3385 dixerit,

1859 3415 2018 3470 tidem
2055 3415 2274 3470 audebit
2304 3414 2610 3484 abrogare;
2647 3421 2702 3467 at
2737 3412 2929 3468 tertius
2961 3411 3160 3482 aliquis
3194 3410 3260 3464 ad
3295 3424 3431 3479 apo-

1856 3507 2090 3578 cryphos
2119 3507 2286 3564 libros
2311 3507 2653 3578 confugiens,
2695 3505 2747 3559 in
2783 3505 2979 3575 quibus
3017 3518 3138 3573 quae
3167 3501 3331 3572 827
3364 3501 3433 3554 ad

1857 3599 2073 3655 beatam
2131 3600 2296 3655 vitam
2348 3600 2617 3669 pertinent
2664 3597 2904 3668 apertius
2951 3596 3204 3651 videntur
3264 3593 3432 3648 fuisse

1859 3690 2191 3760 conscripta,
2222 3690 2289 3744 ad
2328 3690 2451 3746 illos
2482 3688 2767 3745 referenda
2811 3701 2933 3742 esse
2981 3686 3141 3751 dicet,
3176 3699 3299 3754 qua:
3344 3684 3432 3737 hic

1858 3783 2072 3855 prodita
2106 3791 2234 3836 sunt
2268 3781 2352 3835 his
2382 3780 2562 3835 verbis
2593 3798 2606 3834 :
2642 3801 2658 3827 ι
2695 3778 2921 3840 Erratis,
2948 3775 3251 3830 nescientes
3283 3771 3432 3828 Scri-

1855 3879 2063 3939 pturas.
2104 3888 2125 3921 ν
2160 3867 2356 3922 Verum
2393 3877 2609 3938 propter
2631 3867 2881 3936 reiectam
2908 3864 3260 3935 tropologiam
3306 3863 3429 3917 vide

1856 3976 2038 4015 annon
2086 3960 2139 4013 in
2183 3959 2419 4014 absurda
2463 3975 2610 4013 mera
2652 3958 2931 4023 incurret;
2961 3969 3085 4010 nam
3120 3954 3234 4010 sive
3276 3953 3426 4009 Scri-

1854 4060 2027 4121 ptura:
2077 4052 2238 4107 ﬁdem
2288 4050 2554 4116 detrahit,
2603 4056 2793 4103 contra
2823 4045 3076 4102 Ecclesiae
3120 4045 3424 4101 doctrinam

1854 4143 2055 4212 faciet:
2096 4145 2211 4200 sive
2244 4143 2394 4207 Jesu,
2445 4142 2499 4196 id
2546 4153 2803 4211 tanquam
2851 4139 3071 4196 Judaeus
3120 4138 3420 4195 secundum

1852 4254 2072 4293 carnem
2106 4237 2424 4307 praestabit;
2457 4238 2540 4292 sin
2582 4236 2647 4290 ad
2694 4236 2861 4290 libros
2905 4233 3245 4306 apocryphos
3293 4246 3425 4286 con-

171 4342 337 4397 μενον
376 4329 607 4400 πρᾶγμα
657 4328 807 4400 παρά
838 4332 950 4395 τοῖς
998 4331 1415 4385 πεπιστευκόσιν
1445 4331 1744 4385 ἐλεύσεται.

1868 4330 2022 4399 Fugiet
2047 4348 2060 4397 ;
2091 4331 2157 4384 ad
2191 4345 2303 4385 rem
2328 4346 2358 4384 a
2382 4329 2631 4385 ﬁdelibus
2657 4345 2766 4385 non
2792 4329 3087 4386 admissam
3113 4325 3422 4383 descendet.

1369 4447 1598 4504 VETUS
1642 4445 2221 4503 INTERPRETATIO.

167 4534 424 4623 nescieris
456 4535 787 4623 Scripturas,
817 4557 991 4611 neque
1019 4543 1274 4598 virtutem
1327 4543 1463 4600 Dei:
1505 4545 1648 4600 sicut
1692 4544 1952 4600 errabant
2001 4543 2285 4600 Sadducaei
2328 4545 2547 4615 nuptias
2590 4546 2827 4617 legentes
2880 4544 2931 4597 in
2981 4539 3279 4612 Seriptnris
3305 4578 3320 4602 ,
3366 4546 3422 4591 et

166 4607 458 4692 cattlalirt‘er
495 4607 591 4663 eas
614 4607 989 4692 intelligentes.

242 4676 582 4764 ὃὸιριιιιιιίει
610 4676 829 4764 aliquis.
855 4684 967 4763 hoc
1007 4685 1151 4764 quod
1204 4684 1334 4739 dicit
1372 4682 1732 4764 §adduca2is_:_
1777 4704 1795 4737 ι
1828 4684 2042 4764 Erratis
2091 4686 2397 4764 nescientes
2440 4684 2792 4764 Scripturas,
2828 4702 2851 4764 ρ
2885 4693 3069 4764 utrum
3092 4681 3149 4736 in
3196 4680 3419 4764 1199.608

164 4749 673 4834 frtersfiseiﬁce‘l.
704 4749 960 4834 ἒιειωιξξξιη
982 4749 1311 4834 scripturas
1337 4755 1651 4834 aliasextra
1679 4756 1848 4834 libros
1877 4755 2147 4834 Mosaicos
2175 4773 2291 4834 non
2318 4749 2589 4827 legebant,
2623 4767 2721 4834 aut
2748 4756 2875 4824 quia
2908 4771 3010 4808 nec
3057 4754 3205 4824 ipsos
3254 4749 3421 4803 libros

165 4814 445 4898 Mosaicos
472 4814 1128 4898 legctttes'intelligebant.
1167 4825 1232 4898 Et
1259 4827 1403 4898 dicet
1424 4825 1623 4898 aliquis
1654 4845 1666 4880 :
1694 4825 1750 4879 ln
1780 4825 1882 4881 hoc
1905 4826 2026 4882 illos
2054 4814 2603 4897 increpabatverrare,
2632 4814 3174 4898 quia'tnnrlegebant
3196 4831 3420 4898 caeteras

166 4889 627 4970 SC'fiPNIESﬂuzg
663 4902 790 4970 sunt
815 4889 966 4970 extra
998 4897 1189 4970 legem,
1221 4896 1273 4950 id
1301 4905 1404 4957 est,
1442 4889 1613 4970 libro_s
1649 4906 1931 4970 secretos:
1967 4906 2022 4951 et
2055 4899 2179 4970 ideo
2206 4889 2479 4970 'errabant
2533 4889 2845 4970 nescientes
2885 4889 3215 4970 scripturas.
3262 4889 3417 4942 Alius

166 4966 363 5045 autem
383 4957 551 5045 dicit}
586 4959 793 5018 Sullicit
822 4964 888 5017 ad
919 4957 1256 5035 argnéndum
1287 4980 1526 5045 errorem
1563 4966 2009 5045 Satlducmorum,
2035 4969 2183 5038 quod
2213 4969 2530 5045 nesciebant
2555 4966 2805 5021 Mosaicm
2836 4967 2968 5045 legis
2996 4957 3328 5045 Scripturas,
3351 4973 3418 5009 ex

164 5042 234 5109 eo
259 5027 408 5109 quod
436 5028 682 5109 divinum
718 5048 938 5088 sensum
970 5027 1156 5109 Earum
1191 5037 1727 5109 non_scrutabantur.
1758 5035 1904 5092 Duas
1928 5027 2109 5095 tamen
2139 5053 2222 5093 res
2245 5039 2378 5093 dicit
2403 5037 2730 5109 Sadduczeos
2759 5027 2989 5109 nescire,
3015 5027 3176 5109 unam
3200 5027 3416 5109 quidem

167 5097 514 5182 Scripturas,
542 5101 766 5182 alteram
798 5114 977 5159 autem
1009 5106 1261 5182 \jrtutcm
1289 5105 1382 5160 Dei
1421 5121 1701 5182 perquam
1737 5110 2063 5182 resurrectio
2094 5114 2172 5173 Iit,
2200 5118 2252 5161 ct
2285 5123 2423 5161 nova
2458 5109 2564 5161 vita
2595 5108 2647 5159 in
2671 5121 2754 5159 ea.
2786 5097 3191 5182 l’otest'aliqnis
3212 5100 3415 5176 dicere.

164 5169 432 5254 θυρηὶξηξι
465 5169 728 5254 Βραιίηιιε
760 5189 994 5254 arguens
1026 5174 1355 5230 Sadduczeos
1387 5166 1598 5254 nescire
1621 5177 1878 5254 virtutem
1907 5178 2005 5254 _D_ei
2027 5219 2042 5244 ,
2075 5194 2134 5254 se
2160 5166 2395 5254 eos_non
2428 5191 2758 5254 cognoscere
2792 5174 3071 5243 arguebat.
3089 5166 3226 5254 ipse
3270 5166 3416 5221 enim

162 5247 283 5317 erat
309 5239 482 5317 virtus
508 5239 601 5294 Dei
634 5253 686 5297 et
715 5239 1001 5312 sapientia.
1029 5255 1211 5301 etnon
1237 5247 1639 5317 cognoscebant
1662 5262 1788 5301 eum
1813 5239 2095 5302 Sadducaei
2129 5248 2284 5317 quasi
2311 5239 2615 5301 nescientes
2644 5239 2953 5313 Scripturas
2977 5241 3419 5317 quaeioqttltritttr

164 5307 233 5394 fit}
262 5322 352 5362 eo.
385 5307 682 5394 Propterea
720 5307 1630 5394 nec.resurrectionem“credebat!t_
1649 5333 1813 5394 quam
1845 5307 2303 5394 facturus_fuerat
2332 5307 3069 5394 ipsensanctorun't.suerunt.
3096 5307 3415 5394 Qniautem

166 5380 425 5464 nonuvult
455 5380 753 5464 intelligere
781 5385 1144 5464 dic-tumuhoc,
1178 5397 1236 5442 ut
1266 5387 1551 5464 Sadducaai
1582 5380 2014 5464 ideovideantur
2034 5388 2268 5464 culpari,
2290 5380 2417 5457 quia
2442 5386 2752 5464 scripturas
2777 5383 2845 5437 de
2873 5383 3080 5464 nuptiis
3105 5380 3417 5449 quibusque

168 5451 381 5514 positas
407 5451 687 5507 moraliter
720 5469 829 5508 non
862 5455 1232 5526 intelligebant
1264 5457 1563 5513 secundum
1596 5458 1896 5529 spiritalem
1932 5451 2353 5527 expositionem,
2386 5458 2480 5513 sed
2509 5451 2831 5526 siinpiicrter
2876 5452 3177 5509 secundum
3216 5460 3416 5518 corpo-

230 5568 274 5601 ⁸¹
314 5566 503 5624 Matth.
549 5586 684 5638 xm,
713 5572 805 5628 ἐξ).
883 5573 929 5605 ⁸³
966 5573 1134 5630 lCor.
1158 5575 1197 5642 ι,
1221 5577 1312 5631 2L

239 5662 356 5744 (πὶ
398 5664 857 5744 ’ᾼνᾳφ-έρεινῂέφ
908 5669 1127 5744 cautor-
1172 5670 1280 5725 τὸν
1326 5668 1586 5744 Σωτῆρα.
1645 5669 1741 5744 νει
1851 5670 1983 5744 μηδέ
2013 5671 2112 5744 τὴν
2133 5670 2373 5744 δύναμιν
2422 5669 2517 5744 τοῦ
2572 5669 2713 5744 Θεοῦ
2753 5668 2950 5744 εἰδέναι
3007 5664 3256 5744 λέγεσθαι
3282 5652 3410 5744 τούς

171 5731 287 5818 Ege
341 5732 426 5818 ἐπῖ
455 5731 635 5818 αύτὸν,
664 5738 768 5803 vel,
798 5731 948 5809 quod
988 5741 1204 5818 malim,
1248 5731 1524 5818 quodque
1571 5742 1737 5818 veteri

1868 5731 2236 5818 ξᾰδδουκαίνυς
2283 5731 2587 5813 ’ἀναφέρειν
2630 5740 2714 5810 ἐφ’
2768 5738 2957 5794 ἐαυτὸν
3011 5731 3104 5791 τὸν
3161 5734 3410 5806 Σωτῆρα.

172 5810 602 5862 interpretationi
637 5819 937 5867 consonat:
972 5810 1204 5867 Δύναται
1243 5811 1301 5866 δέ
1347 5829 1431 5878 τις
1468 5811 1647 5881 λέγειν
1679 5811 1738 5865 τὸ

1870 5813 2109 5870 Ιιτετυε.
