4004 6582
239 421 388 482 15θῖ

1218 426 1574 487 COMMENT.
1613 430 1675 485 IN
1712 429 2129 494 MATTHASUM
2164 437 2402 499 TOMUS
2438 440 2599 498 XVII.

3380 443 3517 502 I598

237 544 478 618 νάμενος
501 546 611 622 (76)
638 549 768 623 περ)⁸
797 548 894 605 τοῦ
932 549 1201 622 ὑπάρχειν
1227 550 1325 624 τὴν
1357 552 1656 623 μέλλουσαν
1690 552 1825 626 ζωὴν

1935 571 2059 612 cum
2110 559 2447 631 depromptis
2479 575 2510 615 e
2558 559 2840 631 prophetis
2877 561 3148 616 sexantts
3188 542 3553 617 testiinoniis'

235 642 360 704 τοῖς
389 639 699 714 ἀνθρώποις
731 642 1077 715 παραθέσθαι
1102 643 1212 697 ἀπὸ
1233 644 1531 716 προφητῶν
1557 647 1586 698 6
1617 647 1830 718 Σωτὴρ,

231 732 403 788 τοῦτο
429 735 490 787 οὐ
523 734 844 808 πεποίηκεν,
874 735 962 790 διὰ
990 736 1052 790 τὸ
1087 737 1215 801 τοὺς
1244 736 1634 803 Σαδδουκαίους
1665 739 1833 812 μόνην

172 880 201 900 εἰ
234 824 566 894 προσίεσθαι
605 825 704 897 τὴν
735 826 1019 891 Μωῦσέως
1063 827 1309 899 Γραφὴν,
1340 828 1432 898 ἀφ’
1455 824 1523 901 ἧς
1565 829 1832 902 ἐϐουλήθη

184 906 194 910 ”
230 917 442 981 αὐτοὺς
476 917 820 990 συλλογισμῷ
850 919 1172 992 δυσωπῆσαι
1217 920 1429 975 τοιοῦτό
1460 940 1512 976 τι
1543 922 1829 993 δηλοῦντι·

228 1010 268 1061 ὁ
294 1008 428 1073 Θεὸς
452 1004 574 1064 εἶπε
600 1011 857 1077 Μωῦσετ,
901 1028 921 1063 ι
959 1010 1102 1082 Ἐγώ
1123 1014 1238 1084 εἰμι
1261 1012 1393 1079 Θεὸς
1426 1014 1696 1087 Ἀϐραὰμ,
1738 1018 1833 1070 καὶ

230 1099 375 1164 Θεὸς
397 1102 605 1168 Ἰσαὰκ,
635 1104 731 1157 καὶ
745 1103 877 1168 Θεὸς
920 1103 1134 1173 Ἰακὼϐ,
1169 1125 1189 1158 ι
1222 1106 1384 1179 ἡνίκα
1405 1108 1502 1162 ἐπὶ
1533 1108 1634 1181 τῆς
1668 1108 1831 1180 βάτου

232 1192 609 1265 ἐχρημάτισεν
629 1194 797 1267 αὐτῷ’
817 1197 937 1268 ητοι
962 1192 1056 1251 οὖν
1085 1199 1114 1252 6
1132 1198 1285 1264 Θεὸς,
1310 1199 1442 1265 Θεὸς
1460 1200 1629 1256 ὄντων
1659 1202 1828 1270 ἐστὶν,

231 1285 275 1358 ἢ
309 1286 444 1352 Θεὸς
479 1288 581 1342 οὐκ
612 1287 783 1343 ὄντων
805 1305 819 1320 ⁸
869 1289 985 1344 ἄλλ’
1018 1290 1224 1346 ἄτοπον
1251 1292 1455 1364 λέγειν,
1478 1295 1560 1349 ὅτι
1586 1297 1615 1349 6
1645 1295 1777 1360 Θεὸς
1801 1297 1832 1349 6

230 1379 433 1443 εἰπὼν,
475 1399 494 1433 ι
543 1381 604 1436 '0
637 1381 735 1447 ὢν,
765 1380 926 1436 τοῦτό
958 1383 1046 1454 μοί
1077 1385 1223 1440 ἐστιν
1253 1384 1445 1458 ὄνομα,
1480 1407 1500 1441 ι
1534 1386 1643 1442 τῶν
1675 1387 1831 1442 οὐδα-

236 1473 359 1547 μῶς
399 1474 570 1529 ὄντων
614 1475 748 1540 Θεός
787 1476 970 1531 ἐστιν·
1007 1477 1057 1530 εί
1097 1477 1152 1531 δὲ
1186 1477 1347 1533 τοῦτο
1388 1479 1608 1545 ἄτοπον,
1659 1481 1830 1535 ὄντων

230 1568 376 1633 Θεός
402 1568 539 1633 ὲστι,
567 1570 662 1624 καὶ
684 1567 923 1638 ζώντων,
957 1571 1052 1625 καί⁸
1079 1572 1484 1643 ὑφεστηκότων,
1513 1574 1607 1627 καὶ
1641 1572 1851 1630 αίσθα-’

230 1661 479 1730 νομένων
522 1662 625 1732 τῆς
668 1661 910 1733 χάριτος,
944 1657 1014 1735 ἦς
1057 1663 1244 1728 αὐτοῖς
1268 1665 1297 1717 6
1333 1663 1466 1728 Θεὸς
1495 1665 1825 1738 ἐδωρήσατο,

228 1749 374 1804 Θεὸν
411 1751 605 1804 ἑαυτὸν
629 1752 978 1824 ἀναγορεύων
1004 1753 1206 1818 αὐτῶν,
1237 1754 1331 1808 καὶ
1357 1754 1551 1823 λέγων·
1602 1776 1620 1808 ι
1659 1757 1829 1812 Τοῦτό

234 1841 343 1913 μού
374 1842 490 1895 ἐστι
522 1843 863 1915 μνημόσυνον
892 1843 1134 1899 αίώνιον.’
1170 1862 1190 1897 ι
1229 1843 1405 1899 Ζῶσιν
1435 1845 1543 1918 ἄρα
1569 1847 1824 1902 αἰσθανό-

1936 649 2172 719 probare
2225 664 2411 722 posset
2447 651 2707 707 Servator
2759 651 2997 707 futuram
3050 651 3215 707 vitam
3266 651 3515 707 homines

1938 756 2181 811 manere,
2229 744 2283 800 id
2346 746 2570 801 minime
2622 745 2837 809 fecisse,
2887 744 3035 814 quod
3087 744 3298 800 scilicet
3349 759 3514 800 unam

1935 831 2136 905 Moysis
2181 832 2523 907 Scripturam
2575 835 2926 891 admitterent
2975 834 3257 891 Sadducaei
3285 877 3301 903 ,
3336 851 3367 891 a
3406 852 3515 907 qua

1935 925 2165 982 deducta
2197 928 2617 984 ratiocinatione
2643 928 2970 984 convincere
3002 926 3153 997 ipsos
3195 926 3398 994 voluit;
3435 928 3516 984 sic

1932 1027 2116 1075 autem
2143 1020 2234 1074 illa
2270 1036 2329 1076 se
2362 1022 2562 1077 habere
2591 1021 2840 1087 videtur;
2889 1020 3033 1075 Deus
3063 1018 3201 1074 dixit
3221 1017 3391 1091 Moysi
3423 1020 3468 1051 ⁸⁹
3496 1037 3512 1074 :

1942 1121 1960 1154 ι
1996 1102 2109 1173 Ego
2135 1120 2256 1160 sum
2287 1103 2431 1159 Deus
2458 1105 2757 1171 Abraham,
2790 1114 2844 1160 et
2871 1103 3014 1160 Deus
3053 1102 3234 1168 Isaac,
3288 1112 3342 1158 et
3371 1102 3515 1159 Deus

1933 1194 2124 1260 Jacob,
2166 1215 2183 1248 ι
2223 1211 2350 1251 cum
2383 1196 2669 1252 oraculum
2708 1196 2815 1267 ipsi
2850 1197 2904 1251 in
2934 1195 3074 1251 rubo
3107 1193 3382 1277 reddidit:
3421 1203 3517 1249 aut

1932 1285 2102 1357 igitur
2128 1285 2298 1356 Deus,
2320 1298 2512 1342 eorum
2546 1288 2688 1344 Deus
2729 1287 2927 1358 estqui
2968 1294 3131 1351 sunt,
3176 1293 3273 1341 aut
3317 1300 3515 1340 eorum

1931 1379 2027 1450 qui
2060 1395 2172 1435 non
2203 1387 2333 1435 sunt
2364 1396 2378 1432 :
2410 1380 2712 1453 absurdum
2740 1390 2827 1436 εει
2859 1387 3041 1435 autem
3077 1368 3248 1435 Deum
3285 1378 3381 1450 qui
3425 1379 3515 1434 di-

1934 1471 2016 1525 xit
2050 1471 2094 1503 ⁸⁸
2134 1492 2146 1527 :
2194 1489 2213 1523 ι
2249 1469 2361 1542 Ego
2414 1487 2537 1527 sum
2569 1473 2661 1543 qui
2704 1487 2850 1537 sum,
2878 1471 2930 1528 id
2951 1471 3088 1527 mihi
3116 1486 3316 1526 nomen
3345 1478 3450 1539 est,
3488 1488 3508 1523 ι

1931 1561 2127 1618 horum
2150 1577 2273 1619 esse
2299 1562 2466 1619 Deum
2493 1566 2853 1635 pronuntiare
2873 1565 2966 1635 qui
2986 1563 3305 1633 neutiquam
3340 1572 3469 1618 sunt
3496 1582 3510 1618 :

1930 1655 2077 1727 quod
2105 1655 2150 1711 si
2176 1654 2308 1709 illud
2358 1655 2658 1712 absurdum
2685 1666 2789 1723 est,
2843 1671 3034 1711 eorum
3082 1654 3326 1726 profecto
3367 1655 3513 1717 Deus

1914 1756 2014 1813 est
2047 1750 2142 1818 qui
2173 1756 2320 1811 sunt,
2350 1758 2406 1803 et
2440 1748 2537 1819 qui
2578 1748 2789 1813 vivunt,
2824 1756 2881 1804 et
2902 1747 2997 1818 qui
3045 1747 3356 1814 exsistunt,
3387 1749 3513 1819 qui-

1931 1861 2038 1916 que
2082 1844 2404 1901 beneﬁcium
2456 1860 2488 1900 a
2540 1844 2651 1901 Deo
2680 1845 2733 1899 in
2769 1860 2828 1900 se
2867 1844 3125 1900 collatum
3185 1851 3514 1914 agnoscunt,

235 1951 394 2005 μενοι
408 1932 505 1987 τοῦ
521 1933 657 1988 Θεοῦ
674 1935 879 2007 καὶτῆς
901 1936 1124 2008 χάριτος
1152 1936 1318 1990 αὐτὸῦ
1334 1940 1363 1992 6
1389 1937 1660 2010 Ἀϐραὰμ,
1689 1940 1784 1994 καὶ
1798 1942 1825 1993 6

1936 1952 2061 1993 cum
2091 1938 2335 2008 ipsorum
2379 1937 2546 1992 Deum
2581 1950 2702 1993 sese
2733 1934 3013 2006 professus
3047 1943 3150 2001 est,
3172 1942 3225 1989 et
3251 1933 3390 1988 dixit
3422 1933 3467 1965 ⁶¹
3495 1948 3510 1987 :

245 2026 460 2092 Ἰσαὰκ,
484 2027 577 2081 καὶ
600 2029 628 2081 6
653 2028 868 2095 Ἰακὼϐ,
882 2030 1003 2087 καθ’
1020 2030 1251 2084 ἕκαστον
1266 2031 1446 2087 αὐτῶν
1467 2031 1610 2096 ἰδίως
1624 2050 1834 2106 χρημα-

1231 2122 1354 2145 9'3--.‘

227 2119 402 2184 τίζων
420 2120 573 2184 Θεός·
593 2121 655 2174 οὐ
678 2120 788 2193 γὰρ
808 2121 1143 2195 γέγραπται*
1172 2141 1193 2175 ι
1231 2122 1373 2192 Ἐγὼ
1397 2122 1530 2187 Θεὸς
1557 2124 1828 2197 Ἀϐραὰμ,

228 2212 331 2265 καὶ
389 2212 594 2279 Ἰσαὰκ,
628 2216 723 2267 καὶ
776 2214 1003 2269 Ἰακώϐ’
1055 2234 1075 2268 ι
1110 2215 1225 2270 ἀλλ’
1264 2235 1282 2268 ι
1356 2216 1498 2286 Ἐγώ
1541 2219 1658 2289 είμι
1694 2218 1829 2284 Θεὸς

244 2297 526 2372 Ἀϐραὰμ,
560 2301 654 2354 καὶ
698 2301 833 2367 Θεὸς
880 2303 1086 2370 Ἰσαὰκ,
1118 2306 1213 2361 καὶ
1246 2304 1639 2372 ΘεὸςΊακὼϐ,
1679 2327 1699 2362 ι
1736 2312 1829 2364 καὶ

228 2388 411 2453 οὕτως
442 2407 525 2460 ,γε
571 2392 884 2465 ἀνέγραψαν
936 2395 1245 2461 Ματθαῖος,
1304 2399 1399 2451 καὶ
1441 2399 1700 2471 Μάρκος,
1733 2402 1827 2455 καὶ

229 2480 475 2542 Λουκᾶς,
500 2480 589 2549 ἵν’,
620 2478 794 2553 οἶμαι,
830 2487 1222 2557 παραστήσωσι
1251 2490 1363 2553 τοῖς
1396 2490 1726 2562 προσέχουσι
1757 2494 1823 2564 τῇ

226 2569 564 2638 ἀναγνώσει,
590 2572 826 2626 ὅτι”καθ’
854 2573 1084 2629 ἕκαστον
1110 2578 1291 2631 αὐτῶν
1316 2580 1345 2632 6
1372 2579 1505 2643 Θεὸς
1529 2581 1660 2645 Θεός
1685 2583 1821 2646 ἐστι,

226 2658 380 2713 τοῦτ’
427 2660 704 2736 ἐξαίρετον
757 2664 939 2731 αὐτοῖς
984 2666 1373 2740 χαριζόμενος·
1425 2672 1485 2724 οὐ
1535 2672 1644 2742 γὰρ
1681 2669 1822 2746 ἦσαν

225 2749 412 2819 ὅμοιοι
436 2754 549 2815 τοῖς
587 2752 858 2827 Ἑϐραίοις
879 2796 894 2821 ,
923 2756 1009 2810 ἵνα
1036 2757 1434 2829 συλληπικῶς,
1461 2760 1650 2835 ὥσπερ
1681 2763 1823 2818 ὲκεί-

225 2857 364 2907 νων,
396 2841 537 2898 οὕτω
576 2846 670 2899 καὶ
703 2844 908 2901 τούτων
958 2848 987 2900 6
1014 2847 1147 2912 Θεὸς
1179 2848 1433 2921 λέγηται·
1473 2853 1558 2905 ἐπ’
1594 2854 1817 2909 ἐκείνων

230 2933 337 3004 μὲν
368 2934 477 3007 γὰρ
516 2935 862 3008 γέγραπται·
910 2956 929 2990 ι
984 2941 1041 2994 Ὁ
1080 2940 1213 3004 Θεὸς
1247 2941 1354 2995 τῶν
1399 2942 1664 3016 Ἐϐραίων
1706 2948 1815 3002 ἁπ-

236 3026 453 3081 ἐστειλέ
479 3045 600 3099 με’»
631 3032 724 3084 ἐπὶ
741 3031 797 3085 δὲ
825 3032 1030 3086 τούτων
1060 3032 1202 3086 κατὰ
1222 3034 1336 3101 ἕνα,
1371 3036 1456 3090 ἵνα
1485 3041 1811 3115 παραστήσῃ

224 3119 259 3171 6
284 3120 479 3189 Λόγος,
496 3122 578 3176 ὅτι
596 3117 677 3187 εἷς
710 3122 961 3196 Ἀϐραὰμ
986 3126 1227 3198 ἰσότιμος
1247 3127 1352 3200 ὅλῳ
1374 3128 1514 3183 ἔθνει
1548 3131 1814 3204 Ἐϐραίων

226 3211 409 3270 ἔστιν·
453 3214 513 3268 οὐ
548 3213 658 3287 γὰρ
703 3216 899 3290 ἐπίσης
928 3218 1079 3273 ἐστὶν
1113 3219 1143 3271 6
1173 3220 1326 3284 Θεὸς,
1365 3222 1498 3287 Θεὸς
1539 3223 1810 3297 Ἀϐραὰμ,
1841 3265 1886 3324 C

226 3306 326 3359 καὶ
348 3305 481 3370 Θεὸς
526 3307 828 3380 Ἐϐραίων;
859 3310 920 3364 τὸ
949 3310 1006 3364 δὲ
1043 3312 1227 3383 ὅμοιον
1256 3315 1399 3385 ἐρεῖς
1433 3315 1525 3369 καὶ
1560 3318 1687 3389 περὶ
1719 3318 1814 3372 τοῦ

225 3398 365 3452 Θεὸν
400 3400 563 3454 αὐτὸν
592 3398 728 3455 εἶναι
761 3401 855 3455 τοῦ
908 3403 1113 3471 Ἰσαὰκ,
1162 3406 1256 3459 καὶ
1300 3390 1431 3461 Θεὸν
1474 3407 1566 3465 τοῦ
1598 3408 1813 3477 Ἰακὼϐ,

223 3490 306 3556 ὠς
334 3491 469 3546 Θεὸν
503 3493 610 3546 τῶν
662 3494 928 3566 Ἐϐραίων
946 3512 960 3525 ·
988 3496 1243 3570 τοιαύτης
1275 3498 1332 3552 δὲ
1362 3501 1527 3573 τιμῆς
1550 3501 1815 3572 ἠξιῶσθαι

225 3584 441 3656 νομίζω
486 3587 581 3640 καὶ
609 3587 698 3640 τὸν
740 3588 946 3654 Ἠλίαν,
987 3591 1065 3644 διὸ
1096 3591 1509 3662 ἀναγέγραπται
1537 3595 1595 3646 ἐν
1622 3597 1688 3666 τῇ
1729 3576 1815 3649 τεέ

222 3678 405 3750 τάρτῃ
424 3677 533 3731 τῶν
559 3679 869 3735 Βασιλειῶν·
898 3702 915 3735 ι
938 3681 996 3736 '0
1017 3683 1148 3747 Θεὸς
1176 3683 1378 3738 Ἠλιοῦ.
1406 3705 1424 3738 ι
1464 3686 1570 3739 Τοῦ
1604 3687 1703 3758 μὲν
1723 3685 1817 3743 οὖν

240 3768 500 3842 Ἀϐραὰμ
545 3770 679 3835 Θεὸς
712 3773 871 3843 μόνον
905 3768 974 3845 ἦν
1017 3775 1046 3827 6
1071 3774 1224 3839 Θεὸς,
1264 3777 1465 3847 ὁμοίως
1502 3777 1559 3830 δὲ
1596 3779 1689 3832 καὶ
1721 3779 1815 3833 τοῦ

239 3859 449 3923 Ἰσαὰκ,
479 3862 689 3917 καὶτοῦ
720 3863 934 3918 Ἰακώϐ·
958 3864 1053 3919 τοῦ
1082 3866 1139 3920 δὲ
1165 3868 1472 3939 κρείττονος
1499 3869 1677 3924 αὐτῶν
1702 3871 1817 3925 Σω-

224 3952 397 4023 τῆρος
432 3954 587 4025 ἡμῶν
617 3954 678 4008 οὐ
726 3957 884 4027 μόνον
920 3957 1053 4023 Θεός
1093 3961 1240 4013 ὲστιν
1275 3962 1303 4013 6
1334 3959 1487 4025 Θεὸς,
1535 3961 1671 4016 ἀλλὰ
1718 3963 1813 4016 καὶ

226 4046 444 4121 Πατήρ·
474 4048 554 4103 διὸ
586 4049 766 4115 καλῶς
798 4050 1011 4120 λέγεται
1040 4052 1194 4125 παρὰ
1212 4053 1289 4125 τῷ
1304 4048 1633 4128 Ἀποστόλῳ’
1667 4075 1685 4107 ι
1711 4057 1816 4110 Εὑ-

223 4135 458 4210 λογητὸς
491 4140 519 4192 6
551 4141 682 4205 Θεὸς
718 4143 812 4196 καὶ
851 4144 1041 4215 Πατὴρ
1070 4144 1164 4199 τοῦ
1198 4146 1400 4217 Κυρίου
1435 4147 1589 4219 ἡμῶν
1636 4149 1811 4220 Ἰησοῦ

223 4228 489 4299 Χριστοῦ.
525 4249 544 4282 ›
566 4226 731 4297 Οὗτος
763 4232 826 4304 δὴ
863 4232 1067 4304 Ἰησοῦς
1097 4235 1350 4306 Χριστὸς,
1374 4227 1434 4289 οῦ
1463 4235 1755 4307 εὐλογητὸς
1783 4240 1812 4292 6

1942 2048 1962 2082 ι
1995 2028 2111 2086 Ηοε
2137 2039 2220 2086 εει
2247 2028 2564 2084 memoriale
2592 2042 2774 2084 meum
2811 2027 2863 2080 in
2910 2034 3195 2081 aeternum.
3229 2044 3248 2078 ι
3312 2024 3515 2081 Vivunt

1934 2137 2084 2194 ergo,
2154 2120 2369 2190 Deum,
2423 2120 2709 2192 ipsiusque
2785 2120 3107 2177 beneﬁcium
3156 2132 3514 2192 agnoscentes

1932 2211 2231 2277 Abraham,
2279 2220 2334 2266 et
2390 2210 2561 2277 Isaac,
2601 2218 2657 2266 et
2715 2207 2906 2277 Jacob,
2961 2225 3017 2265 et
3081 2209 3514 2280 uniuscujusque

1932 2304 2176 2374 ipsorum
2213 2301 2494 2372 speciatim
2520 2301 2663 2357 Deus
2694 2301 2874 2357 dictus
2902 2308 3016 2367 est;
3048 2315 3149 2356 nec
3189 2300 3333 2356 enim
3375 2300 3514 2355 scri-

1930 2399 2084 2462 ptum
2113 2400 2235 2448 est:
2288 2410 2307 2442 (
2362 2390 2474 2462 Ego
2498 2390 2641 2445 Deus
2680 2390 2980 2459 Abraham,
3008 2400 3062 2447 et
3105 2394 3280 2459 Isaac,
3332 2400 3387 2447 et
3413 2389 3509 2446 Ja-

1929 2483 2056 2549 cob,
2096 2502 2114 2535 ι
2149 2482 2243 2539 sed
2269 2484 2313 2515 θ’
2344 2502 2357 2536 :
2388 2502 2407 2534 ι
2444 2483 2554 2553 Ego
2575 2499 2694 2539 sum
2731 2483 2875 2538 Deus
2922 2484 3200 2539 Abraham
3222 2525 3236 2551 ,
3268 2492 3323 2538 et
3366 2481 3511 2539 Deus

1928 2575 2099 2641 Isaac,
2128 2583 2183 2631 et
2214 2573 2358 2630 Deus
2383 2573 2571 2640 Jacob,
2610 2594 2629 2627 ι
2669 2585 2723 2630 et
2752 2576 2825 2630 ita
2858 2592 2887 2630 a
2917 2575 3190 2642 Matthzeo,
3220 2585 3275 2632 et
3301 2575 3510 2641 Marco,

1926 2676 1980 2723 ct
2006 2663 2152 2722 Luca
2181 2667 2444 2737 scriptum
2467 2678 2567 2732 est,
2595 2678 2655 2721 ut
2676 2667 2990 2730 lectoribus.
3020 2669 3215 2738 opinor
3236 2709 3251 2733 ,
3286 2683 3512 2739 persua-

1925 2755 2090 2812 deant
2113 2755 2283 2812 Deum
2338 2757 2680 2829 singulorum
2712 2756 2954 2827 ipsorum
2989 2758 3157 2814 Deum
3193 2776 3337 2825 esse,
3367 2762 3510 2816 hanc

1924 2852 2061 2923 ipsis
2091 2852 2420 2924 peculiarem
2473 2852 2688 2907 veniam
2733 2853 3167 2920 coudonantem;
3218 2870 3321 2909 nec
3361 2855 3508 2910 enim

1923 2943 2164 3000 Hebraeis
2218 2944 2426 2999 similes
2459 2953 2636 3010 erant,
2690 2944 3232 3013 utquemadmodum
3261 2945 3503 3011 illorum,

1920 3036 1994 3091 ita
2029 3044 2083 3090 et
2112 3036 2310 3089 horum
2344 3033 2489 3089 Deus
2535 3034 2816 3090 collective
2855 3034 3261 3105 appellaretur;
3308 3036 3374 3091 de
3416 3039 3503 3092 his

1918 3130 2118 3200 quippe
2164 3128 2426 3197 scriptum
2476 3136 2561 3182 est
2588 3127 2675 3178 ⁶³ε
2716 3144 2735 3178 ι
2764 3123 2910 3181 Deus
2952 3123 3305 3181 Hebraeorum
3357 3128 3507 3182 misit

1920 3234 2039 3286 me;
2076 3237 2095 3269 ι
2142 3217 2210 3272 de
2240 3216 2348 3273 illis
2376 3224 2555 3271 autem
2584 3214 2864 3287 sigillatim
2888 3255 2903 3280 ,
2934 3225 2995 3270 ut
3044 3232 3215 3271 unum
3259 3217 3506 3272 Abraha-

1924 3327 2073 3366 mum
2099 3308 2343 3380 ejusdem
2372 3323 2494 3364 esse
2523 3307 2803 3377 dignitatis
2831 3315 2887 3361 et
2909 3307 3067 3377 pretii
3100 3323 3165 3363 ac
3197 3316 3367 3363 totam
3399 3307 3506 3364 Hc-

1923 3405 2195 3461 brazorum
2221 3412 2433 3475 gentem
2460 3401 2628 3473 829
2648 3402 2928 3473 Scriptura
2955 3401 3286 3469 declararet;
3322 3416 3505 3456 auuou

1923 3502 2068 3556 enim
2104 3498 2250 3554 Deus
2283 3512 2436 3567 teque
2462 3495 2608 3552 Deus
2635 3505 2721 3551 est
2764 3495 3055 3550 Abrahami
3097 3509 3164 3550 ac
3209 3493 3354 3548 Deus
3396 3492 3504 3547 He-

1925 3584 2242 3650 brmoruni?
2272 3591 2439 3646 Deum
2472 3591 2602 3644 item
2637 3588 2815 3659 ipsum
2847 3603 2969 3644 esse
3002 3588 3183 3652 Isaac,
3237 3597 3289 3642 et
3334 3586 3506 3642 Deum

1924 3686 2114 3752 Jacob,
2140 3687 2214 3739 ita
2246 3693 2305 3738 ut
2331 3681 2683 3738 Hebraeorum
2709 3679 2852 3736 Deus
2877 3689 2980 3746 est,
3012 3682 3128 3747 pari
3170 3680 3329 3735 modo
3372 3697 3505 3750 pro-

1926 3779 2224 3836 nuntiabis.
2278 3775 2453 3830 Simili
2487 3782 2667 3829 autem
2723 3774 2931 3828 honore
2980 3774 3202 3843 dignum
3254 3773 3500 3827 habitum

1922 3871 2096 3926 fuisse
2122 3868 2294 3923 Eliam
2318 3864 2610 3930 existimo;
2638 3863 2841 3919 idcirco
2884 3872 3079 3933 quarto
3115 3861 3321 3933 Regum
3366 3862 3505 3917 scri-

1920 3974 2075 4035 ptum
2102 3969 2186 4017 est
2214 3959 2303 4012 διε
2340 3977 2360 4007 ι
2403 3956 2546 4011 Deus
2586 3954 2738 4010 Eliaz.
2775 3974 2793 4006 ι
2828 3954 2969 4010 Deus
3021 3970 3151 4025 ergo
3198 3953 3498 4009 Abrahami

1922 4056 2098 4113 solum
2122 4053 2264 4108 Deus
2297 4058 2445 4115 erat;
2495 4047 2748 4103 similiter
2769 4059 2821 4102 et
2856 4049 3030 4113 Isaac,
3056 4055 3111 4101 et
3147 4044 3353 4113 Jacob;
3397 4044 3498 4099 So~

1921 4146 2202 4220 spitatoris
2260 4152 2440 4198 autem
2475 4141 2648 4197 nostri
2688 4140 2782 4211 qui
2836 4139 2970 4209 ipsis
3020 4138 3362 4208 praestantior
3392 4145 3498 4202 est,

1919 4257 2028 4297 non
2052 4237 2195 4294 Deus
2216 4236 2414 4299 solum,
2444 4233 2537 4289 sed
2562 4231 2725 4288 etiam
2745 4231 2903 4284 Pater
2922 4230 3063 4284 Deus
3086 4240 3188 4284 est.
3208 4227 3501 4295 Propterea

223 4319 363 4385 Θεὸς
406 4322 503 4377 καὶ
544 4323 734 4396 Πατὴρ
761 4326 1056 4397 ἐχαρίσατο
1088 4330 1200 4391 τοῖς
1230 4327 1473 4400 γνησίοις
1503 4329 1667 4383 αὑτοῦ
1700 4348 1807 4401 μα-

1927 4340 2064 4388 recte
2086 4329 2161 4384 ait
2188 4325 2486 4397 Apostolus
2516 4324 2560 4356 "
2588 4339 2602 4375 :
2642 4341 2661 4375 ι
2695 4321 3018 4376 Benedictus
3049 4319 3213 4385 Deus,
3244 4327 3300 4375 et
3338 4317 3502 4373 Pater

1436 4446 1669 4504 VETUS
1707 4442 2290 4505 INTERPRETATIO.

225 4550 437 4637 dictum
471 4562 553 4608 est
566 4555 737 4637 'vobis
767 4572 798 4612 a
830 4558 940 4615 Deo
946 4560 986 4637 ’ξ
1010 4560 1124 4637 Ego
1152 4577 1272 4637 sum
1311 4563 1454 4621 Deus
1483 4565 1779 4633 Abraham,
1809 4578 1862 4622 et
1888 4566 2034 4623 Deus
2064 4565 2234 4637 Isaac,
2265 4571 2316 4617 et
2335 4558 2705 4637 DeusJacoh.‘
2714 4555 2832 4612 Non
2858 4565 2940 4612 est
2962 4555 3104 4637 Deus
3131 4563 3497 4637 mortuorum,

223 4622 322 4709 sed
352 4621 497 4678 Deus
520 4627 847 4709 “viventium:
884 4650 903 4682 ι
944 4631 1012 4686 Ει
1040 4621 1128 4709 huic
1158 4635 1394 4690 dicimus
1423 4637 1685 4709 quoniam
1734 4621 1857 4709 cum
1894 4621 2080 4708 posset
2112 4621 2259 4709 mille
2287 4632 2532 4709 exempla
2574 4629 2823 4709 proferre
2872 4628 3500 4709 ostendentia__resurre-

235 4692 481 4782 ctiouem
518 4693 780 4782 futuram,
821 4701 925 4756 hoc
954 4718 1058 4782 non
1091 4703 1319 4782 recite:
1353 4692 1655 4782 prophetis,
1686 4692 2020 4782 sed__tan'tutn
2047 4721 2115 4760 ex
2146 4705 2262 4782 lege
2282 4744 2297 4769 ,
2340 4692 2600 4782 quo-niam
2624 4699 2934 4782 .Sadtluczei
2967 4707 3177 4782 tantum
3207 4696 3499 4782 hiosaicam

221 4761 402 4831 legem
438 4764 708 4846 legebant,
739 4761 805 4847 ex
835 4774 1160 4847 quasoleus
1190 4776 1313 4831 illos
1338 4761 1576 4847 plac'are,
1609 4761 1986 4847 protulitinde
2018 4761 2525 4847 ειεῐηιὶἷυίῐιρᾯευε
2552 4771 2697 4826 enim
2718 4771 2821 4847 qui
2844 4778 2950 4834 est,
2980 4770 3151 4824 dicit:
3182 4770 3352 4847 ¢_lpse
3399 4782 3501 4838 ego
3588 4790 3591 4791 ν

223 4848 351 4915 sum
378 4835 471 4904 qui
495 4852 638 4902 sum,
664 4851 718 4893 et
746 4835 1005 4924 hoc-mihi
1034 4835 1354 4924 nomenesi
1383 4848 1437 4902 in
1471 4835 1882 4919 sempiternum.
1920 4847 2038 4924 »_Si
2096 4835 2437 4924 impossibile
2482 4851 2566 4899 est
2615 4851 2675 4924 ut
2711 4835 2927 4924 dicatur
2972 4854 3178 4924 eorum
3204 4835 3348 4924 Deus
3380 4835 3501 4924 εεεε

221 4904 322 4989 qui
350 4920 461 4960 non
489 4918 730 4989 suntLet
760 4913 808 4989 _si_
840 4912 1311 4989 hocimpossibile
1336 4904 1607 4989 est.ﬁergo‘
1634 4935 1823 4974 eorum
1852 4928 1937 4974 est
1960 4918 2105 4974 Deus
2136 4904 2228 4987 qui
2263 4923 2412 4989 sunt,
2451 4924 2505 4969 et
2551 4913 2645 4989 qui
2695 4914 2903 4989 vivunt,
2929 4920 2994 4989 et
3043 4910 3285 4989 sentiunt
3332 4909 3500 4989 benef

227 4975 425 5058 licium
451 4977 593 5048 ejus.
623 4977 844 5058 Ethvide
870 4985 1011 5058 quia
1031 4975 1140 5058 non
1170 4985 1306 5058 dixit
1332 5006 1344 5041 :
1383 5007 1402 5040 ι
1430 4975 1561 5058 Ego"
1574 5006 1694 5044 sum
1728 4990 1869 5045 Deus
1898 4975 2199 5053 Abraham,
2226 4996 2279 5041 et
2306 4975 2775 5058 Isaac,»et'_Jacob,
2809 4983 2902 5038 sed
2929 4981 3075 5058 D_cus
3109 4979 3405 5058 Abraham,
3444 4986 3500 5033 et

222 5043 376 5131 Deus
411 5043 671 5131 Isaacket
696 5050 837 5131 Deus
861 5043 1156 5131 Jacpb._iln
1175 5055 1283 5111 alio
1314 5043 1509 5113 autem’
1526 5043 1653 5131 loco
1671 5060 1749 5114 sic
1776 5043 1916 5117 dixit
1943 5077 1957 5114 :
1993 5078 2013 5111 ι
2052 5043 2215 5131 Vade,
2242 5066 2295 5111 et
2321 5056 2411 5111 dic
2439 5043 2504 5131 ad
2536 5043 2874 5131 Pharaonem
2905 5070 2919 5106 :
2951 5051 3095 5106 Deus
3146 5043 3501 5131 Hebraeorum

223 5116 381 5204 misit
407 5134 546 5174 me.»
569 5119 673 5186 Qui
690 5124 834 5204 enim
855 5123 1250 5204 perfectissime
1277 5139 1406 5183 sunt
1429 5131 1571 5184 circa
1603 5130 1796 5195 Deum,
1827 5139 2091 5200 quantum
2113 5129 2180 5204 ad
2202 5116 2670 5204 comparationem
2688 5125 2812 5204 dico
2838 5120 3497 5204 caterorutnﬁomij‘lum,

222 5186 445 5274 plenius
472 5198 644 5274 totum
688 5186 892 5274 habent
926 5194 1100 5274 Deum
1160 5196 1214 5251 in
1247 5213 1307 5253 se
1338 5214 1352 5251 :
1387 5186 1812 5274 proptereauon
1843 5186 2274 5274 coiumuniter,_
2303 5186 2397 5252 sed
2453 5196 2801 5274 singulariter
2840 5192 3273 5274 eorum-dicitur
3314 5189 3492 5274 Deus.

227 5254 456 5346 Utputa,
478 5257 525 5316 Si
557 5261 814 5346 dicatur}
842 5266 984 5346 Ager
1018 5267 1107 5346 ille
1132 5283 1325 5323 eorum
1348 5254 1825 5346 est,ostendimus
1855 5254 2003 5342 quod
2037 5254 2633 5346 unusquisque-eorum
2660 5266 2753 5336 qui
2777 5263 3060 5346 possident
3084 5275 3281 5346 agrum
3314 5260 3489 5346 illum,

225 5336 439 5416 partem
465 5332 746 5416 ‘modicam
778 5332 979 5415 habent
1003 5338 1068 5391 de
1095 5353 1182 5402 eo,
1213 5347 1268 5394 et
1295 5354 1405 5416 non
1432 5332 1630 5396 habent
1660 5332 2040 5416 eumin'toto.
2075 5340 2133 5393 Si
2160 5332 2345 5416 autem
2368 5337 2613 5416 dicimus
2633 5332 2895 5416 quoniam
2922 5349 3051 5404 ager
3083 5332 3173 5416 ille
3207 5332 3354 5416 illius
3385 5340 3490 5416 θξῑυ

222 5396 673 5482 demonstramus
703 5404 828 5472 quia
873 5415 1069 5482 totum
1093 5396 1286 5479 agrum
1334 5411 1485 5466 illum
1521 5396 1765 5482 possidet
1794 5413 1902 5468 ille.
1946 5411 2038 5482 Sic
2067 5418 2122 5464 et
2149 5410 2239 5482 ubi
2274 5408 2481 5482 dicitur
2501 5396 2667 5482 peus'
2684 5396 3035 5482 Hebraeorum
3064 5443 3080 5469 ,
3124 5396 3490 5482 _imperl‘ectio

220 5467 635 5557 demonstratur
662 5467 877 5557 etii-um,
904 5467 1164 5557 quoniam
1191 5467 1573 5553 unusquisque
1600 5498 1790 5557 eorum
1839 5481 2043 5557 aliquid
2092 5478 2471 5557 modicum_de
2497 5476 2609 5557 Deo
2640 5477 2930 5557 habebant.
2974 5467 3252 5557 Abraham
3285 5484 3491 5557 autem

222 5545 401 5594 totum
436 5541 671 5598 habebat
700 5541 893 5613 Deum,
924 5541 978 5603 et
1010 5550 1165 5605 Isaac
1194 5541 1371 5609 totuni
1396 5541 1631 5610 habebat
1660 5553 1855 5620 Deum,
1891 5541 1949 5608 εἰ
1975 5550 2145 5606 Jacob
2175 5557 2350 5606 totum
2383 5548 2618 5603 habebat
2637 5546 2828 5613 Deum,
2869 5546 2991 5601 ideo
3042 5562 3151 5601 non
3191 5545 3394 5601 dicitur
3428 5545 3486 5599 in

222 5653 731 5779 ιξΕχοιιΛιῃϐ.
809 5660 1159 5727 οοεωιιηιι.
1234 5666 1570 5735 "ibid.,l5.
1642 5667 1821 5723 “ibid

1930 5664 1983 5721 6.
2055 5665 2106 5699 ⁸³
2134 5663 2311 5720 Exod.
2344 5678 2440 5729 vu,
2470 5662 2557 5719 l6.
2636 5662 2684 5696 “
2708 5662 2777 5719 ιν
2800 5662 2934 5735 Reg.
2964 5678 3025 5732 ιι,
3060 5664 3146 5721 14.
3221 5663 3268 5696 ⁸⁵
3295 5660 3341 5717 ιι
3360 5660 3489 5718 Cor.

226 5889 274 5948 ﬂ
296 5818 410 5947 (ἐξ)
437 5819 545 5947 15ml
579 5822 666 5889 είς
692 5817 867 5877 τοῦτο
900 5821 970 5876 δὲ
988 5823 1287 5896 φήσομεν,
1307 5825 1395 5882 ὅτι
1415 5827 1604 5899 μυρία
1625 5826 1825 5900 δυνάμη

280 5907 311 5947 υ
391 5907 441 5947 tu
478 5930 493 5946 .

1932 5850 1984 5900 ς,
2039 5838 2151 5889 etc.
2188 5828 2427 5889 Hilarius
2459 5845 2582 5888 can.
2612 5829 2685 5886 22
2737 5831 2794 5888 in
2843 5828 3061 5899 Matth.,
3104 5829 3490 5904 Hieronymus.

280 5907 493 5947 υεῐιυε.
