4004 6532
561 398 698 455 159)
1788 400 2108 459 ORIGENIS

2242 399 2657 457 MATTHAEUM
3694 394 3820 448 tene

560 515 777 570 Damini
799 516 972 572 nostri
997 516 1127 574 Iesu
1160 517 1385 574 Christi.
1420 537 1438 571 ι
1473 517 1526 575 Is
1555 527 1733 574 autem
1765 519 2013 576 Christus
2042 521 2132 574 .Ie-

2242 520 2425 589 Βηταῖς
2448 516 2511 570 τὸ
2538 516 2629 570 τὸν
2655 515 2817 570 αὑτὸν
2849 508 2987 569 εἶναι
3009 512 3190 568 αὐτῶν
3218 511 3282 567 οὒ
3313 510 3478 583 μόνον
3504 506 3671 573 Θεὸν,
3698 508 3823 561 ἀλλὰ

556 623 673 675 sus,
710 608 869 679 cuius
902 609 1222 667 benedictus
1248 610 1389 667 Deus
1417 621 1472 667 et
1508 611 1672 667 Pater
1700 619 1823 676 est,
1868 611 1920 665 id
1965 612 2131 667 etiam

2241 610 2332 665 καὶ
2359 608 2611 683 Πατέραο
2643 608 2779 681 φησὶ
2809 608 2919 681 γὰρ
2949 608 3189 672 ἀναστὰς
3211 608 3278 661 ὲκ
3312 602 3527 678 νεκρῶν
3562 601 3708 672 πρὸς
3731 601 3822 671 τὴν

555 699 702 756 veris
726 701 842 757 suis
872 702 1147 757 concessit
1165 702 1468 773 discipulis,
1491 711 1549 758 ut
1572 703 1813 774 ipsorum
1838 717 1946 757 non
1972 702 2135 758 modo

2242 702 2489 775 Μαριάμ·
2514 720 2532 753 ι
2559 703 2651 773 Μή
2678 718 2779 773 μου
2808 700 3001 755 ἅπτουο
3031 698 3183 752 οὕπω
3206 697 3316 770 γάρ
3344 694 3674 766 ἁναῦἐὸηκα
3698 690 3823 762 πρὸς

560 790 726 859 Deus,
759 793 856 847 sed
886 794 1052 849 etiam
1085 793 1246 850 Pater
1271 795 1343 851 sit
1370 813 1385 862 ;
1438 803 1728 866 postquam
1763 792 1908 850 enim
1951 808 2136 849 surre-

2241 795 2330 849 τδν
2371 794 2591 867 Πατέρα
2639 809 2773 865 μου·
2830 790 3062 865 πορεύου
3110 790 3169 844 δὲ
3215 790 3353 862 πρὸς
3380 788 3513 852 τοὺς
3562 784 3822 853 ἀδελφούς

558 884 640 939 xit
671 900 700 939 a
732 887 987 955 mortuis,
1012 886 1195 945 Maria:
1216 890 1351 945 dixit
1377 889 1422 921 “
1451 907 1464 943 :
1497 907 1516 940 ι
1549 886 1671 942 Noli
1728 902 1816 942 me
1874 894 2131 950 tangere:

2243 901 2366 957 μου,
2394 885 2487 939 κοι)⁸
2524 884 2646 938 εἰπὲ
2679 884 2894 948 αὐτοῖς·
2940 882 3243 937 Ἀναϐαίνω
3286 881 3424 952 πρὸς
3475 879 3573 932 τὸν
3610 875 3822 946 Πατέρα

560 978 804 1033 nondum
826 979 970 1033 enim
995 982 1214 1037 ascendi
1245 981 1311 1036 ad
1342 980 1561 1035 Patrem
1585 994 1766 1035 meum
1803 998 1816 1033 :
1859 978 1996 1034 vade
2039 994 2137 1033 au-

2244 988 2369 1047 μου,
2408 975 2504 1030 καὶ
2544 976 2768 1046 Πατέρα
2803 974 2980 1047 ὑμῶν,
3028 974 3122 1028 καὶ
3171 972 3303 1027 Θεὸν
3352 989 3482 1043 μου,
3542 971 3648 1023 καὶ
3700 966 3823 1021 Θεὸν

558 1077 666 1123 tem
702 1070 768 1125 ad
801 1070 996 1127 fratres
1029 1088 1182 1128 meos
1206 1114 1220 1137 ,
1245 1083 1300 1128 et
1325 1072 1412 1128 dic
1450 1072 1572 1127 eis:
1624 1072 1874 1127 Ascendo
1918 1071 1985 1126 ad
2031 1069 2134 1125 Pa-

2240 1069 2448 1140 ὑμῶν.»
2496 1068 2638 1139 Ἐγὼ
2656 1069 2700 1122 δ’
2729 1064 2903 1139 οἶμαι,
2932 1068 3014 1122 ὅτι
3045 1067 3292 1131 manu
3314 1064 3396 1135 τῷ
3420 1061 3704 1135 Ἀϐραὰμ,
3736 1060 3821 1113 καὶ

561 1168 698 1216 trem
739 1177 942 1231 meum,
972 1174 1024 1220 et
1050 1163 1265 1220 Patrem
1294 1177 1568 1233 vestrum;
1614 1163 1785 1220 Deum
1817 1179 2021 1231 meum,
2081 1172 2137 1218 et

2241 1160 2319 1233 τῷ
2372 1161 2579 1227 Ἰσαὰκ,
2623 1162 2719 1216 καὶ
2764 1160 2843 1233 τῷ
2900 1158 3093 1215 Ἰακὼϐ
3136 1157 3453 1230 ἐχαρίσατο,
3490 1156 3585 1209 ἵνα
3636 1151 3822 1225 μηκέτι

560 1251 730 1309 Deum
750 1265 1009 1312 vestrum.
1040 1277 1059 1309 ι
1085 1258 1239 1314 Tunc
1271 1275 1399 1315 vero
1422 1268 1476 1314 et
1494 1244 1831 1326 Abraltamo,
1854 1267 1909 1313 et
1923 1257 2133 1325 Isaaco,

2243 1258 2401 1328 μόνον
2434 1257 2566 1321 Θεὸς
2591 1252 2624 1333 ᾖ
2656 1256 2835 1311 αὐτῶν
2864 1258 2892 1310 ὁ
2924 1256 3077 1320 Θεὸς,
3109 1254 3223 1309 ἀλλ’
3250 1252 3349 1325 ἤδη
3380 1251 3481 1305 καὶ
3510 1250 3729 1319 Πατήρ.
3770 1245 3822 1297 '0

558 1355 613 1402 et
645 1345 848 1404 Jacobo
873 1350 923 1405 id
957 1350 1320 1420 gratiﬁcatum
1353 1352 1532 1421 ipsum
1570 1350 1741 1407 fuisse
1768 1350 2042 1419 existimo,
2076 1358 2135 1406 ut

2241 1353 2295 1406 δὲ
2322 1354 2532 1417 Λουκᾶς
2563 1349 2870 1425 προσέθηκε
2898 1348 3004 1421 τῷο
3035 1367 3053 1400 ι
3079 1348 3194 1402 Οὐκ
3208 1346 3354 1400 ἐστιν
3381 1343 3566 1406 δΘεδς
3595 1339 3731 1403 θεὸς
3743 1354 3822 1390 νε-

560 1454 668 1495 ηοιι
691 1441 925 1510 amplius
957 1456 1147 1497 eorum
1183 1442 1326 1498 Deus
1349 1443 1615 1498 duntaxat
1639 1452 1783 1500 esset
1812 1443 1955 1500 Deus
1979 1484 1994 1509 ,
2042 1444 2135 1499 sed

2245 1444 2415 1517 κρῶν,
2458 1444 2595 1500 ἀλλὰ
2643 1444 2882 1511 ζώντων,
2928 1460 2946 1494 ι
2984 1441 3226 1511 κειμένῳ
3251 1439 3346 1493 καὶ
3378 1434 3541 1509 παρὰ
3566 1432 3822 1499 Marinus

554 1529 666 1600 jam
691 1534 853 1587 etiam
882 1532 1059 1589 Pater.
1084 1534 1164 1588 Ad
1187 1534 1238 1588 id
1265 1550 1394 1591 vero
1415 1536 1460 1567 ⁸⁷
1487 1550 1503 1590 :
1528 1554 1547 1587 ι
1576 1534 1719 1591 Deus
1745 1552 1851 1592 non
1875 1545 1958 1592 est
1985 1552 2135 1592 mor-

2244 1537 2340 1592 καὶ
2378 1536 2612 1610 Μάρκῳ,
2631 1537 2713 1604 τὸ,
2738 1555 2758 1588 ι
2794 1538 3003 1601 Πάντες
3035 1534 3143 1606 γάρ
3164 1531 3311 1602 αὑτῷ
3331 1529 3527 1596 ζῶσιν,
3552 1546 3572 1578 ι
3601 1526 3741 1595 ὅπερ
3764 1521 3824 1591 ἦν

557 1632 798 1689 tuorum,
834 1625 927 1680 sed
957 1626 1203 1681 vivorum
1224 1668 1238 1692 ,
1268 1644 1289 1679 ι
1343 1626 1490 1697 quod
1532 1628 1675 1698 apud
1706 1627 2020 1683 Matthreum
2080 1636 2134 1682 et

2245 1630 2341 1700 οὐχ
2368 1630 2397 1683 6
2427 1629 2605 1701 τυχὼν
2639 1629 2859 1694 ἔπαινος
2881 1627 2990 1684 τῶν
3016 1620 3524 1699 πατριαρχῶν·“ἆτε
3550 1616 3651 1670 τοῦ
3684 1615 3826 1686 τηλι-

556 1714 798 1772 Marcum
828 1717 1011 1772 itidem
1046 1726 1246 1785 exstat,
1281 1717 1413 1773 illud
1434 1718 1599 1773 etiam
1628 1717 2030 1774 addiditLucas
2054 1719 2134 1774 ηε

2245 1720 2439 1775 κούτου
2472 1721 2728 1794 Σωτῆρος
2760 1721 2916 1792 ἡμῶν
2953 1717 3357 1792 μαρτυροῦντος
3398 1714 3614 1775 αὐτοῖς,
3647 1710 3711 1763 οὗ
3741 1706 3826 1778 μὸ-

562 1828 582 1860 σ
617 1806 820 1864 Omnes
847 1808 993 1865 enim
1026 1810 1217 1865 vivunt
1245 1811 1317 1876 ei,
1356 1829 1375 1863 ι
1407 1826 1531 1881 qut?
1554 1810 1773 1881 quidem
1801 1810 2138 1882 patriarcha-

2247 1829 2332 1866 νον
2353 1813 2434 1867 ὅτι
2456 1812 2622 1878 ζῶσιν
2638 1829 2650 1843 ·
2677 1811 2815 1866 ἀλλὰ
2835 1812 2928 1866 καὶ
2953 1812 3037 1865 ὅτι
3053 1809 3081 1863 ὃ
3101 1808 3258 1876 ζῶσι,
3275 1806 3396 1877 Θεῷ
3418 1804 3581 1870 ζῶσι,
3617 1800 3719 1854 καὶ
3737 1798 3828 1851 οὐκ

556 1915 677 1954 rum
729 1901 850 1956 laus
881 1909 997 1957 erat
1026 1917 1135 1957 non
1179 1902 1416 1973 exigua;
1456 1910 1605 1957 tanto
1650 1902 1900 1959 videlicet
1946 1911 2136 1958 nostro

2244 1905 2390 1977 ἄλλῳ
2416 1906 2546 1960 τινι.
2581 1904 2753 1958 Τοῦτο
2774 1904 2834 1958 δὲ
2860 1904 2923 1957 τὸ
2943 1946 2959 1972 ,
2997 1922 3017 1955 ι
3051 1901 3260 1965 Πάντες
3293 1898 3404 1972 γάρ
3432 1894 3587 1965 αὐτῷ
3618 1892 3780 1957 ζῶσι,
3808 1908 3824 1940 ι

558 1989 866 2061 Servatore,
896 2010 1003 2050 non
1031 1994 1179 2067 ipsos
1210 1994 1386 2051 solum
1417 1996 1619 2061 vivere,
1650 1995 1745 2053 sed
1770 1994 2137 2066 quodcunque

2245 1999 2408 2053 καλὸν
2453 1999 2616 2053 παντὶ
2664 1998 2853 2072 τρόπῳ
2897 1999 3089 2052 ἀσκεῖν
3109 2036 3127 2061 ,
3169 1994 3264 2050 καὶ
3308 1993 3457 2065 ἡμᾶς
3506 1983 3826 2042 ἀναλαϐεῖν.

554 2083 719 2140 etiam
746 2085 869 2141 vitae
898 2086 1141 2157 ipsorum
1166 2098 1269 2153 est,
1304 2089 1435 2153 Deo,
1468 2104 1567 2144 nec
1593 2089 1684 2143 alii
1732 2088 1989 2159 cuiquam
2034 2086 2135 2141 du-

2248 2092 2331 2146 ῐνα
2376 2091 2578 2156 πάντες
2632 2090 2822 2164 μηδενὶ
2852 2090 3016 2161 άλλῳ,
3061 2090 3095 2162 ἢ
3145 2087 3224 2160 τῷ
3278 2085 3399 2156 Θεῷ
3459 2082 3728 2155 ζήσωμεν
3776 2077 3829 2128 ἐν

553 2192 678 2233 cere
700 2179 1043 2236 testificante.
1073 2180 1207 2237 illud
1237 2195 1366 2238 vero
1411 2197 1425 2235 :
1464 2200 1484 2234 ι
1521 2179 1726 2237 Omnes
1757 2181 1901 2237 enim
1942 2180 2134 2235 vivunt

2248 2183 2480 2256 Χριστῷ-
2528 2182 2640 2256 Τὴν
2681 2182 2741 2238 δὲ
2780 2184 2839 2236 ὲν
2885 2179 3222 2254 βραχυλογίᾳ
3267 2172 3578 2240 ἀπόδειξιν,
3612 2173 3684 2225 ἐκ
3728 2165 3829 2220 τῶν

552 2271 625 2335 ei,
661 2290 679 2323 ι
712 2271 861 2327 omni
898 2274 1063 2329 modo
1085 2288 1193 2329 non
1225 2288 1480 2331 exercere
1516 2288 1581 2329 ac
1612 2281 2002 2345 re'przesentare
2034 2272 2133 2327 de-

2247 2277 2520 2341 Μωῦσὲως
2546 2275 2913 2349 γραμμάτων,
2948 2278 3060 2339 τοῖς
3100 2273 3234 2346 μόνα
3284 2271 3469 2363 ἐκεῖνα

552 2373 659 2430 cet,
703 2372 765 2420 ut
814 2380 921 2421 non
953 2367 1043 2421 alii
1076 2368 1354 2438 cuiquam,
1407 2384 1571 2439 quam
1630 2367 1774 2433 Deo,
1814 2366 1868 2421 in
1909 2364 2132 2421 Christo

2249 2366 2426 2437 μένοις
2448 2366 2525 2432 ὼς
2554 2366 2674 2422 Oeta
2694 2366 2824 2439 napi.
2846 2364 2941 2419 τοῦ
2970 2364 3070 2436 ζῇν
3084 2364 3212 2427 τοὺς
3227 2359 3594 2431 πατριάρχας,
3618 2374 3641 2406 ε
3668 2353 3830 2405 ἀκού-

552 2466 746 2510 omnes
778 2456 1044 2511 vivamus.
1102 2454 1256 2512 Hanc
1288 2466 1471 2512 autem
1523 2472 1644 2528 quae
1694 2455 2131 2527 patriarcharum

2246 2475 2435 2526 σαντες
2463 2461 2515 2515 οἱ
2544 2460 2689 2533 δχλοι
2724 2459 3138 2532 ἐξεπλήσσοντο,
3163 2477 3181 2510 ι
3202 2457 3303 2528 τὴν
3320 2453 3541 2525 διδαχὴν
3562 2446 3827 2518 ἀποδεχό-

552 2541 719 2597 vitam
752 2545 1033 2601 astruebat
1070 2544 1590 2603 demonstrationem
1612 2587 1627 2613 ,
1662 2545 1853 2618 paucis
1882 2559 2133 2615 compre-

2247 2566 2394 2621 μενοι
2433 2549 2528 2604 τοῦ
2560 2550 2815 2621 Σωτῆρος
2842 2548 3181 2619 σοφωτάτην,
3226 2545 3321 2599 καὶ
3362 2539 3679 2613 δυναμένην
3706 2537 3828 2599 τοὺς

554 2634 783 2690 hensam
809 2636 1011 2704 verbis,
1045 2645 1100 2693 et
1132 2652 1196 2693 ex
1227 2637 1430 2711 Moysis
1466 2639 1686 2711 scriptis
1719 2654 1910 2695 eorum
1960 2639 2133 2710 gratia

1966 2639 2133 2710 gratia
2163 2635 2205 2694 C
2237 2640 2545 2707 δυσπίστως
2579 2640 2801 2714 ἔχοντας
2835 2640 3166 2713 ἐπιστρέψαι
3200 2636 3337 2710 πρὸς
3364 2634 3547 2689 αὐτόν.

553 2727 932 2801 depromptam
975 2734 1071 2804 qui
1110 2734 1226 2791 sola
1262 2735 1353 2791 illa
1394 2745 1655 2808 tanquam
1710 2737 1897 2794 divina
1952 2737 2333 2805 admittebant,
2380 2758 2401 2792 ι
2459 2739 2747 2796 audientes
2801 2739 2977 2795 turba:
3012 2736 3354 2792 mirabantur
3381 2733 3426 2765 ⁸³
3450 2773 3465 2797 ,
3507 2750 3529 2783 ι
3568 2731 3824 2802 Sospita-

552 2825 689 2881 toris
713 2825 974 2885 doctrina:
996 2831 1375 2901 assentientes,
1408 2840 1573 2905 atque
1611 2833 1741 2891 huic
1765 2833 1987 2906 quidem
2036 2834 2477 2906 sapientissimae,
2529 2850 2764 2908 qumque
2805 2850 3000 2907 parum
3053 2833 3153 2905 ipsi
3203 2831 3457 2889 credulos
3496 2831 3819 2895 conciliare,

552 2917 620 2975 ad
646 2934 881 2992 eumque
910 2932 1226 2981 convertere
1250 2934 1455 2995 posset.

1784 3083 2018 3143 VETUS
2056 3083 2641 3140 INTERPRETATIO.

552 3234 963 3301 communione,
1015 3235 1162 3293 Deus
1182 3252 1374 3320 eorum
1405 3258 1420 3294 :
1453 3237 1723 3321 sedODeus
1751 3240 2050 3305 Abraham,
2086 3237 2518 3322 etDeuslsaac,
2581 3246 2636 3293 et
2683 3236 2826 3293 Deus
2855 3234 3026 3293 Iacob
3063 3252 3077 3289 τ
3122 3235 3289 3360 guasi
3353 3233 3556 3307 singuli
3615 3252 3805 3291 eorum

552 3311 725 3356 tritum
757 3306 991 3359 habeant
1030 3306 1224 3360 Deum.
1264 3307 1355 3360 Sic
1375 3317 1428 3360 et
1457 3309 1585 3360 allbl
1612 3310 1813 3360 dicitur
1846 3330 1865 3360 ι
1904 3308 2045 3360 Deus
2081 3309 2230 3360 Elim.
2266 3330 2285 3360 ι
2319 3311 2519 3360 (Σιιτιδιι
2554 3318 2736 3360 autem
2768 3319 2820 3360 et
2857 3307 3003 3360 Deus
3045 3315 3100 3360 et
3168 3317 3285 3360 ater
3310 3317 3416 3360 est.
3446 3307 3609 3360 ουυά
3645 3309 3805 3360 bene-

552 3311 725 3389 tntum
757 3306 991 3389 habeant
1030 3306 1428 3389 Deum.__Sic_et
1457 3309 1585 3389 alibi
1612 3310 1813 3389 dicitur
1846 3330 1865 3361 ι
1886 3308 2045 3389 _Dens
2080 3309 2230 3365 Elian.
2266 3330 2286 3389 ι
2319 3310 2519 3389 Christi
2554 3318 2736 3389 autem
2768 3319 2820 3364 et
2857 3307 3016 3389 Deus_
3045 3306 3416 3389 et_Patet;e_sl-
3446 3306 3621 3389 090d
3645 3309 3810 3389 bene;

551 3372 737 3450 licium
760 3374 1033 3450 singulare
1060 3377 1283 3432 donavit
1305 3379 1473 3433 etiam
1504 3379 1790 3450 discipulis
1816 3381 1953 3450 suis,
1979 3389 2038 3434 ut
2066 3397 2174 3435 non
2208 3382 2386 3437 solum
2421 3380 2563 3435 Deus
2586 3381 2659 3437 sit
2688 3394 2902 3450 eorum,
2925 3379 3019 3450 sed
3048 3380 3214 3450 etiam
3264 3376 3445 3450 Pater.
3478 3372 3628 3433 sicut
3670 3377 3801 3433 dicit

550 3442 619 3495 ad
641 3441 875 3516 hlariani
903 3455 1026 3515 post
1067 3450 1525 3503 resurrectionem
1575 3441 1733 3505 suam
1768 3466 1782 3502 :
1818 3470 1836 3502 ι
1874 3441 2020 3506 Vade
2055 3451 2122 3506 ad
2153 3452 2349 3507 fratres
2383 3466 2557 3516 mens,
2593 3459 2649 3505 et
2679 3450 2768 3506 dic
2794 3441 2919 3505 eis:
2946 3449 3199 3503 Ascendo
3243 3449 3310 3503 ad
3353 3447 3570 3503 Patrem
3600 3464 3797 3511 meum,

552 3511 1230 3588 et_Patrem‘v'esti-um,ad
1266 3518 1434 3573 Deum
1471 3535 1675 3585 meum,
1702 3531 1756 3574 et
1778 3523 1845 3576 ad
1877 3521 2044 3575 Deum
2069 3532 2332 3577 vestrum.
2374 3541 2392 3574 ι
2430 3511 2606 3577 Lucas
2637 3530 2818 3576 autem
2854 3520 2959 3575 hoc
3013 3519 3220 3574 addidit
3280 3519 3520 3588 amplius
3571 3519 3798 3574 dicens:

559 3598 581 3633 ι
609 3579 727 3661 Non
744 3592 829 3661 est
852 3584 994 3640 Deus
1020 3579 1381 3661 mortuorum,
1411 3590 1505 3644 sed
1535 3579 1805 3645 vivorum.
1845 3610 1864 3644 ι
1902 3590 2107 3648 Omnes
2130 3593 2277 3647 enim
2305 3594 2351 3647 ei
2381 3593 2592 3658 vivunt,
2626 3592 2771 3661 quod
2800 3606 2907 3645 non
2940 3590 3006 3644 ad
3032 3591 3303 3645 modicam
3334 3579 3557 3643 laudem
3591 3589 3805 3661 respicit

554 3653 994 3734 patriarcharum
1019 3658 1111 3726 qui
1139 3674 1244 3734 non
1269 3660 1445 3734 solum
1479 3661 1750 3728 vivebant,
1782 3662 1878 3718 sed
1906 3661 2017 3718 Deo
2053 3664 2309 3719 vivebant
2335 3667 2482 3734 quod
2522 3653 2797 3726 vivebant,
2823 3671 2877 3717 et
2904 3662 3111 3717 nemini
3136 3661 3316 3726 alteri,
3348 3669 3409 3715 ut
3449 3676 3556 3716 nos
3591 3653 3809 3716 festine-

554 3737 678 3778 mus
705 3725 911 3780 nemini
943 3725 1148 3796 vivere,
1178 3730 1284 3785 nisi
1321 3728 1450 3786 Deo.
1532 3754 1543 3762 -

656 3878 881 3937 “Joan.
921 3898 1013 3949 xx,
1044 3882 1131 3939 l7.
1241 3885 1287 3917 ⁸⁷
1320 3885 1512 3942 Matth.
1554 3903 1693 3956 ult,
1718 3888 1811 3957 32;
1844 3888 2012 3946 Marc.
2046 3905 2148 3956 xu,
2181 3888 2272 3947 27.
2372 3890 2417 3922 ⁸⁸
2456 3889 2592 3946 Luc.
2623 3906 2713 3958 xx,
2739 3889 2825 3945 58.
2905 3890 2948 3921 ⁸⁵
2974 3886 3163 3943 Matth.
3198 3904 3334 3953 xxii,
3365 3888 3457 3942 55.

1849 4231 2017 4305 ⁸³⁰
2038 4254 2530 4370 SERIES

544 4456 893 4536 VETERIS
929 4475 1720 4539 INTERPRETATIONIS
1760 4477 2537 4541 COMMENTARIOBUM
2581 4477 2960 4541 ORIGENIS
3009 4478 3094 4539 1N
3149 4478 3642 4541 MATTHEUM
3670 4475 3801 4559 (π).

616 4785 749 4842 LIu
773 4787 869 4843 illo
906 4797 1152 4860 tempore,
1183 4791 1456 4847 audientes
1486 4802 1663 4847 autem
1691 4794 1951 4850 Pharistei
1980 4800 2118 4869 quod
2154 4806 2197 4861 D
2227 4808 2454 4855 strasset
2468 4799 2604 4871 legis
2619 4797 2887 4868 exetnplo,
2902 4795 3527 4864 sicutdixitMatthaeus,
3544 4795 3802 4851 silentium

545 4881 812 4936 silentium
839 4881 1174 4951 imposuisset
1206 4882 1362 4938 Iesus
1398 4883 1742 4955 Sadducwis,
1778 4899 2125 4945 convenerunt
2238 4891 2550 4948 Sadducaeis
2578 4891 2839 4962 imposuit
2876 4888 3036 4946 Jesus
3066 4907 3081 4944 :
3111 4891 3302 4946 volens
3328 4890 3659 4951 ostendere,
3688 4902 3803 4957 quo-

544 4976 601 5029 iu
639 4990 797 5029 unum
819 5015 834 5041 ,
866 4984 915 5030 et
957 4976 1298 5047 interrogavit
1331 4995 1466 5032 unus
1495 4995 1560 5033 ea:
1597 4980 1672 5035 eis
1708 4989 1917 5035 tentans
1961 4999 2079 5037 eum
2100 4998 2121 5038 :
2232 4987 2379 5042 niam
2413 5000 2656 5039 amaram
2683 4994 2737 5040 et
2767 4988 3017 5044 nocivam
3049 4984 3318 5041 mendacii
3345 4997 3538 5037 vocem
3572 4981 3805 5037 obmute~

547 5065 805 5137 Magister
825 5109 840 5133 ,
872 5067 1013 5139 quod
1048 5077 1127 5122 est
1160 5068 1337 5139 majus
1367 5072 1682 5127 mandatum
1727 5074 1782 5128 in
1822 5074 1931 5146 lege
1955 5078 1980 5132 ?
2007 5075 2129 5147 Ipse
2232 5092 2384 5133 scere
2400 5075 2770 5132 fecitclaritas
2788 5075 3222 5134 veritatis.Sicut
3238 5089 3369 5144 ergo
3383 5071 3639 5127 Salvator
3654 5068 3803 5125 verbo

545 5171 718 5214 autem
735 5161 871 5240 dixit
888 5163 961 5216 eis
979 5176 998 5214 :
1023 5160 1226 5232 Diliges
1254 5160 1539 5217 Dominum
1569 5164 1734 5219 Deum
1762 5176 1909 5221 tuum
1926 5185 1990 5222 ea:
2017 5179 2127 5223 toto
2230 5169 2617 5225 doctrinaesua
2630 5165 3606 5240 silentiumimposnitSadducaais,et
3622 5164 3800 5218 falsum

544 5254 699 5304 corde
719 5238 834 5315 tuo,
860 5261 910 5306 et
944 5268 1008 5306 ea:
1036 5263 1149 5306 tota
1186 5253 1367 5308 anima
1392 5266 1503 5323 tua,
1528 5265 1577 5311 et
1598 5273 1663 5311 ex
1685 5267 1794 5313 tota
1818 5270 1986 5316 mente
2010 5271 2121 5317 tua.
2234 5262 2429 5333 dogma
2455 5303 2469 5327 ,
2501 5263 2645 5333 quod
2673 5264 2814 5333 apud
2845 5264 2965 5319 illos
2998 5238 3196 5317 veritas
3218 5258 3519 5330 putabatur
3542 5297 3559 5323 ,
3583 5255 3801 5312 convicit

544 5340 660 5395 lloc
692 5352 771 5396 est
796 5345 1121 5413 maximum,
1148 5357 1198 5402 et
1219 5350 1450 5418 primum
1477 5348 1789 5405 mandatum
1818 5352 1889 5416 το,
1911 5362 1965 5408 et
1992 5353 2125 5409 reli-
2233 5354 2559 5411 tidncialiter
2583 5374 2597 5412 :
2619 5356 2700 5411 sic
2727 5354 2926 5412 facient
2944 5364 2997 5410 et
3012 5352 3214 5409 Christi
3232 5346 3800 5416 imitatoresexemplis

544 5446 669 5500 qua.
712 5433 849 5489 Cum
883 5435 1147 5495 Dominus
1175 5441 1240 5495 ad
1272 5440 1755 5513 interrogationem
1787 5443 2120 5502 Sadducaeo-
2232 5448 2659 5518 Scripturarum,
2692 5448 2893 5522 quibus
2918 5454 3132 5519 oportet
3158 5445 3463 5502 secundum
3499 5456 3682 5499 sanam
3715 5441 3792 5493 (Ιυο

543 5540 666 5580 rum
699 5542 820 5583 esse
847 5533 1300 5590 resurrectionem
1332 5535 1522 5592 audire
1550 5538 1862 5596 nolentibus
1888 5541 2121 5597 demon-
2229 5543 2463 5601 ctrinam
2505 5558 2721 5600 omnem
2756 5557 2946 5599 vocem
2983 5541 3361 5597 obmutescere
3385 5535 3682 5594 Pharaonis
3702 5571 3720 5602 ,
3745 5531 3787 5583 iu

614 5682 665 5716 ’⁸
707 5683 899 5741 Matth.
945 5704 1083 5757 uti,
1124 5690 1216 5758 δι,
1260 5692 1353 5762 ⁸55,
1401 5693 1489 5760 56,
1526 5693 1621 5763 57,
1667 5693 1765 5753 38.

614 5836 729 5905 (77)
757 5840 843 5898 Al.
886 5848 1044 5899 tract.
1085 5842 1278 5902 XXIII.
