4004 6534
164 405 301 460 ll‘iOl

1315 401 1974 463 COMMENTARIORUM
2017 401 2283 458 SERIES.

3299 407 3442 461 16C!

155 539 274 592 qua
308 522 546 594 glorians
581 521 710 576 dicit
738 521 780 554 ⁷¹
813 540 826 576 :
865 520 985 576 Mea
1012 534 1136 578 sunt
1177 524 1434 592 ﬂumina,
1466 535 1514 578 et
1538 541 1629 594 ego
1655 524 1755 592 [cci
1786 532 1833 586 Α
1863 529 1967 585 est,
1992 517 2362 588 etdiscipulus
2378 514 2625 588 magistri
2641 515 3041 588 suidiscipulus
3059 529 3162 575 est.
3182 517 3444 591 PrOptcr-

154 631 223 667 ea
245 654 262 679 ,
294 616 437 670 sicut
465 617 728 682 scriptum
755 623 836 668 est
861 612 1004 684 apud
1046 612 1408 670 Ezechielcm.
1463 614 1752 670 Sadducasi

155 721 299 777 ergo
331 706 424 778 qui
453 706 642 761 dicunt
669 706 1123 760 resurrectionem
1147 721 1256 762 non
1278 723 1420 775 esse,
1452 708 1754 779 interroga-

155 808 369 854 verunt
397 799 731 855 Salvatorem
756 817 816 857 ea
842 816 963 871 quae
985 800 1187 870 scripta
1210 808 1357 864 sunt,
1380 799 1755 856 existimantes

159 891 450 946 silentium
487 893 768 961 imponere
803 894 873 948 ei.
923 892 1030 948 Sed
1073 909 1171 949 nec
1206 893 1388 962 Jesus,
1423 911 1524 951 nec
1570 895 1754 951 dilecti

162 985 430 1054 discipuli
487 983 607 1054 ejus
653 984 949 1055 aliquando
1005 987 1366 1042 obstruuutur
1422 989 1491 1043 ab
1547 989 1750 1060 impiis.

162 1077 466 1148 Proprium
530 1089 614 1134 est
653 1081 797 1133 enim
838 1087 898 1132 ut
946 1077 1260 1136 Sadducazis
1325 1083 1598 1138 silentium
1649 1085 1756 1138 im-

169 1179 415 1237 ponatur
475 1185 505 1224 a
572 1168 810 1224 Christo.
871 1169 1060 1227 Justus
1125 1175 1270 1228 enim
1338 1185 1477 1230 tacet
1533 1177 1756 1246 quidem

165 1261 357 1316 sciens
399 1271 600 1331 tempus
640 1263 884 1330 tacendi,
924 1274 974 1318 et
1017 1274 1218 1336 tempus
1252 1267 1498 1337 loquendi
1528 1271 1592 1335 ⁷⁸,
1648 1286 1754 1326 non

161 1361 358 1406 autem
413 1353 760 1408 obmutescit.
817 1353 885 1409 Et
941 1355 1084 1411 sicut
1151 1361 1429 1429 proprium
1492 1372 1574 1417 est
1620 1363 1757 1433 justi

165 1450 358 1498 tacere
378 1484 393 1509 ,
423 1459 530 1497 non
571 1454 750 1498 autem
781 1445 1159 1502 obmutescere
1197 1467 1210 1503 :
1244 1451 1322 1504 sic
1364 1452 1644 1521 preprium
1676 1463 1760 1509 est

167 1534 606 1593 Sadducaaorum
625 1581 639 1604 ,
665 1540 750 1593 vel
777 1542 1022 1596 omnium
1051 1543 1143 1614 qui
1175 1545 1441 1600 mendacii
1475 1556 1604 1601 sunt
1631 1548 1760 1603 doc-

167 1640 346 1695 tores,
375 1632 752 1688 obmutescere
782 1633 1024 1704 quidem,
1051 1651 1158 1690 non
1187 1650 1368 1694 autem
1398 1647 1596 1695 tacere.
1622 1639 1756 1696 Nam

167 1723 276 1776 etsi
297 1722 687 1782 obmutescunt
706 1735 970 1796 quantum
995 1727 1060 1782 ad
1077 1743 1213 1792 rem,
1230 1743 1338 1783 non
1356 1739 1535 1785 tamen
1554 1740 1754 1788 tacent.

169 1812 303 1866 ideo
327 1823 380 1867 et
409 1812 674 1871 Dominus
705 1832 815 1872 non
840 1817 1046 1872 homini
1070 1819 1231 1886 dixit,
1263 1820 1357 1876 sed
1391 1821 1528 1876 mari
1554 1841 1566 1876 :
1599 1822 1756 1890 Tace,

1861 627 1926 668 ea
1966 626 2129 667 nemo
2162 620 2340 681 potest
2379 609 2560 667 dicere
2607 611 2777 676 bene,
2812 613 3100 682 magister,
3133 613 3240 670 nisi
3273 614 3443 671 disci-

1862 703 2046 774 pulos.
2079 701 2145 758 Et
2170 702 2292 758 vide
2322 701 2431 757 nisi
2453 713 2674 772 propter
2702 705 2807 759 hoc
2831 705 2958 774 quia
2985 719 3094 759 non
3122 721 3313 762 omnes
3345 708 3440 778 qui

1862 795 2052 850 dicunt
2075 810 2198 849 eum
2232 796 2574 865 magistrum,
2603 797 2742 853 bene
2765 795 2992 862 dicunt,
3018 797 3109 851 sed
3138 797 3192 852 hi
3217 799 3318 853 soli
3346 803 3442 869 qui

1864 886 2064 940 habent
2090 886 2335 941 discendi
2364 887 2697 943 voluntatem
2725 888 2793 943 ab
2821 903 2908 952 eo,
2933 887 3148 942 dicebat
3184 888 3249 942 ad
3277 889 3445 944 disci-

1864 974 2019 1042 pulos
2051 989 2181 1029 suos
2209 975 2254 1005 ⁷⁸
2281 993 2293 1028 :
2342 974 2442 1030 Vos
2470 978 2666 1031 vocatis
2697 995 2775 1031 me
2807 976 3146 1048 Magistrum,
3178 988 3226 1032 et
3255 978 3445 1033 Domi-

1865 1079 2010 1129 num,
2041 1072 2091 1116 et
2128 1063 2253 1117 bene
2291 1064 2514 1120 dicitis:
2549 1083 2667 1121 sum
2699 1067 2908 1122 etenim.
2945 1065 3089 1122 Bene
3119 1083 3249 1138 ergo
3277 1068 3445 1124 disci-

1865 1155 1977 1225 puli
2009 1155 2213 1210 Christi
2256 1166 2456 1211 vocant
2495 1175 2619 1213 eum
2664 1159 3024 1230 magistrum,
3067 1173 3120 1216 et
3146 1162 3446 1217 servientes

1864 1247 2030 1302 verbo
2048 1247 2217 1317 ipsius
2235 1248 2371 1304 bene
2385 1251 2545 1321 831
2570 1253 2720 1306 illum
2744 1252 3030 1308 Dominum
3055 1263 3272 1309 vocant.
3295 1252 3447 1309 Unde

1867 1339 2001 1393 bene
2030 1339 2246 1395 dicebat
2275 1339 2571 1410 Apostouis
2595 1344 2660 1397 "’9:
2699 1342 2866 1397 Nobis
2898 1353 3072 1398 autem
3097 1361 3232 1399 unus
3262 1344 3449 1398 Domi-

1865 1447 1962 1484 nus
1981 1429 2138 1487 Jesus
2157 1431 2424 1501 Christus,
2446 1451 2538 1504 per
2561 1452 2712 1506 quem
2730 1437 2930 1500 omnia,
2947 1447 2995 1491 et
3022 1454 3114 1490 nos
3135 1454 3227 1506 per
3249 1438 3442 1506 ipsum.

1865 1522 1931 1578 Et
1964 1525 2092 1578 illud
2114 1525 2397 1580 considera
2428 1513 2573 1596 quod
2591 1528 2722 1582 ait“o
2756 1547 2768 1582 :
2802 1527 2950 1582 Satis
2976 1537 3053 1581 est
3081 1529 3362 1598 discipulo,
3389 1540 3445 1584 ut

1864 1613 1961 1681 ﬁat
1984 1628 2091 1667 non
2113 1613 2438 1684 simpliciter
2454 1616 2595 1670 sicut
2622 1620 2900 1688 magister,
2924 1617 3017 1671 sed
3039 1618 3174 1671 sicut
3197 1619 3449 1687 magister

1866 1705 1999 1774 ejus.
2038 1704 2095 1760 Si
2135 1706 2258 1776 quis
2302 1722 2432 1777 ergo
2473 1708 2675 1778 aliquis
2705 1724 2815 1762 non
2855 1708 3016 1764 discit
3044 1724 3076 1763 a
3112 1707 3316 1776 Verbo,
3346 1724 3447 1764 nec

1870 1795 2033 1850 tradit
2064 1811 2121 1850 se
2147 1811 2212 1850 ex
2248 1805 2360 1850 toto
2384 1797 2568 1851 animo
2597 1813 2717 1864 suo,
2747 1807 2807 1852 nt
2832 1799 2924 1854 liat
2952 1799 3148 1854 dilecta
3183 1799 3446 1869 plantatio

165 1915 216 1958 ει
249 1906 553 1961 obmumce
575 1908 642 1974 τε,
670 1909 957 1980 increpans
984 1911 1114 1966 illud
1146 1928 1271 1968 cum
1299 1913 1631 1970 turbarum.
1664 1886 1764 1971 Ta;
1796 1930 1834 1984 Β
1866 1886 2016 1955 ejus,
2049 1887 2180 1942 dicit
2206 1897 2387 1944 autem
2429 1890 2478 1944 ei
2507 1908 2520 1944 :
2558 1890 2832 1961 Magister,
2870 1890 3041 1948 frater
3067 1901 3149 1946 est
3189 1890 3446 1948 Pharisaei

170 2015 301 2055 men
336 1999 593 2056 Pharisaei
638 2003 730 2072 qui
757 2005 1214 2062 resurrectionem
1243 2009 1630 2076 consentiunt,
1661 2027 1760 2065 au-

168 2093 390 2151 dientes
413 2096 560 2165 quod
600 2098 876 2153 silentium
910 2099 1172 2171 imposuit
1199 2100 1530 2167 Sadduczeis.
1561 2120 1755 2160 conve-

170 2197 377 2244 nerunt
416 2189 471 2243 in
516 2205 685 2245 unum
713 2231 729 2258 ,
758 2192 1011 2250 videlicet
1052 2197 1469 2252 resurrectionis
1508 2197 1760 2267 dogmate

167 2283 536 2352 prievalente,
568 2296 622 2342 et
660 2289 969 2358 congregati
1011 2299 1139 2344 sunt
1177 2290 1270 2359 qui
1316 2305 1421 2346 non
1463 2305 1760 2362 congrega-

170 2378 381 2435 bantur
416 2382 658 2451 quandiu
689 2382 1004 2440 Sadducaeis
1049 2384 1325 2440 silentium
1364 2401 1472 2440 non
1514 2387 1760 2456 impone-

171 2481 347 2527 retur.
376 2471 746 2531 Nihilominus
781 2485 960 2531 tamen
1005 2487 1060 2532 et
1101 2477 1146 2532 si
1187 2479 1501 2549 congregati
1532 2478 1756 2546 fuerint,

170 2573 464 2636 pmpterea
487 2567 633 2637 quod
655 2569 829 2623 tenuit
849 2570 1266 2624 resurrectionis
1286 2571 1558 2640 probatio,
1578 2581 1758 2627 tamen

173 2675 324 2715 unus
353 2676 419 2715 ex
440 2660 518 2716 eis
542 2661 918 2734 interrogavit,
946 2680 1055 2720 non
1085 2666 1243 2737 quasi
1277 2667 1465 2722 volens
1496 2667 1565 2723 ab
1589 2682 1655 2723 eo
1683 2666 1761 2722 di-

171 2766 332 2806 scere
351 2767 472 2822 quae
486 2753 873 2825 interrogabat,
900 2757 996 2813 sed
1019 2766 1235 2814 tentans
1252 2757 1542 2814 Dominum
1565 2760 1757 2815 Deum.

173 2843 414 2900 Omnem
444 2862 577 2918 ergo
605 2848 882 2904 hominem
909 2849 1000 2920 qui
1035 2865 1144 2904 non
1171 2849 1414 2905 discendi
1437 2851 1632 2920 gratia,
1662 2851 1757 2906 sed

173 2938 425 2993 tentandi
462 2955 652 3007 causa,
685 2956 862 3011 neque
879 2957 944 2996 ex
967 2940 1162 2996 affectu
1197 2941 1431 3011 simplici
1455 2942 1754 3012 interrogat

169 3034 414 3104 aliquem
446 3033 730 3088 doctorum
759 3034 824 3088 de
849 3035 1218 3104 qualicunque
1243 3034 1484 3104 capitulo
1509 3077 1524 3102 ,
1561 3037 1757 3091 existi-

171 3143 330 3184 mare
362 3127 628 3184 debemus
658 3125 880 3181 fratrem
909 3125 1166 3182 Pharisaei
1194 3126 1340 3182 illius
1377 3127 1470 3198 qui
1509 3127 1756 3183 Salvato-

171 3231 290 3270 rem
323 3215 748 3286 interrogatione
785 3231 886 3271 sua
908 3216 1172 3271 tentabat.
1216 3213 1414 3272 Omnia
1449 3218 1594 3273 enim
1636 3235 1758 3289 quae

171 3309 313 3363 fiunt
338 3309 392 3362 in
426 3317 649 3363 sanctos
666 3307 870 3364 Christi
897 3309 1011 3364 sive
1039 3309 1108 3363 ab
1129 3309 1563 3376 insidiatoribus,
1583 3312 1696 3366 sive
1728 3329 1757 3367 a
1788 3301 1830 3360 C

173 3402 554 3473 diligentibus,
581 3402 634 3456 in
679 3417 738 3457 se
785 3402 1328 3472 suscipituniversa:
1362 3403 1664 3459 secundum
1694 3421 1757 3460 ea

171 3497 322 3550 enim
362 3511 482 3567 quae
515 3495 718 3566 scripta
746 3504 896 3560 sunt,
932 3504 1165 3551 tractare
1187 3495 1449 3550 debemus
1480 3504 1535 3550 ct
1555 3511 1616 3551 ea
1638 3513 1760 3566 quae

174 3591 382 3659 scripta
424 3603 533 3643 non
579 3597 727 3644 sunt.
761 3588 1037 3660 Scriptum
1077 3600 1160 3644 est
1197 3587 1344 3642 enim
1385 3600 1608 3659 propter
1635 3607 1760 3646 esu-

169 3679 379 3734 rientes
406 3692 461 3736 et
490 3683 737 3739 sitientes
766 3700 891 3738 eum
914 3684 1114 3741 dixisse
1151 3705 1163 3741 :
1191 3677 1391 3750 Esurii,
1422 3696 1477 3741 et
1503 3704 1515 3738 :
1543 3685 1652 3739 sitii
1677 3685 1768 3743 7‘:

170 3781 222 3825 et
265 3782 492 3843 propter
523 3777 732 3841 nudos,
765 3785 820 3831 et
848 3779 1189 3849 peregrinos,
1222 3789 1277 3834 et
1311 3788 1640 3850 aegrotantes
1662 3821 1676 3844 ,
1713 3788 1771 3838 et

173 3863 228 3918 in
270 3879 490 3921 carcere
519 3868 724 3936 positos
758 3885 770 3921 :
813 3868 999 3924 Nudus
1029 3872 1139 3940 fui;
1169 3880 1225 3926 et
1265 3888 1276 3924 :
1310 3872 1492 3942 hospes
1519 3872 1636 3944 fui;
1666 3879 1722 3926 et
1752 3887 1767 3926 :

174 3957 421 4025 inﬁrmus
463 3960 576 4030 fui;
607 3970 661 4015 ct
691 3979 703 4014 :
733 3963 787 4015 in
831 3980 1039 4018 carcere
1079 3964 1156 4035 fui
1187 3965 1254 4020 ⁷⁵.
1295 3963 1604 4041 Secundum
1635 3977 1772 4018 con-

172 4048 521 4119 sequentiam
559 4048 936 4104 similitudinis
970 4049 1239 4104 addamus
1267 4058 1321 4104 et
1347 4065 1447 4105 nos
1481 4068 1493 4104 :
1527 4050 1758 4118 lujurias

173 4153 377 4209 passus
399 4154 546 4204 sum,
569 4152 742 4194 caesus
773 4153 925 4204 sum,
954 4148 1008 4193 et
1033 4148 1272 4195 tentatus
1301 4155 1445 4205 sum,
1475 4148 1529 4194 et
1551 4139 1756 4194 omnia.

174 4231 242 4288 Et
275 4234 419 4289 sicut
444 4234 496 4288 in
533 4234 638 4289 illis
671 4249 794 4304 qua:
832 4235 1036 4304 scripta
1079 4244 1236 4300 sunt,
1269 4251 1432 4291 verus
1458 4245 1541 4291 est
1577 4252 1759 4292 sermo

175 4323 393 4378 Domini
426 4325 662 4381 dicentis
691 4343 704 4379 :
753 4324 1006 4390 Quandiu
1046 4327 1139 4380 uni
1165 4343 1230 4381 ea:
1269 4328 1503 4382 minimis
1533 4328 1650 4382 istis
1681 4329 1760 4398 fe-

170 4417 350 4484 cistis,
375 4417 505 4470 milii
525 4417 725 4486 fecistis
746 4419 792 4450 ⁷⁸
813 4435 828 4484 ;
847 4418 926 4495 sic
948 4435 1072 4474 cum
1095 4419 1352 4490 injuriam
1376 4435 1570 4490 passus
1599 4421 1760 4477 fuerit

171 4510 359 4580 justus
387 4551 403 4576 ,
435 4510 519 4565 vel
548 4509 957 4581 blasphematus
981 4554 995 4578 ,
1025 4513 1110 4567 vel
1140 4513 1346 4583 aliquid
1381 4515 1487 4569 tale
1524 4530 1753 4585 passus,

172 4615 318 4671 pone
361 4601 641 4657 Christum
681 4603 734 4656 in
769 4617 864 4659 eos
905 4605 999 4674 qui
1029 4602 1274 4660 fecerunt
1320 4605 1589 4660 dicentem
1631 4607 1754 4661 eis:

172 4696 409 4763 Quando
438 4697 532 4751 uni
570 4713 636 4752 ex
667 4697 912 4753 minimis
957 4697 1078 4754 istis
1109 4695 1315 4754 fecistis
1342 4698 1601 4770 injuriam
1623 4741 1638 4767 ,
1673 4716 1760 4756 me

173 4791 453 4854 tentastis,
482 4804 569 4845 me
601 4789 1042 4860 blasphemastis.

242 4901 301 4957 9..
333 4900 632 4959 Videamus
661 4918 808 4958 nunc
833 4902 1262 4974 pr0positionem
1295 4911 1555 4959 tentantis
1591 4922 1606 4960 :
1642 4903 1763 4959 Ma-

171 4998 361 5068 gister,
398 4996 594 5065 inquit,
623 4995 761 5066 quod
800 5005 874 5049 est
911 4996 1228 5049 mandatum
1258 4997 1432 5066 majus
1470 4999 1527 5051 in
1551 4996 1764 5070 lege"?

173 5089 421 5146 Tentans
456 5089 707 5145 diccbat:
745 5087 1021 5160 Magister,
1069 5089 1329 5158 quoniam
1358 5105 1464 5144 non
1492 5092 1648 5160 quasi
1675 5092 1758 5147 di-

174 5182 428 5257 scipulus
462 5186 665 5242 Christi
695 5186 1007 5258 proferebat
1038 5185 1179 5242 hanc
1203 5201 1414 5256 vocem.
1441 5187 1554 5244 lloc
1577 5199 1758 5244 autem

173 5281 523 5337 manifestius
541 5283 645 5337 erit
670 5281 738 5336 ab
759 5281 1010 5351 exemplo
1033 5282 1177 5352 quod
1201 5283 1466 5338 dicemus.
1486 5281 1645 5349 Puta,
1673 5300 1762 5354 pa-

177 5383 259 5429 ter
286 5374 384 5429 lilii
409 5374 496 5428 sui
539 5386 690 5444 pater
712 5384 828 5436 est,
873 5383 927 5428 et
961 5388 1123 5427 nemo
1161 5390 1288 5429 eum
1329 5374 1546 5445 proprie
1580 5385 1761 5445 potest

175 5467 360 5523 dicere
401 5477 611 5537 patrem
636 5507 651 5533 ,
698 5468 803 5523 nisi
840 5468 984 5525 ﬁlius
1008 5469 1164 5540 ejus;
1190 5477 1244 5523 et
1287 5478 1461 5523 mater
1492 5469 1617 5525 tiliae
1644 5485 1759 5524 sua:

176 5569 356 5616 mater
385 5570 491 5627 est,
540 5571 594 5616 et
626 5560 772 5615 nulla
803 5577 923 5616 eam
951 5572 1128 5631 potest
1151 5562 1336 5619 dicere,
1363 5572 1622 5631 matrem,
1655 5564 1760 5620 nisi

177 5653 292 5709 sola
319 5653 430 5708 filia
461 5652 602 5724 ejus.
631 5651 722 5708 Sic
749 5662 802 5709 et
823 5655 1081 5719 magister
1106 5655 1358 5725 discipuli
1387 5657 1471 5711 sui
1501 5658 1761 5730 magister

250 5793 296 5824 "
337 5789 539 5846 Ezech.
577 5808 732 5859 nix,
755 5792 806 5848 9.
903 5793 948 5824 ⁷³
970 5789 1146 5848 Eccle.
1174 5809 1256 5855 iii,
1284 5793 1334 5848 7.

1431 5795 1478 5826 ⁷³
1500 5794 1666 5851 Marc.
1697 5811 1770 5861 tv,
1796 5798 1885 5854 59.

1866 1982 2128 2036 leutantis
2157 1981 2462 2049 Christum,
2502 1993 2556 2039 et
2583 1984 2812 2040 dicentis
2839 1985 2887 2040 ei
2915 2005 2926 2039 :
2967 1985 3238 2055 Magister.
3271 1983 3360 2040 Sic
3392 1993 3448 2040 et

1864 2075 2044 2130 omnis
2069 2074 2163 2145 qui
2195 2075 2326 2131 dicit
2352 2093 2366 2132 :
2398 2075 2562 2131 Pater
2588 2087 2765 2130 noster
2789 2077 2881 2147 qui
2903 2095 2954 2132 es
2982 2078 3036 2131 in
3065 2078 3209 2130 caelis
3237 2077 3305 2140 3‘,
3333 2094 3444 2134 non

1861 2165 2022 2220 debet
2051 2167 2250 2223 habere
2276 2169 2525 2237 spiritum
2551 2169 2819 2223 servitutis
2854 2169 2908 2222 in
2943 2170 3148 2236 timore,
3175 2170 3264 2222 sed
3285 2170 3448 2238 spiri-

1865 2266 1974 2310 tum
2009 2259 2312 2329 adoptionis
2340 2259 2573 2328 [iliorum
2599 2260 2667 2313 ⁸².
2698 2259 2798 2326 Qui
2834 2269 3014 2315 autem
3051 2275 3158 2314 non
3193 2261 3444 2329 spiritum

1863 2347 2172 2417 adoptionis
2203 2349 2439 2403 filiorum
2481 2349 2666 2416 habet,
2691 2360 2745 2405 et
2770 2351 2900 2406 dicit
2925 2369 2938 2405 :
2975 2349 3137 2405 Pater
3160 2361 3332 2405 noster
3353 2352 3445 2422 qui

1860 2454 1913 2492 es
1943 2440 1995 2492 in
2021 2441 2188 2505 caelis,
2219 2441 2501 2504 mentitur,
2535 2456 2659 2495 cum
2695 2457 2805 2496 non
2838 2443 2908 2496 sit
2937 2442 3080 2497 filius
3113 2441 3239 2509 Dei,
3276 2442 3444 2497 Deum

1861 2529 2075 2586 Patrem
2111 2548 2272 2599 suum
2295 2531 2598 2602 appellans.
2631 2531 2988 2602 Interrogatio
3009 2542 3186 2587 autem
3220 2533 3333 2602 ipsa
3363 2540 3448 2586 est

1826 2672 1831 2676 .
1863 2623 1985 2678 talis
2021 2641 2033 2677 :
2067 2621 2220 2688 Quod
2258 2633 2334 2678 est
2368 2640 2620 2694 magnum
2662 2624 2976 2677 mandatum
3011 2624 3066 2676 in
3111 2623 3220 2694 lege
3248 2623 3340 2676 "1?
3386 2622 3446 2677 lu

1863 2730 1974 2785 quo
1997 2713 2222 2783 dignum
2243 2722 2329 2768 est
2347 2722 2407 2768 ut
2435 2712 2502 2768 de
2525 2714 2905 2768 mandatorum
2925 2711 3225 2767 diderentia
3242 2711 3447 2781 aliquid

1861 2823 2224 2878 exponamus.
2262 2808 2523 2875 Quaedam
2561 2809 2708 2864 enim
2748 2808 3004 2864 mandata
3043 2816 3172 2864 sunt
3214 2823 3446 2879 magna,

1859 2902 2108 2972 quaedam
2153 2911 2335 2956 autem
2375 2903 2808 2973 subsequentia;
2852 2913 2906 2958 et
2938 2903 3018 2959 sic
3057 2919 3155 2973 per
3195 2903 3444 2959 ordinem

1862 3005 2037 3061 usque
2059 2991 2125 3045 ad
2148 2989 2375 3045 minima
2399 2993 2653 3046 mandata
2677 3001 2761 3046 est
2784 2990 3192 3060 requirendum.
3215 2987 3272 3044 Si
3299 2989 3446 3045 enim

1860 3084 2094 3138 tentanti
2118 3081 2420 3147 Pharisaao,
2451 3092 2505 3137 et
2531 3082 2733 3137 dicenti
2766 3100 2779 3134 :
2807 3082 2962 3147 Quod
2991 3091 3069 3137 est
3091 3082 3265 3151 majus
3293 3098 3448 3134 man-

1860 3173 2046 3227 datum
2077 3175 2132 3227 in
2163 3174 2300 3245 lege,
2329 3189 2438 3228 non
2467 3173 2877 3244 respondisset,
2908 3180 3304 3242 consequenter
3331 3171 3448 3225 exi-

1864 3263 2213 3318 stimaremus
2243 3279 2350 3319 non
2378 3279 2501 3320 esse
2533 3263 2853 3318 mandatum
2883 3262 3061 3333 majus
3090 3262 3261 3316 altero
3287 3276 3447 3315 man—

1863 3356 2011 3411 dato.
2051 3354 2208 3412 Nunc
2246 3365 2428 3412 autem
2471 3371 2595 3412 cum
2637 3355 2972 3426 respondens
3015 3355 3204 3410 dicat:
3247 3353 3446 3423 Diliges

1871 3447 2154 3503 Dominum
2191 3448 2362 3504 Deum
2391 3460 2538 3502 tuum
2574 3463 2638 3502 ea:
2675 3457 2785 3502 toto
2821 3447 2976 3501 corde
3011 3459 3131 3511 tuo,
3161 3455 3209 3500 et
3237 3463 3302 3501 ea:
3337 3453 3448 3500 tota
3510 3517 3523 3531 .

1861 3542 2044 3594 anima
2091 3550 2217 3605 tua,
2261 3553 2311 3595 ct
2356 3557 2420 3594 ea:
2464 3550 2574 3594 tota
2609 3551 2780 3594 mente
2819 3549 2931 3606 tua,
2962 3540 3057 3593 lioc
3093 3549 3170 3594 est
3199 3556 3450 3610 magnum

1861 3632 2177 3687 mandatum
2206 3643 2256 3687 et
2281 3635 2512 3702 primunt
2539 3632 2608 3696 ⁸⁵,
2639 3633 3003 3687 necessariam
3029 3631 3292 3686 discimus
3318 3647 3449 3686 sen-

1863 3726 2086 3780 tentiam
2110 3725 2179 3780 dc
2204 3726 2498 3788 mandatis,
2524 3724 2782 3794 quoniam
2805 3731 2859 3778 et
2881 3732 3007 3778 sunt
3029 3738 3223 3792 magna
3246 3732 3299 3776 et
3321 3729 3449 3776 sunt

1863 3815 2126 3872 inferiora
2164 3832 2341 3887 usque
2385 3818 2452 3871 ad
2487 3818 2734 3870 minima.
2777 3815 2972 3870 Adhuc
3005 3824 3186 3869 autem
3225 3826 3277 3869 et
3316 3814 3448 3868 illud

1862 3909 2079 3964 attende
2102 3910 2248 3980 quod
2282 3907 2596 3964 Pharisaeus
2621 3907 2974 3976 interrogavit
3007 3925 3020 3962 :
3053 3907 3206 3973 Quod
3227 3916 3304 3961 est
3337 3925 3450 3972 nia,-

1863 3995 2351 4072 gnum'mandatum
2374 4003 2429 4056 in
2451 4002 2560 4072 lege
2577 4004 2602 4056 I’
2621 4001 2884 4056 Dominus
2907 4009 3087 4055 autem
3109 4002 3446 4068 respondens

1862 4093 1912 4146 ei
1932 4093 2092 4148 docet
2112 4108 2212 4146 nos
2229 4092 2357 4163 quia
2385 4109 2494 4146 non
2525 4092 2702 4147 solum
2736 4107 2995 4161 magnum
3021 4101 3103 4146 est
3127 4091 3445 4146 mandatum

1862 4185 2086 4255 diligere
2099 4184 2416 4248 Dominum,
2433 4185 2525 4240 sed
2543 4185 2708 4241 etiam
2729 4185 2988 4254 primum.
3003 4183 3244 4238 Primum
3263 4195 3442 4238 autem

1863 4295 1970 4334 non
2005 4278 2194 4333 ordine
2221 4277 2538 4348 Scripturie,
2566 4279 2658 4333 sed
2687 4277 2952 4348 dignitate
2974 4277 3215 4334 virtutis.
3249 4276 3313 4331 Et
3342 4277 3447 4330 hoc

1863 4372 2022 4443 quasi
2055 4372 2386 4426 conveniens
2431 4371 2559 4425 huic
2589 4371 2707 4424 loco
2735 4379 2817 4425 est
2845 4369 3233 4426 attendendum
3258 4411 3275 4436 ,
3316 4369 3444 4439 quia

1863 4466 2021 4536 quasi
2053 4465 2236 4520 multis
2264 4463 2538 4519 mandatis
2561 4464 2897 4530 constitutis,
2922 4463 2994 4518 ita
3019 4479 3163 4518 nunc
3186 4477 3444 4531 magnum

1863 4557 1969 4613 hoc
2002 4569 2055 4613 ct
2086 4558 2321 4626 primum
2351 4558 2489 4612 dixit
2524 4556 2841 4611 mandatum
2875 4573 2888 4610 :
2918 4555 3122 4623 Diliges
3162 4553 3446 4606 Dominum

1787 4645 1838 4706 Ι)
1866 4653 2036 4707 Deum
2067 4663 2216 4706 tuum
2243 4669 2307 4707 ex
2335 4661 2443 4706 toto
2474 4655 2629 4706 corde
2660 4661 2770 4716 tuo,
2803 4660 2850 4704 et
2878 4666 2942 4704 ea:
2969 4659 3078 4704 tota
3108 4648 3288 4702 anima
3318 4658 3407 4701 tua
3427 4688 3444 4715 ,

1859 4755 1910 4800 et
1935 4762 1999 4800 es;
2025 4755 2136 4799 tota
2163 4754 2332 4799 mente
2357 4753 2471 4798 tua.
2507 4743 2820 4799 Secundum
2849 4750 2902 4796 et
2929 4741 3105 4797 simile
3126 4751 3208 4795 est
3241 4739 3444 4810 priori,

1860 4845 2150 4908 etpropter
2165 4835 2583 4893 similitudinem
2610 4850 2899 4905 maguum:
2922 4832 3119 4904 Diliges
3142 4833 3445 4901 proximum

1860 4929 2000 4981 sicut
2036 4941 2085 4982 te
2121 4929 2293 4997 ipsum
2315 4929 2385 4996 ⁸⁸,
2420 4938 2480 4985 ut
2519 4926 2824 4983 secundum
2856 4925 2962 4980 hoc
2991 4923 3358 4992 intelligamus
3393 4931 3446 4974 et

1864 5013 2010 5074 aliud
2049 5035 2173 5077 esse
2200 5022 2345 5091 quod
2384 5021 2455 5076 sit
2489 5018 2865 5091 magnitudine
2900 5027 2950 5072 et
2977 5016 3166 5070 ordine
3191 5014 3443 5077 tertium,

1863 5111 2011 5166 aliud
2039 5125 2170 5167 vero
2205 5120 2458 5182 quartum
2486 5128 2501 5177 ;
2527 5121 2580 5165 et
2603 5111 2682 5165 sic
2707 5125 2803 5180 per
2824 5107 3068 5162 ordinem
3094 5105 3447 5160 dinumerans

1863 5203 1994 5274 legis
2024 5202 2282 5258 mandata
2309 5245 2325 5270 ,
2353 5203 2630 5273 accipiens
2651 5218 2681 5256 a
2717 5201 2825 5256 Deo
2859 5200 3202 5270 sapientiam,
3235 5197 3447 5252 ordinet

1864 5310 1928 5349 ea
1959 5295 2084 5365 quis
2113 5310 2290 5366 usque
2315 5294 2383 5349 ad
2419 5294 2731 5349 minimum.
2763 5292 2921 5359 Quod
2960 5305 3098 5360 opus
3134 5289 3337 5343 nullius
3371 5289 3448 5342 al-

1867 5390 2036 5446 terius
2062 5397 2166 5454 est,
2192 5389 2299 5444 nisi
2319 5388 2521 5444 Christi
2547 5387 2720 5442 solius
2739 5386 2832 5457 qui
2855 5397 2937 5441 est
2960 5383 3055 5439 Dei
3080 5384 3253 5439 virtus
3273 5393 3326 5438 et
3355 5383 3446 5438 Dei

1866 5479 2130 5549 sapientia
2150 5478 2216 5532 ⁸⁸.
2239 5477 2283 5532 Α
2308 5478 2644 5550 temporibus
2668 5477 2830 5548 igitur
2855 5475 3027 5547 Moysi
3052 5490 3224 5544 usque
3245 5475 3311 5529 ad
3336 5473 3448 5529 Sal-

1871 5573 2078 5627 vatoris
2105 5571 2399 5628 adventum
2430 5586 2555 5627 cum
2584 5569 2854 5642 legeretur
2878 5569 2964 5624 lex
2984 5609 2999 5635 ,
3034 5569 3263 5624 forsitan
3300 5583 3448 5638 quie-

1869 5664 2089 5719 rebatur
2103 5664 2250 5734 quod
2277 5673 2420 5719 esset
2449 5678 2708 5732 magnum
2729 5661 3046 5717 mandatum
3074 5661 3128 5715 in
3152 5676 3238 5717 ea.
3264 5659 3447 5731 Neque
3491 5736 3499 5750 ο

1993 5799 2408 5868 ⁷⁸Μειιι11.χκν,
2441 5799 2530 5854 55.
2633 5799 2680 5830 τι
2717 5798 2849 5854 ibid.
2886 5798 2976 5855 36.
3044 5798 3130 5868 κτα
3180 5797 3311 5855 ibid.
3356 5799 3445 5852 to.
3501 5757 3505 5761 ’

179 5863 226 5954 Z:
245 5862 435 5954 hianti.
465 5865 716 5954 “11,29.
778 5864 838 5954 ‘7‘“
867 5861 1290 5954 {oa.n._,xqiii,_‘i’5.
1327 5863 1610 5954 “’f‘lCog.
1636 5883 1755 5930 vni,

1878 5870 1954 5954 "3°
1984 5869 2176 5954 Matth.
2209 5871 2354 5940 χ,Ξὸ
2398 5861 2406 5868 ’
2451 5871 2495 5905 ⁸³
2522 5868 2713 5926 Matth.
2737 5885 2810 5941 γι,
2840 5868 2893 5925 9.
2970 5871 3015 5903 ⁸³
3035 5867 3197 5925 Rom.
3215 5884 3335 5936 vui,
3360 5871 3444 5924 15.
3531 5946 3539 5954 ι

179 5934 226 5965 ⁸³
248 5936 580 6001 Mutiluxxu,
612 5934 699 5988 56.
777 5936 823 5967 ⁸⁵
867 5935 996 5989 iliid.
1029 5934 1124 6000 '57,
1160 5935 1246 5989 58.

1325 5937 1370 5968 ⁸³
1400 5936 1530 5990 ibid.
1563 5939 1651 5994 59.
1727 5940 1773 5970 ⁸⁸
1805 5939 1824 5991 ι
1877 5939 2002 5996 Cor.
2034 5955 2072 6006 l,
2096 5939 2190 5996 24.
