4004 6556
599 447 624 500 ι
634 434 738 495 ιῖοδ

1758 433 2079 492 ORIGENIS
2114 433 2180 489 IN
2220 431 2633 492 MATTHAEUM

3723 444 3843 501 εδει

594 556 738 611 enim
783 552 1169 623 interrogasset
1200 549 1303 606 hoc
1334 548 1672 617 Pharisaeus,
1717 553 1822 607 nisi
1862 553 1988 623 quia
2024 550 2165 621 apud
2198 560 2240 618 Α
2272 549 2448 619 majus
2498 564 2621 604 esse
2667 549 2968 606 secundum
3011 551 3215 623 priore.
3263 553 3689 627 Recapitulatur
3726 572 3842 630 ergo

592 647 714 703 Illos
735 647 800 702 de
822 646 926 701 hoc
942 646 1227 716 quaesitum
1252 644 1466 712 fuisset,
1481 656 1533 701 ct
1550 661 1655 701 non
1677 647 1971 711 inventum,
1993 646 2166 701 donec

592 738 873 793 inveniens
908 735 1068 794 Jesus
1107 737 1293 793 docuit
1331 755 1438 794 non
1479 738 1655 794 solum
1700 738 1845 809 quod
1874 748 2018 793 esset
2050 752 2165 793 ma-

590 843 754 899 gnum
776 868 791 891 ,
825 826 917 882 sed
950 827 1114 881 etiam
1142 827 1380 897 primum
1401 870 1416 895 ,
1442 836 1497 884 et
1521 828 1666 898 quod
1691 837 1837 884 esset
1863 830 2159 884 secundum

589 920 766 974 simile
806 919 998 989 priori.
1035 918 1211 990 Ipsius
1240 935 1371 990 ergo
1405 929 1487 975 est
1518 935 1657 990 opus
1688 920 1932 976 invenire
1957 930 2011 976 et
2051 929 2161 976 ter-

589 1011 757 1075 tium,
786 1020 840 1065 et
883 1022 1161 1081 quartum,
1186 1022 1236 1067 et
1268 1013 1500 1083 reliqua.
1540 1011 1764 1080 Quaeres
1794 1022 1973 1067 autem
2008 1014 2053 1069 si
2079 1022 2164 1070 cst

588 1102 805 1172 aliquod
835 1103 1148 1159 mandatum
1183 1120 1287 1160 non
1318 1105 1523 1160 habens
1553 1114 1865 1174 utrumque,
1892 1106 1942 1160 id
1970 1114 2071 1169 cst,
2105 1114 2163 1160 ut

587 1203 637 1247 et
658 1193 893 1263 primum
921 1194 992 1249 sit
1014 1204 1068 1249 et
1093 1210 1374 1266 magnum,
1409 1195 1500 1249 sed
1530 1212 1698 1250 unum
1725 1211 1788 1249 ex
1816 1195 1914 1249 eis.
1945 1194 2010 1249 Et
2031 1205 2160 1265 puto

587 1285 691 1340 tale
717 1286 922 1356 aliquid
950 1286 1085 1341 dicit
1116 1287 1412 1357 Apostolus
1444 1286 1511 1342 ad
1535 1286 1797 1357 Ephesios
1819 1288 1865 1320 ⁸⁷
1893 1303 1905 1340 :
1941 1287 2160 1341 Honora

586 1386 785 1444 patrem
810 1388 957 1432 tuum
979 1389 1027 1433 et
1052 1389 1299 1448 matrem,
1323 1380 1463 1449 quod
1487 1390 1563 1434 est
1594 1381 1903 1434 mandatum
1931 1381 2159 1450 primum

585 1470 639 1524 in
663 1473 1028 1540 promissione,
1052 1481 1108 1524 ut
1134 1472 1256 1526 bene
1275 1473 1345 1527 sit
1371 1473 1486 1536 tibi,
1511 1482 1560 1526 et
1585 1473 1689 1526 eris
1716 1472 1979 1543 longaevus
2005 1489 2160 1543 super

583 1574 799 1619 terram.
818 1562 958 1634 Ergo
971 1564 1208 1634 primum
1229 1565 1444 1635 quidem
1454 1580 1593 1632 ,'non
1607 1574 1787 1619 autem
1802 1577 1855 1620 et
1870 1582 2154 1638 magnum:

582 1654 805 1709 Honora
845 1668 1050 1725 patrem
1085 1666 1233 1710 tuum
1269 1665 1320 1711 et
1362 1668 1629 1722 matrem;
1665 1656 1786 1712 etsi
1823 1668 1906 1713 est
1938 1659 2158 1729 aliquod

583 1764 839 1821 magnum
866 1749 1108 1818 quidem,
1132 1764 1239 1803 non
1264 1756 1444 1805 autem
1470 1759 1522 1804 et
1545 1750 1804 1820 primum,
1823 1765 2033 1820 qumres
2056 1751 2158 1805 dif-

584 1838 869 1894 ferentiam
928 1839 1319 1910 magnitudinis
1366 1842 1769 1896 mandatorum.
1816 1840 1883 1896 Et
1916 1841 2043 1911 quia
2088 1841 2156 1896 ad

2271 656 2434 696 omne
2467 642 2804 705 mandatum,
2832 643 2998 714 832
3024 645 3117 701 sed
3143 656 3197 701 et
3220 648 3456 717 primum
3484 649 3627 703 illud
3656 658 3709 704 et
3740 666 3843 704 ma-

2270 749 2434 804 gnum
2466 734 2520 788 in
2544 733 2647 789 hoc
2679 737 2919 791 secundo
2940 754 2954 790 :
2979 735 3179 807 Diliges
3211 740 3514 807 proximum
3537 749 3701 794 tuum
3723 742 3841 795 sicut

2271 827 2538 895 teipsum;
2580 825 2839 895 quoniam
2882 826 3167 897 diligentes
3206 829 3582 899 nosmetipsos
3631 831 3680 886 si
3730 832 3841 901 quid

2270 916 2563 972 fecerimus
2587 957 2603 983 ,
2635 928 2689 972 et
2718 917 2896 988 ipsum
2923 918 3200 990 diligimus
3231 919 3401 976 Deum
3430 922 3531 992 qui
3560 920 3747 977 facins
3770 932 3840 979 est

2268 1021 2462 1069 auctor
2500 1012 2806 1068 dilectionis
2830 1021 3050 1077 nostrae,
3084 1019 3142 1065 ut
3163 1011 3487 1066 alterutrum
3520 1013 3839 1082 diligamus,

2267 1114 2321 1160 et
2352 1105 2642 1175 diligamur
2662 1104 2730 1159 ab
2750 1103 3002 1158 invicem.
3034 1102 3249 1159 Gratias
3272 1104 3418 1158 enim
3444 1111 3683 1176 agentes
3712 1106 3763 1158 in
3783 1120 3838 1159 eo

2266 1198 2410 1268 quod
2445 1189 2797 1251 rationabiles
2840 1210 3064 1259 sumus,
3112 1205 3166 1250 et
3194 1196 3371 1251 vocati
3412 1211 3619 1251 sumus
3664 1197 3730 1250 ad
3758 1194 3838 1249 Dei

2269 1288 2639 1359 agnitionem,
2676 1296 2729 1342 et
2761 1287 3149 1356 consequimur
3179 1284 3445 1341 beneﬁcia
3477 1286 3608 1356 ejus
3644 1293 3699 1341 et
3734 1301 3841 1355 gra-

2268 1380 2419 1445 tiam,
2452 1378 2997 1451 recapitulamusDei
3031 1380 3373 1435 dilectionem
3407 1379 3463 1433 in
3490 1378 3762 1445 secundo,
3791 1388 3837 1432 et

2266 1470 2429 1526 simili
2473 1470 2660 1539 priori.
2703 1468 2957 1540 Magnum
3002 1484 3132 1539 ergo
3162 1479 3217 1524 et
3247 1469 3490 1539 primum
3528 1469 3835 1523 mandatam

2265 1560 2319 1613 in
2362 1559 2478 1631 lege
2520 1569 2604 1615 est
2635 1559 2786 1615 hoc:
2829 1559 3030 1630 Diliges
3069 1558 3355 1613 Dominum
3394 1558 3574 1613 Deum
3608 1568 3756 1611 tuum
3783 1572 3837 1612 es

2266 1658 2374 1703 toto
2391 1651 2546 1704 corde
2571 1662 2679 1716 tuo,
2697 1658 2745 1704 et
2758 1666 2823 1705 ea:
2844 1660 2955 1704 tota
2975 1651 3157 1704 anima
3180 1660 3292 1716 tua,
3305 1647 3354 1704 et
3374 1666 3441 1704 ex
3462 1660 3583 1703 tota
3602 1659 3769 1703 mente
3779 1650 3837 1703 ”.

2266 1741 2551 1797 Subtrahit
2574 1752 2756 1797 autem
2780 1743 2845 1797 de
2868 1742 3239 1814 magnitudine
3263 1742 3404 1812 ejus,
3429 1752 3486 1796 et
3513 1742 3587 1797 de
3615 1742 3837 1811 primatu

2264 1834 2465 1905 ipsius,
2505 1835 2599 1905 qui
2628 1818 2900 1897 subtrahit
2934 1834 3138 1905 aliquid
3173 1834 3241 1890 dc
3266 1842 3380 1890 toto
3419 1835 3520 1889 illo
3548 1836 3837 1899 mandato,

583 1931 1047 2001 comparati-auem
1077 1932 1296 2003 quidem
1333 1933 1713 1988 mandatorum
1755 1942 1885 1989 sunt
1914 1934 2020 1989 alia
2057 1934 2145 1987 mi.

2264 1925 2317 1980 id
2340 1935 2443 1992 est,
2476 1935 2570 1980 aut
2595 1926 2662 1980 de
2682 1940 2748 1981 eo
2772 1925 2917 1996 quod
2942 1926 3038 1991 ait,
3060 1940 3125 1980 ea:
3147 1934 3257 1980 toto
3288 1924 3466 1993 corde,
3499 1935 3621 1992 aut,
3653 1943 3721 1979 ex
3738 1933 3839 1979 tota

582 2022 764 2087 nima,
800 2022 927 2076 utile
973 2033 1055 2077 est
1098 2023 1163 2077 ad
1209 2023 1517 2093 exemplum
1563 2023 1806 2094 proferre
1850 2025 1993 2095 quod
2039 2025 2155 2094 ipse

581 2112 846 2169 Dominus
870 2114 945 2169 ait
971 2115 1058 2169 "2
1094 2114 1154 2171 Si
1193 2115 1307 2186 quis
1346 2116 1557 2169 solverit
1591 2133 1753 2169 unum
1786 2116 1850 2170 de
1889 2118 2152 2172 mandatis

579 2204 660 2261 Itis
690 2206 924 2276 pusillis,
947 2215 996 2261 et
1027 2207 1265 2261 docuerit
1299 2208 1372 2261 sic
1395 2209 1650 2274 homines,
1679 2209 1927 2263 minimus
1953 2211 2154 2264 vocabi-

579 2309 666 2355 tur
708 2300 763 2353 in
805 2315 961 2370 regno
992 2298 1109 2352 Dei.
1140 2297 1206 2353 Et
1234 2298 1484 2354 Salvator
1511 2300 1725 2369 quidem
1763 2299 1981 2354 tradens
2009 2300 2149 2370 quod

576 2399 721 2447 esset
754 2406 1010 2460 magnum
1041 2390 1357 2445 mandatum
1385 2398 1439 2445 et
1469 2391 1729 2460 primum,
1757 2391 1823 2445 ad
1847 2391 2151 2464 interroga-

578 2483 779 2538 tionem
817 2480 1078 2535 Pharisaai
1122 2480 1380 2537 tentantis
1412 2499 1426 2547 ;
1471 2481 1733 2550 adjiciens
1772 2492 1953 2537 autem
1985 2493 2037 2539 et
2061 2499 2150 2540 se-

575 2573 815 2627 cundum
841 2571 1020 2627 simile
1049 2572 1238 2641 priori,
1269 2571 1412 2642 quod
1434 2582 1551 2626 erat
1575 2590 1588 2626 :
1618 2571 1819 2644 Diliges
1848 2577 2151 2644 proximum

577 2678 726 2721 tuum
758 2666 895 2719 sicut
937 2666 1155 2735 teipsum
1188 2667 1254 2726 ⁸⁵,
1285 2665 1432 2720 addit
1482 2667 1706 2723 dicens:
1750 2666 1813 2721 In
1840 2669 1920 2723 his
1945 2668 2149 2725 duobus

575 2758 844 2813 mandatis
869 2759 1037 2812 omnis
1061 2758 1145 2812 lex
1169 2767 1217 2812 et
1237 2760 1500 2829 propheta:
1525 2759 1745 2828 pendent
1768 2761 1835 2816 9°.
1858 2761 2151 2831 Apostolus

574 2858 757 2927 autem
794 2849 861 2903 ad
887 2847 1162 2905 Romanos
1194 2850 1327 2906 dicit
1352 2853 1394 2883 ⁸⁸
1432 2870 1444 2905 :
1480 2850 1603 2906 Non
1633 2853 2005 2918 mmo/iuberis,
2044 2870 2147 2909 non

575 2940 803 3009 occides,
839 2958 941 2996 non
969 2941 1171 3012 furtum
1200 2943 1387 3013 facies,
1411 2952 1459 2998 et
1486 2946 1531 2999 si
1563 2945 1702 3016 quod
1725 2957 1799 3001 est
1825 2945 1974 3000 aliud
1996 2963 2149 3001 man-

572 3036 781 3100 datum,
805 3036 860 3089 in
881 3036 976 3090 hoc
992 3024 1142 3090 uerbo
1179 3038 1598 3107 recapitulatur:
1626 3039 1824 3112 Diliges
1845 3042 2148 3111 proximum

574 3134 722 3179 tuum
751 3125 884 3180 sicut
920 3127 1165 3195 teipsum.
1215 3125 1505 3183 Videamus
1526 3143 1657 3201 ergo
1684 3139 1865 3185 utrum
1893 3130 2039 3185 aliud
2065 3139 2150 3186 est

570 3215 806 3283 pendere
843 3229 1059 3269 omnem
1105 3216 1279 3287 legem
1307 3225 1362 3272 et
1408 3219 1699 3289 prophetas
1724 3219 1780 3273 in
1813 3219 1899 3276 his
1933 3220 2147 3276 duobus

2261 2020 2473 2083 anima,
2509 2027 2642 2083 aut,
2671 2034 2735 2073 ea;
2768 2027 2878 2072 tota
2914 2027 3101 2072 mente.
3143 2017 3209 2072 Et
3252 2017 3484 2074 forsitan
3526 2033 3727 2075 omnes
3753 2018 3836 2088 qui

2261 2112 2493 2184 diligunt
2527 2111 2696 2167 Deum
2721 2154 2734 2178 ,
2771 2120 2825 2166 et
2860 2110 3148 2167 Dominum
3176 2126 3334 2166 suum
3357 2152 3374 2178 ,
3414 2111 3523 2166 nisi
3551 2119 3834 2181 sequentes

2260 2213 2443 2273 partes
2476 2204 2844 2273 impleverint,
2886 2212 2940 2257 et
2967 2218 3030 2257 ex
3063 2211 3177 2258 toto
3210 2205 3374 2259 corde
3413 2203 3718 2259 dilexerint
3738 2242 3755 2265 ,
3790 2213 3838 2256 et

2260 2312 2325 2351 cx
2359 2304 2472 2350 tota
2498 2296 2680 2351 anima
2700 2336 2715 2361 ,
2748 2304 2803 2351 et
2830 2311 2896 2351 ex
2932 2303 3048 2349 tota
3075 2306 3253 2350 mente
3273 2336 3289 2361 ,
3326 2311 3393 2350 ex
3436 2306 3592 2366 parte
3623 2307 3837 2352 servant

2260 2389 2578 2444 mandatum
2614 2405 2629 2455 ;
2665 2388 2718 2442 hi
2750 2397 2928 2443 autem
2953 2388 3056 2444 soli
3085 2387 3516 2458 magnitudinem
3540 2389 3667 2456 eius
3701 2389 3757 2443 in
3783 2404 3837 2446 se

2261 2482 2569 2551 suscipiunt
2589 2490 2644 2537 et
2672 2481 2986 2551 primatum,
3012 2480 3105 2550 qui
3130 2494 3238 2534 non
3267 2478 3443 2535 solum
3472 2480 3719 2550 diligunt
3741 2480 3837 2533 Dr»

2260 2574 2469 2629 minum
2505 2573 2674 2629 Deum
2701 2589 2885 2640 suum,
2921 2573 3013 2629 sed
3040 2573 3203 2628 etiam
3232 2572 3337 2627 tria
3358 2572 3448 2626 illa
3470 2573 3833 2642 susceperint,

2259 2665 2314 2720 id
2340 2674 2446 2732 est,
2473 2674 2535 2721 nt
2554 2680 2621 2721 ex
2655 2674 2771 2721 toto
2797 2665 2961 2721 corde
2986 2677 3090 2718 suo
3123 2662 3267 2734 apud
3289 2677 3349 2718 se
3373 2662 3519 2717 illam
3548 2671 3726 2717 totam
3754 2678 3835 2718 re-

2257 2760 2517 2825 condunt,
2541 2766 2595 2813 et
2621 2758 2966 2828 operationes
2984 2757 3104 2827 ejus
3129 2763 3183 2811 et
3217 2755 3574 2827 cogitationes
3599 2755 3762 2826 ejus:
3785 2765 3835 2810 ct

2256 2863 2324 2904 ex
2354 2857 2466 2904 tota
2490 2848 2672 2903 anima
2703 2863 2826 2914 sua,
2855 2847 2907 2902 id
2935 2856 3037 2914 est,
3068 2861 3128 2902 ut
3149 2847 3321 2917 parati
3348 2846 3459 2903 sint
3475 2862 3685 2917 ponere
3710 2861 3830 2902 eam

2256 2955 2357 3012 pro
2383 2942 2586 3011 pietate
2611 2939 2705 2996 Dei
2728 2940 2823 3012 qui
2848 2941 3102 2995 universa
3125 2940 3349 3007 creavit,
3372 2939 3594 3011 quando
3620 2940 3832 2995 utilitas

2254 3032 2495 3103 exegerit
2542 3030 2734 3098 Verbi,
2779 3046 2847 3086 ex
2883 3045 2950 3086 eo
2986 3031 3133 3100 quod
3174 3046 3242 3087 ex
3285 3039 3394 3088 tota
3431 3031 3619 3087 anima
3655 3032 3831 3103 diligit

2258 3121 2451 3190 Deum,
2479 3122 2553 3177 ita
2580 3134 2637 3177 ut
2664 3121 2811 3177 nulla
2833 3137 2962 3192 pars
2983 3122 3179 3177 animae
3202 3121 3465 3178 evellatur
3486 3122 3557 3177 ad
3590 3122 3828 3193 aliquam

2253 3230 2368 3270 rem
2400 3230 2523 3285 quae
2548 3230 2579 3268 a
2611 3213 2716 3269 fide
2747 3223 2829 3270 est
2861 3214 3036 3269 aliena
3071 3230 3085 3268 :
3116 3223 3170 3268 et
3204 3215 3259 3268 in
3296 3223 3409 3269 tota
3430 3225 3617 3271 mente
3641 3224 3824 3271 nostra

571 3305 843 3361 mandatis
866 3306 932 3360 de
955 3302 1247 3362 dilectione
1275 3306 1370 3363 Dei
1402 3316 1458 3363 et
1487 3310 1745 3378 proximi,
1769 3310 1914 3365 aliud
1940 3320 2144 3380 autem,
2174 3296 2218 3353 (δ
2252 3306 2392 3362 nihil
2425 3307 2573 3362 aliud
2617 3306 2916 3376 cogitantes
2948 3306 3033 3361 vel
3074 3305 3415 3378 proferentes
3458 3307 3570 3362 nisi
3610 3322 3676 3362 ea
3708 3322 3826 3379 qua

570 3395 920 3465 recapitulari
947 3411 1110 3452 omne
1137 3398 1454 3454 mandatum
1488 3399 1542 3454 in
1575 3400 1680 3456 hoc
1714 3402 1972 3458 mandato
1999 3422 2012 3459 :
2041 3404 2144 3458 Di-

466 3496 481 3509 ‘
569 3484 702 3555 liges
758 3488 1057 3556 proximum
1114 3498 1263 3542 tuum
1311 3492 1448 3546 sicut
1496 3492 1758 3562 teipsum;
1826 3504 1919 3550 aut
1961 3495 2144 3551 omnia

572 3577 829 3632 mandata
874 3587 927 3633 et
974 3578 1211 3648 pendent
1243 3588 1297 3635 et
1342 3581 1771 3651 recapitulantur
1812 3583 1867 3638 in
1910 3593 2144 3656 utroque

572 3668 849 3724 mandato.
899 3667 1042 3724 Dicit
1088 3685 1217 3742 ergo
1265 3672 1462 3743 aliquis
1508 3675 1745 3745 pendere
1792 3690 1824 3730 a
1872 3676 2142 3733 mandatis

570 3761 824 3817 mandata
849 3803 866 3830 ,
895 3772 950 3818 et
977 3778 1007 3818 a
1035 3764 1214 3834 primo
1243 3764 1460 3836 quidem
1491 3774 1545 3821 et
1565 3781 1763 3839 magno
1791 3769 2028 3838 pendere
2056 3785 2143 3825 se-

567 3851 808 3907 cundum
847 3859 903 3907 et
929 3852 1106 3909 simile
1133 3853 1310 3924 primo
1334 3872 1350 3922 ;
1379 3869 1410 3909 a
1433 3857 1672 3912 secundo
1693 3866 1873 3913 autem
1898 3859 2138 3928 tertium,

565 3953 620 3998 et
649 3944 730 3998 sic
767 3942 1024 4015 deinceps
1070 3946 1253 4002 omnia
1297 3962 1419 4017 quae
1458 3958 1587 4005 sunt
1624 3958 1750 4020 post
1797 3951 2096 4007 secundum
2120 3991 2138 4017 ,

567 4034 801 4104 pendere
830 4049 860 4089 a
885 4026 1314 4106 praecedentibus
1344 4056 1358 4093 :
1388 4048 1441 4094 et
1465 4039 1786 4110 Apostolum
1814 4043 2031 4113 quidem
2060 4060 2142 4101 se-

564 4125 804 4181 cundum
849 4126 1341 4185 considerationem
1373 4132 1452 4187 rei
1483 4132 1689 4189 dixisse
1716 4134 1952 4205 pendere
1977 4151 2140 4193 omne

566 4221 881 4277 mandatum
910 4237 940 4276 a
966 4223 1220 4279 mandato
1245 4243 1257 4280 :
1289 4224 1484 4297 Diliges
1505 4228 1805 4297 proximum
1831 4239 1979 4284 tuum
2001 4232 2140 4285 sicut

565 4312 789 4381 teipsum
817 4327 838 4377 ;
876 4310 1213 4369 Salvatorem
1241 4323 1419 4370 autem
1451 4316 1723 4384 docuisse,
1749 4320 2008 4391 quoniam
2039 4321 2139 4376 do—

562 4402 917 4458 minationem
956 4404 1158 4461 habent
1185 4407 1429 4462 omnium
1461 4409 1842 4465 mandatorum
1875 4411 1990 4468 haec
2027 4412 2138 4468 duo

561 4494 839 4550 mandata.
875 4495 1023 4552 Alter
1052 4506 1234 4553 autem
1266 4499 1572 4556 discutiens
1607 4511 1834 4572 quaeret,
1860 4505 2136 4575 quomodo

560 4585 768 4641 dictum
791 4596 875 4642 est
898 4587 1030 4642 illud
1060 4608 1072 4643 :
1101 4588 1237 4659 Non.
1259 4591 1619 4660 mtechaberis,
1649 4610 1754 4649 non
1782 4598 2004 4663 occides,
2031 4613 2137 4652 non

562 4678 765 4749 furtum
792 4679 976 4748 facies,
1002 4689 1051 4734 et
1082 4680 1129 4734 si
1153 4681 1292 4750 quod
1311 4682 1460 4737 aliud
1485 4695 1561 4739 est
1587 4686 1900 4741 mandatum
1923 4690 1979 4743 in
2000 4687 2131 4760 lege,

560 4771 617 4826 in
647 4771 743 4825 hoc
771 4769 922 4824 verba
955 4772 1372 4842 recapitulatur:
1412 4774 1613 4847 Diliges
1648 4780 1949 4848 proximum
1985 4789 2133 4835 tuum

561 4864 701 4918 sicut
739 4865 980 4934 teipsum.
1021 4862 1175 4919 Dicet
1201 4879 1331 4937 ergo
1360 4885 1372 4921 :
1403 4875 1458 4923 et
1481 4867 1612 4924 illud
1637 4870 1953 4927 mandatum
1983 4891 1996 4927 :
2029 4872 2132 4927 Di—

557 4951 686 5024 liges
706 4951 990 5006 Dominum
1003 4951 1171 5007 Deum
1191 4964 1339 5008 tuum
1352 4972 1417 5010 ea:
1437 4965 1546 5011 toto
1567 4959 1724 5013 corde
1745 4969 1854 5024 tuo,
1870 4970 1919 5015 et
1935 4978 1999 5018 ea:
2021 4971 2132 5020 tota

557 5044 738 5099 anima
770 5052 863 5099 tua
891 5053 958 5109 ,et
989 5060 1054 5098 ea:
1079 5053 1188 5100 tota
1213 5055 1383 5103 mente
1418 5062 1542 5118 tua,
1570 5051 1963 5121 recapitulatur
1986 5054 2042 5110 in
2063 5070 2131 5112 eo

555 5140 843 5194 mandato:
862 5137 1058 5219 Diliges
1077 5141 1375 5210 proximum
1393 5151 1542 5198 tuum
1564 5146 1701 5200 sicut
1718 5147 1962 5218 leipsum.
1989 5148 2130 5216 Quo-

555 5231 718 5288 modo
741 5240 921 5287 autem
950 5246 1136 5287 verum
1159 5232 1232 5288 sit
1252 5234 1395 5305 quod
1421 5236 1497 5291 ait
1522 5254 1536 5291 :
1558 5236 1626 5290 Et
1648 5239 1694 5294 si
1718 5241 1855 5310 quod
1879 5241 2028 5296 aliud
2049 5252 2127 5298 est

554 5320 890 5390 mandatum,
920 5321 975 5375 in
997 5321 1093 5376 hoc
1122 5322 1274 5378 verba
1310 5326 1713 5397 recapitulatur,
1750 5330 1855 5385 nisi
1885 5340 1939 5387 et
1965 5348 2125 5387 man-

552 5412 739 5467 datum
765 5413 910 5483 quod
935 5414 1172 5484 positum
1206 5418 1383 5473 estde
1416 5417 1709 5475 dilectione
1743 5416 2126 5494 Dei'recapituo

554 5500 694 5555 lctur
739 5503 796 5556 in
843 5505 1120 5571 secundo,
1148 5514 1204 5561 et
1244 5506 1409 5563 simili
1443 5509 1660 5578 priori?
1689 5509 1757 5566 Et
1796 5513 1844 5568 si
1885 5514 2121 5583 primum

554 5592 869 5648 mandatum
911 5597 1297 5668 recapitulctur
1340 5599 1395 5654 in
1443 5601 1721 5669 secundo,
1769 5618 1992 5661 necesse
2039 5614 2123 5662 est

2253 3400 2348 3457 Dei
2378 3408 2529 3456 sunt.
2557 3398 2625 3454 Et
2651 3399 2773 3456 vide
2807 3399 2853 3455 si
2897 3407 3050 3469 potes
3082 3415 3177 3455 cor
3199 3399 3420 3470 quidem
3452 3401 3702 3470 accipere
3729 3415 3822 3470 pro

2252 3493 2533 3550 intellectu
2554 3534 2570 3562 ,
2614 3494 2708 3564 qui
2736 3500 2820 3548 est
2857 3493 2911 3547 in
2957 3492 3388 3564 intelligibilibus
3419 3493 3741 3563 speculans,
3767 3500 3819 3547 et

2250 3588 2546 3641 ostendens
2587 3582 2798 3639 fontem
2842 3591 2897 3638 et
2939 3583 3267 3654 principium
3311 3598 3509 3638 eorum
3552 3586 3698 3655 quod
3742 3592 3815 3638 est

2251 3678 2396 3735 Deus
2427 3694 2446 3747 ;
2478 3686 2714 3733 mentem
2760 3684 2944 3731 autem
2988 3676 3057 3732 ad
3100 3674 3461 3746 proferendas
3503 3691 3618 3732 res.
3653 3674 3813 3730 Mente

2250 3774 2397 3830 enim
2429 3770 2760 3843 proferimus
2782 3754 3027 3842 singulas
3057 3786 3169 3834 res,
3195 3779 3250 3825 et
3274 3784 3373 3841 per
3399 3770 3811 3841 unumquodque

2222 3890 2225 3893 ·
2251 3864 2614 3937 significatum
2634 3863 2792 3935 quasi
2811 3872 2993 3919 mente
3012 3872 3199 3919 nostra
3219 3860 3654 3930 inambulamus,
3670 3872 3807 3931 atque

2171 4661 2217 4718 D

2251 3957 2602 4031 proferimus.
2620 3956 2687 4012 Et
2704 3957 2750 4012 si
2771 3957 2895 4028 quis
2918 3955 3196 4027 ingeniose
3216 3954 3488 4025 intelligat
3508 3955 3804 4011 mandatum

2247 4051 2393 4122 quod
2417 4050 2483 4105 de
2497 4048 2787 4106 dilectione
2805 4048 3042 4119 positum
3066 4058 3153 4103 est
3172 4047 3227 4102 in
3244 4046 3506 4104 omnibus
3526 4046 3637 4103 illis
3654 4046 3805 4101 tribus

2246 4157 2369 4213 quae
2404 4150 2533 4198 sunt
2568 4141 2848 4197 nominata
2870 4181 2885 4206 ,
2928 4148 2984 4195 et
3015 4138 3451 4196 consideraverit
3497 4140 3555 4195 in
3598 4137 3804 4210 singulis

2246 4236 2554 4308 quibusque
2573 4234 2822 4291 ﬁdelibus
2839 4231 2934 4288 Dei
2949 4230 3315 4299 dilectionem,
3334 4230 3584 4287 inveniet
3598 4231 3802 4287 forsitan

2246 4338 2419 4384 totum
2437 4327 2752 4382 mandatum
2771 4334 2865 4380 aut
2893 4324 3036 4395 apud
3054 4338 3225 4379 unum
3248 4320 3506 4391 forsitan,
3526 4323 3612 4378 vel
3634 4338 3803 4380 secun-

2244 4421 2397 4489 dum,
2422 4421 2507 4477 vel
2530 4420 2771 4487 tertium,
2795 4427 2850 4474 et
2871 4419 2975 4473 hoc
2996 4417 3041 4473 si
3062 4415 3228 4473 fuerit
3247 4414 3434 4470 datum
3459 4415 3520 4471 in
3544 4416 3801 4479 omnibus,

2244 4523 2339 4571 aut
2363 4512 2459 4568 Dei
2485 4511 2831 4568 dilectionem
2857 4508 3038 4563 minus
3059 4506 3373 4569 habentem,
3402 4505 3495 4562 vel
3522 4506 3801 4571 modicum,

2244 4606 2327 4661 vel
2350 4603 2606 4674 amplius,
2642 4610 2737 4656 aut
2760 4615 2825 4656 ex
2855 4614 2922 4656 eo
2945 4597 3093 4670 quod
3116 4595 3249 4654 dicit
3269 4612 3334 4651 ex
3362 4605 3475 4652 toto
3515 4597 3695 4661 corde,
3726 4605 3803 4651 aut

2240 4711 2309 4754 ex
2339 4710 2405 4751 eo
2425 4692 2572 4764 quod
2599 4693 2697 4760 ait,
2721 4708 2787 4747 ea:
2810 4701 2918 4746 tota
2951 4690 3150 4759 anima,
3178 4699 3275 4745 aut
3298 4703 3364 4743 ea:
3391 4697 3509 4742 tota
3538 4697 3725 4743 mente.

2309 4787 2362 4842 5.
2388 4784 2580 4841 Simile
2598 4793 2682 4840 est
2697 4783 2992 4841 secundum
3009 4781 3327 4837 mandatum
3343 4780 3544 4852 priori,
3560 4779 3799 4852 quoniam

2237 4887 2322 4937 est
2346 4878 2565 4935 dilectio
2593 4876 2833 4933 hominis
2860 4876 2953 4947 qui
2979 4873 3157 4931 factus
3180 4883 3265 4931 est
3286 4873 3595 4930 secundum
3627 4871 3799 4943 imagi-

2238 4986 2362 5028 nem
2393 4970 2527 5036 Dei,
2563 4968 2795 5026 forsitan
2837 4977 2892 5024 et
2929 4966 3233 5024 secundum
3277 4965 3714 5023 similitudinem.
3747 4961 3796 5017 In

2216 5061 2577 5132 expositione
2604 5068 2786 5114 autem
2836 5056 3076 5113 mandati
3105 5057 3252 5127 quod
3289 5064 3375 5112 est
3414 5056 3484 5111 de
3527 5055 3799 5111 dilectione

2235 5151 2470 5224 proximi
2490 5151 2750 5221 positum,
2773 5149 2939 5206 etiam
2959 5149 3075 5204 haec
3091 5155 3220 5205 sunt
3240 5145 3521 5203 discenda.
3541 5145 3794 5213 Quoniam

2236 5237 2543 5295 secundum
2576 5236 2721 5307 quod
2766 5236 2972 5293 dictum
3002 5244 3086 5291 est
3132 5235 3189 5290 in
3227 5235 3443 5290 decimo
3480 5233 3791 5305 psalmo":

2236 5329 2341 5398 Qui
2372 5329 2549 5401 diligit
2579 5330 2949 5400 iniquitatem,
2979 5329 3091 5384 odit
3125 5329 3361 5383 animam
3392 5343 3550 5382 suam
3577 5345 3600 5393 ;
3627 5337 3680 5383 et
3714 5339 3792 5381 sc-

2232 5422 2471 5479 cundum
2507 5421 2650 5493 quod
2685 5424 2739 5476 in
2783 5421 3092 5477 Proverbiis
3118 5420 3317 5476 dicitur
3341 5419 3425 5475 ’δε
3465 5418 3572 5485 Qui
3602 5415 3789 5487 repellit

2232 5516 2593 5584 disciplinam,
2618 5515 2729 5568 odit
2759 5514 2988 5585 seipsum
3009 5529 3030 5578 ;
3057 5511 3408 5569 manifestum
3438 5522 3521 5568 est
3539 5508 3783 5580 quoniam

2230 5623 2390 5664 nemo
2428 5605 2660 5678 diligens
2703 5605 3045 5678 iniquitatem
3075 5604 3253 5678 diligit
3287 5603 3594 5677 proximum
3630 5612 3776 5655 suum

626 5795 671 5828 "’
723 5794 930 5879 Ephesi
965 5816 1016 5855 γι
1041 5840 1056 5866 ,
1091 5802 1160 5879 2)
1191 5804 1285 5879 '5.__
1318 5807 1367 5879 3°
1414 5806 1604 5864 Matth.
1639 5826 1705 5877 v,
1741 5810 1829 5866 l9.
1899 5811 1943 5846 ⁸ο
1972 5810 2141 5869 Matth

2252 5827 2339 5879 ut,
2368 5811 2460 5869 59.
2534 5812 2581 5845 "
2607 5813 2741 5870 ibid.
2778 5812 2868 5868 40.
2944 5812 2989 5846 ’ί
3020 5809 3181 5868 Rom.
3209 5824 3330 5876 stu,
3365 5808 3420 5867 9.
3493 5808 3538 5842 “
3584 5800 3762 5860 Hatth.

556 5879 694 5936 nn,
729 5867 819 5924 '57.
885 5869 931 5949 ’f
953 5885 1092 5928 vers.
1119 5873 1175 5929 6.
1250 5875 1296 5908 “
1314 5875 1471 5932 Prov.
1507 5895 1595 5946 xv,
1623 5867 1713 5935 δέ.
