4004 6532
208 423 228 475 I
241 422 351 479 603

1348 419 2003 478 COMMENTARIORUM
2044 419 2310 478 SERIES.

3306 427 3458 487 1606

203 545 357 597 sicut
395 542 673 612 seipsum,
706 556 831 597 cum
867 555 969 597 nec
992 539 1232 612 seipsum
1263 540 1494 614 diligat,
1529 552 1584 599 et
1621 559 1781 600 nemo
1816 549 1856 604 Α
1886 540 2157 597 sustineat
2180 540 2425 608 dilectio,
2465 541 2559 598 sed
2594 542 2777 598 omnia
2819 542 3067 601 sustinet.
3101 542 3167 600 Et
3198 546 3456 616 quoniam

205 636 481 706 repellens
518 634 863 705 disciplinam
890 633 1066 705 diligit
1105 634 1415 705 proximum
1452 652 1611 691 suum
1640 638 1786 693 sicut

207 734 478 800 seipsum,
502 730 701 799 quippe
716 730 808 799 qui
830 745 931 785 nee
952 730 1129 800 ipsum
1151 746 1211 786 se
1233 728 1439 803 diligit;
1461 734 1613 788 ct'ita
1645 732 1703 787 lit
1725 742 1786 789 ut

209 826 305 891 ιιιιί
324 824 872 894 diligitiniquitatem,
891 833 943 879 et
959 824 1069 879 odit
1088 824 1325 879 animam
1346 840 1524 890 suam,
1545 841 1644 880 nec
1658 841 1787 895 pos-

210 913 285 967 sit
306 928 526 967 servare
550 912 850 967 secundum
871 912 1207 967 mandatum.
1231 912 1491 968 Similiter
1510 922 1564 969 et
1583 915 1676 984 qui
1699 930 1785 970 re~

209 1000 741 1071 pellitdisciplinam,
764 1009 1047 1070 peccatum
1072 1000 1279 1071 diligit:
1302 1001 1419 1056 ideo
1445 1005 1601 1072 etqui
1621 1005 1786 1074 repel-

150 1092 163 1099 ’
209 1092 273 1144 lit
289 1090 509 1159 aliquod
530 1090 751 1155 verbum
768 1089 1067 1158 disciplinm
1087 1089 1201 1156 Dei,
1217 1090 1330 1145 odit
1352 1092 1587 1146 animam
1605 1109 1781 1148 suam.

281 1184 336 1237 4.
360 1180 489 1237 Post
501 1183 613 1236 hate
628 1197 839 1252 qmeres
852 1183 1126 1251 quomodo
1139 1183 1318 1238 omnis
1339 1184 1422 1238 lcx
1439 1193 1494 1239 et
1514 1186 1786 1255 prophetzr

205 1270 450 1339 pendent
497 1271 549 1324 in
596 1270 810 1325 duobus
858 1270 979 1326 istis
1030 1273 1316 1329 mandatis.
1365 1272 1587 1331 Videtur
1638 1277 1782 1331 enim

210 1369 395 1417 textus
427 1362 712 1417 ostendere
739 1362 882 1433 quod
915 1363 1096 1417 omnia
1122 1380 1459 1435 quaecunque
1488 1375 1616 1420 sunt
1649 1368 1786 1422 scri-

206 1464 326 1523 pta,
362 1454 442 1509 vel
474 1455 527 1509 in
563 1451 770 1519 Exodo,
805 1455 888 1509 vel
915 1455 968 1509 in
994 1454 1257 1522 Levitico,
1286 1458 1370 1513 vel
1402 1458 1456 1512 in
1498 1458 1781 1524 Numeris,

208 1547 294 1600 vel
330 1546 383 1600 in
423 1546 863 1612 Deuteronomio,
889 1547 1159 1615 pendeant
1192 1547 1246 1601 in
1275 1549 1360 1604 his
1383 1548 1596 1606 duobus
1630 1566 1786 1605 man-

206 1640 376 1694 datis.
398 1639 877 1705 Quomodo'autem
902 1640 986 1693 lex
1005 1656 1125 1709 qua:
1146 1641 1321 1710 posita
1346 1652 1428 1696 est
1450 1642 1515 1696 de
1534 1641 1781 1711 leprosis,

210 1732 298 1784 vel
339 1731 406 1786 de
438 1730 643 1786 ﬂuxum
683 1731 967 1800 sanguinis
1006 1733 1337 1797 patientibus
1360 1774 1375 1797 ,
1410 1733 1493 1787 vel
1523 1734 1589 1788 de
1631 1749 1784 1787 men-

205 1823 438 1879 struatis
483 1823 836 1889 mulieribus,
884 1825 1154 1894 pendeant
1204 1826 1257 1878 in
1298 1826 1416 1881 istis
1465 1826 1786 1881 mandatis?

1886 635 2128 692 cbaritas
2152 650 2432 706 nunquam
2459 634 2681 701 excidit,
2720 634 2998 692 conlidens
3025 636 3322 706 Apostolus
3368 644 3457 693 to-

1885 734 1994 780 tam
2025 740 2144 780 eam
2200 740 2259 780 se
2288 725 2593 793 suscepisse
2622 724 2836 779 dicebat
2863 722 2938 778 "z
2966 723 3097 789 Quis
3125 742 3216 780 nos
3243 743 3453 797 separa-

1886 819 1962 871 bit
2002 835 2034 871 a
2056 817 2315 871 charitate
2342 817 2478 871 Dei?
2509 814 2831 883 Tribulatio,
2860 832 2931 869 an
2965 817 3237 886 angustia,
3270 835 3338 871 an
3373 819 3456 887 fa-

1885 925 2014 974 mes,
2065 926 2135 962 an
2170 908 2407 972 nuditas,
2464 926 2532 963 an
2563 908 2882 975 periculum,
2919 925 2988 962 an
3017 908 3273 980 gladius?
3309 908 3456 964 Sicut

1886 1004 2141 1073 scriptum
2169 1013 2288 1058 est:
2323 1001 2585 1068 Quoniam
2615 1010 2828 1072 propter
2860 1011 2910 1055 te
2938 1001 3325 1069 mortiﬁcamur
3349 1011 3457 1055 tota

1885 1096 1989 1160 die,
2044 1095 2339 1149 existimati
2391 1110 2571 1148 sumus
2625 1103 2682 1146 ut
2725 1110 2841 1148 oves
2886 1094 3185 1153 occisionis.
3232 1092 3455 1164 Propter

1885 1190 2230 1245 dilectionem
2283 1190 2427 1244 enim
2482 1189 2766 1244 dicebat"
2795 1205 2808 1241 :
2838 1188 2945 1244 Sed
2982 1189 3037 1243 in
3082 1189 3164 1243 his
3218 1188 3457 1243 omnibus

1885 1295 2193 1350 superamus
2222 1288 2434 1350 propter
2464 1295 2583 1333 eum
2612 1278 2703 1350 qni
2725 1280 2913 1333 dilexit
2944 1295 3059 1334 nos.
3085 1278 3165 1333 Ex
3194 1279 3457 1334 charitate

1885 1370 2033 1425 enim
2078 1382 2358 1440 nunquam
2400 1369 2681 1425 excidcnte
2719 1379 2876 1425 erant
2924 1370 3030 1425 illae
3078 1385 3240 1426 voces
3274 1370 3456 1426 dicen-

1889 1463 1957 1518 tis
1979 1463 2052 1512 ”:
2094 1461 2317 1532 Con/ida
2366 1462 2505 1515 enim
2539 1462 2668 1533 quia
2709 1477 2870 1531 neque
2919 1477 3081 1526 mors,
3119 1477 3279 1531 neque
3324 1463 3455 1524 vita,

1886 1570 2047 1625 neque
2098 1554 2301 1624 angeli,
2354 1570 2516 1622 neque
2557 1554 2908 1623 principatus,
2949 1569 3110 1622 neque
3153 1553 3456 1621 praesentia,

1887 1665 2047 1718 neque
2083 1648 2286 1717 futura,
2334 1663 2493 1716 neque
2520 1648 2759 1712 virtutes,
2808 1663 2968 1713 neque
3002 1647 3257 1711 altitudo,
3298 1662 3454 1716 neque

1885 1729 2425 1808 profundum,'neque
2461 1736 2644 1807 aliqua
2688 1745 2929 1789 creatura
2957 1738 3144 1804 poterit
3181 1752 3273 1789 nos
3300 1751 3454 1803 sepa-

1888 1846 2007 1883 rare
2033 1847 2065 1882 a
2096 1830 2356 1883 charitate
2384 1828 2499 1894 Dei,
2528 1844 2647 1898 qua:
2669 1837 2746 1881 est
2779 1827 2832 1881 in
2861 1825 3070 1881 Christo
3088 1824 3215 1880 Iesu
3232 1824 3454 1878 Domino

204 1917 403 1970 Adhuc
436 1924 614 1971 autem
646 1891 921 1985 quomodo
943 1925 991 1970 et
1019 1916 1298 1985 prephetia
1330 1932 1451 1987 quae
1471 1918 1536 1971 de
1562 1915 1782 1971 .Ierusa-
1818 1891 1859 1949 Β
1888 1930 2087 1974 nostro.
2145 1919 2209 1975 Et
2241 1891 2499 1990 quoniam
2542 1891 2788 1975 habebat
2841 1919 2950 1974 duo
2977 1917 3272 1988 Apostolus
3317 1917 3454 1970 dile-

207 2008 313 2060 lem
338 2006 599 2076 captanda
620 2007 792 2075 posita
811 2015 913 2071 est,
932 2006 1011 2059 vel
1030 2006 1166 2059 visio
1187 2004 1403 2075 Egypti
1424 2007 1562 2076 apud
1583 2005 1777 2060 Isaiam

203 2108 540 2167 ceterosque
570 2099 894 2168 prophetas,
933 2097 1206 2168 quomodo
1240 2106 1293 2152 et
1324 2098 1462 2151 visio
1496 2096 1660 2168 Tyri,
1696 2099 1778 2152 vel

202 2206 547 2261 quzecuuque
577 2190 969 2261 prapbetautur
995 2192 1061 2245 de
1098 2189 1275 2261 Tyro,
1310 2191 1394 2245 vel
1428 2191 1495 2244 de
1538 2191 1780 2261 principe

202 2281 359 2353 Tyri,
389 2281 665 2352 quomodo
687 2282 848 2336 etiam
881 2281 1018 2337 visio
1040 2281 1453 2351 quadrupedum
1483 2279 1541 2336 In
1564 2281 1778 2337 deserto

203 2373 350 2442 apud
397 2371 587 2426 Isaiam
633 2371 903 2441 pendeant
944 2371 995 2425 in
1042 2371 1255 2425 duobus
1299 2371 1420 2425 istis
1460 2371 1781 2427 mandatis?

199 2463 362 2531 Quod
388 2474 566 2519 autem
593 2464 803 2518 videtur
825 2463 955 2517 mihi
981 2465 1031 2517 in
1060 2464 1160 2517 hoc
1180 2463 1321 2526 loco,
1344 2463 1652 2533 hujusmodi
1673 2474 1774 2519 est.

202 2558 311 2623 Qui
355 2557 539 2611 omnia
591 2556 833 2626 implevit
864 2571 985 2625 quae
1015 2555 1216 2625 scripta
1248 2564 1374 2610 sunt
1402 2554 1470 2609 de
1515 2553 1608 2609 Dei
1646 2556 1779 2609 dile-

200 2651 389 2704 ctione
415 2658 469 2703 et
492 2648 745 2720 proximi,
778 2648 975 2715 dignus
996 2656 1079 2702 est
1098 2646 1363 2701 maximas
1386 2646 1588 2717 gratias
1615 2661 1645 2700 a
1670 2646 1779 2702 Deo

204 2742 522 2809 percipere,
562 2739 764 2809 quibus
802 2740 1124 2808 prapositus
1155 2747 1240 2793 est
1281 2736 1562 2807 sapientia:
1597 2752 1778 2792 sermo

199 2846 301 2899 per
327 2830 587 2898 Spiritum
619 2842 890 2893 sanctum,
929 2846 1023 2899 per
1048 2845 1207 2899 quem
1230 2841 1409 2885 sermo
1428 2826 1670 2884 scientiae
1685 2828 1776 2897 qui

201 2922 507 2977 secundum
531 2922 778 2993 spiritum
802 2932 903 2978 est.
923 2922 1128 2993 Dignus
1148 2930 1324 2976 autem
1346 2922 1672 2977 constitutus
1694 2918 1778 2974 bis

201 3016 465 3072 omnibus
491 3016 651 3071 donis
672 3016 907 3071 exsultat
932 3015 984 3068 in
1010 3014 1273 3082 sapientia
1299 3012 1413 3077 Dei,
1438 3012 1654 3079 plenum
1683 3010 1780 3064 ha-

199 3108 341 3161 bens
370 3122 466 3162 cor
494 3106 559 3162 de
585 3104 677 3161 Dei
706 3106 1014 3168 dilectione,
1039 3114 1093 3159 et
1118 3113 1284 3158 totam
1315 3104 1550 3157 animam
1576 3100 1779 3156 lumine

198 3200 446 3256 scicntia:
487 3199 812 3255 illustratam
837 3239 853 3263 ,
898 3208 952 3253 et
984 3206 1151 3253 totam
1192 3205 1429 3252 mentem
1470 3194 1631 3249 verbo
1663 3192 1775 3248 Dei.

196 3292 545 3345 Consecutus
571 3299 751 3345 autem
783 3288 1097 3359 huiusmodi
1129 3288 1272 3343 dona
1295 3302 1359 3342 ex
1386 3284 1515 3350 Deo,
1536 3284 1780 3356 profecto

198 3383 455 3451 intelligit
473 3397 688 3438 omnem
716 3382 888 3453 legem
914 3391 968 3436 et
989 3381 1283 3452 prophetas
1306 3388 1512 3449 partem
1540 3379 1778 3449 aliquam

194 3489 322 3529 esse
349 3488 414 3527 ex
446 3473 594 3526 omni
637 3472 901 3542 sapientia
934 3481 987 3525 et
1020 3472 1243 3527 scientia
1272 3470 1397 3537 Dei,
1430 3481 1485 3525 et
1532 3470 1782 3542 intelligit

195 3584 422 3624 omnem
453 3569 623 3639 legem
652 3577 705 3623 et
731 3569 1026 3638 prophetas
1057 3568 1311 3637 pendere,
1346 3574 1401 3623 et
1437 3566 1713 3623 adhaerere
1746 3583 1777 3622 a

195 3661 472 3732 principio
498 3660 806 3715 dilectionis
830 3659 1045 3713 Domini
1078 3658 1173 3713 Dei
1198 3668 1251 3712 et
1276 3658 1529 3728 proximi,
1555 3667 1610 3713 et
1637 3673 1783 3728 quo-

196 3752 352 3806 niam
385 3749 902 3827 perfectiqpietatis
928 3750 981 3803 in
1004 3749 1293 3804 dilectione
1325 3748 1595 3804 consistit.
1625 3746 1781 3803 Sutil—

196 3842 406 3897 cientia
444 3841 668 3910 quidem
717 3848 844 3896 sunt
873 3848 928 3895 et
973 3839 1078 3893 ista
1124 3855 1246 3909 qua:
1280 3838 1519 3895 diximus
1550 3857 1564 3904 ;
1597 3849 1779 3894 tamen

196 3936 266 3989 ad
300 3934 823 3990 demonstrationem
855 3932 1247 4003 magnitudinis
1272 3932 1393 4002 ejus
1423 3932 1780 3987 nihilominus

196 4026 456 4080 coriveuit
495 4034 551 4080 et
584 4026 686 4079 ista
721 4024 1049 4094 subjungere
1086 4041 1099 4077 :
1133 4022 1381 4077 Charitas
1421 4024 1627 4092 patiens
1666 4034 1777 4088 est,

196 4116 426 4188 benigna
447 4125 547 4171 est.
565 4115 814 4170 Charitas
839 4131 943 4168 non
963 4114 1204 4182 inflatur,
1228 4130 1329 4167 non
1354 4115 1462 4185 agit
1484 4130 1777 4184 perperam,

197 4225 304 4264 non
345 4218 423 4263 est
453 4208 756 4271 ambitiosa,
777 4224 879 4262 non
906 4208 1307 4271 irritatur,'non
1330 4207 1522 4275 cogitat
1557 4202 1777 4268 malum,

196 4320 306 4357 non
335 4301 530 4373 gaudet
560 4316 715 4371 super
747 4299 1104 4370 iniquitatem,
1132 4295 1423 4368 cougaudet
1449 4304 1624 4349 autem
1648 4295 1782 4349 veri-

199 4394 338 4457 tati,
379 4392 560 4446 omnia
602 4392 860 4456 sustinet,
899 4390 1073 4444 omnia
1115 4388 1315 4452 credit,
1359 4388 1537 4441 omnia
1569 4395 1779 4448 sperat,

196 4487 441 4542 charitas
463 4503 731 4557 nunquam
754 4486 1039 4541 excidit".
1066 4482 1234 4537 Nemo
1253 4483 1398 4538 enim
1421 4480 1781 4554 pusillanimis

1886 2010 2081 2066 ctionis
2122 2012 2398 2076 mandata,
2439 2009 2532 2063 Dei
2575 2020 2630 2063 et
2668 2008 2922 2079 proximi,
2962 2008 3083 2062 ideo
3119 2007 3351 2063 habebat
3400 2007 3454 2060 in

1887 2118 1945 2158 se
1978 2103 2143 2157 totius
2176 2102 2334 2171 Legis
2366 2110 2418 2157 et
2447 2102 2841 2171 Prophetarum
2876 2098 3220 2155 manifestata
3250 2107 3453 2169 myste-

1887 2194 1990 2258 ria,
2035 2203 2091 2248 ut
2123 2193 2428 2263 intelligens
2476 2207 2539 2248 ea
2570 2194 2796 2258 diceret,
2849 2191 3110 2262 quoniam
3161 2190 3341 2245 omnis
3371 2190 3454 2245 les

1884 2294 1938 2339 et
1972 2284 2249 2354 propheta:
2275 2284 2329 2337 in
2356 2284 2440 2338 his
2467 2283 2681 2339 duobus
2711 2283 2982 2338 mandatis
3008 2281 3259 2351 pendent.

1956 2376 2008 2430 5.
2050 2376 2398 2447 Congregatis
2443 2385 2620 2435 autem
2651 2375 2967 2439 Phariswis,
2999 2372 3341 2443 interrogavit
3367 2388 3455 2426 eos

1884 2467 2041 2522 Jesus
2080 2469 2256 2522 dicens
2285 2486 2303 2523 :
2333 2467 2472 2533 Quid
2512 2468 2654 2521 vobis
2701 2467 2907 2521 videtur
2948 2467 3011 2522 de
3035 2465 3269 2530 Christo,
3305 2465 3455 2533 cujus
3556 2464 3559 2469 “

1881 2571 1959 2614 est
1993 2560 2179 2628 filius?
2211 2558 2407 2611 Dicunt
2442 2559 2512 2620 ei,
2554 2558 2741 2611 David.
2796 2556 2936 2610 Dicit
2978 2557 3053 2611 eis
3086 2555 3242 2610 Jesus
3264 2571 3283 2610 :
3308 2557 3455 2620 Quo-

1886 2652 2040 2706 modo
2078 2667 2199 2720 ergo
2242 2650 2414 2703 David
2463 2650 2518 2703 in
2563 2650 2755 2719 spiritu
2796 2648 3078 2702 Dominum
3126 2664 3244 2701 eum
3285 2656 3455 2711 vocat,

1884 2742 2061 2795 dicens
2085 2759 2101 2796 :
2129 2740 2281 2794 Dixit
2308 2740 2564 2795 Dominus
2594 2740 2817 2794 Domino
2850 2756 2994 2793 meo:
3023 2738 3157 2794 Sede
3194 2755 3227 2792 a
3256 2739 3457 2793 dextris

1887 2836 2039 2897 meis,
2072 2834 2237 2887 donec
2278 2850 2470 2902 ponam
2517 2832 2757 2886 inimicos
2799 2841 2915 2886 tuos
2956 2831 3238 2887 scabellum
3267 2832 3457 2901 pedum

1886 2927 2137 2980 tuorum?
2171 2924 2231 2979 Si
2274 2941 2397 2995 ergo
2429 2924 2598 2977 David
2633 2923 2914 2977 Dominum
2961 2940 3080 2977 eum
3124 2932 3295 2986 vocat,
3322 2938 3455 2993 quo-

1885 3018 2038 3071 modo
2084 3016 2227 3086 ﬁlius
2260 3016 2373 3084 ejus
2412 3016 2536 3069 est?
2580 3014 2647 3069 Et
2696 3030 2845 3068 nemo
2893 3023 3100 3084 poterat
3150 3013 3457 3083 respondere

1883 3110 1931 3163 ei
1960 3111 2194 3171 verbum,
2228 3124 2320 3161 nec
2355 3116 2517 3161 ausus
2561 3115 2638 3161 est
2674 3107 2952 3176 quisquam
2993 3122 3056 3160 ex
3085 3105 3180 3159 illa
3216 3104 3347 3159 hora
3373 3105 3455 3158 iu-

1887 3211 2151 3272 terrognre
2196 3200 2482 3271 quidquam
2508 3201 2576 3256 ".
2632 3198 2807 3253 Verba
2847 3197 3066 3268 quidem
3108 3197 3230 3271 ipsa
3280 3187 3456 3266 poSita

1882 3301 2012 3348 sunt
2057 3292 2112 3346 in
2149 3291 2358 3361 psalmo
2404 3289 2705 3345 centesimo
2748 3301 2894 3342 nono
2920 3288 2936 3318 ¹
2967 3304 2981 3341 :
3011 3286 3158 3340 Dixit
3200 3284 3456 3339 Dominus

1882 3384 2109 3439 Domino
2140 3400 2251 3437 meo
2276 3402 2294 3440 :
2328 3381 2458 3439 Sede
2487 3399 2518 3437 a
2545 3382 2747 3436 dextris
2768 3381 2914 3447 meis,
2944 3379 3107 3433 donec
3134 3393 3324 3447 ponam
3354 3376 3452 3430 ini-

1881 3481 2043 3533 micos
2096 3488 2213 3531 tuos
2242 3475 2531 3531 scabellum
2579 3474 2775 3544 pedum
2808 3481 3039 3525 tuorum.
3087 3469 3257 3538 Quasi
3289 3466 3457 3523 conli-

1885 3570 2122 3623 tentibus
2169 3576 2348 3621 autem
2384 3563 2673 3619 Pharisaeis
2724 3562 2986 3632 quoniam
3012 3560 3106 3630 qui
3147 3560 3287 3613 dixit
3331 3557 3458 3628 qui-

1881 3661 2028 3725 dem,
2077 3668 2163 3713 est
2209 3656 2472 3711 Dominus
2505 3653 2681 3719 Deus,
2736 3652 2804 3705 ad
2849 3665 3010 3721 quem
3068 3659 3249 3704 autem
3299 3648 3456 3712 dixit,

1882 3748 2154 3805 secundus
2182 3745 2445 3799 Dominus
2464 3741 2736 3803 Christus,
2766 3738 3064 3806 interrogat
3089 3748 3184 3789 eos
3212 3732 3459 3787 Salvator

1881 3842 2067 3896 dicens
2096 3854 2110 3890 :
2149 3837 2290 3905 Quid
2332 3836 2476 3889 vobis
2519 3833 2728 3888 videtur
2751 3831 2816 3885 de
2840 3829 3075 3895 Christo,
3108 3827 3259 3895 cujus
3290 3835 3369 3880 est
3392 3826 3462 3895 [i-

1881 3932 1986 3988 lius
2014 3934 2039 3986 ?
2086 3929 2151 3985 Et
2198 3929 2262 3985 ad
2316 3924 2728 3997 responsionem
2782 3934 2971 3975 eorum
3018 3918 3110 3989 qui
3164 3917 3453 3972 dixerunt:

1882 4024 2076 4086 David,
2111 4022 2259 4076 addit
2284 4020 2471 4089 dicens
2500 4034 2513 4070 :
2542 4014 2601 4070 Si
2630 4013 2799 4068 David
2822 4011 3107 4065 Dominum
3134 4024 3253 4063 eum
3278 4016 3453 4069 vocat,

1880 4112 2140 4184 quomodo
2194 4109 2341 4179 ﬁlius
2395 4106 2509 4177 ejus
2553 4104 2679 4158 est?
2745 4102 2916 4172 Digna
2978 4107 3063 4154 est
3101 4113 3202 4169 ego
3253 4111 3342 4152 res
3392 4105 3454 4151 ut

1881 4205 2163 4259 videamus
2205 4200 2336 4270 quid
2377 4198 2565 4252 volens
2597 4203 2866 4266 proponat
2895 4190 3145 4245 Salvator
3162 4186 3455 4243 Pharisaeis

1883 4294 2235 4366 quaestionem
2279 4290 2346 4346 de
2384 4288 2627 4354 Christo,
2674 4294 2735 4340 ut
2778 4282 3166 4354 responderent
3213 4278 3343 4350 quid
3374 4277 3455 4334 eis

1884 4385 2177 4445 videretur,
2204 4390 2259 4436 et
2284 4394 2406 4450 quae
2438 4377 2537 4432 fuit
2570 4390 2735 4431 causa
2765 4381 2823 4427 ut
2859 4388 2969 4427 non
2998 4377 3223 4441 possent
3248 4369 3295 4423 ei
3324 4368 3455 4423 dare

1883 4486 2230 4543 responsum.
2276 4469 2340 4522 Et
2374 4465 2672 4537 simplicior
2705 4462 2903 4533 aliquis
2944 4476 3012 4516 ex
3040 4458 3457 4515 discutientibus

197 4581 537 4637 constitutus
560 4552 882 4634 charitatem
900 4576 1081 4641 habet,
1100 4591 1199 4630 nec
1214 4552 1552 4632 contrarium
1573 4578 1777 4649 aliquid

1885 4568 2044 4631 dicet,
2091 4563 2221 4634 quia
2254 4561 2509 4616 voluntas
2538 4554 2838 4612 Salvatoris
2887 4552 2990 4606 fuit
3024 4552 3159 4618 haec,
3208 4559 3268 4605 ut
3300 4563 3455 4604 com-

200 4672 412 4727 l'aciens
450 4670 790 4741 benignitati,
837 4685 1013 4740 neque.
1049 4670 1230 4725 zelans
1257 4668 1432 4723 zelum
1477 4684 1638 4739 quem
1683 4670 1783 4724 ha-

198 4767 442 4818 buerunt
469 4763 791 4832 patriarchae
828 4761 1090 4816 adversus
1122 4758 1323 4829 Ioseph
1348 4798 1363 4823 ,
1394 4760 1691 4815 velAaron
1728 4768 1783 4816 et

200 4855 375 4909 Maria
411 4861 601 4909 contra
643 4852 882 4925 Moysen.
930 4851 997 4906 Et
1036 4864 1196 4906 nemo
1236 4849 1455 4905 inﬂatus
1491 4850 1655 4906 habet
1695 4851 1781 4906 di-

200 4948 518 5009 lectionem,
554 4960 727 5015 neque
752 4959 1035 5014 perperam
1067 4941 1269 5011 aliquid
1297 4958 1497 5013 agens,
1544 4957 1646 4998 nec
1686 4943 1781 5012 qui

202 5040 259 5093 in
303 5037 642 5093 iracundiam
673 5037 961 5093 excitatur.
1004 5034 1134 5091 Item
1180 5050 1341 5090 nemo
1371 5035 1615 5105 cogitans
1658 5050 1779 5088 ma-

202 5130 318 5183 lum
353 5128 673 5184 charitatem
715 5127 877 5182 habet
928 5126 982 5180 in
1008 5126 1171 5181 corde
1216 5125 1623 5196 coinquinatus.
1673 5121 1778 5189 Qui

199 5222 367 5294 333
397 5220 719 5276 charitatem
751 5219 932 5284 habet,
967 5233 1247 5289 nunquam
1277 5217 1345 5273 de
1384 5218 1568 5287 aliqua
1601 5231 1663 5279 re,
1685 5216 1773 5271 in-

197 5315 351 5382 justa
392 5311 608 5384 gaudet,
661 5311 755 5367 sed
794 5324 1010 5379 semper
1050 5309 1263 5365 veritati
1303 5308 1625 5379 congaudet.
1673 5306 1778 5373 Qui

201 5407 527 5463 charitatem
555 5404 740 5468 habet,
789 5402 974 5458 omnia
1008 5401 1308 5459 accidentia
1352 5400 1586 5457 sustinet
1616 5399 1779 5464 mala,

122 5568 131 5575 ,
203 5508 259 5555 et
283 5513 394 5553 non
429 5510 529 5567 pro
573 5503 725 5566 parte
770 5493 964 5561 credit,
1000 5494 1094 5549 sed
1129 5491 1310 5548 omnia
1353 5491 1547 5557 credit,
1578 5498 1633 5546 et
1669 5504 1779 5544 non

203 5607 270 5648 ex
294 5599 448 5662 parte
475 5596 676 5661 sperat,
697 5586 791 5643 sed
831 5588 1016 5643 omnia
1048 5593 1250 5657 sperat,
1266 5599 1365 5640 nec
1384 5593 1468 5639 est
1490 5581 1780 5656 quod;non

275 5810 324 5844 "
356 5810 372 5862 I
402 5811 529 5867 Cor.
560 5827 678 5880 xm,
704 5810 821 5866 4-8.
894 5808 939 5842 ⁸⁸
964 5805 1123 5863 Rom.
1151 5820 1268 5870 vnl,
1293 5804 1382 5871 55,
1411 5804 1501 5861 36.
1574 5804 1619 5837 ⁸⁷
1637 5801 1766 5859 ibid.
1792 5801 1881 5859 37.

212 5882 228 5913 ⁸
255 5896 396 5939 vers.
433 5886 477 5937 t.

1888 4665 2131 4730 pesccret
2154 4655 2553 4710 Pharisaeorum
2587 4649 2870 4705 audaciam
2900 4644 3101 4699 multas
3135 4641 3461 4714 propositio-

1888 4767 1985 4807 nes
2039 4747 2460 4821 proponentium
2507 4744 2579 4808 ei,
2632 4740 2885 4798 similiter
2940 4746 2995 4793 et
3031 4735 3457 4791 Sadducaeorum

1886 4844 1979 4916 qui
2034 4846 2436 4914 proposuerant
2480 4837 2531 4892 ei
2574 4835 2641 4891 de
2692 4840 2901 4903 septem
2942 4827 3202 4884 fratribus
3252 4834 3307 4880 et
3350 4838 3460 4879 una

1886 4951 2058 4991 uxore
2107 4948 2321 4989 eorum.
2368 4929 2637 4997 Quoniam
2686 4938 2815 4996 ergo
2870 4921 3041 4977 multa
3091 4925 3459 4988 proponentes

1884 5026 2146 5084 Pharisaei
2181 5033 2236 5081 et
2266 5021 2548 5079 Sadducaei
2580 5017 2786 5088 aliquid
2813 5016 2995 5070 dicere
3023 5009 3367 5072 videbantur,
3402 5014 3458 5061 et

1887 5119 1991 5173 hoc
2019 5116 2280 5173 iacientes
2310 5127 2419 5167 non
2450 5109 2606 5181 quasi
2628 5103 2879 5176 discipuli
2902 5102 3115 5157 discere
3143 5094 3455 5166 cupiebant,

1884 5208 1976 5264 sed
2008 5207 2288 5263 tentabant
2315 5202 2617 5265 Christum,
2645 5206 2700 5253 et
2724 5196 2803 5253 sic
2833 5192 3155 5249 videbantur
3179 5185 3310 5257 legis
3336 5198 3459 5240 esse

1881 5304 2155 5366 doctores,
2199 5313 2324 5355 cum
2369 5311 2477 5352 non
2522 5298 2728 5358 essent,
2766 5289 2889 5345 ideo
2937 5284 3041 5341 fuit
3081 5291 3136 5338 et
3163 5279 3457 5335 Dominum

1883 5392 2363 5465 interrogationem
2403 5399 2703 5459 proponere
2745 5381 2825 5436 eis
2867 5375 3256 5439 necessarium,
3285 5370 3461 5442 proii-

1885 5464 2121 5543 teutibus
2147 5484 2281 5555 legis
2308 5481 2506 5536 habere
2535 5491 2594 5531 se
2623 5472 2928 5535 scientiam,
2952 5477 3013 5523 ut
3041 5479 3223 5523 coram
3254 5464 3464 5535 pOpulo

1886 5584 2138 5649 argueret
2182 5587 2301 5639 eos,
2350 5584 2475 5626 cum
2514 5577 2838 5638 responsum
2877 5560 2943 5615 ad
2973 5559 3301 5626 interrogata
3354 5567 3464 5607 nun

1978 5800 2024 5833 ’⁸
2050 5795 2184 5853 ibid.
2211 5794 2303 5862 38,
2328 5793 2419 5849 59.
2494 5792 2540 5825 ”
2566 5787 2758 5844 Matth.
2805 5800 2954 5852 xxiv,
2994 5783 3085 5850 41,
3110 5779 3181 5837 42
3214 5786 3273 5849 et
3311 5792 3466 5847 seqq.
