4004 6548
572 422 710 481 1307

1730 424 2056 482 ORIGENIS
2091 427 2155 483 IN
2196 427 2613 488 MATTIIIEUM

3682 433 3816 486 £608

544 540 833 607 dederint,
868 542 982 613 ipse
1016 542 1081 597 ad
1102 541 1284 597 omnia
1328 541 1697 611 reSpondens:
1733 544 1990 612 quoniam
2022 545 2136 615 ipse
2169 554 2211 608 Α
2239 546 2477 613 Christo,
2527 546 2619 617 qui
2660 560 2765 599 non
2818 544 2997 599 solum
3045 543 3317 599 excedens
3351 554 3474 600 erat
3521 545 3815 599 humanam

564 632 783 703 quidem
808 632 1035 689 idoneus
1059 642 1176 688 erat
1200 633 1496 689 secundum
1532 632 1924 702 professionem
1951 635 2142 690 docto-

566 723 719 778 ribus
759 720 1564 785 condeeentem,omanifestarc
1610 734 1662 777 et
1689 723 1899 777 tradere
1935 724 2140 778 doctri-

565 831 691 870 nam
717 817 956 872 divinam
989 835 1003 873 :
1035 818 1110 871 illi
1146 828 1463 881 autem,nec
1490 817 1665 885 ipsum
1693 814 2017 885 Prophetam
2046 819 2138 888 qui

563 918 680 962 erat
708 908 982 980 fastigium
1014 910 1424 979 prophetarum,
1446 907 1709 961 sciebant.
1740 907 1931 963 Adhuc
1957 919 2135 963 autem

564 1000 651 1054 cui
681 1002 792 1055 haec
821 1002 1090 1069 expositio
1124 1001 1316 1066 placet,
1348 1002 1610 1071 adjiciens
1653 1002 1820 1058 dicit:
1848 1001 2134 1073 Propterea

564 1101 618 1147 et
648 1093 729 1148 sic
757 1092 944 1162 adjicit
978 1092 1259 1163 Scriptura
1304 1093 1601 1164 Evangelii,
1637 1094 1854 1148 dicens:
1884 1093 1946 1147 Et
1991 1111 2137 1148 nemo

561 1194 764 1253 poterat
801 1186 1110 1253 respondere
1143 1186 1190 1239 ei
1216 1185 1446 1252 verbum,
1471 1202 1560 1251 nec
1588 1203 1746 1239 ausus
1772 1187 2043 1256 quisquam
2074 1203 2138 1240 ea:

566 1276 663 1329 illa
693 1276 824 1330 liora
865 1278 1190 1347 interrogare
1226 1294 1343 1332 eum
1375 1277 1604 1332 verbum.
1643 1277 1819 1334 Causa
1872 1287 2050 1332 alitem
2078 1288 2137 1333 ut

563 1385 672 1423 non
705 1379 887 1425 essent
918 1371 1037 1423 ausi
1084 1371 1419 1439 interrogare
1466 1386 1589 1424 eum
1638 1370 1982 1439 postmodum
2013 1386 2134 1425 ver-

561 1459 712 1527 bum,
745 1461 858 1515 haac
890 1460 1010 1527 fuit,
1057 1460 1182 1530 quia
1227 1461 1543 1531 interrogati
1592 1460 1913 1531 respondere
1948 1460 1996 1514 ei
2024 1476 2130 1516 non

563 1561 874 1622 pouterunt.
927 1550 984 1607 Si
1034 1553 1179 1607 enim
1225 1553 1577 1623 interrogatio
1622 1569 1814 1609 eorum
1848 1553 2131 1608 fuissetex

562 1644 834 1699 voluntate
860 1643 1127 1710 discendi,
1158 1659 1432 1714 nunquam
1462 1645 1588 1701 talia
1615 1647 1695 1701 eis
1738 1646 2127 1716 proposuisset,

560 1747 619 1793 ut
668 1739 1017 1808 postmodum
1067 1754 1176 1793 non
1207 1749 1391 1794 essent
1441 1741 1560 1797 ausi
1612 1740 1965 1811 interrogare.
2023 1738 2128 1794 Sed

559 1839 828 1886 tentantes
878 1830 1304 1901 interrogabant,
1349 1830 1472 1885 ideo
1511 1831 1793 1885 obstruere
1833 1845 1928 1885 eos
1959 1830 2129 1884 voluit

2244 651 2535 705 naturam,
2581 639 2672 693 sed
2727 637 2885 691 etiam
2939 645 3164 690 caeteras
3214 636 3464 706 genitas,
3515 637 3815 691 secundum

2242 732 2385 801 quod
2438 730 2555 783 ait”
2602 743 2615 780 :
2660 727 2726 781 In
2776 725 3142 795 splendoribus
3210 738 3517 779 sanctorum
3556 743 3627 780 ex
3675 738 3817 780 autem

2242 833 2362 876 ante
2382 820 2686 890 Luciferum
2712 819 2866 889 genui
2895 828 2961 872 te.
3015 815 3134 871 Non
3162 818 3304 872 enim
3337 818 3654 888 specialiter
3680 819 3817 873 desi-

2241 917 2426 987 gnavit
2474 917 2525 968 in
2558 915 2941 985 splendorihus
2990 912 3299 983 aliquorum
3350 922 3696 976 sanctorum,
3729 912 3814 966 sed

2239 1003 2560 1071 generaliter
2604 1004 2669 1056 de
2701 1002 2955 1056 omnibus
3005 1002 3230 1064 sanctis,
3277 1002 3329 1055 id
3367 1012 3453 1056 est
3492 1018 3603 1056 non
3644 1002 3812 1055 solum

2239 1095 2543 1161 hominum,
2579 1095 2673 1150 sed
2704 1096 2865 1148 etiam
2899 1092 3239 1162 angelorum,
3266 1094 3456 1148 dicens
3497 1111 3512 1146 :
3545 1092 3615 1146 In
3646 1093 3815 1163 splen-

2236 1189 2452 1243 duribus
2480 1196 2784 1241 sanctorum
2812 1201 2876 1240 es:
2905 1196 3052 1241 utero
3085 1195 3206 1240 ante
3228 1184 3540 1255 Luciferum
3571 1187 3730 1255 genui
3752 1194 3811 1241 te.

2237 1282 2303 1335 Et
2347 1282 2390 1336 si
2433 1281 2652 1351 quidem
2701 1279 2979 1349 sapienter
3010 1278 3453 1333 considerassent
3489 1287 3544 1331 et
3585 1276 3720 1329 illud
3747 1276 3810 1328 “z

2234 1372 2447 1427 Juiarit
2474 1372 2749 1437 Dominus,
2780 1386 2871 1425 nec
2912 1386 3030 1424 cum
3057 1369 3343 1439 paenitebit,
3390 1378 3447 1420 tu
3484 1385 3541 1421 es
3566 1368 3809 1421 sacerdos

2236 1467 2288 1519 in
2318 1474 2573 1520 wternum
2608 1465 2897 1517 secundum
2932 1463 3167 1515 ordinem
3194 1459 3606 1523 Melchisedech,
3637 1457 3811 1526 subje-

2234 1557 2434 1611 cissent
2468 1556 2656 1626 utique
2689 1571 2748 1610 se
2790 1555 2931 1610 sicut
2971 1550 3223 1623 discipuli
3268 1551 3361 1606 tuli
3403 1548 3687 1604 Salvatori
3724 1563 3813 1602 uo-

2233 1659 2367 1712 stro,
2410 1650 2500 1718 qui
2551 1664 2581 1702 a
2617 1647 2724 1702 Deo
2763 1655 2881 1703 erat
2934 1646 3289 1700 transmissus
3341 1643 3616 1713 magister
3662 1649 3812 1709 atque

2232 1739 2505 1794 sacerdos.
2558 1737 2664 1794 Sed
2717 1753 2880 1793 causa
2923 1737 3047 1802 fuit,
3097 1743 3316 1807 propter
3353 1750 3524 1805 quam
3556 1731 3814 1786 Pharisazi

2231 1846 2340 1885 non
2373 1838 2666 1901 potuerunt
2696 1821 3023 1899 respondere
3044 1827 3388 1882 sermonibus
3413 1823 3653 1888 Christi,
3689 1824 3811 1877 ista:

558 1923 984 1994 interrogatione
1008 1938 1128 1988 sua,
1158 1930 1216 1977 ut
1242 1922 1628 1977 erubescentes
1671 1921 2016 1991 quiescerent
2063 1919 2131 1973 ab
2165 1926 2205 1981 Β
2231 1923 2487 1992 quoniam
2522 1922 2658 1977 nihil
2688 1937 2947 1991 magnum
2983 1921 3051 1976 de
3082 1919 3302 1974 Christo
3332 1918 3386 1972 in
3422 1918 3640 1972 sanctis
3676 1913 3813 1969 Scri-

557 2011 784 2066 audacia
807 2026 927 2074 sua,
950 2018 1003 2065 et
1026 2011 1372 2080 postmodum
1399 2011 1530 2064 nihil
1561 2011 1956 2082 interrogarent
1980 2025 2127 2064 eum.

558 2102 683 2158 Haec
709 2101 1010 2159 secundum
1037 2102 1366 2158 intellectum
1403 2103 1664 2173 simplicis
1698 2103 2129 2173 iuterpretatoris

557 2211 750 2253 sumus
784 2197 969 2251 locuti.

630 2289 683 2343 ϐ.
744 2287 854 2343 Nos
915 2295 1095 2342 autem
1163 2286 1400 2341 dicimus
1447 2280 1708 2357 quoniam
1765 2287 2130 2356 cegnoseebat

555 2379 795 2450 seipsum
824 2377 1070 2432 Salvator
1095 2385 1145 2431 et
1171 2375 1436 2432 Dominus
1462 2385 1645 2432 noster
1675 2376 1876 2431 factum
1909 2377 2127 2446 quidem

556 2486 619 2526 ex
651 2470 856 2526 semine
879 2469 1047 2524 David
1082 2469 1378 2524 secundum
1411 2483 1651 2534 carnem,
1684 2464 2126 2538 praedestinatum

557 2569 738 2614 autem
785 2557 983 2613 Filium
1032 2558 1125 2613 Dei
1179 2557 1232 2611 in
1279 2558 1554 2625 virtute’;
1598 2566 1652 2612 ct
1700 2558 1956 2627 quoniam
2014 2557 2129 2611 lucc

556 2653 736 2706 omnia
776 2659 926 2705 erant
972 2666 1093 2720 quae
1122 2650 1238 2720 ipse
1269 2649 1335 2704 de
1366 2664 1425 2703 se
1458 2648 1660 2704 docens
1688 2649 1903 2704 dicebat
1925 2648 1983 2700 ³ε
2016 2647 2128 2718 Ego

556 2757 676 2798 sum
710 2742 811 2805 via,
857 2741 1047 2795 veritas
1093 2748 1145 2795 et
1189 2740 1335 2802 vita;
1367 2753 1460 2809 ego
1494 2754 1612 2792 sum
1645 2738 1849 2808 janua;
1888 2754 1980 2808 ego
2011 2754 2127 2791 sum

558 2835 905 2901 resurrectio;
957 2849 1052 2906 ego
1092 2849 1209 2888 sum
1254 2832 1410 2901 punis
1452 2833 1596 2887 vivus
1635 2833 1727 2904 qui
1765 2831 1830 2887 de
1871 2833 1997 2886 caelo
2035 2831 2128 2886 de-

556 2927 769 2992 scendi;
820 2933 875 2981 et
920 2925 1100 2980 sciens
1142 2938 1263 2980 esse
1308 2939 1368 2979 se
1411 2932 1539 2979 ante
1584 2924 1921 2979 nativitatem
1960 2923 2126 2979 etiam

562 3019 733 3090 ipsius
785 3017 1037 3080 Abrahae,
1090 3024 1311 3087 propter
1362 3015 1509 3085 quod
1554 3022 1610 3070 et
1653 3015 1870 3071 dicebat
1915 3032 1929 3068 :
1992 3017 2128 3070 Ante

557 3110 825 3165 Abraham
873 3124 966 3180 ego
1007 3107 1204 3175 sum‘;
1249 3114 1304 3161 et
1347 3106 1525 3162 sciens
1561 3106 1816 3176 quoniam
1861 3107 2126 3178 sapientia

553 3211 692 3266 erat,
728 3210 781 3255 et
814 3198 1052 3254 Verbum
1102 3197 1323 3265 vivum;
1369 3199 1633 3269 sapientia
1686 3199 1903 3268 quidem
1957 3216 2121 3269 quam

2232 2013 2407 2082 pluris
2444 2016 2678 2082 positum
2707 2013 3032 2077 sentiebant,
3071 2010 3163 2067 sed
3195 2006 3579 2065 tantummodo
3604 2007 3677 2060 de
3709 2006 3814 2061 dis-

2229 2104 2547 2175 pensatione
2598 2103 2717 2172 ejus
2787 2105 3058 2167 humana,
3112 2101 3207 2158 sed
3263 2117 3363 2157 nec
3423 2103 3602 2170 ipsam
3659 2100 3812 2169 digne

2228 2195 2411 2251 divina
2463 2195 2885 2266 dispensatione.
2938 2193 3080 2249 Puto
3129 2193 3273 2249 enim
3325 2194 3470 2263 quod
3524 2207 3629 2247 nec
3688 2191 3811 2245 illud

2229 2287 2475 2342 sciebant
2513 2287 2658 2357 quod
2685 2288 2861 2342 dixit:
2888 2285 3024 2340 Ecce
3061 2286 3204 2357 virgo
3252 2286 3305 2337 in
3336 2295 3488 2339 utero
3529 2284 3810 2352 concipiet,

2228 2390 2277 2433 et
2312 2378 2587 2433 vocabitur
2632 2394 2819 2434 nomen
2867 2378 2981 2448 ejus
3010 2377 3431 2440 Emmanuel“;
3488 2390 3595 2430 nec
3643 2375 3807 2429 illud:

2221 2469 2357 2526 Ecce
2386 2472 2589 2525 orietur
2625 2469 2781 2526 stella
2821 2485 2888 2525 es:
2918 2468 3087 2523 Iacob
3133 2468 3198 2533 ι’,
3239 2468 3307 2524 de
3339 2465 3626 2523 nativitatc
3661 2464 3814 2529 rich,

2220 2567 2346 2624 licet
2368 2567 2587 2624 Christi.

2298 2653 2354 2708 7.
2398 2654 2515 2706 Hot.
2555 2657 2738 2705 autem
2789 2652 2965 2720 ipsum
3011 2649 3156 2718 quod
3204 2648 3337 2703 dicit
3376 2661 3434 2700 tu
3473 2659 3698 2715 psaano
3735 2645 3808 2696 ":

2228 2742 2379 2799 Dixit
2423 2742 2684 2797 Dominus
2712 2740 2936 2794 Domino
2982 2755 3093 2794 utea
3128 2755 3147 2794 :
3186 2737 3318 2794 Sede
3350 2756 3382 2791 a
3411 2737 3613 2792 dextris
3651 2738 3808 2803 meis,

2227 2837 2390 2891 donec
2409 2849 2600 2905 ponam
2622 2833 2863 2888 inimicos
2893 2841 3009 2887 tuos
3031 2830 3317 2885 scabellum
3351 2830 3542 2901 pedum
3568 2841 3806 2891 tuorum,

2227 2924 2586 2997 opportunius
2654 2922 2871 2994 quidem
2917 2931 3151 2991 exponet
3211 2921 3374 2991 quis,
3430 2934 3557 2975 cum
3622 2920 3807 2989 ipsum

2227 3018 2330 3074 sibi
2364 3032 2635 3088 exponere
2663 3014 3008 3087 proposuerit
3032 3014 3323 3084 psalmum.
3357 3010 3424 3066 Et
3448 3027 3596 3066 nunc
3619 3019 3806 3066 tamen

2227 3125 2449 3167 sensum
2476 3110 2596 3180 ejus
2623 3106 2812 3163 leviter
2835 3108 3210 3179 degustemus,
3250 3103 3358 3160 Nec
3389 3102 3487 3158 tibi
3522 3103 3806 3157 describas

2227 3200 2515 3256 sensibiles
2547 3199 2843 3261 sessiones,
2872 3206 2927 3252 et
2962 3197 3100 3252 duas
3126 3192 3437 3256 cathedras.
3463 3201 3517 3247 et
3554 3193 3806 3248 sedentes

556 3290 701 3346 Dens
737 3289 941 3345 creavit
970 3286 1298 3358 principium
1326 3289 1535 3343 viarum
1568 3304 1793 3344 suarum
1820 3290 1843 3321 ⁸
1872 3290 1925 3343 in
1960 3305 2121 3360 opera
2147 3297 2192 3356 c
2227 3308 2391 3363 super
2413 3305 2507 3347 eas
2539 3290 2781 3345 humano
2807 3289 3085 3345 schemate
3107 3285 3324 3341 Patrem
3358 3297 3412 3340 et
3446 3283 3645 3338 Filium
3671 3302 3690 3338 :
3716 3284 3807 3339 sed

555 3394 689 3445 sua;
735 3377 973 3433 Verbum
1011 3386 1192 3433 autem
1237 3377 1383 3447 quod
1416 3386 1535 3432 erat
1584 3379 1637 3433 in
1674 3379 1943 3450 principio
1980 3380 2121 3450 apud

556 3471 751 3536 Deum,
784 3469 926 3526 Deus
949 3469 1187 3525 Verbum
1213 3469 1274 3535 ⁶;
1321 3470 1436 3524 haec
1468 3471 1651 3525 omnia
1683 3471 1750 3527 de
1792 3485 1853 3526 se
1890 3471 2007 3541 ipso
2031 3487 2126 3526 eo-

558 3578 845 3634 gnoscens,
879 3570 932 3618 et
960 3562 1148 3618 videns
1177 3562 1504 3629 Pbarisacos,
1552 3561 1679 3632 quia
1726 3562 1858 3617 illud
1903 3562 2124 3633 quidem

555 3656 701 3726 quod
739 3656 1039 3711 secundum
1072 3654 1535 3726 dispensationem
1570 3655 1863 3710 humanam
1912 3664 1969 3710 et
2000 3671 2125 3725 pro-

555 3759 674 3819 pter
709 3746 959 3802 homines
1001 3753 1119 3800 erat
1164 3753 1226 3800 ut
1273 3760 1467 3815 capere
1513 3747 1745 3816 possint,
1782 3746 2026 3801 sciebant
2057 3761 2124 3801 ex

554 3840 753 3895 divinis
785 3838 1116 3908 Scripturis,
1151 3839 1409 3908 quoniam
1442 3838 1509 3892 de
1556 3837 1763 3893 semine
1808 3847 1925 3893 erat
1954 3837 2122 3892 David

553 3930 851 3985 secundum
910 3945 1172 3995 carnem,
1238 3928 1467 3985 forsitan
1520 3938 1703 3984 autem
1762 3932 2021 3999 quoniam
2069 3938 2124 3985 et

553 4022 777 4077 omnino
820 4037 945 4077 eum
997 4021 1405 4076 arbitrabantur
1442 4022 1611 4076 tilium
1660 4036 1785 4077 esse
1808 4021 1971 4076 David
2003 4022 2124 4076 :vi-

555 4115 690 4169 deus
721 4124 900 4169 autem
946 4115 1104 4186 longe
1133 4133 1233 4173 eos
1261 4130 1382 4171 esse
1411 4115 1479 4169 ab
1518 4114 1790 4170 intellectu
1822 4113 2123 4170 divinitatis

552 4222 665 4262 suae
720 4204 1019 4263 secundani
1062 4208 1207 4279 quod
1253 4205 1581 4278 principium
1650 4215 1769 4260 erat
1828 4206 2118 4270 universa),

554 4299 755 4353 nullius
798 4298 940 4355 illius
977 4299 1305 4361 constitutus
1347 4297 1453 4353 nisi
1483 4297 1573 4352 Dei
1610 4297 1705 4366 qui
1747 4311 1909 4365 super
1936 4296 2120 4350 omnia

550 4402 653 4459 est,
682 4408 910 4463 arguere
936 4392 1047 4465 (78)
1066 4394 1386 4449 titubantem
1440 4393 1896 4450 existimationem
1926 4408 2118 4448 eorum

551 4485 617 4539 de
648 4500 727 4549 se,
754 4493 808 4540 et
837 4500 1135 4555 provocare
1166 4500 1261 4541 eos
1297 4485 1646 4540 sermonibus
1691 4484 1828 4551 suis,
1863 4493 1922 4539 ut
1956 4484 2121 4539 velint

553 4575 843 4630 ascendere
871 4573 1072 4641 Verbo,
1115 4584 1171 4631 et
1214 4576 1395 4632 videre
1446 4576 1742 4631 secundum
1790 4577 1936 4645 quod
1975 4576 2117 4632 Deus

2224 3382 2458 3452 intellige
2484 3381 2599 3436 haec
2628 3379 2903 3435 moraliter
2919 3379 3024 3434 dici
3046 3382 3112 3433 de
3135 3391 3301 3448 regno
3326 3374 3440 3435 Dei.
3456 3385 3513 3430 et
3538 3376 3607 3430 de
3634 3389 3804 3445 regno

2225 3473 2372 3537 Filii,
2420 3472 2567 3543 quod
2601 3470 2815 3526 aPatre
2860 3479 2946 3525 est
2993 3469 3313 3531 stabilitum,
3364 3477 3417 3522 et
3456 3475 3547 3522 est
3592 3481 3803 3532 semper

2224 3566 2292 3621 ad
2322 3566 2597 3619 dexteram
2623 3563 2821 3617 Patris.
2876 3560 2934 3616 Si
2979 3560 3104 3630 quis
3151 3568 3329 3613 autem
3379 3559 3497 3613 haec
3528 3557 3804 3613 moraliter

2226 3655 2449 3723 intelligi
2506 3670 2616 3708 non
2659 3654 2813 3720 vult,
2859 3661 3096 3722 exponat
3147 3651 3425 3720 quomodo
3474 3659 3529 3705 et
3581 3651 3685 3704 hoc
3734 3650 3801 3703 sit

2225 3765 2414 3804 verum
2452 3746 2599 3818 quod
2628 3746 2744 3801 ait:
2779 3745 2927 3799 Dixit
2958 3745 3214 3798 Dominus
3248 3744 3477 3797 Domino
3521 3759 3660 3807 meo,
3686 3746 3801 3794 sede

2226 3859 2258 3896 a
2287 3843 2490 3896 dextris
2539 3854 2704 3905 mets;
2747 3848 2800 3894 et
2836 3840 2965 3894 illud
2994 3838 3137 3910 quod
3170 3838 3297 3892 alibi
3329 3837 3465 3892 dicit
3490 3838 3578 3890 ’δε
3616 3836 3797 3892 δράσι

2224 3945 2398 3990 autem
2431 3934 2499 3988 ad
2529 3934 2800 3987 dexteram
2843 3948 3034 3998 meam,
3073 3942 3123 3986 et
3155 3933 3222 3984 ad
3254 3931 3559 3997 sinistram,
3588 3946 3690 3984 non
3724 3938 3794 3983 est

2224 4044 2396 4083 meum
2438 4028 2566 4081 dare
2606 4025 2772 4091 vobis,
2814 4025 2904 4079 sed
2940 4024 3128 4095 quibus
3167 4032 3416 4094 paratam
3454 4032 3536 4077 est
3574 4040 3611 4076 a
3642 4021 3795 4076 Patre

2225 4137 2358 4174 meo.
2395 4119 2683 4189 Cogendus
2725 4126 2809 4173 est
2846 4131 2974 4187 ergo
3017 4115 3197 4171 dicere
3235 4116 3330 4186 qui
3376 4130 3488 4169 non
3526 4116 3645 4170 vult
3687 4114 3794 4167 hcce

2223 4210 2525 4281 intelligere
2548 4210 2743 4280 digne,
2789 4208 3087 4263 secundum
3123 4206 3555 4276 magnitudinem
3609 4221 3795 4261 sensus

2222 4300 2447 4367 Christi,
2477 4299 2736 4370 quoniam
2788 4298 3080 4368 aliquando
3129 4297 3348 4367 quidem
3402 4297 3473 4350 ad
3518 4296 3790 4351 dexteram

2225 4391 2376 4446 sedet
2399 4389 2616 4454 Patris,
2670 4389 2960 4460 aliquando
3017 4397 3198 4442 autem
3239 4388 3564 4458 dignitatem
3612 4387 3792 4455 hujus-

2224 4483 2371 4538 modi
2421 4483 2803 4552 derelinquens
2860 4481 3082 4536 sedendi
3146 4480 3214 4534 ad
3273 4481 3557 4535 dexteram
3601 4479 3791 4539 Patris,

2224 4574 2474 4644 privatim
2532 4575 2683 4629 sedet
2732 4586 2857 4625 cum
2901 4572 2980 4627 eis
3031 4571 3234 4641 quibus
3289 4570 3507 4641 paravit
3540 4569 3693 4624 Pater
3738 4577 3792 4621 ut

552 4664 790 4719 Verbum
823 4673 958 4729 erat,
993 4666 1086 4735 qui
1120 4674 1236 4721 erat
1269 4666 1323 4720 in
1353 4667 1620 4738 principio
1650 4668 1792 4737 apud
1830 4668 2015 4733 Deum,
2058 4670 2112 4725 in
2146 4675 2190 4730 D
2218 4667 2444 4723 sedeant
2473 4666 2539 4720 ad
2565 4666 2841 4721 dexteram
2872 4665 2959 4720 vel
2989 4663 3057 4718 ad
3085 4664 3393 4719 sinistram.
3443 4661 3583 4718 Item
3624 4661 3791 4716 adhuc

549 4754 744 4826 primis
773 4755 989 4825 quidem
1035 4756 1216 4811 dixit"
1242 4776 1256 4812 :
1285 4756 1427 4822 Quid
1461 4758 1607 4813 vobis
1638 4759 1843 4814 videtur
1873 4760 1938 4815 de
1964 4762 2120 4816 Chri-

549 4853 652 4908 sto,
690 4843 840 4913 cujus
873 4854 951 4898 est
978 4844 1170 4913 ﬁlius?
1198 4846 1274 4902 Ita
1303 4849 1784 4918 respondentibus,
1808 4859 1863 4906 et
1893 4851 2118 4908 dicenti-

548 4937 650 4991 bus
679 4956 692 4992 :
725 4936 917 5006 David,
948 4938 1145 4995 iterum
1175 4940 1254 4997 eis
1283 4941 1566 5013 respondit
1601 4942 1961 5001 manifestans
2020 4961 2116 5000 su-

547 5028 867 5084 blimitatem
916 5030 1214 5088 divinitatis
1268 5047 1381 5089 sua:
1410 5073 1425 5099 ,
1476 5049 1596 5104 quae
1637 5035 2117 5092 demonstrabalur

547 5122 600 5176 in
631 5122 749 5192 ipso
776 5121 943 5195 834
973 5123 1238 5195 principio
1268 5126 1461 5195 psalmi
1485 5126 1528 5190 ⁸,
1550 5126 1738 5183 dicens
1765 5144 1779 5181 :
1811 5127 1961 5183 Dixit
2000 5128 2112 5183 Do-

548 5215 719 5268 minus
751 5213 970 5268 l)omino
994 5231 1104 5270 meo
1129 5230 1148 5269 :
1173 5214 1305 5271 Sede
1339 5233 1372 5271 a
1397 5216 1597 5272 dextris
1638 5218 1787 5282 meis,
1818 5218 1981 5272 donec
2020 5233 2114 5287 po-

545 5320 669 5358 nam
718 5307 959 5360 inimicos
1009 5315 1124 5361 tuos
1162 5306 1447 5362 scabellum
1498 5308 1688 5378 pedum
1733 5319 1977 5373 tuorum,
2031 5318 2109 5375 ut,

546 5397 644 5450 etsi
682 5405 812 5453 tunc
842 5397 893 5452 ei
934 5398 1261 5468 respondere
1304 5413 1413 5452 non
1454 5407 1696 5468 possent,
1731 5409 1910 5453 tamen
1947 5415 2113 5454 occa-

548 5487 755 5542 sionem
786 5491 1091 5560 aceiperent
1122 5507 1188 5546 ex
1215 5492 1394 5548 verbis
1437 5491 1630 5561 ipsius,
1659 5499 1738 5557 ut,
1770 5499 1941 5546 totum
1971 5494 2113 5561 psal-

548 5590 694 5629 mum
740 5579 1166 5647 considerantes,
1217 5580 1421 5651 aliquid
1471 5579 1705 5650 amplius
1759 5579 2113 5636 sentirentde

617 5671 637 5699 ¹
665 5668 822 5727 Rom.
861 5684 900 5732 t,
923 5669 1036 5731 3,4.

549 5737 599 5800 1,
628 5739 684 5792 2.
794 5738 814 5770 '
840 5736 1035 5794 Matth.
1064 5758 1199 5806 xxtt,
1225 5742 1315 5799 42.
1425 5744 1446 5774 ⁸
1472 5742 1615 5797 Psal.
1647 5736 1834 5809 cix,i.

542 5821 584 5851 "
612 5816 750 5871 Psal.
783 5830 889 5879 cur,
929 5816 974 5870 Ι.
1054 5816 1095 5847 ³⁸
1126 5817 1315 5872 Matth.
1342 5833 1433 5889 xx,
1463 5819 1555 5873 95.

612 5907 723 5976 ('18)
765 5906 967 5974 Supple
1006 5905 1198 5962 volens.

1138 5673 1158 5703 ⁸
1183 5671 1340 5727 Joan.
1371 5688 1482 5734 xlv,
1516 5672 1587 5736 6;
1631 5671 1773 5737 x,9;
1812 5688 1889 5739 xl,
1913 5671 2014 5738 25;
2059 5690 2134 5737 Vl,
2163 5673 2248 5739 Η,
2272 5678 2361 5731 5|.
2456 5677 2572 5733 ‘Jo

1140 5758 1199 5805 ll,
1225 5742 1315 5799 42.
1425 5744 1446 5774 ⁸
1472 5742 1615 5797 Psal.
1647 5757 1757 5805 cix,
1784 5743 1834 5798 1.
1946 5743 1966 5774 ⁸
1990 5744 2121 5798 ibid.
2147 5744 2199 5798 5.
2276 5748 2318 5779 ⁸⁸
2361 5747 2489 5805 ibid.
2527 5749 2572 5804 4;

2107 5783 2121 5798 .
2147 5765 2199 5798 ο.
2276 5765 2318 5779 ⁸⁷
2361 5765 2489 5804 ιυια.
2527 5765 2581 5804 4'.

2218 4758 2494 4827 cogendus
2523 4766 2608 4813 est
2638 4759 2818 4813 dicere
2863 4756 3123 4826 quoniam
3157 4755 3224 4810 ad
3254 4755 3542 4810 dexteram
3573 4754 3783 4825 quidem

2220 4849 2416 4904 sedens
2448 4848 2645 4914 Patris,
2681 4850 2859 4905 adhuc
2891 4849 3145 4904 inimicos
3168 4847 3349 4902 habet.
3402 4846 3621 4901 'l‘andiu
3648 4843 3786 4899 enim

2218 4939 2367 4995 sedet
2386 4939 2540 5010 juxta
2572 4956 2720 5001 eum,
2754 4940 2927 4997 donec
2947 4948 3219 5011 ponantur
3252 4954 3282 4993 a
3303 4937 3467 4993 Patre
3499 4937 3783 4995 seabellum

2216 5032 2412 5100 pedum
2433 5030 2650 5088 Christi.
2676 5032 2809 5089 Cum
2824 5048 2951 5089 vero
2971 5032 3194 5088 desierit
3214 5031 3407 5086 sedere
3426 5030 3496 5085 ad
3518 5032 3781 5084 dexteram

2220 5121 2421 5186 Patris,
2459 5132 2588 5178 tunc
2608 5125 2723 5195 jam
2757 5141 2866 5180 non
2899 5125 3120 5180 habebit
3153 5123 3579 5187 inimicos,cum
3608 5120 3783 5177 sedere

2221 5216 2286 5271 ad
2318 5217 2601 5273 dexteram
2634 5219 2752 5289 ejus
2774 5219 2860 5273 vel
2889 5217 3167 5274 sinistram
3201 5215 3472 5286 coeperint
3492 5212 3777 5270 secundum

2221 5309 2619 5365 ordinationem
2649 5309 2849 5376 Patris,
2897 5309 2990 5379 qui
3037 5307 3188 5378 prius
3229 5305 3451 5361 fuerant
3497 5303 3778 5360 scala-llam

2222 5400 2415 5470 pedum
2448 5402 2640 5471 ipsius.
2678 5401 2742 5456 Et
2775 5402 2850 5455 ita
2871 5401 2928 5455 lit
2958 5409 3016 5454 ut
3047 5398 3352 5454 sedentium
3384 5397 3555 5466 aliqui
3585 5398 3635 5451 in
3662 5393 3777 5446 loco

2220 5493 2389 5563 priori
2424 5493 2648 5551 sedeant
2674 5492 2875 5548 Patris.
2912 5490 3008 5547 His
3042 5498 3223 5546 autem
3256 5488 3389 5560 quid
3439 5487 3612 5557 magis
3648 5482 3773 5537 ridi-

2222 5584 2406 5639 culum
2436 5580 2627 5656 potest
2661 5586 2817 5642 esse?
2861 5584 3063 5641 Deinde
3109 5581 3448 5653 corporalem
3483 5579 3657 5634 volens
3691 5573 3775 5625 in-

2456 5678 2477 5710 ‘
2499 5677 2661 5734 Joan.
2689 5693 2808 5741 vui,
2834 5678 2925 5733 58.
2965 5675 3156 5732 Ῥίον.
3180 5691 3300 5738 vut,
3325 5674 3419 5727 22.
3501 5672 3520 5702 ⁶
3539 5669 3683 5724 Joan.
3712 5681 3761 5741 ε.

2695 5736 2870 5805 “lsa.
2934 5763 3030 5812 Vll,
3082 5747 3167 5803 l4.
3283 5736 3671 5805 “Numam,
3712 5736 3765 5790 7.
