4004 6536
248 388 388 443 meo

1406 388 2054 450 COMMENTARIORUM
2093 389 2354 446 SERIES.

3363 397 3499 452 περ

243 503 487 573 t'elligere
538 504 873 570 sessionem,
920 505 1162 561 invenies
1191 510 1234 542 ’⁵
1271 507 1322 560 in
1369 508 1558 562 eodem
1613 508 1822 578 psalmo
1851 511 1897 568 Α
1923 506 2124 560 dextris
2155 507 2305 573 meis,
2332 506 2494 560 donec
2527 521 2714 574 ponam
2759 509 2998 564 inimicos
3045 520 3160 566 tuos
3211 513 3498 568 scabelluns

245 594 506 662 quoniam
536 605 588 648 et
614 594 784 652 Filius
808 599 872 652 ad
901 599 1178 655 dexteram
1212 599 1362 654 sedet
1385 598 1585 662 Patris,
1623 615 1820 654 secun-

245 685 378 738 dum
413 686 558 753 quod
581 688 657 740 ait
680 689 724 719 ¹⁶
751 708 763 742 :
790 689 939 743 Dixit
973 689 1229 744 Dominus
1254 689 1477 743 Domino
1499 705 1610 743 meo
1635 706 1652 744 :
1689 688 1822 744 Sede

245 793 281 830 .1
314 777 519 832 dextris
574 782 732 845 meis;
790 790 843 836 et
873 781 1033 836 Pater
1089 782 1240 838 sedet
1285 782 1640 839 addexteram
1674 781 1818 848 Filii,

245 869 552 925 secundum
579 874 722 940 quod
771 873 823 926 in
855 873 1207 943 sequentibus
1238 874 1564 940 declaratur,
1598 875 1818 930 dicens:

247 957 507 1014 Dominus
541 979 572 1015 a
601 963 804 1017 dextris
838 964 967 1028 tuis,
1012 965 1303 1034 confringet
1349 966 1406 1019 iu
1450 966 1537 1019 die
1580 967 1676 1020 ira:
1712 984 1822 1022 sure

248 1070 418 1124 reges.
449 1054 559 1110 Nos
588 1066 771 1110 autem
808 1058 1041 1112 dicimus
1075 1073 1182 1112 non
1214 1073 1335 1112 esse
1365 1073 1586 1113 necesse
1623 1074 1821 1127 corpo-

249 1151 420 1204 ralem
446 1151 940 1207 considerationem
975 1152 1406 1221 introducere‘in
1441 1153 1526 1208 his
1559 1169 1681 1223 qure
1711 1152 1821 1223 spi-

245 1242 485 1297 ritaliter
510 1252 640 1298 sunt
672 1244 1041 1316 intelligenda.
1074 1243 1208 1300 Nam
1238 1246 1516 1301 moraliter
1565 1256 1620 1301 et
1651 1247 1823 1303 Filius

245 1334 319 1388 ad
354 1336 630 1391 dexteram
658 1336 836 1392 Patris
868 1346 972 1404 est,
1020 1345 1074 1394 et
1101 1337 1260 1394 Pater
1299 1339 1367 1394 ad
1395 1339 1672 1394 dexteram
1701 1340 1819 1394 Filii

248 1443 489 1497 semper.

324 1521 378 1574 8.
423 1521 710 1588 Quomodo
758 1532 814 1578 et
867 1521 1071 1578 inimici
1127 1521 1427 1578 Salvatoris
1468 1534 1746 1595 ponuntur
1789 1540 1821 1578 a

249 1614 414 1668 Patre
446 1613 743 1668 scabellum
775 1612 974 1682 pedum
1008 1613 1150 1682 ejus,
1181 1629 1483 1683 congruum
1525 1624 1606 1670 est
1641 1615 1823 1669 videre

243 1706 434 1776 digne,
468 1703 773 1759 secundum
814 1704 1199 1775 benignitatem
1237 1704 1326 1759 Dei
1358 1705 1610 1774 portentis
1640 1706 1822 1760 inimi-

245 1809 349 1849 cos
393 1795 512 1863 ejus
559 1794 854 1849 srabellum
901 1794 1100 1864 pedum
1149 1794 1341 1864 ipsius.
1390 1793 1501 1850 Nec
1545 1795 1689 1850 enim
1737 1803 1824 1849 est

1923 597 2112 665 pedum
2169 607 2400 652 tuorum.
2451 597 2515 652 Et
2544 598 2835 667 Apostolus
2869 600 2922 654 iu
2973 603 3146 670 prima
3192 604 3258 658 ad
3304 604 3499 661 Corin-

1924 687 2067 742 thios
2108 688 2270 742 talem
2331 688 2630 743 introducit
2685 703 2907 744 sensum
2955 689 3280 762 Scriptum,
3323 707 3384 750 ut
3427 698 3494 752 ad

1924 779 2314 849 subiectionem
2377 781 2744 850 intelligamus
2802 797 2992 837 eorum
3064 786 3156 856 qui
3202 787 3495 857 aliquando

1923 871 2391 939 fuerantinimici,
2428 873 2543 928 ﬁeri
2575 887 2670 927 eos
2710 872 3006 928 scabellum
3036 880 3234 944 pedum
3265 876 3493 940 Christi,

1924 965 2030 1020 hoc
2061 965 2225 1020 modo
2265 965 2563 1020 dicens":
2601 962 2758 1020 Nunc
2805 979 2982 1022 autem
3025 967 3267 1021 Christus
3318 985 3496 1022 resur-

1925 1056 2058 1110 rexit
2089 1072 2121 1108 a
2150 1057 2405 1119 mortuis.
2454 1058 2707 1126 primitite
2747 1058 3121 1111 dormientium
3161 1057 3334 1126 fact-us
3377 1068 3493 1111 est:

1923 1149 2174 1220 quoniam
2202 1149 2410 1219 quidem
2437 1166 2528 1218 per
2553 1150 2814 1204 hominem
2844 1167 3005 1216 mors,
3031 1159 3079 1204 et
3109 1166 3204 1219 per
3233 1151 3497 1204 hominem

1925 1241 2238 1297 resurrectio
2268 1252 2618 1296 mortuorum.
2661 1240 2813 1297 Sicut
2858 1243 2993 1296 enim
3028 1242 3081 1294 in
3115 1241 3288 1294 Adam
3317 1257 3496 1296 omnes

1923 1335 2246 1394 moriuntur,
2292 1333 2370 1387 sic
2402 1345 2452 1388 et
2490 1335 2549 1389 in
2593 1334 2805 1390 Christo
2852 1351 3028 1388 omnes
3069 1333 3493 1403 viviﬁcabuntur.

1923 1426 2291 1498 Unusquisque
2338 1437 2513 1482 autem
2556 1429 2610 1481 in
2636 1445 2731 1482 suo
2763 1428 2944 1482 ordine
2969 1444 2988 1481 :
3038 1427 3194 1481 initio
3228 1427 3494 1489 Christus,

1923 1521 2110 1575 deinde
2139 1521 2192 1573 hi
2234 1522 2322 1590 qui
2352 1529 2475 1573 sunt
2505 1519 2724 1584 Christi,
2753 1521 2844 1591 qui
2884 1520 2941 1573 in
2974 1519 3199 1574 adventu
3237 1520 3351 1588 ejus
3380 1537 3496 1574 cre-

1922 1612 2215 1676 diderunt;
2258 1611 2447 1666 deinde
2482 1611 2630 1680 ﬁnis,
2655 1628 2778 1665 cum
2821 1610 3103 1666 tradiderit
3135 1627 3349 1680 regnum
3386 1611 3496 1666 Deo

1922 1719 1969 1760 et
2015 1706 2200 1771 Patri,
2241 1721 2360 1758 cum
2403 1705 2729 1759 evacuaverit
2778 1720 2982 1758 omnem
3024 1705 3494 1774 principatum,“

1923 1809 2230 1854 uotestatem
2259 1809 2309 1854 et
2337 1801 2603 1854 virtutem.
2636 1797 2857 1867 Oportet
2884 1799 3029 1852 enim
3069 1797 3222 1851 illum
3253 1814 3495 1866 regnare,

249 1886 680 1942 existimandum
761 1885 1013 1940 similiter
1073 1902 1272 1955 ponere
1333 1885 1500 1940 Deum
1568 1886 1820 1940 inimicos
1855 1869 1894 1920 Β
1923 1893 2085 1946 donec
2125 1902 2286 1962 ponat
2310 1893 2549 1946 inimicas
2579 1890 2695 1960 ejus
2736 1891 2830 1944 sub
2876 1889 3090 1960 pedibus
3116 1890 3272 1960 ejus:
3314 1906 3498 1943 noris-

242 1979 453 2035 Christi
489 1979 784 2033 scabellum
819 1979 1014 2048 pedum
1061 1978 1202 2046 ejus,
1233 1978 1693 2048 quemadmodum
1722 1994 1820 2048 po-

243 2083 458 2126 nuntur
512 2069 717 2124 inimici
768 2069 872 2124 sub
931 2069 1158 2137 pedibus
1227 2083 1415 2138 regum
1484 2077 1822 2123 terrenorum

241 2158 734 2212 exterminantium
763 2158 1014 2227 proprios
1047 2158 1318 2213 inimicus.
1350 2157 1540 2214 Nonne
1581 2159 1654 2213 illi
1706 2160 1824 2214 sine

246 2247 626 2302 misericordia
656 2246 979 2302 coneulcant
1006 2247 1347 2302 adversarios
1378 2249 1659 2318 proprios?
1683 2248 1824 2304 Dens

241 2349 429 2393 autem
468 2356 573 2394 non
610 2339 676 2394 ad
707 2340 1064 2409 perditionem
1117 2339 1269 2409 ponit
1315 2339 1569 2396 inimicos
1616 2339 1822 2395 Christi

243 2433 546 2488 seabcllum
598 2433 794 2501 pedum
839 2432 982 2501 ejus,
1023 2431 1116 2486 sed
1172 2431 1237 2484 ad
1269 2431 1499 2486 salutem
1551 2432 1819 2503 ipsorum,

241 2525 388 2579 sicut
421 2523 760 2594 proferemus
799 2526 1203 2594 Scripturarum
1232 2534 1544 2581 sanctarum
1575 2525 1822 2595 exempla

245 2619 301 2672 id
348 2618 524 2687 ipsum
579 2617 965 2689 signiﬁcantia.
1015 2618 1288 2688 Scriptum
1322 2630 1407 2673 est
1450 2618 1596 2672 enim
1639 2617 1690 2672 in
1718 2617 1824 2672 La-

245 2711 674 2766 mentationibus
693 2710 944 2766 Jeremia:
975 2711 1028 2765 in
1058 2712 1298 2767 secundo
1321 2712 1521 2782 Aleph:
1548 2711 1822 2778 Quomodo

239 2805 690 2858 sontenebricavit
737 2803 992 2858 Dominus
1052 2805 1108 2858 in
1160 2805 1243 2858 ira
1299 2821 1398 2858 sua
1445 2804 1616 2873 ﬁliam
1667 2804 1820 2871 Sion,

239 2893 436 2963 dejecit
466 2897 530 2946 de
553 2894 681 2948 calo
707 2895 762 2948 in
793 2903 986 2948 terram
1019 2894 1247 2965 gloriam
1277 2893 1474 2960 Israel,
1510 2903 1560 2948 et
1591 2896 1820 2966 nonfuit

246 3001 448 3039 utemur
472 2987 687 3041 scabelli
715 2988 906 3058 pedum
929 3003 1148 3040 suorum
1171 2987 1256 3041 ‘7?
1292 2985 1357 3042 Et
1384 2988 1503 3042 vide
1534 2989 1818 3058 quoniam,

237 3077 682 3148 quandoquidem
713 3089 830 3133 erat
854 3077 1018 3133 lsrael
1049 3079 1342 3133 scabellum
1371 3079 1567 3149 pedum
1616 3078 1734 3144 Dei,
1765 3079 1820 3133 in

241 3169 388 3226 coelo
421 3179 538 3224 erat
572 3170 878 3241 gloriosus;
919 3179 1206 3242 postquam
1241 3179 1421 3226 autem
1465 3182 1550 3226 est
1578 3171 1820 3242 dejeetus
1845 3207 1888 3264 ε

242 3271 306 3316 ιιι
343 3275 451 3316 nou
497 3262 567 3317 sit
612 3262 906 3317 scabellum
946 3265 1142 3332 pedum
1192 3263 1348 3332 ejus,
1392 3262 1555 3318 desiit
1597 3278 1716 3317 esse
1761 3262 1814 3316 in

237 3354 408 3409 caelo.
441 3353 670 3409 Attende
713 3355 859 3410 enim
889 3355 1178 3426 diligenter
1204 3355 1350 3426 quod
1378 3355 1454 3409 ait
1480 3371 1495 3406 :
1525 3354 1723 3424 Dejecit
1752 3354 1818 3408 de

241 3443 373 3502 celo
412 3445 466 3497 in
514 3453 708 3498 terram
743 3443 968 3514 gloriam
1009 3443 1200 3506 Israel,
1231 3454 1280 3498 et
1323 3461 1426 3498 non
1474 3445 1577 3514 fuit
1622 3461 1819 3498 memor

237 3535 464 3590 scabelli
495 3537 686 3606 pedum
719 3553 958 3592 suorum.
1011 3535 1141 3591 Item
1172 3548 1226 3593 et
1255 3537 1385 3592 illud
1420 3537 1659 3593 :Cazlum
1686 3538 1816 3592 mihi

243 3627 412 3690 sedes,
437 3637 578 3681 terra
603 3637 780 3681 autem
809 3627 1092 3682 scabellum
1114 3628 1304 3698 pedum
1330 3645 1562 3682 meorum
1588 3629 1675 3695 ‘7',
1707 3645 1814 3683 nou

237 3719 623 3791 ignominiam,
644 3721 736 3776 sed
754 3720 979 3791 gloriam
1000 3720 1268 3789 signiﬁcat
1285 3730 1459 3784 terrm,
1485 3736 1606 3790 quae
1621 3721 1688 3776 de
1707 3721 1815 3775 Deo

239 3811 518 3867 modicam
550 3812 787 3882 aliquam
817 3821 868 3867 et
901 3812 1253 3867 novissimam
1301 3811 1553 3882 intelligit
1581 3821 1814 3881 partem,

235 3920 365 3974 qua:
399 3905 678 3958 moraliter
699 3904 1010 3974 appellatur
1042 3903 1204 3973 pedes
1231 3903 1370 3973 ejus.
1424 3901 1515 3957 Sic
1544 3911 1599 3957 et
1633 3902 1816 3958 Eccle-

236 3997 323 4052 sia
369 4010 536 4065 super
577 4004 780 4050 terram
827 3996 881 4048 in
925 3995 1095 4050 initiis
1125 3994 1346 4065 quidem
1380 3993 1608 4048 culturae
1640 3992 1733 4048 Dei
1764 4002 1820 4048 et

239 4089 452 4142 notitia:
481 4089 592 4150 Dei,
635 4088 931 4143 scabellum
989 4088 1184 4157 pedum
1226 4087 1378 4157 ejus;
1430 4087 1572 4143 sicut
1614 4095 1668 4139 et
1697 4101 1816 4154 pte-

239 4178 530 4233 nitentiam
559 4195 727 4249 agens
761 4179 956 4232 mulier
987 4179 1076 4233 illa
1111 4179 1379 4249 peccatrix
1408 4180 1474 4232 ad
1508 4179 1669 4248 pedes
1701 4187 1818 4232 erat

235 4268 370 4325 Jesu
429 4269 482 4322 in
529 4270 811 4340 principiis
889 4269 1223 4339 pteuitentiae
1293 4284 1452 4334 sum;
1523 4284 1623 4322 nec
1669 4267 1813 4322 enim

234 4370 458 4433 poterat
508 4371 843 4433 unguentum
901 4360 1086 4417 odoris
1131 4369 1351 4416 actuum
1392 4375 1616 4415 suorum
1645 4361 1818 4414 bono-

241 4468 366 4507 rum
409 4451 686 4508 eﬂ'undcre
729 4470 895 4524 super
942 4467 1100 4524 caput
1129 4450 1353 4507 Christi.
1387 4449 1635 4520 Optabile
1666 4451 1813 4505 enim

1923 1983 2061 2036 sima
2099 1991 2277 2036 autem
2307 1983 2526 2036 inimica
2569 1985 2870 2035 destruetur
2912 1996 3072 2034 mors.
3123 1979 3318 2034 Omnia
3355 1979 3497 2032 enim

1924 2071 2145 2141 subjecit
2191 2071 2288 2126 sub
2319 2071 2536 2139 pedibus
2583 2073 2720 2142 ejus.
2765 2071 2900 2126 Cum
2947 2080 3124 2125 autem
3169 2072 3333 2136 dicat,
3367 2073 3496 2142 quia

1926 2163 2102 2217 omnir
2134 2165 2367 2231 subiecta
2421 2171 2544 2217 sunt
2576 2163 2648 2226 ei,
2697 2162 2973 2232 manifeste
3011 2173 3205 2229 praeter
3249 2179 3371 2216 eum
3402 2165 3494 2233 qui

1923 2255 2143 2326 subjecit
2183 2257 2456 2311 ettnrmia.
2485 2253 2618 2311 Cum
2665 2264 2841 2309 autem
2887 2255 3122 2318 subiecta
3171 2255 3253 2309 illi
3296 2256 3497 2324 fuerint

1923 2342 2126 2405 omnia,
2153 2351 2276 2395 tunc
2301 2351 2350 2397 et
2392 2343 2504 2412 ipse
2538 2341 2712 2397 Filius
2743 2342 3008 2412 subjectus
3037 2345 3135 2397 erit
3165 2345 3214 2398 ei
3245 2345 3334 2414 qui
3372 2343 3496 2398 sub-

1919 2432 2061 2486 didit
2088 2435 2286 2502 omnia,
2307 2446 2362 2488 ut
2399 2435 2468 2489 sit
2504 2433 2642 2488 Deus
2674 2435 2854 2488 omnia
2891 2436 2945 2489 in
2989 2435 3255 2491 omnibus.
3288 2435 3494 2490 Horum

1923 2525 2142 2594 quidem
2176 2527 2421 2581 omnium
2463 2525 2958 2582 manifestatiouem
3000 2527 3234 2584 iecimus
3268 2529 3321 2583 in
3368 2544 3497 2598 pro-

1925 2616 2045 2684 prio
2075 2617 2216 2671 loco.
2255 2613 2392 2672 Vide
2431 2625 2612 2671 tamen
2661 2616 2940 2686 quomodo
2980 2620 3036 2670 in
3075 2620 3331 2675 omnibus
3378 2619 3498 2675 istis

1922 2721 2124 2762 nomen
2159 2709 2513 2779 subjectionis
2563 2708 2630 2763 ad
2684 2709 2910 2764 salutem
2958 2711 3180 2780 ponitur
3223 2712 3498 2781 subjecto-

1925 2816 2067 2854 rum.
2707 2865 2712 2870 ,

1993 2891 2045 2944 9.
2078 2889 2143 2944 Ir.
2164 2887 2262 2944 illo
2286 2899 2532 2959 tempore,
2555 2890 2763 2944 locutus
2783 2900 2860 2945 est
2881 2889 3036 2945 Jesus
3066 2893 3135 2944 ad
3163 2893 3344 2946 turbas
3361 2902 3408 2946 et
3427 2893 3497 2945 ad

1921 2982 2212 3051 discipulos
2235 2999 2382 3048 suos,
2409 2983 2585 3037 direus
2611 3001 2628 3037 .'
2656 2983 2824 3052 Super
2856 2984 3167 3037 cathedram
3196 2983 3371 3053 Moysi
3414 3003 3495 3038 se-

1921 3073 2112 3126 derunt
2156 3071 2354 3127 Scrist
2397 3082 2446 3125 et
2482 3073 2786 3138 Pharistei,‘
2826 3075 3001 3127 omnia
3039 3091 3360 3145 quaecunque
3408 3077 3493 3128 di-

1922 3167 2098 3218 xerint
2129 3165 2270 3219 vobis
2300 3164 2482 3234 facite,
2519 3169 2804 3220 secundum
2830 3175 3005 3221 autem
3034 3184 3190 3235 opera
3224 3184 3403 3220 eorum
3433 3185 3496 3222 ne

1921 3258 2227 3327 faciatis“.
2285 3257 2616 3328 Frequenter
2675 3258 2930 3329 quidem,
3002 3260 3240 3315 maxime
3311 3267 3493 3314 autem

1923 3350 2064 3420 apud
2097 3349 2438 3416 blattha-um,
2476 3351 2735 3406 scribitur
2762 3351 3024 3420 quoniam
3061 3351 3316 3406 meliores
3366 3361 3496 3405 sunt

1923 3442 2174 3512 discipuli
2214 3443 2410 3498 Christi
2440 3445 2659 3499 caeteris
2696 3444 2890 3500 turbis.
2916 3442 2982 3498 Et
3022 3443 3235 3498 invenis
3274 3444 3492 3514 quidem

1926 3536 1978 3588 in
2020 3532 2281 3591 Ecclesiis
2325 3537 2593 3605 quosdam
2626 3535 2844 3606 quidem
2883 3551 3008 3591 cum
3060 3535 3348 3593 dilectione
3390 3553 3494 3593 au-

1923 3628 2134 3684 dientes
2166 3627 2379 3683 divinas
2421 3627 2736 3691 doctrinas,
2778 3636 2834 3682 et
2874 3627 3294 3684 eﬂ'ectnosius“
3340 3645 3496 3685 acce-

1923 3719 2112 3774 dentes
2137 3719 2206 3774 ad
2239 3721 2487 3775 verbum.
2525 3720 2680 3775 JttSte
2719 3735 2850 3790 ergo
2897 3721 3210 3790 hujusmodi
3243 3720 3495 3777 homines

1921 3812 2177 3867 dicuntur
2232 3827 2355 3868 esse
2409 3811 2660 3881 discipuli
2714 3809 2963 3877 Christi;
3019 3820 3243 3867 cieteros
3309 3821 3492 3866 autem

1922 3904 2125 3959 multos
2154 3904 2247 3974 qui
2276 3919 2384 3958 non
2415 3914 2543 3959 sunt
2570 3904 2726 3969 tales,
2769 3902 3028 3974 populum
3069 3918 3191 3960 esse
3225 3903 3393 3962 illius.
3426 3904 3494 3958 Et

1922 3995 2169 4064 quadam
2220 3994 2492 4050 interdum
2562 3995 2781 4065 quidem
2840 3994 3126 4064 discipulis
3184 3995 3300 4050 suis
3361 3996 3493 4051 solis

1921 4086 2073 4150 dicit,
2104 4101 2213 4141 non
2250 4086 2414 4142 etian
2442 4087 2650 4152 turbis,
2698 4087 2841 4141 sicut
2890 4085 3251 4142 beatitudines
3285 4086 3406 4142 illas
3436 4087 3490 4142 in

1921 4177 2214 4248 Evangelia
2256 4178 2509 4248 scriptas,
2542 4180 2609 4234 de
2640 4179 2841 4248 quibus
2881 4177 3165 4233 Matthaius
3186 4180 3232 4210 "
3269 4180 3488 4248 quidem

1920 4269 2052 4324 dicit
2081 4270 2154 4323 ita
2175 4309 2191 4334 ,
2227 4270 2487 4339 quoniam
2531 4269 2708 4324 ridens
2742 4270 2925 4323 turbas
2959 4271 3195 4324 ascendit
3243 4271 3299 4323 in
3344 4287 3493 4324 mon-

1921 4372 2046 4429 tem,
2091 4371 2140 4416 et
2189 4357 2402 4416 sedente
2455 4377 2554 4424 eo,
2601 4370 2930 4415 accesserunt
2975 4360 3044 4414 ad
3074 4377 3191 4414 eum
3243 4361 3492 4430 discipuli

1919 4454 2053 4523 ejus,
2085 4463 2133 4507 et
2159 4454 2396 4522 aperiens
2422 4469 2479 4506 os
2510 4468 2663 4505 suum
2692 4451 2912 4507 docebat
2940 4468 3049 4517 eos,
3085 4452 3303 4507 dicens:
3338 4453 3489 4506 Beati

237 4552 359 4599 erat
400 4545 449 4599 ei
486 4545 569 4600 vel
618 4562 778 4601 secus
822 4545 986 4614 pedes
1032 4543 1248 4597 Domini
1294 4551 1437 4597 stare
1487 4549 1541 4595 et
1589 4555 1808 4610 ungere.
1844 4547 1890 4604 ι)
1918 4561 2169 4614 pauperes
2198 4545 2414 4614 spiritu,
2433 4553 2488 4600 et
2508 4554 2726 4600 caetera.
2752 4544 2926 4601 Lucas
2953 4546 3226 4600 autem":
3259 4544 3489 4610 Tollens,

239 4633 308 4693 (It
343 4636 725 4707 unusquisque
767 4647 1014 4692 nostrum
1071 4653 1128 4690 se
1163 4634 1470 4704 intelligens
1516 4647 1636 4686 esse
1670 4632 1816 4702 quod

236 4727 375 4781 dicit
417 4727 710 4797 Apostolus
742 4729 822 4781 ¹⁸ε
858 4728 1085 4782 Eramus
1137 4737 1185 4780 et
1229 4741 1325 4780 nos
1368 4723 1662 4794 aliquando
1705 4724 1818 4777 sine

237 4819 550 4883 intellectu,
599 4821 894 4888 increduli,
961 4830 1198 4875 errantes
1245 4828 1292 4872 et
1342 4819 1620 4871 servientes
1678 4817 1820 4872 desi-

235 4910 404 4963 deriis
463 4920 511 4964 et
558 4911 918 4981 voluptatibus
983 4912 1186 4976 rariis,
1250 4908 1451 4963 videbit
1519 4911 1816 4979 quomodo,

237 5002 684 5071 quandoquidem
761 5007 883 5061 talis
947 5014 1066 5061 erat
1136 5004 1454 5074 priusquam
1543 5005 1814 5059 lavaretur

236 5093 407 5166 835
439 5097 506 5148 ab
533 5095 663 5161 illis,
685 5097 942 5152 inimicus
970 5096 1148 5150 fuerat
1188 5095 1411 5163 Christi,
1442 5098 1698 5154 inimicus
1719 5098 1814 5168 ju-

235 5189 427 5251 stitiaa,
461 5188 727 5250 veritatis,
759 5189 1054 5258 sapientiae,
1092 5188 1264 5258 pacis.
1306 5188 1598 5259 Postquam
1633 5203 1813 5244 autem

239 5277 550 5350 benignitas
584 5281 835 5351 apparuit
881 5279 1180 5334 Salvatoris
1215 5281 1386 5336 nostri
1425 5281 1541 5346 Dei,
1579 5283 1813 5352 primum

238 5368 418 5424 fact-us
451 5378 535 5424 est
576 5371 870 5426 soabellum
906 5373 1102 5441 pedum
1149 5373 1373 5427 Christi.
1403 5371 1467 5426 Et
1499 5389 1601 5446 ego
1645 5376 1783 5428 conti

236 5470 358 5515 tens
389 5462 646 5530 quoniam
683 5464 780 5517 iste
807 5472 889 5517 est
911 5478 1104 5518 sensus
1131 5465 1450 5533 Scriptum,
1476 5481 1594 5526 .nou
1622 5465 1813 5520 dubito

235 5556 508 5611 ailirmare
547 5557 806 5627 quoniam
854 5557 934 5613 sic
983 5558 1115 5612 dicit
1150 5557 1289 5612 Filio
1338 5559 1538 5615 Pater:
1594 5559 1726 5614 Sede
1779 5578 1809 5613 a

317 5761 361 5834 ξξ
383 5762 455 5816 al.
483 5764 769 5818 inveniens.
840 5766 883 5796 "
905 5767 1049 5823 Psal.
1077 5783 1184 5833 ctx,
1207 5769 1258 5834 1,
1277 5769 1328 5822 5.

240 5834 284 5866 "
317 5831 506 5888 Matth.
534 5850 694 5899 unt,
718 5835 834 5889 143.
909 5837 952 5867 ¹¹
987 5839 1056 5892 al.
1087 5831 1264 5906 afflicti

569 5933 840 5994 Ρλτιιοι.
876 5933 967 5992 Gn
1053 5935 1227 5997 Xlll.

1909 5770 1971 5800 ’⁷⁸
1996 5768 2264 5828 lsa.u\'t.
2294 5767 2344 5818 l.

1413 5769 1452 5800 ¹⁷
1473 5767 1674 5824 Tlu'en.
1694 5785 1754 5831 ll,
1780 5770 1826 5822 l.
1909 5770 1971 5800 ’⁷⁸
1996 5768 2264 5828 lsa.t.xvt,
2294 5767 2344 5818 l.
2426 5767 2586 5818 "Tit.
2614 5767 2765 5827 ut,3.
2835 5767 3049 5816 "lCor.
3069 5777 3154 5824 xv,
3179 5767 3248 5814 ΞΟ
3271 5770 3484 5828 etseqq.

1344 5841 1387 5871 “
1420 5856 1468 5907 ν,
1498 5841 1608 5894 1-5.
1686 5843 1730 5872 ⁸³
1756 5839 1888 5893 Luc.
1910 5855 1984 5908 vr,
2014 5839 2104 5893 ΞΟ.
2181 5835 2436 5894 "Matth.
2466 5851 2562 5904 xu,
2595 5835 2683 5889 46.
2762 5834 2807 5866 ’³
2841 5833 2970 5888 ibid.
3004 5833 3092 5885 l7.
3170 5834 3214 5863 "
3243 5831 3371 5885 ibid.
3399 5831 3484 5883 «iit.

1917 4638 2114 4707 inquit,
2142 4634 2322 4690 oculos
2367 4650 2522 4704 super
2547 4635 2836 4706 discipulos
2868 4652 3013 4700 suos,
3054 4635 3258 4690 dicebat
3286 4652 3304 4690 :
3338 4635 3491 4689 Beati

1916 4744 2200 4798 pauperes,
2248 4727 2374 4798 quia
2415 4736 2642 4781 uestrum
2685 4736 2766 4781 est
2815 4743 3028 4796 regnum
3067 4726 3337 4780 caelorum.
3373 4727 3492 4780 Alia

1917 4833 2100 4877 autem
2135 4821 2430 4876 annuntiat
2465 4821 2662 4884 turbis,
2698 4821 2842 4876 sicut
2869 4820 3128 4890 parabole
3172 4820 3493 4875 seminantis

1919 4914 2179 4969 declarat.
2225 4911 2508 4967 Matthzeus
2548 4919 2730 4966 autem
2757 4911 2804 4942 “
2848 4912 2919 4965 ita
2952 4911 3182 4966 scribit:
3233 4909 3492 4979 Loquente

1924 5019 2101 5062 autent
2121 5022 2180 5061 eo
2205 5005 2273 5060 ad
2297 5004 2632 5068 turbas,ecce
2656 5015 2824 5058 mater
2844 5017 2890 5057 et
2921 5003 3113 5071 fratres
3140 5003 3251 5072 ejus
3278 5003 3492 5056 stabant

1921 5101 2085 5168 foris,
2121 5106 2409 5168 qumrentes
2456 5096 2598 5166 loqui
2629 5112 2747 5149 cum
2785 5111 2864 5149 eo.
2905 5094 3103 5149 anhis
3143 5108 3272 5164 ergo
3305 5095 3492 5163 loque-

1923 5193 2084 5244 batur
2108 5205 2230 5258 quze
2261 5189 2460 5256 scripta
2503 5196 2633 5242 sunt
2674 5195 2800 5240 ante
2841 5186 2976 5240 haec.
3013 5185 3149 5238 Cum
3189 5196 3368 5238 autem
3409 5185 3492 5237 dl-

1924 5283 2094 5336 sisset
2123 5280 2361 5349 aliquis;
2404 5279 2537 5334 Ecce
2589 5289 2756 5331 mater
2801 5286 2893 5330 tua
2921 5287 2969 5330 et
2993 5277 3188 5346 fratres
3241 5277 3316 5328 tui
3347 5285 3490 5329 stant

1926 5373 2149 5427 colentes
2209 5381 2256 5425 te
2305 5372 2477 5426 cidere
2519 5372 2601 5435 ⁸³,
2651 5368 2988 5438 respondens
3054 5366 3325 5421 nuntianti
3384 5367 3489 5419 sibi

1921 5465 2094 5518 dixit:
2131 5464 2262 5529 Qua:
2311 5474 2386 5518 est
2427 5473 2594 5516 mater
2635 5478 2746 5514 mea
2769 5499 2784 5523 ,
2821 5469 2868 5512 et
2910 5460 3112 5529 fratres
3144 5458 3243 5511 mei
3264 5458 3345 5510 “‘l
3375 5455 3488 5510 Non

1917 5560 2032 5629 jam
2082 5557 2381 5614 extendens
2425 5572 2647 5612 manum
2693 5570 2847 5611 suam
2905 5569 3068 5624 super
3121 5552 3342 5616 turbas,
3392 5552 3488 5605 sed

2426 5762 2586 5818 "Tit.
2614 5765 2765 5827 III,3.
2835 5761 3049 5816 "lCor.
3069 5777 3154 5824 xv,
3179 5761 3248 5814 ΞΟ
3271 5770 3486 5828 etseqq.

3015 5928 3088 5986 51
