4004 6546
555 377 688 432 Mill

1748 368 2073 424 ORIGENIS
2112 368 2177 425 IN
2217 368 2642 428 MATTIIEUM
3650 388 3754 446 mg

553 510 721 567 super
771 491 1069 564 discipulos
1120 507 1253 547 suos
1296 490 1473 546 dixit:
1536 487 1669 544 Ecce
1716 497 1886 543 mater
1918 506 2036 543 mea
2087 501 2136 546 et
2168 502 2214 558 Α
2242 489 2348 545 hoc
2393 489 2538 556 dico,
2575 490 2701 560 quia
2746 490 2846 545 soli
2901 489 3109 548 Scribae
3153 502 3206 548 ct
3252 493 3503 552 Pharisaei
3547 501 3753 561 sederunt

555 589 752 658 fratres
781 587 902 640 mei.
933 585 1037 652 Qui
1078 587 1217 640 enim
1250 585 1431 656 fecerit
1468 583 1794 638 voluntatem
1825 580 2009 636 Patris
2036 583 2137 636 mei

551 683 642 752 qui
671 681 726 735 in
757 680 898 734 cwlis
926 689 1025 745 est,
1054 680 1166 750 ipse
1197 689 1273 734 est
1309 679 1436 733 mihi
1468 687 1516 732 et
1554 685 1754 740 mater,
1794 685 1842 730 et
1880 675 2048 746 frater
2067 676 2132 730 ".

553 773 620 828 Et
677 773 1050 844 praecedentes
1101 771 1391 843 parabolas
1447 784 1726 840 exponens
1781 766 2137 821 Matthzeus“

553 864 788 920 scribit:
840 861 1099 933 Egressus
1147 860 1304 915 Iesus
1357 860 1422 914 de
1484 858 1674 922 domo,
1729 854 1940 910 sedebat
1987 870 2136 908 secus

553 972 719 1010 mare.
758 953 830 1008 Et
861 964 1188 1025 congregatae
1219 964 1342 1008 sunt
1387 951 1455 1005 ad
1491 967 1607 1005 eum
1647 954 1815 1003 turtur
1839 947 2042 1013 multat,
2076 957 2133 1000 ut

553 1048 846 1119 ingrediens
885 1047 937 1103 in
968 1063 1149 1101 navent
1179 1047 1411 1110 sederet,
1439 1055 1487 1098 et
1521 1054 1663 1098 totus
1704 1040 1928 1112 populus
1959 1040 2136 1094 stabat

553 1142 610 1193 in
641 1141 854 1206 littore,
901 1148 948 1195 et
981 1139 1190 1193 locutus
1221 1147 1296 1193 est
1332 1139 1408 1192 eis
1456 1135 1624 1189 multa
1665 1136 1718 1188 in
1751 1132 2018 1204 parabolis
2045 1131 2134 1186 di-

555 1247 712 1286 cens:
744 1230 877 1285 Ecce
907 1231 1064 1284 exiuit
1093 1231 1182 1300 qui
1213 1229 1436 1284 seminat
1470 1227 1726 1280 seminare
1757 1239 1931 1280 semen
1957 1239 2132 1278 suum.

555 1325 623 1379 Et
671 1341 737 1379 tte
782 1334 939 1394 putes
990 1332 1188 1379 eventu
1229 1323 1310 1378 sic
1338 1323 1574 1393 positam
1620 1321 1893 1392 parabolae
1939 1333 2132 1374 narra-

555 1419 757 1472 tionem
809 1415 1132 1471 seminantis
1155 1456 1168 1478 ,
1202 1414 1330 1486 quia
1377 1413 1554 1468 turbis
1590 1427 1712 1467 eam
1743 1410 1902 1467 Jesus
1943 1412 2134 1481 loque-

554 1509 734 1573 batur,
763 1506 1048 1562 considera
1092 1505 1260 1560 Marci
1287 1515 1342 1559 et
1388 1503 1549 1559 Lucae
1579 1503 2005 1573 expositionem,
2040 1501 2134 1571 qui

553 1599 806 1654 similiter
861 1597 1332 1667 conscripserunt.
1391 1595 1608 1651 Marcus
1653 1597 1698 1628 ’θ
1745 1594 1964 1663 quidem
2016 1594 2132 1648 ita:

554 1688 724 1758 Carpit
749 1690 941 1743 iterum
973 1687 1158 1741 docere
1191 1687 1260 1740 ad
1303 1703 1484 1750 mare;
1517 1695 1564 1740 et
1590 1695 1935 1756 congregatus
1960 1693 2036 1738 est
2065 1684 2132 1737 ad

482 1834 489 1841 .
552 1799 668 1837 eum
696 1781 920 1852 populus
951 1780 1171 1845 ntultns,
1198 1791 1252 1832 ut
1289 1780 1512 1833 intraret
1537 1781 1591 1832 in
1619 1795 1824 1843 navem,
1856 1790 1908 1832 et
1934 1777 2133 1832 sederet

552 1877 606 1929 in
634 1876 795 1939 mari,
827 1885 874 1929 et
904 1885 1047 1928 totus
1081 1873 1307 1944 populus
1342 1890 1490 1926 secus
1530 1889 1676 1926 mare
1698 1873 1752 1926 in
1787 1872 1940 1925 terris
1981 1877 2134 1935 erat;
2170 1853 2210 1910 Β

550 1975 600 2020 et
627 1965 842 2020 docebat
891 1981 977 2019 eos
1023 1965 1079 2018 in
1126 1963 1394 2034 parabolis
1441 1963 1628 2028 multa,
1660 1971 1709 2016 et
1763 1960 1967 2016 dicebat
2014 1961 2088 2014 eis
2115 1972 2134 2011 :

555 2061 705 2117 Eaiit
746 2062 836 2133 qui
887 2060 1113 2115 seminat
1153 2060 1432 2114 seminare.
1497 2055 1675 2113 Lucas
1728 2065 1908 2112 autem
1933 2055 1977 2087 '°
2032 2055 2137 2109 hoc

557 2159 719 2211 modo
745 2174 757 2209 :
796 2155 1146 2211 Conveniente
1189 2163 1364 2206 autent
1391 2153 1583 2222 populo
1609 2151 1796 2216 multo,
1823 2159 1873 2204 et
1904 2165 1996 2220 per
2027 2149 2138 2202 sin-

555 2249 708 2319 gulas
748 2248 988 2303 civitates
1041 2256 1264 2302 exeunte
1315 2246 1384 2301 ad
1429 2261 1581 2313 eum,
1639 2246 1781 2299 dixit
1825 2241 2136 2314 parabolam

557 2338 753 2393 talem:
782 2337 928 2392 Exiit
960 2339 1048 2409 qui
1074 2337 1302 2392 seminat
1324 2336 1585 2389 seminare
1607 2351 1783 2389 semen
1818 2349 1991 2387 suum.
2024 2331 2138 2385 Ma-

559 2430 756 2486 nileste
807 2439 990 2485 autem
1029 2429 1389 2484 differentiam
1429 2426 1617 2497 populi
1654 2437 1710 2480 et
1739 2424 2134 2495 discipulorum

556 2525 794 2580 scientes
837 2520 1188 2590 evangelista:
1256 2528 1380 2590 post
1435 2515 1755 2588 parabolam
1813 2514 2139 2570 addiderunt

555 2615 702 2686 quod
753 2615 866 2684 jam
924 2627 1032 2667 non
1085 2612 1298 2676 turbis,
1357 2610 1450 2666 sed
1487 2607 1772 2678 discipulis
1832 2605 2139 2676 exponebat

552 2721 778 2764 causam
823 2713 1046 2776 propter
1091 2719 1255 2774 quam
1289 2703 1464 2757 turbis
1517 2701 1571 2756 in
1618 2698 1896 2771 parabolis
1943 2698 2136 2768 loque-

554 2810 726 2855 retur.
777 2797 1062 2854 Matthzeus
1112 2795 1332 2866 quidem
1377 2796 1419 2826 “
1471 2793 1604 2849 dicit
1648 2793 1761 2847 ita:
1819 2789 2136 2845 Accedentes

553 2888 807 2961 discipuli
850 2889 1098 2943 dixerunt
1136 2887 1226 2941 ei:
1281 2885 1460 2953 Quare
1491 2885 1547 2938 in
1593 2882 1864 2954 parabolis
1910 2882 2136 2952 loqueris

550 2984 673 3037 eis?
717 2981 900 3039 Lucas
944 2990 1126 3035 autem
1154 2980 1198 3010 ⁸³
1229 2980 1345 3034 ita:
1387 2975 1796 3049 lnterrogabant
1838 2984 2017 3030 autem
2051 2973 2139 3027 di-

550 3075 745 3146 scipuli
767 3076 882 3145 ejus
912 3091 1029 3145 qua!
1055 3084 1187 3128 esset
1217 3073 1329 3128 licet:
1367 3071 1647 3143 parabola.
1679 3069 1898 3126 Marcus
1934 3083 2066 3124 vero
2091 3067 2137 3099 ³³

551 3173 669 3226 sic:
724 3167 795 3222 Et
844 3185 962 3222 cum
993 3167 1123 3236 facti
1178 3168 1402 3236 fuissent
1456 3165 1682 3228 secreti,
1735 3159 2135 3233 interrogabant

550 3276 668 3314 eum
706 3258 957 3328 discipuli
989 3274 1106 3328 qua:
1152 3267 1285 3312 esset
1333 3255 1591 3326 parabole
1637 3255 1768 3309 hac.
1809 3253 1876 3307 Et
1921 3252 2046 3306 vide
2084 3251 2133 3306 si

560 3359 717 3422 potes
751 3366 818 3405 ex
847 3349 1139 3418 Evangelio
1166 3346 1395 3403 Joannis
1422 3347 1614 3401 audire
1640 3355 1693 3401 et
1725 3345 1957 3408 discere,
1990 3357 2132 3413 quo-

553 3443 702 3497 niam
728 3441 774 3496 si
802 3441 848 3473 “
874 3439 1254 3496 tantummodo
1292 3439 1544 3504 credunt,
1571 3446 1626 3494 et
1657 3438 1712 3491 in
1744 3437 1914 3492 verbo
1933 3451 2129 3491 ascen-

553 3535 682 3590 dere
717 3547 826 3589 non
871 3533 1290 3603 concupiscunt,
1321 3529 1526 3587 Christi
1569 3531 1802 3602 populus
1836 3539 1986 3586 sunt.
2027 3530 2132 3596 Qui

554 3636 737 3683 autem
771 3626 1091 3682 aemulantes
1130 3633 1259 3682 sunt
1291 3624 1435 3680 dona
1484 3623 1731 3687 meliora,
1770 3631 1824 3680 et
1862 3624 2005 3694 quod
2049 3633 2134 3679 est

553 3721 792 3790 primum
853 3717 1103 3774 omnium
1165 3717 1501 3789 gratiarum,
1569 3715 1851 3786 sapientia:
1908 3716 2131 3771 verbum

554 3811 776 3868 student
822 3810 1218 3881 suscipientes,
1268 3808 1519 3878 discipuli
1569 3818 1699 3864 sunt
1739 3808 1931 3880 ipsius.
1994 3808 2134 3866 Dicit

554 3912 738 3960 autem
780 3901 1021 3958 Joannes
1057 3903 1128 3956 ita
1149 3943 1164 3969 ,
1194 3901 1456 3971 quoniam
1487 3899 1701 3955 dicebat
1735 3899 1895 3956 Jesus
1926 3902 1992 3955 ad
2036 3915 2132 3956 eos

555 3999 651 4071 qui
692 3997 1043 4054 crediderunt
1084 3997 1133 4052 ei
1183 3993 1438 4050 Judaeos:
1494 3991 1597 4048 Sed
1643 3995 1690 4048 si
1726 3996 2030 4049 manseritis
2077 3996 2133 4050 in

555 4090 709 4147 verbo
739 4106 875 4155 meo,
902 4088 1224 4158 cognoscetis
1257 4086 1550 4150 veritatem,
1583 4093 1632 4138 et
1663 4085 1852 4140 veritas
1891 4084 2133 4140 liberabit

556 4199 645 4237 vos
671 4183 736 4236 ³⁸.
779 4182 920 4252 Ergo
955 4180 1202 4250 quaedam
1244 4176 1461 4247 quidem
1497 4177 1781 4247 discipulis
1825 4178 1941 4233 suis
1980 4177 2129 4243 dicit,

553 4275 802 4346 quaedam
831 4285 1012 4329 autem
1046 4271 1241 4336 turbis,
1267 4270 1369 4324 alia
1408 4284 1536 4324 vero
1567 4269 1744 4325 turbis
1776 4269 1939 4325 simul
1969 4279 2132 4338 atque

553 4369 881 4438 discipulis:
932 4366 1075 4421 sicut
1123 4373 1176 4420 et
1221 4370 1354 4418 sunt
1394 4362 1513 4418 haec
1571 4361 1690 4432 ipsa
1737 4364 2024 4432 praesentia
2066 4363 2132 4419 de

554 4463 757 4532 quibus
806 4459 1089 4531 loquimur
1137 4458 1319 4512 modo.
1355 4455 1496 4522 Quid
1529 4471 1659 4525 ergo
1695 4454 1826 4511 dicit
1873 4456 2047 4512 turbis
2079 4467 2133 4512 et

554 4554 839 4625 discipulis
867 4553 1174 4609 videamus.
1213 4547 1384 4620 Super
1426 4548 1732 4602 cathedram
1772 4546 1946 4618 Moysi
1987 4549 2133 4602 sede-

557 4656 680 4700 runt
712 4644 913 4701 Scribat
927 4654 975 4698 et
1010 4642 1354 4702 Pharisaei".
1389 4640 1546 4706 Quod
1564 4640 1801 4695 arbitror
1815 4640 2132 4711 hujusmodi

555 4754 717 4794 esse:
754 4736 859 4806 Qui
896 4735 1065 4806 legem
1099 4731 1273 4804 Moysi
1313 4731 1640 4801 proﬁtentur
1669 4746 1728 4786 se
1760 4731 2129 4802 interpretari,

557 4840 612 4887 ct
638 4831 691 4884 in
731 4831 835 4884 hoc
865 4827 1207 4900 gloriantur,
1240 4832 1336 4878 aut
1374 4823 1470 4894 qui
1520 4823 1980 4892 superascendere
2018 4824 2136 4878 haec

557 4939 618 4979 se
648 4922 989 4994 proﬁtentur,
1020 4919 1074 4974 hi
1122 4919 1313 4974 sedent
1363 4932 1528 4987 super
1575 4915 1888 4971 cathedram
1934 4914 2129 4986 Moysi.

555 5015 660 5083 Qui
693 5029 825 5086 ergo
850 4995 961 5067 non
1014 5011 1273 5067 recedunt
1301 5025 1330 5064 a
1361 5009 1540 5063 littera
1582 5006 1762 5076 Legis,
1798 5006 2004 5062 Scriba:
2044 5008 2130 5062 di-

554 5115 775 5162 cuntur.
809 5103 912 5171 Qui
955 5112 1136 5158 autem
1171 5101 1350 5171 majus
1379 5099 1586 5170 aliquid
1634 5099 1951 5168 proﬁtentes
1991 5096 2133 5152 divi-

556 5202 691 5256 dunt
723 5200 891 5271 836
917 5198 1129 5268 seipsos
1155 5195 1313 5266 quasi
1347 5194 1601 5248 meliores
1634 5207 1662 5245 a
1696 5191 1902 5258 multis,
1936 5207 2135 5247 secun-

557 5293 687 5347 dum
741 5293 846 5346 hoc
890 5288 1152 5344 Pharisaei
1206 5287 1503 5350 dicuntur,
1556 5285 1651 5355 qui
1709 5285 2138 5354 interpretantur

559 5384 715 5436 divisi
754 5391 809 5438 et
847 5380 1126 5453 segregati.
1158 5379 1364 5435 Phares
1397 5377 1542 5432 enim
1588 5376 1778 5431 divisio
1809 5375 2133 5446 appellatur.

563 5477 657 5530 Est
683 5489 813 5544 ergo
845 5475 1028 5529 videre
1062 5486 1236 5542 usque
1268 5485 1412 5526 nunc
1444 5469 1588 5539 apud
1619 5467 1858 5534 Judzeos,
1887 5468 2138 5522 sedentes

562 5582 726 5637 super
753 5566 1068 5621 cathedram
1097 5562 1291 5637 Moysi,
1319 5563 1541 5638 scribas
1571 5570 1626 5618 et
1664 5559 1990 5616 Pbariszeos.
2015 5557 2136 5615 Non

2240 595 2404 651 super
2430 581 2740 636 cathedram
2770 580 2966 655 Moysi,
2994 585 3089 654 qui
3123 585 3397 651 dicebant,
3425 596 3476 642 et
3499 605 3595 644 non
3625 593 3754 650 facie-

2239 673 2402 738 bant,
2459 683 2514 728 et
2565 675 2860 746 alligabunt
2903 692 3072 731 onera
3122 679 3303 749 gravia
3343 687 3396 734 et
3447 682 3752 752 importabilia

2239 780 2403 834 super
2434 765 2693 822 humeros
2750 767 3074 833 hominum,
3134 769 3238 840 ipsi
3282 781 3460 827 autem
3501 791 3592 830 nec
3623 779 3755 847 digito

2237 857 2493 913 volebant
2545 874 2608 914 ea
2644 875 2883 914 movere.
2910 860 3187 917 Arbitror
3231 865 3375 919 enim
3421 870 3653 936 quoniam
3685 876 3751 942 qui

2238 948 2460 1022 Moysen
2516 952 2818 1006 secundum
2861 953 3165 1023 spiritalem
3207 956 3458 1013 virtutem
3509 960 3754 1033 intelligunt

2237 1049 2291 1096 et
2344 1053 2658 1112 exponunt,
2717 1044 2908 1100 sedent
2974 1047 3195 1114 quidem
3277 1063 3442 1117 super
3493 1052 3750 1108 cathedram

2238 1130 2430 1203 Moysi,
2467 1133 2558 1188 sed
2591 1148 2702 1188 non
2755 1144 2886 1190 sunt
2934 1133 3142 1193 Scriba:
3165 1147 3220 1193 et
3273 1138 3547 1207 Phariszi,
3580 1144 3657 1198 sed
3694 1146 3754 1201 his

2237 1223 2510 1280 meliores.
2550 1223 2709 1281 Tales
2741 1236 2872 1281 sunt
2910 1227 3094 1284 dilecti
3137 1230 3343 1287 Christi
3391 1233 3646 1300 discipuli,
3686 1241 3752 1306 qui

2236 1324 2291 1370 et
2323 1317 2549 1371 verbum
2587 1317 2707 1387 ejus
2735 1333 2831 1388 per
2863 1321 3094 1390 gratiam
3144 1321 3240 1377 Dei
3282 1324 3696 1396 interpretantur,
3717 1340 3755 1383 et

2238 1409 2523 1463 inveniunt
2575 1425 2638 1464 ea
2675 1426 2796 1480 quae
2839 1421 2969 1467 sunt
3011 1413 3156 1468 aliud
3195 1430 3264 1470 ex
3289 1416 3398 1471 alio
3436 1419 3750 1489 signiﬁcantia.

2239 1497 2380 1568 Ergo
2415 1511 2541 1554 ante
2586 1499 2788 1557 Christi
2833 1503 3054 1573 quidem
3093 1505 3388 1562 adventum
3431 1525 3584 1579 super
3616 1513 3756 1566 cathe-

2237 1591 2392 1646 dram
2431 1591 2598 1663 Moysi
2624 1593 2888 1648 sedebant
2920 1596 3078 1660 bene,
3112 1598 3207 1667 qui
3253 1598 3392 1654 bene
3434 1609 3484 1655 et
3514 1603 3755 1656 secundum

2237 1683 2509 1738 rationem
2541 1684 2689 1739 dicta
2715 1683 2886 1756 Moysi
2913 1686 3437 1758 interpretabantur.
3464 1683 3583 1747 Post
3602 1693 3757 1746 adven-

2237 1784 2352 1830 tum
2404 1784 2585 1831 autem
2621 1776 2823 1832 Christi
2861 1780 3051 1834 sedent
3081 1795 3247 1851 super
3289 1783 3591 1838 cathedram
3616 1784 3758 1839 Eccle

2238 1869 2354 1937 site,
2393 1886 2514 1940 quae
2561 1878 2646 1924 est
2692 1871 2947 1926 cathedra
2999 1871 3207 1928 Christi
3256 1883 3311 1928 et
3363 1876 3600 1932 thronus.
3643 1875 3758 1931 Sicut

2237 1971 2418 2016 autem
2467 1977 2630 2032 super
2659 1963 2974 2018 cathedram
3008 1963 3182 2036 Moysi
3229 1967 3376 2022 male
3405 1968 3607 2039 quidem
3641 1969 3759 2024 sede-

2238 2051 2370 2108 bant
2396 2050 2602 2107 Scriba:
2640 2062 2694 2108 et
2732 2053 3016 2121 Pharisaei,
3048 2055 3187 2112 bene
3221 2067 3408 2112 autem
3440 2058 3530 2128 qui
3556 2066 3674 2113 recte
3697 2058 3759 2112 iu-

2240 2145 2555 2212 telligebant
2607 2145 2813 2217 legem,
2861 2156 3022 2218 atque
3074 2148 3402 2216 tradebant,
3453 2150 3530 2206 sic
3554 2159 3601 2205 ct
3636 2166 3757 2220 super

2237 2237 2553 2293 cathedram
2588 2239 3016 2296 ecclesiasticam
3057 2243 3251 2297 sedent
3293 2242 3516 2314 quidam
3567 2243 3758 2297 dicentes

2237 2343 2360 2398 qua:
2395 2330 2576 2384 facere
2626 2339 2874 2401 oporteat
2927 2347 3420 2403 unumquemque,
3470 2348 3570 2388 non
3619 2342 3755 2387 autem

2236 2420 2530 2489 facientes,
2579 2432 2634 2478 et
2692 2424 2978 2496 alligantes
3026 2441 3192 2482 onera
3240 2427 3474 2498 gravia,
3529 2428 3759 2496 imponunt

2238 2528 2405 2584 super
2436 2515 2697 2570 humeros
2732 2517 3038 2585 hominum,
3074 2519 3178 2588 ipsi
3224 2534 3325 2574 nec
3375 2519 3538 2588 digito
3565 2518 3758 2572 volentes

2237 2620 2302 2661 ea
2331 2620 2586 2675 movere;
2619 2607 2688 2664 de
2713 2609 2913 2678 quibus
2939 2609 3154 2666 dicebat
3185 2609 3441 2666 Salvator
3463 2612 3504 2642 ³⁷
3530 2629 3543 2666 :
3571 2609 3759 2676 Quies»-

2237 2714 2336 2768 qtte
2363 2698 2575 2755 solverit
2618 2717 2782 2755 unum
2816 2704 2880 2757 de
2909 2704 3178 2758 mandatis
3207 2705 3325 2759 istis
3362 2704 3599 2768 minimis,
3625 2714 3666 2758 et
3690 2702 3761 2755 do-

2238 2792 2404 2846 cuerit
2458 2792 2694 2848 homines
2751 2796 2862 2858 sic,
2916 2797 3163 2850 miniatus
3220 2797 3497 2852 vocabitur
3547 2797 3596 2849 in
3637 2809 3756 2864 regno

2237 2883 2510 2938 caelorum.
2536 2885 2641 2939 Alii
2684 2896 2863 2942 autem
2899 2887 3204 2943 sedentium
3262 2888 3473 2944 faciunt
3523 2898 3758 2954 antequam

2238 2978 2445 3045 dicant,
2480 2987 2534 3033 et
2574 2977 2765 3034 dicunt
2797 2979 3452 3049 sapientcr'moderantes
3485 2979 3759 3034 ditl'erentiss

2240 3070 2617 3136 humerorum,
2651 3081 2706 3127 et
2739 3086 2904 3127 onera
2941 3072 3023 3128 eis
3058 3088 3220 3143 parce
3258 3074 3573 3145 imponunt,
3611 3072 3695 3142 ipsi
3712 3085 3758 3125 es

2239 3163 2394 3232 prius
2431 3171 2714 3218 moventes
2740 3163 2808 3218 ad
2855 3165 3290 3220 exhortationem
3341 3165 3653 3220 audientium
3680 3177 3757 3216 c2-

2241 3263 2507 3319 terorum,
2546 3253 2613 3309 de
2671 3256 2871 3324 quibus
2929 3255 3190 3312 Dominus
3243 3256 3323 3311 ait
3344 3257 3430 3311 ³³ι
3480 3256 3575 3322 Ωιὶ
3622 3263 3756 3308 autem

2243 3344 2423 3414 fecerit
2451 3354 2499 3398 et
2527 3345 2767 3408 docuerit
2798 3347 2899 3416 sic,
2922 3347 3006 3400 hic
3034 3363 3256 3418 magnus
3278 3348 3548 3403 vocabitur
3572 3349 3619 3401 in
3641 3359 3757 3414 regns

2242 3439 2364 3494 Dei.

2318 3532 2404 3586 to.
2456 3530 2652 3587 Adhuc
2699 3541 2881 3588 autem
2940 3534 3240 3591 secundum
3295 3536 3589 3608 simplicem
3625 3530 3757 3587 tradi-

2242 3623 2446 3681 tionem
2481 3625 2611 3680 dicti
2642 3626 2808 3697 hujus
2845 3642 2955 3698 quo
2988 3628 3102 3683 ait:
3140 3626 3442 3683 Secundum
3465 3627 3623 3683 omnia
3646 3638 3757 3694 qta-

2241 3731 2442 3788 cunque
2473 3717 2710 3772 dixerint
2741 3719 2883 3774 vobis
2907 3719 3104 3789 facere,
3136 3721 3322 3789 facile,
3349 3724 3616 3776 secundum
3638 3729 3754 3784 opm

2237 3827 2419 3865 eorum
2450 3827 2512 3866 ne
2539 3811 2776 3881 faciatis,
2799 3813 3036 3869 dicimus
3057 3816 3320 3885 quoniam
3357 3832 3454 3886 per
3483 3815 3588 3870 haec
3618 3821 3756 3868 osten-

2239 3901 2370 3957 dere
2399 3903 2570 3958 voluit
2599 3904 2868 3973 quosdam
2906 3905 2962 3960 in
3006 3905 3252 3962 Ecclesia
3296 3923 3457 3973 esse,
3501 3907 3584 3977 qui
3623 3917 3755 3972 quan-

2241 4003 2356 4050 tnm
2397 3993 2468 4048 ad
2507 3995 2735 4050 verbum
2771 3997 2987 4067 quidem
3027 4007 3279 4067 potentes
3322 4007 3452 4055 sunt
3487 3998 3657 4053 docere
3677 3991 3755 4046 mi.

2238 4086 2452 4152 rabilia,
2485 4097 2539 4142 et
2569 4098 2849 4157 exponunt
2893 4104 2956 4144 ea
3008 4091 3311 4145 secundum
3365 4091 3646 4153 rationem,
3675 4098 3755 4138 non

2239 4185 2418 4232 autem
2456 4179 2643 4234 volunt
2672 4179 2974 4236 secundum
3015 4182 3162 4251 quod
3203 4182 3400 4238 dicunt
3436 4195 3618 4252 agere:
3650 4191 3757 4246 quor

2241 4286 2360 4324 rum
2408 4271 2629 4342 quidem
2691 4273 2941 4328 doctrina
2983 4283 3068 4329 est
3121 4275 3426 4341 audienda,
3466 4289 3566 4329 non
3615 4281 3756 4325 autem

2237 4370 2321 4414 est
2353 4363 2698 4416 conversatio
2740 4363 3023 4418 imitanda.
3056 4363 3424 4435 Beprehendit
3459 4379 3579 4435 ergo
3611 4362 3759 4430 hujus-

2240 4452 2387 4506 modi
2421 4461 2784 4522 praeceptores
2816 4455 2910 4525 qui
2954 4471 3063 4510 non
3109 4457 3286 4511 solum
3316 4473 3440 4528 qua:
3467 4457 3646 4512 docent
3675 4465 3756 4505 non

2242 4541 2468 4608 faciunt,
2493 4544 2587 4598 sed
2612 4546 2775 4599 etiam
2806 4546 3096 4602 crudeliter
3128 4557 3181 4602 et
3204 4549 3322 4604 sine
3351 4545 3692 4605 misericordia
3707 4541 3757 4604 ³’ν

2239 4647 2348 4686 non
2412 4634 2711 4708 secundum
2778 4637 3240 4694 existimationem
3303 4640 3502 4695 virium
3546 4638 3760 4692 uniuscu-

2234 4724 2436 4797 jusque
2468 4727 2773 4792 audientis,
2814 4729 2910 4784 sed
2955 4730 3166 4800 majora
3192 4733 3396 4789 virtute
3443 4733 3660 4802 ipsorum
3695 4726 3759 4778 in-

2239 4824 2510 4895 jungunt:
2551 4833 2764 4895 utputa,
2809 4827 2901 4896 qui
2942 4827 3234 4896 prohibent
3277 4829 3510 4894 nubere,
3537 4823 3676 4881 etab
3705 4835 3758 4875 eo

2240 4917 2385 4986 quod
2434 4917 2681 4986 expedit,
2727 4918 2795 4972 ad
2839 4919 3254 4976 immoderatam
3301 4921 3608 4976 munditiam
3635 4929 3756 4970 com-

2237 5007 2462 5076 pellunt.
2498 5007 2603 5074 Qui
2633 5009 2830 5063 docent
2861 5010 3025 5064 etiam
3068 5010 3343 5067 abstinere
3375 5027 3406 5066 a
3435 5011 3582 5074 cibis,
3604 5017 3650 5062 et
3676 5004 3754 5058 alia

2238 5098 2589 5168 hujusmodi,
2645 5100 2713 5155 ad
2761 5116 2884 5170 quae
2938 5116 3046 5156 non
3081 5103 3308 5158 omnino
3356 5111 3560 5174 oportet
3604 5108 3756 5166 οθεεω

2239 5191 2490 5246 homines
2523 5191 2706 5248 lideles
2728 5234 2744 5260 ,
2796 5193 3022 5265 alligant
3057 5211 3156 5266 per
3193 5197 3416 5251 verbum
3455 5188 3756 5264 expositionis

2238 5302 2353 5342 suae
2383 5300 2546 5340 onera
2579 5288 2764 5358 gravia
2785 5330 2799 5355 ,
2842 5291 2982 5345 citra
3014 5291 3345 5345 voluntatem
3383 5287 3577 5344 Christi
3611 5284 3756 5340 diecu-

2244 5379 2312 5432 tis
2331 5378 2416 5432 θοι
2452 5376 2651 5449 Iugum
2691 5395 2862 5434 meum
2892 5398 3049 5436 suave
3087 5391 3188 5445 est,
3213 5391 3262 5436 et
3311 5399 3440 5436 onus
3486 5393 3637 5434 nteant
3675 5374 3758 5428 tm

2245 5477 2360 5533 est,
2388 5478 2438 5523 et
2484 5469 2774 5539 imponunt
2797 5488 2859 5526 ea
2881 5512 2895 5536 ,
2944 5481 3208 5542 quantum
3253 5473 3320 5528 ad
3351 5473 3565 5527 verbum
3609 5477 3754 5522 suum.

2244 5575 2408 5630 super
2435 5561 2693 5618 humeros
2728 5563 3033 5632 hominum,
3059 5574 3350 5621 curvantes
3381 5579 3491 5631 eos,
3522 5571 3571 5618 et
3601 5557 3754 5615 cadere

633 5700 676 5731 ’⁷
710 5697 898 5754 Matth.
924 5715 1021 5766 xtl,
1051 5701 1142 5761 49,
1167 5698 1255 5753 50.
1333 5698 1379 5729 ’⁸
1410 5713 1529 5761 χιιι,
1553 5695 1603 5762 l,
1633 5694 1669 5748 2
1694 5705 1747 5767 et
1766 5709 1925 5767 seqq.
1999 5695 2044 5727 ¹⁹
2073 5712 2135 5761 tv1

2238 5697 2284 5751 5.
2363 5697 2406 5767 εο
2437 5713 2555 5765 vni,
2578 5697 2632 5764 4,
2665 5700 2718 5754 5.
2796 5700 2838 5732 ³¹
2870 5717 2989 5767 χιιι,
3029 5700 3114 5755 10.
3189 5699 3236 5733 ⁸³
3268 5714 3383 5767 vttt,
3417 5700 3469 5755 9.
3542 5696 3580 5727 ³³
3603 5688 3751 5767 [γυψ-

563 5769 608 5802 ³⁶
633 5771 747 5840 lege
771 5772 880 5840 qui.
957 5758 1187 5825 "'Joa—n.
1233 5785 1346 5836 \‘ltl,
1376 5769 1464 5832 5|,
1489 5758 1598 5822 52.’
1655 5768 1700 5799 ³⁸
1732 5758 1921 5822 Matth.
1947 5781 2104 5834 xxm,
2133 5758 2135 5761 ’

2264 5769 2307 5800 ³⁷
2337 5758 2727 5838 Μειιιιιίνίίξ).
2806 5771 2850 5804 ⁸³
2876 5758 3006 5828 ibid.
3083 5773 3129 5805 ³³
3159 5771 3228 5825 al.
3258 5758 3381 5827 add:
3405 5780 3470 5824 et-
3543 5767 3582 5797 “
3602 5758 3753 5818 Matth.

563 5854 640 5906 χι,
670 5839 760 5897 50.
