4004 6544
291 419 430 475 1613

1451 414 2105 473 COMMENTARiORUM
2147 416 2406 472 SERIES.

3397 428 3533 483 {6H

289 537 552 593 facientes
600 537 702 592 sub
751 537 986 607 pondere
1022 537 1266 608 gravium
1326 539 1705 594 mandatorum
1759 556 1856 596 eos
1887 545 1927 602 Α
1959 537 2305 600 suﬁ‘ocatum,
2342 549 2396 594 et
2436 537 2891 598 fornicationem?
2927 543 3030 599 Sel
3057 543 3152 601 illi
3202 547 3400 603 docent
3445 566 3533 604 sc-

286 629 383 699 qni
433 629 679 697 bajulare
735 645 855 683 eam
912 644 1020 683 non
1079 627 1363 684 sufferunt.
1433 629 1496 684 Et
1547 630 1859 705 frequenter

287 721 475 775 videre
520 731 604 775 est
653 736 750 776 eos
783 722 875 791 qui
924 722 1054 775 talia
1100 721 1329 786 docent,
1374 723 1650 778 contraria
1701 738 1862 794 agere

283 811 635 868 sermonibus
659 814 800 879 suis,
825 822 879 867 et
909 829 1006 868 nec
1037 813 1246 869 modica
1278 815 1476 870 virtute
1499 815 1715 882 animas,
1739 832 1860 885 quae

286 905 570 960 moraliter
614 906 818 976 digitus
859 907 1202 976 appellatur,
1263 909 1451 963 volunt
1501 923 1564 962 ea
1615 924 1854 964 movere.

281 993 602 1050 Castitatem
653 996 798 1050 enim
852 997 1009 1050 multi
1060 998 1349 1062 docentes,
1396 1000 1698 1055 castitatem
1748 1016 1854 1054 non

281 1097 658 1142 servaverunt.
689 1087 978 1143 Abstinere
1007 1105 1037 1144 a
1061 1091 1200 1144 cibis
1227 1094 1508 1146 hortantes
1536 1093 1696 1158 alios,
1728 1092 1853 1162 ipsi,

280 1175 398 1230 sive
429 1187 651 1246 propter
683 1178 1112 1246 simulationem,
1154 1181 1271 1236 sive
1311 1190 1533 1251 propter
1575 1183 1677 1237 hoc
1709 1183 1853 1252 quod

279 1269 409 1322 victi
441 1278 570 1324 sunt
603 1285 633 1322 ιι
669 1271 1130 1340 concupiscentiis
1167 1273 1306 1338 suis,
1352 1273 1504 1329 cibos
1538 1273 1851 1342 huiusmodi

277 1369 640 1428 susceperunt
686 1377 827 1431 quos
888 1363 1404 1419 abrenuntiaverant
1461 1366 1682 1428 verbis,
1748 1367 1852 1420 alia

277 1453 542 1508 docentes
571 1453 624 1507 in
659 1455 900 1523 publico,
927 1464 981 1508 et
1005 1456 1111 1510 alia
1138 1466 1345 1512 secrete
1375 1467 1430 1511 et
1449 1457 1662 1512 occulte
1690 1473 1854 1524 agen-

281 1557 392 1611 tes,
424 1547 608 1601 omnia
638 1546 896 1603 facientes
939 1557 1156 1618 propter
1190 1564 1450 1618 personas
1482 1550 1766 1604 hominum
1799 1559 1855 1604 et

275 1637 482 1707 glorias
510 1650 700 1701 vanas,
731 1636 874 1691 sicut
915 1636 1258 1705 subsequens
1283 1651 1463 1690 sermo
1487 1636 1848 1700 demonstrat,

273 1729 503 1783 «licens:
539 1728 733 1783 Omnia
763 1744 920 1798 opera
952 1744 1048 1781 sua
1089 1728 1330 1797 faciunt,
1373 1738 1431 1782 ut
1475 1729 1752 1782 videantur
1785 1728 1849 1781 ab

272 1820 575 1873 kontiuibus
600 1821 666 1874 "'.
720 1819 782 1874 Et
810 1820 1130 1890 plerumque
1180 1837 1372 1875 omnes
1420 1820 1494 1874 illi
1537 1830 1664 1875 sunt
1713 1820 1847 1875 tales

1961 631 2197 686 cundum
2232 631 2466 686 litteram
2519 632 2738 704 Legem,
2773 631 2930 706 Legis
2969 653 3188 693 sensum
3222 640 3536 710 spiritaliter

1960 735 2072 773 non
2109 721 2490 790 intelligentes,
2537 722 2680 778 sicut
2709 723 2776 778 de
2814 723 2921 778 illis
2971 726 3048 778 ait
3098 727 3394 796 Apostolus
3426 729 3469 761 ⁸⁸
3517 749 3530 783 :

1961 808 2114 864 Finis
2146 821 2321 865 autem
2346 822 2424 866 est
2453 813 2581 883 legis
2626 815 2862 868 charitas
2897 813 2961 869 de
2984 817 3138 870 corde
3175 835 3306 887 puro
3343 828 3394 874 et
3429 821 3534 889 ﬁde

1959 917 2059 955 non
2088 903 2212 972 ﬁcta
2229 921 2248 968 ;
2283 922 2314 958 a
2344 905 2531 976 quibus
2561 906 2779 976 quidam
2811 906 3116 964 aberrantes
3147 913 3378 964 conversi
3411 922 3532 966 sunt

1958 992 2014 1046 in
2040 995 2422 1067 vaniloquium,
2467 998 2692 1054 volentes
2723 1016 2833 1054 esse
2856 1000 2982 1071 legis
3019 1003 3280 1069 doctores,
3313 1022 3412 1058 non
3450 1008 3531 1059 in-

1959 1086 2247 1156 telligentes
2279 1104 2438 1160 neque
2468 1105 2585 1160 qua:
2612 1091 2919 1161 loquuntur,
2950 1111 3111 1165 neque
3144 1096 3208 1149 de
3231 1098 3418 1165 quibus
3441 1099 3530 1167 af-

1958 1180 2197 1247 ﬁrmant.
2245 1179 2348 1246 Qui
2396 1181 2543 1236 enim
2592 1182 2760 1252 legem
2804 1182 2974 1255 Moysi
3021 1197 3302 1256 exponunt
3331 1204 3534 1244 securi--

1955 1271 2084 1326 dum
2141 1272 2398 1338 litteram,
2449 1273 2705 1330 cadentes
2740 1290 2771 1329 a
2826 1277 3113 1333 dilectione
3164 1295 3287 1350 qua:
3335 1293 3416 1338 est
3465 1299 3532 1337 ex

1955 1363 2116 1418 corde
2163 1378 2319 1432 puro,
2351 1373 2403 1417 et
2451 1378 2481 1417 a
2515 1364 2621 1420 ﬁde
2657 1381 2764 1420 non
2811 1368 2957 1435 ﬁcta,
3002 1369 3054 1422 in
3105 1371 3309 1440 quibus
3347 1374 3528 1442 posita

1955 1463 2038 1511 est
2074 1457 2157 1510 lex
2207 1456 2503 1525 spiritalis,
2541 1473 2732 1514 omnes
2770 1461 3044 1531 vaniloqui
3101 1473 3250 1519 sunt.
3304 1463 3528 1521 Vanilo-

1953 1549 2143 1618 quium
2173 1549 2319 1604 enim
2353 1559 2435 1605 est
2463 1549 2833 1615 circumcisio,
2869 1569 3082 1624 azyma,
3111 1559 3332 1626 pasclta,
3367 1570 3420 1613 et
3461 1560 3530 1612 de

1956 1639 2177 1694 mundis
2207 1647 2262 1694 et
2297 1639 2595 1696 immundis
2626 1643 2924 1697 secundum
2955 1644 3189 1699 litteram
3231 1645 3414 1717 Legis.
3459 1648 3527 1702 lli

1951 1743 2081 1799 ergo
2109 1729 2204 1799 qui
2240 1730 2488 1785 conversi
2527 1738 2653 1786 sunt
2702 1732 2755 1785 in
2794 1732 3191 1804 vaniloquium,
3236 1746 3290 1792 et
3338 1740 3530 1794 volunt

1954 1834 2073 1873 esse
2101 1821 2234 1890 legis
2269 1821 2540 1888 doctores,
2574 1836 2674 1877 nec
2706 1831 2883 1878 tamen
2921 1835 3048 1879 sunt
3092 1828 3394 1883 secundum
3429 1847 3524 1885 vc-

270 1912 368 1980 qui
398 1911 632 1982 diligunt
675 1911 885 1982 primos
917 1913 1223 1967 diseuhitus
1254 1913 1307 1966 in
1353 1913 1638 1977 conviviis,
1670 1923 1724 1967 et
1751 1929 1839 1966 sa--
1881 1883 1921 1942 Β
1953 1911 2164 1965 ritatem
2210 1912 2362 1980 legis,
2407 1912 2596 1968 dicunt
2627 1914 2845 1983 quidrm
2889 1914 3048 1986 Legis
3091 1920 3368 1983 mandata,
3416 1936 3523 1976 non

271 2006 572 2061 lntationes
601 2007 655 2060 in
698 2005 848 2072 foro,
883 2015 935 2061 et
966 2009 1150 2061 vocari
1191 2007 1260 2062 ab
1299 2006 1610 2062 hominibus
1648 2005 1843 2068 Rabbi,

275 2104 376 2149 aut
407 2095 613 2165 aliquid
652 2096 795 2164 quod
842 2094 1020 2150 simile
1058 2107 1139 2152 est
1183 2094 1354 2151 Rabbi
1381 2096 1549 2151 huic:
1613 2104 1800 2165 utputa
1828 2134 1842 2155 .

271 2185 368 2252 qui
400 2185 590 2238 volunt
615 2185 797 2239 vocari
821 2185 1082 2255 episcopi,
1112 2195 1207 2240 aut
1243 2185 1565 2256 presbyteri,
1599 2195 1694 2240 aut
1723 2185 1844 2239 dia-

265 2276 428 2340 coni,
465 2292 592 2331 cum
645 2276 868 2332 deberet
922 2277 1301 2348 unusquisque
1350 2292 1578 2339 eorum,
1629 2276 1840 2330 etiamsi

267 2378 560 2424 vocaretur
595 2370 663 2424 ab
689 2371 894 2441 aliquo,
923 2371 1006 2426 vel
1035 2370 1430 2425 conscientiam
1465 2385 1621 2424 suam
1661 2379 1843 2424 osten-

265 2461 400 2514 dere
427 2459 557 2528 Deo,
583 2460 842 2530 quoniam
875 2477 983 2515 non
1017 2460 1132 2517 vult
1163 2460 1268 2514 hoc
1299 2457 1520 2512 nomine
1550 2456 1840 2520 nominari,

265 2553 429 2622 cujus
465 2569 564 2608 nec
593 2553 876 2608 scientiam
913 2553 1075 2608 habet
1114 2567 1214 2608 nec
1251 2560 1454 2607 actum.
1486 2549 1551 2604 Et
1579 2550 1624 2604 si
1660 2549 1840 2612 habet,

264 2658 448 2700 tamen
502 2662 608 2700 non
649 2647 806 2701 debet
857 2646 995 2701 velle
1038 2645 1220 2701 vocari
1283 2661 1348 2701 eo
1388 2645 1641 2710 nomine,
1693 2643 1842 2713 quod

264 2737 485 2808 proprie
507 2737 728 2793 alterius
759 2746 861 2794 est.
899 2738 1124 2808 Proprie
1149 2739 1294 2793 enim
1337 2737 1626 2808 episcopus
1659 2735 1842 2790 Domi-

265 2845 372 2884 nus
397 2826 562 2884 laus
599 2837 717 2894 est,
756 2837 810 2883 et
857 2829 1196 2900 presbyteri,
1245 2829 1520 2883 Abraham
1543 2868 1558 2892 ,
1593 2825 1744 2881 Isaac
1788 2836 1842 2881 et

259 2921 470 2984 Jacoh,
525 2920 671 2976 sicut
724 2921 1077 2977 manifestum
1131 2931 1216 2976 est
1249 2920 1335 2975 his
1384 2919 1478 2990 qui
1531 2921 1582 2974 in
1642 2918 1838 2974 Genesi

261 3012 614 3066 considerant
665 3027 788 3082 qua:
836 3012 906 3068 de
946 3011 1158 3069 semine
1189 3027 1379 3066 eorum
1428 3019 1555 3066 sunt
1602 3010 1836 3081 scripta;

261 3105 347 3155 vel
376 3102 556 3156 caeteri
591 3101 683 3172 qui
721 3102 823 3157 hoc
857 3103 1080 3156 nomine
1102 3102 1252 3172 digni
1281 3100 1448 3156 habiti
1479 3110 1626 3163 sunt,
1649 3100 1839 3168 quales

260 3191 483 3247 fuerunt
519 3194 748 3263 apostoli
779 3192 1006 3249 Christi.
1038 3193 1266 3249 Diaeoni
1310 3208 1460 3256 vero,
1509 3202 1711 3264 septem
1745 3209 1833 3249 ar-

258 3284 512 3354 changeli
547 3293 679 3339 sunt
712 3283 836 3350 Dei,
885 3284 955 3338 ad
997 3299 1231 3354 quorum
1283 3284 1584 3340 ministeria
1629 3293 1834 3355 septem

259 3374 485 3430 diaconi
538 3376 590 3430 in
643 3377 873 3432 Actibus
927 3385 1056 3430 sunt
1106 3376 1364 3430 ordinati.
1411 3375 1664 3431 Praecidit
1707 3392 1838 3449 ergo

261 3467 529 3522 Dominus
564 3467 877 3537 hujusmodi
909 3467 1386 3537 concupiscentias
1417 3470 1485 3522 ab
1513 3469 1696 3524 anima
1735 3484 1832 3524 uo-

261 3567 375 3610 stra
411 3574 504 3628 per
535 3559 649 3615 hare
681 3559 842 3614 verba
893 3575 1015 3630 quae
1055 3563 1232 3630 posita
1284 3571 1446 3626 sunt,
1490 3571 1544 3616 ct
1587 3563 1838 3617 hortatur

259 3657 440 3721 magis
480 3653 655 3708 zelare
698 3653 1094 3718 humilitatem,
1132 3671 1255 3725 qua:
1293 3663 1377 3709 est
1410 3656 1583 3724 prima
1629 3657 1836 3711 exalta-

256 3741 428 3796 tionis
456 3743 675 3797 occasio
708 3745 850 3814 apud
885 3744 1052 3800 Deum
1080 3763 1095 3800 :
1139 3747 1284 3800 sicut
1308 3746 1620 3800 econtrario
1657 3747 1834 3801 humi-

256 3835 499 3890 liationis
533 3836 750 3891 occasio
791 3845 874 3891 est
917 3837 1062 3908 apud
1110 3836 1304 3904 Deum,
1354 3837 1577 3908 diligere
1630 3839 1834 3908 primas

253 3927 547 3983 cathedras
591 3929 646 3982 in
703 3931 1025 4000 synagogis,
1076 3939 1131 3985 et
1187 3930 1394 4000 primos
1423 3930 1726 3986 discubitus
1779 3931 1831 3985 in

253 4020 542 4081 conviviis,
578 4029 634 4075 et
666 4023 870 4091 primas
898 4020 1256 4078 salutationes
1289 4021 1345 4076 in
1389 4020 1534 4088 foro,
1565 4031 1619 4076 et
1648 4023 1830 4076 vocari

253 4113 455 4169 lta‘ubi.
483 4113 548 4169 Et
573 4116 695 4169 vide
721 4114 980 4184 quoniam
1012 4129 1176 4184 super
1207 4115 1321 4168 haec
1347 4113 1497 4168 addit
1523 4124 1574 4168 et
1596 4115 1727 4168 dicit
1747 4115 1790 4144 δ’
1815 4131 1829 4168 ;

258 4205 367 4270 Qui
401 4206 578 4276 major
601 4218 679 4261 est
709 4207 847 4260 inter
872 4221 958 4260 vos
1022 4207 1116 4275 ﬁat
1148 4206 1423 4271 minister;
1450 4216 1504 4261 et
1524 4207 1605 4262 ‘3:
1650 4205 1753 4270 Qui
1778 4223 1832 4260 se

257 4300 572 4353 excitaverit
588 4299 978 4360 Immiliabitur.
996 4311 1045 4352 et
1059 4300 1150 4369 qui
1172 4315 1225 4353 se
1244 4299 1600 4354 Itumiliaverit
1621 4297 1831 4352 exulta-

257 4392 425 4445 bitur.
463 4391 539 4446 Ita
581 4407 650 4446 ex
675 4389 1025 4461 pbylacteriis
1048 4397 1102 4443 et
1137 4388 1368 4444 ﬁmbriis
1400 4389 1469 4444 ad
1512 4389 1832 4445 ostentatio-

253 4500 380 4538 nem
412 4500 604 4539 eorum
629 4485 722 4554 qui
762 4500 929 4540 vanas
973 4483 1172 4554 glorias
1212 4483 1639 4552 concupiscunt,
1680 4495 1733 4538 et
1763 4497 1829 4537 ex

1951 2012 2129 2056 autem
2163 2003 2472 2072 intelligunt
2499 2018 2561 2056 ea
2601 2019 2723 2074 qua:
2767 2005 2986 2072 dicunt,
3019 2022 3119 2062 nec
3153 2008 3283 2078 quid
3315 2009 3524 2079 signiﬁ-

1949 2104 2075 2151 cent
2105 2095 2242 2166 legis
2279 2096 2425 2150 dicta
2473 2093 2540 2150 de
2572 2097 2773 2165 quibus
2811 2096 3100 2153 afﬁrmant.
3136 2097 3260 2154 Ideo
3289 2100 3418 2155 dicit
3459 2102 3524 2156 de

1951 2188 2056 2244 illis
2087 2186 2338 2244 Salvator
2366 2189 2412 2220 ⁸⁸
2460 2207 2473 2243 :
2510 2188 2703 2243 Dicunt
2745 2189 2906 2256 enim,
2946 2201 2994 2244 et
3033 2207 3136 2245 non
3177 2192 3406 2262 faciunt,
3440 2205 3524 2248 ut—

1948 2286 2102 2348 puta,
2141 2277 2332 2333 dicunt
2378 2278 2444 2333 de
2475 2277 2914 2343 circumcisione,
2947 2281 3011 2335 de
3044 2283 3266 2350 pascha,
3299 2283 3365 2338 de
3398 2300 3524 2356 azy-

1948 2368 2071 2430 mis,
2093 2368 2158 2422 de
2177 2367 2340 2431 escis,
2365 2367 2432 2422 de
2446 2365 2853 2435 festivitatibus,
2869 2369 2936 2424 de
2950 2369 3279 2437 Ncomeniis,
3303 2375 3370 2428 de
3394 2372 3525 2428 Sab-

1946 2459 2109 2523 batis,
2135 2460 2454 2528 eet-terisque
2475 2461 2610 2531 legis
2637 2463 2928 2528 mandatis,
2963 2479 3068 2519 non
3100 2474 3280 2520 autem
3312 2465 3520 2521 iaciunt

1946 2553 2246 2607 secundum
2291 2553 2628 2608 voluntatem
2679 2554 2844 2623 legis,
2889 2570 2988 2608 nec
3034 2556 3178 2610 enim
3230 2557 3523 2612 circumci-

1945 2645 2170 2710 duntur,
2202 2644 2346 2699 sicut
2387 2653 2471 2700 est
2503 2642 2639 2714 legis
2671 2643 2940 2698 voluntas.
2975 2641 3131 2698 Unde
3177 2645 3254 2699 ait
3287 2645 3521 2715 Aposto-

1945 2737 2029 2792 lus
2063 2736 2107 2768 ⁸⁵⁷
2143 2754 2157 2790 :
2198 2734 2310 2790 Nos
2351 2737 2489 2791 enim
2542 2754 2724 2791 sumus
2769 2738 3135 2801 circumcisio,
3171 2739 3262 2808 qui
3312 2737 3523 2808 Spiritu

1949 2829 2052 2884 Deo
2086 2831 2361 2896 servimus,
2397 2841 2446 2884 et
2478 2846 2583 2884 non
2623 2831 2678 2882 in
2717 2846 2875 2884 carne
2910 2831 3248 2900 conﬁdimus.
3281 2830 3390 2886 Nec
3419 2831 3523 2884 im-

1944 2924 2153 2977 molant
2203 2922 2429 2991 pascha,
2482 2921 2794 2991 ignorantes
2827 2923 2968 2994 quod
3014 2922 3224 2978 Pascha
3268 2933 3517 2980 nostrum

1941 3031 2041 3087 pro
2067 3015 2226 3070 nobis
2260 3014 2576 3069 immolatus
2607 3023 2690 3070 est
2721 3015 2995 3070 Christus.
3034 3013 3144 3071 Nec
3185 3017 3519 3071 manducant

1941 3120 2132 3177 azyma
2179 3103 2479 3159 secundum
2530 3103 2666 3176 legis
2715 3105 3092 3175 propositum,
3147 3106 3294 3176 quod
3343 3105 3507 3160 inter-

1941 3207 2184 3268 pretatur
2227 3198 2546 3268 Apostolus,
2577 3198 2764 3254 dicens
2807 3198 2852 3230 ⁸⁸
2891 3213 2904 3250 :
2946 3197 3257 3266 Epulemur,
3302 3214 3406 3253 non
3461 3200 3517 3253 in

1943 3290 2197 3358 fermento
2242 3291 2422 3355 veteri,
2469 3306 2630 3360 neque
2667 3290 2722 3342 in
2761 3288 3018 3358 fermento
3059 3289 3283 3344 malitia:
3327 3300 3376 3343 et
3425 3307 3510 3343 ue-

1941 3383 2144 3454 quitiae,
2185 3382 2276 3438 sed
2315 3383 2367 3436 in
2415 3384 2617 3448 azymis
2660 3383 2983 3436 sinceritatis
3026 3391 3074 3436 et
3102 3382 3364 3438 veritatis.
3409 3383 3515 3438 Sed

1941 3490 2042 3530 nec
2083 3473 2439 3544 corporaliter
2483 3473 2685 3543 pascha
2727 3473 3032 3540 celebrant,
3068 3489 3191 3529 cum
3235 3476 3517 3546 praecipiat

1941 3569 2024 3623 lex
2067 3566 2112 3599 δ’
2146 3567 2200 3619 in
2249 3565 2550 3621 Jerusalem
2595 3564 2870 3619 civitatem
2913 3580 3079 3634 quam
3130 3564 3290 3636 elegit
3329 3563 3513 3620 Domi-

1939 3674 2044 3715 nus
2099 3656 2274 3720 Deus,
2311 3663 2562 3725 oportere
2621 3654 2906 3712 immolare
2965 3670 3197 3726 agnum,
3230 3665 3284 3711 et
3328 3665 3410 3711 ter
3460 3657 3512 3710 in

1939 3765 2084 3806 anno
2150 3764 2412 3821 apparere
2463 3762 2682 3804 omnem
2741 3747 3048 3802 masculum
3104 3747 3156 3802 in
3215 3758 3510 3817 conspectu

1936 3843 2153 3899 Domini
2195 3842 2310 3898 Dei.
2348 3838 2459 3895 Nos
2487 3848 2670 3893 autem
2703 3837 2797 3908 qui
2839 3837 3092 3908 discipuli
3134 3853 3331 3892 sumus
3359 3837 3509 3902 Jcsu,

1936 3938 2300 4007 intelligentes
2372 3948 2467 3989 eos
2541 3932 2636 4001 qui
2712 3930 2904 3986 sedent
2965 3944 3128 3999 super
3195 3929 3511 3984 cathedram

1937 4030 2130 4101 Moysi,
2182 4027 2403 4084 Scribas
2448 4035 2502 4082 et
2540 4023 2850 4078 Pbarisaeos
2895 4029 3177 4076 servantes
3222 4021 3515 4076 circumci-

1937 4123 2121 4177 siones
2159 4129 2213 4175 et
2258 4127 2453 4174 caetera
2500 4112 2810 4184 corporalia
2861 4111 2995 4182 legis
3032 4110 3323 4177 mandata,
3355 4109 3514 4180 longe

1935 4224 2116 4270 autem
2168 4211 2497 4266 constitutos
2552 4222 2582 4262 a
2647 4203 2983 4275 spiritalibus
3033 4203 3166 4272 legis
3214 4202 3511 4266 mandatis,

1933 4318 2272 4377 quaecunque
2303 4302 2492 4356 dicunt
2515 4297 2673 4352 nobis
2705 4311 2770 4350 ex
2804 4294 2940 4364 lege,
2972 4293 3337 4363 intelligentes
3381 4309 3508 4348 seu-

1935 4413 2055 4454 sum
2086 4396 2219 4466 legis
2251 4393 2486 4449 facimus
2512 4399 2565 4446 et
2595 4401 2900 4452 servamus,
2933 4400 3276 4455 nequaquam
3307 4383 3513 4438 facien-

1934 4501 2013 4544 tes
2052 4486 2351 4544 secundum
2394 4497 2556 4553 opera
2592 4495 2807 4537 eorum.
2841 4476 2976 4532 Nam
3022 4492 3143 4546 qua:
3185 4475 3507 4545 loquuntur,

249 4576 647 4645 jactationibus
683 4586 902 4647 propter
933 4591 1188 4647 pompam
1209 4615 1226 4642 ,
1265 4583 1320 4630 et
1355 4590 1422 4630 ex
1457 4574 1828 4641 vestimentis,

1945 4598 1998 4636 es
2044 4580 2162 4650 lege
2202 4578 2420 4648 quidem
2469 4575 2722 4629 videntur
2762 4572 2963 4636 dicere,
3007 4580 3186 4624 tamen
3237 4569 3378 4624 sicut
3424 4569 3510 4623 lex

213 4669 308 4724 ‘et
368 4683 438 4723 ex
488 4668 707 4723 annulis
759 4676 815 4722 et
870 4667 1288 4731 calceamentis,
1338 4664 1689 4740 manifestum
1751 4676 1835 4722 est

1945 4675 2091 4730 locet
2127 4686 2233 4724 non
2267 4668 2496 4724 faciunt.
2530 4665 2638 4720 Nec
2672 4665 2816 4720 enim
2853 4661 3161 4730 suscipiunt
3187 4660 3509 4716 charitatem

252 4760 348 4831 qui
382 4769 512 4814 sunt
559 4759 652 4832 qui
685 4760 917 4831 diligunt
949 4761 1017 4814 ab
1048 4758 1365 4814 hominibus
1407 4759 1588 4814 vocari
1636 4759 1832 4814 Rabbi.
1932 4763 1986 4814 in
2030 4757 2194 4814 corde
2240 4772 2398 4826 puro,
2446 4771 2547 4810 nec
2590 4753 2750 4808 ﬁdem
2797 4767 2906 4805 non
2954 4751 3156 4813 ﬁctam,
3207 4749 3260 4802 in
3312 4749 3512 4818 quibus
3555 4798 3564 4808 ,

254 4851 313 4906 Si
361 4867 494 4922 ergo
527 4851 825 4906 secundum
865 4850 1014 4922 quod
1047 4849 1322 4915 diximus,
1367 4849 1572 4905 Scriba:
1610 4859 1665 4905 et
1693 4848 1837 4903 Pha-
1931 4863 2128 4904 sensus
2176 4847 2312 4917 legis
2353 4843 2560 4915 positus
2602 4851 2718 4906 est;
2760 4855 2860 4894 nec
2903 4837 3213 4905 intelligunt
3260 4837 3510 4888 velamen

251 4945 399 5000 rismi
450 4945 703 4999 sedentes
742 4959 904 5013 super
949 4943 1264 4998 cathedram
1319 4941 1514 5013 Moysi,
1565 4951 1692 4999 sunt
1739 4942 1835 4998 .lu-
1931 4957 2056 4998 esse
2086 4957 2249 5011 super
2282 4939 2515 4993 litteram
2549 4935 2703 5005 legis,
2757 4948 2856 4986 nec
2903 4930 3134 4984 audiunt
3180 4927 3508 4996 Pr0phetam

250 5037 497 5089 dat-orum
537 5034 832 5100 doctores,
901 5031 1204 5088 secundum
1266 5031 1502 5086 litteram
1575 5032 1832 5088 docentes
1939 5034 2054 5087 haec
2082 5030 2463 5100 intelligentem
2509 5025 2712 5095 pariter
2733 5031 2786 5075 et
2818 5028 3084 5090 petentem
3124 5036 3136 5070 :
3172 5015 3358 5069 Revela
3383 5031 3505 5067 ocu-

251 5127 414 5196 Legis
470 5126 770 5189 mandata,
830 5124 1111 5195 quomodo
1179 5123 1336 5192 jubet
1407 5139 1509 5178 nos
1569 5123 1830 5178 Dominus

247 5218 416 5289 83.7
462 5218 819 5288 praesentibus
869 5216 1070 5282 verbis,
1118 5216 1417 5271 secundum
1468 5229 1531 5270 ea
1574 5230 1697 5284 quae
1747 5215 1829 5270 di-

250 5321 384 5365 cunt
417 5311 516 5374 illi,
553 5309 752 5376 facere,
789 5325 912 5364 cum
946 5324 1137 5363 omnes
1167 5307 1401 5377 apostoli
1437 5315 1616 5362 vetent
1644 5307 1829 5362 ﬁdeles

253 5404 435 5458 vivere
469 5403 766 5457 secundum
802 5403 1036 5456 litteram
1067 5401 1218 5472 legis.
1256 5401 1394 5455 sicut
1445 5407 1674 5456 testatur
1700 5400 1828 5470 Epic

249 5495 392 5548 stola
420 5495 788 5565 apostolorum
825 5494 878 5547 in
911 5493 1139 5548 Actibus
1162 5493 1232 5558 “,
1263 5508 1426 5562 quam
1464 5493 1734 5547 miserunt
1761 5492 1827 5546 ad

249 5595 462 5656 gentes,
498 5595 559 5642 ut
587 5586 726 5641 nihil
755 5595 971 5642 servent
1000 5599 1066 5640 ex
1097 5585 1213 5657 lege
1243 5584 1348 5638 nisi
1378 5584 1741 5650 immolatum,
1775 5593 1830 5638 et

1939 5126 2017 5180 los
2050 5140 2212 5188 meos,
2239 5131 2288 5174 et
2313 5117 2658 5174 considerabo
2687 5113 2954 5169 mirabilia
2985 5111 3047 5164 de
3084 5110 3190 5180 lege
3221 5119 3314 5162 tua
3344 5108 3408 5161 '°.
3445 5105 3509 5162 Et

1940 5215 2020 5271 sic
2051 5213 2276 5282 alligant
2313 5224 2480 5263 onera
2514 5206 2720 5276 gravia.
2756 5213 2832 5270 et,
2867 5203 3008 5257 sicut
3053 5199 3230 5253 Lucas
3271 5197 3365 5262 ait,
3407 5196 3508 5249 im-

1939 5303 2246 5375 portabilia,
2291 5311 2344 5355 et
2386 5299 2675 5368 imponunt
2710 5309 2873 5364 super
2908 5295 3167 5346 humeros
3210 5286 3506 5355 discipulo-

1938 5412 2058 5450 rum
2090 5392 2429 5448 audientium
2469 5404 2546 5444 se.
2588 5384 2722 5439 Nam
2750 5381 3053 5453 corporalia
3090 5379 3224 5449 legis
3253 5377 3506 5432 mandata

1937 5485 2238 5545 secundum
2266 5483 2499 5538 litteram
2523 5494 2688 5534 onera
2719 5484 2848 5532 sunt
2878 5473 3061 5544 gravia
3087 5479 3140 5526 et
3166 5470 3505 5540 alligationes

1936 5596 2044 5636 non
2070 5579 2235 5643 leves,
2262 5575 2404 5630 sicut
2423 5572 2615 5628 Petrus
2641 5577 2869 5625 testatur
2898 5567 2950 5620 in
2983 5563 3205 5620 Actibus
3228 5561 3504 5633 apostolo-

321 5785 364 5816 “
399 5789 582 5844 Matth.
611 5803 748 5844 χχιιι
770 5831 783 5854 ,
808 5790 864 5846 5.
937 5789 983 5822 ι’
1014 5787 1204 5843 Matth.
1233 5804 1298 5842 xx
1321 5829 1337 5853 ,
1364 5785 1454 5840 26.
1531 5782 1576 5814 "
1606 5781 1794 5854 Matth.
1834 5796 1840 5832 :

1945 5774 2090 5854 1,111
2117 5772 2273 5854 ,ζῇ-ἱ
2304 5769 2354 5854 ’ἦ
2382 5786 2468 5835 xv,
2492 5767 2580 5821 20.
2738 5768 2756 5820 l
2790 5765 2930 5822 Titii.
2970 5783 3006 5836 t,
3044 5767 3161 5822 5-7.
3240 5768 3284 5799 “
3311 5765 3501 5823 Matth.

253 5878 414 5928 xxiii,
443 5861 495 5916 5.
570 5863 612 5892 ’τ
647 5861 843 5928 Philip.
872 5877 954 5928 tu,
981 5861 1035 5915 ὖ.
1113 5859 1160 5893 ⁸⁸
1185 5858 1198 5912 l
1227 5857 1356 5912 Cor.
1382 5874 1434 5915 v.
1466 5855 1520 5910 8.

1596 5854 1639 5885 ’⁸9
1665 5851 1821 5907 Deut.
1853 5847 2072 5914 xvn,16.

2151 5844 2196 5875 ⁵⁰
2236 5841 2379 5896 Psal.
2414 5855 2600 5900 cxvm,
2645 5837 2730 5891 18.
