4004 6562
549 419 684 474 1615

1727 423 2052 480 OlllGENlS
2092 423 2157 478 ΙΝ
2201 421 2614 478 ΜΑΤΤΠίΕΠΜ

3625 434 3736 492 1616

547 554 667 593 rum
692 539 736 570 ⁸¹
766 536 1000 594 dicens:
1035 539 1174 606 Quid
1214 544 1428 597 tentatis
1457 544 1642 612 Deum,
1672 556 1720 600 et
1767 547 1926 602 vultis
1952 549 2120 616 impo-
2151 551 2192 608 Α
2223 545 2644 609 servationibns,
2690 545 2822 601 dicit
2881 565 2892 599 :
2940 546 3135 602 Omnia
3163 549 3364 618 faciunt
3406 561 3459 604 ut
3503 552 3561 606 ab
3599 556 3732 610 boeti-

545 647 665 685 nere
699 630 890 702 jugum
921 648 1076 702 super
1113 635 1363 688 cervicem
1393 635 1800 706 discipulorum,
1836 639 1976 710 quod
2024 657 2086 693 ne

543 737 642 790 que
686 737 778 776 nos
815 739 978 794 neque
1012 734 1193 792 patres
1230 728 1399 780 nostri
1439 729 1706 797 potuimus
1745 732 2002 799 portare?
2026 731 2117 785 sed

542 831 635 883 per
661 815 891 885 gratiam
933 813 1032 871 Dei
1061 817 1324 872 credimus
1359 818 1500 874 salvi
1535 820 1671 888 fieri.
1721 819 1974 891 Spiritalc
2015 839 2115 878 au-

542 918 650 962 tem
690 908 809 978 ejus
841 923 980 962 onus
1009 917 1092 964 est
1127 909 1243 966 leve
1277 929 1290 965 :
1333 910 1454 966 ideo
1495 920 1548 967 et
1578 912 1842 969 Dominus
1880 915 2014 969 dicit
2047 915 2114 969 ad

541 1015 636 1056 eos
667 1001 759 1070 qui
797 1001 929 1072 legis
969 1003 1238 1059 mandatis
1283 1004 1666 1073 corporalibus
1705 1017 1864 1062 erant
1901 1009 2113 1078 gravati

541 1103 593 1147 et
623 1093 824 1164 alligati
855 1113 866 1148 :
907 1093 1083 1149 Venite
1105 1097 1174 1149 ad
1199 1113 1278 1150 me
1306 1098 1396 1167 qui
1427 1097 1684 1152 laboratis
1714 1109 1762 1153 et
1789 1101 1996 1154 onerati
2031 1115 2114 1155 es-

544 1188 633 1251 tis,
657 1195 705 1240 et
731 1204 822 1258 ego
853 1205 939 1242 vos
969 1189 1223 1258 reﬁciam.
1259 1189 1522 1262 Suscipite
1538 1191 1730 1262 jugunt
1764 1209 1935 1247 meum
1959 1209 2117 1262 super

542 1295 652 1343 eos,
687 1288 736 1334 et
776 1280 941 1335 ridete
969 1282 1096 1352 quia
1127 1282 1316 1353 iugum
1348 1299 1520 1337 meum
1555 1299 1713 1338 suave
1741 1294 1850 1352 est,
1891 1293 1943 1339 et
1980 1301 2112 1340 onus

542 1387 709 1426 meum
763 1371 872 1429 leve
899 1382 975 1427 est
1015 1374 1083 1427 ⁵².
1139 1372 1290 1430 Onus
1340 1385 1519 1430 autem
1573 1376 1709 1443 leve,
1758 1375 2110 1449 Evangelium

539 1471 644 1528 est,
671 1465 812 1534 quod
854 1474 937 1520 est
969 1464 1055 1520 lex
1091 1466 1380 1535 Spiritalis.
1421 1467 1614 1522 Adhuc
1644 1475 1828 1522 autem
1859 1469 2111 1524 sedentes

539 1571 702 1626 super
728 1556 1038 1611 cathedram
1073 1556 1239 1628 Moysi
1268 1559 1471 1613 Scriba:
1511 1567 1565 1614 et
1601 1557 1886 1628 Pharisaei,
1926 1561 2110 1616 omnia

539 1663 702 1719 opera
729 1665 826 1704 sua
859 1649 1067 1706 faciunt
1094 1660 1154 1706 ut
1183 1651 1251 1706 ab
1281 1651 1595 1708 hominibus
1627 1651 1936 1718 videantur,
1977 1652 2113 1707 visi-

536 1741 698 1797 bilem
755 1744 1116 1815 suscipientes
1163 1745 1674 1813 circumcisionem,
1722 1755 1776 1801 et
1817 1745 2109 1801 visibilitcr

535 1837 842 1906 corporalia
871 1835 1125 1892 fermeuti
1154 1838 1460 1894 auferentes
1496 1840 1564 1894 de
1601 1838 1856 1893 domibus
1887 1837 2027 1901 suis,
2057 1845 2109 1890 et

2221 637 2370 690 nibus
2413 637 2706 694 videantur.
2761 638 3001 692 Dilatant
3039 642 3179 694 enim
3213 642 3540 711 .pliylacterta
3566 662 3665 710 sua,
3694 658 3733 702 et

2220 728 2560 798 magnificam
2592 728 2834 798 ﬁmbrias
2884 731 3308 785 vestimentorum
3342 749 3562 787 suorum.
3597 736 3733 792 Disci-

2217 819 2327 887 puli
2362 826 2540 873 autem
2571 818 2699 874 Jesu
2733 821 2916 874 omnia
2941 836 3107 890 opera
3139 838 3237 877 sua
3274 822 3494 890 iaciunt,
3521 835 3624 880 uta
3650 827 3736 883 Deo

2218 907 2504 962 videantur
2536 909 2685 975 solo;
2725 910 2950 981 alligant
2974 911 3118 966 enim
3152 912 3322 982 legem
3354 913 3450 968 Dei
3475 931 3622 985 super
3645 932 3734 970 ma-

2218 1017 2346 1056 num
2371 1018 2550 1068 suam,
2579 1004 2898 1075 spiritaliter
2926 1020 3091 1074 super
3122 1019 3262 1075 opus
3292 1022 3450 1062 suum
3479 1009 3674 1077 bonum,
3693 1021 3736 1066 et

2216 1108 2311 1162 per
2343 1095 2748 1149 meditationem
2783 1095 3092 1150 divinarum
3128 1097 3532 1167 disciplinarum
3563 1115 3736 1170 semper

2215 1199 2278 1238 ea
2317 1196 2617 1253 moventes,
2663 1186 2886 1241 mobilia
2921 1185 3130 1243 faciunt
3171 1189 3353 1243 divina
3394 1201 3635 1262 praecepta
3661 1210 3734 1249 eo-

2215 1290 2328 1330 ram
2352 1276 2527 1332 oculis
2553 1278 2860 1334 animarum
2892 1294 3141 1345 suarum,
3171 1288 3227 1334 et
3265 1282 3528 1336 ﬁmbriam
3562 1285 3736 1340 virtutis

2211 1363 2339 1420 Iesu
2373 1367 2611 1437 plenam,
2647 1367 2699 1422 in
2732 1383 2799 1423 eo
2839 1368 2986 1440 quod
3021 1370 3307 1425 imitantur
3339 1370 3653 1443 Magistrum.

2283 1457 2368 1511 12.
2411 1458 2551 1524 Quid
2587 1468 2767 1514 autem
2799 1470 3014 1530 oportet
3049 1461 3230 1517 dicere
3260 1463 3329 1519 de
3363 1458 3562 1534 bisqui
3587 1473 3736 1518 amant

2211 1549 2420 1620 primos
2443 1552 2749 1608 discubitus
2777 1553 2830 1606 in
2861 1554 3150 1622 conviviis,
3181 1563 3235 1610 et
3262 1556 3468 1626 primas
3493 1556 3736 1612 cathedras

2212 1638 2266 1692 in
2297 1640 2608 1710 synagogis,
2641 1649 2693 1694 et
2723 1640 2929 1710 primas
2962 1641 3318 1696 salutationes
3349 1643 3403 1696 in
3429 1641 3560 1704 loro,
3590 1652 3637 1697 et
3657 1658 3734 1694 vo-

2210 1732 2322 1786 cari
2378 1732 2446 1786 ab
2502 1731 2820 1787 hominibus
2875 1731 3092 1789 Rabbi?
3136 1732 3423 1788 Maniicste
3470 1733 3736 1802 hujusmodi

2209 1822 2400 1877 delicta
2435 1838 2542 1878 non
2573 1832 2782 1878 tantum
2815 1826 2958 1896 apud
2992 1835 3124 1881 tunc
3150 1824 3374 1880 Scribas
3403 1833 3454 1879 et
3478 1823 3734 1879 Pharisazos

534 1947 634 2001 ρτο
672 1930 752 1986 eis
800 1930 1052 1985 similiter
1099 1931 1403 2000 corporalia
1454 1947 1645 2003 azyma
1685 1931 2024 1996 inducentes,
2053 1939 2106 1985 ει
2141 1919 2181 1973 Β
2212 1915 2361 1971 solos
2395 1915 2832 1981 inveniebantur,
2883 1917 2965 1971 vel
3008 1917 3366 1972 inveniuntur
3396 1918 3532 1987 apud
3575 1918 3734 1986 ipsos:

535 2021 832 2078 Jerusalem
879 2022 1148 2078 visibilem
1187 2023 1502 2079 hominibus
1532 2023 1892 2094 requirentes,
1936 2031 1991 2080 et
2030 2025 2106 2079 si-

539 2114 682 2168 milia
722 2113 808 2169 his
837 2121 1059 2184 agentes
1087 2113 1360 2169 universa.
1393 2111 1679 2184 Aspiciunt
1708 2113 1854 2169 enim
1893 2129 1956 2169 ea
1985 2129 2106 2184 qua:

535 2206 785 2260 videntur
805 2213 859 2260 et
891 2203 1210 2275 temporalia
1236 2214 1383 2271 sunt,
1413 2213 1466 2260 et
1499 2205 1875 2278 eleemosynas
1898 2204 2103 2260 facien-

535 2306 614 2352 tes
642 2307 701 2352 ut
729 2297 799 2351 ab
834 2298 1146 2352 hominibus
1177 2297 1567 2367 glurilicentur,
1595 2305 1650 2352 et
1677 2305 1885 2353 stantes
1909 2297 1961 2352 in
1991 2297 2106 2366 pla-

535 2391 634 2446 teis
665 2398 826 2446 orant
863 2399 922 2445 ut
966 2390 1250 2445 videantur
1293 2405 1415 2444 esse
1457 2389 1721 2460 religiosi.
1763 2389 1964 2445 Christi
2007 2405 2104 2444 au-

536 2495 640 2537 tem
680 2482 794 2537 veri
821 2481 1095 2552 discipuli,
1125 2481 1217 2550 qui
1248 2481 1521 2550 aSpiciunt
1545 2496 1667 2551 quae
1695 2496 1803 2535 non
1852 2481 2105 2536 videntur

530 2585 584 2630 et
609 2583 738 2630 sunt
759 2583 982 2640 aeterna,
1009 2581 1168 2628 orant
1209 2574 1264 2628 iu
1301 2574 1516 2630 occulto
1556 2574 1935 2644 promptuario
1979 2589 2100 2641 suo,

531 2676 586 2722 et
613 2667 990 2738 eleemosynas
1025 2667 1079 2720 in
1116 2667 1332 2722 occulto
1367 2665 1598 2733 faciunt,
1626 2679 1679 2721 et
1717 2667 1888 2737 legem
1922 2667 1974 2720 in
2012 2681 2102 2721 oc-

533 2758 695 2813 cultis
725 2757 967 2828 implent,
1012 2759 1168 2829 quasi
1201 2759 1260 2813 in
1301 2759 1519 2815 occulto
1566 2759 1849 2814 constituti
1897 2745 2100 2823 Judaei,

533 2848 833 2905 secundum
882 2850 1026 2920 quod
1071 2851 1148 2904 ait
1183 2848 1387 2905 Paulus
1427 2850 1472 2882 ⁸³
1512 2869 1524 2905 :
1579 2849 1702 2905 Non
1748 2852 1888 2905 enim
1921 2851 2012 2922 qui
2046 2852 2102 2905 in

531 2942 812 3013 manifesto
868 2941 1126 3007 Judceus,
1198 2959 1359 3014 neque
1416 2959 1533 3014 qua:
1597 2943 1780 3012 palam
1833 2944 1890 2997 in
1945 2959 2101 3007 carne

527 3032 884 3100 circumcisio,
934 3033 1025 3087 sed
1065 3034 1158 3105 qui
1187 3033 1241 3087 in
1283 3033 1489 3089 oecalto
1517 3032 1737 3091 Iudicas
1775 3046 1875 3099 est,
1918 3043 1966 3088 et
1991 3037 2099 3089 cir-

527 3126 778 3178 cumcisio
811 3125 999 3179 cordis
1043 3126 1097 3178 in
1141 3126 1355 3194 spiritu,
1402 3141 1505 3179 non
1544 3127 1598 3180 in
1647 3125 1848 3180 littera.
1901 3123 1959 3180 ln
2003 3142 2098 3181 oc-

527 3216 686 3271 cultis
733 3216 880 3270 enim
934 3227 988 3270 et
1026 3214 1081 3270 in
1133 3217 1340 3288 azymis
1386 3217 1754 3274 invisibilihus
1807 3220 2099 3288 epulantur

2208 2008 2300 2063 sed
2330 2009 2493 2063 etiam
2531 2009 2582 2062 in
2631 2005 2871 2065 Ecclesia
2919 2009 3123 2066 Christi
3160 2010 3512 2064 inveniuntur
3541 2026 3635 2063 nou
3663 2023 3732 2063 so-

2206 2099 2316 2154 lum
2343 2101 2611 2166 convivia,
2635 2111 2689 2155 et
2714 2097 3030 2155 facientium
3055 2116 3119 2156 ea
3144 2116 3368 2156 mensas
3396 2102 3730 2171 suscipientes,

2205 2192 2299 2247 sed
2350 2193 2512 2247 etiam
2572 2195 2856 2249 cathedras
2907 2193 3112 2263 primas
3152 2192 3208 2246 in
3259 2193 3345 2247 eis
3403 2201 3648 2256 amantes,
3693 2201 3736 2245 ct

2205 2284 2374 2339 multa
2415 2282 2676 2341 iacientes
2723 2302 2738 2340 :
2772 2286 3008 2356 primum
3043 2285 3264 2355 quidem
3299 2295 3364 2340 ut
3398 2288 3601 2340 diaconi
3629 2286 3734 2340 ﬁant

2205 2392 2312 2431 non
2349 2377 2482 2434 tales
2507 2377 2701 2446 quales
2725 2377 2856 2430 dicit
2899 2375 3185 2447 Scriptura
3213 2379 3284 2444 η,
3309 2379 3408 2433 σω
3437 2379 3611 2449 quales
3634 2386 3734 2432 sunt

2205 2469 2297 2538 qui
2343 2476 2634 2525 comedunt
2686 2469 2974 2524 viduarum
3016 2469 3246 2536 domos,
3289 2472 3575 2527 occasione
3603 2469 3731 2538 longa

2204 2569 2424 2612 orantes
2457 2577 2470 2612 :
2497 2567 2550 2612 et
2579 2567 2866 2628 pr0pterea
2890 2557 3159 2628 accipient
3186 2560 3462 2630 judicium
3485 2563 3659 2630 majus.
3683 2557 3735 2611 Et

2203 2652 2296 2720 qui
2342 2651 2477 2705 tales
2515 2650 2732 2705 diaconi
2792 2650 2908 2704 licri
2960 2650 3170 2719 volunt,
3207 2663 3598 2722 consequenter
3627 2650 3733 2704 visi-

2205 2743 2338 2798 biles
2377 2743 2581 2813 primas
2601 2743 2888 2799 cathedras
2925 2755 3116 2798 eorum
3144 2745 3238 2814 qui
3267 2745 3525 2800 dicuntur
3549 2743 3732 2814 presby-

2203 2835 2303 2890 teri
2346 2837 2636 2906 prmripere
2679 2836 2947 2891 ambiunt.
2993 2835 3228 2903 Quidam
3263 2849 3470 2903 autem,
3507 2853 3598 2893 nec
3639 2837 3734 2891 istis

2201 2927 2461 2992 contenti,
2498 2929 2729 2996 plurima
2763 2929 3169 2995 machinantur,
3207 2939 3269 2984 ut
3307 2931 3542 3001 episcopi
3567 2944 3735 2984 vocen-

2205 3029 2291 3074 tnr
2321 3021 2389 3075 ab
2424 3021 2760 3088 hominibus,
2802 3022 2946 3091 quod
2977 3032 3056 3078 est
3097 3021 3276 3078 Rabbi
3315 3041 3329 3078 :
3367 3040 3488 3079 cum
3518 3023 3735 3076 deberent

2203 3112 2498 3183 intelligere
2542 3113 2860 3183 episcopum
2892 3113 3007 3168 lieri
3038 3127 3292 3184 oportere
3327 3113 3734 3186 irreprehensibi-

2202 3206 2305 3258 lem
2334 3205 2401 3269 ⁸⁸,
2431 3214 2485 3259 et
2509 3215 2701 3260 caetera
2733 3222 2855 3276 quae
2889 3216 3215 3278 sequuntur,
3245 3215 3307 3262 ut
3341 3209 3391 3263 si
3423 3222 3528 3261 non
3557 3206 3736 3260 dicatur

526 3308 854 3362 sinceritatis
903 3318 957 3363 et
1000 3309 1242 3364 veritatis
1281 3309 1326 3341 ”
1366 3329 1380 3364 :
1427 3309 1759 3365 manducant
1799 3312 1961 3366 etiam
2007 3279 2169 3381 pa-c
2202 3299 2271 3350 ab
2324 3297 2638 3353 hominibus
2691 3314 2812 3354 esse
2869 3299 3194 3369 episcopus,
3257 3308 3444 3353 “me”
3502 3298 3568 3354 είι
3617 3296 3730 3367 iillull

527 3398 658 3452 scha
686 3399 1022 3452 immolatum
1051 3398 1330 3454 Christum
1373 3415 1473 3471 pro
1513 3401 1692 3467 nobis,
1719 3401 1814 3472 qui
1850 3402 2050 3457 dixit"
2082 3421 2094 3456 :

530 3487 654 3542 Nisi
701 3491 1145 3546 manducave'ritis
1193 3507 1402 3545 carnem
1454 3508 1644 3561 meam,
1686 3509 1788 3546 non
1839 3493 2097 3547 habebitis

525 3579 687 3632 vitam
717 3590 1008 3634 manentem
1038 3581 1092 3634 in
1139 3579 1301 3636 vobis.
1331 3581 1396 3636 Et
1433 3598 1529 3652 per
1567 3583 1670 3638 hoc
1717 3583 1862 3653 quod
1906 3581 2098 3638 bibunt

523 3670 842 3740 sanguinem
872 3671 1012 3741 ejus,
1053 3687 1240 3728 verum
1271 3679 1484 3741 potum,
1524 3683 1736 3743 ungunt
1767 3675 2082 3746 superlimi-

525 3761 678 3816 naria
708 3761 994 3818 domorum
1039 3764 1235 3818 animae
1262 3780 1396 3829 suae,
1434 3774 1759 3834 quaerentes,
1809 3781 1917 3820 non
1953 3766 2096 3821 sicut

523 3851 632 3917 illi,
679 3853 748 3908 ab
793 3853 1106 3911 hominibus
1173 3856 1436 3927 gloriam,
1491 3857 1583 3912 sed
1641 3872 1670 3911 a
1719 3855 1829 3912 Deo
1879 3857 2093 3913 occulta

524 3943 746 3999 videnti.

595 4033 681 4087 ll.
726 4032 852 4089 Post
895 4034 1012 4090 haec
1051 4035 1333 4091 videamus
1365 4036 1492 4106 quid
1533 4046 1617 4092 est
1655 4037 1797 4107 quod
1829 4039 1904 4092 ait
1944 4055 1957 4093 :
1997 4036 2094 4090 Di-

521 4125 692 4180 latant
712 4127 1040 4198 pliylacterta
1068 4144 1185 4191 sua,
1224 4137 1271 4181 et
1299 4129 1638 4198 magniﬁcam
1669 4127 1908 4198 ﬁmbrias
1937 4129 2094 4182 vesti-

520 4227 814 4272 mentorum
857 4235 1074 4272 suorum
1118 4219 1184 4268 ⁵⁸.
1237 4219 1528 4274 Sciendum
1573 4229 1655 4275 est
1687 4219 1741 4274 in
1776 4219 1918 4286 istis,
1963 4220 2091 4289 quia

520 4309 664 4377 quod
708 4311 971 4379 scriptum
1021 4318 1105 4365 est
1148 4315 1202 4368 in
1249 4311 1366 4382 lege
1416 4312 1482 4366 de
1527 4312 1709 4367 verbis
1759 4312 1962 4368 divinis
2008 4313 2093 4366 di-

520 4411 674 4456 cente
707 4401 751 4433 ⁸⁷
788 4420 802 4458 :
843 4401 1074 4473 Alligate
1108 4420 1226 4457 eam
1274 4419 1432 4473 super
1479 4419 1696 4457 manttm
1746 4413 1994 4470 restram,
2041 4415 2090 4459 et

518 4503 670 4546 erant
699 4493 918 4547 mobilia
954 4511 1131 4548 coram
1173 4495 1340 4549 oculis
1372 4497 1579 4549 castris.
1613 4493 1716 4562 Qui
1748 4512 1878 4567 ergo
1907 4497 2089 4552 omnia

2200 3387 2392 3443 Deum.
2429 3389 2532 3456 Qui
2564 3391 2708 3444 enim
2742 3391 2903 3444 habet
2937 3391 2992 3444 in
3024 3405 3082 3446 se
3113 3405 3237 3460 quae
3259 3389 3468 3446 Paulus
3491 3397 3733 3444 enumerat

2198 3479 2266 3535 de
2305 3479 2560 3550 episcopo
2592 3481 2660 3544 δι,
2691 3481 2795 3536 etsi
2833 3494 2941 3535 non
2971 3490 3054 3536 est
3084 3494 3269 3535 coram
3308 3482 3614 3536 hominibus
3653 3479 3738 3549 epi-

2200 3587 2421 3642 scopus,
2455 3574 2745 3644 episcopus
2775 3581 2861 3629 est
2889 3559 3032 3644 apud
3059 3571 3250 3640 Deum,
3281 3575 3389 3630 etsi
3417 3589 3523 3628 non
3552 3588 3646 3643 per
3660 3587 3735 3624 or-

2196 3669 2530 3724 dinationem
2555 3667 2836 3723 hominum
2859 3669 2926 3723 ad
2951 3683 3075 3722 eum
3102 3669 3332 3740 gradum
3360 3668 3616 3740 pervenit.
3652 3665 3745 3722 Sic-

2197 3767 2258 3812 ut
2303 3769 2357 3814 ct
2402 3760 2647 3814 medicus
2688 3767 2774 3814 est
2821 3760 2913 3829 qui
2953 3759 3332 3815 medicinalem
3379 3761 3563 3816 didicit
3602 3757 3734 3813 ducis

2197 3851 2422 3922 plinam,
2449 3859 2503 3907 et
2539 3860 2719 3922 potest
2758 3851 3034 3906 medicare
3066 3853 3227 3922 quasi
3256 3852 3540 3918 medicus;
3575 3849 3666 3906 etsi
3693 3845 3733 3898 ri

2196 3954 2522 4015 aegrotantes
2553 3963 2661 4002 non
2695 3946 2921 4002 credant
2948 3959 3179 4016 corpora
3220 3957 3344 4007 sua,
3376 3944 3612 4000 medicus
3631 3949 3731 3995 est:

2196 4037 2290 4092 sed
2315 4046 2368 4092 et
2397 4038 2727 4108 gubernator
2754 4049 2838 4093 est
2863 4037 2955 4107 qui
2983 4039 3172 4093 didicit
3209 4035 3638 4108 gnbernatoriam
3662 4045 3734 4085 ar-

2197 4139 2325 4192 tem,
2361 4139 2415 4183 et
2439 4136 2617 4199 potest
2651 4146 2738 4194 ea,
2767 4131 2911 4186 sicut
2934 4130 3210 4193 convenit,
3239 4129 3355 4196 uti;
3380 4127 3482 4182 etsi
3515 4142 3613 4180 non
3639 4136 3736 4177 cre-

2195 4219 2391 4274 diderit
2415 4220 2465 4274 ei
2497 4219 2694 4290 aliquis
2724 4219 3095 4292 gubernacula
3127 4219 3305 4284 navis,
3342 4228 3521 4273 tamen
3553 4223 3628 4270 est
3653 4227 3734 4283 gu-

2195 4311 2472 4366 bernator.
2521 4310 2770 4367 Invenies
2810 4322 2992 4367 autem
3039 4325 3191 4366 novas
3238 4311 3431 4382 gloria
3474 4315 3736 4363 amatores.

2197 4401 2434 4459 zelantes
2466 4403 2535 4458 ab
2566 4403 2879 4459 hominibus
2908 4403 3161 4474 gloriam,
3202 4411 3256 4458 et
3287 4418 3317 4457 a
3348 4401 3462 4457 Deo
3490 4415 3590 4454 non
3615 4395 3734 4450 desi-

2193 4499 2468 4564 derantes,
2496 4501 2653 4568 quasi
2692 4507 2816 4554 ante
2843 4497 3062 4568 judiccs
3087 4504 3142 4551 et
3183 4493 3472 4566 praesides,
3501 4492 3578 4547 sic
3597 4501 3737 4558 quos-

518 4585 727 4642 faciunt
758 4597 818 4641 ut
840 4587 908 4641 ab
948 4587 1263 4642 hominibus
1296 4587 1602 4654 vidcantur,
1629 4586 1836 4642 Scriba:
1871 4596 1925 4643 et
1947 4586 2092 4643 Pha.
2121 4621 2166 4677 υ
2193 4589 2317 4643 dam
2347 4588 2541 4644 adduci
2581 4599 2706 4645 ante
2730 4605 2826 4646 eos
2855 4607 2869 4645 :
2904 4599 2958 4644 et
2987 4589 3032 4644 si
3063 4589 3244 4644 dicere
3269 4595 3506 4658 oportet,
3535 4598 3623 4654 per
3651 4580 3736 4677 him

519 4680 687 4745 riszei,
733 4681 1036 4737 scribentes
1068 4682 1204 4752 legis
1242 4681 1387 4737 dicta
1425 4683 1480 4736 in
1523 4681 1736 4737 duabus
1773 4682 2089 4752 praecisuris

520 4770 874 4838 membranis,
918 4772 1165 4842 alligant,
1204 4781 1260 4828 et
1297 4773 1523 4828 alteram
1559 4773 1781 4842 quidem
1825 4773 1879 4827 in
1911 4773 2088 4828 domi.

519 4863 624 4920 bus
660 4872 900 4934 portant,
945 4865 1100 4936 quasi
1141 4881 1398 4921 coronam
1439 4875 1704 4935 ponentes
1729 4865 1782 4920 in
1821 4865 2092 4935 capitibus

521 4957 636 5011 suis
664 4957 808 5027 quod
836 4959 1099 5028 scriptum
1130 4967 1212 5014 est
1235 4957 1535 5013 secundum
1568 4957 1797 5012 frontem
1821 4975 1835 5022 ;
1863 4958 2085 5012 alteram

518 5055 697 5102 autem
734 5062 899 5118 super
934 5045 1216 5101 brachium
1262 5062 1456 5101 manus
1503 5061 1639 5108 suae,
1669 5054 1724 5100 et
1761 5055 1956 5100 vocant
1994 5061 2088 5102 eas

517 5139 868 5210 phylacteria.
912 5137 1176 5194 Similiter
1213 5147 1267 5194 et
1311 5137 1379 5192 de
1418 5136 1629 5192 ﬁmbria
1676 5136 1880 5208 aliquid
1936 5137 2087 5192 inve—

524 5233 734 5288 nientes
787 5232 842 5286 in
893 5230 1318 5288 Deuteronomio
1367 5230 1434 5296 ⁵⁸,
1483 5229 1651 5301 838
1701 5230 2086 5285 existimantur

521 5337 740 5377 servare
783 5324 978 5394 legem,
1013 5323 1280 5378 ﬁmbriam
1323 5321 1565 5392 aliquam
1597 5321 1858 5376 facientes
1901 5321 1955 5375 in
1984 5321 2085 5375 ali-

519 5429 626 5484 qua
677 5425 828 5485 parte
886 5417 1336 5472 vestimentorum
1393 5429 1618 5470 suorum
1669 5429 1791 5484 quas
1847 5421 2082 5484 portant.

517 5502 692 5558 Etiam
724 5507 840 5562 haec
869 5522 998 5579 ergo
1037 5505 1302 5563 Dominus
1342 5505 1748 5576 reprehendens
1779 5503 2001 5560 Scribas
2034 5514 2086 5560 et

518 5595 828 5653 Pharisaeos
857 5598 911 5653 in
940 5599 1316 5669 corporalibus
1349 5607 1405 5653 et
1437 5597 1738 5654 visibilibus
1765 5612 1954 5653 eorum
1981 5597 2081 5653 ob-

2199 4681 2376 4748 ipsum
2434 4681 2771 4735 levissimum
2825 4681 3030 4736 Christi
3085 4694 3250 4744 onus,
3303 4675 3633 4733 intolerabile
3672 4669 3738 4722 la-

2199 4772 2347 4827 cinnt
2376 4788 2535 4828 onus.
2577 4771 2779 4828 Christi
2831 4783 3014 4829 autem
3060 4770 3366 4841 discipulus
3407 4768 3654 4825 sustinet,
3693 4766 3736 4813 et

2197 4863 2374 4919 adhuc
2410 4863 2699 4920 intercedit
2733 4882 2748 4919 :
2781 4866 2964 4919 omnia
3014 4862 3143 4919 facit
3174 4872 3235 4917 ut
3280 4863 3529 4916 videatur
3563 4873 3592 4911 a
3624 4854 3734 4913 Deo.

2197 4957 2424 5026 gloriam
2456 4965 2814 5011 contemnens
2838 4958 3151 5011 humanam.
3185 4954 3289 5010 Iste
3317 4953 3507 5008 videns
3530 4944 3736 5020 parahoo

2193 5047 2370 5100 larum
2409 5047 2849 5117 evangelicarum
2890 5061 3124 5111 caenam,
3157 5054 3213 5100 et
3246 5044 3498 5100 caelestes
3527 5035 3733 5110 primiti-

2195 5152 2384 5191 vorum
2410 5136 2700 5201 Ecclesias,
2727 5146 2781 5192 et
2807 5136 3282 5208 congregationes,
3308 5144 3363 5190 et
3389 5133 3667 5192 nundinas,
3687 5121 3733 5178 in

2193 5231 2392 5300 quibus
2441 5238 2580 5298 erat,
2635 5229 2934 5285 secundum
2985 5228 3272 5283 Canticum
3319 5225 3646 5281 canticorum
3678 5215 3734 5276 ⁸⁸.

2193 5336 2416 5392 sponsa,
2449 5322 2625 5392 diligit
2655 5321 2876 5391 quidem
2916 5321 2969 5374 in
3005 5319 3342 5391 spiritalibus
3370 5316 3546 5372 omnis
3576 5312 3733 5366 discu-

2194 5413 2341 5467 bitus
2384 5412 2615 5482 primos,
2663 5421 2725 5465 ut
2770 5411 3002 5465 meliora
3050 5409 3380 5481 epiritalium
3419 5406 3654 5462 ciborum
3689 5403 3736 5451 et

2191 5502 2461 5572 primitias
2498 5501 2732 5558 convivii
2769 5501 3030 5572 spiritalis
3067 5500 3378 5564 manducet,
3410 5506 3465 5552 et
3498 5509 3598 5549 non
3628 5487 3733 5544 reli-

2189 5595 2350 5666 quias
2374 5605 2720 5651 caterorum.
2751 5595 2934 5666 Diligit
2955 5597 3120 5652 etiam
3141 5609 3264 5652 cum
3290 5589 3550 5664 apostolis
3572 5584 3736 5643 seden-

586 5800 628 5830 ⁵¹
650 5816 754 5872 av,
788 5799 871 5865 10,
898 5802 984 5858 ll.
1061 5804 1106 5833 δ’
1137 5802 1323 5858 Matth.
1352 5818 1429 5866 in,
1449 5803 1636 5858 "28-50.
1713 5805 1760 5838 ⁸⁸
1782 5803 1939 5859 Rom.
1966 5821 2026 5872 ll,
2051 5805 2098 5858 21

2202 5806 2250 5859 9.
2329 5803 2558 5860 l“lCor.
2585 5821 2639 5870 v,
2660 5805 2712 5860 8.
2791 5805 2835 5837 ⁵⁵
2858 5801 3016 5860 Joan.
3052 5820 3124 5870 Vt,
3158 5803 3249 5858 54.
3318 5799 3366 5833 ⁵⁸
3393 5796 3573 5872 Matth.
3598 5802 3729 5846 ut”.

646 5871 687 5902 "
711 5871 866 5928 Deut.
895 5889 970 5939 vt,
998 5874 1052 5930 8.
1127 5874 1172 5905 ⁸⁸
1203 5889 1335 5942 xxu,
1365 5875 1447 5929 1'2.
1526 5876 1571 5908 ⁸⁸
1599 5874 1622 5930 l
1655 5873 1795 5931 Tim.
1841 5892 1922 5943 III,
1959 5870 2017 5945 8,
2043 5877 2095 5932 9.
2127 5870 2182 5933 et
2207 5892 2330 5947 seq.

2409 5878 2456 5909 ⁶⁰
2493 5876 2623 5932 ibid.
2702 5875 2745 5906 “
2786 5874 2924 5930 ibid.
3033 5875 3078 5909 ⁸⁸
3107 5873 3265 5928 Cant.
3309 5886 3390 5935 Ill,
3432 5870 3486 5923 9..
