4004 6534
261 426 404 485 1317

1421 426 2083 486 COMMENTARIORUM
2121 427 2384 484 SERIES.

3404 429 3542 483 lClS

262 551 411 606 tibus
449 564 614 620 super
661 550 886 605 thronos
931 549 1244 622 duodecim,
1276 549 1485 620 primas
1518 551 1846 617 cathedras,
1881 557 1926 615 Λ
1955 548 2048 605 Dei
2086 550 2230 606 illius
2256 551 2351 620 qui
2385 550 2556 622 legem
2587 549 2753 615 dedit,
2783 550 3082 607 secundum
3122 547 3546 605 similitudinem

262 642 485 699 actibus
518 643 676 698 bonis
720 643 946 714 dignum
976 658 1036 698 se
1073 644 1314 712 praebere
1345 643 1616 700 festinans
1654 644 1848 700 cathe-

261 734 381 788 dris
429 735 768 806 hujusmodi.
827 734 919 790 Sic
976 742 1159 790 autem
1205 743 1261 788 et
1315 735 1676 791 salutationes
1726 751 1850 806 quas

263 825 406 881 ﬁunt
442 827 498 882 in
548 827 830 893 nundinis,
881 843 1020 898 quas
1067 828 1426 897 exposuimus
1469 842 1654 898 supra.
1691 828 1848 886 Unus

258 930 347 976 est
385 920 646 990 magister
685 921 932 976 omnium
962 920 1032 975 ⁸³.
1069 918 1268 976 vocari
1301 930 1483 977 autem
1518 919 1716 986 Rabbi,
1751 937 1848 977 ne-

256 1029 370 1085 que
409 1015 481 1069 ab
511 1013 849 1075 hominibus.
885 1029 1060 1083 neque
1085 1015 1155 1069 ab
1186 1015 1295 1070 alio
1318 1014 1508 1084 aliquo
1550 1015 1726 1085 diligit
1755 1015 1847 1085 ju-

257 1115 402 1170 stus,
435 1119 618 1161 certus
646 1105 773 1175 quia
797 1121 940 1160 unus
965 1115 1048 1161 est
1070 1105 1333 1175 magister
1352 1106 1623 1162 omnium.
1642 1102 1847 1160 Omnes

255 1207 442 1254 autem
479 1197 571 1267 qui
615 1197 721 1251 sub
765 1211 834 1250 eo
879 1203 1028 1270 sunt,
1073 1195 1399 1250 alterutrum
1448 1204 1578 1249 sunt
1624 1193 1842 1248 fratres.

257 1289 368 1345 Sed
409 1299 465 1345 et
492 1289 585 1360 qui
626 1305 862 1358 superna
902 1289 1185 1343 nativitate
1215 1303 1326 1342 non
1366 1287 1545 1344 solum
1581 1303 1647 1342 ex
1679 1302 1843 1356 aqua,

255 1385 351 1438 sed
391 1384 559 1439 etiam
601 1383 669 1438 de
705 1381 915 1454 Spiritu
947 1393 1108 1438 natus
1144 1391 1248 1446 est,
1283 1380 1550 1452 Spiritum
1588 1379 1846 1451 adoptio-

255 1479 344 1534 nis
375 1479 606 1549 accepit.
640 1487 701 1533 ut
733 1479 919 1534 dicant
947 1478 1014 1532 de
1042 1493 1129 1542 eo,
1158 1477 1287 1547 quia
1315 1491 1425 1532 non
1453 1485 1535 1532 est
1564 1491 1630 1532 ex
1659 1491 1842 1540 carne,

253 1585 435 1639 neque
469 1583 536 1624 ex
568 1569 848 1623 voluntate
897 1568 1023 1635 viri,
1061 1569 1154 1623 sed
1191 1583 1258 1622 ex
1283 1566 1392 1620 Deo
1431 1575 1596 1622 natus
1622 1576 1710 1623 est
1741 1567 1786 1598 “
1828 1585 1862 1621 :-

253 1661 460 1715 nullius
496 1675 686 1715 eorum
737 1659 830 1729 qui
871 1659 923 1714 in
975 1659 1138 1715 terris
1187 1658 1460 1713 habentur
1493 1669 1547 1714 et
1585 1657 1843 1715 deorsum

253 1755 402 1811 filius
439 1753 619 1808 adhuc
646 1756 937 1820 cxsistens,
982 1769 1091 1808 non
1134 1762 1292 1808 vocat
1331 1761 1543 1824 patrem
1579 1754 1632 1808 in
1660 1757 1841 1820 terris,

251 1845 415 1914 quasi
442 1845 539 1916 qui
573 1859 668 1915 per
698 1859 919 1899 omnem
963 1855 1145 1899 actum
1181 1846 1486 1900 secundum
1525 1844 1696 1902 Deum
1733 1847 1842 1900 itu-

1957 642 2178 712 quidem
2242 643 2684 698 benedictionum
2736 659 2858 712 qua:
2904 624 3278 713 positazosunt
3317 642 3372 697 in
3403 643 3544 712 lege,

1956 735 2090 791 dicit
2117 743 2172 790 et
2209 736 2324 806 ipse
2358 735 2727 791 beatitudines
2749 750 2941 790 eorum
2970 737 3064 806 qui
3098 737 3400 791 salvantur.
3441 733 3543 791 Se-

1956 827 2200 883 cundum
2237 828 2656 884 similitudinem
2689 836 2870 882 autent
2914 828 3358 884 maledictionum
3391 829 3541 899 posi-

1955 931 2136 977 tarum
2191 921 2244 975 in
2300 921 2437 992 lege,
2487 922 2642 992 ponit
2680 922 2946 976 adversus
2981 929 3296 991 peccatores
3325 936 3424 988 vae,
3459 921 3544 975 di-

1955 1028 2130 1069 cens:
2160 1011 2252 1069 Vae
2300 1013 2456 1068 vobis
2509 1023 2563 1068 et
2614 1013 2789 1069 vobis.
2834 1012 2902 1066 Et
2959 1013 3076 1068 hzec
3132 1012 3413 1068 audientes
3447 1011 3542 1083 qui

1955 1105 2125 1161 Deum
2171 1105 2308 1178 legis
2356 1115 2678 1169 causantur,
2729 1121 2838 1160 non
2883 1105 3250 1178 intelligentes
3307 1105 3450 1174 quod
3488 1112 3544 1160 et

1955 1199 2046 1253 illa
2073 1213 2104 1252 a
2142 1197 2250 1254 Deo
2300 1197 2536 1266 benigno
2568 1198 2883 1265 suntdicta,
2911 1198 3095 1254 dicant
3119 1198 3248 1268 quid
3280 1198 3544 1254 debemus

1955 1290 2254 1360 intelligere
2315 1287 2382 1344 de
2427 1288 2558 1344 Jesu
2607 1289 2861 1345 dicente:
2906 1288 2996 1348 γω
3038 1289 3205 1354 vobis,
3254 1287 3460 1345 Scribe
3490 1297 3543 1348 ct

1956 1381 2244 1437 Pharisaei.
2275 1379 2378 1448 Qui
2418 1379 2660 1435 fatentur
2681 1381 2941 1436 bonitatis
2969 1396 3092 1436 esse
3127 1380 3392 1442 adversus
3417 1394 3542 1450 pec-

1954 1482 2168 1529 catores
2213 1473 2314 1528 ista
2367 1473 2724 1542 pronuntiare
2751 1515 2766 1539 ,
2808 1474 3112 1544 intelligant
3153 1472 3302 1542 quod
3363 1472 3543 1528 simile

1953 1575 2039 1621 est
2063 1566 2402 1638 propositum
2445 1565 2537 1622 Dei
2587 1566 2641 1620 in
2687 1567 3166 1624 maledictionibus
3201 1565 3334 1636 legis
3361 1563 3540 1640 profe-

1955 1661 2209 1717 rendisin
2237 1662 2372 1732 lege.
2402 1659 2529 1717 Sive
2557 1672 2741 1716 autem
2774 1662 2860 1716 illa
2900 1661 3232 1728 maledictio,
3267 1661 3381 1715 sive
3407 1660 3540 1716 illud

1955 1769 2036 1808 va:
2067 1753 2510 1823 pronuntiatum,
2573 1770 2682 1808 non
2712 1769 2777 1808 ex
2817 1753 3265 1824 pronuntiatione
3291 1767 3538 1822 pronun:

1959 1846 2149 1901 tiantis
2176 1845 2471 1916 unicuique
2518 1846 2751 1916 contigit
2795 1845 3063 1916 peccanti,
3098 1845 3192 1900 sed
3216 1861 3280 1899 cx
3305 1844 3540 1915 peccatis

252 1938 460 2008 pletum
493 1939 625 1995 dicit
669 1956 682 1992 :
715 1937 882 1992 Pater
909 1950 1107 2003 noster,
1143 1940 1235 2009 qui
1263 1956 1318 1993 es
1349 1939 1404 1993 in
1434 1939 1579 1994 caelis
1611 1941 1676 1996 ⁸⁸.
1708 1938 1774 1994 Et
1799 1941 1845 1996 si
1881 1936 1922 1990 Β
1953 1939 2126 2008 ipsius
2183 1939 2482 2010 peccantis,
2510 1939 2607 2009 qui
2657 1939 2883 2009 dignum
2921 1954 2981 1994 se
3017 1939 3222 2010 praebet
3245 1941 3312 1992 ad
3344 1953 3537 1992 susce-

251 2031 534 2086 ministrat
559 2031 687 2102 quis
725 2031 895 2086 verba
927 2030 1138 2098 divina,
1174 2047 1522 2103 nequaquam
1551 2047 1612 2089 se
1640 2035 1846 2104 prsebet

251 2129 315 2176 ut
341 2121 600 2193 magister
627 2131 875 2190 vocetur,
909 2121 1092 2178 sciens
1127 2122 1255 2192 quia
1279 2122 1534 2177 Christus
1561 2122 1614 2177 in
1645 2137 1710 2179 eo
1738 2131 1841 2188 est,

249 2212 473 2282 quando
524 2213 661 2267 bene
702 2211 1015 2283 profecerit,
1051 2229 1211 2283 quem
1247 2221 1462 2284 oportet
1511 2217 1692 2270 vocari
1725 2232 1844 2270 ma-

251 2306 484 2374 gistrum
529 2321 558 2358 a
596 2307 808 2362 cunctis
852 2306 1225 2376 prodilicatis;
1262 2322 1320 2362 se
1347 2317 1528 2362 autem
1561 2311 1843 2379 profitetur

251 2399 567 2454 ministrum
591 2399 894 2454 secundum
927 2399 1245 2454 mandatum
1268 2398 1472 2456 Christi
1496 2400 1729 2456 dicentis
1756 2403 1800 2434 “
1825 2423 1837 2457 :

251 2492 359 2558 Qui
391 2491 564 2558 major
589 2501 666 2546 est
703 2493 841 2546 inter
881 2508 990 2556 vos,
1023 2495 1094 2546 sit
1130 2493 1366 2546 omnium
1400 2494 1665 2550 minister.
1692 2491 1842 2560 Quo-

253 2584 401 2638 niam
431 2592 485 2639 et
508 2583 623 2653 ipse
646 2583 902 2639 Christus
926 2599 1052 2639 eum
1087 2592 1234 2639 esset
1259 2599 1386 2640 vere
1428 2587 1710 2658 magister,
1739 2587 1841 2640 mi-

253 2678 490 2731 nistrum
523 2693 582 2732 se
622 2692 746 2732 esse
786 2677 1068 2748 professus
1093 2687 1207 2743 est,
1247 2678 1436 2734 dicens
1463 2678 1509 2710 ⁸⁷
1545 2699 1556 2733 :
1595 2678 1704 2750 Ego
1743 2698 1842 2733 au-

253 2779 355 2822 tcm
383 2785 500 2823 sum
543 2770 597 2822 in
630 2769 799 2824 medio
838 2782 1090 2833 uestrum,
1119 2787 1221 2825 non
1259 2772 1419 2842 quasi
1441 2773 1532 2843 qui
1560 2773 1838 2838 recumbit,

249 2859 344 2914 sed
376 2863 532 2930 quasi
567 2863 658 2932 qui
703 2863 996 2919 ministrat.
1059 2863 1205 2920 Bene
1253 2875 1436 2920 autem
1487 2875 1610 2936 post
1656 2866 1838 2921 omnia

249 2953 449 3022 quibus
494 2970 646 3009 vana:
670 2955 859 3023 gloriae
895 2955 1064 3010 vetuit
1085 2957 1585 3026 concupiscentias,
1627 2957 1841 3011 addidit

249 3046 442 3102 dicere.
491 3045 536 3078 ⁸⁸
579 3061 592 3097 :
631 3046 738 3112 Qui
781 3063 835 3101 se
872 3048 1212 3114 exaltarerit,
1251 3048 1645 3103 Itumitt'abitur.
1681 3048 1837 3116 Quod

251 3140 466 3194 utinam
518 3155 712 3194 omnes
768 3138 989 3210 quidem
1049 3142 1324 3209 audirent,
1369 3143 1605 3198 maxime
1655 3153 1836 3198 autem

250 3232 495 3299 diaconi,
529 3242 582 3287 et
615 3233 942 3306 presbyteri,
972 3245 1024 3290 et
1052 3235 1319 3307 episcopi,
1356 3237 1594 3293 maxime
1626 3239 1719 3310 qui
1749 3253 1840 3294 ar-

1948 2031 2189 2101 ptionem
2249 2031 2330 2086 vel
2393 2031 2607 2090 illarum
2657 2031 3138 2098 maledictionum,
3183 2033 3268 2087 vel
3307 2031 3537 2086 istorum

1945 2141 2048 2191 vae,
2081 2141 2205 2196 qua:
2233 2124 2379 2182 Deus
2406 2126 2712 2196 disciplinae
2737 2142 2906 2183 causa
2933 2125 3310 2196 pronuntiavit
3344 2124 3538 2179 adver-

1947 2235 2045 2276 sus
2077 2220 2224 2287 illos,
2251 2229 2312 2274 ut
2339 2231 2622 2277 convertat
2644 2221 2767 2277 illos
2796 2223 2862 2276 ad
2892 2222 3116 2277 bonum.
3148 2217 3283 2274 Nam
3308 2227 3362 2274 et
3385 2228 3537 2290 pater

1947 2311 2239 2382 increpans
2271 2312 2468 2378 (ilium,
2508 2314 2716 2385 profert
2751 2313 3064 2385 frequenter
3107 2313 3173 2368 ad
3195 2311 3536 2368 emendatio-

1945 2420 2068 2460 nem
2089 2405 2210 2475 ejus
2228 2406 2498 2477 quoslam
2531 2420 2816 2462 sermones
2845 2408 2938 2478 qni
2985 2407 3240 2469 videntur
3269 2421 3391 2462 esse
3431 2420 3538 2459 ma-

1944 2498 2283 2565 letlictiones,
2316 2509 2370 2554 et
2399 2507 2578 2554 tamen
2618 2515 2723 2553 non
2756 2501 2871 2554 vult
2893 2501 3178 2571 dignum"
3219 2501 3330 2556 fieri
3369 2501 3537 2554 malc-

1943 2590 2274 2646 dictionibus
2301 2591 2428 2656 illis.
2463 2593 2556 2647 sed
2608 2602 2854 2648 avertere
2901 2607 3027 2648 eum
3070 2593 3246 2664 magis
3289 2593 3438 2662 cupit
3467 2593 3536 2646 ah

1945 2684 2046 2738 eis.
2101 2682 2227 2740 llaec
2283 2685 2565 2750 diximus,
2631 2695 2690 2739 ut
2745 2685 3193 2742 demonstremus
3244 2683 3536 2755 Evangelia

1943 2775 2326 2829 convenientia
2383 2790 2506 2830 esse
2559 2775 2686 2847 legi.
2724 2774 2990 2832 Similiter
3041 2786 3096 2831 et
3123 2789 3270 2830 nunc
3295 2775 3486 2832 dicens
3517 2794 3533 2830 :

1952 2865 2043 2920 Vw
2071 2869 2236 2930 vobis,
2269 2867 2473 2923 Scribe
2521 2880 2569 2922 et
2597 2867 2885 2932 Pharisaei,
2911 2869 3003 2938 qui
3047 2867 3300 2922 clauditis
3320 2883 3537 2938 regnum

1942 2960 2212 3028 calorum,
2259 2962 2457 3016 terruit
2489 2960 2712 3016 Scribas
2757 2971 2809 3015 ct
2842 2960 3152 3016 Pharis:eos
3185 2969 3244 3014 ut
3284 2975 3352 3014 ne
3384 2959 3538 3013 clau-

1942 3051 2073 3106 dant
2130 3067 2356 3122 regnum
2412 3051 2678 3108 cwlornm
2724 3062 2851 3105 ante
2893 3051 3166 3107 homines.
3201 3049 3535 3106 Claudentes

1939 3153 2122 3198 autem
2161 3160 2388 3214 regnum
2421 3144 2684 3200 caelorum
2730 3143 2936 3199 Scribas
2982 3154 3036 3198 et
3074 3143 3381 3210 Pharisaei,
3419 3144 3531 3200 duo

1942 3235 2009 3290 ad
2069 3235 2237 3290 semel
2307 3235 2652 3306 delinquunt.
2714 3232 2895 3290 Unum
2949 3233 3193 3306 quidem.
3239 3234 3386 3305 quod
3427 3235 3532 3304 ipsi

251 3328 528 3382 bitrantur
553 3329 673 3384 haec
713 3345 820 3384 non
852 3345 973 3386 esse
1002 3331 1206 3402 scripta
1239 3350 1251 3386 :
1287 3332 1390 3398 Qui
1415 3348 1470 3387 se
1498 3333 1835 3397 excitaverit,
1866 3300 1908 3358 ο
1945 3343 2056 3382 non
2087 3327 2470 3399 ingrediuntur
2523 3328 2576 3382 in
2621 3343 2849 3399 regnum
2873 3328 3183 3393 caelorum;
3225 3327 3531 3384 secundum

249 3415 660 3483 Itumilt'abitur;
714 3428 1002 3489 pr0pterea
1052 3420 1200 3490 quod
1256 3422 1416 3493 quasi
1476 3437 1656 3494 neque
1706 3423 1838 3480 illud

249 3506 513 3572 scientes,
544 3511 634 3579 qui
675 3527 730 3564 se
757 3510 1038 3577 Immitiat,
1071 3512 1424 3583 exaltabitur,
1471 3531 1578 3570 non
1609 3515 1840 3570 audiunt

247 3615 376 3653 eum
406 3601 498 3670 qui
523 3601 660 3656 dixit
688 3602 732 3636 "
763 3621 776 3655 :
813 3602 1014 3659 Discite
1045 3621 1112 3659 ea:
1137 3622 1218 3659 me
1256 3607 1507 3677 quoniant
1551 3609 1697 3664 mitis
1720 3626 1840 3664 sum

246 3697 300 3742 et
342 3689 560 3744 humilis
604 3692 780 3748 corde.
823 3692 994 3748 lnﬂati
1047 3703 1176 3750 sunt
1214 3706 1421 3763 autem,
1455 3706 1509 3751 et
1553 3713 1650 3767 per
1680 3699 1838 3753 inﬂa-

248 3780 458 3868 tionem
499 3781 758 3838 decidunt
795 3783 848 3838 in
882 3785 1151 3855 judicium
1186 3787 1388 3842 diaboli
1419 3788 1486 3853 ⁷ο,
1531 3803 1633 3843 nec
1677 3806 1832 3860 quae-

249 3880 383 3927 runt
418 3888 513 3943 per
539 3873 903 3932 humilitatem
957 3879 1254 3934 ascendere
1299 3895 1329 3934 a
1359 3879 1571 3950 judicio
1597 3880 1838 3938 inﬂatio-

249 3965 360 4030 nis,
394 3981 520 4022 cum
565 3968 823 4025 deberent
860 3972 1139 4026 recordari
1177 3971 1471 4043 Sapientiae
1499 3975 1726 4030 verbum
1753 3975 1839 4031 tli-

248 4059 430 4114 centis
456 4059 502 4090 "
536 4078 549 4113 :
583 4059 859 4126 Quantum
892 4079 1116 4136 magnus
1149 4081 1223 4133 es,
1265 4075 1470 4120 tantum
1506 4066 1733 4122 humilia
1769 4077 1836 4136 te,

245 4163 301 4204 et
322 4167 505 4205 coram
530 4151 640 4207 Deo
670 4155 899 4210 int'enics
924 4158 1193 4228 gratiam;
1214 4158 1358 4228 quod
1388 4159 1625 4229 primum
1654 4159 1838 4216 Domi-

250 4258 359 4297 nus
385 4249 809 4302 consummavit.
853 4248 1132 4316 Quantum
1179 4251 1325 4306 enim
1364 4253 1544 4308 fuerat
1583 4269 1835 4324 tnagnus,

249 4347 464 4392 tantum
510 4355 568 4394 se
600 4339 926 4396 humiliavit.
956 4342 1090 4398 Cum
1114 4345 1260 4399 enim
1283 4356 1415 4400 esset
1439 4346 1494 4398 in
1518 4347 1691 4416 forma
1719 4347 1836 4413 Dei,

248 4443 356 4480 non
383 4430 628 4499 rapinam
662 4432 956 4488 arbitratus
983 4445 1058 4489 est
1091 4452 1204 4490 esse
1250 4453 1305 4491 se
1351 4453 1531 4506 parem
1562 4436 1700 4503 Deo,
1749 4437 1840 4492 sed

244 4523 584 4591 semetipsum
614 4525 929 4594 exinanivit,
966 4528 1197 4598 formam
1228 4530 1361 4582 servi
1389 4529 1652 4598 accipiens
1683 4530 1738 4582 in
1766 4532 1839 4584 si-

249 4613 553 4669 militudine
588 4617 860 4672 hominum
895 4621 1092 4690 factus,
1123 4621 1252 4675 etin
1287 4622 1456 4690 specie
1497 4623 1737 4676 inventus
1777 4631 1834 4675 ut

246 4707 435 4774 homo,
469 4709 768 4766 Itumiliarit
801 4730 855 4767 se
902 4731 1063 4784 usque
1103 4715 1171 4768 ad
1203 4725 1442 4780 mortem,
1489 4725 1708 4768 mortem
1738 4731 1834 4768 au—

250 4807 360 4850 tem
395 4801 566 4855 crucis
599 4818 617 4856 :
653 4814 869 4874 propter
892 4805 1034 4875 quod
1067 4814 1115 4859 et
1158 4804 1300 4859 Deus
1339 4805 1494 4859 illum
1531 4805 1838 4876 superexal-

247 4892 384 4946 tavit
425 4903 474 4947 et
503 4894 720 4950 donavit
767 4897 815 4950 ei
847 4913 1031 4951 nomen
1059 4897 1197 4968 quod
1231 4907 1308 4951 est
1344 4914 1501 4968 super
1550 4915 1702 4951 autne
1740 4914 1834 4950 no-

246 5002 370 5040 men
390 4987 456 5040 ⁷³.
499 4987 666 5059 839
697 4987 801 5056 Qui
835 5000 917 5046 est
951 4991 1270 5046 benedictus
1294 4991 1346 5045 in
1377 4991 1578 5046 saecula
1603 4991 1836 5046 saculo-

247 5095 398 5134 rttm.
435 5080 629 5136 Amen.

322 5172 411 5227 15.
478 5171 567 5227 Va:
594 5173 758 5238 vobis,
790 5172 994 5229 Scriba:
1015 5186 1061 5228 et
1086 5173 1351 5230 Pharistei
1374 5175 1682 5246 hypocritte,
1713 5178 1838 5248 quia

245 5258 505 5320 c'lauditis
550 5284 769 5338 regnum
825 5268 1072 5322 calorum
1121 5279 1242 5323 ante
1285 5269 1519 5323 homines
1542 5271 1610 5334 ⁷³,
1642 5271 1842 5326 ctreli-

245 5369 382 5424 qua.
441 5353 544 5422 Qui
592 5358 796 5412 audent
826 5356 994 5412 Deum
1035 5359 1218 5414 dicere
1242 5375 1349 5414 non
1381 5361 1584 5414 bonum
1621 5371 1840 5433 propter

249 5446 663 5505 maledictioncs
691 5466 829 5520 quas
862 5451 1130 5506 adversus
1163 5461 1480 5522 peccatores
1511 5454 1564 5507 in
1599 5454 1715 5525 legc
1734 5471 1832 5510 sua

244 5539 434 5608 posuit
491 5538 655 5606 Dens,
709 5541 937 5597 audiant
991 5543 1267 5613 quomodo
1302 5545 1460 5614 quasi
1508 5562 1632 5600 vere
1663 5545 1836 5604 Filius

322 5766 368 5800 “
413 5771 604 5830 Matth.
651 5793 808 5844 χχιιι,
844 5777 898 5832 8.
978 5780 1025 5812 ⁸⁸
1052 5777 1209 5834 Joan.
1250 5796 1288 5842 ι,
1336 5780 1422 5835 l5.
1502 5782 1545 5813 "
1577 5779 1768 5836 Matth.
1803 5797 1840 5835 Vl

322 5873 342 5891 ›.
420 5844 464 5875 ⁶⁹
499 5844 689 5901 Matth.
724 5865 796 5906 ιι.
826 5850 913 5905 ‘29.
1007 5851 1052 5884 "°
1096 5849 1289 5906 lTitn.
1321 5866 1401 5906 ιιι.
1437 5853 1489 5906 6.
1601 5853 1642 5883 ⁷¹
1680 5851 1840 5906 Eccli.

1947 5821 1956 5836 .
2035 5783 2080 5822 ⁸⁸
2106 5782 2239 5839 Luc.
2266 5798 2400 5846 xxtt,
2424 5783 2515 5837 2h.

1954 5894 1971 5906 .
2023 5852 2113 5906 20.
2221 5855 2264 5892 7‘
2297 5852 2493 5906 Philin.

1723 5867 1843 5910 C(‘ll.
1883 5867 1971 5920 tn,
2023 5867 2113 5909 zu.

373 5914 385 5916 4
420 5844 464 5875 ⁶⁹
499 5844 689 5901 Matth.
724 5834 913 5916 x1,"29.

283 5849 342 5918 ξ.
373 5914 387 5918 _
420 5849 464 5875 ⁶⁹
499 5849 689 5901 Matth.
724 5865 796 5916 ιιι,
826 5850 913 5905 ‘29.
1007 5851 1052 5884 "°
1096 5849 1289 5907 lTitn.
1321 5866 1401 5917 ιιι,
1437 5853 1489 5907 6.

249 5909 270 5941 '
283 5912 298 5939 λ
355 5914 556 5988 Supple
596 5935 737 5977 eum.

1943 3419 2089 3488 quod
2116 3419 2384 3474 intrantes
2411 3418 2638 3474 introire
2661 3433 2768 3474 non
2784 3419 2991 3474 sinunt.
3028 3418 3150 3474 llazc
3181 3419 3292 3474 duo
3309 3427 3533 3489 peccata

1945 3511 2266 3567 naturaliter
2287 3513 2673 3582 inseparabilia
2700 3513 2918 3569 suntab
2952 3513 3208 3570 invicem.
3244 3511 3348 3580 Qui
3382 3513 3532 3568 enim

1942 3604 2176 3660 alterum
2223 3620 2292 3661 ex
2357 3604 2478 3660 istis
2522 3617 2734 3674 peccat,
2785 3604 2854 3658 ab
2895 3604 3069 3659 altero
3121 3621 3180 3660 sc
3215 3620 3322 3659 non
3350 3613 3532 3674 potest

1941 3696 2237 3752 abstinere.
2258 3697 2394 3751 Item
2415 3698 2748 3764 eeontrario,
2775 3699 2869 3767 qui
2897 3697 2964 3752 ab
2989 3697 3159 3750 altero
3183 3712 3243 3752 se
3275 3697 3530 3762 abstinet,

1945 3788 2288 3860 impossibile
2306 3797 2392 3843 est
2414 3799 2472 3843 ut
2503 3805 2610 3844 non
2645 3790 2716 3844 ab
2737 3790 2909 3843 altero
2925 3804 2983 3844 se
2998 3790 3290 3856 abstineat,
3317 3799 3528 3858 utpnta,

1943 3898 2052 3937 non
2108 3883 2386 3938 invenitur
2440 3883 2661 3954 aliquis,
2700 3893 2760 3938 ut
2808 3884 2922 3952 ipse
2951 3883 3174 3954 quidem
3222 3883 3531 3954 ingrediens

1942 3976 1999 4030 in
2029 3991 2256 4047 regnum
2295 3976 2585 4042 collorum,
2621 3977 2759 4031 alios
2816 3977 3028 4047 ingredi
3073 3992 3182 4030 non
3228 3975 3525 4045 permittat.

1941 4068 2205 4137 quoniam
2237 4068 2332 4138 qui
2366 4076 2512 4122 vetat
2545 4068 2682 4123 alios
2715 4067 2920 4123 intrare
2949 4067 3002 4122 in
3044 4083 3294 4136 regnum,
3330 4067 3529 4123 sulﬁcit

1940 4161 1988 4216 ei
2011 4161 2079 4216 ad
2113 4161 2493 4231 cxpulsionem
2520 4160 2816 4231 quominus
2851 4161 3017 4216 intret
3066 4163 3120 4216 in
3159 4176 3383 4232 regnum
3418 4177 3529 4216 etB-

1940 4252 2142 4318 lorutn,
2173 4250 2277 4305 hoc
2307 4251 2484 4321 ipsum
2515 4251 2662 4320 quod
2696 4249 2835 4305 alios
2861 4267 2967 4306 non
2989 4250 3256 4321 permittit
3286 4249 3526 4315 intrare;

1941 4342 2200 4414 quoniam
2254 4342 2348 4412 qtti
2393 4342 2848 4397 scandalizaverit
2889 4343 2956 4397 de
2990 4342 3205 4413 pusillis
3251 4341 3528 4409 Ecclesiae,

1943 4434 2237 4505 prohibens
2266 4435 2501 4505 aliquem
2531 4434 2736 4488 intrare
2764 4435 2816 4488 in
2852 4449 3078 4504 regnum
3103 4435 3394 4501 etnlorum,
3430 4449 3529 4505 pa-

1943 4530 2110 4584 tietur
2151 4529 2300 4600 quod
2352 4528 2616 4599 scriptum
2649 4538 2732 4584 est
2780 4529 2836 4584 in
2874 4529 3198 4600 Evangelio,
3241 4546 3338 4584 vae.
3372 4527 3530 4598 Item,

1943 4618 2286 4684 eeontrario,
2345 4619 2440 4689 qui
2498 4629 2670 4688 potest
2723 4620 2961 4692 aliquem
3004 4619 3182 4676 facere
3224 4620 3429 4675 intrare
3470 4620 3528 4674 in

1945 4727 2172 4782 regnum
2200 4713 2490 4780 caelorum,
2530 4713 2574 4770 si
2603 4724 2786 4770 tamen
2821 4715 2874 4768 in
2910 4714 3028 4785 ejus
3061 4722 3330 4784 potestate
3362 4711 3529 4767 fuerit

1941 4813 1995 4860 et
2028 4804 2340 4874 permittere
2371 4816 2424 4860 et
2468 4814 2668 4874 vetare,
2699 4807 2872 4862 multo
2929 4807 3102 4879 magis
3137 4807 3254 4877 ipse
3284 4805 3530 4861 introibit

1944 4894 1998 4948 in
2036 4909 2263 4965 regnum
2289 4894 2574 4950 caelorum.

2016 4987 2102 5041 14.
2157 4987 2295 5042 Cum
2357 4988 2671 5059 frequenter
2716 4989 2864 5044 dicat
2913 4988 3178 5044 Dominus
3215 4986 3424 5043 Scribis
3470 4994 3526 5040 et

1939 5078 2265 5144 Pharisaeis,
2311 5097 2426 5148 vae,
2468 5083 2904 5153 uniuscujusque
2943 5096 3022 5135 vae
3059 5095 3283 5135 causam
3325 5079 3527 5134 inloco

1939 5173 2160 5243 proprio
2217 5188 2576 5243 exponemus.
2629 5172 2788 5229 Nunc
2831 5184 3012 5228 autem
3043 5174 3206 5243 hujus
3238 5171 3527 5243 praesentis

1942 5283 2021 5322 vae
2053 5283 2392 5338 exponemus
2442 5284 2689 5324 causam.
2735 5267 3027 5322 Praesentis
3067 5283 3200 5338 ergo
3243 5281 3322 5322 va:
3359 5281 3524 5321 causa

1939 5369 2042 5424 est,
2066 5363 2194 5431 quia
2215 5361 2542 5416 claudebant
2564 5377 2788 5434 regnum
2815 5362 3078 5417 ccelorum
3103 5369 3228 5415 ante
3252 5359 3523 5415 homines.

1944 5454 2270 5509 Claudentes
2295 5464 2475 5510 autem
2501 5464 2626 5510 ante
2646 5455 2805 5522 alios,
2843 5471 2943 5510 nec
2966 5455 3069 5525 ipsi
3110 5454 3385 5509 intrabant
3399 5465 3525 5522 pro-

1944 5552 2066 5617 pter
2108 5545 2211 5601 hoc
2242 5546 2420 5616 ipsum
2455 5547 2604 5617 quod
2642 5548 2868 5603 introire
2916 5548 3169 5603 vetabant
3215 5563 3313 5604 eos
3334 5547 3426 5618 qui
3451 5548 3536 5602 in-

2629 5785 2671 5813 "’
2699 5785 2830 5841 ibtd.
2854 5784 2947 5840 27.
3011 5854 3018 5855 ί
3055 5784 3100 5815 ⁸⁸
3124 5783 3313 5838 Matth.
3359 5796 3522 5855 xutt,

2221 5855 2264 5892 ⁷³
2297 5852 2493 5925 Philip.
2554 5871 2613 5924 ll,
2669 5857 2785 5912 6-9.
2899 5856 2943 5888 ⁷³
2975 5854 3166 5911 Matth.
3206 5871 3363 5922 χχιιι,
3413 5855 3502 5908 i3.
