4004 6536
515 451 648 507 ltili)

1684 429 2006 491 OlthENIS
2047 425 2109 480 IN
2147 413 2557 478 ΜΑΤΤΙΙᾸΞΗΜ

3616 401 3733 459 £520

505 557 770 629 ἱνοιεςειιι
811 570 1016 638 utique,
1046 568 1091 623 si
1126 566 1195 622 ab
1222 566 1342 621 istis
1378 572 1483 618 neu
1519 556 1997 616 fuisseutcxclusi.
2031 551 2093 622 Et
2123 556 2168 610 Α
2195 547 2336 602 sicut
2390 540 2568 597 caeteri
2618 534 2849 607 apostoli
2882 537 3233 634 aperuerunt.
3287 526 3350 638 [Et
3379 525 3426 581 si
3455 525 3579 595 quis
3599 524 3736 638 fuerit

464 657 467 659 ’
512 663 751 732 primum
775 660 992 730 quidem
1029 655 1349 727 simpliciter
1369 652 1525 723 quasi
1545 652 1611 706 de
1646 648 1852 705 Scribis
1873 655 1920 702 et
1958 644 2093 698 Pha-

511 755 685 810 risazis
713 754 806 823 qui
869 751 1012 822 apud
1045 749 1265 804 Judaeos
1313 748 1603 809 habentur,
1636 755 1819 798 sermo
1851 753 2090 810 prmsens

512 854 592 898 est
623 842 1000 912 experiendus.
1052 839 1114 892 Hi
1164 837 1330 903 enim,
1386 850 1493 888 non
1535 829 1778 888 contenti
1818 825 1961 896 quod
1989 825 2089 895 ipsi

515 933 748 987 Domino
780 946 886 984 non
912 929 1223 993 credebant,
1246 925 1426 980 adhuc
1460 921 1798 993 derogabant
1828 916 2092 973 doctrinae

513 1025 656 1094 ejus,
687 1032 743 1079 et
773 1020 1161 1078 subvertebant
1195 1032 1412 1072 onmem
1450 1013 1784 1085 prophetiam
1832 1009 2090 1078 scriptam

515 1114 583 1168 de
607 1126 699 1176 eo,
753 1119 807 1165 et
855 1108 1305 1178 blasphemabant
1353 1119 1516 1159 omne
1561 1117 1698 1172 opus
1736 1099 1907 1170 ipsius
1935 1097 2093 1168 quasi

515 1204 713 1258 falsum
741 1211 794 1256 et
816 1218 846 1256 a
880 1201 1097 1256 diabolo
1134 1201 1340 1263 fictum,
1366 1198 1607 1252 dicentes
1634 1213 1648 1250 :
1680 1192 1781 1247 llic
1811 1207 1911 1245 non
1951 1189 2093 1260 ejicit

514 1294 780 1349 dwmonia
815 1294 917 1346 nisi
949 1291 1004 1344 in
1025 1289 1340 1344 Beelzebutlt
1372 1289 1442 1354 ⁷⁸,
1473 1295 1528 1342 et
1575 1282 1995 1340 homicidialitcr
2037 1296 2096 1333 se

514 1386 832 1456 praebebant
882 1384 964 1440 eis
1017 1382 1111 1453 qui
1168 1381 1515 1437 crediderant
1558 1377 1800 1433 Christo.
1849 1387 1901 1429 et
1948 1373 2094 1427 omni

514 1478 684 1533 modo
710 1475 1073 1546 prohibebant
1114 1474 1350 1542 aliquem
1393 1471 1458 1525 ad
1495 1466 1962 1524 Christianitatem
2007 1479 2094 1517 ve-

518 1571 639 1624 nire
672 1584 766 1638 per
798 1581 962 1636 quam
997 1565 1254 1620 introitur
1288 1564 1341 1617 in
1367 1576 1593 1632 regnum
1624 1558 1909 1614 caelorum.
1929 1554 2094 1610 Clau-

517 1661 721 1718 debant
749 1657 880 1713 illud
909 1656 1128 1728 quodin
1157 1662 1451 1723 conspectu
1473 1651 1718 1705 omnium
1750 1648 1928 1720 palam
1956 1657 2099 1702 esset

519 1751 903 1807 annuntiatum
933 1757 988 1804 et
1036 1748 1410 1818 praedicatum,
1437 1754 1493 1802 et
1525 1743 1668 1815 apud
1703 1757 1893 1798 omnes
1915 1739 2098 1794 homi.

517 1859 616 1898 nes
643 1841 1062 1897 conclamatum.
1099 1839 1160 1892 Et
1209 1836 1521 1894 claudentes
1565 1848 1790 1904 regnum
1834 1831 2095 1886 caelorum

2195 636 2438 690 imitator
2486 644 2700 694 eorum,
2758 623 2934 695 aperit
2965 636 3192 692 regnum
3228 619 3497 675 ccelorum
3521 626 3636 670 ante
3660 617 3740 671 lio-

2191 728 2368 784 mines
2417 739 2518 779 sua
2583 717 2812 789 iustitia,
2839 725 2895 770 et
2917 715 3166 777 veritate,
3195 719 3247 767 et
3289 709 3564 774 castitate,
3582 716 3631 762 et
3657 724 3733 761 sa-

2193 819 2416 890 pientia.
2445 814 2510 869 Et
2539 819 2744 883 quanto
2765 809 2939 878 magis
2973 805 3100 877 quis
3131 803 3340 874 prolicit
3367 804 3586 872 pietate,
3615 809 3742 854 tanto

2195 911 2370 981 magis
2398 906 2571 977 aperit
2592 912 2719 958 ante
2739 899 2990 955 homines
3023 911 3249 967 regnum
3291 894 3578 948 caelorum.
3608 890 3744 943 Arbi-

2194 1015 2309 1059 tror
2329 1013 2461 1070 ergo
2485 1009 2679 1052 omnes
2713 992 2806 1064 qui
2828 990 3150 1062 proﬁtentur
3171 1003 3230 1042 se
3261 987 3314 1041 in
3347 983 3638 1040 Ecclesiam
3673 983 3743 1036 in-

2195 1111 2359 1160 trare,
2385 1093 2609 1149 omnino
2641 1099 2736 1144 aut
2789 1085 3050 1143 claudunt
3081 1094 3306 1149 regnum
3353 1075 3614 1132 caelorum
3638 1084 3743 1127 ante

2198 1189 2447 1244 homines
2503 1184 2662 1238 malis
2699 1173 3213 1234 con-versationibus
3261 1169 3418 1232 suis,
3472 1165 3739 1222 secundum

2197 1283 2340 1354 quod
2383 1284 2612 1350 peccant
2638 1272 2763 1344 ipsi,
2791 1277 2886 1324 aut
2915 1266 3168 1337 aperiunt
3205 1261 3425 1317 actibus
3446 1258 3601 1313 bouis
3626 1257 3742 1320 suis,

2197 1347 2495 1431 secundum
2544 1365 2687 1439 quod
2724 1363 2873 1434 juste
2919 1357 3123 1413 fuerint
3161 1351 3496 1410 conversati.
3543 1347 3744 1403 Maxime

2200 1467 2301 1520 hoc
2323 1463 2528 1518 iaciunt
2560 1457 2654 1529 qui
2681 1454 2934 1510 videntur
2961 1450 3014 1504 in
3060 1444 3303 1502 Eccle-ia
3329 1442 3616 1508 clariores,
3633 1454 3743 1508 qua-

2199 1558 2277 1612 les
2322 1564 2451 1611 sunt
2485 1548 2747 1622 episcopi,
2783 1539 3103 1616 presbyteri,
3153 1535 3395 1592 diaconi.
3442 1532 3584 1587 Bene
3623 1530 3742 1585 enim

2201 1649 2441 1703 viventes
2464 1652 2518 1698 et
2552 1642 2690 1696 bene
2715 1639 2973 1694 docentes
2994 1631 3218 1689 verbum
3233 1625 3505 1689 veritatis,
3528 1623 3745 1692 aperiunt

2200 1753 2326 1797 ante
2381 1736 2630 1793 homines
2658 1746 2885 1804 regnum
2925 1727 3226 1789 caelorum;
3267 1731 3326 1776 et
3380 1721 3511 1776 dum
3553 1717 3646 1788 ipsi
3677 1717 3745 1771 iu-

2201 1843 2370 1897 trant,
2401 1831 2540 1885 alios
2569 1819 3130 1898 provocantintroire.
3163 1815 3288 1870 Mali
3311 1822 3524 1880 autem,
3547 1811 3631 1881 qui
3654 1825 3742 1864 non

520 1951 619 1989 nee
655 1935 756 2003 ipsi
789 1933 1063 1988 intrabant
1095 1949 1110 1984 :
1148 1946 1248 1987 nec
1291 1929 1439 1986 enim
1475 1927 1730 1982 volebant
1757 1940 1880 1980 eum
1909 1923 2098 1978 audire
2133 1927 2171 1981 Β
2202 1934 2328 1983 sunt
2375 1932 2644 1995 pastores,
2695 1917 2788 1973 sed
2845 1910 3188 1976 mercenarii,
3240 1906 3507 1963 claudunt
3550 1915 3744 1973 regnum

521 2026 616 2095 qui
638 2027 840 2080 dixit“
877 2045 889 2078 :
919 2023 1116 2096 Siquis
1142 2040 1232 2095 per
1254 2039 1333 2078 me
1355 2021 1644 2084 introierit,
1693 2016 2008 2081 salvabitur,
2045 2025 2094 2068 et

521 2117 784 2180 introibit,
814 2127 860 2171 et
885 2117 1042 2180 exiet,
1066 2125 1114 2170 et
1137 2131 1339 2186 pascua
1374 2113 1618 2168 inveniet.
1667 2109 1777 2165 Nec
1810 2109 2094 2170 intrantes,

524 2211 577 2265 id
613 2220 697 2264 est
745 2225 842 2266 eos
894 2209 988 2280 qui
1021 2209 1243 2264 credere
1267 2213 1518 2277 poterant
1542 2212 1765 2275 propter
1788 2202 1945 2258 ﬁdem
1977 2215 2098 2271 quae

525 2317 556 2355 τι
586 2301 704 2371 lege
731 2311 783 2356 et
813 2315 841 2354 a
864 2299 1143 2370 prophetis
1163 2306 1290 2354 ante
1312 2295 1490 2352 fuerat
1517 2295 1791 2350 declarata
1830 2294 1896 2348 de
1941 2291 2102 2347 Chri-

526 2402 613 2448 sto
635 2435 648 2459 ,
680 2393 905 2447 introire
950 2391 1223 2454 sinebant,
1262 2390 1488 2445 omnino
1522 2388 1853 2458 dissipantes
1893 2383 2098 2456 princi-

526 2485 674 2554 pium
719 2498 1022 2539 consensus
1075 2497 1268 2536 eorum
1303 2501 1316 2536 :
1352 2491 1405 2535 et
1441 2495 1564 2538 cum
1604 2479 1751 2534 omni
1783 2487 2017 2532 tremore
2048 2484 2102 2529 et

528 2575 687 2630 ferali
714 2575 962 2639 audacia,
985 2583 1251 2644 quantum
1279 2572 1344 2626 ad
1383 2587 1462 2638 se,
1495 2585 1688 2626 omnes
1737 2569 1980 2624 volentes
2013 2569 2101 2622 in-

529 2666 698 2720 troire
729 2664 1090 2735 perjanuam,
1111 2662 1588 2734 prohibebantipsi
1615 2676 1735 2716 eam
1765 2661 2098 2716 claudentes.

531 2757 673 2813 lluic
706 2756 938 2826 simplici
998 2755 1323 2825 expositioni
1354 2755 1648 2826 jungemus
1680 2754 1843 2810 etiam
1887 2755 2010 2819 hoc,
2038 2753 2105 2808 de

530 2850 619 2905 his
640 2849 732 2919 qui
769 2858 991 2918 peccant
1011 2847 1152 2917 apud
1177 2861 1298 2911 nos,
1331 2847 1588 2916 quoniam
1611 2860 1810 2900 omnes
1835 2844 1928 2915 qui
1963 2845 2103 2898 mala

530 2941 946 2997 conversatione
999 2939 1230 2995 suadent
1267 2939 1575 3009 exemplum
1605 2938 1861 3009 peccandi
1905 2939 1959 2992 in
2009 2953 2105 3008 po-

530 3035 681 3105 pulo,
707 3042 762 3090 et
800 3034 903 3104 qui
953 3031 1160 3088 faciunt
1201 3031 1456 3101 iniuriam
1523 3032 1605 3087 eis
1635 3030 1731 3101 qui
1765 3029 1944 3085 adhuc
1978 3039 2108 3085 sunt

531 3127 717 3199 pusilli
758 3127 812 3182 in
836 3125 1054 3182 Christo
1087 3133 1142 3180 et
1175 3124 1499 3194 imperfecti,
1533 3137 1588 3178 et
1642 3123 2019 3181 exanimantes
2053 3131 2107 3176 et

530 3218 1002 3284 scandalizantes,
1051 3216 1305 3272 claudere
1365 3216 1619 3270 videntur
1680 3223 1806 3268 ante
1858 3213 2106 3268 homines

531 3325 761 3380 regnum
789 3309 1078 3375 caelorum,
1110 3322 1205 3362 nec
1231 3307 1334 3376 ipsi
1356 3307 1579 3371 intrant,
1605 3321 1704 3361 nec
1724 3305 1861 3362 alios
1883 3305 2108 3360 introire

535 3400 882 3470 permittunt.
955 3398 1021 3454 Et
1067 3399 1173 3453 hoc
1221 3408 1504 3467 peceatum
1548 3397 1824 3452 invenitur
1889 3397 2106 3467 quidem

532 3492 696 3546 etiam
723 3491 775 3544 in
800 3490 1179 3570 popularibus,
1215 3489 1449 3544 maxime
1470 3497 1652 3544 autem
1684 3489 1739 3543 in
1769 3488 2106 3553 doctoribus,

534 3584 629 3654 qui
661 3583 860 3638 docent
904 3582 1124 3652 quidem
1177 3581 1476 3636 secundum
1514 3580 1788 3650 justitiam
1831 3580 2108 3652 Evangelii

536 3674 804 3738 homines,
839 3689 945 3728 non
981 3681 1163 3728 autem
1205 3671 1435 3736 faciunt,
1467 3671 1595 3741 quia
1639 3679 1771 3726 sunt
1811 3670 1942 3725 mali
2009 3685 2109 3740 pa-

535 3774 712 3822 stores
747 3783 761 3820 :
791 3774 845 3820 et
884 3764 1006 3820 ideo
1036 3781 1143 3820 non
1189 3773 1422 3836 parcunt
1462 3763 1676 3829 ovibus,
1708 3779 1883 3833 neque
1915 3772 2112 3819 curant

535 3858 604 3914 de
631 3858 807 3914 salute
826 3873 1042 3921 earum,
1073 3857 1166 3913 sed
1190 3872 1405 3927 semper
1435 3855 1709 3927 aspiciunt
1750 3855 1818 3910 ad
1861 3856 2010 3911 lucra
2043 3871 2110 3910 ex

536 3949 854 4004 hominibus
911 3949 1183 4004 venientia
1236 3949 1340 4004 sibi
1391 3963 1489 4019 pro
1550 3963 1616 4002 eo
1667 3947 1812 4018 quod
1862 3946 2112 4002 videntur

535 4052 761 4111 pascere
783 4042 1068 4112 populum,
1099 4055 1224 4095 cum
1277 4056 1382 4096 non
1440 4049 1688 4109 pascant,
1725 4049 1778 4094 et
1809 4039 2113 4110 deprehen-

537 4132 745 4189 duntur
777 4134 830 4186 in
865 4132 1100 4189 sordidis
1134 4133 1303 4188 lueris
1348 4141 1404 4187 et
1436 4130 1897 4201 concupiscentiis
1927 4131 2113 4202 gloriae

534 4236 713 4276 vanae.
767 4220 890 4276 Istae
922 4221 1067 4276 enim
1134 4230 1263 4276 sunt
1312 4221 1778 4276 mercenariorum
1810 4221 2109 4286 mercedes,

537 4313 630 4382 qui
657 4312 917 4367 claudunt
959 4321 1086 4366 ante
1135 4312 1384 4368 homines
1426 4327 1655 4383 regnum
1695 4313 1982 4377 caelorum,
2013 4327 2115 4368 nec

539 4403 745 4458 intrant
795 4403 848 4456 in
902 4402 1058 4467 illud,
1116 4419 1216 4458 nec
1272 4404 1459 4457 volunt
1513 4403 1815 4472 intelligere
1861 4404 2005 4474 quod
2031 4411 2116 4459 est

537 4493 740 4548 dictum
762 4494 807 4524 '”
835 4510 850 4546 :
876 4493 1189 4548 Contendite
1215 4494 1420 4548 intrare
1439 4511 1532 4564 per
1567 4505 1851 4564 angustum
1894 4496 2111 4560 ostium;

2203 2021 2466 2076 caelorum
2497 2023 2623 2069 ante
2673 2009 2946 2070 homines,
2968 2020 3067 2060 nec
3105 2002 3338 2057 audiunt
3363 1997 3509 2068 quod
3531 1997 3600 2050 ait
3621 1996 3745 2064 Apo-

2199 2111 2372 2168 stolus
2388 2108 2434 2140 ⁸ο
2457 2127 2471 2161 :
2504 2104 2609 2161 Sed
2634 2100 2812 2156 omnia
2837 2097 3177 2158 sustinemus,
3200 2100 3255 2146 ut
3281 2106 3389 2144 non
3407 2084 3745 2157 offendiculum

2199 2204 2378 2257 demus
2427 2195 2714 2267 Evangelia
2773 2189 2994 2247 Christi.
3043 2186 3142 2242 Est
3187 2198 3313 2240 vere
3360 2182 3543 2236 videre
3576 2179 3746 2232 multus

2200 2296 2453 2349 doctores
2483 2304 2589 2343 non
2623 2283 2999 2356 permittentes
3027 2280 3234 2333 intrare
3280 2275 3338 2328 in
3386 2286 3606 2342 regnum
3650 2283 3744 2322 cie.

2201 2388 2378 2442 lorum
2419 2383 2622 2437 intrare
2648 2373 3118 2444 concupiscentes,
3147 2368 3392 2423 maxime
3414 2363 3623 2434 quando
3651 2361 3745 2414 sine

2196 2474 2404 2546 judicio
2461 2480 2512 2526 et
2567 2468 2686 2524 sine
2723 2465 2936 2520 ratione
2987 2475 3099 2516 non
3133 2466 3358 2529 propter
3400 2461 3612 2525 peccata
3647 2463 3746 2518 qua

2202 2541 2434 2625 iaciunt,
2458 2555 2941 2616 excommunicant
2984 2550 3275 2622 quosdam,
3310 2546 3408 2603 sed
3438 2551 3643 2616 propter
3661 2541 3742 2594 ali-

2204 2670 2363 2727 quem
2397 2653 2570 2708 zelum
2605 2657 2658 2704 et
2687 2644 3088 2702 contentionem
3122 2637 3418 2710 prohibent
3452 2636 3641 2688 intrare
3659 2629 3748 2683 fre-

2204 2725 2434 2823 quenter
2463 2754 2517 2800 et
2549 2742 2804 2798 meliores
2833 2751 2997 2808 quam
3024 2748 3152 2790 sunt
3184 2731 3310 2802 ipsi.
3344 2729 3415 2784 Et
3439 2729 3536 2798 ipsi
3557 2725 3743 2823 quidem

2207 2814 2315 2898 non
2366 2839 2757 2910 permittuntur
2811 2829 3060 2894 introire,
3123 2825 3199 2879 illi
3243 2833 3433 2878 autem
3480 2820 3571 2890 qui
3605 2814 3745 2872 sobrii

2206 2942 2334 2990 sunt
2362 2937 2562 2995 mente,
2587 2937 2640 2984 et
2677 2925 2861 2980 animo
2887 2921 3193 2992 vigilantes,
3244 2915 3530 2970 vincentes
3558 2925 3646 2965 sua
3667 2923 3743 2978 pio

2206 3024 2394 3080 tientia
2423 3031 2476 3077 et
2501 3018 2912 3092 longanimitate
2939 3008 3254 3084 tyrannides
3286 3021 3503 3070 eorum,
3529 3001 3746 3074 quamvis

2206 3117 2378 3182 vetiti,
2430 3121 2613 3169 tamen
2653 3111 2860 3166 intrant
2891 3115 2946 3162 et
2991 3101 3316 3159 hmreditant
3367 3112 3587 3170 regnum
3611 3094 3748 3150 cmlo-

2208 3223 2352 3264 rum.

2281 3295 2370 3350 15.
2396 3291 2601 3348 Deinde
2638 3289 2921 3346 videamus
2956 3295 3108 3342 extra
3131 3300 3225 3340 eos
3258 3297 3406 3354 quos
3451 3279 3686 3338 diximus,
3708 3277 3745 3329 si

2211 3387 2472 3459 possibile
2517 3394 2602 3440 est
2650 3383 2812 3438 etiam
2869 3379 3006 3434 alios
3049 3376 3230 3432 videre
3294 3375 3392 3445 qui
3423 3371 3666 3428 claudunt
3704 3375 3745 3420 et

2211 3457 2464 3552 aperiunt
2515 3491 2741 3549 regnum
2782 3473 3067 3529 etelorum.
3095 3469 3199 3535 Qui
3248 3469 3398 3522 enim
3431 3464 3572 3536 digni
3608 3457 3749 3516 habiti

2211 3584 2336 3631 sunt
2357 3583 2409 3628 et
2427 3571 2604 3626 idonei
2636 3570 2702 3624 ad
2739 3565 3091 3635 Evangelium
3136 3559 3554 3630 exponendum,
3595 3564 3640 3609 et
3673 3552 3746 3621 qui

2211 3669 2351 3721 tales
2385 3680 2442 3718 se
2473 3663 2714 3733 praebent
2743 3669 2800 3713 ut
2827 3659 3008 3712 dicere
3062 3655 3273 3725 possint
3299 3671 3314 3705 :
3349 3653 3431 3705 Au
3461 3647 3747 3718 experimen-

2211 3765 2321 3812 tum
2349 3731 2589 3826 quwritis
2634 3751 2748 3820 ejus
2778 3749 2870 3818 qui
2912 3748 2967 3800 in
3016 3762 3096 3799 me
3143 3744 3385 3814 loquitur
3444 3731 3748 3795 Christus"?

2211 3824 2463 3916 aperiunt
2511 3850 2640 3896 ante
2694 3839 2946 3895 homines
2980 3850 3206 3907 regnum
3250 3833 3537 3896 caelorum,
3565 3824 3747 3900 quando

2211 3938 2550 3995 altitudinem
2614 3933 2924 3989 divinorum
2981 3929 3327 3998 eloquiorum
3387 3939 3508 3994 qua:
3557 3935 3654 3976 non
3694 3917 3746 3971 de

2215 4030 2375 4086 terris
2409 4029 2550 4084 dicta
2592 4035 2741 4092 sunt,
2777 4024 2868 4079 sed
2893 4021 2960 4077 de
2989 4021 3149 4085 etelo,
3191 4029 3246 4074 et
3276 4019 3346 4073 de
3370 4032 3534 4072 sensu
3565 4007 3745 4067 Domini

2214 4123 2306 4194 qui
2339 4123 2485 4177 venit
2513 4120 2582 4174 ad
2609 4118 2880 4180 homines,
2910 4131 3031 4171 cum
3065 4112 3213 4168 omni
3249 4108 3674 4165 manifestatione
3706 4112 3748 4156 et

2211 4215 2534 4287 probatione
2584 4212 2984 4270 demonstrant,
3047 4208 3118 4260 ita
3173 4215 3254 4272 ut,
3306 4213 3572 4274 quantum
3613 4197 3670 4252 ad
3704 4209 3750 4249 se

2211 4318 2315 4375 est,
2355 4307 2581 4379 gentiles
2632 4313 2686 4359 et
2731 4302 3019 4363 barbaros,
3078 4299 3352 4367 sapientes
3373 4307 3428 4351 et
3468 4292 3749 4362 insipientes

2212 4401 2467 4457 inducere
2500 4396 2666 4451 velint
2689 4395 2755 4450 ad
2789 4393 3039 4461 pietatem
3083 4389 3308 4445 Christi.
3336 4388 3444 4454 Qui
3478 4394 3643 4440 autem
3671 4391 3747 4449 per

2212 4504 2366 4546 suam
2403 4485 2792 4541 indocililatem
2824 4489 2879 4535 et
2899 4479 3224 4550 injustitiam
3257 4491 3383 4531 cum
3419 4473 3581 4529 multa
3611 4481 3750 4524 teme-

538 4595 592 4641 et
616 4584 784 4657 840
813 4583 1072 4654 quoniam
1100 4599 1265 4655 super
1312 4587 1497 4641 omnia
1545 4586 1842 4642 certamina
1877 4587 1982 4642 hoc
2029 4556 2112 4642 est
2145 4618 2188 4672 υ
2215 4581 2373 4635 ritate
2421 4578 2630 4646 seipsos
2671 4573 2935 4629 dederunt
2975 4570 3041 4624 ad
3085 4567 3485 4639 professionem
3555 4556 3749 4617 docendi

539 4682 814 4728 certamen
861 4680 924 4726 ut
973 4672 1044 4726 sit
1093 4672 1291 4742 aliquis
1327 4673 1433 4727 vim
1463 4671 1673 4729 faciens
1702 4681 1756 4727 et
1781 4673 2000 4742 rapiens
2027 4689 2110 4726 re-

540 4779 707 4834 gnum
769 4763 1010 4826 cmleste,
1049 4762 1118 4818 ad
1160 4777 1430 4835 eos‘ergo
1464 4765 1598 4822 tales
1623 4765 1879 4821 doctores
1911 4780 2112 4820 conve-

542 4856 754 4909 nienter
786 4855 889 4908 ista
917 4853 1174 4908 dicuntur
1203 4873 1215 4907 :
1250 4853 1362 4908 Nec
1395 4871 1482 4908 vos
1515 4856 1753 4922 intratis,
1781 4872 1872 4909 nec
1908 4857 2116 4909 intran-

540 4959 613 5001 tes
633 4946 826 5000 sinitis
853 4947 1055 5000 intrare
1073 4945 1156 5007 7';
1185 4946 1423 5002 maxime
1467 4947 1513 5002 si
1562 4947 1846 5003 videamus
1879 4962 1974 5002 eos
2006 4947 2114 5002 vita

539 5054 638 5094 sua
676 5038 920 5106 mala,et
944 5038 1295 5108 superbia,et
1325 5040 1611 5107 conviciis,
1649 5051 1699 5096 et
1722 5042 1972 5109 avaritia,
2005 5058 2114 5097 non

539 5131 716 5184 dicam
743 5146 911 5185 unum
946 5130 1012 5185 de
1039 5130 1272 5200 pusillis,
1297 5132 1391 5186 sed
1415 5133 1602 5197 etiam,
1634 5143 1902 5203 quantum
1937 5135 2004 5188 ad
2035 5150 2114 5198 se,

541 5237 732 5276 omnes
764 5222 815 5276 in
854 5221 1173 5280 scandalum
1207 5223 1545 5281 inducentes.
1580 5225 1672 5280 Vae
1711 5242 1841 5296 ergo
1886 5226 1994 5282 illis
2021 5227 2116 5296 qui

541 5312 801 5368 claudunt
880 5329 1108 5384 regnum
1182 5317 1444 5370 caelorum
1510 5326 1635 5372 ante
1706 5319 1978 5382 homines,
2037 5319 2121 5372 Vl'l

548 5401 654 5456 hac
687 5403 869 5468 modo,
900 5404 984 5459 vel
1005 5405 1147 5472 alio;
1172 5405 1314 5461 beati
1349 5413 1528 5464 autem
1564 5407 1654 5480 qui
1685 5407 1936 5478 aperiunt
1968 5406 2120 5466 illud,

544 5492 634 5545 vel
660 5494 843 5556 verbo,
867 5495 952 5549 vel
985 5510 1146 5565 opere
1161 5512 1261 5551 suo
1285 5497 1448 5563 bono,
1475 5499 1617 5555 sicut
1644 5499 1731 5554 ille
1761 5499 1850 5569 qui
1886 5500 2019 5554 dixit
2042 5501 2118 5555 ⁷⁹;

551 5583 757 5638 Ostium
807 5585 936 5638 mihi
983 5598 1221 5655 apertum
1254 5599 1330 5643 est
1381 5607 1625 5664 magnum
1666 5601 1714 5645 et
1751 5591 1994 5655 evidens;
2041 5590 2120 5645 vel

616 5793 659 5822 ⁷⁵
693 5791 998 5858 111ιιι11ι.χιι,
1027 5795 1116 5848 9.5..

1196 5797 1239 5827 τ⁶
1260 5795 1415 5850 Joan.
1454 5813 1505 5863 χ,
1527 5797 1578 5850 9.
1659 5797 1700 5827 ⁷⁷
1727 5796 1856 5852 Luc.
1885 5811 2004 5861 xm,
2025 5795 2113 5850 ‘24.

547 5864 590 5902 ιι
627 5861 664 5917 ll
697 5863 820 5917 Cor.
866 5879 981 5929 xui,
1017 5865 1069 5918 5.

2218 4673 2536 4744 priusquam
2591 4667 2870 4722 discerent
2921 4671 2975 4718 et
3039 4669 3434 4730 cognoscerent
3488 4655 3750 4714 veritatem,

2219 4743 2501 4834 propterea
2525 4759 2737 4814 fabulas
2761 4771 2928 4812 vanas
2956 4753 3212 4809 Judaicas
3248 4752 3542 4814 imitantes,
3565 4743 3752 4800 tradunt

2220 4852 2534 4922 corporales
2573 4849 2832 4904 historias
2884 4843 3313 4915 Scripturarum,
3337 4853 3521 4896 etnon
3563 4845 3749 4892 sensum

2221 4945 2522 5015 spiritalem
2551 4951 2647 4995 aut
2676 4940 3015 4994 voluntatem
3045 4951 3266 5001 earum;
3310 4942 3364 4988 et
3409 4931 3579 4985 adhuc
3598 4926 3749 4979 detra-
3804 4967 3809 4971 .

2223 5033 2463 5088 hunteis
2487 5031 2581 5102 qui
2614 5031 2832 5085 Christo
2873 5033 3358 5090 consurrexerunt,
3402 5037 3454 5078 et
3503 5034 3614 5090 quae
3649 5029 3748 5069 sur-

2223 5142 2342 5181 sum
2376 5134 2504 5180 sunt
2533 5124 2585 5177 in
2617 5121 2913 5192 Scripturis
2951 5118 3241 5188 requirunt
3267 5126 3320 5171 et
3352 5131 3457 5170 non
3487 5124 3635 5180 super
3658 5116 3748 5158 ter-

2223 5234 2362 5283 ram,
2396 5232 2495 5272 nec
2526 5215 2581 5270 in
2615 5214 2843 5269 terrenis
2891 5211 3296 5282 Scripturarum
3333 5207 3556 5277 positam
3593 5195 3749 5254 existi-

2225 5320 2380 5366 mant
2413 5311 2691 5364 veritatem
2721 5327 2733 5363 :
2759 5305 3044 5370 claudunt,
3104 5310 3366 5374 quantum
3420 5299 3484 5353 ad
3529 5311 3603 5358 se,
3647 5296 3748 5344 ante

2224 5403 2473 5459 homines
2505 5416 2732 5472 regnum
2783 5399 3070 5463 caelorum,
3115 5396 3428 5450 claudentes
3463 5387 3586 5445 illud
3629 5379 3746 5451 inju-

2223 5495 2371 5552 stitia
2401 5511 2520 5559 sua,
2545 5503 2600 5548 et
2631 5494 2906 5547 trahentes
2932 5491 2998 5545 ad
3045 5505 3102 5544 se
3122 5504 3216 5544 eos
3263 5488 3355 5559 qui
3403 5487 3649 5556 poterant,
3671 5486 3747 5526 au-

2221 5592 2432 5645 dientes
2463 5586 2787 5642 diviniorem
2817 5595 2870 5641 et
2901 5585 3161 5652 majorem
3201 5580 3500 5636 doctrinam
3529 5567 3746 5629 etaltitu-

2192 5796 2442 5854 7"Matth.
2479 5815 2634 5864 xxiii,
2667 5800 2748 5856 l3.
2827 5801 2867 5831 7"
2893 5797 2909 5854 l
2933 5798 3059 5853 Cor.
3088 5815 3195 5858 xu,
3217 5796 3267 5850 9.
3346 5793 3390 5822 ⁸⁰
3417 5791 3431 5845 1
3454 5789 3569 5845 Cor.
3597 5776 3745 5842 tt.”-
