4004 6534
243 435 377 492 ΙΞΞΙ

1403 436 2057 500 ΟΟΜΜΕΝΤΑΒΙΟΒΗΜ
2099 439 2362 497 SERIES.

3380 442 3517 498 {6‘22

240 552 430 606 dinem
479 551 747 619 veritatis,
799 555 1007 612 intrare
1055 571 1152 627 per
1175 555 1425 613 cmlestes
1454 558 1732 614 doctrinas
1779 569 1833 615 et
1861 561 1904 615 A
1933 559 2027 613 sed
2051 558 2228 613 adhuc
2249 555 2399 612 addit
2427 554 2502 610 illi
2535 555 2902 612 damnationis
2927 573 3235 620 numerum,
3260 567 3320 613 ιιι
3343 558 3508 613 etiam

239 658 341 712 per
397 647 789 703 convenientes
833 649 914 703 eis
955 658 1110 704 actus
1158 649 1212 703 in
1256 665 1481 720 regnum
1537 652 1826 708 caelorum.

241 732 386 790 llnic
431 739 770 807 expositioni
812 741 1144 798 conveniens
1172 751 1256 797 est
1309 744 1454 812 quod
1493 744 1683 800 scribit
1721 745 1830 799 Lu-

240 840 339 882 cas
368 826 416 859 ⁸¹
448 844 463 879 :
507 827 595 884 Va:
620 830 767 886 vobis
811 832 1139 903 'legisperitis
1167 875 1183 900 ,
1227 836 1478 904 quoniam
1528 835 1828 892 abstulistis

238 917 443 972 clavem
465 920 724 986 scientitc,
747 933 798 976 et
822 924 922 993 ipsi
944 940 1050 978 non
1077 924 1360 992 introistis,
1390 937 1436 981 et
1461 926 1597 980 alios
1617 928 1829 982 intran-

244 1019 323 1063 tes
341 1011 716 1080 prohibuistis.
741 1014 847 1082 Qui
868 1017 1014 1072 enim
1031 1017 1398 1074 criminantur
1427 1020 1828 1091 expositionem

240 1101 687 1173 allegoricam,et
707 1107 906 1164 docere
931 1107 1121 1164 volunt
1147 1110 1275 1180 quia
1312 1111 1604 1168 manifesta
1640 1122 1724 1170 est
1745 1114 1830 1169 di-

242 1193 372 1248 vina
398 1193 682 1267 Scriptura
710 1207 760 1254 et
786 1199 922 1254 nihil
947 1199 1154 1256 habens
1184 1202 1420 1272 amplius
1450 1219 1613 1273 quam
1645 1214 1828 1261 textus

241 1288 506 1354 ostendit,
535 1305 714 1360 eque
734 1291 1058 1348 diviniorem
1099 1294 1339 1364 aliquem
1385 1311 1630 1362 sensum,
1675 1308 1730 1353 et
1761 1299 1830 1356 de

243 1379 692 1449 circumcisione,
717 1381 801 1436 vel
852 1383 1080 1452 pascha,
1131 1385 1216 1440 vel
1259 1386 1328 1440 de
1382 1387 1613 1458 azymis,
1647 1389 1732 1444 vel
1762 1390 1829 1445 de

240 1473 388 1527 escis
425 1481 479 1526 et
508 1473 747 1542 potibus,
783 1475 867 1530 vel
899 1476 969 1531 de
1003 1475 1418 1544 festivitatibus,
1469 1480 1554 1535 vel
1581 1480 1648 1536 de
1678 1480 1825 1537 Neo-

248 1565 471 1628 meniis.
492 1566 578 1620 vel
611 1567 678 1621 de
701 1566 978 1636 Sabbatis,
1005 1577 1058 1623 et
1093 1584 1202 1625 non
1240 1571 1538 1640 respiciunt
1567 1574 1827 1642 quoniam

242 1656 300 1710 in
331 1657 649 1712 ostensione
691 1666 748 1711 et
778 1657 971 1712 umbra
1006 1657 1316 1715 futurorum
1344 1668 1474 1717 tunc
1518 1663 1830 1720 serviebant

239 1748 416 1804 Judaei
443 1749 512 1816 ⁸⁸,
552 1749 846 1820 legisperiti
894 1750 1111 1820 quidem
1161 1761 1318 1817 sunt,
1363 1761 1544 1809 tamen
1587 1755 1830 1810 tulerunt

239 1840 453 1897 clavem
489 1841 730 1897 scientiae
758 1850 1026 1911 quantum
1069 1843 1135 1899 ad
1158 1844 1382 1898 verbum
1438 1861 1622 1912 suum,
1656 1846 1706 1900 id
1746 1855 1829 1902 est

241 1947 464 1988 omnem
503 1932 638 2003 legis
694 1909 837 1988 viain
863 1935 933 1988 ad
977 1933 1324 2008 intelligenda
1384 1909 1622 2007 legitima
1665 1937 1822 1993 aufe-
1861 1909 1899 1964 Β

240 2031 472 2079 rentes:
504 2033 790 2095 propterea
841 2040 944 2082 nec
991 2027 1092 2097 ipsi
1135 2027 1492 2093 intraverunt,
1534 2047 1634 2087 nec
1660 2033 1820 2101 alios,

241 2123 514 2185 quantum
537 2117 605 2172 ad
645 2133 725 2181 se,
763 2119 968 2176 intrare
1001 2121 1388 2190 permiserunt.

317 2207 405 2262 16.
443 2207 533 2263 Vae
590 2210 754 2275 vobis,
791 2210 992 2267 Scriba:
1020 2223 1071 2267 et
1102 2213 1366 2270 Pltaristci
1393 2216 1706 2286 hypocrita,
1732 2218 1824 2287 qui

239 2299 481 2352 circuitis
505 2315 650 2352 mare
673 2309 739 2353 ett
753 2301 987 2366 aridam,
1016 2310 1070 2355 ut
1110 2302 1325 2371 faciatis
1371 2319 1533 2357 unum
1584 2303 1788 2372 prosely
1807 2333 1820 2343 -

241 2402 465 2456 tum;et
498 2409 616 2447 cum
671 2393 829 2463 fuerit
884 2393 1094 2463 factus,
1156 2395 1336 2465 facitis
1381 2412 1497 2450 eum
1527 2396 1700 2466 ﬁlium
1737 2413 1823 2467 ge-

241 2490 438 2562 Iienute
479 2489 638 2560 duplo
657 2507 816 2561 quam
857 2507 944 2545 vos
993 2493 1120 2547 estis
1169 2493 1238 2548 ⁸⁵.
1284 2493 1413 2548 Haec
1436 2495 1825 2549 convenienter

241 2582 502 2636 dicuntur
523 2589 644 2650 post
678 2583 968 2638 adventum
1000 2583 1204 2639 Christi
1238 2584 1305 2639 ad
1349 2583 1573 2640 Scribas
1599 2593 1654 2640 et
1682 2584 1824 2640 Pha-

242 2671 436 2727 risaeos
479 2670 830 2728 Judaicorum
887 2674 1200 2739 verborum,
1273 2675 1366 2746 qui
1409 2675 1692 2746 diligenter
1716 2675 1825 2731 cir-

240 2773 503 2817 cumeunt
529 2762 763 2832 plurima
792 2763 911 2818 loca
944 2764 1156 2832 mundi,
1184 2772 1244 2820 ut
1275 2767 1514 2821 advenas
1537 2765 1823 2836 jndaizare

241 2853 528 2909 suadeant.
553 2852 878 2926 Quicunque
901 2855 1045 2911 enim
1079 2864 1202 2925 post
1247 2856 1587 2913 Salvatorem
1635 2858 1823 2929 judai-

243 2953 392 3012 zant,
435 2945 700 3002 docentur
752 2947 952 3002 imitari
1013 2947 1266 3004 affectum
1316 2964 1507 3027 eorum
1531 2949 1627 3020 qui
1671 2949 1825 3004 dixe-

243 3047 374 3093 runt
412 3038 465 3093 in
510 3040 602 3094 illo
657 3048 898 3112 tempore
930 3059 945 3095 :
982 3041 1268 3113 Cruci/iga,
1316 3042 1567 3112 cruciﬁge
1601 3058 1720 3096 eum
1753 3042 1821 3100 ⁸⁵.

240 3128 309 3185 Ει
339 3131 576 3186 iterum:
612 3130 777 3201 Tolle,
829 3133 952 3189 tolle
1008 3152 1040 3189 a
1090 3144 1230 3190 terra
1275 3135 1578 3204 Itujusmodi
1611 3135 1678 3190 ⁸³.
1718 3133 1826 3190 Do-

1932 653 2229 707 sccundum
2278 649 2621 705 Judaismum
2678 651 2769 705 ﬁat
2817 651 2959 707 [ilius
3003 653 3282 721 gc‘ahennte.
3326 650 3393 707 Et
3428 653 3509 709 sit:

1931 743 2064 799 facit
2093 743 2284 798 Scriba
2315 743 2394 798 vel
2429 741 2741 798 Phariszeus
2773 743 2942 798 ﬁlium
2975 743 3236 814 gehennze
3272 745 3501 801 alterunt

1929 837 2058 907 plus
2083 851 2247 906 quam
2291 853 2370 904 se,
2417 852 2525 892 non
2562 839 2690 907 quia
2729 837 2848 906 ipse
2889 835 3178 906 dupliciter
3220 834 3368 903 facit,
3412 837 3508 892 sed

1930 930 2060 1000 quia
2086 945 2210 986 cum
2264 929 2442 986 factus
2476 930 2640 985 fuerit
2683 931 2870 994 homo,
2899 928 3193 999 dupliciter
3229 928 3374 983 ﬁlius
3415 945 3505 999 ge-

1930 1023 2124 1078 hennae
2155 1039 2250 1094 per
2288 1024 2596 1079 doctrinam
2646 1024 2890 1078 doctoris
2933 1021 3169 1078 efﬁcitur
3202 1039 3216 1075 :
3245 1030 3300 1077 et
3337 1021 3417 1078 sic
3452 1023 3513 1077 ιιι

1931 1114 2024 1170 ille
2057 1116 2150 1186 qui
2185 1116 2394 1182 docuit,
2426 1132 2593 1172 causa
2625 1115 2851 1172 secundi
2884 1115 3091 1172 erroris
3119 1114 3292 1180 illius,
3327 1121 3388 1168 ιιι
3415 1112 3512 1168 ﬁat

1929 1209 2218 1280 dupliciter
2255 1211 2398 1266 ﬁlius
2427 1212 2688 1282 gehennae
2715 1226 2883 1281 supra
2931 1210 3085 1264 illum
3115 1208 3211 1280 qui
3245 1209 3384 1264 male
3412 1208 3511 1264 doc

1930 1302 2045 1356 cuit
2087 1317 2235 1358 eum.
2286 1303 2440 1358 Alius
2471 1315 2654 1358 autem
2696 1302 2830 1358 dicit
2876 1301 2983 1358 alio
3016 1301 3201 1368 modo,
3249 1299 3508 1370 quoniam

1929 1397 2022 1468 qui
2053 1397 2122 1451 ab
2154 1396 2309 1450 initio
2345 1395 2536 1450 nutriti
2571 1405 2698 1451 sunt
2745 1395 2799 1450 in
2835 1395 2952 1466 lege
2990 1393 3184 1466 Moysi,
3227 1394 3341 1462 jam
3382 1399 3512 1447 sunt

1932 1489 2025 1544 ﬁlii
2060 1488 2339 1559 gehennae,
2392 1497 2676 1558 prapterea
2719 1486 2866 1558 quod
2919 1501 3026 1541 non
3070 1484 3425 1542 crediderunt
3456 1484 3511 1538 in

1930 1582 2226 1637 Christum.
2268 1579 2374 1646 Qui
2421 1589 2601 1635 autem
2645 1579 2904 1649 gentilem
2941 1577 3283 1648 reliquerunt
3317 1577 3507 1641 vitam,

1931 1672 2097 1729 semel
2152 1672 2462 1743 iudicantes
2515 1671 2823 1741 relinquere
2871 1670 3237 1725 idololatriam
3287 1668 3342 1722 in
3399 1683 3507 1738 qua

1931 1765 2147 1821 fuerant
2169 1763 2413 1827 enutriti,
2438 1773 2492 1819 et
2507 1762 2984 1835 apprehenderunt
3003 1760 3289 1816 Judaicam
3316 1759 3505 1825 vitam,

1933 1857 2134 1928 duplici
2173 1871 2335 1928 poena
2367 1864 2496 1911 sunt
2523 1855 2695 1925 digni,
2731 1855 2823 1924 qui
2861 1869 2969 1909 non
3001 1869 3126 1909 cum
3152 1851 3512 1922 requisitions

1930 1950 2289 2020 reliquerunt,
2335 1963 2510 2018 neque
2552 1947 2825 2002 discutere
2878 1946 3168 2000 voluerunt
3215 1941 3504 1999 Judaicum

1925 2043 2172 2108 verbum,
2203 2050 2258 2098 et
2284 2043 2462 2112 ipsum
2497 2040 2640 2110 quod
2677 2039 2890 2094 videtur
2922 2036 3152 2092 Judaico
3195 2036 3360 2090 verbo
3383 2049 3508 2090 esse

1925 2143 2240 2207 cognatum,
2292 2134 2343 2188 id
2388 2141 2471 2188 est
2534 2131 2931 2203 professionem
2989 2129 3428 2187 Christianorum
3483 2145 3498 2181 :

1925 2244 2025 2284 nec
2059 2227 2285 2282 scrutati
2308 2236 2433 2282 sunt
2456 2226 2525 2280 ab
2550 2225 2630 2280 eis
2659 2225 2752 2296 qui
2782 2233 3070 2293 utramque
3093 2232 3298 2277 sectam
3328 2219 3534 2284 idonei.
3604 2207 3609 2220 ¹

1925 2328 2054 2376 sunt
2078 2319 2295 2384 docere,
2341 2327 2397 2372 ut
2439 2317 2803 2386 intelligerent
2849 2315 2998 2386 quod
3051 2314 3278 2369 verbum
3324 2312 3508 2366 verius

1924 2421 2070 2468 esset
2100 2421 2154 2467 et
2202 2409 2386 2483 potius
2415 2410 2745 2480 eligendum.
2783 2408 2960 2463 Simul
2993 2407 3257 2462 discimus
3291 2421 3357 2459 ex
3402 2404 3507 2458 hoc

1926 2503 2044 2558 loco
2071 2502 2330 2572 quoniam
2365 2511 2419 2557 et
2449 2516 2638 2556 eorum
2669 2500 2762 2571 qui
2797 2499 2850 2553 in
2887 2497 3133 2570 gebenna
3159 2495 3327 2551 futuri
3356 2503 3508 2560 sunt,

1924 2599 2028 2651 erit
2055 2595 2364 2651 differentia
2389 2605 2813 2656 tormentorum,
2844 2591 3106 2661 quoniam
3131 2589 3266 2643 alter
3286 2585 3504 2657 quidem

1925 2696 2009 2744 est
2024 2687 2344 2758 simpliciter
2363 2687 2507 2741 ﬁlius
2520 2686 2804 2756 gehennae,
2829 2681 2967 2736 alter
2996 2691 3180 2736 autem
3197 2677 3507 2748 dupliciter.

1929 2778 2035 2834 Sed
2079 2789 2134 2834 et
2170 2779 2274 2834 hoc
2316 2779 2501 2832 videre
2543 2783 2780 2846 oportet,
2833 2775 2880 2830 si
2919 2773 3103 2828 adhuc
3142 2768 3513 2825 abundantius

1929 2870 2022 2924 ﬁat
2063 2870 2264 2938 aliquis
2302 2868 2447 2922 ﬁlius
2490 2868 2775 2938 gehennae,
2825 2874 3039 2934 utputa,
3090 2861 3379 2932 tripliciter
3425 2857 3509 2914 vel

1928 2961 2306 3031 multipliciter
2339 2957 2642 3014 secundum
2683 2955 3087 3010 multitudinem
3121 2960 3507 3022 peccatorum;

1926 3063 1979 3107 et
2009 3053 2053 3108 si
2085 3050 2412 3124 generaliter
2443 3059 2528 3104 est
2557 3049 2675 3104 ﬁeri
2725 3047 2964 3118 aliquem
3012 3044 3182 3100 ﬁlium
3223 3043 3504 3115 gehennae,

1928 3155 2116 3216 utputa
2170 3143 2440 3209 Judaeum,
2510 3141 2594 3196 vel
2656 3137 2938 3210 gentilcm,
2985 3146 3080 3192 aut
3127 3134 3506 3205 cujuscunque

239 3232 434 3276 rem"?
463 3232 644 3278 autem
695 3233 749 3279 ει
780 3239 1042 3281 accusare
1057 3241 1204 3291 eum.
1247 3226 1391 3282 Sicut
1421 3235 1550 3281 ιυηο
1597 3241 1817 3282 ³60118³⁸
1851 3253 1893 3310 C
1928 3238 2049 3293 falsi
2082 3235 2354 3308 dogmatis
2383 3231 2751 3304 professorem
2785 3248 2799 3285 :
2843 3237 2939 3284 aut
2987 3236 3040 3284 et
3075 3224 3406 3297 specialiter,
3450 3231 3513 3276 ut

241 3312 374 3367 bant
407 3314 718 3370 sacerdotes
757 3314 950 3382 plebis.
979 3314 1073 3370 Est
1101 3323 1282 3370 autem
1307 3316 1490 3370 videre
1529 3330 1624 3371 eos
1650 3331 1823 3385 usque

242 3420 414 3470 nunc,
473 3422 596 3462 cum
618 3407 897 3477 judicatur
933 3409 1094 3476 latro,
1131 3417 1184 3464 et
1213 3409 1584 3465 testimonium
1614 3409 1707 3465 dat
1731 3426 1824 3465 ve-

240 3495 389 3551 ritati
421 3497 789 3566 Christianus,
833 3500 1082 3556 volentes
1122 3501 1296 3573 magis
1333 3503 1544 3558 absolvi
1584 3503 1826 3558 imitato-

239 3603 356 3643 rem
387 3587 649 3646 Barabbae
670 3607 834 3662 quam
865 3592 1068 3648 Christi
1096 3591 1449 3663 discipulum.
1483 3593 1615 3660 Quae
1637 3595 1822 3649 omnia

240 3699 351 3739 non
386 3684 710 3754 simpliciter
730 3686 938 3743 faciunt
961 3689 1299 3760 proselytum
1339 3689 1510 3743 ﬁlium
1541 3690 1822 3759 gehennae,

236 3778 357 3845 sed,
395 3780 539 3835 sicut
565 3781 830 3851 scriptum
856 3790 961 3849 est,
993 3783 1282 3854 dupliciter
1319 3798 1483 3854 super
1519 3782 1739 3838 Scribas
1771 3793 1824 3838 et

238 3869 548 3928 Pharisaeos
577 3873 671 3944 qui
704 3875 1036 3946 proselytum
1076 3890 1202 3931 eum
1235 3874 1500 3930 fecerunt.
1535 3873 1642 3930 Sed
1681 3874 1824 3930 dicet

238 3963 440 4034 aliquis
470 3965 524 4018 in
585 3967 686 4022 hoc
717 3967 837 4022 loco
867 3987 878 4022 :
907 3966 1195 4034 Quomodo
1248 3966 1550 4038 discipulus
1589 3968 1825 4038 proser-

241 4065 330 4111 tus
351 4057 430 4112 eis
451 4057 544 4126 qui
570 4073 715 4114 nunc
733 4067 862 4114 sunt
885 4058 1091 4115 Scriba:
1115 4069 1169 4115 et
1194 4059 1456 4116 Pharisaei
1483 4043 1822 4115 miserabiles

241 4147 552 4212 constituti,
608 4164 718 4203 non
767 4150 1052 4220 aequaliter
1100 4151 1334 4206 efﬁcitur
1381 4151 1523 4205 ﬁlius
1563 4153 1824 4222 gehennae

238 4235 404 4308 84],
426 4238 742 4294 doctoribus
764 4241 902 4306 suis,
923 4241 1016 4296 sed
1030 4241 1353 4312 dupliciter?
1376 4240 1670 4297 Dicitenim
1685 4259 1823 4313 quo-

240 4330 389 4383 niam
418 4329 650 4386 debebat
683 4331 864 4387 minus
880 4333 993 4388 ﬁeri
1011 4333 1272 4404 gehennae
1290 4335 1432 4391 ﬁlius
1455 4353 1469 4389 :
1487 4345 1581 4390 aut
1596 4335 1642 4390 si
1661 4335 1818 4400 forte,

238 4438 341 4491 pro
364 4422 591 4480 dimidia
623 4435 774 4495 parte
807 4429 856 4480 ei
889 4427 982 4496 qui
1010 4426 1140 4483 fecit
1168 4429 1505 4500 proselytum
1537 4444 1683 4484 eum.
1715 4430 1824 4484 Aut

239 4516 286 4570 si
309 4523 364 4571 et
385 4517 584 4588 aliquis
605 4516 869 4571 concedat
896 4526 953 4571 ut
975 4517 1046 4572 sit
1071 4517 1374 4588 discipulus
1399 4517 1541 4572 sicut
1561 4517 1823 4588 magister

1930 3341 2026 3396 per
2078 3323 2324 3393 singulas
2376 3321 2584 3391 species
2642 3327 2993 3391 peccatorum
3048 3315 3142 3370 ﬁat
3183 3314 3309 3385 quis
3361 3311 3505 3365 ﬁlius

1931 3415 2224 3488 gehennae:
2252 3422 2440 3482 utputa
2465 3413 2560 3482 qui
2588 3409 2910 3474 fornicatur,
2945 3408 3013 3462 sit
3042 3406 3184 3462 ﬁlius
3212 3403 3504 3476 gehennte;

1930 3514 1985 3562 et
2035 3506 2130 3576 qui
2176 3504 2536 3566 adulteratur,
2589 3502 2879 3573 dupliciter
2909 3500 3013 3575 sig;
3065 3511 3117 3554 et
3163 3497 3256 3568 qui
3299 3494 3504 3552 furtum

1933 3601 2080 3664 facit,
2113 3599 2293 3654 adhuc
2339 3597 2648 3668 tripliciter,
2697 3595 2999 3650 secundum
3039 3590 3186 3662 quod
3242 3589 3506 3659 scriptum

1930 3700 2013 3750 est
2036 3691 2078 3723 ⁸⁷
2111 3710 2123 3745 :
2158 3689 2277 3755 Qua
2306 3705 2555 3743 mensura
2591 3687 2758 3740 mensi
2783 3686 3017 3755 fueritis,
3041 3682 3224 3736 eadem
3260 3697 3510 3735 mensura

1933 3782 2177 3836 metiatur
2204 3779 2346 3833 vobis
2365 3795 2384 3843 ;
2439 3785 2499 3832 ιιι
2518 3776 2701 3847 justus
2728 3773 2946 3844 quidem
2983 3769 3283 3826 secundum
3314 3783 3510 3821 nume-

1931 3889 2052 3928 rum
2079 3871 2417 3942 justitiarum
2455 3883 2680 3925 suarum
2713 3872 2980 3934 augeatur
3010 3862 3064 3916 in
3099 3859 3292 3932 gloria,
3319 3872 3514 3928 pecca-

1931 3976 2017 4021 101⁵
2041 3974 2221 4019 autem
2248 3961 2548 4018 secundum
2582 3972 2871 4014 numerum
2907 3961 3253 4025 peccatorum
3285 3965 3510 4005 SUOl'lllll

1897 4058 2324 4134 ‘multiplicetur
2361 4055 2414 4120 in
2457 4053 2728 4125 gehenna.
2775 4047 2906 4115 Quae
2945 4045 3016 4101 sit
3045 4053 3226 4100 autem
3270 4043 3393 4114 haec.
3419 4055 3512 4111 ge-

1931 4152 2132 4216 henna,
2164 4157 2220 4205 et
2261 4148 2317 4202 in
2347 4162 2456 4218 quo
2495 4145 2618 4199 loco
2649 4141 3060 4212 Scripturarum
3105 4136 3258 4207 prius
3295 4145 3378 4189 est
3414 4148 3512 4186 uo-

1931 4243 2158 4308 minata,
2205 4239 2299 4310 qui
2350 4245 2530 4307 potest
2561 4233 2824 4304 requirat,
2858 4228 3096 4284 maxime
3137 4227 3194 4280 in
3241 4223 3514 4280 divisione

1933 4332 2266 4389 haereditatis
2304 4329 2434 4384 Jesu
2481 4327 2574 4382 ﬁlii
2616 4324 2782 4391 Nave,
2844 4321 2936 4376 ubi
2971 4317 3243 4374 interdum
3287 4311 3508 4385 quidem

1931 4426 2235 4497 appellatur
2261 4422 2419 4476 vallis
2465 4419 2590 4474 ﬁlia:
2616 4415 2778 4480 Nom,
2822 4412 3096 4468 interdum
3141 4420 3322 4466 autem
3351 4406 3512 4462 vallis

1930 4515 2082 4571 Enon
2113 4528 2236 4585 qua:
2260 4522 2342 4568 est
2372 4511 2425 4564 in
2452 4511 2722 4580 gehenna.
2749 4505 3009 4562 Gebenna
3041 4503 3187 4558 enim
3216 4509 3301 4556 est
3329 4498 3508 4554 vallis.

235 4606 380 4675 ejus,
434 4606 667 4662 debebat
712 4607 1015 4677 discipulus
1063 4608 1346 4678 aequaliter
1401 4609 1662 4680 magistro
1720 4625 1822 4662 suo
1855 4615 1902 4673 D
1929 4609 1994 4663 Et
2029 4608 2280 4662 observet
2311 4601 2593 4675 quoniam,
2631 4600 2774 4655 sicut
2806 4596 3111 4652 Jerusalem
3145 4608 3264 4648 sors
3290 4599 3373 4646 est
3400 4589 3503 4645 triv

239 4699 359 4753 ﬁeri
389 4699 530 4754 lilius
559 4699 838 4770 gehennze.
869 4700 1120 4754 Arbitror
1139 4715 1268 4769 ergo
1299 4715 1516 4755 omnem
1545 4700 1823 4756 hominem

236 4791 335 4863 qui
367 4806 431 4844 ex
480 4792 893 4846 conversatione
939 4791 1127 4861 gentili
1169 4790 1483 4850 Judaeorum
1521 4790 1699 4850 factus
1739 4800 1826 4850 est

237 4882 573 4953 proselytus,
603 4882 770 4936 ﬁlium
800 4883 1060 4953 gehennae
1078 4883 1246 4939 fuisse
1270 4893 1322 4937 et
1348 4885 1668 4954 priusquam
1702 4900 1826 4955 pro-

237 4975 452 5048 sclytus
500 4974 780 5030 efﬁciatur.
843 4973 1135 5032 Sufﬁciens
1189 4983 1272 5031 est
1316 4976 1463 5030 enim
1513 4976 1676 5031 etiam
1715 4975 1822 5030 vita

240 5066 568 5121 idololatriis
591 5067 802 5122 subdita
831 5065 1010 5123 facere
1035 5067 1312 5122 hominem
1337 5067 1507 5122 ﬁlium
1539 5069 1822 5140 gehenna.

241 5157 433 5213 Talem
467 5174 597 5228 ergo
632 5158 800 5213 lilium
824 5161 1086 5230 gehennae
1115 5161 1289 5217 salvat
1309 5162 1526 5232 quidem
1554 5171 1606 5217 et
1630 5162 1826 5217 liberat

242 5267 340 5320 per
370 5251 643 5306 lavacrum
674 5252 1019 5328 baptismatis
1044 5269 1223 5309 sermo
1249 5253 1464 5310 Domini
1494 5255 1665 5310 nostri
1695 5252 1823 5308 Jesu

237 5343 471 5410 Christi,
503 5345 639 5400 dans
667 5345 714 5400 ei
751 5355 1075 5417 potestatem
1107 5347 1221 5402 ﬁeri
1257 5347 1426 5402 ﬁlium
1461 5347 1576 5414 Dei,
1600 5356 1654 5402 et
1679 5347 1821 5402 viam

236 5435 290 5491 ei
335 5437 631 5493 ostendens
668 5445 730 5492 ut
771 5437 1044 5494 efﬁciatur
1080 5441 1224 5496 ﬁlius
1263 5438 1354 5495 Dei
1391 5439 1571 5495 Patris
1615 5440 1707 5510 qui
1740 5447 1826 5493 est

240 5529 298 5583 'Jn
348 5528 522 5584 caelis.
561 5527 754 5585 Sermo
788 5540 968 5586 autem
999 5529 1310 5588 Judzeorum
1339 5549 1448 5586 non
1484 5531 1821 5588 credentium

237 5621 488 5688 Christo,
521 5639 628 5678 non
663 5626 838 5680 solum
874 5627 1129 5696 gentilem
1166 5642 1273 5682 non
1304 5626 1464 5683 solvit
1491 5643 1519 5680 a
1551 5625 1821 5698 gehenna,

1925 4703 2026 4758 bus
2051 4698 2360 4770 Beniamin,
2388 4704 2443 4751 et
2478 4695 2597 4749 aliae
2631 4692 2881 4764 quaedam
2917 4689 3169 4745 civitates
3197 4686 3382 4741 electa:
3425 4681 3515 4738 vel.

1925 4793 2050 4858 vici,
2085 4795 2166 4848 sic
2203 4799 2258 4844 et
2291 4789 2566 4859 gehenna.
2599 4783 2962 4854 Consequens
2997 4789 3182 4835 autem
3211 4785 3296 4832 est
3323 4775 3372 4831 el
3416 4775 3510 4846 qui

1925 4883 2206 4957 cognoscit
2252 4895 2375 4951 quae
2408 4879 2479 4935 sit
2505 4875 2808 4932 Jerusalem
2841 4874 2895 4926 in
2931 4870 3200 4926 divisione
3228 4881 3371 4922 vera:
3394 4865 3510 4957 ha»

1924 4954 2171 5031 reditatis
2211 4971 2446 5026 ﬁliorum
2480 4966 2668 5032 Israel,
2710 4975 2768 5020 ut
2804 4961 3070 5032 intelligat
3100 4969 3411 5014 sermonem
3441 4954 3509 5009 de

1925 5068 2190 5140 gehenna.
2227 5064 2332 5131 Qui
2385 5071 2567 5117 autem
2611 5058 2740 5129 legit
2781 5056 3070 5125 diligenter
3116 5049 3303 5105 Jesutn
3338 5045 3508 5110 Nave,

1924 5161 2103 5217 videat
2135 5167 2189 5213 et
2234 5156 2327 5227 qui
2359 5155 2464 5209 vici
2508 5152 2824 5209 referuntur
2872 5149 2985 5204 illic
3028 5147 3268 5202 vicinare
3301 5142 3425 5197 valli
3454 5141 3507 5196 ei

1926 5268 2049 5324 qua:
2077 5249 2279 5305 dicitur
2305 5248 2576 5318 gehenna.
2612 5243 2738 5299 Haec
2767 5240 3035 5313 prolixius
3060 5246 3116 5294 et
3159 5231 3510 5290 manifestius

1931 5343 2144 5400 tradere
2176 5355 2271 5411 per
2303 5344 2694 5399 atramentum,
2738 5343 2794 5388 et
2843 5331 3140 5393 calamum,
3174 5337 3228 5382 et
3260 5326 3509 5381 chartam

1927 5439 2105 5494 visum
2149 5433 2284 5490 mihi
2313 5441 2399 5488 est
2441 5446 2550 5486 non
2588 5444 2708 5485 csse
2745 5436 3004 5491 cautum;
3053 5421 3263 5478 ubinam
3297 5427 3352 5473 et
3392 5417 3511 5473 haec

1927 5530 2046 5602 ipsa
2075 5543 2197 5598 quae
2224 5525 2458 5580 dicimus
2487 5537 2597 5576 non
2629 5520 2917 5575 videamur
2950 5523 3155 5572 temere
3187 5519 3241 5566 et
3287 5507 3509 5584 pericu-

1927 5623 2045 5678 lose
2071 5618 2306 5675 dixisse!

294 5825 359 5871 -”
385 5843 460 5896 ιιι,
492 5827 582 5884 52.
657 5829 702 5894 3?
730 5826 891 5888 llcbr.
926 5850 979 5898 ιι,
1017 5833 1064 5887 1.
1143 5833 1187 5864 ⁸³
1215 5833 1403 5893 Matth.
1437 5848 1594 5901 χχιιι,
1636 5832 1717 5887 15.
1785 5831 1826 5863 ⁸⁸

1928 5844 2000 5885 te.
2035 5842 2194 5893 χχιιι,
2225 5822 2306 5878 18.
2384 5817 2428 5850 ⁸⁵
2461 5815 2592 5872 ibid.
2625 5814 2714 5872 2|.
2788 5813 2832 5845 ⁸⁷
2868 5810 3000 5868 Luc.
3026 5808 3215 5882 ,ιιιῦἃ
