4004 6542
515 413 653 471 1623

505 625 707 692 cunque
739 619 1001 689 juraverit
1029 633 1120 686 per
1151 617 1421 686 templum,
1465 617 1599 671 nihil
1633 628 1729 672 est.
1755 619 1860 685 Qui
1904 631 2077 674 autem

501 710 756 782 iuraverit
781 725 871 779 per
891 723 1081 760 aurum
1109 705 1309 776 templi,
1331 707 1498 760 debet.
1525 705 1686 761 Stulti
1712 717 1760 761 et
1777 709 1903 763 caeci
1923 708 1941 760 !
1955 709 2082 779 quid

505 804 644 857 enim
673 802 844 868 majus
876 811 976 865 est,
1006 814 1219 863 aurum,
1249 815 1317 851 an
1343 798 1590 866 templum
1619 798 1757 869 quod
1785 801 2082 870 sanctiﬁcat

508 912 699 950 aurum
725 896 752 948 ?
775 893 842 946 Et
871 893 1164 963 quicunque
1180 890 1443 961 juraverit
1471 909 1562 962 per
1587 891 1779 965 altare,
1805 893 1936 948 nihil
1960 904 2034 948 est
2063 909 2085 946 :

507 989 598 1045 sed
627 987 921 1058 quicunque
950 983 1205 1051 iuraverit
1234 999 1327 1052 per
1373 983 1571 1037 donum
1599 983 1736 1055 quod
1767 1001 1923 1054 super
1951 984 2084 1038 illud

507 1089 608 1142 est,
664 1073 830 1127 debet.
876 1071 1044 1127 Stulti
1100 1081 1148 1125 et
1191 1071 1351 1126 eieci!
1390 1073 1516 1142 quid
1592 1073 1729 1126 enim
1786 1073 1960 1143 majus
2007 1083 2083 1128 est

513 1167 707 1218 donum
746 1181 814 1218 an
864 1162 1034 1217 altare
1063 1163 1202 1233 quod
1223 1164 1522 1232 sanctiﬁcat
1547 1163 1804 1220 domum?
1835 1163 1939 1230 Qui
1963 1182 2084 1237 ergo

506 1257 657 1328 jurat
689 1272 780 1327 per
819 1255 988 1309 altare
1041 1256 1190 1326 iurat
1213 1273 1304 1325 per
1335 1254 1493 1318 illud,
1533 1269 1580 1310 et
1616 1257 1668 1311 in
1703 1259 1940 1311 omnibus
1969 1275 2086 1329 qua

512 1359 632 1403 sunt
662 1365 817 1418 super
840 1347 992 1402 illud.
1021 1346 1089 1400 Et
1113 1347 1369 1416 quijurat
1408 1365 1500 1418 per
1525 1348 1771 1417 templum
1818 1350 1970 1419 jurat
1997 1366 2086 1408 per

511 1443 670 1512 illud,
712 1453 759 1497 et
799 1459 889 1512 per
921 1457 1040 1495 eum
1079 1441 1165 1512 qui
1212 1440 1415 1496 habitat
1444 1441 1500 1494 in
1537 1441 1672 1507 ipso.
1707 1439 1776 1494 Et
1817 1444 1906 1512 qui
1929 1442 2083 1512 jurat

511 1533 832 1606 peremtum,
861 1531 1015 1601 jurat
1043 1546 1134 1599 per
1173 1530 1417 1583 thronum
1459 1529 1577 1596 Dei,
1613 1540 1661 1584 et
1695 1546 1787 1599 per
1827 1532 2085 1584 sedentem

513 1642 670 1695 super
694 1642 811 1678 eum
835 1622 900 1674 ⁸⁸.
924 1620 1025 1675 Per
1041 1622 1143 1676 hoc
1162 1635 1380 1692 quoque
1395 1620 1616 1676 verbum
1636 1621 1959 1675 criminatur
1976 1629 2087 1674 tra-

513 1716 750 1773 ditiones
787 1713 1214 1778 Pharisaeorum,
1247 1712 1402 1782 quasi
1435 1727 1542 1765 non
1580 1720 1776 1766 rectas.
1814 1707 1926 1764 Hoc
1957 1708 2088 1763 facit

513 1819 566 1860 et
600 1807 654 1860 in
684 1821 750 1860 eo
775 1805 894 1859 loco
916 1803 1010 1859 ubi
1038 1804 1307 1874 vituperat
1331 1801 1651 1857 traditiones
1683 1800 2084 1856 Phariszeorum

1698 406 1856 464 OBIG
1869 408 2022 465 ENIS
2059 410 2124 464 IN
2171 409 2584 469 HATTILEUM

578 528 666 585 Π.
717 526 807 581 Va:
844 526 1004 590 vobis,
1054 525 1210 580 duces
1253 541 1533 589 cterorum,
1563 526 1654 596 qui
1694 526 1872 582 dicitis
1904 545 1922 581 :
1953 528 2084 593 Qui-
2118 539 2160 591 Α

3626 423 3765 478 ιεὲι

2265 530 2349 584 l8.
2389 531 2444 585 Si
2467 539 2649 586 autem
2673 539 2888 600 oportet
2909 531 3067 601 quasi
3095 533 3294 590 talibus
3312 534 3593 608 Evangelii
3619 546 3764 612 agris

2185 621 2584 687 absconditum,
2618 631 2671 676 et
2730 635 2836 674 non
2873 636 2903 674 a
2949 623 3365 696 quibuscunque
3395 634 3764 699 comprehen-

2185 714 2399 770 sibilem
2431 728 2652 770 sensum
2688 712 3002 785 Scriptum,
3043 717 3124 774 vel
3158 733 3224 774 ex
3254 729 3406 786 parte
3451 721 3624 776 altius
3668 739 3765 791 pu-

2185 808 2409 875 blicare,
2427 807 2716 864 dicendum
2742 817 2858 864 est:
2887 809 3061 865 Omne
3084 811 3456 878 juramentum
3485 815 3764 884 colligatio

2183 909 2266 956 cst
2297 909 2352 956 et
2387 899 2733 956 conﬁrmatio
2765 901 2912 956 verbi
2958 902 3026 957 de
3051 916 3163 971 quo
3200 901 3436 971 iuratur.
3466 901 3763 960 iuramen-

2183 1002 2298 1046 tum
2328 1006 2456 1062 ergo
2485 1007 2606 1048 esse
2645 991 3046 1062 intelligendum
3081 1002 3166 1048 est
3194 1007 3358 1047 omne
3381 995 3764 1048 testimonium

2188 1082 2593 1151 Scripturauum
2625 1083 2770 1152 quod
2803 1082 3076 1152 profertur
3101 1083 3170 1138 ad
3199 1083 3680 1138 conﬁrmationem
3711 1098 3763 1140 et

2183 1175 2584 1246 colligationem
2631 1177 2801 1232 nostri
2845 1176 2991 1231 verbi
3038 1175 3185 1245 quod
3227 1176 3530 1245 loquimur,
3586 1187 3650 1230 ut
3693 1178 3764 1232 sit

2185 1269 2405 1338 quidem
2438 1268 2695 1338 templum
2739 1268 2926 1340 gloriae
2965 1267 3063 1323 Dei
3093 1269 3277 1324 omnis
3307 1268 3602 1339 Scriptura
3627 1269 3765 1324 divi-

2185 1359 2334 1415 nitus
2360 1359 2643 1430 inspirata,
2682 1373 2875 1414 aurum
2909 1368 3091 1414 autem
3123 1359 3340 1428 positus
3367 1374 3570 1414 sensus
3598 1361 3655 1414 in
3676 1375 3760 1416 ea.

2186 1451 2457 1506 Debemus
2483 1466 2614 1522 ergo
2649 1451 2714 1505 ad
2747 1451 3120 1506 testimonium
3169 1451 3420 1506 omnium
3467 1453 3762 1507 verborum

2185 1557 2308 1612 qua:
2334 1540 2664 1612 proferimus
2696 1542 2751 1596 in
2775 1541 3044 1609 doctrina,
3076 1541 3319 1612 proferre
3362 1557 3594 1597 sensum
3621 1542 3764 1597 Serio

2186 1643 2378 1702 pturte,
2395 1632 2550 1703 quasi
2565 1632 2975 1688 conﬁrmantem
2995 1649 3155 1702 quem
3174 1633 3502 1702 exponimus
3518 1649 3765 1690 sensum.

2189 1720 2340 1776 Sicut
2373 1723 2520 1776 enim
2544 1738 2705 1778 omne
2727 1739 2922 1780 aurum
2951 1724 3095 1794 quod
3127 1723 3290 1780 fuerit
3319 1732 3476 1778 extra
3505 1725 3764 1792 templum

2188 1828 2295 1867 non
2327 1821 2410 1869 est
2439 1813 2864 1878 sanctiﬁcatum,
2903 1816 2984 1870 sic
3009 1815 3190 1870 omnis
3236 1830 3438 1870 sensus
3479 1815 3577 1884 qui
3607 1814 3770 1869 fuerit

517 1899 688 1952 fat-tas
723 1898 984 1952 adversus
1034 1893 1125 1948 Dei
1160 1873 1485 1948 mandatum
1519 1891 1661 1961 quod
1696 1890 1930 1960 positum
1971 1897 2088 1943 erat
2122 1873 2162 1929 Β
2189 1915 2343 1959 ειη-α
2405 1905 2642 1960 divinam
2695 1873 3034 1978 Seriphum
3056 1949 3072 1974 ,
3122 1906 3374 1976 quamvis
3424 1873 3771 1962 αδῇιίηωιίε

515 1994 581 2047 de
615 1992 821 2046 honore
858 1988 1026 2059 patris
1061 1987 1143 2042 vel
1175 1984 1388 2040 matris.
1420 1984 1735 2040 Dieentibus
1755 1982 1898 2038 enim
1941 1980 2087 2036 Pha-

516 2086 688 2140 riszeis
715 2084 760 2116 ”
783 2101 796 2137 :
825 2082 1129 2150 Quicunque
1151 2078 1344 2134 dixerit
1373 2078 1515 2148 patri
1542 2077 1618 2132 vel
1641 2076 1836 2131 matri:
1881 2075 2082 2129 Donum

515 2176 651 2247 quod
672 2191 734 2230 ex
753 2191 852 2240 me,
877 2173 972 2228 tibi
991 2173 1242 2243 proderit,
1269 2189 1368 2226 non
1389 2170 1662 2225 honorabit
1686 2179 1888 2242 patrem
1907 2184 2082 2223 suum.

516 2269 644 2325 Post
670 2284 793 2340 qua
821 2266 970 2321 addit
1001 2275 1056 2322 et
1083 2265 1213 2320 dicit
1243 2265 1292 2296 9"
1318 2283 1331 2319 :
1371 2263 1595 2318 Irritum
1630 2264 1829 2336 fecistis
1861 2264 2087 2316 manda-

517 2373 626 2416 tum
661 2362 778 2426 Dei,
824 2371 879 2414 ut
916 2359 1167 2413 statuatis
1199 2369 1421 2413 vestram
1457 2359 1818 2412 traditionem.
1856 2355 1923 2410 Et
1957 2369 2086 2426 pro-

518 2458 616 2511 fert
652 2455 803 2510 Isaia:
840 2455 1147 2526 exemplum
1192 2452 1380 2508 dicens
1399 2452 1443 2483 ⁹¹
1474 2469 1488 2506 :
1539 2448 1774 2520 Populus
1813 2449 1896 2502 hic
1933 2448 2086 2502 labiis

516 2563 598 2599 me
633 2546 874 2612 honorat,
907 2561 999 2598 cor
1030 2551 1205 2597 autem
1237 2556 1418 2594 eorum
1449 2539 1600 2608 lonqe
1639 2550 1716 2593 est
1759 2555 1792 2592 a
1833 2553 1934 2592 me.
1962 2535 2087 2591 Sine

516 2651 678 2689 causa
706 2644 881 2688 autem
918 2633 1098 2687 colunt
1128 2647 1229 2696 me,
1265 2630 1505 2683 docentes
1545 2627 1815 2680 doctrinas
1854 2635 1902 2680 et
1936 2642 2088 2679 man-

516 2727 644 2780 data
682 2724 974 2778 hominum.
1017 2719 1136 2776 Una
1169 2727 1348 2774 autem
1386 2733 1451 2774 ex
1484 2716 1812 2773 Pharisaicis
1842 2717 2089 2771 traditio-

517 2818 678 2871 nibus
707 2825 824 2872 erat
853 2815 974 2870 talis
1000 2813 1412 2885 dejurantibus,
1453 2811 1713 2880 quoniam
1742 2809 1958 2879 quidem
1990 2825 2085 2878 per

517 2909 775 2976 templum
805 2905 1082 2976 iurabant,
1115 2904 1206 2958 alii
1245 2912 1426 2957 autem
1474 2915 1570 2972 per
1621 2916 1816 2955 aurum
1863 2900 2087 2969 templi;

519 3002 645 3055 item
676 2998 766 3054 alii
803 3013 897 3068 per
927 2997 1114 3059 altare,
1150 2995 1242 3050 alii
1279 3009 1376 3064 per
1404 2993 1610 3048 donum
1658 2992 1880 3058 altaris;
1913 2999 1968 3046 et
2006 2991 2088 3044 di-

517 3096 713 3147 cebant
753 3091 1050 3146 debitorem
1082 3103 1203 3144 esse
1236 3103 1362 3143 eum
1393 3087 1487 3158 qui
1536 3103 1632 3158 per
1661 3101 1856 3141 aurum
1902 3087 2085 3157 templi

514 3184 804 3255 iuraverit,
848 3192 943 3237 aut
990 3197 1084 3252 per
1126 3181 1326 3235 donum
1377 3179 1601 3243 altaris,
1652 3195 1776 3234 eum
1823 3187 1999 3232 autem
2033 3179 2083 3231 in

522 3276 674 3330 nulla
707 3290 764 3328 re
801 3273 1096 3328 obnoxium
1129 3287 1248 3326 esse
1282 3271 1376 3341 qui
1404 3270 1670 3340 iuraverit
1696 3285 1793 3340 per
1825 3271 2086 3339 templum

520 3368 602 3422 vel
632 3381 726 3436 per
759 3365 948 3419 altare.
989 3363 1114 3417 Ideo
1156 3363 1417 3418 adversus
1451 3361 1720 3430 ejusmodi
1769 3361 2088 3416 traditiones

522 3457 750 3525 laqueus
772 3453 971 3509 Judzeis
1007 3453 1276 3519 Salvator,
1310 3461 1360 3506 et
1385 3453 1571 3506 volens
1594 3467 1688 3506 eos
1718 3452 1990 3522 corrigere
2022 3453 2090 3507 ab

521 3546 778 3602 humanis
827 3543 1214 3600 traditionibus
1261 3544 1326 3597 ad
1375 3543 1559 3597 divina
1629 3543 1904 3606 mandata,
1958 3543 2088 3597 dicit

521 3638 779 3710 quoniam
803 3636 932 3693 caici
966 3646 1020 3690 et
1062 3635 1196 3691 fatui
1238 3644 1367 3692 sunt
1396 3635 1488 3707 qui
1527 3635 1654 3690 talia
1702 3635 1942 3699 tradunt,
1978 3651 2088 3690 non

521 3730 765 3785 videntes
785 3729 1044 3800 quoniam
1075 3743 1240 3784 omne
1265 3729 1411 3800 quod
1440 3730 1676 3799 positum
1701 3738 1785 3784 est
1809 3729 1861 3783 in
1891 3729 2092 3800 templo

524 3842 630 3880 non
666 3841 760 3896 per
793 3824 970 3896 ipsum
998 3823 1398 3880 sanctiﬁcatum
1423 3832 1526 3892 est,
1560 3823 1658 3879 sed
1687 3839 1782 3894 per
1805 3824 2086 3894 templum.

525 3917 616 3972 Sic
660 3928 711 3971 et
739 3916 1158 3988 quodpositum
1196 3923 1282 3970 est
1313 3931 1476 3986 super
1508 3915 1700 3978 altare,
1743 3915 1946 3970 donum
1974 3915 2088 3984 jam

523 4003 617 4060 Dei
654 4021 774 4060 esse
807 4004 1087 4076 judicatur
1133 4003 1298 4075 842
1339 4019 1402 4058 ex
1438 4019 1504 4058 eo
1536 4003 1682 4074 quod
1731 4019 1894 4074 super
1923 4003 2091 4058 altare

520 4105 830 4166 susceptum
876 4106 978 4151 est.
1035 4095 1090 4150 Si
1141 4112 1272 4167 ergo
1326 4111 1490 4150 causa
1544 4096 1922 4152 sanctiﬁcandi
1969 4099 2089 4153 auri

519 4187 780 4258 templum
816 4197 923 4252 est,
949 4197 1004 4244 et
1034 4189 1412 4244 sanctillcandi
1434 4188 1563 4243 doni
1587 4189 1780 4254 altare,
1814 4191 2090 4260 quomodo

521 4295 629 4333 non
663 4280 913 4336 videatur
959 4280 1194 4346 fatuum,
1249 4280 1394 4334 hunc
1432 4280 1525 4350 qui
1567 4279 1716 4351 jurat
1758 4296 1854 4351 per
1888 4283 2094 4338 sancti-

520 4372 798 4439 tlcantem,
824 4389 930 4427 non
955 4388 1076 4428 esse
1099 4388 1284 4440 reum;
1318 4372 1410 4442 qui
1439 4381 1621 4428 autem
1651 4388 1744 4442 per
1779 4373 2089 4428 sanctifica-

519 4470 633 4517 tum
663 4463 946 4531 juraverit,
977 4477 1129 4516 reum
1175 4461 1369 4527 videri,
1409 4462 1564 4530 quasi
1605 4462 1801 4518 melius
1838 4463 1908 4518 sit
1945 4464 2088 4535 quod

2190 1995 2438 2050 videatur
2494 1995 2846 2066 quibusdam,
2896 2011 3004 2050 non
3052 2006 3138 2050 est
3184 2007 3434 2059 sanctus,
3481 1997 3616 2065 quia
3661 2012 3767 2051 non

2192 2089 2500 2143 continetur
2533 2103 2564 2143 a
2594 2103 2756 2145 sensu
2785 2087 3100 2159 Scriptura,
3123 2104 3245 2159 qua:
3266 2089 3408 2144 solet
3431 2105 3563 2144 eum
3594 2089 3767 2144 solum

2191 2195 2415 2234 sensum
2467 2181 2810 2236 sanctilicare
2839 2196 3001 2251 quem
3051 2180 3214 2234 habet
3244 2181 3298 2234 in
3338 2195 3420 2245 se,
3454 2182 3604 2234 sicut
3637 2189 3768 2234 tem-

2192 2271 2364 2341 plum,
2391 2271 2669 2342 proprium
2698 2287 2911 2326 aurum.
2946 2269 3067 2326 Non
3091 2285 3224 2340 ergo
3251 2270 3521 2325 debemus
3550 2270 3620 2323 ad
3647 2283 3771 2323 cono

2193 2364 2515 2418 ﬁrmandam
2537 2364 2840 2419 doctrinam
2870 2374 3116 2418 nostram
3143 2371 3362 2417 nostros
3390 2363 3650 2432 pr0prios
3687 2362 3770 2414 in-

2195 2455 2438 2510 tellectus
2465 2454 2674 2524 jurare,
2698 2463 2751 2510 et
2774 2455 2931 2524 quasi
2959 2453 3270 2508 testimonia
3295 2466 3606 2516 assumere,
3630 2465 3769 2520 quos

2194 2547 2572 2617 unusquisque
2606 2557 2854 2602 nostrum
2888 2547 3162 2616 intelligit,
3191 2555 3247 2600 et
3286 2545 3593 2601 secundum
3629 2543 3768 2598 veri-

2193 2649 2357 2696 tatem
2385 2639 2663 2695 existimat
2683 2654 2827 2707 esse,
2851 2639 2905 2693 ni
2933 2637 3233 2694 ostenderit
3253 2653 3350 2692 eos
3373 2646 3602 2693 sanctos
3627 2649 3768 2700 esse,

2193 2749 2260 2788 ex
2289 2747 2354 2788 eo
2381 2733 2530 2802 quod
2561 2733 2614 2786 iu
2652 2731 2950 2802 Scripturis
2975 2731 3326 2786 continentur
3351 2729 3581 2794 divinis,
3613 2728 3768 2798 quasi

2195 2825 2249 2878 in
2277 2823 2491 2892 templis
2513 2822 2838 2893 quibusdam
2863 2821 2978 2877 Dei.
3004 2822 3166 2876 Stulti
3193 2836 3324 2892 ergo
3346 2832 3400 2876 et
3419 2821 3554 2876 caeci
3578 2834 3769 2874 omnes

2193 2912 2286 2982 qui
2310 2927 2414 2967 non
2437 2921 2778 2981 cognoscunt
2806 2912 3069 2982 quoniam
3098 2915 3383 2983 templum,
3412 2911 3467 2966 id
3492 2921 3580 2966 est
3609 2911 3769 2966 lectio

2197 3002 2629 3073 Scripturarum,
2672 3018 2924 3075 magnum
2965 3014 3021 3058 et
3061 3003 3423 3058 venerabilem
3475 3003 3610 3058 facit
3650 3019 3768 3058 sen-

2195 3106 2338 3155 sum,
2372 3091 2513 3143 sicut
2543 3105 2738 3143 aurum
2767 3097 3061 3144 sacratum.
3098 3089 3290 3143 Adhuc
3313 3097 3498 3144 autem
3530 3090 3680 3151 vide,
3703 3103 3769 3143 ne

2197 3178 2334 3233 forte
2369 3175 2669 3234 secundum
2695 3177 3108 3233 similitudinem
3148 3179 3335 3248 templi
3359 3187 3414 3234 et
3441 3179 3566 3234 auri
3607 3178 3768 3248 positi

2195 3269 2248 3322 in
2284 3269 2503 3338 templo,
2556 3268 2857 3339 intelligere
2903 3269 3202 3324 debeamus
3250 3270 3425 3325 altare
3463 3281 3519 3326 et
3563 3271 3766 3325 donum

2193 3360 2337 3431 quod
2369 3361 2604 3430 positum
2647 3369 2730 3415 est
2771 3375 2932 3430 super
2963 3362 3156 3416 altare.
3203 3360 3388 3416 Altare
3425 3375 3583 3432 ergo,
3625 3362 3767 3430 quod

2191 3459 2377 3504 votum
2420 3449 2712 3516 signiﬁcat,
2749 3459 2832 3504 est
2862 3449 3100 3503 hominis
3141 3465 3255 3515 cor,
3292 3451 3439 3520 quod
3471 3451 3768 3521 principale

2192 3540 2424 3595 habetur
2466 3541 2519 3594 iu
2553 3541 2803 3607 homine;
2839 3549 2961 3595 vota
3002 3551 3184 3596 autern
3231 3552 3287 3596 et
3323 3543 3469 3596 dona
3515 3557 3639 3611 quae
3677 3558 3767 3611 po-

2193 3641 2397 3686 nuntur
2419 3648 2580 3702 super
2603 3633 2795 3700 altare,
2818 3649 2978 3688 omne
3000 3633 3143 3703 quod
3176 3633 3569 3704 superponitur
3595 3636 3762 3689 cordi.

2194 3722 2416 3796 Utputa,
2465 3727 2727 3796 pl‘OpOlllS
2767 3741 2952 3793 orare,
2993 3735 3177 3780 votum
3219 3727 3491 3780 orationis
3539 3725 3762 3796 posuisti

2192 3834 2356 3888 super
2385 3834 2481 3874 cor
2530 3828 2705 3884 tuum,
2742 3819 2900 3888 quasi
2955 3832 3120 3886 super
3154 3817 3433 3888 quoddam
3474 3818 3670 3881 altare,
3708 3826 3762 3870 ut

2192 3911 2497 3964 orationem
2521 3909 2717 3964 oll'cras
2763 3909 2894 3963 Deo.
2929 3906 3265 3979 Proposuisti
3297 3909 3554 3977 psallere,
3584 3922 3758 3961 votum

2192 4002 2528 4074 psalmorum
2577 4001 2810 4072 posuisti
2863 4017 3027 4072 super
3070 4017 3164 4055 cor
3200 4013 3377 4065 tuum,
3411 4002 3576 4070 quasi
3608 4017 3762 4068 super

2191 4093 2461 4164 quoddam
2491 4093 2682 4157 altare,
2713 4101 2770 4147 ut
2797 4091 2992 4148 oderas
3026 4091 3135 4144 Deo
3164 4101 3351 4146 votum
3395 4094 3747 4163 psalmorum.

2188 4183 2528 4254 Proposuisti
2567 4185 2946 4256 cleemosynas
2993 4181 3192 4247 facere,
3243 4194 3429 4238 votum
3466 4185 3759 4252 eleemosy-

2191 4293 2384 4330 narum
2419 4276 2646 4346 posuisti
2684 4291 2848 4344 super
2880 4290 2973 4330 cor
3007 4283 3183 4337 tuutn,
3213 4276 3371 4344 quasi
3398 4290 3568 4344 super
3600 4275 3760 4345 quod-

2193 4369 2316 4423 dam
2358 4369 2550 4434 altare,
2589 4377 2647 4422 ut
2676 4375 2860 4422 votum
2890 4370 3361 4436 eieemosynarum
3400 4367 3605 4421 offeras
3635 4365 3756 4418 Deo.

2191 4460 2530 4532 Proposuisti
2575 4461 2845 4531 jejunare,
2873 4470 3059 4515 votum
3099 4459 3292 4532 jejunii
3329 4460 3564 4528 posuisti
3605 4475 3760 4528 super

518 4554 892 4608 sanctiﬁcatur
924 4567 1087 4622 quam
1136 4552 1282 4623 quod
1323 4551 1664 4608 sanctificat?
1709 4553 1787 4608 ita
1826 4555 2084 4625 quoniam
2120 4577 2162 4631 ι)
2193 4571 2288 4610 cor
2314 4565 2489 4620 tuttm,
2522 4553 2679 4624 quasi
2713 4568 2876 4622 super
2901 4553 3172 4622 quoddam
3219 4553 3413 4606 altare.
3446 4551 3763 4607 V'enerab't'e

517 4642 687 4698 Judtei
717 4642 1170 4698 consuetudinem
1201 4641 1404 4696 habent
1431 4651 1483 4696 et
1523 4657 1616 4712 per
1653 4645 1850 4697 cmlum
1875 4645 2084 4714 jurare,

517 4734 945 4804 prmcedentibus
967 4733 1172 4787 addidit
1192 4735 1356 4787 etiam
1386 4734 1486 4788 hoc
1517 4734 1583 4788 ad
1609 4735 2084 4804 reprehensionem

517 4841 708 4879 eorum
731 4815 734 4818 ’
758 4825 850 4895 qui
893 4822 1106 4879 facilius
1133 4825 1392 4894 jurabant
1425 4841 1519 4895 per
1553 4829 1750 4881 cmlum
1787 4844 1953 4895 quam
1991 4845 2087 4900 per

516 4917 685 4973 Deum
765 4916 1024 4987 quoniam
1057 4915 1308 4971 similiter
1340 4917 1789 4972 irrationabiliter
1836 4919 1947 4988 agit
1991 4920 2086 4988 qui

511 5014 658 5082 jurat
687 5028 782 5082 per
806 5011 1026 5072 caelum,
1058 5009 1308 5080 si-cutqui
1333 5010 1481 5078 jurat
1503 5025 1596 5079 per
1621 5009 1877 5080 templum
1905 5011 1988 5065 vel
2020 5013 2090 5066 al-

513 5113 664 5171 tare;
690 5103 948 5174 quoniam
972 5102 1064 5172 qui
1081 5102 1340 5172 juratper
1361 5102 1583 5167 caelum,
1607 5111 1660 5156 et
1686 5116 1781 5171 per
1809 5102 2081 5157 sedentem

514 5207 678 5261 Super
705 5207 832 5246 eum
859 5190 1044 5261 jurare
1074 5192 1283 5246 videtur
1310 5209 1324 5244 ε
1355 5201 1407 5246 et
1436 5207 1568 5254 non,
1596 5191 1734 5246 sicut
1766 5192 2080 5255 arbitratur,

512 5283 691 5336 evadit
717 5282 1018 5352 periculum
1045 5297 1111 5337 ex
1149 5297 1214 5336 eo
1242 5284 1385 5352 quod
1421 5298 1528 5336 non
1573 5299 1668 5353 per
1701 5284 1878 5353 ipsum
1912 5283 2080 5339 Deum

511 5372 682 5442 jurat,
709 5374 800 5427 sed
831 5388 926 5443 per
951 5374 1208 5428 thronum
1241 5373 1355 5428 Dei.
1390 5373 1454 5428 Et
1480 5375 1594 5429 luce
1623 5375 1863 5444 loquitur
1890 5375 1957 5430 ad
1987 5373 2081 5430 1n-

517 5464 685 5527 dazos,
717 5465 1017 5534 prohibens
1060 5465 1309 5522 homines
1358 5465 1760 5522 Phariszeorum
1809 5468 2085 5524 attendere

517 5555 918 5610 traditionibus.
969 5556 1226 5630 Alioquin
1285 5562 1570 5618 manifeste
1626 5563 1874 5632 superius
1917 5563 2086 5618 vetuit

516 5646 740 5701 omnino
769 5647 954 5715 jurarc
981 5649 1048 5704 9'.

594 5824 639 5857 ⁸⁸
688 5822 1054 5892 Maltinnm,
1081 5827 1142 5880 lﬁ
1182 5838 1238 5883 et
1287 5846 1438 5900 seqq.
1516 5831 1560 5863 ⁸⁸
1597 5830 1790 5886 Matth.
1819 5849 1905 5899 xv,
1937 5834 1992 5888 5.
2067 5835 2114 5868 '°
2145 5835 2276 5889 ibid.
2311 5836 2363 5888 6.
2440 5838 2480 5869 "
2509 5836 2638 5890 ibid.
2675 5836 2727 5900 8,
2760 5835 2811 5890 9.

2188 4663 2317 4716 ergo
2347 4655 2401 4699 et
2425 4653 2677 4700 sanctum
2702 4644 2831 4698 facit
2847 4660 3010 4700 omne
3032 4655 3218 4698 votum
3245 4644 3488 4698 hominis
3509 4659 3607 4698 cor
3628 4645 3762 4713 ejus,

2188 4755 2255 4792 ex
2281 4753 2390 4806 quo
2425 4747 2611 4790 votum
2642 4735 2756 4791 Deo
2793 4736 3039 4791 oﬁ‘ertur.
3081 4738 3208 4792 Ideo
3249 4752 3358 4790 non
3388 4745 3571 4806 potest
3599 4737 3763 4790 hono-

2189 4829 2415 4884 rabilius
2464 4843 2586 4882 esse
2634 4841 2816 4884 votum
2866 4845 3030 4898 quam
3077 4844 3174 4884 eor
3229 4829 3474 4884 hominis
3532 4845 3600 4884 ex
3653 4845 3761 4898 quo

2190 4920 2580 4977 transmittitur
2612 4929 2823 4975 votum.
2853 4921 3040 4976 Caecus
3089 4930 3172 4975 est
3219 4935 3352 4990 ergo
3382 4921 3569 4975 omnis
3606 4921 3765 4975 homo

2190 5011 2283 5081 qui
2329 5011 2472 5065 videt
2523 5017 2617 5064 aut
2659 5010 3036 5081 cleemosynas
3085 5010 3320 5080 alicujus
3373 5026 3628 5081 magnas,
3676 5019 3765 5064 aut

2194 5104 2456 5174 psalmos,
2488 5113 2582 5157 aut
2623 5117 2810 5172 preces
2852 5118 3097 5174 magnas,
3131 5112 3224 5157 aut
3262 5103 3497 5172 jejunia,
3546 5112 3602 5158 et
3649 5104 3765 5158 sine

2188 5195 2396 5264 judicio
2442 5196 2714 5250 bcatilicat
2764 5195 2874 5261 illa,
2921 5205 3113 5251 etnon
3147 5196 3458 5251 considerat
3505 5213 3574 5251 ex
3623 5197 3760 5266 quali

2192 5287 2354 5344 corde
2423 5287 2780 5357 eleemosyna:
2850 5287 3174 5354 offeruntur,
3257 5288 3341 5342 vel
3399 5288 3620 5357 psalmi,
3683 5287 3761 5342 vel

2191 5394 2403 5448 preces,
2454 5381 2537 5432 vel
2567 5379 2772 5449 jejunia
2803 5379 3126 5434 offeruntur.
3167 5379 3350 5434 Altare
3395 5390 3478 5434 est
3500 5381 3646 5434 enim
3670 5394 3758 5435 cor

2192 5469 2338 5538 quod
2385 5469 2689 5524 sanctiﬁcat
2729 5478 2913 5524 votum
2959 5470 3076 5540 ejus
3127 5469 3219 5540 qui
3268 5471 3458 5524 mundi
3507 5481 3590 5525 est
3639 5486 3754 5524 cor-

2192 5559 2296 5613 dis.
2363 5558 2419 5613 Si
2479 5561 2624 5616 enitn
2690 5575 2784 5615 cor
2846 5571 2899 5615 ct
2959 5561 3293 5616 conscientia
3351 5563 3590 5616 hominis
3647 5577 3748 5615 non

2193 5650 2530 5722 compungit,
2582 5651 2833 5706 ﬁduciam
2875 5652 3034 5708 habet
3074 5653 3140 5707 ad
3187 5651 3378 5721 Deum,
3409 5670 3516 5708 non
3544 5665 3747 5725 propter

2890 5839 2932 5869 θ’
2971 5835 3167 5892 Matth.
3199 5855 3248 5903 γ,
3281 5836 3370 5894 5t.
