4004 6600
300 443 446 501 ῒεὲδ

1431 438 2084 497 COMMENTARlCliUM
2127 437 2386 492 SERlES.

3426 438 3561 492 16ἓῦ

297 561 445 618 dona
477 573 598 623 sua,
629 573 809 628 neque
834 557 996 613 verba
1029 554 1296 611 orationis
1320 552 1405 610 vel
1433 555 1653 624 psalmi,
1683 570 1870 624 quam-
1906 560 1950 611 Λ
1981 561 2223 605 tortuosa
2255 559 2308 605 ct
2335 549 2578 619 grandia.
2610 547 2919 604 Secundum
2945 552 3044 606 hos
3069 552 3250 624 itaque
3280 567 3560 610 sermones

297 653 384 708 vis
403 651 694 706 videantur
715 649 851 705 bene
865 648 1188 718 composita,
1209 656 1262 702 et
1277 647 1342 702 de
1364 645 1664 716 Scripturis
1684 646 1876 712 electa,

299 743 397 798 sed
435 742 586 812 quia,
615 749 676 796 ut
705 741 777 795 ita
807 740 1009 805 dicam,
1044 739 1213 793 altare
1244 739 1424 794 cordis
1459 739 1543 795 sui
1577 739 1712 792 bene
1747 751 1880 792 con-

295 835 524 890 struxit.
559 833 661 899 Qui
691 846 821 903 ergo
851 840 1040 886 testem
1061 832 1250 891 altare.
1280 831 1332 886 id
1364 840 1448 886 est
1466 847 1559 887 cor
1580 829 1879 901 principale

298 937 353 981 et
398 927 814 989 conscientiam,
862 924 1115 989 assumit,
1146 923 1296 992 jurat
1346 941 1441 994 per
1487 925 1679 984 altare,
1728 940 1879 979 com-

296 1021 542 1090 plectens
570 1018 753 1074 omnia
781 1032 903 1086 qua-
925 1015 1276 1070 continentur
1305 1016 1358 1070 in
1385 1031 1471 1070 eo.
1506 1016 1572 1070 Et
1607 1016 1700 1084 qui
1724 1015 1877 1084 jurat

295 1111 602 1166 secundum
630 1109 772 1180 quod
805 1107 1129 1163 tradidimus
1161 1123 1256 1178 per
1287 1108 1572 1178 templum,
1606 1108 1746 1161 idem
1781 1121 1876 1175 per

295 1199 641 1271 Scripturam
668 1200 855 1268 jurare
881 1197 1116 1263 videtur,
1151 1207 1206 1252 et
1234 1213 1328 1267 per
1357 1199 1584 1253 verbum
1619 1212 1874 1252 sensum—

291 1307 404 1362 que
433 1292 527 1345 Dei
569 1292 662 1361 qui
703 1292 1017 1346 continetur
1067 1291 1122 1345 iu
1156 1305 1240 1346 ea.
1287 1289 1532 1346 Tertium
1569 1299 1748 1344 autem
1790 1295 1874 1342 est

294 1395 356 1438 ut
388 1385 658 1448 dicamus,
687 1383 948 1452 quoniam
983 1398 1148 1453 super
1182 1383 1468 1453 templum,
1508 1381 1563 1436 id
1593 1391 1677 1437 est
1707 1396 1871 1450 super

291 1491 513 1532 omnem
561 1474 923 1544 Scripturam,
959 1485 1013 1532 et.
1043 1490 1206 1546 super
1249 1475 1444 1542 altare,
1485 1473 1539 1527 id
1583 1484 1668 1528 est
1707 1487 1871 1542 super

290 1581 458 1620 omne
483 1581 601 1628 ων,
634 1575 720 1620 est
747 1565 1051 1621 intellectus
1080 1566 1302 1636 quidam
1342 1579 1507 1634 super
1536 1563 1868 1618 intellectum

287 1657 538 1711 omnium
564 1655 994 1726 Scripturarum,
1033 1665 1089 1712 et
1115 1671 1280 1727 super
1311 1671 1474 1712 omne
1505 1669 1621 1719 cor,
1654 1655 1745 1724 qui
1771 1669 1866 1708 su-

287 1762 391 1817 per
433 1763 529 1804 eor
579 1749 816 1802 hominis
857 1748 1100 1803 nondum
1142 1748 1408 1811 ascendit,
1450 1747 1544 1817 qui
1591 1745 1868 1800 moraliter

287 1839 592 1909 appellatur
620 1840 840 1906 celum,
880 1848 934 1893 ct
966 1840 1197 1894 thronus
1217 1840 1329 1908 jam
1359 1853 1468 1893 non
1509 1836 1696 1908 gloria:
1740 1833 1860 1897 Dei,

286 1929 750 2000 quemadmodum
783 1932 1068 2001 templum,
1101 1932 1195 1986 sed
1226 1929 1320 1985 Dei
1345 1930 1540 1999 ipsius.
1575 1927 1858 1996 Templqu

283 2023 434 2077 enim
464 2023 651 2092 gloriae
684 2022 805 2087 Dei,
829 2024 1088 2094 templum
1113 2035 1196 2078 est
1230 2022 1284 2076 in
1314 2035 1424 2091 quo
1455 2035 1548 2090 per
1579 2019 1860 2090 speculum

280 2115 536 2169 videmus
575 2115 628 2168 in
662 2116 950 2185 aenigmate
995 2117 1062 2169 ⁸³.
1096 2115 1307 2171 Caelum
1348 2125 1556 2177 autem,
1586 2115 1731 2182 quod
1779 2119 1864 2166 est

281 2221 452 2276 super
482 2207 738 2276 templum
765 2206 939 2276 ipsius
970 2207 1083 2271 Dei,
1122 2208 1175 2260 in
1203 2222 1314 2276 quo
1346 2207 1576 2260 thronus
1606 2213 1689 2259 est
1730 2201 1847 2264 Dei,

280 2297 340 2353 in
380 2314 492 2368 quo
519 2305 604 2354 est
645 2299 997 2354 considerare
1026 2299 1164 2354 facie
1205 2298 1442 2354 revelata
1480 2311 1606 2353 cum
1651 2296 1861 2351 venerit

281 2390 429 2459 quod
475 2390 774 2460 perfectum
805 2400 911 2454 est,
947 2391 1140 2446 faciem
1186 2389 1572 2462 mysteriorum
1615 2388 1860 2442 veritatis

279 2480 586 2536 sedentium
615 2481 668 2535 in
705 2481 1016 2550 hujusmodi
1045 2481 1203 2535 coelo.

350 2568 440 2624 i9.
480 2569 569 2625 Vae
596 2571 761 2636 vobis,
789 2569 990 2626 Scriba:
1027 2581 1075 2625 et
1119 2569 1382 2626 Pltariswi
1423 2569 1730 2640 hypocritw,
1764 2570 1857 2641 qui

277 2663 555 2717 decimatis
604 2665 891 2729 mentitam,
945 2674 996 2718 et
1044 2665 1312 2730 anet/tum,
1364 2676 1415 2721 et
1467 2669 1767 2737 cyminum;
1806 2680 1855 2724 et

278 2755 578 2825 relinquitis
616 2773 733 2826 qua
793 2759 1040 2827 graviora
1090 2768 1211 2811 sunt
1261 2757 1413 2828 legis,
1466 2760 1758 2830 judicium,
1803 2773 1853 2816 et

277 2848 720 2912 miscricordiam,
740 2858 789 2902 ct
815 2850 994 2919 ﬁdem.
1033 2847 1162 2902 Ilu'c
1189 2859 1367 2904 autem
1397 2853 1626 2920 oportuit
1658 2853 1852 2921 facere,

272 2949 328 2993 ct
360 2938 455 2993 illa
481 2956 584 2993 non
620 2941 877 2995 omittere.
917 2942 1085 2996 Duces
1125 2943 1272 3008 ca'ci,
1311 2942 1574 3010 liquautes
1612 2947 1850 3012 culicem,

273 3030 536 3086 cameium
569 3043 747 3086 autem
780 3033 1062 3103 glutieutes
1088 3035 1154 3088 9‘.
1195 3033 1294 3090 llic
1325 3051 1506 3090 sermo
1545 3047 1853 3107 opportuno

273 3131 522 3193 tempore
548 3134 633 3180 est
664 3126 925 3181 dicendus
955 3127 1035 3182 eis
1064 3128 1156 3196 qui
1187 3128 1332 3182 circa
1363 3145 1450 3184 res
1482 3130 1740 3185 minimas
1769 3149 1853 3186 re-

1983 644 2162 697 omnis
2193 644 2354 698 homo
2383 643 2474 712 qui
2508 641 2709 695 omittit
2734 643 2983 712 graviora
3017 644 3171 714 legis,
3208 645 3443 700 maxime
3468 646 3559 714 ju-

1980 736 2206 804 dicium,
2234 747 2288 792 et
2317 735 2771 798 misericordiam,
2817 745 2864 790 et
2900 736 3090 802 ﬁdem,
3137 739 3402 792 camelqu
3439 738 3558 809 glu—

1981 829 2062 884 tit.
2097 827 2213 883 Non
2242 829 2418 884 solum
2451 839 2630 884 autem
2666 828 2809 902 apud
2838 827 3078 891 Judmos,
3111 829 3203 883 sed
3228 830 3388 884 etiam
3413 833 3554 899 apud

1981 936 2101 986 nos,
2126 921 2326 976 multos
2347 931 2429 975 est
2454 919 2698 976 invenire
2731 930 2948 990 peccata
2985 920 3296 989 hujusmodi
3324 938 3554 991 peccan-

1980 1012 2448 1081 tes,etglutientcs
2479 1013 2809 1075 camelos,in
2832 1027 2898 1066 eo
2918 1014 3062 1082 quod
3094 1015 3329 1068 maxima
3358 1015 3552 1069 delicta

1975 1104 2352 1172 committunt;
2375 1115 2429 1159 et
2451 1114 2662 1175 oportet
2687 1105 3000 1173 lmjusmodi
3027 1105 3274 1160 homines
3298 1105 3552 1174 frequen-

1977 1205 2056 1250 ter
2089 1196 2434 1252 considerare
2467 1197 2743 1266 quomodo
2782 1197 2834 1250 in
2873 1195 3034 1251 rebus
3063 1196 3304 1250 minimis
3336 1196 3552 1265 religio-

1974 1303 2096 1342 nem
2129 1303 2284 1343 suam
2320 1289 2625 1342 ostendant.
2654 1286 2722 1341 Et
2753 1286 2888 1341 bene
2912 1302 3006 1342 eos
3031 1287 3340 1358 hypocritas
3370 1287 3552 1356 appel-

1972 1380 2068 1436 lat.
2103 1378 2360 1436 Volentes
2397 1381 2541 1435 enim
2596 1381 3000 1451 religiositatem
3051 1381 3332 1450 acquirere
3365 1397 3548 1436 coram

1973 1471 2324 1539 hominibus,
2369 1464 2561 1528 uolunt
2625 1473 2902 1544 Suscipere
2951 1472 3357 1544 religiositatem
3399 1473 3547 1526 illam

1968 1578 2132 1632 quam
2183 1562 2326 1618 Deus
2346 1563 2683 1633 justiticavit.
2721 1561 3010 1635 Fugiendae
3055 1571 3183 1616 sunt
3221 1576 3350 1631 ergo
3392 1561 3549 1615 nobis

1971 1654 2281 1710 Scribarum
2301 1665 2355 1710 et
2377 1653 2774 1710 Pharisaeorum
2805 1653 3182 1710 simulationes
3210 1653 3548 1722 hujusmodi,

1967 1764 2036 1801 ne
2061 1763 2138 1801 ναξ
2167 1746 2298 1800 illud
2328 1746 2494 1800 etiam
2521 1745 2678 1800 nobis
2705 1745 2986 1815 contingat
3012 1744 3468 1815 quemadmodum
3493 1750 3547 1797 et

1968 1839 2094 1893 illis.

2036 1929 2127 1985 20.
2161 1927 2428 1984 Existimo
2453 1938 2635 1983 autem
2663 1942 2854 1984 omnes
2879 1927 3159 1984 moraliter
3191 1927 3411 1983 Set-ibas
3455 1929 3541 1982 di-

1965 2021 2036 2084 ci,
2058 2021 2149 2091 qui
2181 2021 2416 2091 amplius
2448 2021 2583 2074 nihil
2607 2019 2926 2074 existimant
2950 2021 3186 2088 positum
3216 2021 3268 2074 in
3298 2019 3537 2089 Scriptu-

1966 2113 2041 2167 ris
2073 2128 2235 2182 quam
2268 2113 2497 2182 simplex
2524 2126 2705 2168 sermo
2733 2111 3029 2182 Scriptura:
3053 2113 3413 2177 demonstrat,
3446 2113 3540 2166 sed

1962 2205 2140 2259 adhuc
2179 2213 2536 2260 contemnunt
2569 2220 2663 2260 eos
2711 2205 2802 2274 qui
2851 2214 3164 2258 scrutantur
3197 2205 3541 2260 altitudinem

1963 2295 2078 2352 Dei.
2118 2295 2379 2352 Similiter
2419 2297 2682 2353 Pharisaei
2724 2305 2854 2352 sunt
2885 2312 3075 2351 omnes
3106 2298 3198 2365 qui
3236 2297 3542 2366 justiﬁeaut

1960 2390 2281 2459 semetipsos
2301 2398 2356 2445 ct
2377 2389 2629 2444 dividunt
2659 2405 2716 2446 se
2743 2407 2774 2445 a
2801 2391 3032 2454 caeteris,
3074 2389 3312 2444 dicentes
3353 2409 3366 2445 :
3417 2389 3537 2445 Noli

1959 2481 2095 2535 mihi
2121 2481 2464 2550 appropiare,
2491 2483 2749 2550 quoniam
2780 2484 3017 2538 mundus
3069 2498 3213 2538 sum.
3263 2481 3538 2551 Interpre-

1958 2580 2145 2627 tantur
2184 2582 2366 2630 autent
2405 2572 2670 2629 Pharisaei
2717 2573 3017 2629 secundum
3061 2589 3258 2628 nomen
3309 2573 3534 2639 Phares,

1955 2663 2132 2730 divisi,
2177 2665 2271 2733 qui
2321 2679 2380 2718 se
2435 2665 2586 2734 ipsos
2624 2681 2654 2719 a
2710 2667 2920 2721 caeteris
2960 2666 3282 2722 diviserunt.
3331 2666 3537 2722 Phares

1955 2763 2136 2809 autem
2186 2755 2384 2812 dicitur
2431 2755 2694 2812 liebrait-a
2743 2758 2927 2830 lingua
2990 2760 3203 2814 divisio.
3253 2758 3309 2814 Si
3353 2769 3536 2813 autem

1955 2852 2166 2912 oportet
2196 2844 2250 2898 in
2279 2845 2546 2914 ejusmodi
2573 2846 2849 2920 Evangelii
2871 2849 3057 2906 verbis
3077 2851 3243 2906 etiam
3269 2852 3532 2906 moralem

1953 2950 2234 2992 assumere
2259 2938 2618 3005 intellectum,
2657 2941 2940 2995 sciendum
2967 2952 3049 2996 est
3080 2944 3341 3011 quoniam
3387 2944 3535 2998 sicut

1953 3027 2194 3093 mentlta,
2240 3037 2297 3083 et
2344 3032 2626 3096 anethum,
2668 3040 2722 3085 et
2775 3031 3050 3101 cyminum
3103 3033 3348 3088 ciborum
3407 3043 3536 3089 sunt

1953 3119 2266 3184 conditura,
2295 3135 2402 3175 non
2433 3122 2537 3191 ipsi
2572 3122 2899 3191 principales
2921 3123 3050 3188 cibi.
3082 3125 3163 3180 sie
3196 3126 3252 3182 in
3298 3139 3532 3180 conver-

235 3291 238 3294 ῃ
271 3214 532 3287 ligionem
558 3219 859 3273 ostendunt
888 3219 954 3273 ad
989 3217 1177 3286 Deum,
1217 3222 1365 3275 circa
1396 3236 1482 3276 res
1516 3231 1697 3278 autem
1729 3240 1848 3278 ma-

1955 3212 2258 3268 sationibus
2285 3215 2491 3269 nostris
2514 3215 2760 3284 quaedam
2797 3215 3018 3284 quidem
3054 3225 3182 3272 sunt
3208 3217 3531 3288 principalia

271 3324 410 3377 guas
436 3317 490 3363 et
513 3310 852 3365 necessarias
873 3322 1230 3366 contemnunt
1253 3313 1573 3368 mandatum
1599 3325 1652 3370 et
1679 3313 1846 3371 Deum

270 3400 454 3469 ipsum
477 3401 570 3469 qui
587 3416 650 3456 ea
673 3403 968 3456 mandavit.
993 3401 1142 3458 Talia
1165 3415 1218 3457 ct
1233 3404 1373 3474 apud
1391 3403 1609 3461 Judteos
1627 3406 1846 3472 ﬁebant,

268 3495 368 3563 qui
390 3493 797 3548 arbitrabantur
821 3509 878 3549 se
901 3496 1070 3564 legem
1095 3493 1264 3566 Moysi
1288 3510 1527 3563 servare,
1551 3499 1644 3568 qui
1670 3500 1851 3568 praeci-

268 3584 427 3655 pitex
448 3585 703 3639 omnibus
719 3584 988 3640 fructibus
1005 3584 1244 3641 decimas
1255 3585 1385 3641 dare
1402 3587 1600 3642 Levitis
1612 3599 1850 3646 etsacer-

269 3672 512 3727 dotibus.
544 3672 728 3743 Itaque
747 3676 1005 3744 quoniam
1031 3676 1190 3731 facile
1215 3686 1334 3731 erat
1355 3677 1580 3747 implere
1599 3681 1768 3750 legem
1792 3682 1845 3736 in

267 3763 436 3834 843
467 3764 729 3830 minimis,
763 3769 1038 3821 mentham
1071 3767 1326 3838 quidem,
1359 3778 1414 3823 et
1455 3771 1714 3825 anethum
1741 3812 1756 3837 ,
1790 3783 1846 3826 et

268 3857 547 3926 cyminum
577 3857 940 3922 decimabant,
974 3867 1029 3914 et
1058 3860 1264 3927 omnia,
1296 3869 1356 3915 ut
1384 3862 1457 3916 ita
1499 3863 1698 3929 dicam,
1740 3867 1843 3919 mi-

267 3946 440 4012 nima,
462 3956 522 4000 et
547 3962 670 4017 quae
695 3947 834 4002 levia
864 3959 1022 4004 erant
1051 3949 1186 4020 legis
1209 3989 1225 4013 ,
1276 3953 1458 4022 gravia
1498 3962 1676 4008 autem
1729 3955 1846 4025 ejus

264 4051 380 4091 non
405 4039 790 4105 observabant,
815 4041 866 4096 id
889 4049 973 4096 est
997 4042 1286 4113 judicium,
1316 4053 1371 4098 et
1390 4045 1842 4112 misericordiam,

262 4142 320 4185 et
350 4131 531 4186 ﬁdem.
560 4131 834 4188 Iudicium
867 4135 1112 4204 quidem,
1165 4145 1226 4190 ut
1273 4139 1652 4209 unusquisque
1693 4140 1844 4210 justo

258 4222 469 4292 judicio
501 4225 568 4278 de
599 4226 855 4280 omnibus
883 4226 1184 4296 judicaret,
1233 4244 1344 4284 non
1387 4236 1452 4284 de
1491 4232 1840 4301 quibusdam,

260 4325 319 4369 et
363 4318 733 4386 acquiesceret
757 4319 805 4373 ei
833 4320 929 4389 qui
958 4320 1093 4374 dixit
1114 4322 1160 4353 9'
1197 4339 1209 4375 :
1255 4321 1674 4377 Misericordiam
1706 4326 1840 4392 volo,

252 4421 423 4475 quam
447 4408 794 4477 sacriﬁcium;
825 4419 885 4464 ut
903 4411 1172 4466 sacriﬁcia
1206 4413 1705 4470 misericordiarum
1735 4416 1843 4473 Deo

262 4495 504 4561 oﬂerret,
533 4507 592 4551 ut
618 4498 919 4555 discutiens
952 4514 1016 4554 ea
1040 4516 1163 4571 qua:
1193 4501 1318 4556 ﬁdei
1351 4513 1499 4569 sunt,
1527 4515 1670 4560 esset
1706 4506 1840 4561 ﬁde-

1952 3313 2006 3356 et
2030 3305 2339 3360 necessaria
2369 3306 2437 3360 ad
2478 3307 2916 3373 iustiﬁcatiouem
2956 3309 3262 3366 animarum
3313 3323 3531 3368 nostra-

1950 3410 2093 3459 rum,
2127 3397 2310 3466 qualia
2339 3410 2466 3452 sunt
2493 3398 2606 3455 haec
2637 3400 2819 3468 gravia
2846 3401 3000 3471 legis,
3022 3403 3313 3470 judicium,
3342 3413 3397 3458 et
3427 3405 3532 3458 mi-

1950 3488 2266 3554 Serieordia,
2320 3498 2373 3544 et
2418 3489 2572 3546 ﬁdes.
2631 3491 2751 3546 Alia
2790 3503 2969 3547 autem
3011 3496 3169 3564 quasi
3223 3497 3528 3552 coudieutia

1949 3590 2105 3635 actus
2134 3589 2372 3647 nostros,
2409 3591 2463 3636 et
2500 3584 2937 3640 commendantia
2983 3601 3113 3653 eos,
3159 3596 3215 3643 et
3248 3590 3530 3644 suaviores

1947 3686 2042 3728 eos
2078 3671 2355 3740 facientia,
2389 3683 2578 3745 utputa
2613 3677 2939 3733 abstinentia
3005 3679 3152 3736 risus
3177 3719 3194 3747 ,
3233 3681 3526 3751 jejunium,

1947 3764 2110 3820 ﬁexio
2139 3783 2377 3837 genuum
2405 3807 2420 3832 ,
2466 3771 2778 3838 permansio
2806 3771 2858 3824 in
2908 3772 3152 3827 collectis
3175 3812 3190 3836 ,
3233 3775 3529 3829 assiduitas

1947 3858 2481 3924 communicationis,
2516 3869 2570 3916 et
2593 3861 2699 3916 alia
2731 3861 2816 3916 his
2844 3861 3064 3925 similia,
3096 3880 3218 3932 qua:
3253 3881 3359 3919 non
3393 3866 3526 3934 ipsa:

1943 3947 2168 4017 justitite
2193 3957 2341 4012 sunt,
2379 3951 2473 4005 sed
2509 3953 2810 4008 conditurae
2841 3953 3180 4022 justitiarum
3231 3956 3519 4012 habentur.

1948 4043 2057 4096 Res
2080 4052 2260 4098 autem
2283 4043 2555 4112 spiritales
2582 4061 2702 4114 qua:
2725 4060 2754 4098 a
2787 4047 3095 4116 semetipsis
3119 4047 3350 4118 justitize
3372 4060 3522 4114 sunt,

1946 4134 2515 4206 dicunturjudicium,
2548 4145 2603 4192 et
2629 4136 3028 4205 misericordia,
3059 4149 3113 4194 et
3145 4139 3300 4195 ﬁdes.
3345 4140 3526 4212 Turpe

1945 4236 2029 4282 est
2055 4243 2186 4299 ergo
2217 4230 2270 4283 in
2307 4229 2375 4285 iis
2419 4229 2664 4286 minimis
2709 4230 3034 4297 observare,
3077 4235 3221 4302 quod
3262 4245 3344 4289 cst
3378 4235 3526 4290 deci-

1946 4333 2096 4372 mare
2139 4335 2153 4383 ;
2201 4333 2383 4372 rerum
2414 4325 2596 4374 autem
2643 4320 3075 4376 necessariarum
3115 4325 3524 4380 observationes

1945 4424 2050 4464 non
2080 4408 2274 4464 oﬁerte
2303 4409 2432 4476 Deo,
2464 4411 2516 4464 id
2563 4420 2649 4467 est
2708 4425 2816 4465 non
2861 4412 3150 4469 decimare.
3196 4415 3300 4481 Qui
3342 4425 3520 4472 autem

1946 4500 2060 4555 haec
2088 4509 2254 4570 agunt
2284 4511 2340 4556 et
2367 4501 2587 4568 docent,
2620 4503 2764 4558 sicut
2806 4511 2860 4558 et
2903 4504 3132 4573 priores,
3172 4505 3338 4561 duces
3391 4517 3522 4562 sunt

258 4584 348 4639 lis.
380 4584 481 4640 Sed
510 4588 771 4656 quoniam
803 4589 1133 4645 conveniens
1164 4597 1282 4645 erat
1311 4599 1371 4645 ut
1392 4591 1678 4648 audientes
1716 4598 1832 4665 qui-
1866 4585 1912 4643 D
1940 4593 2087 4648 caeci.
2113 4591 2397 4660 Quomodo
2423 4604 2605 4651 autem
2642 4612 2750 4652 non
2781 4596 3161 4654 existimentur
3189 4600 3340 4665 caeci,
3379 4616 3521 4670 quos

255 4676 388 4731 dam
409 4677 475 4732 de
499 4678 836 4734 decimandis
859 4679 1022 4735 rebus
1045 4681 1285 4736 minimis
1309 4681 1600 4737 Dominum
1627 4684 1729 4739 ista
1755 4685 1834 4740 lo-

255 4778 539 4838 quentem,
573 4780 987 4827 contemnerent
1013 4773 1363 4827 minimarum
1393 4789 1572 4828 rerum
1595 4775 1836 4830 decima-

253 4860 484 4925 tionem,
519 4862 793 4931 sapienter
820 4863 1027 4918 addidit
1057 4861 1320 4916 Dominus
1345 4863 1534 4918 dicens
1562 4883 1574 4918 :
1616 4864 1682 4918 Et
1721 4866 1832 4921 Itazc

253 4952 488 5018 oportuit
512 4953 706 5021 facere,
742 4953 846 5008 hoc
876 4963 960 5009 est
979 4953 1269 5023 judicium,
1301 4963 1356 5008 et
1379 4954 1832 5024 misericordiam,

251 5055 306 5102 et
329 5045 588 5111 ﬁdem;et
625 5046 721 5100 illa
746 5062 850 5100 non
877 5045 1149 5108 omittere,
1195 5045 1247 5099 id
1288 5053 1372 5099 est
1415 5046 1830 5104 decimatiouem

251 5141 509 5207 menthaz,
538 5151 597 5195 et
627 5140 835 5206 anethi,
861 5148 916 5194 et
945 5138 1168 5211 cymini.
1196 5136 1260 5192 Et
1288 5137 1422 5194 dicit
1449 5155 1544 5196 eos
1579 5141 1671 5211 qui
1702 5143 1828 5198 talia

250 5240 423 5301 agunt
454 5230 675 5286 Scribas
703 5240 759 5287 et
789 5231 1116 5295 Pharisteos,
1145 5230 1238 5301 qui
1270 5230 1530 5286 omittunt
1574 5235 1829 5304 graviora

251 5324 408 5393 legis,
443 5335 496 5378 et
525 5325 800 5379 deeimant
828 5324 1260 5393 coutemptibilia‘
1302 5326 1575 5380 fructuum
1599 5365 1614 5389 ,
1662 5327 1830 5382 duces

249 5431 372 5469 esse
398 5430 594 5471 caecos.
625 5415 692 5470 Et
715 5417 993 5486 sapienter
1019 5417 1150 5472 dicit
1179 5434 1274 5474 eos
1307 5420 1440 5473 tales
1482 5419 1691 5489 liquare
1714 5459 1728 5482 ,
1771 5419 1824 5474 id

249 5516 331 5559 est
379 5507 649 5575 expellere
681 5523 712 5561 a
743 5523 803 5561 se
838 5508 1064 5563 minima
1089 5509 1309 5576 delicta,
1346 5527 1467 5581 qua:
1493 5510 1695 5565 culices
1720 5525 1822 5566 uo—

247 5599 474 5654 minavit
501 5617 516 5667 ;
545 5600 740 5671 glutire
767 5610 970 5664 autem,
1004 5601 1057 5657 id
1083 5610 1165 5657 est
1222 5604 1555 5660 committere
1587 5605 1824 5660 maxima

246 5689 466 5755 delicta,
499 5706 620 5759 quae
653 5691 952 5747 nominavit
979 5693 1240 5762 camelos,
1272 5696 1531 5751 animalia
1580 5696 1826 5752 videlicet

314 5866 361 5897 ’³
392 5867 406 5919 l
433 5865 557 5922 Cor.
583 5883 699 5934 xm,
731 5869 811 5924 19..
858 5871 903 5901 "
926 5870 1110 5925 Matth.
1137 5885 1294 5940 xxttt,
1321 5871 1392 5926 25
1411 5881 1464 5927 et
1487 5888 1639 5944 seqq.

1938 4685 2068 4740 latet
2096 4685 2414 4756 magnitudo
2449 4695 2506 4741 et
2549 4675 2872 4747 tortuositas
2915 4691 3281 4756 camelorum,
3319 4692 3372 4746 id
3423 4702 3515 4747 est

1935 4788 2154 4846 actuum
2183 4794 2585 4849 perversorum,
2609 4799 2712 4839 nec
2738 4784 2923 4840 vident
2948 4786 3206 4854 quoniam
3232 4785 3366 4839 nihil
3393 4801 3522 4856 pro-

1933 4870 2053 4926 dest
2087 4872 2297 4942 liquare
2331 4882 2387 4929 et
2427 4885 2648 4932 cautum
2685 4893 2807 4933 esse
2855 4879 3224 4934 diseussorem
3259 4879 3312 4932 in
3357 4879 3519 4934 rebus

1943 4963 2213 5030 minimis,
2263 4982 2388 5022 cum
2422 4970 2740 5040 principalia
2767 4982 2822 5026 et
2865 4988 2990 5027 vere
3034 4973 3102 5027 ad
3153 4971 3378 5040 gloriam
3422 4968 3517 5025 Dei

1941 5055 2264 5124 pertinentia
2293 5058 2672 5128 negligantur?
2711 5061 2981 5126 Quoniam
3015 5077 3144 5131 ergo
3188 5061 3342 5114 tnulti
3389 5069 3520 5116 sunt

1938 5154 1987 5200 et
2027 5146 2079 5200 in
2111 5147 2270 5202 nobis
2308 5149 2402 5216 qui
2434 5151 2579 5205 circa
2614 5167 2701 5205 res
2733 5153 2876 5208 leves
2919 5163 3076 5208 caute
3109 5153 3286 5205 vivere
3328 5150 3519 5205 exi-sti-

1936 5247 2196 5302 mautur,
2237 5239 2384 5294 circa
2431 5257 2520 5294 res
2555 5252 2737 5296 autem
2779 5244 3119 5299 necessarias
3159 5250 3518 5298 contemnunt

1936 5329 2144 5398 seipsos
2169 5371 2184 5396 ,
2229 5331 2548 5400 hujusmodi
2585 5335 2838 5390 homines
2877 5351 3057 5391 sermo
3099 5351 3339 5404 praesens
3379 5349 3513 5388 cou-

1934 5420 2131 5485 fundit,
2168 5437 2275 5476 non
2307 5424 2527 5494 quidem
2563 5427 2700 5481 levia
2729 5427 2819 5481 illa
2849 5428 3148 5498 prohibens
3190 5428 3506 5491 observare,

1930 5514 2026 5567 sed
2053 5514 2377 5586 principalia
2405 5526 2459 5572 et
2507 5519 2682 5588 magis
2719 5521 2976 5575 salutaria
3008 5520 3329 5591 praacipiens
3379 5535 3511 5575 cauu-

1933 5604 2040 5660 tius
2065 5606 2355 5662 custodire.
2391 5607 2586 5664 Omnia
2627 5627 2758 5682 ergo
2788 5613 2978 5684 liquat,
3013 5615 3106 5684 qui
3155 5615 3209 5668 in
3252 5615 3508 5671 omnibus

1929 5710 2268 5768 quaecunque
2293 5698 2422 5770 agit,
2451 5699 2530 5755 vel
2565 5700 2822 5772 loquitur,
2865 5704 2946 5760 vel
2989 5705 3216 5773 cogitat,
3264 5717 3509 5777 segregat

1719 5874 1762 5906 ’³³
1797 5873 1935 5929 Osce
1988 5890 2062 5941 γι,
2093 5875 2145 5929 6.
