4004 6558
486 425 618 481 ΙΘΞἹ

1676 377 2000 481 ORlGENlS
2041 423 2106 479 IN
2147 421 2560 479 MATTIIIEUM

3601 425 3750 480 1628

482 543 628 616 quod
653 550 737 598 est
759 542 1037 598 sordidum
1071 551 1124 597 et
1154 551 1448 608 terrenum,
1483 551 1537 597 et
1577 557 1683 595 non
1730 540 1929 596 divinis
1973 555 2059 594 ra-
2088 548 2135 600 Α
2229 539 2318 593 22.
2357 538 2413 592 Si
2451 545 2664 608 oportet
2689 546 2869 592 autem
2900 534 3081 591 omnia
3110 535 3166 590 in
3195 536 3544 593 sermonibus
3572 555 3750 594 evan-

487 637 730 692 tionibus
761 637 1106 701 adornatum,
1139 636 1208 690 ab
1238 635 1322 690 his
1344 651 1465 705 qua:
1499 643 1691 688 natura
1723 634 1901 688 lucida
1926 640 2055 687 sunt

484 737 540 783 ct
567 727 800 790 sincera,
835 735 889 779 et
919 726 1089 794 justa,
1123 724 1421 779 secundum
1467 739 1591 778 eum
1634 723 1729 793 qui
1772 723 1929 777 docet
1955 721 2003 752 “
2041 738 2054 775 :

489 817 798 887 Epulemur,
826 833 927 869 non
951 818 1004 869 in
1039 819 1290 886 [ermento
1316 816 1538 870 malitia
1565 824 1613 870 et
1655 815 1924 885 nequititc,
1967 814 2056 868 sed

488 911 544 964 in
563 909 766 978 azymis
803 908 1124 961 sinceritatis
1175 916 1223 960 et
1274 908 1528 962 veritatis.
1585 905 1832 960 Invenies
1874 913 2056 960 autem

487 1000 691 1054 multos
715 999 807 1069 qui
837 1000 1058 1054 credere
1085 999 1488 1064 existimantur,
1529 1013 1638 1052 non
1685 997 1919 1067 liquatos
1944 1012 2059 1052 ser-

487 1107 704 1158 mones,
730 1100 784 1144 et
810 1101 984 1154 actus,
1015 1100 1069 1145 et
1101 1091 1455 1160 cogitationes
1491 1091 1773 1146 habentes.
1799 1089 2059 1158 Propter-

489 1199 551 1238 ea
583 1183 725 1238 sicut
782 1182 964 1236 fenum
999 1183 1234 1236 carnalia
1259 1197 1447 1236 eorum
1476 1187 1597 1236 aeta
1629 1180 1770 1251 ignis
1790 1180 2058 1245 comedet,

487 1275 743 1331 crucians
774 1274 940 1329 etiam
967 1273 1205 1326 animam
1233 1273 1394 1328 simul
1426 1287 1550 1327 cum
1585 1285 1813 1341 corpore
1841 1279 2061 1341 propter

491 1377 741 1422 concreta
773 1367 823 1420 ei
851 1366 1045 1420 delicta
1071 1366 1398 1435 corporalia.
1444 1363 1598 1419 Sicut
1643 1365 1788 1418 enim
1828 1380 1934 1418 non
1979 1372 2063 1418 est

490 1459 752 1529 possibile
780 1457 1183 1527 superfluitates
1212 1458 1536 1528 corporibus
1557 1458 1776 1512 innatas
1807 1457 1924 1512 sine
1946 1471 2063 1510 ma-

491 1567 597 1621 gno
627 1551 814 1606 dolore
836 1559 891 1606 et
922 1551 1253 1607 cruciatibus
1276 1560 1560 1620 amputare
1592 1551 1661 1606 ab
1707 1549 1788 1606 eis
1825 1551 1920 1620 qui
1966 1565 2064 1620 pa-

489 1645 721 1706 tiuntur,
755 1643 835 1699 sic
863 1659 962 1698 nec
988 1643 1281 1699 commissa
1307 1639 1547 1698 carnalia
1573 1643 1642 1697 ab
1687 1643 1788 1706 eis,
1820 1641 1913 1712 qui
1939 1680 1954 1705 ,
2002 1651 2063 1696 ut

491 1737 565 1789 ita
600 1735 800 1796 dicam.
829 1734 1040 1790 animas
1073 1751 1202 1790 suas
1235 1750 1427 1794 carnes
1451 1733 1724 1801 fecerunt;
1777 1743 2060 1804 propterea

489 1824 696 1878 dictum
723 1825 809 1878 eSt
846 1825 912 1878 de
942 1824 1139 1879 talibus
1182 1824 1468 1880 animabus
1509 1842 1522 1878 :
1567 1823 1691 1879 Non
1741 1823 2063 1893 permanebit

2161 629 2347 700 gelicis
2378 628 2654 683 moraliter
2679 625 3049 693 considerare,
3095 627 3388 682 videndum
3435 637 3524 683 est
3568 645 3747 698 quare

2158 715 2300 791 apud
2328 719 2638 774 Matthzeum
2673 718 2889 788 quidem
2915 732 2947 770 a
2976 715 3112 772 foris
3132 717 3319 774 calicis
3347 728 3401 774 et
3429 719 3745 788 paropsidis

2164 812 2368 866 Scriba:
2395 819 2448 865 et
2481 809 2740 865 Pharisaei
2775 811 3036 866 mundare
3058 811 3332 875 dicuntur,
3357 812 3500 881 apud
3531 810 3744 866 Lucam

2159 910 2339 956 autem
2370 901 2557 956 calicis
2579 909 2635 956 et
2667 901 2832 956 catini
2857 902 3059 956 mentio
3089 902 3166 957 fit.
3191 900 3434 972 Uterque
3453 917 3588 970 ergo
3607 918 3744 957 vasa

2159 999 2368 1061 ponunt
2389 991 2496 1045 cibi
2525 1001 2579 1045 et
2611 1000 2791 1060 potus,
2817 1000 2871 1046 et
2906 992 3134 1047 calicem
3166 992 3387 1063 quidem
3431 993 3598 1049 ambo
3631 1007 3744 1046 no-

2160 1083 2392 1147 minant,
2420 1084 2512 1152 qui
2545 1095 2626 1138 est
2654 1083 2721 1138 ad
2755 1093 2939 1154 potum
2977 1103 2991 1138 :
3025 1085 3366 1154 parOpsidem
3390 1095 3575 1140 autem
3626 1099 3744 1139 non

2160 1175 2345 1242 ambo,
2380 1174 2475 1229 sed
2501 1175 2587 1228 ille
2611 1174 2828 1244 quidem
2852 1175 3118 1237 catinum,
3146 1174 3236 1230 hic
3264 1186 3448 1231 autem
3487 1176 3747 1245 paropsi-

2161 1266 2283 1321 dem
2324 1283 2338 1320 :
2369 1274 2660 1336 utrumque
2697 1274 2879 1321 tamen
2912 1281 3008 1321 vas
3037 1265 3144 1321 cibi
3173 1265 3426 1322 habetur.
3463 1265 3610 1337 Ergo
3649 1280 3744 1320 se-

2159 1355 2398 1411 cundum
2429 1363 2722 1424 utrumque
2749 1356 3134 1427 evangelistam
3169 1365 3256 1412 est
3283 1356 3484 1426 aliquis
3523 1355 3746 1425 spirita-

2165 1445 2232 1500 lis
2263 1454 2424 1515 potus
2469 1454 2525 1500 et
2562 1446 2823 1515 spiritalis
2879 1447 3077 1513 cibus,
3125 1458 3287 1517 quem
3334 1448 3650 1517 appetimus
3687 1447 3744 1500 in

2163 1537 2505 1592 sermonibus
2533 1536 2936 1606 Scripturarum
2959 1539 3092 1608 legis
3107 1539 3590 1609 etprophetarum.
3616 1536 3749 1593 0m-

2162 1628 2250 1683 nis
2281 1628 2464 1698 itaque
2491 1645 2674 1686 sermo
2703 1645 2800 1700 per
2823 1645 2984 1700 quem
3010 1638 3265 1702 potamur
3286 1632 3640 1702 spiritaliter,
3663 1631 3752 1686 vel

2165 1720 2344 1776 omnis
2383 1720 2624 1775 narratio
2655 1735 2751 1789 per
2781 1719 3300 1790 quam‘enutrimur,
3327 1738 3460 1778 vasa
3495 1731 3630 1778 sunt
3650 1737 3744 1790 po»

2168 1818 2256 1864 tus
2287 1818 2338 1864 et
2368 1811 2497 1865 cibi.
2525 1810 2897 1865 Admonemur
2929 1826 3059 1883 ergo
3083 1821 3146 1866 ut
3175 1827 3282 1868 non
3316 1828 3512 1870 curam
3547 1813 3752 1867 habea-

489 1915 708 1983 spiritus
748 1931 890 1968 meus
928 1915 982 1968 in
1021 1915 1320 1970 hominibus
1376 1916 1493 1970 istis
1519 1957 1533 1981 ,
1577 1917 1827 1987 quoniam
1877 1933 2062 1970 carnes
2098 1891 2137 1947 Β
2166 1916 2290 1954 ¹η¹¹⁸
2318 1916 2633 1957 sermonum
2665 1902 2748 1956 vel
2773 1903 3147 1958 narrationum
3171 1919 3293 1974 qua?
3313 1903 3454 1961 ίοτῖε
3477 1904 3749 1967 Sumam

499 2013 614 2059 sunt
646 2007 712 2058 9’.

565 2098 653 2150 ‘2l.
699 2096 787 2151 Va:
819 2097 982 2161 vobis,
1015 2096 1216 2154 Scriba:
1242 2109 1289 2152 et
1319 2097 1582 2154 Pharisaei
1613 2100 1921 2170 hypocritw,
1972 2098 2065 2168 qui

501 2189 791 2244 mundatis
825 2191 961 2259 quod
985 2190 1114 2260 [oris
1139 2201 1214 2244 est
1249 2190 1431 2244 colicis
1454 2201 1502 2245 et
1531 2191 1832 2261 paropsidis
1860 2231 1874 2254 ,
1921 2190 2063 2244 intus

502 2285 671 2329 autem
706 2276 845 2345 pleni
878 2279 1004 2331 estis
1031 2280 1236 2346 rapina,
1269 2289 1319 2332 et
1349 2280 1790 2350 intemperantia,
1826 2291 1876 2333 et
1918 2277 2060 2332 dolo.

494 2367 779 2428 Phnrisa’e.
801 2375 1024 2427 enmnda
1045 2377 1192 2435 prius
1213 2377 1350 2441 quod
1373 2377 1514 2430 intus
1539 2388 1615 2430 est
1636 2378 1817 2430 colicis
1839 2387 1889 2432 et
1911 2397 2061 2445 paro-

492 2450 737 2524 psidis,-it
757 2452 853 2521 ﬁat
876 2452 929 2504 id
951 2457 1091 2522 quod
1112 2456 1242 2525 forts
1259 2467 1356 2524 est,
1382 2459 1632 2513 mundum
1649 2462 1734 2515 π’.
1760 2460 1861 2518 Hic
1883 2478 2065 2518 sermo

503 2557 601 2597 nos
633 2544 874 2608 instruit,
907 2555 966 2600 ut
995 2546 1315 2604 festinemus
1350 2565 1473 2605 esse
1493 2551 1651 2621 justi,
1685 2567 1792 2608 non
1833 2568 2064 2624 appare-

500 2648 576 2688 oe.
609 2631 714 2699 Qui
737 2634 880 2688 enim
915 2635 1097 2690 studet
1121 2645 1179 2691 ut
1211 2648 1469 2708 appareat
1491 2639 1697 2710 justus,
1726 2658 1849 2713 qua:
1869 2659 1901 2698 a
1932 2643 2066 2699 foris

499 2734 626 2779 sunt
652 2724 910 2790 mundat,
957 2737 1014 2781 et
1058 2743 1180 2797 qua:
1215 2730 1469 2786 videntur
1508 2743 1702 2796 curat,
1744 2749 1840 2789 cor
1883 2744 2064 2791 autem

499 2832 656 2872 suum
704 2827 758 2872 et
804 2819 1188 2875 conscientiam
1239 2823 1496 2896 negligit,
1542 2840 1651 2880 non
1709 2825 2066 2882 considerans

500 2909 757 2978 quoniam
781 2911 872 2980 qui
901 2911 1079 2966 studet
1111 2927 1174 2966 ea
1211 2929 1332 2983 quae
1355 2919 1503 2971 intus
1537 2928 1663 2973 sunt
1701 2926 1755 2972 et
1779 2918 2067 2990 cogitatio-

499 3015 596 3058 nes
628 3018 756 3058 suas
785 3003 964 3058 studet
989 3003 1271 3072 mundare,
1302 3022 1643 3079 consequens
1669 3019 1754 3065 est
1795 3019 1858 3064 ut
1899 3010 2065 3066 etiam

497 3108 562 3148 ea
591 3110 712 3165 quae
739 3111 770 3150 a
801 3097 932 3153 foris
963 3107 1091 3154 sunt
1116 3101 1329 3156 studeat
1363 3098 1542 3156 facere
1569 3102 1791 3157 munda.
1839 3102 1896 3156 Si
1942 3102 2066 3172 quis

499 3195 682 3242 autem
716 3204 780 3244 ea
806 3205 929 3259 quae
960 3190 1211 3246 videatur
1241 3191 1448 3256 studet,
1501 3193 1721 3262 negligit
1752 3202 1932 3248 autem
1982 3194 2067 3247 in-

500 3279 699 3334 teriora
729 3281 924 3337 animae
947 3297 1079 3348 suae,
1109 3298 1330 3339 necesse
1349 3293 1434 3339 est
1463 3293 1523 3339 ut
1552 3284 1862 3355 huiusmodi
1903 3287 2067 3342 homo

501 3368 789 3439 impleatur
829 3374 899 3427 ab
929 3373 1078 3428 intus
1115 3373 1374 3440 avaritia,
1424 3376 1644 3430 lascivia
1667 3417 1681 3442 ,
1731 3377 2069 3449 malignitate

501 3461 821 3531 ueterisque
851 3463 1098 3531 plurimis
1124 3467 1305 3521 malis.
1333 3466 1604 3534 Quoniam
1637 3471 1816 3527 omnis
1855 3472 1952 3541 qui
2003 3473 2069 3527 de

502 3550 676 3606 salute
705 3568 802 3607 sua
825 3554 1093 3609 sollicitus
1117 3565 1220 3623 est,
1255 3558 1397 3626 quod
1429 3566 1514 3613 est
1555 3558 1623 3612 ab
1671 3558 1855 3627 intus,
1897 3569 1952 3616 et
2003 3561 2071 3616 de

501 3642 758 3711 Opinione
780 3644 946 3717 844
977 3647 1240 3704 sollicitus
1263 3657 1368 3713 est,
1401 3649 1545 3719 quod
1569 3659 1652 3706 est
1679 3666 1709 3705 a
1740 3649 1872 3710 foris
1907 3672 1921 3708 :
1960 3668 2069 3708 non

485 3743 685 3790 autem
717 3738 896 3793 omnis
926 3739 1020 3807 qui
1052 3740 1120 3795 de
1148 3741 1404 3810 Opinione
1438 3742 1706 3798 sollicitus
1737 3752 1821 3800 est
1841 3759 1872 3799 a
1912 3742 2067 3809 foris,

500 3825 663 3880 etiam
695 3825 763 3882 de
787 3828 960 3884 salute
989 3846 1086 3887 sua
1113 3832 1377 3888 sollicitus
1407 3842 1490 3889 est
1515 3835 1584 3888 ab
1629 3835 1798 3890 intus.
1871 3835 2069 3904 Utputa

502 3919 763 3987 scriptum
795 3931 878 3976 est
908 3922 954 3954 ³⁸
992 3941 1006 3977 :
1039 3924 1145 3988 Qui
1197 3927 1367 3982 videre
1435 3931 1710 3988 mulierem
1760 3929 1831 3984 ad
1883 3943 2076 3982 conru-

500 4011 802 4080 piscendum
824 4031 958 4079 eam,
993 4018 1278 4072 moechatus
1301 4029 1377 4073 est
1402 4019 1456 4072 in
1485 4021 1640 4074 corde
1665 4036 1780 4074 suo.
1807 4019 1912 4076 lste
1943 4038 2072 4094 ergo

501 4103 594 4171 qui
629 4104 866 4160 abstinet
909 4122 968 4161 se
997 4109 1066 4162 ab
1107 4123 1269 4179 opere
1317 4108 1724 4176 fornicationis,
1776 4111 2075 4168 fornicatur

502 4203 683 4249 autem
717 4195 771 4249 in
799 4198 1239 4267 concupiscentia
1271 4202 1453 4257 cordis
1477 4202 1585 4267 sui,
1613 4203 1893 4258 inundavit
1925 4207 2071 4274 quod

501 4298 535 4340 a
568 4285 702 4341 foris
735 4297 818 4343 est
851 4289 1036 4345 ealicis
1066 4299 1120 4345 et
1144 4293 1451 4362 paropsidis
1475 4304 1570 4348 aut
1598 4296 1787 4360 catini,
1826 4296 1894 4350 ab
1922 4297 2074 4352 intus

505 4386 684 4432 autem
723 4382 1138 4450 Intemperantia
1185 4383 1380 4453 plenus
1422 4395 1523 4440 est.
1565 4385 1670 4442 Sed
1720 4396 1775 4442 et
1811 4390 1904 4458 qui
1945 4388 2076 4443 facit

503 4468 874 4541 eleemosynas
909 4479 968 4525 ut
993 4472 1220 4542 gloriam
1245 4475 1312 4528 ab
1333 4475 1644 4531 hominibus
1673 4486 2066 4546 consequatur,

2165 2010 2286 2065 qua?
2309 1995 2380 2050 ab
2405 1996 2556 2051 intus
2582 2007 2730 2062 sunt,
2761 2008 2820 2053 ut
2847 2013 2944 2054 cor
2969 2007 3220 2054 nostrum
3245 1998 3508 2054 sensibus
3528 1997 3750 2052 mundis

2165 2087 2451 2156 potatoriis
2481 2096 2534 2142 et
2565 2090 2910 2146 enutritoriis
2941 2089 3250 2160 impleatur,
3286 2099 3340 2145 et
3393 2106 3506 2145 non
3543 2089 3748 2155 verbis,

2166 2195 2342 2250 neque
2376 2182 2864 2251 compositionibus
2889 2199 3081 2238 eorum
3115 2183 3345 2250 ornatis,
3375 2185 3513 2250 quia
3546 2199 3658 2237 non
3694 2184 3747 2238 in

2166 2287 2418 2327 sermone
2449 2283 2533 2328 est
2559 2289 2782 2344 regnum
2809 2274 2924 2339 Dei,
2945 2277 3039 2331 sed
3066 2276 3121 2331 in
3150 2276 3366 2330 virtute.
3405 2273 3636 2346 Utputa,
3657 2275 3748 2346 qui

2166 2363 2347 2419 studet
2377 2367 2742 2436 compositum
2771 2366 3015 2437 proferre
3041 2384 3346 2424 sermonem
3377 2369 3560 2440 magis
3585 2385 3747 2442 quam

2166 2456 2390 2513 salutari
2431 2473 2593 2513 sensu
2621 2459 2906 2528 repletum,
2935 2461 3075 2515 calix
3101 2461 3436 2517 narrationis
3467 2461 3592 2532 ejus
3617 2477 3647 2515 a
3671 2460 3748 2515 fo-

2166 2549 2242 2604 ris
2275 2549 2570 2606 mundatus
2597 2561 2698 2616 est,
2730 2552 2800 2606 ab
2832 2554 2979 2608 intus
3007 2564 3190 2608 autem
3213 2553 3474 2609 sordibus
3503 2555 3753 2607 vanitati.

2167 2639 2378 2709 busquc
2413 2641 2673 2710 repletus.
2716 2639 2871 2697 Unde
2913 2642 3136 2705 Paulus,
3167 2642 3261 2712 qui
3316 2657 3428 2696 non
3476 2642 3690 2696 solebat
3719 2658 3748 2695 a

2171 2730 2303 2786 foris
2325 2732 2512 2788 calicis
2544 2742 2597 2788 et
2619 2733 2947 2804 ’paropsidis
2987 2734 3272 2798 mundare,
3315 2735 3412 2789 sed
3460 2734 3532 2788 ab
3581 2734 3747 2794 intus.

2168 2822 2478 2892 imperitum
2513 2839 2574 2878 se
2601 2825 2891 2880 confitetur
2923 2838 3196 2889 sermone,
3223 2823 3320 2878 sed
3353 2837 3466 2877 non
3498 2821 3752 2886 scientia;

2167 2925 2222 2971 et
2252 2925 2371 2971 erat
2401 2931 2584 2972 sermo
2616 2916 2787 2986 ipsius
2813 2915 3050 2972 rusticus
3085 2915 3327 2985 quidem,
3354 2923 3543 2969 tamen
3586 2928 3749 2968 mun-

2167 3007 2266 3062 dus
2293 3019 2509 3078 propter
2542 3008 2783 3064 scientiae
2823 3007 3169 3062 munditiam.
3203 3006 3289 3062 llli
3329 3016 3519 3062 autem
3569 3005 3753 3076 quiin

2169 3100 2436 3169 sapientia
2469 3099 2617 3154 verbi
2647 3100 3031 3169 loquebantur,
3064 3110 3118 3156 et
3140 3115 3238 3171 per
3266 3100 3374 3155 hoc
3391 3099 3602 3153 Christi
3627 3112 3757 3152 cru-

2170 3205 2289 3245 cem
2323 3189 2681 3254 evacuabant,
2710 3204 2741 3244 a
2764 3188 2898 3246 foris
2929 3189 3146 3261 quidem
3175 3187 3410 3246 mundos
3437 3186 3756 3256 praebebant

2171 3296 2454 3337 sermones
2487 3297 2636 3347 suos,
2667 3282 2736 3337 ab
2761 3282 2910 3338 intus
2959 3289 3139 3337 autem
3185 3279 3470 3336 immunda
3521 3278 3752 3334 scientia

2169 3373 2382 3441 plenos,
2411 3380 2467 3426 et
2489 3371 2718 3441 rapinis,
2741 3380 2796 3426 et
2819 3372 3234 3442 intemperantia
3264 3370 3409 3424 vitae.
3477 3367 3614 3423 Item
3659 3369 3753 3438 qui

2172 3465 2404 3519 audiens
2448 3464 2674 3519 verbum
2702 3506 2718 3530 ,
2771 3473 2866 3518 aut
2901 3463 3140 3533 aliquam
3185 3462 3320 3532 legis
3360 3460 3748 3530 Scripturam,

2171 3554 2660 3625 compositionibus
2685 3554 2805 3624 ejus
2837 3553 3199 3608 exterioribus
3223 3551 3397 3622 magis
3426 3565 3597 3620 quam
3620 3549 3755 3602 inte-

2172 3645 2412 3701 rioribus
2437 3655 2491 3701 et
2521 3646 2855 3702 salutaribus
2879 3645 3132 3701 sensibus
3169 3645 3495 3710 delectatur,
3528 3645 3751 3700 calicem

2173 3741 2258 3796 vel
2285 3740 2629 3811 paropsidem
2664 3740 2840 3811 diligit
2865 3755 2895 3794 a
2933 3738 3068 3794 foris
3090 3738 3409 3793 Inundatum
3433 3780 3450 3805 ,
3492 3739 3564 3793 ab
3610 3739 3753 3792 intus

2173 3844 2356 3889 autem
2390 3833 2691 3889 sordidum.

2244 3927 2335 3981 25.
2371 3924 2429 3980 Si
2457 3933 2670 3995 oportet
2691 3933 2872 3979 autem
2902 3931 2956 3978 et
2991 3923 3205 3978 tertiam
3233 3930 3526 3992 cognatam
3555 3920 3751 3991 priori-

2173 4020 2326 4075 ribus
2348 4018 2770 4088 superinducere
2795 4017 3210 4087 expositionem,
3235 4015 3473 4070 dicimus
3493 4014 3750 4085 quoniam

2175 4111 2365 4166 littera:
2396 4110 2532 4180 legis
2557 4119 2611 4164 et
2632 4109 3018 4179 prophetarum
3049 4108 3249 4162 calices
3290 4106 3626 4177 spiritalium
3659 4121 3752 4174 po.

2177 4213 2330 4258 tuum
2364 4203 2582 4270 animm,
2607 4212 2661 4257 et
2687 4203 3009 4274 paropsides
3032 4200 3473 4256 necessariarum
3501 4215 3750 4256 escarum

2176 4302 2304 4349 sunt
2341 4294 2580 4348 lidelium
2617 4293 2922 4359 hominum,
2957 4293 3040 4347 vel
3063 4293 3231 4347 catini
3260 4292 3511 4347 ciborum
3539 4292 3752 4362 sapien-

2178 4392 2259 4438 ter
2290 4384 2633 4438 conditorum
2671 4401 2684 4437 :
2715 4399 2948 4454 quorum
2986 4383 3242 4448 calicum,
3289 4392 3345 4437 et
3372 4383 3748 4453 paropsidum,

2176 4484 2231 4528 et
2274 4475 2581 4529 catinorum
2628 4475 2880 4545 legalium
2928 4475 3013 4531 vel
3056 4473 3499 4545 propheticorum
3554 4474 3754 4530 Scriba:

506 4557 769 4612 mundare
803 4561 1023 4628 quidem
1059 4561 1270 4617 videtur
1297 4563 1442 4631 quod
1468 4580 1498 4618 a
1532 4563 1668 4620 foris
1695 4575 1778 4620 est
1803 4567 1991 4622 calicis
2020 4577 2074 4622 et
2107 4580 2148 4633 ι)
2178 4567 2395 4636 quidem
2427 4576 2480 4620 et
2517 4566 2775 4621 Pharisaei
2807 4566 3027 4622 student
3052 4581 3275 4622 sensum
3309 4567 3641 4620 exteriorem
3677 4575 3754 4619 at-

506 4651 832 4718 paropsidis,
866 4651 1074 4708 faciens
1099 4655 1476 4726 eleemosynas
1515 4673 1700 4712 coram
1738 4659 2072 4725 hominibus,

506 4738 576 4792 ab
625 4739 771 4795 intus
820 4753 1001 4797 autem
1051 4744 1244 4813 plenus
1296 4756 1382 4800 est
1423 4748 1716 4816 cupiditate
1752 4751 1957 4820 gloriae.
2014 4751 2078 4805 Et

505 4831 769 4901 quidquid
819 4834 950 4889 boni
1011 4835 1199 4893 fecerit
1252 4840 1414 4896 homo
1468 4859 1573 4897 non
1623 4859 1690 4898 ex
1745 4844 2074 4898 conscientia

508 4923 708 4979 munda
737 4934 956 4997 prapter
983 4927 1176 4996 Deum,
1205 4931 1383 4988 aforis
1399 4934 1619 5004 quidem
1652 4936 1888 4992 mundus
1919 4937 2074 4993 vide-

507 5024 614 5080 tur,
641 5016 710 5071 ab
741 5016 889 5074 intus
916 5029 1094 5075 autem
1131 5023 1319 5091 plenus
1348 5034 1432 5080 est
1458 5026 1637 5081 malis.
1670 5025 1774 5082 Sed
1805 5037 1858 5082 et
1885 5042 2077 5085 omnes

507 5107 628 5163 falsi
651 5111 923 5180 dogmatis
952 5113 1289 5182 professores
1317 5117 1516 5174 calices
1549 5129 1677 5175 sunt
1700 5136 1733 5175 a
1757 5120 1891 5178 foris
1919 5124 2076 5192 quasi

508 5201 752 5257 mundati
777 5214 994 5274 propter
1020 5208 1252 5275 speciem
1283 5210 1559 5282 religionis
1584 5227 1748 5282 quam
1793 5214 2074 5280 simulant,

507 5292 575 5344 ab
603 5293 751 5349 intus
781 5305 960 5352 autem
987 5297 1129 5362 pleni
1165 5299 1372 5369 rapina,
1406 5303 1961 5375 seductione,quibus
1989 5321 2078 5360 ra.

509 5385 664 5452 piunt
709 5387 958 5444 homines
993 5390 1062 5444 ad
1103 5406 1370 5459 errorem,
1411 5403 1467 5449 et
1519 5397 1629 5466 lupi
1680 5411 1904 5465 rapaces
1947 5405 2078 5452 sunt

507 5477 779 5541 omnium,
815 5481 1109 5550 latitantes,
1137 5494 1192 5539 et
1231 5487 1555 5543 devorantes
1605 5489 1817 5543 animas
1869 5488 2079 5558 simpli-

511 5579 624 5628 ces,
655 5567 748 5636 qui
777 5570 961 5626 videre
993 5588 1087 5628 eos
1115 5591 1223 5630 non
1254 5589 1484 5647 possunt
1510 5580 1668 5648 lupos
1697 5593 1821 5634 esse
1853 5594 2078 5650 rapaces

513 5661 970 5734 propter‘ovilium
998 5666 1215 5733 pellium
1244 5678 1630 5736 tegumentum.

2181 4673 2286 4728 que
2311 4659 2611 4728 vulgarem,
2637 4658 2854 4713 ethunc
2881 4659 3140 4712 mundum
3167 4666 3224 4711 et
3248 4667 3500 4712 sanctum
3533 4659 3756 4712 demon-

2179 4763 2352 4807 strare
2377 4751 2658 4818 festinant;
2689 4751 2941 4822 discipuli
2973 4760 3154 4805 autem
3185 4748 3394 4804 Christi
3425 4765 3652 4806 sensum
3680 4752 3756 4805 in-

2181 4846 2434 4900 teriorem
2466 4857 2520 4900 et
2557 4845 2854 4916 spiritalem
2890 4844 3155 4898 mundare
3183 4842 3444 4898 festinant
3469 4853 3525 4898 et
3554 4845 3757 4899 sancti-

2182 4940 2345 4992 ticare
2372 4938 2599 4993 scientia
2629 4946 2684 4993 et
2721 4935 3188 4992 demonstratione
3229 4934 3537 5004 probabili,
3591 4945 3654 4989 ut
3694 4935 3758 4988 ab

2185 5031 2332 5086 intus
2357 5031 2675 5084 mandatam
2706 5030 2874 5100 legem
2907 5036 2962 5083 et
3002 5028 3296 5098 prophetas
3323 5027 3665 5081 manducent
3706 5037 3760 5080 et

2180 5121 2386 5188 bibant,
2422 5121 2734 5176 interiorem
2762 5129 2815 5176 et
2847 5118 3214 5190 mysterialem
3244 5131 3468 5172 sensum
3493 5117 3690 5171 audire
3712 5123 3764 5170 et.

2185 5212 2465 5281 suscipere
2495 5212 2968 5281 concupiscentcs,
2999 5217 3054 5263 et
3088 5209 3539 5262 transcendentes
3568 5223 3764 5262 sensus

2182 5304 2485 5358 exteriores
2523 5303 2838 5358 verborum.
2876 5301 3088 5354 Bonum
3117 5307 3202 5354 est
3228 5313 3360 5369 ergo
3396 5309 3560 5353 caute
3598 5315 3760 5352 mun-

2183 5397 2312 5450 dare
2339 5395 2484 5465 quod
2517 5395 2586 5448 ab
2611 5395 2755 5449 intus
2784 5402 2869 5448 est
2896 5393 3116 5460 calicis,
3166 5393 3250 5447 vel
3290 5392 3604 5462 paropsidis
3628 5430 3644 5455 ,
3680 5389 3760 5444 vel

2183 5484 2370 5551 catini,
2401 5486 2529 5555 quia
2557 5485 2606 5539 ei
2633 5485 2728 5554 qui
2756 5483 3096 5538 mundaverit
3131 5483 3368 5553 primum
3398 5482 3546 5552 quod
3579 5481 3651 5535 ab
3678 5483 3759 5533 in.

2185 5587 2272 5631 tus
2303 5585 2388 5631 est
2423 5575 2629 5641 calicis,
2665 5575 2802 5629 fiunt
2833 5577 2993 5630 etiam
3031 5589 3096 5628 ea
3129 5589 3252 5643 qua:
3299 5571 3436 5628 foris
3470 5580 3602 5630 sunt
3636 5586 3760 5624 vere

2185 5669 2441 5722 mundata
2496 5687 2508 5722 :
2555 5677 2608 5722 et
2655 5676 2784 5722 tunc
2837 5667 3184 5721 inveniuntur
3245 5681 3376 5720 vasa
3444 5676 3760 5721 sermonum

578 5831 624 5860 ’δ
653 5829 672 5884 l
705 5829 828 5886 Cor.
867 5852 914 5901 v,
951 5835 1002 5890 8.
1081 5839 1122 5870 ⁸⁷
1153 5836 1288 5892 Gen.
1323 5855 1392 5908 vt,
1420 5842 1472 5897 5.
1550 5842 1614 5873 ’τ’
1647 5838 1836 5899 Matth.
1870 5853 2024 5906 Χιιιι,
2061 5842 2067 5892 ἵ

2228 5836 2273 5870 ⁸⁸
2302 5835 2489 5895 Matth.
2529 5853 2577 5898 ν,
2613 5837 2699 5895 28.
