4004 6540
148 449 294 506 1529

1287 434 1579 492 COMMEN
1597 431 1951 490 l‘AlllOllUM
1985 428 2250 488 SERIES.

3285 424 3423 480 1650

142 567 378 635 munda,
404 567 625 639 quando
659 564 988 623 manifeslati
1020 563 1219 618 fuerint
1241 562 1352 617 veri
1387 574 1439 618 et
1460 562 1733 633 spiritales
1765 566 1806 621 A
1837 557 2119 628 tediﬁcatis
2140 553 2380 626 sepulcra
2395 551 2853 623 prophetarum,et
2873 547 3424 601 ornatismonumenta

139 678 348 721 SDIISIIS
374 676 587 717 eorum.

216 756 317 812 24.
350 755 441 811 Va:
471 754 638 821 vobis,
665 751 869 807 Scriba:
892 759 942 805 et
967 747 1230 803 Pharisaei
1270 747 1578 818 hypocritat.
1614 747 1738 817 quia

141 849 352 905 similes
376 848 501 902 estis
524 845 781 918 sepulcris
802 841 1088 906 dealbatis,
1127 855 1245 913 qua:
1274 857 1305 894 a
1349 840 1481 909 foris
1526 838 1737 909 quidem

140 949 340 1011 parent
364 940 619 1010 speciosa,
651 937 796 990 intus
818 949 938 989 vero
960 932 1115 1003 plena
1140 941 1262 988 sunt
1283 933 1487 985 ossibus
1514 941 1740 984 mortuo-

144 1048 276 1086 rum
297 1043 347 1088 et
380 1032 526 1086 omni
548 1028 843 1100 spurcitia;
884 1026 961 1080 sic
993 1034 1043 1079 et
1066 1040 1154 1079 vos
1180 1042 1212 1077 a
1241 1023 1373 1093 foris
1399 1022 1611 1094 quidem
1644 1037 1742 1090 pa-

144 1126 283 1179 retis
306 1122 605 1178 hominibus
623 1120 781 1190 justi,
809 1118 874 1172 ab
901 1119 1044 1172 intus
1066 1126 1243 1171 autem
1267 1115 1408 1186 pleni
1426 1115 1554 1169 estis
1577 1114 1741 1184 hypo-

144 1217 285 1271 crisi
311 1224 360 1270 et
383 1214 667 1286 iniquitate
694 1213 763 1266 ν’.
808 1209 965 1265 Sicut
1011 1208 1158 1263 enim
1199 1208 1451 1277 superius
1492 1207 1562 1261 ab
1593 1207 1740 1261 intus

144 1308 299 1380 pleni
330 1317 458 1362 sunt
485 1305 677 1375 rapina
711 1313 766 1360 et
792 1300 1236 1372 intemperantia,
1266 1299 1518 1357 similiter
1551 1307 1606 1353 et
1650 1298 1740 1353 hic

146 1401 298 1472 pleni
324 1408 454 1455 sunt
480 1397 755 1470 hypocrisi
783 1403 838 1451 et
862 1394 1169 1465 iniquitate,
1201 1407 1325 1464 qum
1353 1398 1743 1461 comparantur

146 1492 376 1548 ossibus
406 1499 768 1555 mortuorum,
816 1486 1177 1542 immunditiae
1226 1485 1513 1539 universae.
1559 1480 1742 1553 Hypo-

144 1580 316 1638 crisis
340 1581 508 1647 enim,
532 1593 655 1635 cum
683 1578 755 1633 sit
776 1577 958 1648 aliqua
983 1574 1263 1631 simulatio
1285 1572 1434 1639 boni,
1465 1571 1600 1625 nihil
1622 1570 1744 1639 qui—

144 1676 279 1731 dem
304 1674 471 1730 habet
493 1671 658 1727 vitale
681 1686 748 1726 ex
771 1685 838 1726 eo
865 1670 1010 1725 bono
1044 1667 1190 1739 quod
1242 1666 1486 1722 simulat.
1516 1662 1740 1720 Ossium

149 1776 363 1825 autem.
400 1776 460 1820 ut
483 1765 564 1820 sic
588 1763 763 1819 dicam
788 1803 803 1829 ,
857 1760 1072 1818 virtutis
1114 1759 1260 1815 illius
1298 1772 1463 1829 quam
1521 1755 1742 1811 simulat

148 1869 373 1912 mortua
400 1854 611 1927 justitia
635 1861 740 1918 est,
766 1860 861 1907 aut
891 1850 1136 1906 castitas.
1183 1846 1241 1902 Si
1275 1848 1420 1903 enim
1465 1846 1755 1917 sapienter)

148 1948 447 2006 eu‘diamus
476 1947 622 2019 quod
651 1946 768 2002 vult
793 1943 1083 2001 ostendere
1109 1956 1293 1998 sermo
1336 1955 1599 2012 psesens,
1651 1940 1740 1994 in-

151 2042 461 2109 telligimus
489 2040 635 2111 quod
666 2039 847 2094 omnis
874 2036 1085 2108 justitia
1110 2034 1368 2090 simulata
1399 2042 1612 2089 mortua
1651 2033 1742 2102 juo

150 2134 304 2190 stitia
321 2141 423 2188 est.
452 2131 605 2186 Sicut
624 2132 787 2185 homo
809 2139 1059 2183 mortuus
1081 2127 1295 2182 videtur
1313 2127 1531 2198 quidem
1553 2125 1742 2191 homo,

152 2224 253 2279 sed
291 2239 398 2279 non
433 2233 516 2279 est
549 2223 736 2286 homo,
777 2221 858 2277 sic
886 2227 940 2274 et
973 2229 1189 2274 mortua
1211 2220 1433 2275 castitas
1458 2234 1557 2276 nec
1581 2218 1744 2275 casti-

151 2326 241 2373 tas
266 2324 369 2371 est.
398 2313 612 2370 Mortua
645 2322 826 2370 autem
861 2310 989 2385 [est]
1017 2326 1139 2382 quas
1160 2327 1267 2367 non
1301 2320 1522 2383 propter
1549 2311 1741 2376 Deum,

151 2409 251 2466 sed
282 2410 337 2464 in
375 2409 727 2465 simulatione
756 2416 977 2478 propter
1007 2405 1255 2461 homines
1284 2405 1365 2459 tit.
1395 2405 1457 2459 Et
1478 2404 1744 2475 quemad-

155 2501 383 2556 modum
413 2500 579 2556 estin
615 2499 800 2554 mimis
840 2498 932 2569 qui
974 2512 1240 2567 personas
1290 2497 1600 2567 suscipiunt
1646 2496 1745 2550 ali-

153 2606 417 2663 quorum,
451 2598 505 2646 et
529 2604 640 2644 non
672 2600 800 2646 sunt
820 2588 923 2658 ipsi
955 2600 1095 2658 quos
1122 2587 1405 2654 simulant,
1440 2586 1534 2642 sed
1557 2586 1748 2641 viden-

152 2698 269 2751 tur,
302 2683 383 2740 sic
410 2682 505 2754 qui
530 2682 800 2754 justitiam
835 2681 1076 2745 simulat,
1102 2679 1359 2735 simulata
1385 2678 1596 2749 justitia
1626 2679 1747 2750 ejus

155 2793 270 2834 non
299 2787 382 2833 est
403 2776 639 2848 justitia,
671 2776 766 2831 sed
793 2775 1028 2829 videtur.
1057 2772 1152 2829 Est
1181 2773 1327 2829 enim
1366 2789 1475 2828 non
1510 2772 1744 2843 justitia,

156 2869 258 2926 sed
294 2869 614 2943 ﬁgmentum
644 2867 891 2940 institue.
923 2864 1015 2921 Sic
1047 2873 1099 2920 et
1130 2866 1182 2919 in
1217 2865 1537 2920 seductione
1580 2864 1748 2920 casti-

158 2975 246 3021 tas
279 2965 403 3019 (icta
430 2979 539 3019 non
565 2971 649 3018 est
673 2961 919 3028 castitas,
952 2959 1048 3016 sed
1081 2958 1314 3014 videtur.
1345 2956 1573 3028 Propter
1601 2955 1748 3027 quod

152 3057 295 3112 bene
311 3054 687 3111 assimilantur
704 3051 1017 3123 huiusmodi
1044 3050 1295 3106 homines
1315 3048 1584 3119 sepulcris
1601 3048 1749 3102 deal-

156 3149 321 3204 batis.
359 3149 402 3201 A
424 3146 560 3202 foris
591 3146 846 3201 videntur
866 3143 1000 3215 justi
1025 3143 1077 3198 in
1102 3151 1395 3212 conspectu
1432 3155 1623 3196 eorum
1655 3138 1748 3211 qui

1830 651 2122 721 justorum,
2135 657 2184 702 et
2202 646 2382 701 dicitis
2396 662 2414 699 :
2433 642 2573 710 Quia
2589 643 2635 699 si
2650 641 2932 712 fuissemus
2946 639 3000 692 in
3014 637 3196 691 diebus
3210 643 3422 700 patrum

1841 749 2162 803 nostrorum,
2181 755 2285 793 non
2314 753 2545 792 essemus
2572 734 2704 789 socii
2722 747 2904 788 eorum
2933 730 2989 783 in
3020 728 3275 797 sanguine
3302 739 3423 794 pro.

1839 836 2135 905 pltetarum.
2165 830 2355 901 Itaque
2386 822 2977 883 testimoniumredditis
2996 820 3294 888 vobis,quia
3322 816 3424 886 filii

1839 926 1966 980 estis
1999 939 2179 977 eorum
2209 921 2302 992 qui
2329 920 2638 974 occiderunt
2664 913 2967 986 prophetas.
3003 909 3070 963 Et
3099 925 3187 963 vos
3218 907 3428 976 implete

1843 1030 2144 1071 mensuram
2170 1024 2385 1084 patrum
2402 1019 2711 1065 vestrorum.
2731 1005 3028 1074 Serpentes,
3058 998 3327 1072 generatio
3350 998 3431 1050 vi-

1841 1123 2107 1181 perarum,
2124 1103 2384 1178 quomodo
2398 1102 2614 1173 fugietis
2632 1099 2876 1171 ajudicio
2890 1092 3164 1166 gehennae!
3180 1090 3304 1144 Ideo
3314 1103 3432 1143 ecce

1841 1178 1936 1271 ego
1965 1200 2119 1253 mitto
2149 1197 2218 1250 ad
2252 1212 2341 1249 vos
2370 1193 2672 1263 prophetas,
2705 1199 2755 1245 et
2786 1189 3064 1259 sapientes,
3101 1192 3150 1237 et
3190 1178 3428 1242 Scribas,

1842 1303 1893 1348 et
1912 1308 1977 1347 ea:
1990 1290 2102 1345 illis
2118 1289 2370 1344 occidetis
2395 1296 2444 1340 et
2461 1283 2802 1355 cruciﬁgetis,
2819 1290 2869 1336 et
2884 1295 2948 1334 ea:
2965 1277 3074 1332 illis
3090 1272 3431 1345 ﬂagellabiis

1844 1388 1897 1440 in
1940 1383 2225 1455 synagogis
2267 1379 2476 1445 uestris,
2516 1388 2567 1432 et
2608 1373 2987 1446 persequemini
3026 1371 3091 1424 de
3135 1367 3347 1421 civitate
3375 1365 3433 1417 in

1844 1479 2132 1542 civitatem,
2159 1482 2218 1528 ut
2257 1473 2425 1528 veniat
2463 1484 2620 1540 super
2661 1483 2749 1522 vos
2787 1464 2956 1521 omnis
2999 1460 3215 1532 sanguis
3254 1457 3433 1526 justus

1850 1571 1941 1643 qui
1979 1568 2273 1639 e/funditur
2301 1580 2459 1635 super
2489 1573 2686 1618 terram
2718 1561 2761 1616 '.
2790 1558 3069 1626 Quantum
3098 1553 3165 1609 ad
3196 1550 3430 1622 primam

1847 1669 2041 1726 faciem
2072 1668 2305 1739 pertinet
2333 1672 2536 1728 textus,
2563 1676 2671 1716 non
2696 1660 2831 1715 satis
2861 1654 3258 1713 rationabiliter
3280 1665 3434 1706 com-

1847 1760 2045 1817 minari
2070 1759 2284 1814 videtur
2325 1757 2607 1812 adversus
2634 1768 2730 1809 eos
2757 1750 2851 1823 qui
2879 1749 3149 1805 aediﬁcant
3182 1742 3432 1814 sepulcra

1847 1853 2234 1925 prophetarum
2257 1859 2312 1905 et
2333 1855 2531 1904 ornant
2552 1850 2909 1901 monumenta
2929 1840 3224 1911 iustorum.
3248 1833 3436 1900 Quan-

1847 1968 1961 2014 tum
1990 1957 2055 2012 ad
2085 1954 2188 2011 hoc
2210 1953 2354 2011 enim
2390 1951 2590 2016 solum,
2614 1946 2884 2003 laudabile
2907 1940 3110 2012 aliquid
3140 1935 3434 1997 faciebant,

1844 2052 1973 2124 quia
2000 2049 2246 2121 sepulcra
2272 2046 2661 2118 prophetarum
2694 2036 3057 2099 aedificabant,
3086 2041 3141 2087 et
3166 2028 3436 2086 ornabant

1846 2159 2205 2209 monumenta
2251 2149 2551 2219 iustorum,
2621 2140 2881 2213 operibus
2931 2144 3145 2210 patrum
3207 2142 3433 2187 suorum

1845 2246 2046 2318 quibus
2080 2242 2198 2299 ausi
2244 2248 2374 2297 sunt
2401 2248 2594 2292 contra
2626 2233 2925 2305 prOphetas
2966 2237 3020 2283 et
3049 2233 3293 2287 sanctos,
3324 2233 3434 2272 non

1846 2336 2273 2396 consentientes,
2310 2329 2548 2386 maxime
2579 2326 2633 2381 in
2667 2340 2733 2381 eo
2765 2322 2913 2395 quod
2946 2320 3134 2375 dicunt
3161 2333 3176 2370 :
3210 2312 3270 2369 Si
3299 2310 3438 2382 fuis-

1846 2445 2019 2486 semus
2065 2428 2120 2482 in
2168 2424 2354 2479 diebus
2402 2432 2614 2495 patrum
2673 2426 2999 2478 nostrorum,
3053 2424 3156 2463 non
3204 2418 3436 2461 essemus

1847 2522 1979 2576 socii
2011 2535 2192 2574 eorum
2213 2517 2269 2572 in
2295 2514 2550 2585 sanguine
2571 2511 2969 2582 prophetarum.
2998 2498 3285 2571 Quomodo
3307 2509 3439 2565 ergo

1846 2623 1995 2696 digni
2037 2628 2195 2678 erant
2234 2619 2514 2689 suscipere
2546 2615 2676 2670 vae?
2709 2612 2768 2668 Si
2817 2617 3002 2666 autem
3030 2604 3165 2662 dicit
3195 2600 3396 2673 aliquis
3422 2617 3435 2652 :

1848 2719 2123 2789 Quantum
2179 2718 2250 2775 ad
2290 2732 2433 2788 opus
2475 2712 2700 2786 quidem
2754 2708 2886 2765 illud
2934 2713 2991 2762 et
3040 2700 3441 2774 professionem

1849 2814 2141 2871 verborum
2174 2824 2427 2872 suorum,
2450 2821 2558 2861 non
2591 2811 2748 2861 erant
2781 2801 2894 2866 rei;
2928 2805 3152 2867 propter
3181 2793 3311 2847 illud
3343 2805 3445 2845 au-

1851 2915 1957 2963 lem
1984 2904 2131 2975 quod
2154 2899 2527 2958 testimonium
2558 2896 2661 2951 sibi
2697 2890 2992 2948 reddebant
3017 2902 3141 2944 esse
3165 2899 3223 2940 se
3248 2896 3441 2938 eorum

1852 2999 1993 3054 filios
2038 2995 2134 3067 qui
2175 2993 2498 3049 occiderunt
2543 2987 2858 3059 prophetas,
2909 2979 3209 3050 culpabiles
3250 2982 3440 3039 erant;

1851 3089 1998 3161 quod
2033 3103 2135 3144 nec
2163 3087 2341 3157 ipsum
2368 3096 2560 3140 verum
2586 3088 2692 3136 est.
2726 3075 2784 3131 In
2813 3089 2873 3130 re
2904 3072 3052 3129 enim
3099 3083 3222 3141 quae
3249 3083 3315 3123 ex
3353 3082 3446 3120 ar-

1854 3160 2019 3238 bitrio
2047 3178 2286 3236 hominis
2310 3191 2423 3233 non
2449 3171 2737 3242 contingit,
2763 3163 3044 3239 quomodo
3072 3170 3250 3233 potest
3277 3160 3443 3214 homo

154 3240 692 3297 nesciuntinteriora
709 3238 1080 3333 conside—rare.
1114 3236 1185 3291 ab
1219 3235 1368 3289 intus
1390 3243 1573 3288 autem
1606 3233 1751 3303 pleni
1786 3263 1827 3321 ο
1854 3233 2326 3333 ἓὲὲῖΐέάεὶΝόη
2347 3269 2495 3327 enim
2524 3283 2593 3322 ex
2621 3233 2852 3321 a'rb'iujio
2881 3254 3316 3325 uniuscujusque
3345 3250 3446 3306 ιω.

155 3328 517 3387 suntossibus
533 3335 895 3382 mortuorum.
917 3323 1090 3379 Tanta
1105 3331 1233 3379 sunt
1249 3337 1375 3377 ossa
1390 3321 1445 3374 in
1469 3320 1549 3376 eis
1564 3330 1619 3375 et
1637 3318 1742 3373 im-

157 3421 670 3491 Inunditize,quanta
686 3417 850 3491 845
866 3432 1030 3488 opera
1052 3416 1381 3472 simulantur
1397 3414 1537 3468 bona
1555 3426 1621 3468 ex
1651 3427 1760 3467 ma-

155 3514 213 3570 lo
229 3514 424 3569 all‘cctu
449 3529 463 3565 :
489 3521 540 3568 et
559 3512 810 3567 videntur
831 3527 860 3566 a
886 3510 1020 3566 foris
1044 3509 1175 3580 justi
1195 3524 1379 3564 coram
1421 3507 1756 3574 hominibus,

156 3622 271 3662 non
291 3606 372 3661 eis
399 3618 538 3674 quos
552 3603 834 3673 Scriptura
850 3603 869 3635 ¹
891 3601 1022 3657 deos
1044 3600 1296 3671 appellat,
1320 3599 1385 3654 ad
1402 3616 1541 3670 quos
1557 3598 1756 3656 factum

154 3706 241 3753 est
257 3694 484 3750 verbum
504 3692 620 3758 Dei,
649 3693 743 3749 sed
775 3705 962 3747 coram
984 3688 1065 3744 eis
1092 3688 1182 3758 qui
1206 3688 1348 3744 sicut
1372 3687 1620 3742 homines
1638 3702 1758 3743 mo-

156 3787 403 3841 riuntur.
438 3783 504 3840 Et
536 3784 741 3839 malum
768 3781 990 3853 quidem
1022 3789 1189 3841 esset,
1218 3778 1303 3833 vel
1344 3794 1511 3833 unum
1544 3779 1754 3834 ossium

157 3878 367 3934 mortui
394 3877 595 3933 habere
618 3876 766 3931 intus
792 3877 845 3929 in
877 3889 939 3930 se
970 3873 1053 3928 vel
1081 3870 1484 3927 immunditiam
1513 3870 1752 3940 aliquam

157 3986 351 4027 unam.
382 3967 541 4024 Nunc
573 3977 754 4022 autem
789 3965 912 4021 vide
939 3963 1411 4035 exaggerationem
1449 3959 1756 4031 Scriptura:

157 4064 229 4119 de
263 4061 470 4117 malitia
501 4059 928 4133 hypocritarum.
968 4056 1130 4111 Sicut
1150 4055 1293 4110 enim
1324 4054 1571 4124 sepulcra
1599 4053 1753 4123 plena

158 4163 293 4213 sunt
326 4154 544 4210 ossibus
574 4162 629 4208 et
672 4149 1021 4208 immunditia
1056 4146 1227 4212 omni,
1269 4147 1350 4202 sic
1393 4154 1448 4201 et
1479 4146 1557 4200 illi
1608 4145 1753 4216 pleni

156 4253 291 4303 sunt
326 4243 601 4317 hypocrisi
646 4253 701 4299 et
730 4239 1038 4313 iniquitate,
1080 4253 1190 4294 non
1227 4239 1283 4294 in
1331 4250 1437 4293 una
1467 4221 1652 4309 aliqua
1696 4251 1755 4291 re

158 4339 510 4402 simulantes,
546 4350 724 4407 neque
753 4336 811 4389 in
846 4345 1138 4405 conspectu
1171 4331 1336 4387 unius
1375 4331 1429 4385 in
1461 4331 1610 4386 omni
1642 4330 1753 4385 vita

158 4448 286 4499 sua,
334 4430 417 4486 vel
448 4429 663 4485 duobus
706 4428 791 4483 vel
836 4427 1032 4494 tribus,
1063 4424 1316 4496 quamvis
1359 4431 1413 4481 et
1463 4424 1568 4478 hoc
1609 4430 1756 4479 esset

157 4524 464 4596 pessimum
497 4523 722 4587 malum,
753 4521 848 4576 sed
875 4518 1135 4575 omnibus
1164 4517 1359 4572 diebus
1391 4515 1516 4571 vitae
1545 4530 1659 4571 sua:
1695 4515 1748 4569 in

159 4616 612 4674 simulationihus
642 4614 853 4679 vivunt,
894 4622 947 4667 et
980 4610 1128 4665 aliud
1160 4608 1381 4680 quidem
1412 4618 1562 4675 sunt,
1605 4608 1754 4663 aliud
1793 4611 1833 4665 D

158 4718 351 4766 autem
384 4723 505 4763 esse
534 4716 813 4778 putantur.
845 4702 989 4758 Sunt
1016 4702 1205 4757 lascivi
1233 4699 1455 4771 quidem
1482 4700 1552 4755 ab
1583 4700 1755 4763 intus,

159 4818 194 4858 a
225 4800 361 4855 foris
395 4808 576 4854 autem
601 4807 785 4854 castos
817 4812 876 4852 se
906 4810 1028 4850 esse
1053 4793 1371 4858 ostendunt,
1404 4792 1759 4848 simulatores

155 4893 438 4950 castitatis
462 4900 518 4947 et
544 4889 875 4961 virginitatis
912 4887 1150 4942 fictores.
1190 4884 1254 4939 Et
1284 4885 1375 4940 alii
1403 4884 1758 4940 simulatores

162 4986 411 5057 iustitiae,
439 4999 565 5039 cum
610 4984 721 5039 sint
753 4982 823 5037 ab
866 4982 1017 5036 intus
1059 4979 1256 5049 iniqui,
1302 4987 1356 5033 et
1399 4979 1491 5033 alii
1526 4979 1762 5033 aliarum

163 5077 435 5132 virtutum
467 5076 817 5167 simulatores
863 5073 1159 5138 exsistunt,
1194 5086 1319 5128 cum
1356 5071 1467 5128 sint
1503 5073 1572 5126 ab
1617 5073 1765 5127 intus

163 5170 468 5228 contrariis
506 5165 651 5223 vitiis
679 5168 853 5238 pleni.
893 5165 1036 5222 Sunt
1064 5166 1286 5237 quidam
1316 5172 1371 5219 et
1413 5165 1654 5235 martyrii
1697 5165 1771 5219 si-

165 5264 510 5329 mulatores;
547 5261 767 5332 quidam
798 5270 980 5316 autem
1012 5259 1385 5331 episcopatus,
1417 5256 1500 5313 vel
1537 5257 1762 5327 presby-

167 5366 402 5421 teratus,
446 5356 532 5409 vel
576 5354 920 5419 diaconatus,
952 5352 1040 5407 vel
1084 5350 1473 5407 ecclesiasticae
1521 5349 1764 5405 scientiae

167 5449 252 5501 vel
280 5447 567 5510 doctrinae,
596 5455 804 5501 tantum
839 5458 1102 5514 personas
1127 5450 1182 5498 et
1204 5441 1623 5497 ostentationem
1652 5441 1767 5493 vir-

170 5549 355 5594 tutum
382 5537 664 5602 habentes,
693 5552 819 5591 vere
843 5544 1025 5590 autem
1050 5542 1182 5590 sunt
1208 5532 1416 5588 inimici
1445 5533 1762 5587 earumdem

176 5633 450 5684 virtutum
487 5645 626 5699 quas
667 5627 952 5683 simulant.

245 5723 341 5778 25.
396 5721 484 5778 Va:
514 5722 677 5789 vobis,
712 5718 914 5774 Scriba:
942 5725 992 5770 et
1030 5715 1303 5771 Pltaristzi
1338 5716 1649 5786 Itypocrittv,
1677 5714 1769 5786 qni

250 5913 297 5951 ³⁵³
335 5910 524 5969 Matth.
556 5924 711 5973 χχιιι,
741 5907 808 5962 '27
841 5916 893 5963 et
927 5921 1079 5967 seua.
1161 5904 1176 5936 ⁸
1219 5900 1361 5958 Psal.
1397 5914 1582 5963 utut,
1613 5897 1663 5951 6.

1742 5895 1759 5925 ²
1800 5890 1990 5946 Matth.
2039 5905 2193 5951 xx'm,
2222 5885 2291 5941 ‘29
2328 5896 2375 5938 et
2414 5897 2563 5951 seqq.

1862 3368 2028 3427 minis
2058 3375 2164 3433 est,
2198 3363 2359 3435 cujus
2390 3363 2464 3418 sit
2491 3360 2661 3426 illius,
2692 3354 2823 3413 boni
2855 3351 2978 3417 viri,
3023 3360 3120 3406 aut
3150 3344 3276 3401 mali
3319 3342 3443 3398 viri.

1830 3488 1833 3491 λ
1860 3467 2002 3540 Ergo
2032 3480 2210 3537 neque
2241 3470 2466 3535 propter
2500 3457 2633 3515 illud
2664 3457 2794 3528 quia
2825 3441 3446 3540 aedificabantsepulcra

1861 3535 2278 3631 prophetarum,
2305 3564 2361 3611 et
2401 3552 2695 3609 dicebant:
2731 3546 2791 3604 Si
2836 3545 3122 3616 fuissemus
3169 3539 3227 3631 in
3264 3535 3448 3590 diebus

1858 3629 2071 3722 patrum
2114 3658 2436 3712 nostrorum,
2467 3658 2570 3697 non
2612 3654 2843 3696 essemus
2884 3636 2984 3702 rei,
3020 3632 3108 3688 vel
3146 3629 3227 3684 rei
3267 3635 3446 3692 erant,

1861 3720 1947 3798 vel
1978 3743 2334 3807 innocentes;
2360 3737 2456 3792 sed
2482 3735 2610 3805 quia
2639 3732 2806 3787 rebus
2837 3728 2972 3799 ipsis
3002 3735 3057 3780 et
3087 3720 3452 3778 similitudine

1862 3835 2173 3892 facinorum
2207 3829 2582 3888 testimonium
2613 3825 2718 3881 sibi
2747 3820 3049 3877 reddebant
3078 3831 3202 3873 esse
3226 3832 3287 3872 se
3312 3813 3450 3868 filios

1859 3944 2056 3985 eorum
2083 3927 2181 3999 qui
2209 3924 2530 3983 occiderunt
2560 3919 2873 3991 prophetas,
2912 3912 3200 3983 implentes
3229 3921 3453 3964 mensu-

1860 4038 1977 4078 ram
2003 3998 2218 4093 patrum
2240 4031 2490 4082 suorum,
2513 4022 2569 4069 et
2597 4013 2778 4067 adhuc
2801 4006 3119 4079 adjicientes
3148 4000 3295 4073 quod
3330 3998 3455 4054 fuco

1862 4123 1944 4168 rat
1961 4114 2163 4175 minus,
2185 4109 2499 4180 supplentes
2522 4100 2954 4159 interfectionem
2973 4095 3359 4167 prophetarum
3378 4099 3456 4144 at-

1859 4221 1967 4277 que
1989 4205 2267 4276 iustorum
2293 4197 2674 4256 interiectione
2695 4191 2899 4248 Christi
2927 4188 3052 4244 Filii
3077 4187 3195 4243 Dei.
3222 4183 3453 4252 Propter

1858 4307 2004 4377 quod
2039 4303 2297 4376 possibile
2322 4314 2431 4356 non
2462 4307 2582 4353 erat
2600 4296 2690 4366 qui
2729 4290 3046 4364 huiusmodi
3073 4297 3200 4344 actu
3247 4285 3459 4377 detine-

1860 4375 2057 4454 bantur
2087 4394 2334 4460 obnoxii,
2375 4391 2563 4462 fugere
2592 4403 2622 4442 a
2659 4386 2869 4457 judicio
2913 4382 3195 4453 gehennae.
3240 4375 3454 4443 Quibus

1861 4506 1962 4545 nec
1994 4486 2206 4544 sull‘ecit
2239 4482 2462 4553 sanguis
2491 4478 2720 4543 Christi,
2749 4476 2842 4531 sed
2867 4474 3048 4529 adhuc
3075 4470 3199 4525 illos
3222 4466 3457 4539 prophe-

1864 4593 1947 4637 tas
1972 4593 2022 4636 et
2055 4580 2276 4635 Scribas
2308 4577 2404 4647 qui
2437 4574 2662 4629 fuerunt
2702 4569 2855 4625 missi
2898 4582 2929 4622 a
2961 4564 3201 4629 Christo,
3235 4558 3459 4614 interfe-

1863 4682 2059 4730 cerunt
2086 4681 2140 4726 et
2183 4668 2598 4728 cruciﬁxerunt,
2644 4662 2698 4716 in
2745 4655 3037 4732 synagogis
3068 4655 3185 4710 suis
3221 4650 3461 4722 ﬂagella-

1875 4773 2075 4819 verunt
2114 4769 2169 4816 et
2206 4754 2477 4831 persecuti
2525 4759 2655 4810 sunt
2684 4750 2752 4805 de
2795 4746 3017 4803 civitate
3059 4742 3115 4796 in
3158 4739 3458 4796 civitatem.

1878 4861 1986 4916 Pro
2025 4859 2227 4932 quibus
2256 4855 2517 4913 omnibus
2560 4846 3001 4907 homicidialibus
3037 4838 3346 4932 commissis
3362 4835 3462 4932 Δία·

1879 4965 2025 5012 stum
2045 4929 2233 5007 fuerat
2256 4965 2352 5006 eos
2379 4947 2491 5019 pati
2518 4943 2792 5001 excidium
2822 4935 3150 5000 Jerusalem,
3177 4929 3463 5000 captivita-

1872 5057 1979 5102 tem
2010 5045 2218 5116 populi,
2246 5018 2508 5112 patientia
2534 5035 2630 5091 Dei
2663 5028 3096 5104 magnitudinem
3124 5032 3179 5078 et
3213 5018 3464 5116 multitu-

1868 5112 2050 5195 dinem
2082 5112 2405 5190 facinorum
2445 5143 2637 5185 eorum
2690 5122 2925 5181 ulterius
2976 5132 3085 5173 non
3130 5112 3461 5170 sustinente.

1872 5237 2033 5295 Venit
2065 5246 2247 5291 autem
2294 5233 2347 5286 in
2383 5229 2787 5303 generationem
2836 5233 3027 5277 eorum
3067 5214 3161 5286 qui
3206 5209 3467 5281 impleve—

1864 5339 1988 5388 rant
2021 5342 2335 5384 mensuram
2368 5333 2586 5396 patrum
2628 5330 2880 5381 suorum,
2911 5320 2966 5366 Cl
2998 5309 3471 5396 SUPCI'DOSUCI‘IIM

1867 5423 1996 5481 Iesu
2037 5419 2244 5476 Christi
2291 5394 2610 5489 prophetas,
2659 5421 2713 5465 et
2765 5406 3064 5477 sapientes,
3119 5407 3174 5453 et
3224 5394 3469 5459 Scribas,

1875 5518 2047 5573 omnis
2085 5512 2306 5583 sanguis
2345 5510 2527 5580 justus
2570 5504 2661 5576 qui
2699 5496 2995 5570 effunditur
3022 5506 3179 5562 super
3214 5497 3408 5541 terram
3438 5499 3473 5537 α

1871 5611 2128 5683 sanguine
2167 5606 2296 5664 Abel
2331 5606 2503 5677 justi,
2532 5616 2695 5672 usque
2737 5597 2806 5650 ad
2837 5591 3149 5663 sanguinem
3194 5583 3475 5683 lacuaria:

1875 5674 2287 5776 ﬁliivliarachite
2316 5674 2361 5765 ί,
2395 5701 2556 5768 cujus
2588 5689 3025 5749 interfectionem
3057 5683 3288 5752 imputat
3323 5674 3478 5733 Scri-

2642 5879 2660 5910 ³
2690 5876 2877 5933 Matth.
2916 5887 3072 5938 XXIII,
3100 5869 3191 5926 55.

2656 6033 2712 6138 Ι
