4004 6576
211 447 350 502 16ῖὸ

1378 437 2033 499 COMMENTARIORUM
2073 443 2337 500 SERIES.

3333 455 3471 509 1651

205 564 407 636 puniti.
452 559 567 617 Non
595 577 728 633 ergo
759 567 1041 632 peccatum
1067 559 1210 628 quod
1245 563 1490 630 peccavit
1522 561 1654 618 Cain
1700 564 1783 616 in-
1812 567 1856 624 Α
1885 564 2040 633 quasi
2090 564 2222 619 nihil
2273 562 2515 634 spiritale
2559 562 2840 621 habentes.
2880 565 2944 622 Et
2992 584 3120 624 vere
3174 569 3472 642 hypocrita:

205 655 483 711 terficiens
522 653 740 708 fratrem
781 667 965 716 suum,
1014 658 1108 704 aut
1139 662 1422 720 peccatum
1453 669 1642 708 eorum
1691 653 1783 724 qui

204 747 599 805 interfecerunt
625 745 940 816 prophetas,
967 745 1207 814 suscepit
1240 745 1358 799 haec
1383 745 1661 815 generatio
1690 745 1786 799 Ju-

202 841 448 897 dazorum
487 856 608 910 qum
641 838 744 893 fuit
782 839 834 893 in
879 847 1123 908 tempore
1161 839 1397 904 Christi;
1441 839 1532 895 sed
1563 848 1783 908 oporte-

202 934 299 990 bat
339 931 655 1003 patientiam
703 929 796 986 Dei
837 945 961 1000 qua:
1003 928 1106 984 fuit
1148 930 1201 984 in
1245 939 1402 1000 gente
1449 929 1782 994 Judzcorum,

201 1026 348 1082 finiri
385 1025 680 1090 mensuris,
711 1033 771 1079 ut
804 1030 926 1093 post
954 1022 1151 1078 multas
1183 1022 1478 1078 effusiones
1502 1022 1784 1093 sanguinis

201 1118 592 1188 pr0phetarum
624 1125 678 1171 et
706 1115 1004 1185 justorum,
1035 1131 1141 1168 non
1169 1113 1410 1169 desolata
1440 1115 1592 1184 prius
1625 1114 1784 1170 Jeru-

200 1213 370 1267 salem
401 1220 455 1267 et
485 1210 691 1276 Judaza,
741 1209 843 1264 hoc
887 1217 1163 1278 pateretur
1195 1217 1382 1279 postea
1428 1208 1480 1262 in
1521 1208 1782 1278 sanguine

197 1305 428 1370 Christi,
457 1312 510 1357 et
549 1311 769 1372 propter
793 1301 896 1356 hoc
923 1301 1308 1372 longanimiter
1336 1300 1446 1356 Dco
1476 1309 1688 1372 agente,
1722 1310 1782 1355 ut

199 1397 470 1466 accipiant
505 1393 709 1450 Scriba:
739 1403 794 1447 et
843 1392 1128 1459 Pharisaai,
1161 1393 1358 1464 papulo
1387 1393 1778 1462 complaeente,

197 1483 520 1551 sanguinem
549 1481 934 1552 prophetarum
960 1479 1184 1544 Christi,
1211 1491 1264 1536 et
1285 1483 1582 1538 secundum
1610 1480 1784 1536 Evan-

195 1575 400 1645 gelium
433 1573 759 1644 sapientium
792 1582 844 1628 et
890 1572 1206 1627 Scribarum
1246 1589 1384 1645 quos
1435 1575 1777 1640 occiderunt,

193 1675 250 1722 et
281 1666 690 1728 cruciﬁxerunt,
723 1675 775 1719 et
800 1666 1203 1734 castigaverunt
1235 1667 1287 1720 in
1321 1667 1608 1738 synagogis
1641 1670 1776 1734 suis,

193 1768 250 1814 et
281 1759 552 1829 persecuti
579 1769 708 1812 sunt
735 1757 802 1813 de
828 1760 1048 1814 civitate
1081 1759 1135 1813 in
1167 1759 1440 1815 civitatem
1470 1779 1483 1815 :
1510 1769 1569 1814 ut
1589 1759 1778 1830 ejectis

192 1853 455 1910 omnibus
487 1852 554 1908 de
604 1850 809 1914 Judaea,
844 1851 1119 1906 desoletur
1162 1853 1315 1908 locus
1365 1861 1664 1907 evacuatus
1707 1853 1776 1906 ab

1889 666 2038 720 sunt,
2071 658 2188 711 sola
2217 657 2464 726 sepulcra
2497 657 2884 729 pmphetarum
2931 662 3263 731 corporalem
3293 663 3469 718 histo-

1888 749 2025 802 riam
2053 750 2385 805 continentia
2409 751 2740 805 aedilicantes
2760 758 2814 804 et
2836 759 3113 818 ornantes,
3135 752 3186 806 id
3213 763 3296 808 est
3325 754 3470 809 Scri-

1885 852 2075 911 pturas
2109 842 2255 911 ipsas
2287 852 2338 898 et
2387 844 2557 900 libros
2613 845 2997 914 prophetarum
3023 847 3298 902 studentes
3329 865 3343 901 :
3375 849 3468 918 qui

1885 949 1993 989 non
2045 934 2404 1005 intelligentcs
2450 936 2710 1006 quoniam
2763 951 2994 1006 corpora
3026 946 3238 992 mortua
3278 940 3467 994 colen-

1889 1039 1987 1092 tes,
2028 1027 2078 1082 id
2106 1036 2188 1082 est
2215 1027 2528 1084 historialcs
2573 1031 2938 1095 narrationes,
2970 1029 3224 1086 videntur
3248 1032 3465 1101 quidem

1885 1116 1971 1185 pic
1998 1132 2155 1187 agere
2201 1117 2346 1171 circa
2393 1119 2711 1172 memoriam
2741 1119 3150 1188 prophetarum,
3185 1120 3336 1191 impii
3370 1137 3469 1176 au-

1885 1216 1991 1263 tem
2027 1217 2154 1263 sunt
2188 1227 2201 1262 :
2231 1217 2284 1263 et
2318 1225 2427 1264 non
2455 1225 2576 1264 esse
2605 1225 2664 1265 se
2694 1211 2874 1266 socios
2908 1227 3096 1266 eorum
3123 1213 3216 1282 qui
3248 1212 3492 1268 interfe-'

1882 1307 2073 1352 cerunt
2104 1299 2419 1370 prophetas,
2458 1313 2554 1368 per
2577 1299 2681 1356 hoc
2709 1301 2886 1370 ipsum
2941 1299 3232 1358 defendere
3259 1303 3466 1371 volunt,

1882 1401 2188 1460 arguuntur
2236 1403 2414 1448 autem
2464 1393 2784 1464 adjicientes
2808 1409 2972 1465 super
3008 1393 3251 1450 facinora
3275 1411 3465 1452 eorum

1881 1484 1973 1552 qui
2002 1484 2390 1541 interfecerunt
2416 1486 2728 1556 pr0phetas,
2747 1495 2798 1541 et
2828 1487 3115 1557 implentes
3145 1503 3464 1544 mensuram

1882 1573 2186 1643 iniquitatis
2236 1574 2480 1645 ipsorum
2535 1590 2632 1645 per
2683 1576 2786 1630 hoc
2819 1576 2995 1646 ipsum
3027 1578 3174 1647 quod
3207 1594 3313 1632 non
3344 1594 3465 1634 ere-

1880 1666 2017 1720 duut
2039 1667 2091 1719 in
2120 1666 2422 1732 Christum,
2441 1682 2601 1738 quem
2630 1683 2736 1723 non
2765 1667 3042 1738 simplices
3069 1668 3310 1725 historia:
3333 1685 3462 1740 pro-

1882 1757 2192 1827 phetarum,
2244 1757 2337 1813 sed
2389 1758 2651 1827 spiritalis
2698 1775 2886 1814 earum
2935 1758 3193 1829 praedicat
3245 1774 3462 1815 sensus.

1881 1846 2006 1902 Scio
2048 1857 2227 1902 autem
2273 1847 2641 1904 indubitanter
2677 1851 2822 1921 quod
2856 1850 3058 1921 ubique
3085 1866 3251 1906 causa
3284 1850 3465 1905 inere-

193 1942 454 1998 omnibus
523 1945 748 2007 sanctis,
808 1950 863 1996 et
929 1945 1168 2013 patiatur
1236 1959 1577 2014 quaecunque
1644 1953 1773 1999 sunt
1812 1941 1852 1998 li
1881 1941 2122 1997 dulitatis
2147 1940 2459 1997 Judieorum
2487 1944 2697 1998 exstitit
2727 1944 2852 2013 ista,
2874 1955 2938 2002 ut
2966 1961 3072 2001 non
3102 1944 3466 2015 intelligerent

195 2037 343 2107 passi
368 2052 400 2091 a
435 2035 774 2107 Vespasiano
808 2043 862 2091 et
891 2035 1035 2091 Tito.
1073 2033 1200 2091 Haec
1229 2036 1584 2106 corporaliter
1610 2051 1776 2108 expo-

193 2129 431 2183 suimus.

262 2218 354 2274 S7.
389 2217 445 2274 Si
479 2228 657 2274 autem
685 2229 737 2274 et
762 2219 1044 2275 moraliter
1079 2218 1193 2273 haec
1233 2217 1348 2288 ipsa
1376 2228 1586 2288 oportet
1615 2237 1776 2291 expo-

194 2327 345 2377 nere,
375 2311 497 2365 talia
529 2312 772 2367 dicemus
803 2313 856 2367 in
912 2313 1054 2367 loco.
1105 2311 1374 2377 Arbitror,
1421 2313 1563 2368 sicut
1611 2313 1774 2369 Chri-

193 2413 316 2459 stus
358 2405 564 2460 celatus
593 2405 739 2459 venit
772 2405 823 2458 in
857 2419 1109 2475 corpore,
1144 2413 1201 2460 ut
1242 2420 1272 2459 a
1306 2406 1618 2462 carnalibus
1649 2408 1774 2478 qui-

192 2492 318 2547 dem
352 2491 584 2563 speciem
635 2493 884 2563 corporis
932 2493 1051 2563 ejus
1099 2494 1518 2564 aspicientibus,
1565 2505 1618 2551 et
1665 2512 1774 2551 non

195 2584 425 2640 virtutes
463 2585 958 2654 considerantibus,
999 2586 1164 2640 homo
1205 2585 1504 2656 videretur,
1534 2589 1576 2659 ja
1609 2588 1773 2658 spiri-

191 2677 398 2733 talibus
425 2685 604 2733 autem
638 2692 746 2731 non
783 2678 1018 2747 speciem
1049 2677 1300 2748 corporis
1347 2681 1772 2747 attendentibus,

195 2771 292 2827 sed
329 2786 489 2840 opera
523 2770 780 2824 virtutum
825 2771 944 2840 ejus
985 2771 1482 2839 considerantibus,
1518 2773 1661 2829 Deus
1689 2775 1776 2830 in-

194 2861 556 2931 telligeretur;
590 2863 669 2917 sic
711 2870 796 2918 est
825 2861 1005 2917 omnis
1048 2861 1333 2932 Scriptura
1365 2864 1552 2919 divina
1591 2866 1777 2922 incor-

194 2964 407 3022 porata,
438 2955 677 3008 maxime
722 2964 903 3009 autem
949 2952 1162 3011 Veteris
1200 2954 1557 3014 Testamenti.
1603 2958 1776 3029 Spiri-

193 3045 487 3101 talisenim
528 3057 581 3101 et
610 3045 960 3117 propheticus
998 3063 1194 3104 sensus
1244 3048 1539 3121 Scriptura
1569 3053 1775 3109 celatus

191 3147 277 3194 est
301 3138 355 3220 in
391 3138 617 3194 historia
657 3139 731 3192 rei
767 3140 1080 3210 proposita),
1127 3151 1187 3197 ut
1215 3145 1393 3198 omnis
1427 3141 1710 3214 Scriptura
1743 3159 1774 3200 a

191 3229 562 3286 mediocribus
592 3230 809 3300 quidem
855 3233 1155 3287 secundum
1187 3234 1468 3290 historiam
1504 3231 1773 3305 intelliga-

1875 2033 2058 2089 Jesum
2109 2034 2264 2104 quasi
2309 2034 2588 2089 Christum
2627 2034 2743 2104 Dei,
2793 2037 3050 2108 quoniam
3095 2053 3310 2106 semper
3347 2037 3465 2091 ani-

1877 2143 2026 2182 mum
2057 2142 2218 2182 suum
2255 2126 2522 2180 dederunt
2551 2126 2694 2181 circa
2735 2127 2990 2185 historias
3017 2130 3350 2198 corporales,
3378 2128 3463 2182 ni-

1877 2217 1953 2271 hil
1981 2216 2224 2286 spiritale
2257 2215 2309 2270 in
2337 2217 2415 2272 eis
2439 2218 2661 2272 credere
2681 2221 2942 2275 volentes.
2971 2219 3192 2291 Utputa,
3223 2221 3456 2290 exempli

1876 2307 2280 2363 introducimus
2308 2323 2474 2363 causa
2514 2311 2658 2378 quod
2693 2311 2747 2365 in
2778 2309 3041 2367 Zacharia
3085 2313 3462 2383 prophetatur,

1876 2410 1931 2456 et
1961 2401 2197 2458 dicitur"
2223 2401 2381 2472 quasi
2419 2416 2584 2470 super
2612 2405 2822 2459 asinam
2863 2413 2917 2460 et
2944 2405 3150 2475 pullum
3179 2405 3462 2476 ingressu-

1879 2509 1972 2548 rus
2038 2494 2093 2548 in
2145 2493 2446 2552 Jerusalem
2475 2538 2490 2564 ,
2535 2505 2589 2550 et
2634 2497 3098 2554 ex‘terminaturus
3148 2513 3344 2553 currus
3396 2511 3466 2552 ex

1877 2583 2135 2655 Ephrem,
2163 2595 2217 2641 et
2247 2604 2448 2658 equum
2494 2606 2559 2645 ex
2589 2589 2913 2646 Jerusalem.
2943 2587 3056 2645 Hoc
3105 2590 3150 2645 si
3203 2590 3327 2659 quis
3373 2605 3464 2644 se-

1877 2676 2115 2732 cundum
2167 2677 2361 2734 litterae
2406 2677 2691 2734 historiam
2722 2679 3022 2749 intelligere
3048 2677 3179 2733 velit
3206 2677 3274 2731 de
3300 2677 3464 2732 Chri-

1877 2778 1983 2831 sto,
2019 2783 2126 2824 non
2157 2770 2428 2826 convenit.
2458 2769 2569 2826 Nec
2596 2771 2741 2826 enim
2768 2770 3057 2840 exponitur
3081 2769 3334 2825 Christus
3365 2783 3463 2823 ex-

1877 2861 2202 2916 terminasse
2227 2877 2294 2916 ex
2326 2861 2562 2932 Ephrem
2590 2862 2904 2932 corporales
2931 2877 2996 2916 ac
3018 2861 3306 2916 sensibiles
3337 2876 3466 2916 cur-

1883 2969 2000 3019 rus,
2038 2967 2138 3008 nec
2185 2969 2388 3024 equum
2439 2956 2778 3025 corporalem
2815 2954 2884 3008 ab
2929 2952 3229 3008 Jerusalem
3271 2967 3467 3022 carpo-

1877 3046 1999 3100 rali.
2037 3044 2141 3100 Sed
2171 3047 2216 3101 si
2239 3046 2442 3101 videris
2470 3047 2612 3114 apud
2654 3047 2938 3101 haereticos
2963 3055 3264 3100 conventus
3290 3045 3464 3114 ipsius

1880 3137 2148 3194 mendacii
2177 3138 2335 3208 quasi
2375 3139 2611 3209 quodam
2639 3139 2772 3208 jugo
2798 3138 3102 3208 copulatos,
3137 3145 3192 3192 et
3221 3137 3361 3192 inter
3399 3153 3461 3192 se

1879 3231 2019 3286 male
2044 3232 2366 3296 concordes,
2391 3248 2529 3304 quos
2560 3245 2743 3286 sermo
2771 3230 3323 3296 veritatisdestruere
3362 3245 3458 3286 so-

191 3332 304 3389 tur,
335 3339 364 3378 a
397 3298 729 3393 spiritalibus
759 3332 940 3379 autem
968 3333 1022 3381 et
1045 3325 1300 3396 perfectis
1331 3328 1633 3383 secundum
1667 3298 1776 3400 my-
1801 3298 1844 3357 θ
1877 3323 1971 3390 let,
2000 3324 2208 3380 videbis
2232 3298 2511 3394 quomodo
2533 3322 2786 3378 Christus
2817 3321 2914 3378 Dei
2943 3321 3177 3377 Verbum
3203 3321 3462 3376 extermi-

191 3415 421 3470 sterium
445 3415 704 3485 spiritale.
728 3414 837 3471 Hac
854 3416 1134 3485 praemissa
1156 3417 1472 3488 praefatione
1489 3419 1776 3474 redeamus

191 3509 262 3563 ad
294 3510 541 3564 verbum.
572 3507 841 3575 Quoniam
883 3510 1027 3566 sicut
1053 3510 1108 3564 in
1146 3511 1279 3582 ipsis
1313 3512 1593 3582 prophetis
1620 3529 1776 3568 rece-

193 3602 451 3657 dentibus
492 3601 561 3656 ab
584 3601 687 3658 hac
721 3600 854 3668 vita,
889 3615 1121 3673 corpora
1149 3601 1370 3673 quidem
1403 3619 1592 3658 eorum
1621 3611 1778 3660 erant

190 3695 248 3749 in
272 3694 558 3766 sepulcris,
575 3695 771 3748 animai
796 3705 976 3750 autem
997 3703 1050 3750 et
1069 3695 1293 3766 spiritus
1316 3695 1370 3749 in
1398 3697 1617 3767 regione
1635 3696 1778 3752 vivo-

188 3805 341 3853 rum,
361 3789 441 3844 sie
458 3799 510 3842 ct
533 3790 584 3841 in
604 3786 936 3857 prepheticis
961 3786 1293 3842 dictionibus
1315 3799 1396 3841 est
1425 3786 1775 3842 animadver-

189 3882 436 3947 tendum,
459 3890 518 3935 ut
542 3878 780 3934 narratio
799 3877 1016 3950 quidem
1041 3891 1254 3944 eorum,
1275 3865 1573 3933 secundum
1604 3878 1777 3934 histo-

187 3975 329 4028 riam
358 3970 521 4043 84³1
551 3970 878 4041 simplicem,
910 3969 981 4026 sit
1006 3984 1208 4040 corpus
1242 3987 1255 4023 τ
1283 3968 1546 4039 spiritalis
1592 3978 1772 4024 autem

188 4079 411 4128 sensus,
457 4073 511 4118 et
566 4064 682 4134 ipsa
739 4062 1146 4132 Scripturarum
1195 4061 1385 4116 intima
1435 4061 1656 4126 veritas,
1705 4061 1776 4116 sit

187 4157 374 4211 anima
397 4165 451 4210 et
475 4157 699 4227 spiritus
724 4156 815 4226 qui
842 4154 1112 4209 inhabitat
1130 4154 1186 4209 in
1216 4152 1624 4210 narrationibus
1646 4151 1778 4207 sim-

187 4247 513 4318 plicioribus
571 4250 869 4302 secundum
916 4247 1226 4303 historiam.
1277 4245 1536 4316 Sepulcra
1590 4253 1772 4300 autem

183 4340 579 4412 prophetarum
629 4357 737 4396 non
788 4341 1232 4396 inconvenienter
1257 4355 1551 4411 possumus
1584 4337 1774 4394 existi-

186 4451 344 4490 mare
389 4435 596 4490 litteras
627 4435 773 4505 ipsas
801 4435 1232 4506 Scripturarum,
1263 4443 1317 4489 et
1343 4434 1532 4497 libros,
1566 4432 1618 4484 in
1652 4429 1775 4500 qui-

185 4527 295 4582 bus
325 4527 590 4582 collocata
637 4529 878 4584 narratio
911 4537 1214 4600 permanet,
1257 4525 1414 4596 quasi
1439 4538 1639 4592 corpus
1668 4521 1772 4576 alio

184 4620 335 4691 quod
369 4621 604 4691 positum
640 4622 695 4675 in
725 4623 1010 4691 sepulcris.
1037 4619 1143 4688 Qui
1172 4632 1302 4687 ergo
1327 4615 1592 4686 spiritalia
1622 4612 1770 4669 Serio
1801 4645 1846 4704 ο

183 4723 496 4784 pturarum,
537 4723 592 4769 et
621 4714 901 4787 veritatem
929 4729 1118 4769 earum
1153 4711 1383 4766 interius
1413 4708 1641 4763 celatam
1681 4707 1768 4761 in-

181 4807 438 4878 telligunt
470 4817 525 4862 et
557 4807 881 4877 suscipiunt,
908 4807 1110 4861 habent
1136 4805 1190 4858 in
1222 4797 1281 4858 se
1306 4801 1522 4855 animas
1566 4807 1620 4855 et
1659 4799 1770 4870 spi-

181 4901 329 4955 ritus
377 4900 782 4970 prophetarum,
813 4897 914 4969 ipsi
954 4893 1112 4969 quasi
1138 4895 1288 4965 regio
1315 4893 1617 4949 viventium
1645 4907 1771 4961 pro-

182 4994 474 5064 phetarum
509 4993 706 5049 effecti.
741 4993 845 5062 Qui
877 5001 1058 5048 autem
1088 4989 1180 5044 illa
1206 5003 1315 5042 non
1349 4987 1573 5056 capiunt
1596 4999 1772 5054 neque

182 5088 502 5156 requirunt,
534 5086 626 5141 sed
665 5086 964 5156 simplicem
990 5080 1359 5138 narrationem
1393 5086 1447 5133 et
1486 5077 1771 5133 historiam

177 5183 264 5238 rei
297 5181 471 5237 solam
526 5181 834 5246 attendunt,
884 5191 1112 5248 corpora
1151 5161 1549 5247 prophetarum
1588 5172 1776 5228 colunt

187 5274 247 5329 in
280 5273 480 5330 litteris
529 5273 727 5344 posita,
765 5280 819 5326 et
864 5272 918 5324 in
966 5268 1121 5324 libris
1172 5266 1329 5336 quasi
1362 5265 1417 5319 in
1447 5264 1774 5335 quibusdam

180 5367 474 5441 sepulcris,
498 5368 687 5437 quales
711 5365 930 5420 fuerunt
959 5373 1014 5418 et
1039 5361 1323 5426 Pharisaai,
1354 5359 1447 5430 qui
1476 5366 1622 5414 recte
1641 5357 1778 5413 Pha-

185 5461 335 5518 risaei
388 5468 518 5516 sunt
565 5457 839 5529 appellati,
874 5456 925 5510 id
980 5463 1065 5510 e‘st
1111 5453 1342 5519 prwcisi,
1367 5451 1460 5522 qui
1506 5451 1772 5521 spiritalia

189 5555 582 5626 prophetarum
655 5547 924 5621 corporali
947 5547 1174 5602 historia
1200 5545 1582 5616 praeciderunt,
1612 5542 1770 5613 quasi

181 5649 430 5701 animam
458 5642 846 5715 prophetarum
877 5637 1206 5703 expellentes
1234 5651 1265 5690 a
1303 5645 1556 5704 corpore,
1591 5641 1646 5688 et
1674 5647 1771 5687 oc-

183 5737 432 5795 cidentes
497 5735 644 5804 ipsas
701 5729 1032 5802 prophetias,
1073 5738 1128 5784 ct
1177 5727 1459 5783 exanimes
1505 5719 1767 5779 facientes

1877 3427 1970 3472 nat
2015 3433 2212 3474 currus
2262 3417 2535 3488 spiritales
2577 3433 2643 3472 ex
2675 3415 2912 3487 Ephrem
2941 3417 3192 3487 spiritali.
3222 3415 3460 3485 Ephrem

1875 3512 2020 3567 cnim
2052 3527 2265 3582 semper
2295 3513 2346 3567 in
2379 3513 2550 3581 llgura
2585 3511 2851 3565 haeresum
2887 3510 3129 3580 ponitur,
3155 3510 3248 3580 qui
3281 3524 3340 3564 se
3375 3523 3465 3564 se-

1876 3611 2208 3672 paraverunt
2235 3617 2265 3656 a
2291 3599 2497 3658 Christi
2524 3599 2789 3668 Ecclesia,
2823 3601 2967 3658 sicut
2992 3600 3225 3672 Ephrem
3257 3615 3286 3654 a
3317 3601 3463 3655 tribu

1873 3693 2035 3773 Juda.
2068 3694 2159 3750 Sic
2203 3695 2348 3749 enim
2401 3695 2723 3765 spiritaliter
2769 3709 2971 3765 equum
3014 3703 3069 3748 et
3111 3707 3462 3748 ascensorem

1876 3787 2256 3860 Egyptiorum
2291 3789 2519 3858 projccit
2548 3788 2602 3842 in
2631 3801 2781 3843 mare
2808 3803 2990 3842 sermo
3025 3787 3263 3849 dixinus,
3298 3786 3350 3840 id
3377 3793 3462 3841 est

1879 3863 2104 3950 impium
2134 3879 2311 3934 virum
2344 3895 2468 3934 cum
2494 3878 2714 3933 diabolo
2743 3891 3034 3934 ascensore
3055 3885 3108 3932 et
3139 3876 3462 3947 instigatore

1875 3970 2068 4042 ipsius.
2087 3970 2179 4026 Sic
2201 3979 2254 4024 ct
2276 3985 2476 4039 equum
2499 3968 2883 4024 exterminavit
2907 3968 2974 4022 ab
2996 3965 3318 4032 Jerusalem,
3336 3965 3462 4036 qui-

1875 4077 2093 4134 cunque
2138 4063 2358 4117 diabolo
2398 4060 2678 4116 asccnsori
2724 4060 3004 4130 subjectus
3050 4057 3232 4124 fuerit,
3256 4066 3311 4113 et
3349 4047 3460 4112 non

1873 4155 2118 4220 Christo,
2143 4153 2286 4209 sicut
2312 4152 2384 4206 illi
2429 4152 2554 4223 equi
2600 4150 2962 4221 aeceptabilcs
2987 4150 3212 4215 Christi,
3240 4150 3306 4204 de.
3331 4148 3454 4218 qui~

1873 4248 1976 4302 bus
2002 4246 2133 4300 dicit
2159 4242 2412 4298 l‘labacuc
2432 4243 2455 4275 ⁸
2482 4261 2496 4297 :
2525 4242 2656 4308 Qui:
2676 4242 2920 4296 ascendet
2945 4257 3099 4311 super
3129 4255 3285 4311 equos
3313 4242 3462 4296 tuos.’

1873 4348 1920 4393 et
1949 4339 2217 4408 equitatus
2251 4345 2370 4388 tuus
2400 4335 2628 4401 sanitas,
2661 4335 2713 4389 ld
2755 4341 2838 4390 est
2863 4349 3027 4403 super
3051 4333 3329 4402 apostolos
3349 4346 3460 4388 cae-

1877 4443 2131 4502 terosque
2176 4438 2397 4486 sanctos
2447 4428 2503 4482 in
2545 4428 2746 4498 quibus
2790 4425 3001 4481 habitat
3020 4423 3296 4481 Christus.
3321 4423 3461 4477 Pro-

1873 4533 2053 4595 pterca
2069 4522 2304 4577 dicimus
2325 4538 2338 4574 :
2361 4517 2434 4573 Ili
2451 4520 2504 4573 in
2520 4517 3150 4587 curribus'(ostendentes
3172 4513 3460 4584 Ephrem),

1871 4629 1918 4672 et
1955 4618 2009 4672 hi
2039 4617 2094 4671 in
2124 4617 2268 4687 equis
2312 4614 2702 4687 (ostendentes
2733 4611 3079 4667 adversarios
3107 4607 3460 4678 Jerusalem),

1877 4727 1969 4764 nos
2022 4718 2198 4764 autem
2245 4710 2300 4762 in
2353 4710 2559 4763 nomine
2604 4705 2701 4760 Dei
2747 4705 2913 4759 nostri
2956 4702 3462 4774 magni/icabimur:

1877 4804 1975 4873 ipsi
2005 4801 2224 4872 obligati
2247 4810 2390 4866 sunt,
2423 4812 2472 4855 et
2499 4799 2819 4862 ceciderunt,
2845 4808 2939 4850 nos
2965 4810 3082 4850 vero
3103 4793 3464 4855 surreximus,

1876 4903 1926 4952 et
1977 4897 2133 4950 erecti
2183 4907 2366 4950 Sumus
2385 4896 2427 4948 '.
2475 4892 2576 4960 Qui
2637 4891 3008 4946 testimonium
3057 4888 3158 4944 sibi
3205 4886 3460 4948 reddunt,

1877 4989 2004 5060 quia
2053 4995 2181 5044 sunt
2226 4987 2318 5043 filii
2361 4994 2552 5043 eerum
2600 4979 2691 5054 Qui
2733 4981 3123 5038 interfeCerUnt
3147 4977 3460 5048 prophetas,

1875 5097 1970 5152 per
1997 5081 2100 5136 hoc
2126 5081 2308 5150 ipsum
2334 5077 2477 5149 quod
2501 5077 2726 5146 implent
2749 5085 3061 5128 mensuram
3090 5077 3304 5140 patrum
3331 5079 3464 5122 suo-

1876 5185 2020 5237 rum,
2052 5183 2216 5240 super
2265 5169 2485 5224 illorum
2541 5165 2977 5222 incredulitatem
3030 5159 3348 5229 adjicientes
3379 5156 3464 5210 in-

1876 5263 2250 5318 credulitatem
2275 5263 2327 5316 in
2367 5259 2577 5324 Jesum,
2606 5273 2728 5328 quae
2767 5270 2876 5310 non
2903 5253 3122 5308 aliunde
3151 5247 3458 5314 descendit,

1880 5355 1984 5411 nisi
2015 5363 2082 5410 c'x
2112 5369 2179 5410 eo
2208 5352 2353 5424 quod
2382 5337 2489 5406 non
2523 5349 2651 5405 alibi
2682 5355 2894 5411 vacant,
2917 5344 3023 5400 nisi
3058 5342 3202 5398 circa
3232 5338 3461 5394 aedilicia

1881 5447 2256 5518 sepulcrorum
2287 5445 2744 5516 propheticorum,
2784 5439 2837 5494 id
2861 5445 2946 5494 est
2982 5437 3128 5493 circa
3150 5432 3462 5504 diligentias

1880 5540 2320 5612 propheticarum
2355 5538 2657 5592 litterarum
2700 5529 3078 5589 tantummodo
3103 5536 3266 5599 atque
3289 5525 3461 5581 libro-

1877 5644 2020 5683 rum.
2051 5627 2154 5682 Alii
2187 5636 2365 5681 autem
2396 5635 2523 5682 sunt
2553 5623 2758 5679 Scriba:
2788 5620 3032 5678 infelices
3059 5619 3212 5691 legis,
3243 5617 3332 5672 alii
3360 5630 3461 5670 au-

1876 5731 1982 5777 tem
2020 5728 2149 5776 sunt
2177 5718 2384 5776 Scrti
2407 5717 2498 5790 qui
2534 5719 2823 5773 mittuntur
2849 5731 2881 5771 a
2913 5712 3135 5770 Christo
3160 5708 3461 5768 secundum

276 5911 296 5939 ⁷
329 5907 496 5964 Zach.
535 5922 610 5973 Ix,
641 5905 696 5978 9,
730 5902 813 5960 l0.
892 5900 912 5929 "
939 5899 1121 5956 llabac
1189 5917 1272 5968 ιιι,
1314 5900 1365 5954 8.
1441 5901 1460 5932 ⁹
1500 5898 1646 5955 Psal.
1675 5911 1788 5966 xix,
1819 5896 1871 5952 8.
