4004 6540
570 378 712 434 Ιϐἶῦ

1729 376 2052 434 ORIGENIS
2090 376 2158 434 ΙΝ
2197 377 2615 436 MATTHIEUM

3707 392 3839 447 {656

565 493 943 566 Evangelium,
991 496 1149 566 cujus
1198 507 1252 553 ct
1296 494 1520 565 spiritus
1552 460 1827 561 ivivilicat,
1866 504 1920 551 et
1963 496 2141 550 littera
2178 502 2213 554 Α
2246 495 2349 564 piis
2396 497 2659 553 memoria
2707 497 3031 557 interlicitur
3069 503 3183 571 Dei,
3225 507 3451 577 quando
3479 517 3536 563 et
3578 512 3845 581 templum

566 605 678 644 non
725 589 925 645 occidit
973 591 1115 646 sicut
1162 591 1339 645 littera
1388 589 1562 659 legis;
1594 589 1855 658 quoniam
1905 586 2139 644 litteram

568 680 705 752 legis
734 689 1048 751 sequentes,
1092 682 1146 736 in
1176 681 1546 737 inﬁdelitatem
1578 689 1632 735 et
1662 681 1716 735 in
1744 698 1916 737 vanas
1948 698 2142 753 super-

567 773 822 828 stiliones
872 773 1180 828 incurrunt.
1212 773 1472 828 Litteram
1524 782 1705 827 autem
1739 772 2016 844 Evangelii
2048 774 2140 845 qui

569 874 894 932 sequuntur,
941 863 992 918 id
1054 873 1139 919 est
1180 864 1479 935 simplicem
1535 864 1902 919 narrationem
1951 863 2141 933 ipsius,

569 948 873 1020 salvantur,
916 957 1173 1025 quoniam
1205 965 1261 1012 et
1300 956 1415 1027 ipsa
1451 956 1566 1012 sola
1595 955 1871 1027 Evangelii
1901 958 2144 1011 narratio

570 1046 801 1116 simplex
832 1045 1029 1102 sullicit
1058 1047 1485 1118 simplicioribus
1516 1047 1584 1101 ad
1615 1046 1865 1101 salutem.
1891 1043 1958 1099 Et
1986 1045 2031 1099 si
2060 1046 2136 1099 vio

567 1137 716 1192 deris
750 1136 969 1194 Scribas
994 1139 1127 1210 legis
1154 1149 1208 1194 et
1229 1138 1537 1195 Pharisaaos
1566 1149 1785 1208 agentes
1824 1153 1932 1192 non
1962 1138 2140 1193 solum

567 1228 829 1286 adversus
861 1231 1133 1301 sapientes
1179 1231 1457 1302 Evangelii
1504 1239 1561 1285 et
1611 1245 1732 1300 quae
1780 1230 1983 1286 Christi
2016 1240 2145 1286 sunt

565 1322 973 1392 propltctantes,
1002 1325 1097 1379 sed
1125 1325 1287 1379 etiam
1320 1324 1583 1379 adversus
1618 1322 1837 1378 Scribas
1864 1320 1999 1377 Novi
2041 1321 2145 1377 Te-

564 1417 843 1481 stamenti,
878 1416 1085 1472 videbis
1128 1415 1426 1486 quomodo,
1457 1422 1721 1483 quantum
1766 1415 1835 1469 ad
1893 1430 1972 1477 se,
2000 1414 2145 1470 occi-

563 1508 701 1562 dunt
744 1508 947 1565 Christi
992 1510 1303 1580 prophetas,
1337 1517 1392 1562 et
1436 1506 1660 1563 Scrihas
1699 1506 2024 1578 cruciﬁgunt
2048 1523 2142 1578 per

562 1600 955 1656 detractionem
991 1602 1278 1657 verborum
1308 1616 1558 1667 suorum,
1606 1600 1878 1670 ﬂagellant
1907 1600 1959 1653 in
2009 1615 2141 1671 syn-

561 1689 751 1760 agogis
782 1689 917 1745 suis.
949 1686 1282 1762 Frequenter
1312 1704 1443 1761 ergo
1470 1688 1662 1744 audire
1688 1697 1771 1744 est
1798 1688 1938 1759 apud
1969 1689 2141 1743 haere-

562 1797 677 1849 ses,
705 1782 798 1853 qui
831 1792 957 1837 sunt
995 1782 1268 1853 spiritales
1309 1780 1593 1846 Pharisaai,
1634 1782 1906 1852 quomodo
1934 1781 2137 1867 linguis

560 1872 677 1930 suis
932 1849 1259 1945 quihusdam
1306 1874 1626 1931 verberibus
1652 1849 1987 1946 —maliloqnii
2022 1849 2131 1930 sui
2171 1849 2211 1906 Β

558 1962 903 2023 Christianos
930 1968 1225 2039 ﬂagellant,
1246 1977 1301 2024 et
1327 1975 1727 2040 persequuntur
1751 1968 1818 2024 de
1840 1968 2058 2025 civitate
2082 1969 2133 2023 in

559 2058 855 2123 civitatem,
903 2058 1174 2116 interdum
1222 2059 1447 2131 quidem
1499 2069 1554 2116 et
1602 2061 1990 2131 corporaliter,
2036 2061 2137 2115 ali-

558 2149 781 2216 quando
825 2157 1005 2205 autem
1057 2152 1394 2223 spiritaliter,
1431 2154 1679 2210 volentes
1717 2168 1819 2209 eos
1865 2153 2136 2224 expellere

558 2240 717 2309 quasi
766 2241 834 2298 de
877 2245 1094 2313 propria
1124 2245 1343 2302 civitate
1376 2246 1511 2317 legis
1542 2257 1597 2302 et
1635 2248 2050 2318 prophetarum,
2080 2256 2139 2304 et

557 2329 860 2403 Evangelii,
888 2344 942 2390 et
967 2338 1361 2406 apostolorum,
1379 2349 1445 2393 et
1474 2338 1528 2394 in
1554 2339 1716 2394 aliam
1742 2349 1794 2396 et
1819 2348 2133 2395 extraneam

557 2428 850 2495 quamdam
909 2428 1181 2484 civitatem
1236 2429 1512 2500 Evangelii
1569 2432 1802 2502 alicujus
1864 2432 2133 2498 alterius,

557 2518 911 2576 mendacibus
960 2521 1409 2590 persuasionibus
1448 2523 1564 2579 suis
1614 2523 1772 2594 quasi
1805 2525 2135 2594 persecutio-

558 2608 720 2663 nibus
764 2610 988 2679 pellunt.
1023 2610 1335 2667 Secundum
1376 2613 1521 2683 quod
1559 2622 1614 2670 et
1655 2614 1948 2685 Apostolus
1983 2615 2133 2671 dice-

557 2699 711 2754 bat"
757 2712 974 2773 pr0pter
1020 2702 1186 2760 falsos
1222 2706 1539 2775 apostolos:
1564 2704 1735 2760 Miror
1755 2707 1894 2778 quod
1925 2708 2004 2763 sic
2030 2709 2134 2762 cito

557 2792 956 2862 transferamini
994 2812 1027 2850 a
1055 2798 1235 2866 gratia
1263 2796 1362 2852 Dei
1404 2798 1496 2869 qui
1527 2815 1616 2854 vos
1657 2800 1858 2856 vocavit
1886 2801 1956 2855 ad
1982 2799 2132 2855 aliud

556 2878 922 2953 Evangelium,
949 2885 1088 2956 quod
1131 2902 1237 2941 non
1279 2899 1356 2944 est
1401 2887 1575 2956 aliud,
1617 2891 1724 2945 nisi
1762 2900 1882 2945 sunt
1912 2889 2133 2962 quidam

551 2973 644 3043 qui
691 2979 1005 3032 conturbant
1047 2994 1160 3034 vos.
1190 2977 1417 3051 Propter
1456 2981 1604 3053 quod
1641 2982 1819 3037 veniet
1846 2998 2010 3053 super
2036 2998 2133 3038 eos

551 3067 734 3124 omnis
755 3069 977 3138 sanguis
991 3069 1195 3140 justus,
1212 3087 1374 3141 quem
1397 3071 1684 3128 edundunt
1705 3088 1799 3143 per
1820 3074 1926 3130 hoc
1951 3074 2131 3144 ipsum

551 3160 696 3229 quod
730 3171 974 3218 evertere
1008 3165 1193 3219 volunt
1226 3163 1507 3218 veritatem
1550 3163 1982 3234 Scripturarum,
2010 3183 2133 3238 qum

551 3260 699 3303 recte
742 3251 968 3320 sanguis
997 3260 1054 3306 et
1096 3252 1208 3307 vita
1252 3253 1452 3309 dicitur
1504 3252 1936 3325 Scripturarum,
2000 3258 2133 3329 quia

552 3338 737 3393 omnis
767 3336 1070 3410 Scriptura,
1096 3343 1262 3416 διε
1285 3345 1390 3400 nisi
1421 3346 1719 3401 secundum
1741 3347 2022 3405 veritatem
2045 3351 2129 3406 in-

551 3427 848 3498 telligatur,
898 3438 1113 3486 mortua
1160 3442 1265 3488 est.
1316 3433 1613 3490 Edundunt
1664 3452 1794 3509 ergo
1850 3441 2129 3497 veritatem

554 3516 961 3590 Scripturarum
993 3523 1151 3592 quasi
1177 3527 1494 3597 sanguinem
1517 3543 1728 3599 earum,
1750 3532 1899 3588 sicut
1924 3533 2132 3592 ellusus

549 3617 635 3664 est
671 3612 892 3682 sanguis
931 3613 1084 3669 Abel.
1118 3614 1187 3671 Et
1217 3633 1326 3673 non
1355 3619 1531 3675 solum
1558 3629 1688 3678 tunc
1718 3638 1822 3679 vox
1850 3626 2131 3697 sanguinis

546 3698 684 3756 Abel
726 3701 997 3758 clamabat
1041 3703 1109 3759 ad
1156 3704 1351 3770 Deum,
1383 3709 1477 3765 sed
1509 3725 1723 3782 semper
1754 3713 1953 3770 veritas
1983 3714 2133 3772 Scri-

547 3800 834 3861 pturarum
889 3794 958 3849 ab
1000 3794 1186 3865 impiis
1231 3798 1426 3865 ell'usa,
1464 3802 1762 3859 secundum
1811 3807 1957 3875 quod
1991 3807 2132 3862 dixi-

547 3896 692 3946 mus,
716 3898 748 3937 a
778 3885 1042 3956 sanguine
1073 3887 1300 3953 Christi,
1345 3891 1398 3945 id
1439 3901 1524 3949 est
1565 3909 1597 3948 a
1630 3895 1859 3952 veritate
1888 3895 2130 3969 Evange-

546 3972 606 4028 lii
636 3985 831 4045 cozpta,
854 3992 949 4047 per
970 3993 1161 4036 omnes
1188 3978 1499 4067 Scriptor-as
1526 3985 1833 4056 interpellat
1859 3988 1930 4043 ad
1959 3989 2128 4046 Deum

545 4065 811 4124 adversus
838 4084 932 4126 eos
967 4070 1062 4141 qui
1091 4080 1333 4130 avertere
1373 4065 1495 4131 eam
1526 4077 1751 4144 volunt;
1804 4089 1862 4136 et
1903 4084 2129 4153 sanguis

544 4162 876 4228 testamenti,
933 4161 987 4217 id
1025 4176 1112 4219 est
1162 4165 1364 4224 veritas
1414 4168 1822 4239 Scripturarum
1852 4174 2129 4243 propheti-

541 4264 754 4318 carum,
791 4251 1052 4309 adversus
1084 4269 1179 4310 eos
1204 4255 1300 4326 qui
1329 4256 1666 4315 immundam
1697 4275 1818 4316 eam
1846 4262 2129 4333 existima-

542 4349 758 4409 verunt,
791 4351 846 4397 et
873 4343 1164 4421 noluerunt
1187 4347 1517 4405 sanctiﬁcari
1545 4349 1598 4405 in
1624 4366 1689 4408 ea
1712 4356 1872 4424 quasi
1911 4355 1966 4410 in
1995 4372 2123 4413 san-

543 4432 708 4503 guine
741 4434 862 4489 vivo
887 4444 941 4490 et
969 4437 1352 4495 sanctiﬁcanti.
1383 4439 1474 4497 Sic
1500 4441 1786 4500 eﬂ‘undunt
1807 4447 1968 4504 etiam
1998 4464 2127 4506 san—

2245 586 2337 642 Dci
2366 605 2396 644 a
2427 590 2649 646 lascivis
2678 593 3074 664 corrumpitur,
3107 606 3161 652 et
3204 599 3376 654 altare
3413 601 3591 670 ipsius
3625 620 3731 672 per
3756 622 3845 659 nes

2243 678 2557 750 gligentiam
2624 684 2936 739 orationum
3007 689 3350 745 sordidatum
3423 693 3841 763 cninquinatur,

2242 772 2459 841 quando
2503 781 2560 829 et
2602 775 2778 829 oratio
2824 777 3058 847 alicujus
3104 780 3165 833 ﬁt
3214 781 3269 834 in
3312 793 3599 852 peccatum
3636 787 3835 859 ipsius

2242 864 2386 918 sicut
2427 874 2482 919 et
2515 865 2583 921 de
2624 867 2869 923 oratione
2896 867 3050 924 Juda:
3093 871 3300 927 dictum
3330 864 3520 931 est“:
3558 874 3628 929 Et
3664 888 3842 931 oratio

2241 971 2355 1023 ejus
2384 956 2481 1025 ﬁat
2510 958 2565 1011 in
2600 970 2874 1027 peccatum
2907 963 3044 1032 ejus.

2311 1045 2402 1099 28.
2442 1045 2760 1113 Jerusalem,
2787 1049 3107 1120 Jerusalem,
3144 1071 3263 1125 qua!
3293 1056 3495 1112 occidis
3524 1061 3837 1129 prophetas.

2240 1147 2288 1191 ct
2315 1137 2526 1207 lepidas
2549 1156 2635 1194 eos
2665 1143 2756 1212 qui
2783 1144 2853 1197 ad
2877 1153 2925 1197 te
2957 1147 3267 1214 mittuntur,
3294 1151 3501 1220 quoties
3530 1153 3678 1206 colui
3712 1170 3842 1205 cauo

2241 1249 2458 1304 grcgare
2477 1234 2619 1305 ﬁlios
2649 1245 2789 1301 tuos,
2816 1238 2954 1291 sicut
2975 1240 3180 1310 gallina
3199 1255 3483 1314 congregat
3515 1246 3698 1316 pullos
3716 1268 3837 1306 suos

2240 1325 2335 1378 sub
2364 1342 2581 1395 pennas,
2604 1337 2652 1382 et
2680 1329 2901 1385 noluisti
2923 1332 2948 1385 .9
2970 1329 3104 1386 Ecce
3127 1333 3453 1406 relinquetur
3479 1338 3630 1392 vobis
3651 1341 3836 1397 domus

2241 1427 2412 1473 vestra
2449 1420 2676 1477 deserta.
2710 1421 2842 1476 Dico
2868 1424 3008 1477 enim
3036 1424 3202 1489 vobis,
3226 1430 3482 1497 quoniam
3511 1433 3711 1485 amodo
3738 1452 3835 1489 una

2242 1525 2322 1563 me
2357 1510 2602 1566 videbitis
2648 1513 2812 1568 donec
2854 1514 3050 1570 dicatis
3078 1533 3097 1570 :
3123 1517 3442 1575 Benedictus
3480 1523 3577 1592 qui
3617 1528 3756 1579 venit
3785 1528 3835 1580 iu

2241 1603 2448 1658 nomine
2496 1604 2712 1659 Domini
2736 1607 2800 1663 “.
2857 1606 3092 1679 Dignum
3142 1620 3227 1667 est
3271 1627 3523 1682 quaerere
3561 1620 3836 1686 quomodo

2241 1708 2427 1749 coram
2481 1696 2829 1754 auditoribus
2887 1700 3119 1770 loquens
3174 1700 3449 1773 Salvator,
3499 1707 3652 1762 inter
3702 1726 3835 1779 quos

2238 1795 2393 1839 erant
2426 1784 2633 1843 Scrihte
2661 1798 2716 1844 et
2739 1788 3025 1857 Pharisaei,
3073 1794 3166 1864 qui
3198 1794 3582 1865 gloriabantur
3617 1816 3747 1870 qua
3766 1803 3836 1857 le—

2241 1873 2324 1943 gis
2353 1884 2482 1929 sunt
2509 1884 2563 1930 et
2597 1878 2987 1947 prophetarum
3025 1892 3185 1940 caute
3211 1900 3571 1957 cognoscere,
3604 1905 3720 1961 qua
3748 1909 3834 1946 ra-

2242 1965 2387 2021 tione
2415 1965 2555 2023 dixit
2583 1968 2887 2027 Jerusalem
2917 1974 3190 2033 occidisse
3228 1980 3553 2048 prophetas,
3601 1991 3662 2036 et
3704 1984 3832 2053 tapi-

2239 2056 2401 2112 dasse
2444 2059 2512 2114 ad
2556 2075 2617 2115 se
2670 2063 3047 2130 transmissos,
3075 2081 3203 2121 cum
3247 2082 3355 2122 non
3388 2071 3528 2125 satis
3557 2072 3691 2152 talis
3717 2088 3835 2142 prc-

2240 2152 2494 2220 pbetetur
2526 2151 2756 2235 historia
2786 2155 2839 2208 in
2871 2155 3175 2225 Scripturis
3218 2160 3500 2218 veteribus
3536 2180 3669 2234 qua
3694 2166 3831 2237 lege-

2239 2242 2439 2299 bantur
2482 2232 2864 2319 insynagogis
2890 2263 3106 2305 eorum.
3141 2249 3201 2305 In
3236 2252 3415 2308 lacum
3455 2232 3691 2326 quidem
3740 2232 3829 2314 luti

2242 2337 2469 2391 missum
2501 2335 2795 2395 Jeremiam
2824 2340 3083 2409 legimus,
3106 2358 3221 2400 non
3246 2354 3432 2401 tamen
3484 2348 3831 2405 interfectum

2242 2444 2294 2481 ιιι
2325 2425 2649 2487 Jerusalem.
2680 2430 2790 2487 Sed
2837 2448 2941 2490 nec
2981 2434 3202 2503 Isaiam,
3233 2438 3319 2493 vel
3348 2437 3734 2513 Ezechielis,
3753 2444 3835 2500 Vel

2238 2519 2474 2590 aliquem
2515 2523 2905 2595 prophetarum
2938 2527 3046 2581 tale
3072 2528 3280 2598 aliquid
3318 2531 3562 2603 legimus
3590 2550 3831 2604 passum,

2239 2611 2294 2665 in
2326 2622 2591 2682 quantum
2638 2615 2882 2688 suggerit
2930 2620 3195 2675 memoria
3243 2636 3387 2678 mea.
3417 2620 3531 2679 Sed
3582 2636 3833 2683 scrutsts

2240 2701 2294 2757 in
2328 2705 2568 2760 secundo
2590 2705 2730 2762 libro
2759 2707 3246 2781 Paralipomenon,
3274 2714 3368 2769 ubi
3400 2716 3583 2772 multa
3609 2717 3681 2773 de
3711 2734 3832 2789 pro.

2239 2794 2417 2865 phetis
2461 2798 2625 2855 claris
2678 2801 2880 2871 scripta
2932 2812 3084 2867 sunt,
3134 2804 3354 2861 invenio
3389 2809 3668 2878 quoniam
3728 2811 3830 2866 Asa

2240 2885 2412 2942 iratus
2473 2889 2743 2945 Ananiam
2798 2893 3118 2964 prophetam
3164 2911 3225 2952 se
3274 2908 3605 2968 arguentem
3657 2906 3832 2972 posuit

2237 2977 2457 3046 quidem
2505 2979 2560 3034 in
2593 2996 2891 3050 carcerem,
2926 2984 3063 3040 nihil
3095 2994 3278 3043 tamen
3324 2990 3573 3060 amplius
3623 2993 3754 3050 fecit
3779 2997 3829 3065 in

2238 3085 2386 3127 eum.
2417 3070 2522 3128 Sed
2547 3083 2601 3130 et
2625 3074 2906 3133 Micharam
2952 3079 3143 3136 Achab
3186 3082 3611 3152 prophetantem
3644 3088 3831 3145 εὐνα-ο

2238 3179 2333 3220 sus
2374 3180 2453 3233 se,
2484 3166 2652 3237 jussit
2694 3169 2915 3239 quidem
2962 3171 3017 3225 in
3065 3173 3292 3228 domum
3343 3178 3596 3233 carceris
3639 3179 3744 3245 ire,
3781 3191 3830 3235 et

2237 3259 2568 3317 manducare
2596 3277 2791 3333 panem
2821 3263 3213 3332 tribulationis,
3245 3281 3357 3323 non
3390 3277 3581 3326 tamen
3609 3280 3666 3326 ct
3689 3272 3831 3328 occi-

2235 3351 2335 3406 dit.
2366 3349 2547 3407 Unum
2576 3363 2759 3410 autem
2806 3355 3038 3427 legimus
3079 3358 3377 3429 lapidatum
3413 3360 3748 3419 Zachariam
3774 3364 3829 3419 ﬁ-

2234 3443 2367 3499 lium
2416 3443 2623 3501 Joiadaz
2666 3448 2995 3514 sacerdotis,
3031 3451 3290 3521 populum
3334 3466 3686 3523 arguentem.
3713 3456 3827 3513 Non

2232 3550 2364 3607 ergo
2390 3538 2702 3595 invenimus
2730 3540 2784 3595 in
2805 3539 3111 3598 Jerusalem
3133 3545 3433 3614 prophetas
3460 3548 3683 3604 occisos
3718 3565 3824 3604 am-

2234 3627 2397 3698 plius,
2418 3628 2503 3684 vel
2530 3629 2817 3698 lapidatos,
2844 3644 3206 3703 praeterquam
3230 3635 3345 3690 dixi
3370 3639 3737 3695 transmissos
3762 3641 3824 3693 ad

2233 3718 2561 3776 Jerusalem.
2588 3710 2882 3791 Propterea
2905 3723 3199 3781 videndum
3223 3741 3291 3780 ne
3318 3725 3462 3784 forte
3484 3740 3738 3799 oporteat
3755 3746 3818 3786 ex

2233 3811 2387 3867 libris
2410 3813 2797 3869 secretioribus
2819 3814 2911 3885 qui
2934 3815 3079 3885 apud
3101 3806 3321 3872 Judzeos
3348 3815 3630 3887 feruntur,
3644 3831 3821 3875 osten-

2231 3904 2359 3959 dere
2378 3904 2607 3960 verbum
2624 3904 2852 3972 Christi,
2881 3915 2936 3962 et
2957 3922 3065 3962 non
3092 3909 3269 3964 solum
3292 3908 3526 3978 Christi,
3551 3914 3820 3969 sedctiam

2229 3996 2627 4067 discipulorum
2672 3998 2815 4068 ejus,
2866 3998 3126 4071 Stephani
3172 4017 3396 4073 quoque
3453 4008 3737 4078 martyris.
3771 4017 3821 4062 et

2230 4086 2385 4142 Pauli
2408 4089 2662 4159 apostoli.
2690 4089 3182 4161 Stephanus’enitn
3224 4097 3307 4152 sic
3333 4095 3471 4152 dicit
3490 4096 3534 4128 "
3561 4115 3579 4152 :
3610 4097 3657 4153 0
3686 4098 3819 4152 dum

2228 4179 2444 4247 cervice,
2470 4188 2522 4235 et
2556 4197 2661 4235 non
2687 4183 2990 4239 circumcisi
3020 4186 3179 4241 corde
3205 4197 3255 4242 et
3289 4188 3539 4254 auribus,
3566 4207 3659 4246 uos
3689 4208 3820 4245 scau-

2227 4294 2321 4348 per
2362 4277 2591 4349 Spiritui
2637 4289 2823 4336 sancto
2862 4283 3176 4350 restitistis,
3226 4286 3366 4339 sicut
3410 4297 3593 4356 patres
3644 4287 3816 4343 nstri.

2229 4367 2394 4435 Quem
2421 4369 2561 4422 enim
2591 4370 2969 4441 prophetarum
2993 4387 3096 4425 non
3127 4385 3249 4427 sunt
3281 4378 3593 4444 persecuti?
3640 4379 3705 4432 lit
3735 4393 3819 4430 oc-

2227 4460 2466 4514 ciderunt
2490 4477 2577 4516 eos
2616 4463 2707 4533 qui
2746 4464 3440 4522 annuntiabantudventum
3472 4466 3649 4533 Justi,
3672 4469 3816 4539 cujus

543 4525 761 4591 guinem
796 4523 1093 4592 Zachariae,
1125 4529 1219 4600 qui
1263 4530 1653 4603 interpretatur
1696 4541 1953 4595 memoria
2002 4541 2120 4597 Dei.
2156 4563 2202 4622 ι)
2228 4567 2365 4605 nunc
2387 4567 2476 4605 vos
2500 4523 2795 4622 proditores
2826 4564 2876 4609 et
2913 4555 3274 4625 interfectores
3298 4561 3455 4616 estis.
3486 4560 3559 4614 Et
3582 4572 3700 4631 post
3726 4563 3816 4616 hoc

541 4612 734 4676 Omnis
761 4621 908 4670 entm
940 4618 1034 4687 qui
1073 4621 1393 4676 memoriam
1424 4621 1521 4679 Dei
1559 4627 1784 4694 perdere
1811 4630 2031 4686 festinat
2064 4633 2119 4688 in

541 4706 624 4761 eis
674 4722 814 4776 quos
846 4710 1200 4776 scandalizat,
1234 4711 1513 4773 Zachariae
1546 4721 1871 4791 sanguinem
1908 4724 2122 4781 videtur

540 4795 819 4853 elfundere
862 4797 958 4854 lilii
991 4799 1291 4872 Barachiae,
1322 4807 1417 4878 qui
1460 4816 1518 4864 et
1567 4808 1686 4880 ipse
1729 4811 2121 4885 interpretatur

541 4888 828 4945 benedictio
878 4890 999 4950 Dei.
1050 4892 1154 4951 Per
1201 4896 1637 4958 benedictionem
1701 4901 1797 4960 Dei
1846 4921 2118 4966 memores

538 4999 729 5040 sumus
762 4983 880 5042 Dei.
913 4984 971 5043 Si
997 4997 1178 5045 autem
1211 5006 1313 5047 nec
1348 4991 1482 5050 Abel
1506 5011 1705 5053 nomen
1747 4997 2115 5058 indiscussum

536 5073 799 5134 debemus
830 5078 1158 5150 relinquere,
1195 5082 1430 5142 dicimus
1472 5089 1731 5158 quoniam
1770 5091 1907 5148 Abel
1943 5093 2117 5150 luctus

535 5164 946 5240 interpretatur.
965 5170 1071 5239 Qui
1091 5189 1223 5246 ergo
1248 5177 1476 5247 suscipit
1500 5180 1645 5250 quod
1662 5182 1923 5254 scriptum
1949 5189 2115 5244 est“:

535 5255 690 5312 Beati
719 5260 809 5330 qui
841 5259 1042 5332 lugent,
1074 5265 1246 5320 salvat
1270 5267 1440 5336 Abel;
1474 5270 1569 5340 qui
1605 5281 1788 5329 autem
1827 5290 1937 5331 non
1976 5280 2117 5335 reci-

536 5345 635 5415 pit,
672 5351 991 5420 sanguinem
1022 5353 1249 5411 eﬂ‘undit
1273 5356 1426 5423 Abel,
1464 5360 1569 5416 hoc
1601 5374 1685 5417 est
1715 5366 1997 5424 veritatem
2029 5370 2116 5426 lu-

536 5442 659 5491 ctus
705 5439 981 5496 salutaris.
1037 5440 1332 5512 Propterea
1382 5445 1693 5517 implebitur
1735 5466 1901 5523 super
1933 5454 2113 5525 ipsum

534 5525 679 5593 quod
713 5528 956 5585 scribit"
984 5551 997 5587 :
1044 5530 1131 5588 Va:
1161 5534 1303 5590 vobis
1346 5537 1435 5606 qui
1458 5539 1639 5593 ridetis
1672 5557 1829 5609 nunc,
1865 5546 2114 5615 quoniam

532 5615 793 5688 plangetis
819 5630 870 5674 et
895 5622 1111 5693 ﬂebitis.
1151 5625 1294 5684 Inter
1318 5630 1579 5701 templum
1622 5646 1677 5688 et
1698 5634 1869 5694 altare
1904 5638 1973 5693 ab
2003 5638 2112 5697 im-

537 5765 582 5800 ε
634 5729 677 5800 ξ’
715 5728 836 5789 Gal.
875 5748 918 5798 ι,
953 5734 1009 5800 6,
1047 5737 1102 5790 7.

2225 4643 2541 4712 expulerunt
2583 4661 2706 4700 eum
2742 4659 2897 4703 extra
2930 4651 3221 4717 civitatem,
3261 4660 3313 4705 et
3342 4652 3664 4721 lapidabant
3697 4654 3811 4711 Ste-

2224 4733 2460 4801 phanum
2510 4736 2851 4808 clamantem,
2894 4752 2944 4796 et
2989 4743 3272 4800 dicentem.
3311 4742 3521 4802 Paulus
3549 4757 3732 4802 autem
3762 4747 3811 4800 in

2223 4822 2469 4895 Epistula
2499 4828 2568 4883 ad
2601 4827 3122 4891 Thessalonicenses
3151 4835 3328 4905 prima
3347 4836 3414 4905 ",
3469 4838 3542 4894 de
3595 4837 3812 4896 interfe-

2223 4918 2404 4974 ctione
2441 4921 2832 4992 prophetarum
2866 4926 2992 4981 talia
3021 4928 3199 4984 dicit:
3244 4927 3344 4984 Vos
3386 4930 3688 4989 imitatores
3728 4934 3809 5003 {s-

2224 5011 2297 5063 cti
2307 5011 2433 5066 estis
2458 5010 2823 5070 Ecclesiarum
2848 5016 2967 5086 Dei,
2991 5035 3109 5089 qua:
3127 5028 3250 5074 sunt
3274 5021 3330 5075 in
3351 5020 3554 5077 Juda'a
3584 5025 3643 5079 in
3667 5024 3809 5080 Chri-

2224 5110 2306 5155 sto
2321 5100 2455 5158 Jesu
2483 5119 2504 5158 :
2525 5108 2777 5176 quoniam
2805 5108 2988 5164 eadem
3016 5113 3164 5181 passi
3189 5114 3315 5167 estis
3343 5123 3392 5169 et
3431 5132 3590 5171 sosoa
3621 5118 3808 5171 contri-

2225 5190 2435 5246 bulibus
2461 5197 2672 5259 vestris,
2699 5198 2837 5252 sicut
2865 5210 2915 5254 et
2956 5202 3059 5270 ipsi
3081 5219 3114 5255 a
3146 5200 3377 5271 Iudaeis,
3419 5207 3514 5276 qui
3547 5217 3602 5262 et
3629 5207 3801 5261 Domi-

2226 5298 2351 5336 num
2380 5286 2683 5341 occiderunt
2717 5288 2907 5344 Iesum
2934 5302 2983 5346 et
3008 5293 3308 5365 prophetas,
3337 5305 3387 5350 et
3429 5314 3525 5352 nos
3557 5299 3803 5370 persecuti

2222 5384 2370 5440 sunt,
2404 5386 2454 5431 et
2489 5378 2598 5433 Deo
2630 5396 2735 5434 non
2755 5381 2986 5451 placent.
3017 5384 3100 5440 Ad
3127 5385 3387 5444 Hebraeos
3412 5399 3600 5445 autem
3630 5391 3756 5445 ita"
3785 5405 3799 5443 :

2221 5462 2478 5533 Lapidati
2502 5482 2646 5540 sunt,
2663 5475 2793 5528 secti
2817 5485 2961 5545 sunt,
2985 5478 3174 5533 tentati
3204 5487 3349 5546 sunt,
3377 5480 3435 5533 in
3460 5482 3644 5551 gladio
3666 5498 3798 5535 ruer-

2223 5558 2302 5611 tui
2331 5568 2474 5616 sunt.
2500 5560 2839 5619 Circuierunt
2866 5567 2921 5621 in
2951 5567 3184 5638 melotis,
3219 5568 3277 5623 in
3299 5570 3527 5640 pellibus
3555 5572 3797 5642 caprinis.

2218 5662 2421 5720 egentes
2460 5663 2510 5708 et
2540 5658 2860 5728 angustiati,
2889 5660 3071 5731 amicti
3103 5661 3399 5731 doloribus,
3436 5680 3659 5736 quorum
3702 5679 3795 5718 nos

539 5765 585 5835 ς.
634 5739 677 5761 ¹’
715 5739 836 5789 Ui“-
875 5748 918 5798 ι’
953 5739 1009 5800 δι
1047 5739 1102 5790 7-
1188 5739 1229 5771 ¹¹
1273 5739 1467 5800 Matth.
1504 5760 1557 5810 ν,
1586 5745 1642 5801 5.
1721 5749 1765 5781 “
1805 5748 1939 5807 Luc.
1982 5770 2058 5821 vt,
2113 5757 2204 5813 25.
2284 5765 2328 5798 ¹³
2365 5765 2510 5823 Psal.
2572 5786 2725 5841 cvm,
2777 5772 2825 5827 7.
2907 5774 2951 5808 “
2988 5774 3177 5832 Matth.
3236 5791 3396 5846 vuln,
3450 5777 3522 5833 37
3571 5787 3625 5833 et
3682 5792 3787 5848 seq.

622 5798 740 5854 Act.
771 5817 868 5854 vn.
898 5804 960 5854 51
994 5815 1049 5854 et
1078 5822 1192 5854 sea-
1274 5812 1317 5845 ιο
1357 5828 1415 5854 ιι-
1453 5814 1519 5854 η
1576 5816 1644 5854 υς
1743 5820 1784 5852 ιι
1824 5836 1877 5854 ι..
1937 5824 2006 5854 υκαι
2060 5827 2128 5854 σω

667 5809 740 5856 ct.
771 5817 869 5873 vn,
898 5804 961 5861 5t
994 5815 1049 5862 et
1078 5822 1193 5881 seq.
1274 5812 1317 5845 “
1356 5828 1418 5878 ιι,
1453 5804 1554 5882 l4,
1576 5816 1665 5874 l5.
1743 5820 1784 5852 ¹⁷
1824 5804 2132 5894 31,37,38-

2365 5804 2510 5823 nmu.
2572 5804 2725 5841 usus,
2786 5804 2825 5827 ι.
2912 5804 2946 5808 ⁷*
2988 5804 3177 5832 tuauu.
3242 5804 3326 5832 ιου
