4004 6532
215 381 362 438 1657

1355 365 2033 441 communitionem
2069 385 2337 443 SERIES.

3356 396 3489 452 H358

217 509 324 577 fuit
363 505 551 576 dignus
583 506 830 571 mundus,
861 506 912 558 in
935 504 1314 560 solitudinibus
1349 517 1612 574 errantes,
1653 518 1702 562 et
1751 509 1805 561 in
1839 519 1878 570 Α
1910 509 2169 576 quoniam
2214 525 2322 565 non
2360 509 2506 579 capit
2535 523 2660 564 eum
2707 513 2799 578 qui
2829 522 2912 568 est
2944 523 3097 572 extra
3141 517 3446 572 Jerusalem
3472 563 3486 582 ,

216 600 508 666 montibus,
538 611 588 654 et
621 601 900 670 speluncis,
944 607 993 651 et
1033 599 1194 666 foveis
1227 607 1402 654 term.
1439 600 1633 655 Fertur
1674 615 1804 670 ergo

218 689 275 741 in
309 686 610 758 Scripturis
640 705 750 743 non
785 685 1092 743 manifestis
1124 699 1392 744 serratum
1427 706 1550 746 esse
1584 692 1803 760 Isaiam,

214 789 275 834 et
297 778 625 836 Zachariam
657 782 922 846 occisum,
956 790 1009 835 et
1046 779 1407 838 Ezechielem.
1431 784 1683 838 Arbitror
1713 801 1807 839 au-

215 883 329 926 tem
363 873 627 928 circuisse
648 873 702 927 in
726 874 961 940 melotis,
989 874 1044 928 in
1076 874 1312 943 pellibus
1334 875 1577 944 caprinis
1604 875 1804 943 Eliam,

211 963 313 1031 qui
340 962 394 1016 in
427 962 718 1018 solitudine
741 972 797 1019 et
821 963 875 1018 in
903 966 1185 1021 montibus
1219 966 1532 1036 vagabatur.
1572 965 1676 1022 Sed
1710 984 1808 1039 po-

215 1067 291 1108 ne
321 1054 559 1124 aliquem
591 1055 849 1111 abdicare
883 1055 1182 1126 Epistolam
1213 1058 1280 1112 ad
1323 1059 1603 1124 Hebraeos,
1644 1061 1806 1131 quasi

218 1159 330 1199 non
362 1143 538 1210 Pauli,
571 1161 784 1202 necnon
811 1156 867 1201 et
900 1157 1168 1203 secretum
1214 1150 1452 1220 abjicere
1478 1149 1633 1207 Isaiae
1661 1172 1676 1208 :
1710 1154 1804 1208 sed

215 1237 354 1306 quid
402 1238 567 1292 faciat
613 1238 667 1293 in
724 1254 1008 1296 sermones
1063 1241 1349 1313 Stephani,
1395 1245 1481 1300 vel
1530 1244 1685 1301 Pauli
1737 1247 1805 1302 ad

219 1327 742 1387 Thessalonicenses
772 1332 839 1387 de
872 1335 1150 1404 prophetis
1195 1335 1494 1394 interfectis
1539 1341 1801 1409 prolatos,

217 1421 307 1476 vel
358 1423 528 1493 ipsius
559 1422 777 1478 Domini
809 1427 1019 1482 nostri?
1042 1427 1152 1482 Aut
1183 1429 1462 1499 quomodo
1495 1433 1709 1490 abdicet
1742 1434 1806 1487 ῆι-

214 1514 314 1568 iud
343 1516 488 1586 quod
529 1517 595 1570 ad
617 1515 972 1576 Timotheum
1004 1519 1207 1576 Paulus
1242 1524 1487 1592 protulit,
1506 1526 1693 1581 dicens
1719 1527 1801 1582 ":

215 1607 371 1662 Sicut
399 1608 612 1666 'Jannes
658 1622 707 1666 et
754 1611 1018 1668 Mambres
1067 1617 1372 1672 restiterunt
1420 1617 1616 1690 Moysi,
1646 1620 1722 1675 sic
1754 1631 1803 1676 et

214 1703 315 1756 isti
341 1705 591 1758 resistunt
617 1705 871 1759 veritati?
897 1704 1007 1762 Nec
1034 1712 1176 1763 enim
1212 1711 1420 1767 scimus
1451 1711 1505 1766 in
1531 1713 1687 1769 libris
1712 1732 1805 1769 cu-

215 1797 493 1850 nonizatis
520 1797 808 1852 historiam
843 1799 909 1854 de
937 1797 1112 1856 Janne
1140 1811 1193 1856 et
1218 1801 1462 1858 Mambre
1495 1805 1802 1860 resistenti-

1907 599 2256 669 passionibus
2307 598 2444 654 allici
2493 612 2716 670 propter
2762 603 3007 659 verbum.
3056 604 3164 660 Sed
3214 607 3490 675 quomodo

1904 688 2207 746 Jerusalem
2259 691 2458 747 occidit
2519 692 2814 762 prophetas
2857 694 3169 750 videndum.
3220 697 3491 751 Existimo

1905 792 2086 838 autem
2110 825 2126 850 ,
2163 785 2308 838 sicut
2336 784 2636 856 vulgariter
2669 785 2850 841 dicere
2879 786 3076 853 solent,
3108 788 3367 843 clamavit
3413 790 3487 843 ci-

1905 874 2078 939 vitas,
2111 884 2368 945 tanquam
2420 875 2463 930 si
2517 876 2763 942 dicatur,
2799 877 2894 947 qui
2941 887 3072 932 sunt
3124 879 3178 932 in
3233 881 3485 935 civitate:

1905 969 2032 1022 item
2069 969 2263 1023 civitas
2296 985 2514 1039 egressa
2550 983 2632 1025 est
2665 972 2884 1025 obviam
2916 973 2966 1026 ei
2991 1011 3004 1034 ,
3044 971 3094 1025 id
3127 973 3332 1042 estqui
3363 981 3492 1027 sunt

1906 1061 1962 1114 in
2012 1062 2269 1127 civitate;
2303 1061 2382 1116 sic
2412 1060 2713 1117 Jerusalem
2745 1064 2948 1118 occidit
2979 1064 3292 1133 prophetas,
3321 1064 3376 1118 id
3405 1074 3493 1119 est

1905 1154 2000 1222 qui
2033 1162 2190 1208 erant
2220 1154 2271 1207 in
2301 1152 2603 1210 Jerusalem
2631 1197 2645 1218 ,
2682 1171 2917 1225 quorum
2949 1172 3116 1211 causa
3146 1155 3351 1211 dictum
3405 1165 3492 1211 est

1904 1243 2207 1300 Jerusalem
2238 1245 2505 1300 occidisse
2537 1247 2850 1317 prophetas.
2892 1247 2955 1302 Et
2984 1248 3028 1301 si
3055 1248 3202 1304 cives
3229 1264 3327 1318 pro
3355 1249 3492 1303 civi-

1906 1345 2015 1391 tate
2043 1345 2338 1406 ponuntur,
2375 1337 2573 1391 iterum
2608 1337 2849 1391 occurrit
2883 1338 2949 1391 ad
2985 1337 3368 1408 quaestionem,
3393 1337 3489 1406 qui

1906 1437 2034 1480 sunt
2058 1425 2274 1481 dicendi
2298 1426 2391 1480 lilii
2416 1425 2743 1491 Jerusalem,
2768 1427 2834 1481 de
2857 1428 3060 1497 quibus
3085 1427 3293 1482 dictum
3315 1437 3399 1482 est
3415 1427 3487 1481 υς

1907 1521 2124 1586 Quoties
2169 1519 2310 1574 volui
2345 1536 2658 1591 congregare
2708 1521 2848 1589 ﬁlios
2899 1531 3035 1574 tuos.
3101 1519 3207 1574 Sed
3254 1520 3492 1575 dicimus

1906 1621 2118 1677 semper
2182 1608 2382 1663 civium
2451 1623 2802 1667 successores
2857 1609 3001 1663 ﬁlios
3060 1609 3487 1678 praecedentium

1905 1699 2032 1754 dici.
2079 1699 2384 1756 Jerusalem
2425 1712 2606 1756 autem
2657 1717 2778 1772 qua:
2817 1701 2986 1756 libera
3033 1711 3113 1756 est
3161 1717 3192 1756 a
3227 1701 3490 1756 servitute

1908 1792 2150 1860 peccati,
2185 1808 2306 1862 qua:
2355 1808 2574 1848 sursum
2627 1801 2711 1847 est
2754 1793 3203 1859 conversatione,
3238 1808 3362 1862 qua:
3405 1799 3490 1846 et".

213 1888 324 1943 bus
367 1889 560 1960 Μυὶυεί,
603 1887 661 1944 Si
695 1899 876 1946 autem
927 1893 1196 1962 aspiciam
1243 1903 1298 1950 ει
1342 1897 1486 1966 quod
1517 1898 1584 1952 ad
1611 1897 1804 1953 cmi"-
1839 1875 1878 1932 Ii
1909 1893 2082 1938 mater
2126 1893 2348 1951 nostra,
2384 1901 2498 1939 non'
2525 1885 2726 1940 occidit
2770 1885 3099 1955 prophetas,
3136 1901 3238 1940 nec
3279 1885 3485 1954 lapidat

214 1981 366 2036 thios
412 1983 588 2052 prima
610 1985 652 2016 "
685 1985 919 2054 positum
965 1994 1049 2042 est
1082 2005 1096 2041 :
1128 1985 1260 2052 Quae
1289 1989 1472 2044 oculus
1505 2009 1607 2046 non
1650 1993 1802 2055 vidit,

215 2088 314 2125 nec
345 2075 494 2128 auris
538 2075 764 2138 audivit,
811 2076 1056 2146 nunquid
1097 2079 1296 2147 poterit
1328 2080 1442 2136 hac
1487 2082 1671 2138 omnia
1701 2083 1804 2138 ali-

216 2163 346 2234 quis
394 2164 686 2220 abdicare?
735 2163 860 2222 Htec
917 2169 1100 2223 omnia
1156 2170 1396 2228 diximus
1449 2174 1804 2246 discutientes

216 2271 554 2322 sermonem,
586 2271 695 2312 non
725 2258 1042 2329 ignorantes
1073 2262 1334 2330 quoniam
1361 2265 1532 2320 multa
1561 2277 1801 2323 secreto-

216 2362 342 2402 rum
385 2347 524 2403 facta
566 2358 749 2403 sunta
792 2351 1118 2418 quibusdam
1165 2355 1349 2426 impiis
1379 2367 1433 2413 et
1459 2359 1802 2430 iniquitatem

217 2437 273 2490 in
293 2438 567 2492 excelsum
590 2438 938 2508 loquentibus
959 2457 972 2494 :
991 2450 1046 2494 et
1064 2451 1290 2498 utuntur
1305 2447 1632 2516 quibusdam
1663 2452 1804 2507 lictis

218 2525 570 2599 Ilypytbiani,
597 2529 719 2584 aliis
733 2539 914 2585 autem
935 2531 1027 2600 qui
1045 2543 1174 2589 sunt
1191 2535 1461 2594 Basilidis.
1479 2538 1700 2612 Oportet
1717 2559 1805 2599 er-

217 2636 289 2691 go
315 2629 474 2678 caute
497 2623 864 2690 considerare,
889 2633 948 2680 ut
989 2641 1092 2682 nec
1129 2631 1313 2686 omnia
1352 2643 1561 2690 secreta
1584 2652 1704 2707 quae
1726 2637 1805 2693 fe-

219 2724 418 2770 runtur
461 2717 516 2770 in
561 2718 780 2773 nomine
821 2728 1160 2789 sanctorum,
1191 2725 1558 2795 suscipiamus
1578 2739 1804 2800 preptcr

215 2805 459 2873 Judzeos,
475 2809 570 2878 qui
590 2808 728 2864 forte
745 2811 812 2864 ad
829 2810 1256 2868 destructionem
1276 2817 1518 2874 veritatis
1552 2817 1803 2890 Scriptu-

217 2900 598 2973 rarumm
641 2912 951 2959 nostrarum
986 2905 1235 2974 quaedam
1282 2908 1557 2964 ﬁnxerunt
1605 2915 1806 2967 conﬁr-

218 3000 436 3046 mantes
467 2993 723 3062 dogmata
756 2997 893 3054 falsa
917 3039 932 3062 .
971 3015 1072 3054 nec
1104 2999 1286 3054 omnia
1331 3001 1658 3072 abjiciamus
1681 3020 1803 3073 quae

216 3082 494 3150 pertinent
518 3084 587 3140 ad
611 3087 1132 3147 demonstrationem
1149 3091 1558 3163 Scripturarum
1583 3104 1800 3151 nostra-

217 3189 367 3230 rum.
386 3174 564 3285 ΜεδιῙί
579 3195 711 3251 ergo
731 3182 834 3237 viri
849 3193 934 3239 est
954 3185 1145 3241 audire
1171 3195 1225 3241 et
1241 3187 1536 3257 adimplere
1551 3189 1697 3258 quod
1715 3189 1799 3244 di-
1827 3222 1873 3285 Ο

216 3277 368 3322 etum
397 3279 482 3328 est
497 3271 542 3303 ὀ
570 3287 585 3324 :
616 3272 812 3328 Onmia
847 3276 1086 3345 probate,
1110 3281 1250 3349 quod
1281 3280 1471 3334 bonum
1512 3291 1588 3336 est
1613 3293 1797 3338 tenete.

218 3359 428 3417 Tamen
466 3375 688 3434 propter
733 3381 830 3422 eos
856 3369 951 3438 qui
987 3384 1096 3424 non
1147 3384 1376 3441 possunt
1419 3375 1576 3444 quasi
1619 3385 1800 3446 trape-

219 3454 343 3506 zitae
370 3453 516 3509 inter
536 3456 699 3512 verba
727 3457 1040 3514 discernere
1064 3474 1190 3514 vera
1217 3461 1518 3516 habeantur
1545 3478 1614 3517 an
1642 3463 1800 3532 falsa,

217 3553 276 3599 et
310 3559 418 3600 non
446 3557 678 3616 possunt
703 3551 1028 3620 semetipsos
1061 3561 1220 3608 caute
1247 3568 1488 3621 servare,
1521 3565 1578 3611 ut
1611 3571 1802 3612 verum

217 3637 444 3706 quidem
487 3647 705 3696 teneant
743 3643 887 3712 apud
933 3658 1025 3708 se,
1073 3643 1142 3698 ab
1193 3646 1343 3700 omni
1395 3654 1575 3702 autem
1624 3651 1804 3718 specie

219 3731 364 3787 niala
386 3733 717 3807 abstineant,
755 3751 918 3792 nemo
947 3737 1023 3791 uti
1052 3735 1210 3792 debet
1236 3737 1303 3792 ad
1333 3740 1802 3796 conﬁrmationem

218 3823 541 3895 dogmatum
577 3826 732 3882 libris
765 3831 859 3900 qui
894 3839 1024 3884 sunt
1061 3839 1216 3886 extra
1249 3832 1602 3888 canonizatas
1651 3832 1805 3889 Seri.

219 3924 434 3986 pturas.
481 3915 689 3974 Tamen
730 3920 777 3975 si
821 3921 947 3991 quis
990 3923 1219 3994 suscipit
1252 3925 1319 3979 ad
1353 3923 1612 3982 Hebraeos
1645 3928 1804 3996 quasi

219 4006 524 4079 Epistulam
555 4011 744 4078 Pauli,
773 4014 907 4070 dicit
931 4003 1194 4085 quoniam
1235 4018 1464 4088 pluralia
1502 4035 1612 4076 non
1642 4021 1806 4076 debe-

223 4117 351 4156 mus
381 4104 609 4159 omnino
653 4105 858 4161 referre
897 4112 964 4165 ad
1016 4111 1222 4180 plures.
1268 4108 1378 4167 Nec
1418 4112 1566 4166 enim
1622 4112 1806 4182 plures

223 4196 423 4251 serrati
463 4207 625 4264 sunt,
657 4201 750 4254 sed
784 4199 956 4258 Isaias
987 4204 1176 4272 solus;
1221 4219 1323 4259 nec
1353 4204 1536 4275 plures
1583 4205 1805 4277 lapidati

219 4296 394 4352 sunt,
451 4290 559 4345 nisi
609 4290 904 4349 Zacharias
955 4297 1336 4352 tantummodo
1381 4298 1525 4352 ﬁlius
1567 4297 1804 4366 Joiadaz;

217 4395 327 4435 nec
352 4382 629 4439 occisione
661 4385 860 4455 gladii,
895 4387 998 4442 nisi
1031 4388 1098 4420 '°‘
1143 4388 1439 4445 Zacharias
1466 4389 1612 4446 ﬁlius
1641 4389 1808 4445 Bara-

218 4472 395 4540 cbite;
434 4476 527 4530 sed
559 4485 612 4531 et
651 4477 705 4530 in
740 4479 1014 4548 melotis.“
1044 4489 1096 4536 ct
1125 4482 1178 4535 in
1204 4482 1346 4552 pelle
1375 4483 1598 4553 caprina
1636 4482 1803 4548 Elias,

1905 1991 2001 2031 eos
2034 1976 2126 2046 qui
2180 1977 2472 2031 mittuntur
2512 1976 2579 2030 ad
2619 1992 2760 2032 eam.
2796 1975 2955 2031 Aliud
2994 1985 3078 2032 cst
3111 1975 3256 2046 quod
3293 1991 3490 2031 secun-

1905 2069 2033 2123 duzn
2087 2069 2499 2124 similitudinem
2556 2070 2703 2124 illius
2732 2067 3073 2136 Jerusalem,
3115 2069 3415 2124 occidentis
3437 2079 3491 2124 ct

1904 2160 2195 2230 lapidantis
2230 2164 2562 2233 prophetas,
2615 2161 2929 2232 frequenter
2972 2171 3100 2217 sunt
3159 2162 3382 2229 quidam
3434 2162 3487 2215 in

1907 2251 2009 2306 ista
2055 2249 2356 2311 Jerusalem
2409 2253 2645 2322 imperiti
2694 2253 3013 2319 constituti,
3051 2263 3104 2307 et
3156 2252 3326 2308 Deum
3379 2269 3488 2308 non

1906 2350 2210 2398 metuentes
2236 2383 2251 2409 ,
2278 2345 2370 2414 qui
2392 2385 2407 2409 ,
2444 2355 2711 2414 quantum
2739 2346 2803 2399 ad
2837 2359 2927 2408 se,
2963 2345 3227 2399 occidunt
3267 2353 3321 2399 et
3349 2345 3481 2412 lapi-

1904 2434 2036 2489 dant
2067 2436 2248 2492 verbis
2277 2437 2396 2491 sine
2423 2437 2631 2506 judicio
2675 2437 2904 2507 prolatis
2932 2436 3079 2491 vires
3105 2437 3276 2492 verbo
3299 2445 3355 2492 et
3380 2437 3489 2492 vita

1905 2541 2228 2598 provectos,
2280 2539 2335 2585 et
2381 2529 2752 2586 Ecclesiarum
2805 2530 3024 2599 quidem
3061 2544 3326 2583 canoncm
3377 2545 3488 2583 non

1905 2621 2280 2691 requirentes,
2313 2631 2538 2692 propter
2571 2619 2997 2690 profunditatem
3028 2629 3210 2675 autem
3258 2621 3491 2691 dogma.

1905 2723 2018 2769 tum
2049 2724 2336 2784 suspectos
2373 2716 2442 2770 ab
2475 2716 2561 2770 his
2586 2715 2681 2785 qui
2729 2713 2979 2769 consueti
3008 2723 3137 2769 sunt
3169 2728 3311 2767 nova
3339 2729 3492 2784 qua:-

1903 2807 2028 2860 dam
2054 2807 2255 2873 dicere,
2289 2816 2340 2862 et
2374 2824 2482 2862 non
2516 2809 2856 2866 attendentes
2887 2811 3113 2867 verbum
3148 2825 3343 2866 sanum
3376 2807 3486 2862 Do-

1904 2899 2038 2954 mini
2085 2901 2258 2955 nostri
2304 2900 2436 2956 Jesu
2477 2901 2700 2959 Christi.
2749 2903 2890 2959 Dicit
2937 2917 3066 2974 ergo
3109 2901 3378 2957 Dominus
3417 2902 3487 2956 ad

1902 2989 2205 3045 Jerusalem
2250 2991 2667 3048 interfectricem
2701 3003 2753 3048 et
2785 2993 3158 3064 lapidatricem
3194 2992 3491 3062 propheta-

1902 3097 2024 3135 rum
2054 3100 2067 3135 :
2096 3082 2314 3148 Quoties
2347 3082 2487 3136 volui
2523 3100 2836 3155 congregare
2866 3083 3008 3154 ﬁlios
3042 3093 3181 3148 tuos,
3211 3083 3348 3136 sicut
3376 3081 3494 3151 gul--

1903 3173 2015 3228 lina
2042 3173 2212 3244 pullos
2242 3191 2365 3229 suos
2399 3176 2494 3229 sub
2525 3175 2663 3240 alas,
2695 3187 2744 3231 et
2777 3176 2996 3230 noluisti
3025 3174 3176 3246 (8i)?
3203 3174 3490 3241 Quomodo

1906 3268 1994 3324 hic
2041 3267 2309 3323 Dominus
2360 3267 2554 3335 Jesus,
2602 3268 2761 3337 quasi
2818 3268 2910 3338 qui
2959 3267 3276 3338 frequenter
3318 3267 3492 3321 volu1t

1904 3376 2235 3432 congregare
2266 3360 2508 3426 Judaeos,
2533 3377 2638 3417 non
2675 3369 2855 3416 autem
2883 3359 3238 3430 congregavit
3267 3367 3490 3428 propter

1904 3454 2304 3511 contumaciam
2342 3455 2647 3510 nolentium
2683 3454 2923 3518 credere,
2954 3453 3026 3508 ita
3055 3453 3186 3507 dicit
3217 3466 3232 3505 :
3267 3451 3489 3515 Quoties

1903 3546 2049 3602 volui
2071 3587 2086 3612 ,
2139 3561 2264 3601 cum
2292 3545 2363 3602 sit
2391 3545 2741 3602 manifestum
2778 3545 2946 3601 semel
2977 3560 3101 3599 cum
3131 3543 3390 3598 docuisse
3434 3556 3492 3596 tn

1903 3653 2133 3708 corpore
2157 3636 2417 3693 Judteos?
2449 3637 2554 3693 Sed
2590 3653 2698 3692 non
2734 3638 2913 3692 solum
2953 3636 3006 3689 in
3038 3634 3347 3705 praesentia,
3387 3643 3484 3687 ve-

1905 3746 2026 3784 rum
2055 3729 2217 3785 etiam
2253 3730 2686 3786 substantialiter
2718 3744 2934 3798 semper
2963 3727 3218 3782 Christus
3250 3739 3496 3794 praesens

1905 3821 2008 3877 fuit
2033 3830 2086 3878 et
2117 3823 2171 3876 in
2204 3821 2418 3893 Moyse,
2447 3830 2502 3878 et
2537 3821 2591 3874 in
2641 3821 2956 3891 prophetis,
2995 3816 3170 3887 magis
3200 3823 3384 3869 autem
3432 3822 3490 3868 et

1907 3913 1959 3967 in
2005 3914 2212 3984 angelis
2272 3911 2713 3968 ministrantibus
2753 3910 2915 3966 saluti
2962 3910 3250 3972 humanae,
3291 3914 3347 3961 et
3396 3920 3496 3975 per

1906 4009 2153 4079 singulas
2188 4007 2595 4078 generationes,
2623 4015 2678 4061 et
2713 4005 2794 4060 sic
2819 4002 3116 4072 impletur:
3151 3999 3372 4066 Quoties
3402 4015 3493 4052 vo-

1905 4101 2003 4155 lui.
2041 4101 2144 4157 Per
2185 4102 2434 4173 singulas
2478 4100 2624 4157 enim
2667 4098 3048 4170 generationes
3077 4111 3293 4165 semper
3320 4093 3494 4149 voluit

1905 4203 1956 4249 et
2005 4193 2284 4249 festinavit
2330 4193 2590 4264 perﬁcere
2636 4192 2972 4247 voluntatem
3020 4187 3200 4242 Patris
3248 4186 3301 4239 in
3355 4184 3487 4240 eis:

1905 4287 2008 4343 etsi
2041 4303 2148 4343 non
2185 4288 2240 4341 in
2273 4301 2505 4356 corpore
2533 4285 2896 4346 constitutus,
2928 4282 3071 4335 sicut
3120 4295 3265 4333 nunc
3299 4279 3354 4332 in
3386 4278 3495 4330 ﬁne

1907 4383 2256 4447 saeculorum,
2289 4391 2470 4436 tamen
2521 4393 2733 4448 semper
2760 4375 3039 4431 festinavit
3066 4384 3399 4444 congreggre
3429 4369 3494 4424 ﬁ—

1909 4476 2013 4531 lios
2049 4475 2371 4531 Jerusalem.
2402 4471 2583 4544 Ipsius
2615 4471 2760 4526 enim
2803 4467 3037 4523 volentis
3067 4477 3399 4536 congregare
3432 4461 3497 4516 ﬂ-

216 4575 278 4620 el
305 4576 500 4622 extera
531 4570 753 4626 similia.
783 4571 979 4628 Adhuc
1003 4585 1184 4630 autem
1231 4591 1543 4646 quaeramus
1570 4577 1715 4647 quod
1747 4577 1802 4631 in
1837 4573 1880 4628 D
1910 4570 2012 4626 lios
2039 4568 2343 4625 Jerusalem
2374 4581 2535 4621 voces
2566 4565 2834 4620 habentur
2860 4561 2914 4615 in
2943 4560 3060 4630 lege
3089 4569 3142 4614 et
3172 4558 3225 4611 in
3256 4554 3492 4647 prophe-

218 4657 374 4714 Luca
421 4662 684 4732 scriptum
735 4668 901 4734 est“,
940 4667 1154 4722 dicente
1201 4667 1472 4723 Domino:
1513 4669 1654 4735 Quia
1700 4687 1805 4724 non

217 4752 368 4820 capit
392 4754 698 4822 prophetam
723 4757 896 4824 perire
923 4766 1074 4810 extra
1103 4755 1444 4822 Jerusalem;
1472 4758 1519 4813 si
1542 4773 1672 4828 ergo
1697 4773 1806 4812 non

216 4846 371 4916 capit
397 4847 718 4917 prophetam
757 4851 936 4918 perire
965 4860 1122 4905 extra
1152 4849 1492 4919 Jerusalem,
1524 4853 1574 4907 id
1606 4862 1689 4908 est
1718 4855 1806 4909 in~

219 4937 652 5008 terﬁci,quaeres
681 4941 727 4996 si
758 4951 884 5012 post
908 4943 1336 4999 destructionem
1368 4944 1671 5002 Jerusalem
1693 4948 1807 5018 jam

217 5045 389 5085 nemo
415 5033 681 5103 propheta
711 5045 830 5101 est,
888 5051 957 5091 ne
1001 5035 1142 5091 forte
1171 5038 1264 5108 qui
1296 5039 1622 5094 interlicitur
1653 5052 1806 5096 extra

214 5121 524 5178 Jerusalem
577 5127 839 5196 propheta
867 5168 882 5193 ,
939 5127 1140 5184 falsum
1185 5130 1412 5184 verbum
1457 5129 1660 5186 Christi
1714 5133 1810 5187 de-

217 5225 512 5271 monstret.
562 5215 618 5271 Si
667 5229 848 5274 autem
878 5230 1082 5290 COgunt
1118 5236 1219 5276 nos
1257 5220 1555 5293 Scriptura:
1592 5231 1810 5293 propter

223 5308 475 5378 Agabum
502 5322 555 5365 et
580 5312 720 5366 ﬁlias
751 5311 985 5384 Philippi
1031 5316 1376 5386 evangelista:
1396 5358 1409 5381 ,
1441 5333 1548 5371 non
1588 5327 1809 5387 prOpter

223 5402 398 5458 falsos
415 5401 662 5476 Phrygiae
690 5406 1004 5475 prophetas,
1023 5422 1336 5476 quaeramus
1362 5424 1428 5463 ne
1460 5409 1599 5464 forte
1626 5410 1808 5466 omnis

218 5495 407 5566 justus
453 5497 525 5551 sit
579 5497 633 5550 in
663 5497 969 5553 Jerusalem
1015 5507 1070 5553 et
1111 5515 1222 5555 non
1270 5515 1421 5558 extra
1465 5501 1804 5572 Jerusalem,

327 5613 373 5643 ¹⁸
414 5609 452 5667 ΙΙ
483 5609 626 5664 Tim.
672 5627 755 5676 ιιι,
787 5610 841 5664 8.
935 5610 994 5643 ·¹⁹
1021 5608 1039 5662 Ι
1071 5609 1199 5667 Cor-
1239 5628 1299 5678 ιι,
1336 5613 1390 5668 9ο

223 5692 352 5738 sunt
377 5700 466 5736 ore
494 5681 677 5753 gladii,
711 5683 838 5748 nisi,
868 5688 976 5735 etc.
1028 5752 1036 5753 ί
1088 5683 1131 5712 ²¹
1173 5685 1270 5751 al.,
1305 5687 1382 5738 sic
1420 5697 1471 5739 et
1512 5687 1567 5740 in
1603 5688 1829 5743 metatis.

225 5770 402 5819 xun,
443 5752 533 5811 Il.
608 5757 654 5787 ³⁵
691 5753 824 5809 Luc.
856 5768 945 5807 nx
972 5793 988 5817 ,
1018 5752 1106 5808 10.

298 5852 414 5918 (8i)
458 5850 592 5907 Vide
615 5858 802 5906 notam
838 5848 892 5902 in
931 5844 1122 5901 hctnil.
1162 5845 1196 5899 8
1223 5845 1277 5900 in
1306 5844 1590 5901 Genesim.

1913 4667 2014 4732 tis;
2072 4675 2124 4719 et
2167 4663 2234 4718 de
2281 4662 2398 4731 ipso
2445 4659 2706 4728 scriptum
2757 4665 2841 4712 est
2863 4655 2908 4688 "
2951 4673 2963 4707 :
3009 4650 3328 4720 Expendens
3377 4646 3496 4700 alas

1915 4776 2040 4816 suas
2067 4758 2266 4826 accepit
2286 4771 2394 4822 eos,
2427 4763 2476 4808 et
2506 4760 2732 4821 suscepit
2756 4766 2841 4805 eos
2881 4763 3038 4817 super
3061 4743 3307 4812 scapulas
3333 4755 3496 4805 suas;

1916 4859 1969 4904 et
1998 4848 2377 4920 quotidianum
2427 4859 2567 4914 opus
2602 4850 2686 4896 est
2727 4837 2934 4893 Christi
2979 4847 3312 4905 congregare
3353 4829 3497 4883 ﬁlios

1915 4941 2219 4998 Jerusalem
2246 4980 2260 5005 ,
2302 4938 2371 4992 de
2400 4938 2601 5007 quibus
2635 4934 2687 4988 in
2722 4932 2858 4987 isuia
2892 4938 2945 4985 et
2997 4927 3052 4981 in
3098 4923 3324 4993 reliquis
3370 4936 3497 4990 pro-

1914 5035 2093 5107 phetis
2125 5034 2279 5104 plura
2309 5031 2600 5093 dicuntur;
2646 5034 2701 5079 et
2726 5022 2973 5093 quotidie
3016 5017 3112 5072 Dei
3155 5014 3327 5068 Filius
3359 5027 3495 5107 con-

1913 5105 2102 5201 gregat
2152 5129 2432 5194 dispersos
2479 5122 2618 5176 ﬁlios
2675 5119 2806 5178 Dei,
2855 5117 2996 5170 sicut
3067 5110 3266 5182 gallina
3318 5105 3497 5207 pullos

1913 5197 2044 5278 suos
2076 5220 2180 5276 sub
2211 5232 2417 5288 pennas
2460 5229 2610 5270 suas.
2667 5212 2724 5266 Si
2771 5210 2897 5280 quis
2933 5214 3113 5262 autem
3163 5209 3273 5256 n'on
3328 5197 3498 5299 fuerit

1913 5321 2272 5386 congregatus
2305 5312 2372 5364 ab
2406 5323 2506 5372 eo,
2557 5304 2889 5374 iudicabitur
2933 5298 3091 5370 quasi
3131 5295 3226 5366 qui
3263 5291 3499 5348 noluerit

1915 5403 2234 5478 congregari
2269 5403 2450 5456 abeo.
2496 5397 2645 5453 Venit
2677 5397 2814 5451 enim
2859 5392 3036 5446 Filius
3081 5387 3310 5442 hominis
3349 5395 3499 5453 quar-

1917 5515 2029 5553 rere
2055 5494 2194 5567 quod
2225 5495 2473 5563 perierat,
2502 5499 2550 5544 et
2587 5489 2792 5543 salrare
2808 5487 2874 5538 ³⁵.
2905 5483 2969 5537 Ει
2997 5489 3246 5536 mortuus
3267 5483 3352 5532 est
3383 5487 3492 5527 non

1507 5615 1551 5647 ao
1593 5617 1612 5668 ι
1641 5615 1837 5674 Thess.
1866 5633 1920 5683 ν,
1949 5615 2038 5668 ει,
2075 5650 2087 5660 ,
2116 5614 2183 5646 ιο·
2216 5609 2439 5665 Rectius
2469 5601 2887 5683 forsanlegeris
2915 5615 2930 5652 :
2965 5593 3301 5683 nec_(_plure_s)
3335 5588 3496 5683 ft‘cft'fi

1937 5663 2158 5741 6“Luc.
2202 5663 2322 5750 illi;
2355 5663 2444 5736 E57.
2554 5679 2599 5710 ’³
2641 5663 2830 5731 Μειῶι.
2862 5685 3020 5736 xxut,
3053 5663 3142 5724 57.
3251 5667 3296 5699 ⁸³
3334 5663 3492 5717 Deut.
