4004 6540
537 379 674 436 1653

1719 373 2042 430 ORIGENIS
2079 371 2148 426 ιΝ
2182 369 2595 428 ΜΑΤΤΠᾸΞΗΜ

3647 365 3790 422 1646

534 517 635 574 pro
668 507 826 571 gente
853 496 1002 563 sola,
1047 497 1140 553 sed
1175 506 1233 552 ut
1265 496 1542 567 dispersos
1570 495 1710 550 filios
1739 494 1834 549 Dei
1875 509 2106 564 congre-
2139 497 2178 551 Α
2210 492 2355 562 plum
2385 498 2633 545 sanctum
2665 487 2756 542 Dei
2790 495 3010 557 propter
3040 485 3302 554 Spiritum
3332 482 3430 538 Dei
3481 481 3795 536 inhabitan-

535 599 690 663 garct
718 589 772 643 in
819 603 985 643 unum
1014 606 1028 655 ;
1056 587 1258 642 Juda'is
1286 587 1503 657 quidem
1533 586 1624 656 qui
1652 595 1808 639 erant
1838 585 1929 638 ﬁlii
1964 585 2106 638 illius

535 681 834 738 Jerusalem
873 696 994 750 qua:
1021 687 1142 734 erat
1169 676 1424 732 deorsum
1455 678 1820 732 comminatus
1862 685 1944 731 est
1964 717 1979 742 ,
2011 692 2107 730 no-

535 774 773 829 lentibus
821 771 1139 842 congregari
1191 771 1292 825 sub
1348 784 1555 840 pennas
1619 783 1748 824 suas
1809 767 2102 823 dicens“:

535 865 672 921 Ecce
709 880 844 918 nunc
890 863 1216 932 relinquetur
1258 862 1400 916 vobis
1435 861 1618 913 domus
1661 871 1833 914 vestra
1877 859 2102 912 deserta.

535 956 763 1026 Semper
806 963 988 1010 autem
1039 954 1120 1009 eis
1161 954 1255 1023 qui
1302 952 1593 1006 noluerunt
1641 951 1956 1021 congregari
2005 951 2108 1005 sub

535 1061 741 1118 pennas
785 1045 985 1115 ipsius,
1022 1043 1343 1098 comminari
1381 1051 1434 1096 et
1459 1042 1640 1096 dicere
1678 1041 1932 1096 Christus
1959 1039 2107 1094 vide-

535 1151 664 1196 tur:
698 1138 833 1192 Ecce
865 1154 1001 1192 nunc
1039 1138 1360 1207 relinquetur
1398 1137 1541 1190 vobis
1587 1135 1774 1188 domus
1809 1141 1978 1186 vestra
2017 1132 2108 1186 de-

536 1243 713 1297 serta,
757 1231 808 1285 id
842 1238 926 1285 est
957 1231 1138 1284 anima
1173 1238 1349 1282 vestra
1401 1236 1455 1281 et
1496 1242 1716 1296 corpus.
1760 1223 1880 1280 Non
1930 1224 2105 1279 solum

536 1325 680 1379 enim
722 1338 942 1392 corpus,
976 1320 1068 1375 sed
1100 1321 1264 1375 etiam
1299 1319 1481 1373 anima
1516 1317 1856 1386 peccantium
1895 1315 2106 1372 deserta

536 1416 898 1484 relinquitur;
933 1423 988 1467 et
1021 1412 1163 1466 sicut
1191 1411 1243 1464 in
1273 1414 1488 1465 deserto
1511 1409 1701 1478 vulpes
1725 1407 1933 1462 faciunt
1955 1407 2006 1460 in
2041 1409 2107 1462 iis

536 1507 744 1571 foveas,
786 1513 839 1559 et
865 1511 1167 1572 serpentes,
1193 1500 1470 1572 generatio
1493 1499 1827 1568 viperarum,
1857 1497 2105 1551 cubatio-

535 1613 650 1652 nes.
708 1595 849 1651 Dicit
897 1603 1076 1648 autem
1122 1590 1431 1646 nolentibus
1471 1589 1785 1659 congregari
1831 1588 1896 1641 ad
1935 1602 2104 1641 eunt:

535 1688 800 1754 Quoniam
837 1702 941 1740 non
984 1701 1062 1738 me
1095 1683 1335 1737 videbitis
1382 1685 1606 1746 amodo,
1655 1680 1818 1733 donec
1866 1678 2058 1731 dicatis
2087 1695 2104 1730 :

536 1779 848 1834 Benedictus
871 1779 960 1848 qui
985 1776 1120 1832 venit
1149 1776 1202 1829 in
1233 1774 1440 1828 nomine
1463 1771 1682 1826 Domini
1705 1773 1771 1824 ’⁷.
1803 1770 1868 1824 Ει
1891 1786 1990 1824 nec
2011 1769 2106 1825 Ju-

2220 593 2327 636 tem
2363 581 2416 635 in
2451 596 2531 646 se,
2579 580 2624 633 si
2658 577 2963 648 peccaverit
2996 577 3142 646 ipse,
3170 576 3230 630 tit
3257 589 3428 630 causa
3463 588 3581 627 sua:
3613 572 3798 626 ιινιὶιπο

2215 673 2400 738 tionis,
2432 683 2487 726 ut
2513 671 2827 742 egrediatur
2871 667 3124 722 Christus
3154 667 3223 721 ab
3249 681 3316 720 eo
3345 682 3359 716 :
3400 675 3460 718 ut
3489 665 3587 734 qui
3623 662 3798 717 fuerat

2213 775 2339 820 ante
2387 763 2647 832 templum
2682 761 2800 815 Filii
2828 760 2945 823 Dei,
2975 760 3322 830 postmodum
3370 757 3442 813 sit
3472 757 3675 811 domus
3708 754 3798 807 de-

2213 863 2378 917 serta,
2410 862 2468 906 ut
2497 868 2605 907 non
2633 851 2974 919 relinquatur
3002 849 3054 902 in
3091 863 3156 902 eo
3179 848 3320 917 lapis
3361 861 3532 914 super
3563 844 3796 912 lapidem

2213 963 2277 1000 ex
2307 945 2560 999 omnibus
2600 943 2946 1013 dogmatibus
2977 949 3031 994 et
3065 941 3221 994 bona:
3249 940 3374 993 vitae
3412 936 3796 993 aediﬁcationi-

2213 1037 2316 1092 bus
2339 1037 2484 1106 quod
2512 1052 2620 1090 non
2645 1035 2978 1091 destruatur.
3006 1031 3236 1101 Propter
3260 1032 3408 1101 quod
3441 1029 3798 1085 recordantes

2215 1129 2499 1184 historiam
2545 1127 2872 1184 desertionis
2904 1123 3241 1190 Jerusalem,
3281 1123 3602 1193 prospicere
3642 1119 3798 1176 nobis

2213 1221 2496 1287 debemus,
2527 1232 2587 1276 ut
2633 1237 2700 1276 ne
2730 1219 3040 1290 egrediatur
3073 1218 3324 1272 Christus
3351 1230 3383 1270 e
3414 1214 3624 1282 templo
3656 1211 3796 1280 quod

2213 1320 2296 1365 cst
2343 1312 2396 1364 in
2439 1311 2619 1374 nobis,
2648 1321 2706 1365 ιιι
2735 1311 3124 1366 mdiﬁeationes
3157 1308 3342 1377 templi
3374 1306 3551 1361 nostri
3584 1303 3797 1357 incolu-

2215 1407 2329 1458 mes
2358 1404 2464 1456 sint
2493 1399 2764 1471 lapidibus
2793 1411 2846 1456 et
2881 1402 3041 1456 donis
3071 1400 3389 1464 adornatae;
3422 1406 3486 1451 ut
3518 1396 3617 1466 qui
3651 1395 3794 1447 vide~

2213 1495 2324 1548 rint
2369 1495 2758 1549 aidilicationes
2790 1509 2911 1564 quae
2943 1501 3072 1548 sunt
3116 1493 3170 1546 in
3219 1490 3415 1553 nobis,
3452 1489 3647 1542 dicant
3698 1487 3797 1539 mi-

2212 1595 2441 1642 rantes:
2483 1585 2836 1656 Vide‘guales
2878 1585 3080 1655 lapides
3123 1594 3172 1639 et
3215 1582 3395 1654 quales
3425 1579 3794 1636 structure".

2214 1676 2348 1730 Illud
2381 1687 2560 1731 autem
2589 1657 2811 1748 dignum
2839 1685 2923 1731 est
2957 1675 3258 1746 pervidere,
3287 1671 3594 1744 quomodo,
3624 1684 3798 1739 quan-

2215 1777 2326 1822 tum
2357 1769 2422 1823 ad
2451 1778 2654 1824 textura
2676 1810 2691 1834 ,
2728 1769 2810 1824 sic
2843 1769 3141 1838 loquuntur
3179 1764 3431 1836 discipuli
3464 1764 3534 1817 ad
3567 1761 3792 1823 Jesum.

535 1872 634 1926 diri
664 1880 794 1925 tunc
823 1869 1101 1924 Christum
1136 1866 1412 1929 viderunt,
1444 1879 1547 1919 nec
1573 1863 1717 1918 enim
1749 1862 1899 1916 visus
1926 1871 2009 1917 est
2029 1862 2110 1916 eis
2141 1860 2182 1913 Β
2209 1866 2262 1911 et
2290 1858 2584 1912 ostendunt
2617 1858 2665 1911 ei
2697 1867 2999 1912 structuras
3031 1854 3269 1925 lapidum
3297 1895 3314 1920 ,
3345 1854 3507 1924 quasi
3533 1853 3633 1922 qui
3663 1868 3795 1904 nun-

535 1975 826 2032 resurgens
875 1974 906 2013 a
957 1957 1189 2013 mortuis
1243 1956 1384 2012 sicut
1431 1953 1620 2024 prius,
1665 1952 1758 2008 sed
1791 1951 2002 2022 judicio
2051 1960 2106 2006 et

535 2054 708 2122 gratia
743 2052 987 2122 patribus
1014 2047 1394 2104 tantummodo
1419 2045 1621 2115 dignis.
1655 2043 1720 2098 Et
1748 2045 1922 2100 donec
1943 2043 2103 2098 intel~

535 2145 761 2215 ligentes
787 2143 1150 2198 desertionem
1185 2139 1455 2210 propriam
1481 2138 1717 2192 dixerint
1742 2136 2100 2206 poenitentes:

536 2238 846 2293 Benedictus
886 2236 974 2308 qui
1019 2235 1154 2288 venit
1184 2234 1237 2286 in
1266 2231 1472 2285 nomine
1516 2229 1768 2296 Domini,
1809 2244 1916 2284 non
1953 2228 2104 2283 vide-

536 2331 670 2383 bunt
723 2327 919 2381 Filium
968 2325 1094 2389 Dei,
1133 2339 1231 2378 nec
1258 2322 1515 2378 videbunt
1545 2319 1782 2375 Verbum
1820 2318 1972 2388 ejus,
2006 2333 2105 2372 nec

535 2416 962 2471 considerabant
1016 2412 1472 2483 pulchritudinem
1511 2411 1789 2482 sapientia
1834 2409 1948 2464 Dei.
1999 2408 2103 2463 Sed

535 2518 588 2562 et
613 2508 658 2561 si
682 2522 749 2562 ex
780 2507 936 2560 nobis
957 2504 1190 2560 voluerit
1211 2503 1409 2574 aliquis
1435 2503 1752 2574 congregari
1772 2503 1874 2558 sub
1899 2518 2105 2572 pennas

536 2599 772 2661 Christi,
819 2597 912 2653 sed
945 2597 1203 2667 operibus
1232 2596 1394 2651 malis
1422 2594 1753 2650 recusaverit
1788 2594 2103 2665 congregari

536 2692 639 2746 sub
685 2706 888 2760 pennas
935 2690 1092 2760 ejus,
1138 2690 1250 2761 jam
1295 2703 1406 2743 non
1441 2687 1645 2743 videbit
1689 2687 1922 2743 Verbum
1976 2686 2104 2754 Dei,

537 2783 772 2836 maxime
793 2799 856 2836 ex
892 2790 1129 2851 tempore
1158 2781 1249 2837 illo
1277 2796 1344 2836 ex
1373 2795 1483 2851 quo
1506 2788 1924 2851 congregantem
1953 2778 2102 2833 illum

535 2890 631 2945 per
676 2875 922 2945 singulos
956 2874 1073 2928 dies
1104 2873 1300 2944 refugit
1333 2883 1456 2928 actu
1508 2872 1680 2943 magis
1720 2887 1885 2942 quam
1937 2869 2107 2940 850

535 2981 761 3036 corpore
805 2984 822 3020 :
872 2976 926 3020 et
977 2966 1164 3020 tandiu
1224 2981 1332 3021 non
1382 2965 1586 3019 videbit
1647 2962 2104 3035 pulchritudinem

536 3057 728 3123 Verbi,
776 3056 828 3111 id
859 3065 942 3111 est
967 3055 1284 3121 Christum,
1317 3054 1489 3110 donec
1519 3067 1816 3108 conversus
1845 3059 1898 3104 et
1931 3049 2107 3120 pumi-

537 3165 656 3209 tens
684 3164 714 3203 a
747 3149 1026 3218 proposito
1063 3148 1207 3202 malo
1259 3147 1404 3202 dicat
1446 3165 1460 3200 :
1507 3145 1820 3200 Benedictus
1850 3144 1940 3214 qui
1971 3143 2104 3198 venit

534 3241 590 3290 in
633 3240 839 3293 nomine
875 3237 1108 3292 Domini.
1147 3237 1300 3292 Tunc
1348 3238 1492 3291 enim
1528 3234 1764 3290 Verbum
1799 3233 1893 3289 Dei
1939 3234 2109 3289 bene-

536 3331 762 3395 dictum,
791 3338 846 3384 et
870 3329 1152 3383 benedicta
1184 3327 1449 3396 sapientia
1492 3325 1587 3380 Dei
1622 3326 1848 3381 veniens
1879 3325 2026 3379 venit
2056 3325 2110 3379 in

481 3467 488 3474 .
536 3421 759 3474 nomine
787 3417 880 3471 Dei
916 3417 1094 3472 Patris
1142 3433 1305 3487 super
1329 3433 1424 3474 cor
1453 3417 1712 3484 hominis,
1747 3417 1966 3488 quando
1993 3415 2111 3472 fue-

535 3508 608 3563 rit
639 3509 763 3578 quis
791 3524 1092 3564 conversus
1118 3509 1182 3563 ad
1213 3507 1404 3562 Deum.

606 3622 698 3678 29.
741 3622 810 3676 Et
829 3639 1065 3694 egressus
1094 3621 1249 3676 Iesus
1281 3621 1345 3676 de
1367 3622 1582 3693 templo,
1612 3622 1746 3676 ibat.
1776 3621 1846 3675 Et
1876 3639 2108 3678 accesse-

535 3726 662 3770 runt
691 3717 759 3770 ad
782 3733 900 3770 eum
931 3717 1181 3786 discipuli
1201 3708 1315 3786 ejus
1348 3724 1406 3770 ut
1439 3716 1765 3770 ostenderent
1796 3718 1844 3770 ei
1872 3725 2108 3771 structu-

533 3823 625 3862 ras
653 3809 850 3878 templi.
878 3808 1034 3864 Iesus
1061 3819 1236 3863 autem
1264 3809 1600 3880 respondens,
1631 3810 1769 3864 dixit
1792 3811 1866 3865 eis
1896 3826 1916 3864 :
1952 3808 2108 3865 Vide-

537 3902 607 3954 tis
633 3900 742 3956 Iuec
762 3903 940 3955 omnia
957 3905 982 3957 ?
1009 3903 1172 3955 Amen
1193 3901 1312 3954 dico
1344 3901 1508 3969 vobis,
1541 3919 1644 3956 non
1683 3903 2002 3972 relinquetur
2022 3902 2106 3956 hic

537 3991 676 4062 lapis
701 4009 860 4063 super
887 3993 1114 4064 lapidem
1134 3996 1224 4065 qui
1257 4011 1360 4049 non
1388 3995 1697 4049 destruatur
1719 3996 1784 4048 ³⁸.
1811 3995 2107 4066 Postquam

537 4082 722 4137 omnia
753 4097 876 4152 qua:
905 4099 1070 4154 super
1095 4082 1397 4139 Jerusalem
1441 4095 1666 4141 ventura
1698 4085 1916 4141 fuerant
1944 4085 2099 4141 Chri-

535 4185 656 4229 stus
683 4175 965 4244 przedixit,
1013 4177 1146 4232 exiit
1191 4178 1258 4232 de
1303 4179 1532 4249 templo,
1563 4178 1658 4249 qui
1688 4187 2112 4234 conservaverat

536 4268 797 4338 templum
861 4284 930 4324 ne
975 4271 1196 4325 caderet
1238 4271 1412 4326 donec
1463 4270 1566 4326 fuit
1617 4271 1673 4326 in
1717 4287 1804 4327 eo.
1854 4269 2107 4338 Quandiu

535 4358 684 4412 extim
717 4357 821 4413 fuit
850 4359 1089 4414 Verbum
1123 4359 1265 4430 apud
1293 4359 1544 4430 Judieos,
1577 4378 1686 4418 non
1719 4362 1976 4419 auferens
2017 4379 2108 4419 re-

535 4464 701 4519 gnum
733 4449 827 4504 Dei
856 4451 926 4505 ab
959 4451 1040 4507 eis
1064 4491 1080 4518 ,
1135 4453 1326 4506 tandiu
1355 4454 1535 4520 stetit,
1575 4463 1629 4508 et
1663 4454 1964 4511 incolumes
1989 4454 2107 4510 lue-

2207 1964 2370 2017 quam
2401 1948 2597 2003 viderit
2629 1949 2804 2018 ipsum
2838 1947 3134 2016 templum,
3184 1945 3279 2000 sed
3329 1943 3558 1998 aliunde
3595 1944 3650 1996 in
3684 1942 3793 2011 pri-

2207 2041 2311 2095 mis
2347 2040 2666 2110 pcregrinus
2701 2040 2996 2094 advenerit.
3043 2039 3123 2091 Ad
3173 2037 3278 2091 hoc
3332 2036 3407 2090 ita
3442 2043 3532 2089 est
3574 2049 3795 2100 respono

2205 2131 2440 2186 dendum
2495 2147 2510 2183 :
2557 2132 2816 2200 quoniam
2872 2132 3207 2200 prophetans
3257 2130 3517 2198 superius
3577 2128 3792 2182 ruinam

2208 2221 2382 2290 ipsius
2411 2219 2650 2276 futuram
2693 2220 2945 2278 Christus
2985 2229 3038 2275 et
3075 2220 3438 2274 desertionem
3460 2259 3475 2284 ,
3532 2219 3616 2272 sic
3647 2233 3794 2272 como

2207 2314 2446 2368 minatus
2475 2321 2558 2368 est
2590 2329 2603 2365 :
2640 2311 2774 2368 Ecce
2803 2330 2939 2366 nunc
2969 2311 3293 2382 relinquetur
3317 2312 3462 2364 vobis
3491 2311 3687 2363 domas
3712 2325 3793 2361 ee-

2206 2419 2319 2462 stra
2340 2407 2546 2461 deserta
2563 2406 2700 2460 ³³·³⁸.
2726 2404 3022 2461 Audientes
3043 2405 3295 2474 discipuli
3311 2403 3516 2468 mirati
3547 2411 3681 2458 sunt
3712 2411 3791 2455 ta-

2208 2499 2312 2554 lem
2343 2507 2396 2551 ct
2418 2505 2624 2552 tantam
2663 2496 2845 2566 templi
2881 2503 3215 2550 structuram
3258 2493 3325 2547 ad
3378 2492 3622 2546 nihilum
3654 2491 3793 2544 redi-

2207 2589 2465 2662 gendam;
2518 2597 2801 2659 propterea
2852 2587 3044 2642 dicunt
3089 2587 3156 2641 ad
3205 2583 3393 2639 Jesum
3427 2626 3444 2651 ,
3476 2585 3628 2638 sicut
3659 2585 3793 2638 alter

2207 2683 2552 2755 manifestius
2616 2682 2748 2737 dicit
2810 2682 3141 2753 evangelista
3206 2698 3219 2734 :
3273 2677 3575 2750 Magister,
3655 2679 3789 2733 vides

2205 2774 2388 2846 quales
2433 2774 2664 2844 lapides,
2711 2784 2760 2829 et
2803 2774 2982 2845 quales
3029 2773 3351 2828 structuras!
3424 2771 3693 2826 Videlicet
3737 2779 3793 2824 ut

2207 2869 2483 2936 ﬂecterent
2515 2885 2640 2924 eum
2684 2869 2750 2922 ad
2792 2867 3227 2923 miscricordiam
3268 2867 3371 2921 loei
3403 2867 3582 2931 illius,
3617 2883 3685 2920 ne
3712 2864 3789 2918 la-

2207 2969 2350 3016 ceret
2381 2961 2524 3031 quod
2556 2959 2734 3016 fuerat
2763 2963 3149 3015 comminatus.

2277 3073 2368 3129 30.
2407 3072 2474 3130 Et
2500 3075 2614 3129 hazc
2663 3073 3020 3143 corporaliter
3047 3072 3190 3128 dicta
3225 3072 3354 3126 sint.
3381 3068 3672 3124 Moraliler
3699 3085 3787 3122 au-

2210 3173 2316 3219 tem
2345 3165 2449 3220 hoc
2475 3164 2658 3220 ntodo.
2700 3164 2836 3219 Cum
2871 3165 2944 3220 sit
2974 3164 3226 3217 humanae
3252 3170 3465 3216 natura:
3496 3161 3794 3216 admirabio

2213 3256 2280 3312 lis
2323 3257 2663 3313 constructio
2718 3255 2900 3322 facta,
2957 3255 3206 3311 videlicet
3261 3255 3524 3324 templum
3578 3254 3678 3309 Dei
3740 3263 3792 3308 et

2213 3347 2374 3404 Verbi
2408 3349 2562 3420 ejus,
2595 3350 2848 3420 discipuli
2883 3349 3174 3419 exterique
3218 3348 3432 3414 sancti,
3469 3363 3584 3402 non
3615 3348 3788 3403 solum

2211 3450 2362 3507 tunc,
2391 3442 2486 3498 sed
2514 3442 2678 3496 etiam
2714 3442 2880 3497 modo
2928 3441 3177 3495 miranda
3222 3454 3386 3510 opera
3433 3439 3533 3494 Dei
3569 3455 3701 3510 erga
3733 3441 3791 3492 ti-

2211 3543 2489 3605 gmentum
2524 3534 2823 3588 humanum
2858 3531 3207 3595 conﬁtentes,
3257 3541 3384 3587 ante
3434 3542 3787 3602 conspectum

2210 3624 2414 3678 Christi
2449 3624 2820 3688 intercedunt,
2852 3631 2905 3676 et
2935 3629 3232 3692 provocant
3274 3619 3588 3686 Christum,
3631 3629 3689 3674 ut
3725 3635 3789 3674 ne

2210 3715 2427 3770 deserat
2464 3730 2636 3785 genus
2669 3714 2968 3768 humanum
2998 3722 3217 3782 propter
3257 3721 3486 3780 peccata
3519 3712 3784 3782 ipsorum,

2211 3809 2304 3864 sed
2354 3809 2528 3876 magis
2572 3815 2824 3862 moveant
2867 3820 2992 3861 eum
3041 3806 3109 3859 ad
3161 3804 3556 3874 indulgentiam
3627 3817 3784 3873 opera

2209 3902 2329 3972 ejus
2373 3899 2654 3963 miranda,
2700 3914 2866 3969 quam
2907 3898 2976 3952 ad
3024 3897 3363 3952 iracundiam
3399 3896 3670 3966 iniquitas
3697 3909 3784 3950 eo-

2209 4009 2355 4048 rum.
2390 3991 2578 4047 Aliter.
2619 3989 2776 4047 Sicut
2824 3990 2956 4045 illud
2999 3991 3260 4060 templum
3290 4005 3398 4044 non
3435 3987 3668 4043 insemel
3706 3995 3786 4040 ενι

2209 4087 2451 4142 dirutum
2475 4125 2492 4152 ,
2525 4086 2617 4141 sed
2652 4084 2915 4155 paulatim
2953 4095 3200 4153 tempore
3243 4080 3600 4152 procedenti,
3633 4080 3707 4134 ita
3735 4087 3785 4131 et

2209 4180 2387 4236 omnis
2413 4179 2579 4233 homo
2607 4177 2702 4246 qui
2735 4176 2964 4246 suscipit
3007 4175 3061 4230 in
3107 4189 3166 4230 se.
3203 4174 3430 4228 verbum
3467 4172 3601 4238 Dei,
3651 4182 3784 4225 tem-

2208 4273 2356 4343 plum
2387 4280 2490 4328 est.
2520 4269 2587 4325 Et
2614 4271 2660 4326 si
2687 4269 2906 4338 quidem
2940 4277 3062 4338 post
3118 4275 3404 4337 peccatum
3436 4280 3548 4319 non
3577 4265 3648 4319 ad
3677 4264 3784 4333 ple-

2209 4374 2339 4412 num
2368 4357 2569 4413 decidit
2594 4372 2626 4412 a
2657 4358 2822 4412 verbo
2858 4355 2973 4422 Dei,
3004 4356 3101 4411 sed
3136 4355 3315 4410 adhuc
3339 4354 3516 4408 salvat
3543 4368 3609 4408 es
3639 4362 3784 4422 parte

2211 4451 2436 4520 vestigia
2475 4451 2597 4504 fidei
2629 4457 2684 4504 et
2722 4449 2998 4518 religionis
3039 4448 3096 4501 in
3129 4463 3188 4502 se
3227 4447 3611 4500 mandatorum
3662 4444 3782 4507 Dei,

536 4549 664 4595 runt
710 4556 799 4597 res
849 4540 1181 4598 Judaeorum.
1239 4542 1530 4615 Postquam
1581 4561 1745 4611 vero,
1806 4549 2105 4603 secundum
2141 4552 2184 4606 ῐ)
2215 4544 2472 4614 templum
2503 4551 2588 4598 est
2621 4558 2686 4596 ex
2719 4550 2873 4611 parte
2905 4542 3240 4596 destructum
3278 4551 3332 4594 et
3367 4555 3433 4593 ex
3466 4549 3620 4609 parte
3651 4552 3778 4592 con-

537 4633 762 4685 verbuni
801 4633 972 4702 ipsius
999 4635 1145 4703 quod
1176 4635 1430 4691 dixerat:
1462 4638 1747 4707 Auferetur
1783 4655 1816 4692 a
1854 4638 1997 4693 vobis
2030 4657 2112 4694 re-

537 4736 700 4790 gnum
723 4720 840 4784 Dei,
871 4731 920 4775 et
949 4723 1167 4777 dabitur
1199 4728 1338 4796 genti
1367 4727 1582 4796 facienti
1604 4728 1837 4798 fructum
1867 4747 2021 4785 suum
2039 4734 2107 4798 ",

536 4812 763 4867 abstulit
799 4829 1021 4886 regnum
1052 4815 1170 4882 Dei,
1200 4827 1255 4872 et
1279 4819 1529 4889 gentibus
1562 4821 1747 4889 dedit;
1776 4831 1905 4879 tunc
1934 4833 1988 4879 et
2016 4823 2107 4880 Je-

536 4920 633 4960 sus
672 4915 725 4961 et
772 4918 998 4970 regnum
1043 4907 1137 4963 Dei
1180 4909 1309 4964 facti
1347 4920 1476 4965 sunt
1517 4912 1658 4982 apud
1690 4923 1897 4984 gentes.
1951 4914 2107 4972 Unde

537 5013 686 5053 stunc
721 5013 821 5055 nec
845 4999 1028 5068 Jesus,
1065 5017 1163 5058 nec
1191 5019 1418 5074 regnum
1448 5003 1543 5060 Dei
1577 5005 1721 5076 apud
1747 5005 1967 5063 Judatos
2003 5008 2140 5063 hau

537 5089 716 5158 betur,
748 5093 877 5162 quia
903 5093 1076 5148 relicti
1106 5102 1232 5148 sunt
1257 5096 1395 5147 sicut
1424 5094 1822 5149 tabernaculum
1847 5098 1903 5149 in
1932 5097 2104 5161 vinea,

536 5192 586 5235 et
617 5184 753 5239 sicut
784 5186 966 5239 casula
993 5189 1047 5240 in
1077 5189 1440 5241 cucumerario
1459 5229 1474 5256 ,
1510 5198 1559 5242 et
1608 5190 1744 5243 sicut
1777 5191 1964 5244 civitas
1993 5207 2112 5262 qua:

2210 4635 2430 4689 sistens.
2461 4632 2564 4700 Qui
2593 4642 2772 4688 autem
2805 4644 3092 4703 postquam
3123 4631 3456 4701 peccaverit,
3481 4645 3670 4684 curam
3701 4628 3780 4683 sui

2205 4744 2314 4782 non
2350 4727 2547 4792 habet,
2580 4725 2677 4781 sed
2713 4740 2928 4794 semper
2972 4741 3002 4779 a
3047 4724 3152 4778 tide
3199 4725 3477 4789 decurrit,
3521 4733 3578 4778 et
3614 4740 3644 4775 a
3676 4723 3778 4776 vita

2213 4835 2334 4888 qua:
2357 4827 2441 4873 est
2463 4817 2763 4873 secundum
2798 4814 3172 4886 Evangelium,
3202 4813 3474 4884 paulatim
3498 4813 3776 4876 minuitur,

2213 4912 2386 4966 donec
2417 4910 2484 4964 ad
2525 4911 2744 4980 plenum
2779 4909 2996 4963 recedat
3046 4924 3076 4962 a
3124 4907 3233 4962 Deo
3279 4909 3517 4973 viventi,
3577 4908 3662 4961 hic
3699 4914 3778 4959 est

2215 5003 2472 5072 templum
2502 5002 2555 5055 in
2587 5017 2696 5070 quo
2729 5015 2834 5054 non
2868 4999 3211 5068 relinquatur
3234 4999 3374 5068 lapis
3406 4999 3681 5068 dogmatis
3699 5013 3778 5052 su-

2213 5115 2308 5166 per
2342 5099 2572 5167 lapidem
2602 5095 2987 5152 mandatorum
3011 5097 3134 5161 Dei,
3178 5095 3273 5165 qui
3307 5109 3414 5150 non
3449 5095 3773 5148 destruatur.

2208 5189 2318 5245 Nos
2367 5206 2497 5262 ergo
2553 5193 2866 5263 prospicere
2916 5191 3075 5246 nobis
3126 5191 3424 5250 debemus,
3492 5197 3555 5241 ut
3611 5191 3777 5241 oinnis

533 5287 867 5346 expugnatur
885 5279 951 5346 '°,
1004 5288 1224 5349 propter
1270 5279 1484 5337 facinus
1527 5282 1674 5352 quod
1717 5284 2115 5339 commiserunt
2209 5285 2498 5340 aediﬁcatio
2534 5285 2752 5354 pietatis
2801 5285 2857 5339 in
2899 5285 3060 5340 nobis
3121 5283 3329 5352 integra
3367 5291 3693 5352 perseveret,
3726 5288 3778 5332 ut

541 5367 594 5420 in
636 5367 938 5426 Christum.
996 5369 1059 5426 Et
1105 5373 1483 5445 unusquisque
1530 5375 1833 5445 suscipiens
1885 5377 2112 5431 verbum

537 5457 668 5525 Dei,
702 5464 959 5532 templum
1006 5473 1089 5520 est
1131 5463 1264 5533 Dei,
1294 5474 1355 5522 ut
1392 5477 1537 5523 recte
1575 5468 1788 5524 dicatur
1824 5469 1890 5523 ad
1937 5483 2105 5524 eum:

540 5549 770 5606 Nescitis
795 5557 917 5625 quia
942 5557 1189 5627 templum
1229 5557 1326 5612 Dei
1356 5560 1505 5627 estis,
1536 5570 1586 5614 et
1615 5559 1848 5629 Spiritus
1885 5559 1982 5614 Dei
2007 5560 2106 5614 lia-

537 5643 669 5696 bitat
715 5646 770 5697 in
807 5648 951 5702 vobis
974 5649 1052 5703 al?
1092 5650 1480 5723 Unusquisque
1516 5667 1647 5724 ergo
1689 5668 1813 5707 cum
1858 5654 1932 5708 sit
1965 5663 2104 5709 tem-

608 5763 652 5793 ²⁶
691 5760 881 5820 Matth.
918 5781 1075 5833 xxln,
1110 5768 1197 5822 58.
1274 5770 1316 5801 ’⁷
1353 5768 1486 5824 ibid.
1524 5768 1612 5824 39.

539 5848 617 5894 ιιι,
653 5833 732 5887 '(i.
814 5834 857 5866 ³²
895 5834 1063 5892 Marc.
1107 5854 1228 5906 sui,
1271 5840 1321 5893 1.
1397 5840 1515 5871 ³³³⁸
1554 5839 1742 5893 Matth.
1771 5855 1940 5908 χχιιι,
1975 5841 2060 5895 58.

1718 5769 1763 5801 ’⁸
1801 5767 1988 5823 Matth.
2024 5785 2186 5839 xxrv,
2227 5771 2270 5836 l,
2301 5771 2354 5826 2.

2210 5386 2264 5434 et
2295 5378 2566 5448 lapidibus
2595 5378 2919 5434 salutarium
2949 5378 3268 5447 dogmatum
3302 5374 3579 5438 adornati,
3605 5383 3658 5427 et
3684 5371 3776 5425 do-

2215 5475 2301 5529 nis
2343 5473 2608 5528 bonorum
2641 5487 2870 5542 operum
2920 5469 3156 5526 dccorati
3199 5469 3485 5538 capiamus
3531 5468 3586 5521 in
3632 5463 3777 5520 nobis

2220 5565 2310 5620 Dei
2342 5566 2622 5631 virtutem,
2658 5575 2711 5619 et
2740 5564 2993 5634 gloriam,
3018 5571 3072 5619 et
3096 5561 3400 5628 Christum,
3428 5561 3525 5632 qui
3550 5568 3634 5616 est
3653 5553 3775 5614 Ver-

2213 5657 2342 5712 bum
2376 5667 2426 5712 et
2459 5657 2723 5728 sapientia
2751 5655 2866 5712 Dei.

2468 5775 2512 5805 ¹⁰
2550 5771 2741 5827 Matth.
2787 5785 2916 5839 XXI,
2957 5771 3044 5825 43.
3123 5768 3168 5802 “
3209 5768 3311 5825 lsa.
3348 5785 3386 5836 ι,
3416 5769 3468 5824 8.
3544 5763 3758 5823 ειιοω
