4004 6548
262 418 388 474 1641

1385 418 2040 480 COMMENTARlORUM
2081 421 2344 478 SERIES.

3379 431 3512 484 ηἰἆὲ

329 541 420 597 5i.
459 538 526 594 Et
552 539 768 595 tertiam
815 536 1212 608 expositionem
1262 537 1559 597 introducit
1613 541 1831 610 quidam
1865 545 1908 603 Α
1940 538 2168 594 istorum
2195 580 2210 607 ,
2261 539 2521 610 quoniam
2560 538 2828 596 interdum
2861 544 3077 614 quidem
3127 545 3385 603 Pharisaei
3421 563 3513 603 ac-

258 628 578 699 huiusmodi
608 645 623 685 :
652 628 910 699 quoniam
947 629 1209 698 templum
1237 640 1354 684 erat
1381 630 1474 687 Dei
1507 633 1830 688 aediﬁcatum

255 721 662 790 compositione
719 735 1036 775 sermonum
1108 721 1567 792 signiﬁcantium.
1653 726 1834 780 omnis

255 810 539 880 Scriptura
567 809 779 866 Veteris
808 810 1142 868 Testamenti
1185 814 1485 869 secundum
1545 816 1829 871 historiam

253 898 506 956 videlicet
529 909 862 957 constructa.
893 901 1066 968 Quam
1117 905 1206 972 qui
1233 916 1655 960 construxerunt
1687 907 1834 978 Moy-

252 1003 343 1044 ses
392 990 476 1044 vel
526 990 803 1058 propheta:
854 991 1340 1060 circumpositione
1393 994 1730 1061 litterarum,
1780 1007 1833 1050 et

250 1081 596 1136 ordinatione
635 1081 936 1147 dictorum,
983 1083 1390 1138 acdiﬁcaverunt
1427 1086 1685 1142 omnibus
1737 1089 1832 1141 ad-

252 1170 559 1224 mirandam
596 1181 817 1241 propter
849 1172 1312 1242 pulchritudincm
1349 1176 1586 1246 lapidum
1611 1218 1625 1240 ,
1665 1179 1714 1232 id
1749 1187 1831 1234 est

246 1247 549 1320 electorum
581 1263 886 1329 dictorum,
933 1272 986 1318 et
1034 1265 1195 1320 donis
1231 1281 1491 1322 sensuum
1527 1270 1828 1324 laudando—

249 1366 399 1406 rum.
449 1352 598 1406 lianc
648 1353 898 1422 discipuli
943 1355 1238 1410 ostendunt
1284 1355 1412 1412 Jesu
1471 1360 1829 1429 suscipientes

246 1457 441 1497 omnes
470 1441 910 1512 Scripturas;‘ad
949 1461 1089 1514 quos
1113 1446 1366 1502 Christus
1394 1451 1675 1518 respondit
1701 1493 1714 1513 ,
1747 1451 1829 1504 di-

253 1548 385 1588 cens
413 1534 797 1588 destruendam
851 1550 971 1592 esse
1018 1551 1047 1589 a
1101 1535 1275 1591 Verbo
1317 1538 1458 1593 hanc
1491 1541 1825 1608 corporalem

247 1632 305 1678 et
349 1625 582 1695 primam
631 1627 966 1693 editionem,
1017 1635 1077 1682 ut
1129 1628 1427 1683 aediﬁcetur
1486 1631 1726 1685 divinius
1775 1641 1829 1685 et

247 1716 618 1786 mysterialius
643 1717 902 1786 templum
941 1716 1239 1788 Scriptura:
1267 1719 1514 1776 alterius.
1543 1720 1825 1792 Templum

244 1819 427 1864 autem
458 1826 582 1865 esse
625 1808 963 1879 Scripturam
1005 1812 1262 1880 exposuit
1287 1813 1510 1883 quidam
1545 1824 1670 1871 ante
1701 1832 1823 1872 nos.

1935 630 2156 697 cedunt,
2188 631 2300 686 sive
2329 639 2619 698 tentantes,
2672 632 2786 687 sive
2815 633 3056 702 quolibet
3082 637 3244 693 modo
3273 638 3510 693 interro-

1934 734 2124 796 gantes
2151 742 2165 790 ;
2198 725 2469 780 interdum
2499 734 2679 780 autem
2713 725 3040 781 alii‘discere
3072 729 3357 798 cupientes
3387 748 3401 784 :
3432 740 3515 786 ta-

1935 829 2057 868 men
2095 829 2374 883 nunquam
2410 823 2618 869 secrete
2650 815 2916 868 accedunt
2947 831 3011 869 ex
3044 816 3413 874 multitudine.
3448 819 3516 874 Et

1933 903 2163 959 forsitan
2213 921 2388 975 usque
2441 922 2586 961 nunc
2638 906 2730 976 qui
2790 905 3116 975 prtecipuam
3153 918 3514 981 susceperunt

1926 996 2122 1059 vitam,
2167 1004 2223 1050 ct
2267 1005 2488 1066 pr0pter
2514 997 2617 1050 hoc
2653 996 2854 1050 habent
2913 996 3167 1051 ﬁduciam
3201 1006 3328 1053 ante
3357 998 3516 1054 Chri-

1931 1095 2098 1153 stum,
2127 1087 2331 1157 aliquid
2359 1088 2592 1157 amplius
2617 1087 2878 1142 habentes
2909 1104 3074 1158 quam
3104 1088 3182 1142 illi
3205 1089 3297 1159 qui
3321 1105 3385 1145 ex
3409 1089 3514 1145 ﬁde

1930 1180 2205 1234 communi
2230 1179 2577 1234 acceduntad
2609 1178 2828 1245 Jesum,
2859 1180 3048 1234 dicunt
3098 1180 3164 1234 ad
3209 1195 3373 1235 eum:
3416 1179 3514 1234 Dic

1929 1271 2097 1335 nobis,
2129 1272 2338 1341 quando
2367 1283 2518 1324 erunt
2545 1270 2654 1324 hwc
2680 1272 2704 1324 ?
2736 1271 2907 1336 Qum?
2944 1271 3098 1338 Quod
3118 1271 3193 1326 ait
3217 1289 3230 1325 :
3255 1270 3380 1325 Non
3403 1282 3513 1326 sta-

1929 1363 2002 1416 hit
2030 1364 2112 1416 hic
2138 1362 2274 1432 lapis
2323 1379 2481 1432 super
2521 1362 2752 1432 lapidem
2799 1364 2894 1433 qui
2925 1379 3026 1416 non
3059 1365 3390 1418 destruatur.
3446 1361 3514 1418 Et

1928 1470 2036 1509 non
2061 1455 2166 1508 hoc
2200 1455 2375 1509 solum
2402 1455 2613 1510 discere
2650 1454 2875 1521 volunt,
2928 1458 3022 1509 sed
3067 1456 3230 1510 etiam
3289 1456 3506 1526 signum

1927 1547 2192 1602 adventus
2212 1546 2417 1601 Christi
2451 1556 2505 1602 et
2529 1547 3024 1602 consummationis
3052 1549 3271 1614 saaculi;
3320 1557 3376 1604 et
3397 1549 3508 1604 duo

1927 1648 2116 1709 petunt
2137 1639 2208 1694 ab
2231 1654 2316 1701 eo,
2345 1640 2562 1710 signum
2590 1640 2852 1694 adventus
2888 1639 3061 1709 ipsius
3087 1680 3102 1707 ,
3151 1649 3205 1696 et
3248 1651 3508 1695 consum-

1927 1731 2183 1784 mationis
2214 1731 2420 1786 sazculi.
2466 1729 2562 1786 Est
2606 1747 2736 1801 ergo
2771 1732 2823 1785 in
2854 1730 3040 1786 multis
3081 1731 3300 1801 quidem
3330 1733 3508 1788 credi-

1927 1831 2016 1875 tus
2048 1821 2310 1876 adventus
2340 1820 2462 1875 Filii
2497 1820 2590 1875 Dei
2629 1831 2677 1876 et
2730 1824 3222 1878 consummationis
3277 1824 3460 1879 saeculi
3485 1865 3502 1890 ,

243 1899 313 1956 Et
357 1903 614 1972 quoniam
682 1902 776 1972 qui
827 1903 1152 1958 adversatur
1219 1913 1273 1959 et
1323 1905 1603 1960 extollitur
1656 1923 1820 1976 supra
1857 1892 1898 1946 Β
1927 1915 2194 1982 praecipue
2225 1920 2402 1967 tamen
2439 1913 2491 1967 in
2533 1913 2612 1968 eis
2645 1914 2737 1983 qui
2765 1913 3148 1983 elegantiorem
3191 1914 3358 1969 vitam
3417 1931 3504 1970 se-

240 2007 407 2048 omne
427 1994 572 2064 quod
597 1993 798 2049 dicitur
823 1994 987 2059 Deus,
1014 1995 1107 2066 qui
1139 1995 1291 2051 sedet
1323 1996 1377 2050 in
1408 1998 1611 2067 templo
1642 1998 1733 2054 Dei
1752 2000 1819 2064 ³³,

240 2084 640 2151 Antichristus,
670 2084 842 2140 falsus
864 2093 950 2141 est
977 2100 1160 2141 sermo
1189 2086 1281 2156 qui
1308 2087 1362 2141 in
1397 2087 1698 2159 Scripturis
1730 2090 1825 2145 ba-

238 2177 426 2244 betur,
459 2177 552 2248 qui
587 2177 811 2233 simulat
838 2177 1155 2244 veritatem,
1194 2178 1479 2248 proferens
1507 2181 1820 2238 testimonia

237 2269 538 2340 impiorum
594 2269 908 2341 dogmatum
939 2269 1005 2325 de
1038 2268 1339 2340 Scripturis
1373 2271 1572 2340 placari
1601 2273 1822 2329 aliunde

235 2363 551 2419 nolentibus
583 2382 598 2419 :
628 2372 684 2420 et
714 2364 830 2434 ipse
858 2371 944 2418 est
970 2363 1064 2433 qui
1091 2363 1434 2430 adversatur,
1460 2374 1516 2420 et
1545 2381 1709 2436 super
1736 2381 1820 2422 ca-

233 2455 486 2514 thedram
522 2455 930 2526 Scripturarum
957 2496 974 2523 ,
1003 2464 1056 2510 et
1088 2471 1253 2525 super
1275 2455 1690 2512 aediﬁcationem
1727 2473 1820 2513 ea-

233 2561 360 2601 rum
395 2547 580 2612 sedet,
615 2541 911 2606 ostendens
944 2566 1004 2606 se
1033 2551 1193 2622 quasi
1228 2553 1300 2608 sit
1349 2552 1514 2609 Deus.
1556 2555 1716 2625 851
1754 2555 1819 2610 Et

234 2652 457 2708 semper
483 2647 567 2694 est
599 2638 789 2695 videre
817 2656 1099 2697 sermones
1128 2643 1420 2712 haeresum,
1463 2647 1818 2702 antichristus

232 2729 294 2783 in
337 2731 540 2801 templo
571 2731 978 2802 Scripturarum
1029 2734 1310 2802 sedentes,
1351 2746 1405 2791 et
1444 2752 1506 2792 ex
1557 2738 1690 2808 ipsis
1721 2755 1817 2794 vo-

231 2819 410 2878 lentes
438 2838 535 2879 eos
561 2824 776 2895 placare
806 2826 900 2896 qui
932 2825 1187 2890 audiunt,
1222 2837 1484 2898 tanquam
1523 2832 1818 2900 unusquis-

230 2929 343 2983 que
367 2928 558 2970 eorum
589 2916 704 2986 ipse
731 2917 802 2973 sit
836 2919 976 2973 Deus
1007 2917 1241 2975 Verbum
1275 2921 1330 2975 in
1359 2919 1684 2992 Scripturis.

304 3006 396 3062 52.
433 3005 653 3063 Sedeute
678 3018 854 3064 autem
884 3011 998 3077 ipso
1031 3027 1186 3077 super
1208 3021 1433 3066 montem
1464 3011 1657 3067 Oliveti
1675 3053 1690 3078 ,
1724 3030 1816 3067 ac-

229 3107 501 3152 cesserunt
537 3097 607 3151 ad
664 3114 782 3152 eum
835 3099 1090 3170 discipuli
1143 3101 1257 3170 ejus
1307 3109 1504 3155 secreto
1535 3101 1763 3156 dicentes
1793 3118 1813 3157 :

229 3188 335 3242 Dic
357 3187 506 3242 nobis
523 3189 734 3260 quando
766 3188 878 3244 hwc
907 3199 1085 3257 erunt,
1125 3200 1177 3245 et
1209 3192 1349 3262 quod
1375 3192 1583 3262 signum
1621 3193 1814 3247 adven-

229 3287 321 3332 tus
347 3279 427 3332 tui
457 3288 506 3334 et
555 3282 1023 3336 consummationis
1068 3282 1252 3338 saeculi
1280 3283 1325 3315 ³⁸
1356 3282 1378 3336 ?
1431 3281 1697 3363 Egressus
1744 3282 1813 3338 de

231 3371 436 3441 templo
460 3369 618 3428 Jesus
643 3380 934 3443 postquam
962 3373 1100 3429 dixit
1120 3374 1185 3429 de
1210 3389 1298 3440 eo,
1325 3374 1476 3429 venit
1493 3374 1546 3428 in
1571 3383 1811 3430 montem

228 3459 452 3528 Oliveti,
479 3470 534 3518 et
570 3463 644 3517 ibi
669 3464 892 3519 sedebat
919 3479 1043 3520 cum
1073 3466 1357 3535 discipulis
1379 3466 1512 3522 suis.
1543 3465 1683 3521 Puto
1714 3482 1814 3521 au-

229 3560 343 3607 tem
370 3553 696 3624 mysterium
728 3570 850 3611 esse
881 3565 1121 3611 montem
1170 3557 1365 3612 Oliveti
1403 3556 1660 3614 Ecclesiae
1691 3575 1813 3629 qua:

228 3658 299 3700 ex
328 3645 581 3715 gentibus
612 3655 698 3702 est
723 3687 739 3712 ,
795 3647 848 3701 in
881 3663 989 3717 qua
1021 3657 1150 3703 sunt
1181 3649 1434 3718 plantatee
1463 3649 1641 3712 olivae,
1672 3666 1810 3719 qua-

227 3744 355 3786 lum
385 3732 614 3803 singulae
644 3743 876 3803 possunt
907 3735 1088 3790 dicere
1115 3753 1128 3789 :
1160 3735 1269 3806 Ego
1291 3751 1467 3790 autem
1510 3738 1646 3792 sicut
1673 3739 1810 3794 oliva

228 3823 512 3893 fructifera
537 3825 592 3877 in
620 3825 776 3878 domo
807 3824 906 3879 Dei
934 3827 998 3880 ³⁷.
1034 3825 1287 3882 Forsitan
1320 3839 1502 3882 autem
1529 3839 1583 3883 et
1615 3829 1669 3884 in
1708 3830 1811 3885 hoc

225 3909 506 3967 Olivarum
540 3922 723 3969 monte
750 3916 962 3971 radices
993 3925 1122 3971 sunt
1146 3917 1303 3972 bonae
1325 3919 1500 3973 olivae.
1525 3917 1683 3974 Rami
1710 3935 1810 3975 au-

227 4010 340 4057 tem
369 4004 557 4060 inserti
592 4013 721 4060 sunt
744 4007 964 4062 oleastri
990 4008 1033 4039 ³⁸
1057 4009 1111 4062 in
1138 4008 1259 4063 loco
1289 4023 1568 4064 ramorum
1599 4011 1693 4081 qui
1725 4011 1809 4065 in-

226 4091 488 4151 ﬁdelitate
543 4095 756 4166 praecisi
791 4108 934 4154 sunt.
993 4099 1244 4170 Agricola
1293 4111 1476 4156 autem
1520 4101 1576 4156 in
1625 4111 1809 4159 monte

225 4184 476 4241 residens
503 4185 716 4253 Oliveti,
743 4186 978 4243 Verbum
1006 4199 1091 4245 est
1127 4190 1222 4246 Dei
1249 4191 1301 4244 in
1325 4190 1567 4247 Ecclesia
1605 4193 1808 4248 conﬁr-

223 4289 437 4334 matum
459 4279 731 4345 Christus,
763 4282 855 4351 qui
887 4297 1100 4352 semper
1131 4282 1355 4338 oleastri
1391 4299 1578 4340 ramos
1611 4285 1806 4340 inserit

222 4368 283 4424 in
311 4369 509 4424 bonam
543 4371 740 4426 olivam
778 4381 991 4441 patrum
1018 4371 1188 4444 Moysi
1215 4382 1267 4428 et
1302 4382 1623 4430 camerarum
1677 4391 1806 4446 pro-

222 4460 540 4527 phetarum,
576 4473 635 4518 ut
689 4463 1018 4532 accipientes
1070 4464 1454 4535 pinguedinem
1511 4480 1543 4519 a
1600 4467 1805 4522 sanctis

1923 2011 2162 2058 ctantur.
2197 2001 2291 2058 Est
2319 2010 2372 2058 et
2402 2003 2560 2058 aliter
2611 2005 2794 2060 videre
2837 2005 3106 2071 duplicem
3159 2004 3365 2060 Christi
3399 2005 3498 2062 ad-

1921 2101 2169 2160 ventum,
2201 2093 2252 2148 id
2280 2103 2362 2149 est
2387 2094 2677 2148 adventum
2712 2091 2872 2148 Verbi
2907 2094 2958 2148 in
2977 2092 3498 2149 animam.Primum

1924 2184 2142 2254 quidem
2173 2186 2357 2252 rudes,
2382 2195 2436 2241 et
2455 2194 2586 2242 tunc
2613 2185 2936 2256 incipientes
2978 2200 3310 2257 cognoscere
3340 2187 3500 2242 Chri-

1923 2283 2094 2341 stum,
2134 2276 2392 2346 quoniam
2423 2293 2530 2330 non
2560 2285 2790 2348 possunt
2808 2276 2990 2332 videre
3018 2277 3353 2333 luciditatem
3379 2279 3503 2348 pul—

1921 2365 2274 2430 chrifudinis,
2303 2367 2492 2421 dicunt
2527 2391 2538 2422 ;
2591 2366 2832 2422 Vidimus
2857 2384 3010 2436 eum,
3053 2381 3101 2422 et
3132 2386 3234 2423 non
3275 2369 3500 2425 habebat

1920 2459 2166 2526 speciem,
2203 2475 2362 2529 neque
2385 2459 2644 2523 decorem,
2670 2459 2759 2513 sed
2776 2461 2971 2528 species
2993 2460 3107 2529 ejus
3133 2461 3406 2514 inhonesta
3431 2461 3498 2514 ³⁸.

1923 2547 2146 2620 Species
2172 2561 2353 2604 autem
2393 2551 2678 2606 inhonesta
2711 2549 2913 2616 Verbi,
2967 2552 3131 2605 stulta
3186 2547 3500 2622 praedicatio

1921 2654 2004 2698 est
2029 2642 2096 2696 de
2117 2642 2359 2710 Christo,
2383 2643 2603 2713 quando
2625 2643 2981 2713 prmdicamus
3002 2644 3279 2698 Christum
3312 2651 3498 2699 natum

1919 2745 1974 2791 et
1993 2736 2335 2790 cruciﬁxum.
2375 2733 2661 2790 Secundus
2716 2742 2894 2790 autem
2934 2735 3202 2789 adventus
3252 2734 3495 2800 Christi,

1921 2827 1975 2881 in
2008 2827 2139 2881 viris
2171 2825 2455 2895 perfectis;
2485 2824 2552 2880 de
2581 2825 2780 2894 quibus
2804 2825 2938 2880 dicit
2980 2826 3325 2896 dispensator
3347 2828 3497 2882 verbi

1919 2917 2092 2986 ipsius
2119 2916 2198 2970 ‘°:
2230 2914 2560 2984 Sapientiam
2579 2925 2750 2969 autem
2774 2915 3040 2986 loquimur
3055 2917 3195 2970 inter
3213 2917 3494 2986 perfectos.

1919 3005 1986 3062 Hi
2015 3014 2196 3061 autem
2241 3004 2467 3076 perfecti
2508 3014 2780 3061 amatores
2822 3004 2950 3060 facti
2981 3014 3110 3059 sunt
3135 3004 3499 3075 pulchritudi-

1916 3095 2005 3152 nis
2033 3096 2174 3167 ejus,
2206 3105 2262 3150 et
2293 3105 2488 3166 rogant
2516 3092 2753 3150 Verbum
2795 3103 2856 3150 ut
2887 3095 3134 3166 accingat
3163 3110 3222 3151 se
3255 3096 3500 3150 rationa-

1917 3187 2080 3243 bilem
2110 3187 2349 3258 gladium
2383 3201 2568 3253 suum,
2617 3195 2671 3242 et
2719 3187 3100 3259 circumponat
3157 3203 3283 3244 eum
3332 3204 3495 3260 super

1916 3279 2234 3352 mysterium
2267 3278 2570 3334 nativitatis
2613 3279 2852 3333 carnalis
2880 3319 2896 3346 ,
2945 3293 3068 3348 quae
3108 3279 3374 3348 appellata
3409 3291 3494 3336 est

1914 3369 2302 3443 mysterialiter
2329 3369 2527 3426 femur.
2566 3366 2894 3440 Hujusmodi
2921 3370 3067 3425 enim
3095 3369 3347 3440 discipuli
3374 3370 3495 3424 lau-

1913 3461 2046 3518 dant
2067 3461 2533 3532 pulchritudinem
2555 3471 2609 3517 et
2627 3461 2795 3517 decus
2811 3459 2973 3518 Verbi
2997 3479 3011 3526 ;
3030 3469 3084 3517 et
3104 3461 3234 3516 huic
3255 3463 3496 3518 secundo

1911 3553 2168 3610 adventui
2195 3553 2384 3623 juncta
2411 3563 2496 3611 est
2523 3553 2928 3610 consummatio
2950 3552 3134 3607 saeculi
3172 3553 3226 3608 in
3259 3554 3377 3608 viro
3421 3553 3491 3607 ad

1910 3643 2298 3715 perfectionem
2327 3644 2563 3700 venienti
2597 3653 2652 3700 et
2683 3644 2883 3700 dicenti
2913 3662 2927 3697 :
2981 3643 3115 3697 Mihi
3139 3652 3316 3698 autem
3351 3644 3493 3699 absit

1911 3737 2154 3806 gloriari,
2179 3737 2294 3791 nisi
2325 3737 2381 3790 in
2423 3752 2577 3790 cruce
2623 3735 2838 3789 Domini
2883 3735 3053 3789 nostri
3085 3734 3215 3788 .Iesu
3245 3734 3445 3791 Christi
3471 3777 3487 3801 ,

1908 3846 2002 3898 per
2023 3846 2180 3900 quam
2203 3829 2331 3883 mihi
2347 3829 2573 3882 mundus
2589 3828 2880 3896 cruciﬁxus
2896 3835 2994 3892 est,
3015 3835 3064 3880 et
3085 3843 3176 3897 ego
3196 3828 3390 3881 mundo
3410 3827 3447 3858 “
3471 3829 3487 3881 l

1911 3919 1967 3975 Si
1997 3921 2141 3976 enim
2170 3921 2406 3975 mundus
2426 3918 2720 3975 cruciﬁxus
2748 3928 2831 3973 est
2855 3917 3040 3987 justis,
3071 3918 3271 3987 quibus
3328 3933 3489 3972 mun-

1907 4012 2012 4068 dus
2039 4011 2336 4066 cruciﬁxus
2362 4018 2468 4073 est,
2497 4007 2636 4063 facta
2659 4017 2746 4064 est
2779 4007 2860 4062 eis
2888 4006 3050 4062 etiam
3084 4007 3486 4062 consummatio

1908 4101 2118 4155 mundi.
2146 4098 2463 4155 Necessarie
2484 4111 2614 4167 ergo
2665 4095 2758 4166 qui
2794 4095 2998 4150 habent
3042 4095 3296 4150 ﬁduciam
3327 4109 3488 4150 acce-

1906 4193 2068 4248 dendi
2095 4199 2304 4247 secrete
2334 4190 2399 4244 ad
2421 4189 2726 4252 Christum,
2757 4187 2805 4241 si
2824 4186 3239 4242 voluntdiscere
3266 4184 3487 4255 signum

1907 4283 2174 4338 adventus
2202 4281 2405 4337 Christi
2442 4288 2496 4336 et
2527 4277 3019 4336 consummationis
3068 4275 3254 4332 surculi
3278 4316 3296 4342 ,
3343 4289 3485 4346 pra:-

1905 4377 2068 4432 bcant
2098 4391 2157 4432 se
2190 4375 2386 4446 dignos
2415 4373 2600 4428 videre
2625 4371 2925 4428 secundum
2958 4369 3252 4424 adventum
3282 4366 3480 4437 ipsius,

1905 4477 1960 4523 et
1989 4467 2286 4522 secundum
2313 4464 2454 4534 quod
2481 4461 2804 4518 tradidimus
2829 4460 3015 4518 saeculi
3054 4457 3488 4516 consummatio

219 4553 507 4622 prophetis
535 4569 630 4624 per
655 4554 758 4609 hoc
793 4554 936 4624 quod
973 4570 1193 4610 sensum
1216 4570 1405 4610 eorum
1441 4565 1599 4612 caute
1639 4558 1798 4613 intel.
1833 4574 1877 4628 ί)
1905 4571 2050 4611 nem.

221 4643 405 4713 ligunt
433 4653 488 4699 et
517 4645 840 4714 suscipiunt,
868 4653 923 4700 et
942 4644 1221 4700 Christum
1240 4647 1333 4715 qui
1362 4647 1717 4716 prophetatur
1737 4648 1807 4702 ab

221 4736 357 4798 illis.
379 4735 601 4790 oﬂ'eranl
638 4736 876 4791 fructum
911 4736 1276 4791 abundantem
1303 4778 1318 4805 ,
1375 4746 1430 4792 et
1461 4739 1802 4809 pinguiorem

217 4828 502 4898 prioribus
535 4829 788 4884 videlicet
833 4829 991 4884 olivis
1024 4869 1039 4894 ,
1100 4837 1320 4898 propter
1367 4830 1800 4886 maledictionem

217 4937 348 4991 qua:
381 4929 501 4974 erat
550 4920 606 4974 in
640 4921 757 4992 lege
785 4919 1055 4986 decussis,
1104 4925 1164 4973 ut
1204 4935 1312 4974 non
1341 4921 1551 4989 possint
1580 4936 1700 4976 esse
1747 4923 1799 4976 in

217 5025 352 5064 usu.
380 5007 514 5064 Post
536 5009 640 5065 hoc
660 5009 1115 5066 considerandum
1135 5017 1219 5064 est
1240 5009 1394 5074 illud,
1418 5010 1674 5079 quoniam
1705 5027 1800 5068 ac-

217 5100 534 5155 cedentium
563 5093 959 5171 discipulorum
989 5099 1055 5155 ad
1083 5097 1268 5155 Jesum
1287 5141 1302 5164 .
1332 5101 1556 5171 quidam
1580 5101 1800 5171 quidem

217 5199 434 5247 secrete
456 5193 722 5248 accedunt
751 5193 818 5248 ad
848 5208 972 5248 eum
991 5233 1006 5259 ,
1034 5191 1298 5262 majorem
1339 5191 1392 5246 in
1426 5191 1532 5246 hoc
1566 5192 1684 5262 ipso
1711 5193 1808 5248 ha-

219 5282 418 5338 bentes
447 5283 698 5338 ﬁduciam
729 5283 872 5353 apud
899 5282 1074 5352 ipsum
1117 5283 1273 5352 quasi
1307 5282 1594 5338 domestici
1633 5283 1756 5353 ejus
1781 5325 1798 5352 ,

215 5371 367 5428 sicut
387 5387 510 5428 cum
541 5373 939 5442 interr-Ogarent
967 5389 1090 5429 eum
1118 5373 1187 5428 de
1216 5373 1485 5429 solutione
1515 5375 1801 5443 parabola-

216 5479 345 5518 rum
369 5480 385 5531 ;
407 5463 630 5532 quidam
663 5471 842 5518 autem
875 5478 983 5517 non
1011 5473 1240 5528 secrete,
1277 5463 1374 5518 sed
1421 5463 1474 5517 in
1507 5479 1801 5520 commune

216 5569 349 5610 eum
403 5555 830 5627 interrogabant.
892 5555 1133 5611 Observa
1197 5555 1376 5611 adhuc
1433 5555 1795 5612 diﬁ‘erentiam

294 5761 343 5794 ³⁸
381 5759 427 5815 ll
466 5761 659 5817 Thess.
689 5776 752 5824 ιι,
784 5762 838 5814 Δ.
916 5761 960 5792 ³⁸
982 5759 1170 5814 Matth.
1203 5776 1354 5825 xxtv,
1385 5759 1438 5815 ’5.
1515 5760 1559 5792 ³⁷
1590 5759 1735 5815 Psal.
1768 5775 1815 5814 LI

1917 5759 1958 5816 J.
2027 5758 2072 5791 ³⁸
2086 5757 2248 5814 Rom.
2271 5773 2347 5826 ιι,
2374 5758 2462 5814 i7.

1579 5831 1626 5864 ⁸³
1660 5829 1681 5882 l
1717 5828 1874 5885 Joau.
1918 5845 1980 5894 tt,
2013 5827 2101 5884 18.

219 5831 268 5864 ⁸³
302 5830 422 5887 Cal.
449 5847 522 5898 vr,
559 5831 649 5885 M.
726 5831 770 5862 δ’
802 5830 990 5885 Matth.
1023 5847 1172 5897 xxiv,
1208 5831 1241 5885 4
1267 5841 1319 5886 et
1348 5846 1499 5900 seqq.

546 5931 821 5990 PATBOL.
868 5929 983 5990 GR.
1018 5929 1171 5992 XIII

1978 4646 2069 4699 35.
2095 4643 2168 4698 Et
2193 4643 2512 4713 respondens
2538 4641 2694 4696 Iesus
2720 4640 2859 4694 dixit
2883 4641 2960 4696 eis
2985 4657 3005 4695 :
3048 4641 3225 4698 Videte
3270 4659 3334 4698 ne
3369 4645 3486 4714 quis

1905 4753 1993 4791 vos
2015 4735 2252 4790 seducat.
2302 4734 2460 4788 Multi
2491 4735 2631 4788 enim
2665 4734 2866 4788 venient
2897 4734 2952 4788 in
2996 4735 3204 4788 nomine
3253 4749 3366 4788 meo
3403 4735 3486 4787 di-

1905 4840 2075 4886 centes
2102 4829 2240 4900 quod
2271 4844 2364 4899 ego
2387 4844 2505 4882 sum
2528 4827 2773 4881 Christus
2793 4868 2808 4892 ,
2841 4835 2889 4878 et
2920 4827 3113 4878 multos
3145 4825 3390 4880 seducent
3415 4825 3481 4878 ⁸².

1903 4923 2006 4990 Qui
2033 4920 2349 4993 simpliciter
2375 4919 2699 4988 intelligunt,
2745 4917 3076 4972 arbitrantur
3093 4917 3236 4986 quod
3265 4915 3369 4969 hoc
3390 4929 3483 4969 so-

1893 5015 2016 5069 lum
2047 5013 2162 5068 haec
2207 5012 2371 5067 verba
2423 5010 2770 5082 signiﬁcant,
2817 5008 3078 5079 quoniam
3129 5004 3284 5059 multi
3327 5010 3484 5058 erant

1903 5102 2119 5158 venturi
2151 5101 2393 5156 christos
2420 5113 2478 5154 se
2507 5107 2836 5164 asserentes,
2860 5096 3119 5151 habentes
3149 5094 3204 5147 in
3234 5107 3293 5149 se
3314 5092 3480 5147 etiam

1903 5193 2168 5265 quasdam
2202 5191 2431 5244 virtutes
2465 5188 2769 5254 mirandas,
2791 5195 2845 5241 et
2869 5185 3034 5240 verba
3064 5182 3264 5253 quibus
3280 5195 3477 5252 provo-.

1905 5293 2028 5340 cent
2049 5282 2248 5338 multos
2268 5280 2335 5335 ad
2363 5278 2716 5345 credendum,
2747 5278 2842 5348 qui
2863 5276 3059 5348 dignos
3088 5273 3404 5331 seductione
3422 5289 3482 5329 se

1901 5374 2252 5446 prabuerint.
2280 5370 2521 5427 Joannes
2552 5378 2731 5426 autem
2759 5368 2814 5424 in
2845 5366 3087 5438 Epistola
3112 5382 3212 5422 sua
3244 5365 3292 5398 “
3313 5365 3478 5420 dicit:

1906 5467 1972 5521 Et
1997 5468 2133 5522 sicut
2160 5464 2389 5519 audistis
2414 5463 2664 5534 quoniam
2699 5460 3060 5516 Antichristus
3083 5459 3248 5515 ueniet
3277 5497 3292 5524 ,
3340 5472 3478 5511 nunc

1905 5555 2206 5610 antichristi
2253 5553 2408 5608 multi
2441 5551 2571 5624 facti
2619 5562 2777 5618 sunt;
2817 5551 2955 5607 unde
3003 5551 3201 5606 scimus
3228 5551 3480 5623 quoniam

2555 5755 2600 5834 ξ’
2626 5755 2733 5813 lsa.
2753 5769 2876 5824 Lm,
2905 5754 2960 5812 5.
3053 5754 3099 5788 ⁸ο
3127 5753 3298 5812 lCor.
3333 5767 3394 5819 ιι,
3421 5749 3477 5809 6.

3126 5919 3203 5984 52
