4004 6534
490 429 628 483 ibi!)

1639 458 1643 462 _
1676 408 1996 468 ORIGENIS
2028 407 2097 464 ΙΝ
2133 396 2555 464 ΜΑΤΤΠᾹΞΠΜ

3606 387 3756 444 1614

488 539 776 598 novissima
806 536 938 590 hora
963 542 1060 587 est.
1096 530 1261 586 Docet
1289 526 1375 582 his
1405 524 1605 592 verbis,
1644 538 1807 580 omne
1835 521 2061 578 verbum
2093 526 2135 583 Δ
2166 534 2306 586 ram,
2330 527 2391 574 ut
2416 517 2580 573 etiam
2611 511 2953 570 nativitatem
3002 506 3205 564 subiret
3261 520 3328 561 ex
3377 500 3610 574 Virgine
3636 541 3657 565 ,
3695 510 3756 555 et

485 635 637 705 quod
670 647 701 688 a
729 630 960 685 veritate
989 633 1307 683 extraneum
1326 628 1430 684 est,
1448 626 1501 673 et
1527 612 1797 672 asseritse
1822 610 2062 668 Verbum

485 744 608 785 esse
637 724 753 790 Dei,
783 722 1185 780 Antichristum
1214 732 1357 781 esse,
1384 714 1462 768 sic
1484 711 1630 767 enim
1677 706 1936 780 possibile
1980 712 2065 761 est

485 818 789 889 intelligere
818 813 965 886 quod
996 813 1109 868 ait:
1142 809 1211 864 Et
1246 823 1385 863 nunc
1416 802 1715 859 antichristi
1744 797 1899 853 multi
1932 797 2065 869 fricti

488 921 632 978 sunt,
665 925 790 966 cum
819 923 990 963 unum
1022 905 1114 968 sit,
1147 902 1292 974 quod
1328 908 1411 955 est
1442 909 1653 951 verum.
1685 893 1839 948 Sicut
1880 898 2063 943 antem

489 1001 808 1060 manifestat
862 997 1091 1053 historia
1144 992 1464 1052 lectionum,
1496 1002 1602 1042 non
1656 982 1812 1038 multi
1846 980 2069 1037 fuerunt

490 1096 743 1153 homines
774 1093 827 1148 in
862 1099 1105 1161 tempore
1157 1083 1533 1155 apostolorum
1579 1077 1674 1148 qui
1726 1073 1962 1131 christos
2011 1086 2070 1126 se

492 1205 617 1246 esse
639 1188 919 1250 dixerunt,
954 1181 1059 1237 nisi
1094 1179 1232 1234 forte
1257 1175 1554 1231 Dosithcus
1587 1170 1902 1227 Samareus,
1927 1164 2071 1218 unde

493 1292 549 1339 et
574 1276 891 1336 Dositheani
923 1274 1215 1337 dicuntur;
1261 1276 1314 1322 et
1364 1264 1552 1320 Simon
1585 1262 1651 1316 de
1685 1275 1795 1331 quo
1832 1256 2074 1312 referunt

493 1374 664 1429 Actus
693 1366 1091 1440 apostolorum,
1140 1360 1235 1430 qui
1269 1372 1330 1414 se
1363 1356 1629 1410 Virtutem
1664 1364 1786 1407 esse
1814 1348 1906 1404 Dei
1954 1361 2071 1401 ma-

496 1478 659 1536 gnam
683 1454 1094 1531 pronuntiabat.
1131 1450 1338 1505 Praeter
1363 1448 1463 1501 hos
1492 1457 1671 1513 neque
1696 1450 1822 1497 ante
1847 1481 1862 1505 ,
1894 1452 2075 1508 neque

494 1549 844 1624 postmodum
876 1547 1119 1610 fuerunt,
1153 1547 1418 1611 quantum
1452 1535 1519 1591 ad
1559 1531 1847 1591 scientiam
1870 1543 2071 1595 meam.

497 1620 604 1701 Sed
626 1641 807 1698 omnis
832 1652 1013 1695 sermo
1040 1634 1132 1706 qui
1163 1632 1450 1703 proﬁtetur
1492 1626 1890 1698 expositionem
1927 1620 2076 1677 Scri-

486 1748 783 1810 ‘pturarum
805 1740 860 1789 et
885 1730 1045 1786 ﬁdem
1076 1739 1290 1792 earum,
1315 1738 1424 1777 non
1453 1728 1635 1776 autem
1672 1718 1836 1772 habet
1874 1713 2078 1770 verita-

497 1840 631 1896 tem,
663 1827 812 1899 juste
836 1819 1208 1878 Antichristus
1231 1830 1351 1871 esse
1385 1811 1769 1883 intelligendus
1796 1816 1882 1865 est
1908 1848 1925 1875 ,
1984 1821 2078 1862 ve-

501 1924 662 1979 niens
687 1920 743 1976 in
776 1917 998 1976 nomine
1024 1912 1253 1976 Christi,
1300 1918 1363 1964 et
1405 1908 1593 1963 dicens
1639 1904 1786 1975 quod
1819 1918 1919 1971 ego
1961 1914 2078 1957 sum

501 2015 776 2079 Christus,
801 2011 1092 2075 mentiens,
1128 2014 1183 2060 ct
1219 2001 1442 2057 minime
1462 1995 1962 2074 potensostendere
1990 2007 2081 2046 ve-

499 2106 679 2163 ritatis
702 2103 932 2158 formam
970 2101 1024 2154 in
1052 2113 1131 2154 se.
1162 2096 1228 2150 Et
1260 2091 1522 2164 quoniam
1552 2091 1633 2147 eis
1659 2088 1752 2160 qui
1778 2086 2082 2144 discutiunt

501 2199 665 2256 verba
690 2196 984 2267 Scriptura:
1011 2191 1090 2246 uti
1116 2186 1396 2244 inveniant
1418 2199 1638 2240 sensum
1659 2182 1799 2253 ejus,
1830 2179 2084 2249 frequen-

503 2304 588 2349 ter
633 2295 933 2347 occurrunt
969 2284 1191 2357 quidam
1229 2280 1538 2336 intellectus
1571 2274 1728 2351 quasi
1757 2272 1869 2328 veri
1895 2313 1911 2334 ,
1960 2283 2082 2325 cum

505 2401 614 2441 non
644 2382 811 2455 852
841 2380 953 2437 sint
988 2376 1122 2442 veri,
1166 2371 1459 2443 aliquando
1492 2379 1671 2425 autem
1716 2366 2003 2421 traduntur
2034 2368 2088 2416 et

506 2477 576 2532 ab
606 2453 735 2530 aliis,
750 2468 1143 2527 verisimilibus
1167 2465 1425 2522 coloratis
1458 2453 1804 2516 sermonibus
1826 2495 1842 2520 ,
1886 2467 1947 2509 ut
1980 2466 2087 2507 non

508 2566 669 2622 facile
716 2561 1029 2619 inveniatur
1055 2558 1151 2629 qui
1174 2572 1341 2612 verus
1367 2562 1452 2609 est
1482 2563 1676 2607 sensus
1703 2589 1717 2615 ,
1764 2547 2085 2617 priusquam

511 2659 775 2715 adversus
807 2654 1104 2710 mendaces
1129 2647 1566 2707 existimationes
1619 2643 1874 2696 iuventus
1926 2637 2089 2691 fuerit

508 2751 691 2807 verior
709 2761 905 2806 sensus
929 2754 984 2801 et
1011 2743 1219 2799 ﬁrmior
1243 2758 1257 2796 :
1292 2745 1580 2811 prepterea
1606 2741 1736 2805 puto
1759 2730 1904 2802 quod
1931 2729 2091 2785 Chri-

512 2852 631 2899 stus
663 2840 731 2897 ad
766 2834 1249 2907 interrogationem
1308 2826 1702 2898 discipulorum
1744 2836 1969 2879 suorum
2006 2819 2091 2874 di-

511 2933 749 2992 centium
778 2950 791 2986 :
820 2927 1045 2995 Quando
1072 2925 1182 2981 hcce
1202 2923 1398 2978 erunt?
1426 2931 1473 2974 et
1497 2919 1634 2991 quod
1655 2917 1863 2987 signum
1895 2912 2090 2967 adcen-

514 3037 601 3083 tus
643 3026 757 3089 tui,
793 3033 841 3079 et
886 3017 1363 3076 consummationis
1411 3012 1733 3069 sweuliﬂta
1762 3006 2088 3079 respondit:

522 3119 705 3175 Videte
728 3133 789 3172 ne
810 3115 926 3186 quis
956 3129 1044 3168 vos
1067 3110 1304 3167 seducut.
1331 3106 1488 3161 Multi
1510 3104 1649 3159 enim
1672 3101 1873 3157 venient
1907 3099 1965 3153 in
1991 3113 2089 3152 no-

514 3213 654 3266 mine
674 3224 787 3263 meo
813 3207 1084 3261 dicentes:
1112 3201 1224 3273 Ego
1251 3215 1369 3254 sum
1392 3196 1659 3261 Christus,
1697 3201 1747 3247 et
1783 3191 1977 3245 multos
2010 3205 2090 3243 se-

515 3304 724 3358 ducent.
748 3298 888 3354 Vere
912 3297 1055 3352 enim
1085 3295 1179 3365 qui
1205 3291 1393 3361 implet
1421 3286 1556 3343 illud
1593 3285 1908 3341 mandatum
1944 3280 2091 3352 quod

515 3397 595 3450 ait
620 3412 634 3447 :
667 3391 847 3446 Estote
868 3388 1146 3459 prudentes
1174 3378 1559 3442 nummularii;
1585 3386 1637 3431 et
1654 3375 1786 3431 illud
1816 3374 1960 3445 quod
1981 3373 2090 3428 ait:

522 3484 719 3542 Omnia
746 3481 963 3552 probate
994 3494 1013 3533 :
1041 3476 1178 3549 quod
1226 3475 1417 3528 bonum
1468 3480 1544 3525 est
1590 3477 1792 3522 tenete:
1842 3466 1908 3521 ab
1951 3465 2094 3519 omni

519 3579 685 3648 specie
708 3574 854 3631 mala
878 3573 1137 3627 abstinete
1160 3584 1249 3623 vos
1270 3566 1338 3633 “,
1363 3561 1567 3619 multos
1599 3559 1802 3615 videbit
1850 3556 2034 3614 seduci
2063 3572 2094 3610 a

520 3668 708 3726 multis
728 3662 1091 3722 intellectibus
1138 3666 1193 3714 et
1246 3654 1424 3711 verbis
1473 3649 1856 3722 proﬁtentibus
1889 3660 2009 3702 esse
2038 3659 2097 3699 se

518 3758 799 3815 Christum
829 3752 927 3809 Dei
963 3749 1217 3806 Verbum.
1250 3745 1318 3800 Et
1340 3745 1546 3799 utinam
1564 3741 1665 3797 soli
1694 3740 1787 3811 qui
1817 3748 1969 3793 extra
1991 3734 2094 3790 Ec-

520 3849 745 3908 clesiam
781 3852 911 3904 sunt
961 3842 1390 3902 seducerentur,
1436 3834 1594 3890 facile
1640 3841 1760 3888 erat
1784 3842 1977 3885 cavere
2005 3842 2096 3883 se-

521 3941 857 3998 ductionem.
882 3934 1039 3992 Nunc
1075 3941 1256 3989 autem
1289 3929 1391 4000 ipsi
1418 3927 1513 3997 qui
1546 3924 1872 3996 proﬁtentur
1898 3933 1959 3974 se
2002 3932 2096 3973 ec-

521 4036 860 4095 clesiasticos
880 4046 1021 4097 esse,
1055 4028 1124 4084 de
1149 4022 1480 4083 necessariis
1512 4019 1820 4091 quibusque
1847 4010 2099 4083 capitulis

522 4130 786 4187 falluntur
809 4135 865 4183 et
887 4124 1244 4185 seducunttu',
1293 4116 1437 4173 sicut
1467 4114 1581 4183 ipsa
1609 4106 1880 4165 dissensio
1907 4116 2097 4159 eorum

524 4219 898 4278 testimonium
927 4222 1050 4279 est,
1093 4209 1353 4282 quoniam
1399 4215 1452 4260 et
1478 4203 1571 4275 qui
1604 4202 1748 4256 intus
1782 4204 1909 4254 sunt
1938 4195 2101 4251 sedu-

523 4321 745 4371 cuntur.
771 4306 879 4364 Sed
900 4310 1314 4374 consequenter,
1339 4292 1798 4368 quemadmodum
1826 4289 1963 4345 solet
1982 4300 2103 4342 esse

526 4400 580 4463 in
609 4400 922 4462 errantibus
958 4412 1053 4468 per
1081 4396 1199 4450 vias
1232 4391 1331 4446 has
1360 4386 1667 4458 corporales
1690 4378 1993 4437 differentia
2018 4390 2106 4431 er-

526 4499 670 4556 roris
693 4539 711 4566 ,
738 4502 795 4551 et
818 4491 1038 4564 quidam
1076 4485 1297 4557 quidem
1327 4482 1490 4537 etiam
1514 4486 1704 4533 contra
1721 4476 1892 4546 ipsam
1919 4471 2102 4542 publi-

528 4606 646 4648 cam
674 4564 818 4643 viam
846 4598 968 4654 qua:
991 4577 1277 4650 quaeritur,
1307 4571 1514 4628 vadunt
1555 4576 1823 4646 errantes,
1869 4564 1960 4619 alii
2002 4578 2101 4616 au-

530 4694 639 4739 tem
672 4676 952 4734 modicum
979 4668 1185 4740 aliquid
1214 4666 1282 4721 de
1311 4663 1504 4721 semita
1535 4668 1684 4714 recta
1714 4656 2006 4717 declinant,
2042 4661 2102 4706 ut

532 4774 644 4830 sint
669 4744 1036 4825 revocabiles:
1074 4767 1128 4815 et
1157 4756 1342 4811 multae
1370 4760 1499 4810 sunt
1522 4747 1823 4806 errantium
1846 4741 2103 4799 diﬁ'eren-

535 4868 622 4923 tiae
646 4883 661 4920 :
684 4863 808 4918 ,hoc
837 4854 1004 4913 modo
1032 4851 1283 4907 videmus
1308 4846 1471 4901 etiam
1521 4856 1619 4897 eos
1668 4837 1762 4908 qui
1815 4850 1846 4889 a
1875 4833 2106 4888 veritate

530 4920 805 5015 aberrant.
829 4948 899 5005 Et
919 4943 1224 5002 Marciones
1254 4936 1496 5008 quidem,
1518 4940 1572 4988 et
1600 4927 1886 4989 Basilides,
1919 4933 1975 4979 et
1996 4920 2107 4975 Va-

531 5042 836 5109 lentiniani,
860 5048 915 5096 et
941 5032 1227 5108 Apelliani,
1258 5039 1312 5084 et
1337 5024 1568 5096 Ophitae,
1595 5019 1825 5109 multum
1847 5030 1891 5101 a_
1910 5027 2106 5084 prepo-

532 5142 635 5197 sita
661 5140 848 5192 errant
874 5129 983 5193 via,
1012 5124 1106 5198 qui
1138 5120 1364 5178 omnino
1398 5112 1669 5172 contraria
1700 5097 1919 5180 sapiunt
1961 5105 2108 5161 veri-

534 5193 651 5289 tati.
677 5225 909 5296 Quidam
934 5193 1114 5275 autem
1148 5215 1214 5270 de
1245 5207 1479 5283 publicis
1504 5204 1722 5275 quidem
1765 5208 1819 5256 et
1872 5193 2107 5252 manife-

534 5285 638 5380 stis
671 5285 923 5387 cwapitulls
952 5323 1060 5364 non
1105 5299 1434 5361 dissentiunt
1464 5312 1477 5349 :
1527 5301 1718 5365 utputa
1749 5290 1815 5344 de
1851 5301 1960 5341 uno
1997 5285 2108 5338 Deo

537 5374 628 5483 qui
647 5374 821 5480 legem
843 5414 897 5460 et
916 5397 1269 5469 Evangelium
1297 5390 1446 5447 dedit
1481 5427 1496 5452 ,
1529 5393 1625 5440 aut
1646 5384 1713 5439 de
1734 5379 1953 5436 Christo
1978 5374 2108 5430 Jesu

538 5463 896 5568 primo‘aenito
921 5488 1189 5543 universae
1212 5484 1482 5537 creatura:
1506 5513 1521 5539 ,
1563 5471 1657 5543 qui
1688 5470 1742 5523 in
1795 5470 1901 5522 ﬁne
1926 5463 2110 5520 saeculi

537 5587 835 5645 secundum
855 5576 1273 5652 praedicationes
1293 5570 1680 5643 pr0phetarum
1700 5561 1848 5617 venit
1870 5560 1923 5613 in
1953 5572 2113 5610 mun-

538 5681 689 5743 dum,
725 5684 780 5731 et
808 5670 1048 5741 suscepit
1081 5668 1136 5723 in
1172 5681 1230 5722 se
1258 5679 1440 5721 veram
1468 5662 1721 5717 humanae
1743 5652 1925 5710 carnis
1954 5658 2112 5705 uatu-

2168 621 2399 668 mortem
2420 609 2601 666 crucis
2633 603 2894 674 suscepit,
2925 608 2979 657 et
3009 598 3247 655 surrexit
3286 612 3320 652 a
3372 594 3612 650 mortuis
3636 632 3656 657 ,
3703 596 3751 647 (1

2167 700 2438 758 deiﬁcavit
2508 711 2673 768 quam
2737 698 3050 760 susceperat
3113 687 3412 741 humanam
3470 692 3736 736 naturam

2167 794 2363 848 Adhuc
2402 800 2582 845 autem
2613 796 2665 842 et
2701 787 2769 841 de
2820 782 3023 853 Spiritu
3058 786 3250 833 sancto
3273 815 3290 841 ,
3338 774 3604 845 quoniam
3638 773 3760 842 ipse

2170 884 2259 939 ille
2287 882 2392 937 fuit
2427 882 2480 934 in
2512 874 2841 950 patriarchis
2871 880 2926 927 et
2956 869 3236 941 prophetis
3259 908 3275 933 ,
3306 867 3401 937 qui
3447 875 3644 936 postea
3702 864 3758 917 in

2169 973 2436 1046 apostolis
2466 972 2627 1026 datus
2657 977 2761 1034 est,
2795 973 2849 1021 et
2889 965 2956 1018 de
2983 959 3381 1016 resurrectione
3405 964 3761 1011 mortuorum

2171 1068 2315 1125 sicut
2340 1062 2692 1134 Evangelium
2716 1060 2877 1115 docet
2892 1052 3192 1111 certissime
3216 1051 3471 1116 credunt,
3498 1059 3555 1104 et
3573 1047 3760 1102 omnia

2172 1171 2511 1229 quaecunque
2541 1152 2791 1208 feruntur
2834 1149 2890 1203 in
2936 1144 3215 1202 Ecclesiis.
3267 1142 3343 1197 De
3393 1141 3520 1195 aliis
3573 1148 3761 1193 autem

2174 1266 2282 1306 non
2318 1249 2530 1319 paucis,
2560 1255 2740 1300 tamen
2765 1238 3029 1305 modicis,
3080 1250 3221 1292 nova
3276 1242 3601 1304 proponunt
3663 1234 3762 1285 do-

2179 1351 2381 1414 gmata,
2410 1350 2464 1394 et
2508 1338 2607 1410 ipsi
2632 1337 2817 1407 utique
2849 1339 2978 1389 sunt
3002 1346 3069 1386 ex
3097 1329 3204 1384 illis
3230 1327 3325 1397 qui
3357 1326 3703 1382 seducuutur
3730 1339 3760 1378 a

2177 1434 2332 1491 falsis
2363 1430 2746 1493 intellectihus,
2771 1435 2826 1482 et
2859 1422 3039 1480 verbis
3070 1419 3417 1477 venientibus
3444 1418 3503 1471 in
3535 1418 3764 1471 nomine

2175 1524 2399 1590 Christi,
2428 1521 2520 1593 qui
2553 1528 2638 1576 est
2681 1517 2916 1573 Verbum
2958 1522 3015 1569 et
3045 1513 3264 1568 veritas.
3294 1509 3361 1564 Et
3402 1509 3615 1563 malum
3644 1507 3759 1578 qni-

2176 1617 2297 1674 dem
2332 1626 2417 1672 est
2441 1613 2686 1669 invenire
2709 1611 2943 1681 aliquem
2971 1606 3272 1665 secundum
3302 1616 3492 1657 mores
3516 1600 3649 1655 vita:
3674 1613 3765 1652 ero

2178 1717 2413 1775 rantem,
2457 1705 2631 1760 multo
2663 1712 2842 1757 autem
2873 1699 3031 1772 pejus
3081 1697 3319 1753 arbitror
3378 1708 3509 1748 esse
3561 1693 3621 1746 in
3674 1692 3767 1745 do-

2181 1799 2456 1873 gmatibus
2488 1797 2742 1852 aberrare
2770 1800 2949 1848 etnon
2980 1787 3278 1846 secundum
3306 1782 3661 1839 verissimam
3691 1794 3767 1834 re-

2182 1870 2363 1964 éulam
2392 1888 2801 1961 Scripturarum
2840 1881 3065 1938 sentire.
3097 1877 3369 1945 Quoniam
3392 1874 3541 1929 sicut
3565 1870 3665 1944 [si]
3712 1871 3766 1924 in

2182 1982 2418 2055 peccatis
2443 1977 2765 2035 mortalibus
2808 1972 3067 2047 puniendi
3095 1983 3311 2035 sumus,
3369 1965 3615 2035 amplius
3636 1978 3767 2032 pro-

2183 2053 2303 2146 pter
2336 2074 2587 2144 dogmata
2631 2068 2767 2124 falsa
2830 2071 3135 2137 peccantes.
3183 2059 3243 2114 Si
3291 2057 3439 2113 enim
3498 2053 3771 2111 sufﬁceret

2185 2163 2528 2223 conversatio
2558 2174 2771 2215 morum
2804 2158 3071 2212 bonorum
3134 2148 3453 2206 hominibus
3500 2146 3573 2200 ad
3624 2144 3770 2198 salu-

2186 2267 2316 2321 tem,
2361 2252 2636 2325 quomodo
2668 2249 2809 2322 apud
2864 2255 3051 2319 gentes
3096 2239 3450 2314 philosophi,
3484 2248 3584 2292 aut
3629 2237 3770 2307 apud

2189 2347 2474 2403 haereticos
2521 2343 2676 2400 multi
2731 2339 3077 2396 continenter
3117 2335 3365 2389 viventes
3410 2342 3769 2400 nequaquam

2188 2438 2489 2500 salvantur,
2523 2433 2680 2505 quasi
2711 2431 3041 2486 obscurante
3060 2435 3115 2481 et
3142 2422 3464 2480 sordidante
3484 2434 3773 2476 conversa-

2189 2533 2392 2587 tionem
2425 2542 2614 2584 eorum
2664 2522 2936 2594 dogmatis
2977 2516 3251 2575 falsitate?
3278 2513 3542 2569 Arbitror
3591 2520 3769 2566 autem

2189 2622 2451 2695 quoniam
2486 2618 2793 2691 generalem
2819 2611 3147 2669 munditiam
3172 2622 3296 2679 quae
3324 2612 3413 2662 est
3440 2619 3557 2659 non
3596 2601 3771 2658 solum

2191 2716 2245 2770 in
2277 2713 2510 2776 actibus,
2542 2709 2637 2767 sed
2663 2708 2826 2762 etiam
2861 2706 2916 2759 in
2942 2702 3168 2759 scientia
3194 2739 3210 2766 ,
3258 2698 3452 2753 volens
3478 2694 3771 2750 ostendere

2192 2821 2375 2863 sermo
2431 2804 2484 2858 in
2533 2800 2743 2872 psalmo
2789 2796 3050 2851 vicesimo
3099 2791 3261 2847 tertio
3282 2790 3368 2852 “,
3402 2787 3586 2841 dicit:
3643 2781 3771 2848 Qui:

2192 2898 2437 2953 ascendet
2467 2896 2521 2949 in
2547 2901 2769 2947 montem
2806 2885 3046 2950 Domini,
3095 2893 3188 2937 aut
3221 2881 3339 2953 quis
3369 2878 3541 2933 stabit
3573 2877 3631 2929 in
3659 2874 3773 2926 loco

2192 3002 2376 3046 sancto
2408 2989 2561 3058 ejus?
2584 2984 2845 3039 Innocens
2879 2979 3122 3033 manibus
3149 3016 3165 3041 ,
3214 2984 3261 3029 et
3311 2988 3447 3042 puro
3497 2969 3681 3023 corde.
3720 2964 3774 3019 lu

2194 3079 2503 3137 Proverbiis
2521 3085 2703 3133 autem
2734 3073 2782 3105 “
2814 3091 2828 3127 :
2856 3072 2990 3137 Quis
3017 3066 3337 3141 gloriabitur
3365 3071 3585 3118 castum
3610 3075 3669 3114 se
3687 3058 3777 3111 hac

2118 3201 2162 3260 ρ
2196 3173 2310 3227 bere
2331 3188 2441 3233 cor,
2469 3179 2563 3223 aut
2587 3168 2706 3239 quis
2728 3164 2963 3234 confidat
2991 3159 3243 3216 mundum
3283 3173 3339 3211 se
3373 3171 3490 3210 esse
3524 3170 3561 3206 α
3590 3167 3776 3222 pecea-

2195 3263 2306 3316 tis?
2335 3230 2753 3326 Mundum'ergo
2782 3230 2947 3308 corde
2971 3259 3025 3306 et
3050 3256 3264 3304 castum
3278 3245 3446 3301 corde
3476 3258 3591 3298 non
3611 3242 3777 3297 alium
3836 3230 3846 3237 ’

2195 3353 2431 3409 arbitror
2451 3365 2592 3417 esse,
2629 3347 2733 3402 nisi
2763 3361 2890 3401 eum
2935 3343 3029 3415 qui
3060 3342 3129 3397 ab
3166 3339 3316 3397 omni
3346 3339 3611 3407 dogmate
3641 3333 3777 3389 falso

2195 3444 2460 3502 mundum
2490 3450 2546 3496 et
2573 3448 2784 3495 castum
2818 3436 3060 3507 possidet
3084 3448 3179 3488 cor
3198 3449 3214 3499 ;
3236 3430 3317 3487 sic
3341 3438 3398 3485 et
3424 3429 3775 3482 innocentem

2196 3534 2449 3591 manibus
2475 3539 2530 3584 et
2555 3528 2820 3584 mundum
2858 3542 2889 3580 a
2934 3521 3172 3595 peccatis
3198 3535 3322 3574 eum
3354 3516 3621 3571 existimo
3661 3525 3779 3567 esse

2196 3630 2289 3699 qui
2324 3627 2376 3680 in
2406 3623 2618 3679 actibus
2644 3620 2767 3675 vitae
2798 3632 2912 3673 sua:
2945 3608 3442 3684 irreprebensibilis
3456 3614 3564 3661 est.
3589 3603 3775 3660 Scien-

2197 3697 2327 3773 dum
2356 3724 2441 3773 est
2477 3722 2659 3769 autem
2687 3708 2968 3781 quioniam,
3017 3711 3282 3775 quantum
3339 3699 3408 3754 ad
3455 3697 3734 3751 veritatem
3756 3729 3772 3756 ,

2201 3806 2539 3880 impossibile
2568 3812 2652 3871 est
2677 3814 2799 3856 esse
2827 3798 3063 3869 aliquem
3099 3796 3450 3849 innocentem
3481 3785 3736 3841 manibus
3754 3821 3772 3846 ,

2201 3910 2254 3956 et
2279 3876 2569 3953 'mundum
2604 3910 2634 3948 a
2661 3890 2898 3964 peccatis
2926 3927 2944 3953 ,
2994 3896 3056 3941 ut
3094 3900 3203 3940 non
3238 3884 3310 3938 sit
3336 3895 3515 3951 purus
3542 3876 3775 3933 cordeet

2204 4000 2388 4047 castus
2448 4004 2479 4044 a
2540 3982 2886 4057 dOgmatibus
2941 3978 3117 4044 falsis,
3152 3976 3296 4031 sicut
3328 3968 3647 4027 econtrario
3683 3966 3775 4020 im-

2204 4083 2463 4155 possibile
2489 4089 2574 4136 est
2602 4076 2867 4133 mundum
2888 4071 3107 4143 quidem
3129 4078 3183 4124 et
3216 4075 3429 4122 castum
3470 4078 3593 4120 esse
3619 4059 3776 4117 corde

2207 4153 2237 4232 a
2264 4174 2609 4246 dogmatibus
2658 4169 2812 4225 falsis
2833 4209 2849 4237 ,
2882 4177 3077 4221 utnon
3111 4162 3183 4217 sit
3215 4162 3480 4215 innocens
3528 4153 3778 4210 manibus

2207 4280 2263 4326 et
2296 4267 2532 4323 mundus
2552 4279 2585 4319 a
2616 4259 2872 4334 peccatis.
2899 4255 3029 4312 Haec
3072 4252 3216 4308 enim
3250 4249 3576 4303 alterutrum
3605 4257 3668 4298 se
3696 4255 3777 4297 se-

2209 4367 2451 4431 quuntur
2482 4364 2537 4410 et
2557 4367 2663 4408 non
2698 4355 3021 4420 separantur
3043 4344 3114 4399 ab
3132 4340 3388 4404 invicem,
3412 4348 3596 4392 sermo
3625 4346 3776 4387 Inun-

2209 4423 2313 4506 dus
2346 4450 2400 4504 in
2430 4447 2613 4503 anima
2639 4450 2693 4498 et
2722 4443 2831 4497 vita
2859 4431 3376 4507 irreprebensibilis.
3404 4423 3777 4482 Abundantius

2136 4541 2179 4595 D
2208 4552 2388 4599 autem
2420 4540 2488 4597 de
2533 4537 2774 4609 capitulo
2816 4533 2908 4588 illo
2951 4527 3348 4591 tractavimus,
3377 4521 3636 4576 docentes
3680 4527 3776 4569 nos

2210 4638 2362 4706 ipsos
2385 4632 2685 4688 secundum
2716 4642 2780 4682 ea
2806 4639 2928 4695 quae
2957 4622 3073 4677 visa
3111 4626 3241 4676 sunt
3270 4614 3431 4670 nobis
3463 4613 3521 4666 in
3551 4610 3693 4673 loco,
3720 4616 3777 4658 ut

2208 4724 2586 4783 custodiamus
2607 4735 2708 4775 nos
2742 4718 2811 4772 ab
2847 4715 2997 4770 omni
3032 4724 3217 4766 errore
3250 4706 3517 4761 falsorum
3562 4700 3773 4769 dogma—

2211 4828 2348 4881 tum,
2363 4816 2476 4871 sive
2487 4807 2880 4869 demanifestis
2899 4814 2951 4860 et
2972 4798 3363 4875 principalibus
3376 4791 3648 4862 capitulis,
3668 4786 3773 4840 site

2211 4911 2278 4965 de
2297 4908 2381 4963 his
2397 4920 2518 4977 qua:
2529 4904 2783 4960 videntur
2800 4898 3034 4961 minora,
3049 4900 3109 4948 ut
3130 4889 3420 4946 audiamus
3436 4884 3531 4955 qui
3548 4878 3681 4936 dixit
3699 4876 3767 4927 νε

2214 5002 2335 5057 Non
2365 4971 2701 5055 declinabitis
2723 4994 2791 5047 ad
2814 4993 3109 5052 dexteram,
3128 4992 3222 5037 aut
3240 4981 3519 5035 sinistram
3544 4991 3566 5039 ;
3609 4971 3676 5027 ab
3710 4980 3770 5022 eo

2212 5094 2304 5165 qui
2322 5091 2457 5147 dixit
2474 5090 2548 5144 ‘3:
2576 5087 2688 5159 Ego
2715 5100 2829 5140 sum
2855 5083 2959 5137 via.
2985 5077 3095 5133 Nec
3115 5074 3463 5133 seducamur,
3480 5066 3575 5121 sed
3597 5060 3770 5132 vigile-

2213 5202 2358 5250 mus,
2400 5199 2468 5239 ne
2511 5181 2636 5253 quis
2675 5194 2776 5234 uos
2805 5176 2956 5231 fallat
2987 5183 3178 5227 eorum
3212 5165 3307 5236 qui
3336 5162 3569 5218 veniunt
3598 5158 3651 5211 in
3681 5166 3771 5207 no-

2216 5279 2360 5333 mine
2384 5273 2609 5340 Christi,
2644 5271 2887 5326 dicentes
2919 5284 2933 5320 :
2961 5264 3077 5334 Ego
3107 5274 3229 5317 sum
3247 5255 3523 5314 Christus,
3547 5262 3646 5319 ego
3658 5256 3769 5300 sum

2212 5370 2433 5431 veritas,
2465 5374 2520 5420 ct
2547 5360 2835 5433 sapientia,
2855 5366 2911 5411 ct
2942 5355 3126 5409 lumen
3174 5360 3386 5402 verum.
3432 5341 3574 5395 Puto
3602 5343 3768 5391 autem

2213 5460 2469 5531 quianon
2509 5454 2684 5509 solum
2719 5458 2802 5504 est
2831 5457 3012 5501 sermo
3040 5438 3316 5501 Christus,
3369 5439 3456 5487 est
3504 5435 3560 5483 et
3603 5434 3769 5481 sermo

2213 5514 2620 5610 Antichristns;
2650 5540 2855 5595 veritas
2883 5534 3157 5597 Christus,
3196 5537 3252 5585 et
3284 5523 3544 5582 simulata
3584 5514 3769 5570 veritas

2214 5638 2587 5697 Autichristus
2640 5630 2902 5704 sapientia
2926 5625 3200 5690 Christus,
3225 5628 3282 5678 et
3299 5614 3557 5674 simulata
3573 5603 3771 5677 sapien-

606 5863 655 5898 “
689 5864 711 5921 ι
739 5833 933 5917 Thess.
964 5872 1019 5927 v,
1041 5854 1245 5927 21,22.
1323 5851 1367 5885 "
1389 5863 1529 5909 vers.
1571 5848 1625 5912 5,
1655 5848 1708 5902 4.
1784 5844 2002 5901 “Prov.
2024 5833 2187 5906 xx,9.
2254 5830 2298 5865 ⁵⁷
2324 5828 2478 5884 Deut.
2510 5840 2564 5891 v,
2601 5822 2691 5879 5‘2.
2770 5817 2993 5874 “toan.
3023 5828 3137 5878 xiv,
3172 5810 3225 5865 6.
