4004 6544
284 400 427 458 tots
490 390 508 399 ’

1459 419 2124 488 COMMENTARIORUM
2162 433 2427 494 SERIES.

3419 461 3558 518 H546

285 522 358 577 tia
388 523 782 592 Antichristus,
835 527 1030 586 fallens
1077 544 1350 594 amatores
1381 543 1660 611 sapientia:
1687 548 1780 604 Dei
1814 561 1868 605 et
1897 559 1942 614 Λ
1973 552 2063 611 Sic
2086 567 2268 614 autem
2306 577 2586 633 nunquam
2625 569 2908 628 manifeste
2933 574 3071 631 dixit
3099 599 3111 633 :
3145 578 3258 652 Ego
3289 597 3432 651 sum,
3460 588 3556 644 sed

285 615 527 652 ινοι-ἰισιιία
607 634 730 652 num
775 621 955 652 ηννιηισ.
992 626 1262 652 “manu.-.
1313 633 1375 652 ,γι
1410 636 1440 652 μ
1466 634 1530 652 .,-
1639 641 1668 652 ..

280 615 550 682 veritatis,
606 634 730 689 qua:
775 621 957 677 omnia
992 626 1266 693 pertinent
1310 633 1377 686 ad
1410 634 1532 689 tidei
1571 641 1860 697 rationem.

283 704 391 763 Sed
419 709 583 765 etiam
615 712 670 766 iu
703 713 786 768 his
819 714 1112 774 virtutibus
1139 722 1338 791 quibus
1356 741 1749 788 conversamur
1772 752 1861 791 se-

278 801 520 856 cundum
548 801 737 871 Deum,
769 807 1078 867 invenimus
1096 827 1290 870 omnes
1305 833 1463 876 veras
1489 822 1715 881 virtutes
1739 843 1862 885 esse

277 890 582 964 Christum,
599 906 650 952 et
667 913 860 956 omnes
883 902 1168 960 simulatas
1186 909 1414 966 virtutes
1435 914 1854 974 Antichristum.

277 981 548 1049 Quonia‘m
592 1003 784 1046 omnes
832 996 1044 1063 species
1103 998 1231 1054 boni
1285 1018 1642 1078 quascunque
1700 1011 1860 1068 habet

273 1072 529 1132 Christus
561 1079 614 1132 in
665 1096 737 1136 se-
775 1082 830 1138 iu
863 1087 1093 1144 veritate
1137 1092 1204 1146 ad
1235 1095 1649 1154 a3diticationem
1682 1103 1858 1159 homi-

277 1181 427 1234 num,
459 1184 552 1224 eas
578 1185 772 1230 omnes
805 1176 968 1234 habet
998 1181 1051 1234 in
1083 1198 1142 1239 se
1175 1185 1425 1244 diabolus
1459 1192 1513 1246 in
1551 1198 1734 1264 specie
1787 1200 1854 1254 ad

273 1257 645 1318 seductionem
673 1276 1012 1326 sanctorum.
1046 1272 1103 1328 Si
1147 1277 1294 1332 enim
1345 1280 1598 1341 Christus
1641 1288 1852 1357 justitia

276 1357 354 1404 est
378 1387 394 1413 ,
431 1361 559 1406 sunt
600 1366 784 1412 autem
838 1361 1151 1432 frequenter
1182 1370 1283 1426 viae
1308 1373 1408 1428 viri
1439 1392 1560 1446 quae
1603 1380 1854 1438 videntur

267 1451 392 1493 esse
415 1440 578 1509 justas
603 1485 618 1510 ,
675 1448 972 1508 novissima
1026 1464 1207 1512 autem
1242 1476 1431 1518 earum
1466 1470 1763 1538 respiciunt
1796 1475 1850 1528 in

267 1530 602 1599 profundum
631 1538 828 1596 inferni
863 1543 927 1597 δ’.
964 1545 1202 1613 Quando
1246 1570 1376 1624 ergo
1404 1530 1617 1615 videtur
1639 1564 1850 1633 justitia

267 1637 392 1677 cum
426 1641 533 1680 non
558 1630 630 1684 sit
653 1631 866 1700 justitia
897 1653 1044 1706 vera,
1075 1657 1138 1696 ea
1176 1645 1301 1701 talis
1338 1648 1545 1718 justitia
1574 1630 1851 1713 Antichri-

267 1723 386 1771 stus
433 1727 555 1787 est,
605 1724 870 1784 adversus
921 1730 1191 1800 justitiam
1243 1739 1545 1800 Christum.
1599 1747 1850 1806 Arbitror

264 1818 320 1864 et
378 1812 680 1870 castitatem
733 1833 856 1874 esse
907 1823 1328 1898 Antichristum,
1385 1851 1507 1904 qua:
1559 1851 1642 1895 est
1705 1845 1846 1914 apud

261 1897 426 1971 853
465 1903 771 1974 haereticos,
820 1908 874 1963 in
920 1927 1162 1971 errorem
1203 1922 1422 1979 mittens
1469 1927 1740 2001 homines,
1774 1949 1848 1989 ne

263 1988 568 2063 intelligant
613 1999 1040 2060 ecclesiasticam
1069 2011 1387 2074 _castitatem
1420 1988 1739 2080 Christum:
1756 2023 1847 2081 Sic

260 2087 316 2133 et
358 2083 728 2141 misericordia
759 2098 843 2144 est
889 2092 1260 2156 Antichristus
1307 2114 1496 2162 contra
1527 2111 1844 2169 misericor-

258 2167 405 2224 diam
440 2171 755 2246 Christum;
797 2182 890 2250 qui
922 2183 1130 2244 faciunt
1164 2192 1561 2269 elcemosynas,
1595 2205 1689 2259 sed
1733 2223 1840 2262 non

263 2270 492 2330 propter
513 2262 782 2331 justitiam
821 2269 934 2327 Dei.
975 2275 1070 2331 Est
1101 2287 1155 2333 et
1175 2262 1435 2349 patientia
1470 2262 1842 2354 An'tichristus

255 2347 312 2402 in
347 2351 429 2406 eis
471 2355 565 2423 qui
596 2357 847 2415 videntur
879 2365 1097 2432 quidem
1129 2347 1239 2439 pati
1276 2391 1374 2444 pro
1407 2379 1837 2457 Christianitate,

253 2451 309 2494 et
342 2457 518 2514 usque
552 2447 618 2503 ad
651 2451 974 2512 eli‘usioncm
1009 2466 1291 2534 sanguinis
1322 2485 1724 2546 concertantes,
1765 2484 1842 2537 vi-

251 2530 451 2590 delicet
475 2553 542 2594 ne
576 2541 867 2601 videantur
895 2530 1164 2623 denegare
1193 2557 1657 2624 Christianitatem
1690 2530 1838 2629 :yini-

250 2627 518 2695 quitatem
567 2644 748 2691 autem
794 2638 849 2694 in
899 2646 1197 2717 excelsum,
1234 2651 1287 2705 in
1330 2654 1449 2724 ipsa
1479 2659 1644 2715 etiam
1701 2665 1838 2722 elI'u-

249 2721 407 2775 sione
437 2727 719 2795 sanguinis
743 2731 825 2785 sui
856 2733 1171 2804 loquuntur,
1205 2752 1257 2796 et
1284 2757 1492 2814 ponunt
1526 2750 1579 2806 in
1610 2757 1748 2812 cmlo
1772 2775 1833 2816 os

247 2824 431 2867 suum.
465 2813 560 2872 Est
609 2829 661 2873 et
706 2823 881 2879 virtus
927 2813 1300 2891 Antichristus
1359 2842 1627 2903 seduccns
1676 2850 1832 2920 igno-

245 2913 452 2972 rantes,
483 2912 743 2977 quoniam
782 2917 940 2973 multi
986 2921 1182 2980 dicturi
1215 2940 1345 2983 sunt
1373 2931 1590 2992 Christo
1640 2912 1829 2999 invilla

243 2993 334 3049 die
375 3013 390 3051 :
439 2999 682 3070 Domine,
722 3006 774 3059 in
810 3011 1014 3066 nomine
1052 3024 1138 3068 tuo
1172 3019 1437 3078 dazmonia
1473 3027 1742 3098 ejecimus,
1777 3047 1827 3090 et

241 3083 465 3141 virtutes
507 3092 705 3147 multas
751 3096 972 3166 fecimus
1024 3101 1094 3159 ³’.
1139 3105 1220 3161 Ad
1255 3125 1395 3178 quos
1423 3083 1768 3185 respondebit
1809 3141 1824 3178 :

240 3175 512 3234 Discedite
564 3199 597 3237 a
655 3202 756 3251 me,
789 3205 964 3246 omnes
998 3197 1090 3263 qui
1144 3205 1437 3268 operamini
1474 3208 1800 3280 iniquitatem

239 3282 508 3340 nunquam
546 3292 631 3330 vos
667 3283 784 3333 novi
827 3284 896 3339 δι.
936 3283 992 3340 Si
1033 3290 1178 3345 enim
1216 3309 1496 3366 nunquam
1537 3317 1632 3358 eos
1661 3306 1822 3362 Chri-

237 3369 356 3417 stus
403 3369 676 3437 cognovit,
708 3373 938 3433 virtutes
982 3391 1164 3436 autem
1195 3399 1254 3440 se
1297 3386 1491 3444 fecisse
1521 3395 1824 3462 gloriantur

236 3451 294 3506 in
319 3458 536 3513 nomine
565 3461 788 3532 Christi,
823 3483 929 3522 non
963 3481 1118 3527 erant
1152 3476 1381 3534 virtutes
1413 3482 1516 3538 illa:
1544 3501 1572 3538 a
1605 3487 1822 3546 Christo

233 3543 329 3612 qui
362 3561 469 3599 non
503 3561 731 3606 noverat
758 3554 902 3624 illos,
935 3559 1028 3613 sed
1059 3562 1130 3616 ab
1164 3578 1229 3618 eo
1254 3566 1348 3636 qui
1381 3571 1734 3641 transtigurat
1760 3591 1820 3631 se

233 3651 342 3692 non
376 3641 556 3696 solum
599 3644 652 3698 in
701 3650 951 3719 angelum
994 3653 1156 3723 lucis,
1195 3658 1287 3712 sed
1331 3661 1494 3715 etiam
1546 3664 1598 3717 in
1638 3667 1816 3735 ipsum

228 3727 531 3788 Christum.
568 3735 714 3807 Opus
743 3751 828 3796 est
860 3758 990 3815 ergo
1020 3748 1179 3804 nobis
1214 3750 1322 3805 Deo
1376 3727 1720 3824 auxiliatore,
1762 3770 1817 3816 et

228 3821 351 3892 ipso
377 3823 596 3883 Christo
627 3832 841 3889 vivente
875 3836 928 3890 in
963 3838 1143 3906 nobis,
1177 3853 1232 3896 ut
1265 3845 1466 3912 apertis
1507 3850 1681 3906 oculis
1715 3869 1815 3908 no-

227 3915 358 3972 stris
391 3919 671 3978 videamus
701 3941 768 3980 ne
799 3929 924 3996 quis
955 3944 1056 3984 nos
1091 3933 1334 4003 seducat,
1370 3937 1454 3992 vel
1489 3954 1694 4010 sermo,
1725 3945 1812 3999 vel

224 4006 422 4074 virtus,
456 4011 541 4066 vel
581 4014 650 4068 ab
684 4016 852 4084 intus,
881 4019 965 4073 vel
995 4035 1026 4075 a
1075 4020 1229 4090 foris,
1255 4029 1578 4095 promittens
1605 4049 1662 4089 se
1688 4050 1811 4092 esse

223 4096 526 4166 Christum,
557 4117 680 4158 cum
707 4106 779 4160 sit
808 4107 1065 4165 inimicus
1094 4111 1213 4181 ejus
1243 4124 1674 4192 cazterarumque
1695 4125 1807 4179 vir-

223 4197 405 4243 tutum
437 4192 630 4262 ipsius.
684 4195 986 4254 Considera
1030 4202 1194 4258 etiam
1243 4206 1397 4273 illud,
1450 4212 1595 4280 quod
1648 4217 1804 4272 multi

220 4281 449 4337 veniunt
495 4284 546 4337 in
599 4288 749 4342 nullo
796 4291 904 4343 alio
951 4293 1054 4347 nisi
1103 4295 1155 4348 in
1187 4299 1407 4354 nomine
1437 4317 1576 4358 meo.
1610 4304 1802 4362 Solum

218 4373 368 4428 enim
394 4391 589 4432 nomen
617 4378 819 4436 Christi
846 4383 1216 4443 Autichristus
1244 4391 1492 4462 suscipit,
1515 4411 1613 4452 nec
1638 4413 1800 4467 opera

216 4462 370 4531 facit,
397 4482 497 4522 nec
527 4471 692 4525 verba
720 4474 962 4530 veritatis
991 4477 1110 4546 ejus
1138 4477 1316 4545 docet,
1345 4497 1443 4537 nec
1475 4485 1796 4552 sapientiam

1807 3251 1894 3308 ’C

1968 662 2065 718 per
2099 665 2262 720 opera
2299 655 2437 710 dixit
2469 666 2523 712 et
2571 675 2666 730 per
2715 662 3017 724 doctrinam
3070 672 3306 742 pietatis,
3341 687 3400 734 ut
3440 679 3556 749 ipse

1965 737 2110 793 dicat
2137 742 2202 795 ad
2226 741 2472 811 Petrum,
2496 752 2652 818 quasi
2681 754 2771 823 qui
2802 771 3082 827 nunquam
3107 764 3265 820 abeo
3286 770 3551 835 audisset,

1967 827 2248 892 didicisset
2292 843 2473 890 autem
2529 855 2558 892 a
2609 840 2768 898 Patre
2815 845 2943 914 quia
2979 849 3093 918 ipse
3133 865 3248 909 erat
3296 855 3552 918 Christus

1963 919 2136 977 Filius
2181 923 2274 980 Dei
2324 928 2429 981 vivi
2467 948 2480 984 :
2517 930 2714 987 Beatus
2762 952 2836 998 es,
2875 935 3058 992 Simon
3087 940 3393 1014 Bar-Jona,
3423 953 3551 1021 quia

1963 1030 2066 1067 non
2098 1033 2222 1070 caro
2253 1029 2301 1071 et
2347 1024 2562 1092 sanguis
2603 1027 2850 1081 revelari!
2900 1032 3014 1096 tibi,
3051 1034 3142 1087 sed
3192 1036 3354 1092 Pater
3403 1059 3547 1096 meus

1959 1108 2048 1177 qui
2086 1118 2164 1162 est
2195 1111 2248 1162 in
2277 1113 2422 1168 caelis
2464 1115 2529 1170 ⁸⁸.
2568 1115 2623 1170 Si
2670 1119 2814 1174 enim
2853 1122 2964 1191 ipse
3000 1124 3054 1178 in
3087 1141 3316 1198 corpore
3346 1136 3547 1188 constic

1967 1205 2117 1254 tutus
2144 1203 2432 1260 manifeste
2457 1207 2770 1267 dixissetad
2799 1229 2923 1270 eum
2951 1235 2964 1270 :
2996 1221 3102 1291 Ego
3132 1241 3244 1277 sum
3281 1227 3545 1292 Christus,

1956 1305 2082 1345 caro
2109 1293 2158 1348 ei
2189 1295 2460 1352 rcvelasse
2492 1301 2798 1370 videbatur,
2825 1323 2933 1362 non
2973 1318 3183 1365 tantum
3210 1311 3391 1370 Pater.
3419 1316 3542 1372 Pro-

1959 1386 2141 1446 pterea
2175 1381 2373 1439 suﬂicit
2420 1385 2486 1439 ad
2533 1392 2905 1450 seductionem
2963 1399 3407 1459 antichristorum
3442 1408 3543 1463 hoc

1954 1471 2129 1525 solum
2157 1477 2301 1543 quod
2330 1478 2519 1535 dicunt
2552 1503 2564 1538 :
2601 1482 2714 1554 Ego
2757 1504 2871 1542 sunt
2906 1489 3172 1560 Christus,
3200 1497 3344 1565 quod
3397 1515 3541 1554 nuu-

1953 1580 2116 1633 quam
2167 1565 2418 1629 Christus
2465 1573 2662 1645 legitur
2709 1579 2932 1646 dixisse,
2965 1592 3019 1637 et
3073 1585 3229 1641 multi
3277 1600 3406 1645 sunt
3447 1595 3538 1662 qui

1954 1659 2308 1715 seducuntur.
2344 1663 2484 1718 Lata
2515 1677 2592 1720 est
2619 1671 2762 1724 enim
2794 1683 2947 1742 porta
2969 1689 3017 1728 et
3049 1681 3284 1746 spatiosa
3314 1684 3396 1736 via
3422 1701 3536 1754 qua:

1952 1747 2096 1803 ducit
2130 1752 2200 1804 ad
2245 1754 2616 1820 perditionem,
2650 1771 2698 1813 et
2732 1763 2886 1817 multi
2931 1767 3136 1822 intrant
3185 1788 3279 1840 per
3317 1791 3434 1837 eam
3465 1778 3534 1844 ἰς

1950 1842 2108 1908 pauci
2139 1852 2318 1898 autem
2357 1849 2448 1916 qui
2482 1850 2762 1909 inveniant
2796 1871 2915 1911 eam
2951 1859 3092 1914 viam
3125 1880 3244 1932 qua:
3276 1866 3420 1922 ducit
3465 1871 3533 1923 ad

1950 1933 2109 1986 vitam
2140 1935 2205 1989 ⁵⁵.

2018 2026 2108 2079 34.
2143 2028 2380 2084 Audietis
2409 2044 2583 2089 autem
2617 2039 2826 2107 praelia,
2862 2054 2913 2098 et
2949 2048 3214 2116 opiniones
3252 2053 3298 2083 ⁵⁸
3318 2056 3530 2124 prwlio-

1948 2133 2087 2175 rum.
2147 2119 2324 2176 Videte
2359 2141 2422 2177 ne
2454 2132 2778 2187 terreamini.
2821 2132 3034 2203 Oportet
3065 2142 3202 2195 enim
3242 2143 3354 2199 lucc
3387 2147 3526 2215 ﬁeri,

1945 2211 2036 2264 sed
2075 2212 2307 2266 nondum
2351 2225 2427 2269 est
2473 2219 2595 2286 ﬁnis
2626 2222 2691 2274 ⁸⁷.
2743 2223 2918 2281 Lucas
2964 2239 3147 2286 autem
3199 2235 3302 2291 hoc
3340 2240 3529 2294 modo:

1949 2302 2082 2356 Cum
2109 2306 2388 2360 audieritis
2423 2310 2611 2375 prarlia
2630 2323 2678 2365 et
2702 2316 3004 2385 seditiones,
3027 2339 3090 2374 ne
3123 2328 3425 2381 terreamini
3457 2330 3522 2385 ⁸⁸.

1943 2391 2062 2448 Duo
2088 2396 2361 2465 proponit,
2396 2414 2564 2453 unum
2606 2405 2824 2471 quidem
2857 2409 2931 2464 ita
2963 2429 2977 2465 :
3020 2413 3261 2469 Audietis
3297 2419 3526 2487 praelia;

1941 2486 2170 2542 alterum
2203 2499 2385 2546 autem
2422 2512 2436 2548 :
2474 2497 2785 2552 Auditiones
2817 2504 3146 2569 prreliorum.
3181 2506 3248 2562 Et
3280 2486 3520 2579 primum

1939 2576 2158 2646 quidem
2184 2579 2465 2638 videamus
2488 2589 2790 2643 secundum
2817 2591 3116 2663 simplicem
3143 2599 3519 2670 traditionem,

1947 2670 2247 2726 secundum
2273 2677 2418 2744 quod
2447 2679 2601 2733 multi
2626 2681 2953 2753 intelligunt,
2980 2688 3108 2756 quid
3135 2689 3340 2746 distant
3364 2695 3520 2750 audi-

1937 2759 2113 2817 tiones
2139 2765 2450 2833 prazliorum
2469 2784 2499 2823 a
2521 2773 2743 2840 praeliis.
2763 2773 2913 2831 Pone
2934 2778 3066 2833 mihi
3086 2783 3269 2850 praelia
3286 2799 3407 2840 esse
3427 2788 3518 2841 ubi

1933 2851 2181 2910 civitates
2216 2873 2380 2928 super
2405 2861 2657 2920 civitates
2685 2866 2989 2937 insurgant,
3018 2883 3111 2926 aut
3133 2885 3320 2943 gentes
3344 2881 3518 2946 genti-

1932 2940 2055 3008 bus,
2076 2953 2170 3000 aut
2192 2948 2327 3003 alter
2347 2951 2572 3008 alterius
2593 2971 2703 3010 rem
2729 2959 2905 3024 tollat,
2923 2961 3002 3014 vel
3023 2940 3516 3024 fortiorinterliciat
3570 3029 3572 3031 ,

1930 3028 2150 3092 fortem.
2183 3036 2324 3104 Quid
2357 3055 2488 3111 ergo
2510 3053 2634 3112 post
2661 3047 2842 3114 praelia
2875 3048 3182 3108 auditiones
3211 3055 3514 3125 significent

1927 3122 2552 3192 prteliOruiuiMaxime
2601 3138 2728 3204 quia
2779 3151 2886 3191 non
2933 3147 3017 3195 est
3061 3122 3317 3200 dictum—z
3349 3142 3513 3203 Vide-

1928 3213 2057 3270 bitis
2077 3219 2284 3286 praelia,
2317 3230 2370 3276 et
2402 3225 2636 3282 audietis
2663 3227 2730 3283 de
2766 3229 2987 3299 praeliis,
3018 3233 3110 3288 sed
3137 3236 3396 3308 utrinque
3419 3253 3512 3310 po-

1929 3305 2040 3360 suit
2070 3323 2084 3361 :
2111 3307 2386 3378 Audietis;
2422 3314 2473 3368 id
2505 3326 2607 3380 est,
2643 3327 2696 3372 et
2721 3321 2904 3388 praelia
2935 3324 3189 3392 audietis,
3215 3336 3270 3382 et
3291 3305 3510 3398 praelio-

1926 3413 2046 3452 rum
2075 3401 2382 3460 auditioncs
2411 3408 2666 3465 audietis.
2693 3409 2757 3466 Et
2781 3428 3050 3483 ponamus
3071 3419 3262 3476 audire
3286 3422 3504 3492 quidem

1924 3489 2132 3556 praelia,
2163 3507 2285 3549 esse
2314 3500 2534 3566 quando
2583 3501 2678 3556 filii
2715 3505 2868 3573 pacis
2898 3522 2928 3560 a
2955 3509 3156 3576 praeliis
3191 3513 3506 3571 custodiunt

1925 3581 2114 3637 oculos
2164 3599 2296 3642 suos
2342 3581 2602 3656 mundus,
2637 3603 2697 3648 ut
2739 3612 2847 3651 non
2897 3600 3114 3656 videant
3143 3603 3421 3676 maligna;
3451 3616 3506 3663 et

1919 3673 2178 3740 quoniam
2210 3693 2317 3732 non
2350 3693 2582 3748 possunt
2612 3687 2858 3756 aspicere
2885 3705 3051 3759 super
3074 3691 3290 3750 labares
3321 3707 3375 3752 et
3403 3697 3503 3753 do-

1917 3759 2083 3829 lores,
2115 3767 2345 3824 audiunt
2373 3771 2439 3826 de
2478 3774 2679 3841 praeliis
2716 3777 2897 3846 qualis
2930 3781 3124 3838 civitas
3169 3796 3372 3855 pugnet
3401 3787 3500 3843 ad-

1916 3868 2108 3910 versus
2149 3860 2363 3927 qualem
2414 3864 2712 3933 civitatem,
2745 3878 2841 3924 aut
2884 3872 3062 3941 qualis
3102 3890 3235 3945 gens
3275 3892 3306 3932 a
3347 3879 3495 3948 quali

1913 3958 2255 4017 expugnetur
2280 3961 2460 4022 gente.
2503 3955 2644 4022 Quid
2673 3969 2852 4014 autem
2889 3963 2993 4016 erit
3029 3972 3186 4019 extra
3215 3965 3319 4022 hoc
3355 3968 3494 4025 alte-

1912 4049 2033 4089 rum
2059 4037 2250 4093 audire
2272 4043 2479 4111 praelia,
2509 4054 2563 4099 ct
2589 4047 2777 4124 audire
2808 4050 3116 4109 auditiones
3140 4055 3495 4124 praeliorum?

1911 4112 2046 4182 Vide
2075 4143 2204 4199 ergo
2229 4132 2274 4185 si
2300 4117 2452 4202 potes
2483 4122 2772 4206 (quantum
2803 4142 2872 4196 ad
2905 4143 3307 4214 simplicitatem
3341 4151 3490 4206 verbi

1908 4218 2050 4289 dico)
2075 4222 2235 4277 tarem
2258 4223 2615 4283 differentiam
2639 4227 2803 4286 dare:
2826 4248 2934 4288 non
2964 4244 3048 4290 est
3071 4237 3304 4307 idipsum
3331 4241 3492 4312 longe

1904 4313 2153 4381 praelium
2197 4317 2437 4385 positum
2464 4321 2654 4377 audire
2695 4323 2823 4392 quia
2853 4328 3100 4394 praelium
3132 4341 3234 4395 est,
3262 4333 3486 4402 etjuxta

1902 4404 2150 4473 praelium
2190 4423 2333 4476 esse,
2374 4419 2428 4465 et
2473 4411 2620 4481 ipsas
2654 4415 3020 4483 praeliantium
3057 4403 3234 4500 voces.
3267 4425 3482 4481 audire.

1901 4493 2075 4550 Habet
2101 4494 2231 4568 ergo
2259 4509 2552 4571 utrumque
2573 4519 2726 4558 suam
2759 4493 3235 4577 signiﬁcationem:
3261 4513 3328 4568 Et
3350 4514 3487 4572 forte

2163 4555 2192 4568 υ
2533 4555 2545 4557 ,
2759 4555 3235 4577 --ρηηηηηηνηη
3261 4555 3328 4568 μ.
3350 4555 3483 4572 ,νην

213 4555 339 4626 ejus
387 4561 623 4616 ostendit
656 4564 709 4617 iu
763 4581 840 4620 se.
875 4566 942 4621 Et
983 4575 1463 4641 quemadmodum,
1498 4580 1795 4634 secundum
1829 4590 1874 4650 ι)
1902 4585 1993 4653 qui
2026 4585 2246 4654 quidem
2274 4589 2425 4642 audit
2465 4590 2612 4659 ipsas
2639 4608 2801 4648 voces
2834 4611 2956 4667 quae
2996 4597 3129 4651 ﬁunt
3169 4599 3223 4653 in
3261 4602 3483 4670 praeliis,

211 4651 490 4719 quosdam
550 4653 828 4713 Barabbas
879 4661 1162 4719 dicebatur
1213 4666 1476 4735 etJesus,
1511 4670 1603 4723 sed
1653 4671 1794 4727 latro

208 4751 334 4796 erat
383 4743 517 4799 nihil
568 4749 776 4806 habens
824 4750 953 4807 Jesu
985 4766 1180 4824 praeter
1208 4775 1427 4828 nomen,
1471 4762 1551 4816 sic
1587 4765 1793 4821 multos

205 4835 469 4891 existimo
501 4839 758 4908 christos,
793 4847 883 4900 scd
918 4850 1140 4903 nomine
1177 4860 1405 4907 tantum.
1441 4852 1577 4908 Nota
1608 4865 1790 4911 autem

198 4929 471 4996 quoniam
508 4948 776 5004 nusquam
812 4939 1088 4994 invenitur
1112 4943 1377 4999 Dominus
1409 4946 1462 4999 in
1492 4946 1791 5017 Scripturis

202 5019 318 5074 hoc
349 5021 466 5090 ipso
491 5038 744 5081 sermone
774 5039 954 5096 utens,
987 5041 1040 5086 et
1068 5033 1253 5089 dicens
1295 5053 1308 5090 :
1342 5035 1453 5106 Ego
1479 5055 1598 5092 sum
1629 5041 1783 5094 Chri-

199 5118 348 5175 stus,
390 5121 449 5166 ut
477 5129 544 5170 ne
587 5117 762 5173 simile
795 5119 999 5189 aliquid
1045 5121 1188 5177 dicat
1223 5125 1408 5180 multis
1449 5129 1692 5184 venturis
1729 5129 1782 5183 in

197 5201 429 5256 nomine
468 5203 586 5274 ejus
616 5216 780 5278 atque
812 5208 1129 5267 dicentibus
1156 5231 1169 5267 :
1215 5214 1324 5284 Ego
1356 5232 1476 5271 sum
1505 5216 1778 5274 Christus.

195 5290 559 5351 Suﬂiciebant
585 5300 728 5354 enim
756 5302 803 5355 ei
850 5304 915 5357 ad
959 5304 1294 5361 credentium
1329 5307 1489 5363 tidem
1517 5311 1779 5379 quoniam

191 5398 320 5456 ipse
359 5397 443 5442 est
487 5388 761 5458 Christus,
792 5409 954 5464 opera
1003 5397 1098 5453 Dei
1125 5416 1246 5468 qua:
1273 5402 1422 5456 solus
1457 5411 1669 5471 poterat
1697 5402 1781 5457 fa-

189 5491 326 5533 cere
379 5479 650 5550 Christus,
695 5494 748 5539 et
773 5502 953 5541 sermo
995 5506 1154 5558 quem
1200 5493 1446 5558 docebat,
1481 5505 1534 5550 et
1585 5496 1780 5562 virtus,

187 5583 366 5639 Super
395 5572 540 5628 mille
565 5589 726 5631 voces
759 5577 1058 5636 clamantes
1094 5600 1106 5636 :
1143 5582 1254 5654 Ego
1287 5603 1404 5639 sum
1433 5586 1677 5644 Christus
1707 5591 1775 5642 δ’,

265 5774 495 5868 2.12m};
523 5780 741 5868 “1,25.
817 5783 1076 5868 "Ihlatth.
1106 5805 1201 5855 vn,
1233 5792 1324 5868 εἳ.
1392 5794 1433 5825 ⁵¹
1460 5795 1593 5868 ibid.
1625 5799 1713 5852 95.
1787 5803 1834 5833 θ’
1864 5801 2052 5856 Matth.
2082 5819 2233 5868 xxw,
2268 5803 2319 5858 5.

184 5845 237 5876 ⁵⁵
258 5845 398 5901 ibid.
427 5846 513 5902 M.
589 5851 636 5883 ⁸⁶
659 5853 730 5907 al.
770 5857 1091 5926 auditiones,
1125 5845 1280 5918 et'sic
1305 5881 1427 5920 mox
1458 5845 1747 5940 itiiéipiés.
1822 5873 1865 5905 ⁸⁷
1893 5873 2088 5930 Matth.
2126 5845 2276 5946 κκιῖι,
2327 5874 2380 5931 6.

1902 4676 2054 4730 audit
2080 4677 2287 4747 praelia;
2307 4680 2398 4749 qui
2425 4691 2603 4736 autem
2629 4682 2696 4738 de
2721 4686 2922 4753 praeliis
2949 4687 3106 4758 longe
3127 4691 3293 4759 gestis
3310 4694 3482 4759 audit,

1900 4768 2210 4825 auditiones
2257 4773 2408 4826 audit
2440 4775 2750 4842 praeliorum
2783 4795 2796 4831 :
2832 4793 2930 4833 nec
2958 4781 3102 4834 enim
3146 4784 3260 4850 ipsa
3295 4785 3478 4854 praelia

1898 4858 2069 4912 audit.
2104 4859 2239 4914 Cum
2289 4861 2399 4917 sint
2448 4873 2628 4919 autem
2677 4882 2960 4924 sermones
3004 4873 3268 4942 ambigui,
3303 4884 3481 4944 potest

1897 4956 2019 5022 quis
2045 4970 2110 5008 ex
2140 4957 2354 5012 diverso
2381 4958 2582 5022 dicere,
2616 4961 2875 5028 quoniam
2921 4963 3013 5031 qui
3055 4964 3212 5031 longe
3253 4967 3474 5033 quidem

1893 5052 1997 5108 est,
2033 5045 2269 5120 amplius
2312 5046 2464 5100 audit
2503 5048 2570 5100 de
2617 5047 2768 5113 illis;
2824 5052 2916 5119 qui
2968 5059 3148 5104 autem
3197 5061 3280 5106 est
3320 5054 3474 5122 juxta

1891 5115 2301 5202 praelia,'audit
2355 5136 2598 5205 ipsorum
2655 5138 2965 5207 praeliorum
3022 5141 3349 5198 auditiones.
3413 5144 3471 5198 lu

1888 5238 2123 5297 utroque
2149 5243 2282 5298 ergo
2314 5229 2530 5284 videtur
2568 5245 2690 5286 esse
2720 5233 2922 5302 aliquis
2951 5232 3268 5290 dill‘ereutiae
3309 5237 3469 5293 intel-

1885 5317 2078 5374 lectus.

1953 5409 2041 5463 55.
2070 5409 2321 5466 Ascende
2349 5427 2498 5468 nunc
2522 5413 2588 5468 ad
2613 5414 2872 5470 moralem
2908 5414 3241 5471 intellectum
3271 5425 3326 5473 et
3354 5416 3469 5488 spi-

1880 5501 2117 5568 ritalem,
2168 5502 2214 5557 si
2262 5518 2372 5572 quo
2423 5506 2586 5559 modo
2625 5507 2806 5576 possis
2851 5507 3088 5578 aliquem
3135 5523 3358 5564 sensum
3397 5512 3467 5565 de

1879 5592 2174 5648 eminentia
2224 5594 2466 5651 scientiae
2494 5597 2721 5664 Christi,
2749 5607 2805 5653 et
2846 5599 2914 5655 de
2957 5599 3258 5656 subtilitate
3293 5616 3463 5657 evan-

2381 5804 2427 5838 ⁸³
2448 5805 2638 5883 Matth.
2667 5821 2782 5871 xvr,
2811 5807 2898 5883 t7_.
2974 5809 3018 5842 “
3039 5809 3227 5868 Matth.
3248 5827 3345 5883 vn,
3365 5815 3455 5871 15.

2462 5878 2505 5909 ⁵⁸
2553 5876 2683 5934 Luc.
2710 5892 2826 5947 xm,
2861 5880 2910 5935 9.
