4004 6530
512 382 643 438 1057

1698 390 2020 449 ORIGENIS
2060 391 2126 448 IN
2167 391 2583 452 ΜΔΤΤΗᾹΞΠΜ

3633 411 3780 466 1618

507 501 822 574 gelistarum
861 491 1110 561 invenire
1135 506 1382 577 dignum,
1416 515 1473 560 ut
1509 523 1615 562 non
1651 509 1893 580 deponas
1917 526 2082 566 evan-
2113 515 2155 571 Α
2186 521 2238 567 et
2271 527 2378 566 non
2414 517 2712 569 secundum
2745 515 3051 582 Christum.
3086 525 3446 583 exercitantes
3473 529 3687 599 seipsos
3717 533 3778 588 in

507 595 694 666 gelica:
710 596 989 667 sapientia:
1007 597 1348 669 dignitatem.
1370 596 1503 654 Vide
1519 615 1646 670 ergo
1668 601 1712 656 si
1739 605 2088 660 recordantes

503 705 568 744 ea
590 704 711 758 quae
734 690 984 759 superius
1012 690 1207 744 tradita
1230 699 1359 745 sunt
1381 691 1446 746 de
1468 707 1533 748 eo
1559 693 1702 762 quod
1732 693 1867 748 ait"
1889 713 1902 748 :
1928 695 2088 750 Multi

503 783 706 836 uenient
747 783 799 834 in
841 782 1050 834 nomine
1084 799 1194 836 meo
1226 784 1454 837 dicentes
1481 798 1500 836 :
1527 781 1638 854 Ego
1664 801 1778 838 sum
1820 785 2082 853 Christus,

499 883 550 928 et
609 873 805 926 mullos
859 872 1129 940 sedarent,
1195 889 1490 944 possumus
1545 875 1844 930 secundum
1890 891 2080 931 eorum

497 963 946 1034 consequentiam
974 965 1134 1018 etiam
1167 965 1267 1020 ista
1301 965 1666 1035 interpretari.
1698 965 1890 1022 Omnis
1919 968 2084 1036 igitur

501 1057 595 1126 qui
627 1055 902 1127 perfectus
937 1064 1040 1117 est,
1079 1064 1132 1110 ct
1159 1058 1303 1112 videt
1338 1059 1390 1112 in
1423 1060 1662 1114 animam
1700 1075 1853 1114 suam
1888 1061 2082 1131 glorio-

501 1140 622 1201 sum
647 1146 934 1200 adventum
961 1145 1145 1210 Verbi,
1170 1147 1314 1216 quod
1333 1148 1633 1217 corrumpit
1655 1157 1708 1203 et
1729 1159 2077 1205 consummat

500 1237 789 1301 mundum,
819 1247 870 1291 et
899 1238 1167 1308 cruciﬁgit
1195 1254 1319 1293 eum
1349 1239 1467 1294 viro
1486 1241 1658 1311 justo,
1689 1248 1751 1296 ut
1774 1241 2073 1296 moriantur

499 1326 554 1381 in
584 1342 651 1382 eo
697 1342 886 1382 omnes
918 1345 1004 1383 res
1035 1328 1362 1397 mundiales,
1393 1339 1447 1384 et
1499 1332 1591 1400 qui
1624 1333 1952 1388 exercitatos
1983 1334 2074 1388 ha-

496 1419 587 1473 bet
625 1434 821 1474 sensus
870 1421 935 1474 ad
975 1423 1322 1490 capiendum,
1358 1438 1582 1478 necesse
1609 1430 1695 1478 est
1727 1432 1787 1477 ut
1827 1440 2075 1494 quaerens

494 1521 547 1566 et
576 1512 894 1576 discutiens,
932 1514 984 1567 in
1025 1513 1192 1568 multa
1225 1513 1466 1571 incurrat
1505 1516 1820 1588 dogmatum
1856 1518 2070 1589 praelia;

493 1603 680 1658 audiet
718 1605 881 1659 etiam
931 1607 1133 1664 multos
1178 1608 1494 1675 proﬁtentes
1537 1610 1854 1676 veritatem,
1906 1610 2074 1684 854

492 1705 546 1750 et
573 1695 819 1750 diversas
848 1696 913 1750 de
938 1713 1000 1751 ea
1032 1699 1356 1753 traditiones
1389 1716 1403 1753 :
1438 1708 1498 1754 ut
1524 1700 1668 1756 sicut
1704 1702 1880 1758 bonus
1912 1703 2070 1757 miles

492 1786 1095 1844 Verbi'iuvulnerabilis
1125 1790 1308 1843 animo
1333 1800 1551 1846 maneat
1572 1793 1641 1847 ab
1666 1793 1921 1848 omnibus
1949 1808 2069 1863 pro-

491 1880 772 1936 ﬁtentibus
828 1882 1144 1948 veritatem,
1201 1897 1308 1936 non
1369 1893 1548 1938 autem
1597 1885 1904 1940 videntibus
1947 1901 2067 1940 eam

496 1986 662 2043 ..eque
689 1972 1189 2038 manifestantibus,
1220 1975 1312 2030 sed
1337 1977 1611 2031 contraria
1635 1977 1882 2032 veritatis
1909 1977 2067 2047 quasi

485 2065 774 2120 veritatem
837 2067 1368 2136 pronuntiantibus,
1433 2075 1487 2124 et
1543 2069 1742 2139 dignus
1803 2067 2068 2124 eﬂiciatur

486 2159 766 2230 suscipere
792 2160 845 2214 in
873 2161 1110 2216 animam
1138 2179 1292 2217 suam
1323 2161 1617 2235 gloriosum
1642 2161 1844 2218 Christi
1873 2162 2066 2218 adven-

485 2259 624 2314 tum,
660 2251 961 2307 secundum
993 2254 1138 2322 quod
1172 2261 1256 2308 est
1301 2253 1444 2308 Deus
1479 2250 1742 2319 Verbum,
1772 2253 1916 2323 quod
1962 2251 2067 2306 luit

485 2342 540 2397 in
571 2343 839 2414 principio
876 2345 1019 2415 apud
1060 2344 1252 2411 Deum,
1286 2346 1430 2416 quod
1472 2345 1612 2401 solet
1651 2346 1837 2400 venire
1871 2345 1939 2400 ad
1968 2360 2064 2401 eos

482 2435 619 2506 qui,
678 2445 967 2508 postquam
1025 2437 1383 2508 cognoverint
1432 2436 1710 2492 Christum
1762 2435 2060 2492 secundum

483 2539 729 2591 carnem,
770 2534 824 2579 et
869 2525 1210 2595 susceperint
1257 2525 1495 2580 Verbum
1543 2525 1690 2596 quod
1736 2523 1939 2580 factum
1979 2532 2064 2578 est

480 2629 632 2682 caro,
673 2624 883 2671 tantum
912 2618 1214 2673 ascendunt
1255 2633 1367 2689 pra:
1400 2618 1608 2684 multis,
1638 2624 1700 2672 ut
1730 2617 1944 2688 possint
1967 2631 2059 2671 ca-

481 2720 608 2774 pere
633 2723 740 2763 non
773 2708 1210 2779 qualemcunque
1236 2709 1489 2780 gloriam,
1521 2707 1614 2763 sed
1646 2707 1872 2777 gloriam
1902 2706 2060 2778 quasi

481 2795 638 2854 Unici
671 2813 702 2853 a
736 2797 916 2854 Patre.
951 2798 1257 2854 Etl‘orsitan
1277 2799 1430 2872 a[in]
1461 2798 1690 2854 diversis
1718 2797 1904 2865 gloriis
1931 2795 2061 2852 Ver-

477 2889 610 2945 bum
641 2890 736 2946 Dei
771 2900 1016 2962 apparet,
1047 2893 1364 2946 sccundum.
1401 2893 1654 2946 virtutem
1706 2890 2060 2959 uniuscujus-

476 2996 584 3052 que
629 2982 826 3037 animae
869 2982 1125 3049 videntis,
1164 2981 1464 3037 secundum
1517 2979 1661 3050 quod
1708 2994 1768 3036 se
1800 2994 2055 3049 capacem

477 3073 659 3129 anima
691 3090 1035 3145 unaquaeque
1065 3076 1378 3145 prrebuerit.
1409 3072 1469 3126 Ei
1502 3089 1632 3144 ergo
1658 3073 1748 3144 qui
1784 3071 2056 3142 perlectus

475 3175 577 3232 cst,
600 3176 668 3222 ει·
686 3168 752 3223 ad
782 3167 1308 3223 consummationem
1361 3166 1545 3220 saeculi
1593 3167 1840 3235 pervenit
1880 3181 2054 3234 quan-
2080 3203 2126 3264 ο

477 3267 592 3312 tum
641 3257 710 3312 ad
759 3274 838 3324 se,
873 3259 980 3313 tale
1025 3265 1249 3326 apparet
1300 3255 1556 3319 Verbum,
1608 3265 1667 3310 ut
1715 3256 1804 3324 qui
1859 3255 2054 3310 viderit

475 3364 624 3411 cum,
673 3349 864 3404 dicat:
923 3347 1164 3402 Vidimus
1197 3348 1422 3416 gloriam
1469 3349 1605 3417 ejus,
1647 3347 1868 3417 gloriam
1902 3347 2056 3418 quasi

481 3439 636 3494 Uuici
663 3457 695 3492 a
735 3439 914 3506 Patre,
937 3439 1148 3507 plenum
1180 3441 1357 3510 gratia
1395 3450 1444 3495 et
1485 3440 1702 3493 veritate
1737 3439 1801 3493 °°.
1835 3437 1976 3509 Ergo
2008 3438 2054 3493 si

476 3534 602 3604 quis
626 3533 822 3603 dignus
848 3533 1130 3588 habendus
1161 3540 1244 3587 est
1275 3542 1336 3586 ut
1358 3533 1462 3587 tale
1493 3532 1756 3602 suscipiat
1790 3529 2051 3598 Verbum,

475 3633 530 3678 et
559 3623 759 3688 videat,
791 3638 1016 3679 necesse
1056 3623 1221 3678 habet
1257 3633 1382 3678 ante
1425 3622 1740 3692 hujusmodi
1787 3622 2052 3677 visionem

475 3714 636 3770 Verbi
667 3716 855 3772 audire
881 3716 935 3770 in
979 3715 1161 3770 anima
1189 3731 1288 3770 sua
1312 3716 1492 3786 praelia
1521 3732 1534 3779 ;
1569 3730 1663 3785 per
1683 3715 1818 3771 alios
1868 3724 2049 3770 autem

473 3807 566 3876 qui
600 3806 760 3876 quasi
806 3805 1089 3861 veritatem
1132 3815 1387 3862 asserunt
1428 3806 1690 3876 quidquid
1739 3805 1848 3861 illis
1888 3805 2052 3860 fuerit

473 3898 674 3963 visum,
702 3897 1012 3967 praeliorum
1039 3897 1367 3953 auditiones.
1393 3897 1460 3952 Et
1489 3898 1625 3952 bene
1650 3897 1899 3952 Salvator
1926 3913 2051 3967 pro-

471 3990 780 4046 ﬁcientibus
809 3990 874 4043 ad
903 3987 1202 4060 perlectum
1237 3989 1540 4059 discipulis,
1573 3999 1860 4059 postquam
1893 3989 2048 4044 locu-

473 4091 562 4136 tus
611 4089 696 4136 est
727 4081 794 4136 de
842 4081 1059 4150 prazliis,
1099 4080 1517 4152 superaddidit:
1586 4079 1786 4144 Videte,
1834 4091 1888 4135 et
1934 4094 2045 4134 non

471 4171 610 4228 dixit
641 4192 655 4226 :
703 4171 917 4238 Audite,
945 4171 1174 4226 hortans
1204 4185 1300 4226 eos
1329 4171 1596 4227 sollicitos
1623 4187 1746 4226 esse
1781 4179 1840 4226 ut
1871 4172 2045 4227 oculis

470 4263 666 4316 anima:
712 4262 919 4331 possint
959 4261 1164 4328 videre,
1212 4270 1498 4331 postquam
1545 4261 1819 4316 audierint
1860 4261 2042 4331 praelia

470 4364 522 4409 et
543 4355 852 4410 auditiones
875 4355 1207 4425 praeliorum,
1238 4355 1575 4426 singulorum
1601 4370 1722 4425 qua:
1746 4355 2044 4410 audiuntur

470 4443 821 4510 naturam,’et
854 4445 1096 4502 videntes
1123 4461 1242 4500 eam
1271 4462 1375 4500 non
1406 4455 1712 4500 terreantur
1741 4465 1757 4500 :
1781 4446 2040 4515 quoniam

2193 604 2278 660 bis
2326 622 2448 687 qure
2482 607 2760 675 dicuntur,
2791 623 3040 680 quierunt
3081 625 3134 670 et
3175 619 3412 687 cogitant
3440 623 3771 679 mandatum

2189 697 2408 753 Christi'
2429 685 2658 756 dicentis
2690 719 2702 754 :
2744 701 2943 768 Videte,
2969 715 3023 760 et
3059 685 3487 778 videntiquidem
3521 729 3648 782 qua:
3680 716 3776 768 di-

2187 799 2407 856 cuntur,
2442 791 2685 847 videntes
2714 802 2897 849 autem
2931 812 3055 851 cum
3105 801 3587 858 verisimilitudine
3616 821 3778 859 men-

2185 880 2363 944 dacia,
2407 897 2517 936 non
2568 884 2926 950 seducuntur,
2965 889 3057 942 sed
3107 901 3328 960 sperant
3371 894 3490 948 sine
3537 896 3774 952 vulnere

2185 971 2374 1026 talium
2407 973 2714 1043 przeliorum
2744 979 3040 1047 gloriosum
3077 983 3364 1038 adventum
3396 986 3581 1041 videre
3606 988 3774 1042 Chri-

2183 1063 2275 1125 Sli,
2309 1062 2401 1131 qui
2443 1072 2526 1118 est
2562 1062 2799 1120 Verbum
2833 1084 2848 1120 :
2893 1068 3128 1122 maxime
3157 1070 3201 1124 si
3245 1071 3530 1128 audientes
3562 1089 3770 1128 secun-

2182 1154 2556 1222 duntCln-isti
2604 1157 2918 1212 mandatum
2960 1159 3140 1228 praelia
3185 1170 3238 1216 et
3279 1162 3591 1218 auditiones
3627 1181 3766 1234 pra:-

2181 1247 2413 1311 liorum,
2458 1250 2660 1303 nullam
2706 1252 3167 1320 perturbationem
3215 1256 3414 1311 anima:
3454 1258 3764 1327 patiantur.

2178 1341 2272 1394 sed
2324 1343 2425 1395 sub
2457 1359 2586 1410 pare
2638 1342 2727 1396 Dei
2761 1345 3011 1413 protecti,
3057 1361 3180 1415 qua:
3219 1348 3455 1402 custodit
3497 1348 3666 1402 corda
3707 1361 3763 1402 et

2178 1447 2374 1487 sensus
2407 1435 2720 1501 dignorum,
2756 1451 2864 1489 non
2911 1434 3114 1490 fuerint
3153 1438 3345 1491 territi.
3383 1437 3438 1491 Si
3489 1439 3620 1508 quis
3661 1454 3764 1493 an-

2177 1530 2282 1576 tem
2315 1525 2544 1579 audiens
2569 1527 2751 1595 pracla
2783 1536 2838 1580 et
2871 1527 3178 1582 auditiones
3203 1529 3535 1597 praeliorum,
3561 1545 3734 1584 secnn

2173 1615 2301 1670 dum
2355 1617 2499 1686 quod
2555 1617 2948 1686 exposuimus,
3006 1633 3114 1672 non
3166 1617 3330 1673 fuerit
3375 1619 3645 1677 sollicitus
3690 1619 3758 1673 ad

2172 1708 2463 1762 videndum
2495 1723 2557 1762 ea
2588 1724 2708 1777 quzc
2738 1708 2994 1763 dicuntur
3024 1709 3078 1763 in
3105 1710 3334 1765 diversis
3375 1711 3762 1764 verisimiﬂtu-

2171 1798 2412 1862 dinibus,
2444 1807 2498 1853 et
2538 1799 2664 1869 quia
2713 1815 2819 1853 non
2873 1800 2975 1854 luit
3019 1801 3289 1856 sollicitus
3333 1801 3401 1856 ad
3431 1802 3753 1869 videndum,

2170 1893 2390 1948 territus
2434 1892 2615 1958 fuerit,
2649 1909 2756 1947 non
2795 1894 2973 1948 solum
3017 1894 3319 1964 decipietur
3360 1912 3391 1950 a
3429 1897 3621 1951 multis
3655 1912 3752 1952 ve-

2167 1987 2442 2040 nientibus
2491 1985 2544 2038 in
2592 1989 2812 2040 nomine
2845 1987 3068 2052 Christi,
3111 1996 3164 2042 et
3213 1989 3524 2044 dicentibus
3570 2008 3584 2044 :
3641 1990 3753 2060 Ego

2164 2088 2280 2124 sum
2305 2069 2548 2126 Christus
2577 2071 2643 2136 ",
2679 2088 2866 2127 verum
2889 2074 3053 2128 etiam
3078 2075 3434 2132 interﬁcietur
3459 2078 3530 2131 ab
3560 2079 3755 2148 hujus-

2164 2161 2310 2216 modi
2362 2163 2559 2234 gladiis
2618 2163 2944 2219 insanabilia
3002 2167 3309 2236 suscipiens
3358 2169 3631 2233 vulnera;
3683 2170 3751 2225 de

2163 2255 2363 2326 quibus
2394 2257 2586 2325 gladiis
2630 2257 2833 2311 dictum
2873 2267 2959 2312 est
3004 2276 3018 2313 :
3053 2257 3352 2314 Vulnerant
3379 2261 3570 2330 gladii,
3602 2278 3741 2330 quo-

2164 2363 2284 2402 rum
2326 2349 2553 2402 vulnera
2595 2349 2922 2418 sapientium
2967 2351 3165 2421 lingua:
3203 2352 3382 2408 solent
3419 2369 3642 2409 sanare.
3679 2353 3743 2408 lli

2161 2444 2340 2489 autem
2377 2435 2469 2504 qui
2507 2437 2926 2505 perturbantur,
2959 2448 3013 2493 et
3055 2440 3181 2510 quia
3224 2456 3333 2495 non
3373 2442 3480 2496 sibi
3528 2447 3744 2513 prospi-

2161 2525 2334 2590 ciunt,
2368 2524 2421 2578 in
2471 2525 2786 2595 bujusmodi
2835 2529 3076 2598 praelium
3109 2532 3332 2598 cadunt,
3373 2533 3451 2587 illi
3489 2543 3623 2594 sunt
3650 2537 3741 2603 qui

2161 2616 2215 2668 in
2259 2616 2397 2670 valle
2431 2614 2563 2670 Sion
2610 2617 2969 2672 vulnerantur
2993 2628 3048 2674 et
3078 2621 3412 2687 moriuntur,
3441 2624 3512 2678 de
3538 2625 3745 2694 quibus

2159 2707 2290 2760 dicit
2320 2706 2600 2776 Scriptura
2635 2708 2679 2739 ⁶²
2715 2724 2730 2762 :
2778 2706 3052 2763 Vulnerati
3093 2713 3171 2764 tui
3195 2729 3298 2766 non
3322 2715 3590 2769 vulnerati
3626 2717 3744 2786 gla-

2158 2799 2268 2864 dio,
2304 2815 2395 2852 nec
2429 2799 2625 2852 mortui
2652 2798 2730 2852 tui
2758 2803 2956 2854 mortui
2991 2803 3044 2854 in
3083 2803 3239 2859 bello.
3266 2803 3342 2859 De
3369 2806 3577 2875 quibus
3601 2821 3746 2863 nunc

2159 2899 2369 2945 tantum
2400 2891 2706 2962 signiﬁcare
2733 2903 2947 2962 oportet
2973 2909 3074 2948 nos
3113 2912 3126 2948 :
3161 2895 3254 2950 sed
3288 2912 3395 2951 non
3432 2899 3740 2968 cujuscun-

2157 2996 2263 3051 que
2292 2983 2531 3040 hominis
2555 3000 2679 3040 esse
2726 3001 3032 3056 praeparare
3068 2987 3133 3041 ad
3185 2987 3520 3042 audiendum
3557 2991 3743 3060 pra2lia

2157 3085 2209 3128 et
2245 3076 2556 3130 auditiones
2597 3077 2930 3147 praeliorum,
2965 3085 3023 3131 ut
3051 3077 3279 3133 audiens
3313 3079 3520 3146 videat,
3549 3091 3604 3134 et
3635 3097 3738 3135 non

2158 3176 2445 3231 terreatur,
2473 3167 2566 3222 sed
2603 3169 2704 3222 viri
2735 3167 2957 3239 perfecti
2981 3171 3034 3222 In
3061 3168 3301 3236 Christo,
3324 3169 3377 3223 in
3410 3185 3580 3226 carne
3615 3173 3740 3241 qui-

2157 3259 2279 3312 dem
2308 3258 2562 3327 viventis,
2589 3274 2693 3314 non
2746 3270 2924 3314 tamen
2974 3260 3271 3317 secundum
3320 3278 3547 3317 carnem
3597 3264 3738 3318 mili-

2156 3348 2354 3412 tantis;
2387 3348 2546 3416 cujus
2598 3349 2806 3403 militiae
2847 3365 2999 3404 arma
3048 3366 3154 3405 non
3190 3361 3316 3407 sunt
3345 3353 3612 3417 carnalia,
3641 3353 3732 3406 scd

2155 3433 2313 3510 fortia
2344 3433 2475 3498 Deo,
2505 3449 2558 3490 et
2601 3437 2835 3492 valentia
2881 3439 3162 3494 destruere
3195 3442 3528 3496 munitiones
3557 3453 3609 3497 et
3638 3459 3732 3497 co-

2153 3526 2442 3596 gitationes
2477 3519 2853 3582 extollentium
2890 3544 2947 3584 se
2991 3531 3250 3586 adversus
3285 3533 3573 3586 scientiam
3614 3533 3726 3586 Dei.

2151 3612 2286 3669 Nam
2338 3617 2638 3672 secundum
2681 3615 3052 3684 Salomonem,
3081 3621 3280 3674 multas
3311 3621 3566 3676 civitates
3611 3638 3726 3674 mu-

2152 3707 2296 3762 nitas
2335 3706 2603 3762 bzeresnm
2633 3709 2890 3764 suasione
2936 3711 3224 3764 verborum
3257 3714 3503 3767 ascendit
3524 3715 3609 3766 vir
3645 3731 3726 3768 sa-

2151 3800 2325 3870 piens,
2363 3811 2416 3855 et
2459 3800 2759 3856 ascendens
2807 3801 3076 3857 destruxit
3122 3804 3484 3858 munitionem
3531 3805 3589 3859 in
3624 3820 3724 3876 qua

2151 3893 2302 3963 impii
2351 3892 2718 3948 conﬁdebant.
2765 3892 2966 3948 Paulus
3015 3895 3310 3960 destruxit,
3357 3897 3451 3965 qui
3507 3909 3724 3966 paratus

2150 3983 2328 4040 fuerat
2361 3985 2426 4039 ad
2459 3983 2882 4040 destrui-tionem
2919 3985 3196 4040 civitatum
3235 3987 3598 4052 munitarum,
3628 3990 3722 4044 ad-

2147 4077 2481 4133 versantium
2513 4079 2743 4133 veritati.
2769 4077 2870 4144 Qui
2897 4080 3020 4134 talis
3049 4089 3151 4142 est,
3179 4090 3468 4150 postquam
3492 4081 3721 4135 audierit

2147 4169 2330 4237 prtelia
2375 4179 2429 4223 et
2477 4169 2784 4232 auditiones
2829 4169 3162 4238 praeliorum,
3207 4171 3418 4234 videns,
3467 4181 3523 4224 et
3565 4171 3718 4240 quasi

2146 4260 2364 4330 sapiens
2411 4261 2708 4316 ascendens
2758 4276 2920 4330 super
2967 4262 3215 4317 civitates
3258 4263 3519 4328 munitas,
3547 4273 3605 4318 et
3628 4265 3719 4317 de-

2145 4362 2364 4408 strucns
2412 4353 2746 4408 munitiones
2792 4353 2846 4405 in
2909 4352 3110 4420 quibus
3153 4354 3302 4422 impii
3354 4355 3713 4418 conti-labant,

2145 4443 2376 4499 laudans
2399 4443 2570 4498 Deum
2599 4453 2651 4498 et
2680 4443 2882 4514 gratias
2913 4458 3080 4514 agens
3109 4442 3239 4509 Deo,
3259 4454 3311 4498 et
3339 4459 3368 4497 a
3394 4460 3506 4514 quo
3533 4445 3715 4498 didicit

471 4538 598 4598 talia
637 4536 992 4608 intelligibilia
1029 4536 1213 4606 praelia
1242 4536 1419 4590 solent
1449 4536 1502 4589 in
1535 4536 1765 4591 diversis
1810 4551 2040 4606 perslta-
2074 4537 2116 4591 D
2147 4537 2271 4591 talia
2320 4536 2502 4604 praelia
2547 4535 2802 4605 praeliari,
2849 4545 2902 4590 et
2951 4550 3170 4590 servare
3215 4535 3531 4589 mandatum
3573 4536 3711 4606 quod

469 4629 717 4684 sionibus
755 4643 1042 4684 occurrere
1073 4626 1380 4682 hominibus
1401 4626 1588 4697 justis,
1615 4634 1669 4680 et
1709 4626 2042 4681 conturbare

468 4727 524 4773 et
571 4732 915 4774 commovere
961 4717 1174 4772 animas
1218 4731 1409 4771 eorum
1458 4717 1527 4771 ad
1577 4716 1936 4772 dubitandum
1972 4731 2040 4772 ne

469 4806 608 4863 forte
641 4822 768 4861 vera
805 4806 914 4862 sint
959 4822 1080 4875 quze
1104 4806 1420 4860 verisimilia
1453 4820 1574 4861 esse
1602 4806 1875 4870 videntur,
1913 4823 2037 4863 cum

469 4897 578 4954 sint
607 4897 763 4964 l'alsa,
796 4907 891 4952 aut
917 4907 1062 4953 certe
1089 4897 1172 4951 vel
1201 4897 1269 4952 ad
1301 4897 1628 4952 credendum
1674 4898 1754 4953 eis
1802 4897 2039 4969 perfecte

467 4990 623 5061 quasi
651 4991 817 5046 veris.
848 4989 1127 5060 Quotquot
1155 5005 1285 5060 ergo
1312 4989 1735 5060 proﬁciscuntur
1762 4990 1830 5044 ad
1862 4991 2038 5060 perle-

466 5085 700 5139 ctiouem
751 5099 874 5154 qua?
903 5093 984 5140 est
1014 5084 1068 5137 in
1102 5082 1344 5147 Christo,
1376 5092 1428 5139 et
1473 5081 1540 5137 ad
1571 5084 2037 5140 conversationem

465 5174 705 5231 ccelcstis
734 5173 1008 5238 Ecclesiae,
1049 5189 1172 5230 cum
1207 5173 1477 5229 audierint
1507 5172 1689 5244 praelia
1736 5173 2032 5239 haeresum,

464 5283 584 5337 qua:
612 5267 877 5323 adversus
905 5282 1086 5322 veram
1133 5266 1293 5321 ﬁdem
1327 5273 1381 5321 et
1411 5265 1671 5320 adversus
1703 5265 1913 5336 seipsos
1951 5266 2036 5320 in-

464 5359 638 5414 vicem
661 5359 992 5429 praeliantur,
1011 5369 1065 5413 et
1089 5359 1362 5414 audierint
1383 5357 1690 5413 auditiones
1716 5358 2027 5428 praeliorum

463 5449 841 5520 philosolsbiae,
873 5461 926 5506 et
959 5465 1112 5506 vanae
1151 5450 1485 5507 seductionis
1523 5449 1820 5504 secundum
1857 5451 2031 5505 tradi-

464 5539 666 5597 tionem
693 5541 1312 5608 bominum,secundum
1335 5541 1600 5597 elementa
1632 5541 1793 5613 hujus
1817 5543 2028 5607 mundi,

533 5749 582 5824 ξ·
599 5747 793 5824 ριθιιιι.
820 5749 1043 5824 xxiv,_5.
1089 5748 1331 5824 __'°Joan.
1354 5766 1394 5817 ι,
1423 5752 1599 5824 14.]⁶¹
1624 5753 1813 5810 Matth.
1833 5751 2052 5822 xxrv,5.
2129 5753 2173 5786 "
2200 5750 2302 5806 lsa.
2335 5763 2473 5814 xxn,
2502 5749 2556 5804 2.
2615 5747 2877 5805 “Jercm.
2897 5763 2972 5816 vt,
3005 5747 3060 5804 4.

466 5821 508 5851 ⁸⁵
536 5821 555 5873 l
597 5817 727 5889 Reg.
754 5835 879 5886 xxv,
919 5819 1007 5874 28.
1084 5821 1129 5854 “
1155 5837 1276 5891 cap.
1304 5837 1355 5876 x.

2143 4628 2219 4681 ait
2269 4645 2282 4680 :
2317 4625 2658 4695 Sanctiﬁcate
2685 4625 2878 4678 bellant
2911 4625 2975 4690 ",
3005 4625 3203 4679 clamat
3249 4634 3302 4679 et
3332 4625 3464 4679 dicit
3507 4645 3520 4679 :
3553 4625 3711 4679 Bent-

2141 4717 2313 4771 dictus
2369 4716 2622 4770 Dominus
2691 4715 2827 4768 Deus
2887 4715 2976 4782 qui
3027 4716 3175 4769 docet
3233 4732 3421 4767 manus
3485 4732 3624 4769 meas
3657 4717 3706 4766 in

2143 4806 2358 4875 bellum,
2379 4815 2426 4860 et
2443 4807 2634 4876 digitos
2657 4823 2797 4860 meos
2822 4807 2872 4859 in
2889 4804 3154 4874 prwlium,
3175 4805 3540 4858 misericordia
3563 4816 3610 4858 et
3633 4821 3706 4856 re-

2143 4898 2347 4967 fugium
2382 4913 2552 4951 meum
2579 4897 2642 4950 ⁸⁸.
2675 4896 2738 4951 Ει
2771 4907 2989 4966 propter
3028 4895 3340 4964 huiusmodi
3374 4896 3555 4964 praelia
3581 4893 3703 4949 dici-

2145 4998 2232 5044 tur
2273 4990 2341 5045 de
2385 4987 2550 5043 David
2591 4991 2661 5044 ab
2689 5006 2856 5044 uxore
2898 4987 3066 5041 Aabal
3108 4987 3152 5018 ε’
3189 5006 3203 5042 :
3255 4986 3458 5040 Prwlia
3501 4986 3701 5040 Domini
3733 4981 3738 4986 ’

2141 5082 2386 5136 dominus
2432 5098 2574 5136 meus
2621 5081 2894 5152 pugnabit.
2941 5080 3081 5135 Puto
3128 5089 3308 5136 autem
3354 5089 3409 5134 et
3456 5080 3700 5151 mysteria

2140 5189 2262 5229 esse
2289 5174 2478 5228 talium
2511 5175 2822 5244 praeliorum
2851 5173 3036 5244 praelia
3069 5187 3191 5242 quae
3215 5173 3269 5224 iu
3309 5170 3603 5241 Scripturis
3627 5171 3699 5225 le-

2139 5275 2340 5336 guntur
2365 5281 2380 5330 ;
2406 5267 2662 5337 mysteria
2687 5265 2852 5320 etiam
2883 5280 3004 5320 esse
3037 5263 3428 5319 destructionis
3461 5263 3698 5333 prazlian-

2138 5355 2274 5410 tium
2327 5357 2588 5412 adversus
2625 5357 2870 5411 veritatis
2921 5358 3433 5425 congregationem,
3478 5357 3696 5407 maxime

2140 5464 2262 5518 quae
2286 5449 2539 5519 leguntur
2562 5450 2612 5502 in
2639 5450 2779 5504 libro
2815 5448 2943 5503 Jesu
2987 5447 3136 5502 Nave
3163 5448 3209 5480 ⁶⁶
3233 5447 3300 5501 de
3326 5446 3697 5500 destruction?

2139 5540 2242 5595 bus
2268 5540 2544 5595 civitatum
2577 5557 2590 5593 :
2615 5552 2669 5594 et
2691 5540 2950 5610 mysteria
2984 5547 3111 5593 sunt
3131 5537 3377 5592 omnium
3407 5549 3690 5606 congrega-

3139 5744 3186 5776 “
3207 5743 3351 5801 Psai.
3373 5759 3555 5810 cum,
3578 5756 3613 5807 ι,
3634 5739 3680 5795 2.
