4004 6556
234 435 371 492 l6“)

1411 428 2073 489 COMMENTARIORUM
2117 430 2384 490 SERIES.

3356 434 3500 493 16ἷο

231 557 441 613 tionum
459 551 893 610 adversariarum
915 550 1197 607 virtutum.
1220 549 1810 626 Audientescrgo‘prae-
1843 554 1885 612 A
1916 549 1983 605 ad
2020 547 2289 605 defectum
2334 559 2391 606 et
2432 557 2836 620 corrumpatur.
2877 548 3013 606 Nam
3065 554 3182 608 (celi
3220 555 3486 625 peribunt,

230 648 305 703 lia
330 654 383 703 et
405 645 714 702 auditiones
740 644 927 699 talium
951 643 1281 713 praeliorum,
1299 647 1643 709 attendamus
1667 646 1811 717 quod

231 740 308 794 ait
330 758 343 794 :
384 736 565 792 Videte
586 752 648 791 ne
673 737 992 792 terreamini.
1019 736 1085 790 Et
1106 734 1366 792 debemus
1386 738 1525 793 scire
1551 739 1810 808 quoniam

231 836 450 900 Oportet
489 828 606 884 haec
643 828 758 884 ﬁeri
794 844 980 899 exspet
999 829 1131 884 tanti
1176 828 1468 883 adventum
1519 824 1704 889 Verbi,
1755 834 1814 881 ut

231 921 462 976 audiant
507 920 690 992 praalia
734 929 788 975 et
832 922 1139 977 auditiones
1180 914 1529 990 praeliorum;
1558 917 1652 974 sed
1700 933 1811 973 non

231 1015 421 1068 statim
466 1020 528 1068 ut
571 1013 842 1077 audierit,
899 1028 1026 1069 mox
1062 1013 1169 1069 erit
1208 1014 1352 1072 ﬁnis.
1401 1013 1626 1084 Propter
1664 1011 1811 1083 quod

232 1105 399 1161 tinem
455 1113 674 1176 oportet
726 1116 1045 1176 exapectare
1104 1122 1320 1163 omnem
1383 1107 1660 1163 hominem
1718 1105 1813 1176 qui

232 1199 351 1255 vult
425 1199 544 1254 ﬁeri
615 1200 800 1255 salvus
836 1242 853 1264 ,
923 1201 1182 1271 quoniam
1252 1202 1342 1273 qui
1412 1202 1814 1273 perseveraverit

232 1306 399 1360 usque
444 1291 498 1343 in
539 1290 719 1359 ﬁnem,
747 1290 832 1344 hic
878 1291 1053 1346 salvus
1101 1293 1201 1347 erit
1252 1293 1315 1349 ⁸⁷.
1348 1292 1659 1350 Secundum
1707 1292 1816 1347 Ln-

234 1396 361 1437 cam
411 1391 593 1436 autem
640 1382 727 1449 “,
774 1383 819 1437 si
870 1384 1208 1442 audierimus
1252 1387 1436 1456 praelia
1484 1397 1538 1442 et
1591 1387 1814 1443 seditio-

236 1491 357 1534 nes.
405 1490 473 1530 ne
517 1477 928 1531 conturbemur.
965 1475 1159 1532 Prazlia
1200 1478 1419 1547 quidem
1465 1492 1585 1547 qum
1622 1476 1757 1532 ﬁunt
1783 1493 1813 1532 a

230 1564 399 1636 855
427 1566 649 1621 scientia
683 1564 805 1622 falsi
848 1568 1088 1622 nominis
1131 1575 1184 1623 et
1230 1583 1260 1622 a
1307 1569 1570 1638 sapientia
1608 1570 1815 1648 princi-

234 1672 365 1726 pum
404 1658 567 1727 hujus
606 1658 827 1724 mundi;
866 1659 1161 1716 seditiones
1192 1669 1371 1715 autem
1396 1705 1409 1727 ,
1443 1676 1551 1716 non
1576 1677 1778 1717 consen
1800 1693 1814 1704 -

234 1746 487 1801 tientiunt
522 1748 627 1804 sibi
663 1750 893 1805 invicem
932 1752 986 1805 in
1023 1761 1293 1807 conventu
1324 1751 1597 1809 Ecclesiae.
1636 1754 1815 1810 Diver-

235 1853 330 1893 sas
358 1838 501 1892 enim
529 1840 830 1895 sententias
854 1840 922 1894 de
948 1841 1113 1897 variis
1144 1841 1375 1912 negotiis
1405 1842 1691 1899 manifeste
1724 1860 1817 1899 au—

233 1930 440 1996 dimus,
468 1930 703 1986 maxime
735 1932 829 2002 qui
854 1933 1103 1989 volumus
1138 1935 1407 2005 proﬁcisci
1433 1936 1496 1990 ad
1525 1937 1812 2007 perfectio-

235 2038 361 2077 nem
383 2040 506 2094 qua:
529 2032 611 2081 est
641 2024 696 2079 in
719 2023 959 2081 Christo.
991 2025 1107 2081 Non
1132 2027 1306 2082 solum
1327 2036 1479 2083 extra
1513 2028 1807 2084 Ecclesium

237 2114 442 2184 pnelia,
480 2131 668 2170 verum
704 2116 867 2172 etiam
896 2117 948 2171 in
979 2116 1219 2174 Ecclesia
1253 2119 1397 2177 intus
1420 2121 1732 2177 seditiones.
1764 2123 1810 2175 A

234 2206 439 2275 quibus
477 2207 733 2264 omnibus
768 2208 928 2264 alieni
969 2209 1187 2265 fuerunt
1231 2213 1599 2282 apostolorum
1642 2214 1809 2269 disci-

235 2293 372 2364 puli,
403 2310 636 2365 quorum
677 2297 944 2365 omnium,
990 2299 1131 2354 sicut
1170 2300 1222 2355 in
1263 2303 1492 2360 Actibus
1530 2305 1811 2375 apostolo-

235 2401 361 2440 rum
389 2386 434 2419 “
466 2395 549 2443 est
588 2389 850 2460 scriptum
872 2432 887 2457 ,
933 2401 1047 2445 erat
1078 2408 1167 2445 eor
1188 2409 1348 2447 unum
1384 2403 1434 2450 et
1461 2397 1642 2452 anima
1681 2414 1810 2453 una.

233 2476 557 2534 Conﬁrmali
606 2482 751 2536 enim
791 2492 945 2538 erant
972 2484 1025 2537 in
1049 2485 1239 2539 eodem
1266 2502 1432 2542 sensu
1457 2497 1508 2544 et
1546 2489 1598 2544 in
1622 2492 1809 2545 eadem

233 2568 490 2623 scientia.
543 2568 751 2625 Tamen
805 2588 924 2637 nos,
971 2572 1072 2627 etsi
1122 2574 1492 2632 aualiverimus
1541 2579 1812 2649 ejusmodi

233 2660 423 2729 praelia
474 2669 529 2716 et
584 2662 882 2718 seditiones
938 2664 1251 2735 ejusmodi,
1327 2684 1433 2724 non
1488 2676 1810 2730 terreamur.

231 2749 465 2820 Oportet
512 2752 657 2807 enim
692 2753 928 2823 primum
972 2765 1262 2826 antequam
1311 2758 1593 2817 videamus
1634 2763 1814 2832 perfe-

233 2841 473 2897 etiouem
497 2844 778 2914 sapientia:
803 2861 925 2917 qua:
945 2849 1102 2904 estin
1135 2848 1377 2914 Christo,
1407 2851 1521 2908 hazc
1549 2853 1693 2922 ﬁeri;
1720 2857 1813 2912 sed

234 2948 350 2989 non
385 2934 567 2989 statim
599 2936 704 2991 erit
732 2937 856 2995 linis
882 2956 1041 3010 quem
1071 2943 1386 3011 quaerimus.
1421 2928 1646 3015 Oportet
1670 2949 1813 3004 enim

234 3040 343 3081 nos
381 3028 611 3083 stabiliri
644 3040 699 3085 et
731 3031 1046 3087 conﬁrmari
1082 3034 1133 3087 in
1169 3049 1322 3104 pace,
1366 3046 1423 3090 ut
1463 3037 1583 3092 sine
1612 3048 1817 3097 terrore

234 3120 434 3188 simus,
464 3137 566 3179 nec
591 3139 622 3178 a
648 3124 1008 3181 seditionibus
1035 3127 1447 3193 conturbemur,
1474 3142 1532 3185 ut
1554 3142 1676 3202 post
1704 3134 1817 3191 lure

1915 641 2174 711 quoniam
2208 642 2345 695 sicut
2371 641 2733 696 vestimentum
2769 650 3085 699 oeterascent
3114 643 3179 698 ⁷⁵.
3217 643 3491 718 Quidquid

1913 744 2090 788 autem
2132 734 2407 789 veteraseit
2433 745 2480 788 et
2509 734 2767 797 senescit,
2806 749 2965 803 prope
2998 736 3274 791 interitum
3304 747 3383 794 est
3417 740 3488 790 ⁷⁸.

1912 825 2267 896 Consequens
2312 835 2398 883 est
2431 836 2489 883 ut
2517 835 2572 882 et
2596 838 2818 898 propter
2858 828 3097 900 inopiam
3137 831 3383 887 ciborum
3430 830 3489 887 in

1912 918 2192 972 avaritiam
2223 927 2278 974 et
2313 918 2453 974 bella
2486 919 2735 976 homines
2766 920 3075 978 excitentur
3100 922 3365 980 adversus
3390 938 3489 980 eos

1912 1010 2006 1080 qui
2038 1024 2146 1064 non
2178 1018 2383 1065 tantam
2414 1011 2696 1082 patiuntur
2716 1012 2980 1083 inopiam,
3008 1022 3062 1069 et
3091 1023 3152 1069 ut
3177 1028 3243 1068 ex
3270 1027 3494 1085 compa-

1912 1101 2123 1157 ratione
2140 1102 2372 1157 aliorum
2400 1118 2521 1174 qua:
2547 1103 2602 1159 in
2630 1105 2791 1160 rebus
2813 1105 3141 1161 necessariis
3162 1114 3294 1161 sunt
3318 1104 3495 1160 abun-

1912 1193 2195 1259 dantium,
2254 1192 2386 1249 fiant
2443 1194 2876 1251 insurrectiones
2934 1196 3168 1251 aliorum
3228 1193 3493 1251 adversus

1914 1286 2074 1353 alios,
2130 1295 2182 1341 et
2238 1301 2372 1357 gens
2410 1295 2612 1357 pugnet
2641 1286 2903 1343 adversus
2933 1297 3145 1359 gentem
3176 1292 3231 1343 et
3263 1302 3492 1359 regnum

1913 1375 2175 1431 adversus
2205 1391 2452 1446 regnum.
2476 1375 2742 1432 l’ossibile
2771 1384 2856 1432 est
2888 1385 3071 1432 autem
3097 1393 3222 1433 cum
3256 1377 3493 1433 aliarum

1914 1466 2209 1539 indigentia
2253 1482 2460 1531 rerum,
2506 1468 2670 1524 etiam
2702 1469 2985 1526 hominum
3029 1472 3234 1527 bonum
3266 1486 3491 1527 sensum

1915 1562 2233 1618 habentium
2268 1564 2622 1636 indigentiam
2659 1564 2774 1620 ﬁeri
2796 1608 2812 1632 ,
2843 1576 2904 1633 ut
2931 1583 3026 1638 per
3059 1568 3174 1623 hare
3197 1566 3491 1637 tranquilla

1914 1662 1969 1708 et
2001 1656 2225 1724 paciﬁca
2247 1656 2358 1710 vita
2385 1671 2492 1711 non
2528 1658 2836 1714 inveniatur
2858 1659 2911 1714 in
2943 1659 3150 1726 multis,
3183 1658 3279 1715 sed
3308 1658 3493 1714 insur-

1916 1746 2205 1813 rectiones,
2237 1754 2289 1802 et
2319 1747 2462 1813 lites,
2493 1756 2547 1803 et
2575 1750 3010 1819 perturbationes
3037 1750 3190 1833 tiapt,
3218 1750 3487 1827 interdum

1915 1838 2135 1906 quidem
2170 1851 2388 1911 propter
2412 1842 2720 1911 avaritiam,
2752 1842 3022 1898 interdum
3057 1850 3237 1899 autem
3270 1850 3490 1913 propter

1917 1930 2413 1999 concupiscentiam
2466 1930 2830 2003 principatus,
2873 1932 3168 2003 aliquando
3217 1940 3399 1988 autem
3439 1940 3494 1989 et

1918 2033 2137 2091 propter
2163 2021 2349 2095 gloriae
2369 2038 2522 2080 vanae
2542 2025 2889 2095 cupiditatem
2921 2026 3192 2094 insanam,
3217 2024 3493 2082 interdum

1917 2120 2097 2169 autem
2123 2124 2176 2170 et
2198 2115 2496 2186 cupiditate
2519 2132 2671 2173 vanae
2700 2118 2884 2189 gloriae
2907 2120 3237 2191 principum,
3264 2120 3359 2193 qui
3382 2135 3494 2177 non

1918 2216 2045 2262 sunt
2060 2209 2297 2264 contenti
2318 2210 2540 2281 proprio
2564 2226 2749 2283 regno,
2770 2211 2864 2268 sed
2881 2213 3069 2268 volunt
3092 2228 3252 2270 suum
3273 2213 3491 2285 quidem

1917 2299 2206 2357 extendere
2216 2303 2576 2373 principatum
2589 2311 2641 2359 et
2656 2305 2856 2362 multas
2866 2304 3213 2364 sibisubdere
3224 2306 3494 2364 nationes.

1988 2391 2078 2447 57.
2104 2392 2296 2450 Adhuc
2323 2403 2504 2451 autem
2530 2395 2940 2467 profundiorem
2970 2400 3121 2457 dabit
3149 2401 3348 2472 aliquis
3369 2415 3496 2456 cau-

1919 2498 2037 2538 sam
2070 2499 2259 2540 eorum
2288 2502 2411 2557 quae
2434 2497 2562 2544 ante
2589 2492 3113 2549 consummationem
3150 2490 3337 2547 mundi
3367 2499 3498 2547 sunt

1918 2586 2210 2645 eventura,
2238 2579 2475 2636 maxime
2502 2581 2567 2637 de
2586 2584 2807 2653 pmliis.
2838 2583 3107 2652 Quoniam
3135 2582 3276 2640 sicut
3298 2584 3498 2639 adven-

1922 2678 2009 2725 tus
2021 2667 2223 2725 Christi
2241 2669 2293 2726 in
2311 2671 2559 2742 pluribus
2579 2676 2829 2748 gentibus
2845 2676 3029 2731 divina
3048 2678 3243 2731 virtute
3264 2674 3390 2731 fecit
3409 2688 3499 2744 pa-

1920 2775 2059 2825 cem,
2077 2763 2375 2819 secundum
2403 2767 2547 2837 quod
2574 2767 2987 2839 dicitPropheta
3010 2767 3076 2823 de
3106 2767 3199 2822 illo
3226 2766 3273 2799 ⁷⁶
3297 2784 3310 2821 :
3346 2763 3499 2820 Orie-

1923 2862 2010 2906 tur
2030 2854 2084 2907 in
2105 2854 2288 2909 diebus
2315 2856 2431 2924 ejus
2448 2857 2669 2926 justitia
2699 2868 2749 2913 et
2772 2858 3103 2912 abundantia
3128 2858 3296 2927 pacis,
3329 2857 3513 2910 donec

1919 2944 2210 3000 extollatur
2258 2946 2419 3013 (una;
2467 2958 2522 3004 et
2559 2949 2639 3006 sic
2668 2965 2773 3020 pax
2813 2949 3169 3020 multiplicata
3195 2957 3279 3005 est
3309 2946 3498 3005 mundi

1925 3045 2147 3109 propter
2191 3038 2529 3096 incrementa
2574 3039 2940 3097 Ecclesiarum
2977 3040 3180 3107 futura,
3209 3050 3268 3096 ut
3295 3056 3357 3096 ea
3391 3056 3496 3112 pax

1925 3130 2118 3186 salutis
2150 3131 2448 3187 multorum
2480 3132 2574 3188 ﬁat
2613 3133 2868 3199 occasio,
2905 3132 3035 3215 dum
3081 3147 3191 3188 non
3226 3139 3497 3203 coguntur

236 3213 523 3271 valeamus
583 3231 778 3286 capere
828 3217 988 3273 ﬁnem
1022 3219 1116 3289 qui
1160 3235 1268 3274 non
1311 3229 1397 3276 est
1443 3222 1495 3277 in
1543 3224 1817 3281 auditione
1845 3259 1887 3317 ο
1924 3223 2074 3279 exire
2110 3222 2177 3278 ad
2216 3224 2354 3279 bella
2391 3233 2446 3280 et
2481 3240 2721 3297 pugnare
2761 3239 2863 3296 pro
2890 3213 3082 3296 patriis
3120 3225 3262 3281 sicut
3288 3223 3496 3295 pridem

234 3306 548 3378 prmliorum
593 3324 767 3379 neque
819 3309 873 3363 in
922 3309 1056 3380 ipsis
1112 3312 1503 3383 seditionibus;
1556 3316 1818 3387 paciﬁcus

234 3397 386 3452 enim
415 3397 540 3454 ﬁnis
569 3398 729 3470 longe
760 3409 843 3455 est
866 3401 935 3455 ab
956 3403 1212 3460 omnibus
1236 3405 1375 3462 istis.
1416 3446 1421 3451 ι

311 3490 399 3546 '56.
444 3490 710 3564 Exsurget
739 3495 879 3548 enim
929 3513 1053 3567 gens
1083 3498 1335 3555 adversus
1373 3512 1596 3574 gentem,
1644 3515 1696 3561 et
1739 3524 1821 3563 re—

234 3600 399 3655 gnum
426 3585 675 3641 adversm
700 3604 935 3659 regnum,
959 3598 1010 3643 et
1029 3602 1182 3645 erunt
1198 3593 1387 3663 fames,
1410 3607 1459 3651 et
1481 3598 1816 3667 pestilentiae,

234 3688 285 3731 et
343 3688 673 3733 terrwmotus
734 3698 825 3750 per
875 3683 1014 3739 loca.
1071 3683 1201 3739 Hrec
1254 3687 1394 3741 enim
1436 3691 1612 3745 omnia
1661 3693 1820 3748 initia

235 3778 363 3822 sunt
396 3768 639 3825 dolorum
659 3772 726 3827 ⁷⁸.
774 3772 990 3830 Marcus
1045 3776 1261 3845 eadem,
1325 3778 1477 3835 addit
1522 3790 1727 3851 autem,
1767 3795 1816 3840 et

237 3860 481 3916 turbellae
510 3863 551 3894 ⁷¹
576 3881 592 3931 ;
624 3861 799 3920 Lucas
826 3865 1078 3922 similiter
1106 3867 1246 3938 ipsa,
1275 3867 1423 3924 addit
1442 3878 1645 3939 autem,
1665 3881 1822 3929 terro-

164 4009 183 4019 I
240 3968 427 4023 resque
455 3954 520 4008 de
555 3956 681 4009 ca'lo
704 3998 718 4022 ,
757 3967 811 4011 et
844 3959 996 4029 signa
1030 3976 1222 4030 magna
1256 3970 1434 4031 erunt,
1454 3972 1503 4018 et
1529 3964 1721 4020 hiemes
1749 3968 1818 4023 τ’.

236 4040 486 4099 Primum
537 4047 803 4117 simplicia
848 4049 954 4105 loci
1008 4061 1061 4106 et
1104 4054 1409 4123 corporalia
1460 4070 1818 4126 exponamus.

241 4133 403 4190 Sicut
444 4138 588 4191 enim
634 4148 899 4210 {egrotant
932 4158 1163 4213 corpora
1190 4154 1316 4201 ante
1359 4156 1586 4202 mortem
1627 4165 1818 4205 eorum

238 4230 340 4298 qui
372 4230 480 4283 vim
523 4246 630 4285 non
660 4234 1008 4290 extrinsecus
1040 4237 1350 4305 patiuntur,
1385 4247 1439 4294 et
1467 4243 1825 4310 quemadmo-

240 4323 376 4376 dum
421 4321 475 4376 in
524 4310 779 4379 omnibus
813 4341 908 4396 per
936 4326 1308 4384 inﬁrmitatem
1347 4330 1405 4384 ﬁt
1441 4330 1528 4385 via
1566 4331 1634 4385 ad
1662 4348 1826 4403 sepa-

238 4413 472 4467 randam
522 4415 761 4471 animam
811 4433 843 4471 a
895 4433 1125 4489 corpore
1170 4436 1291 4485 suo,
1329 4424 1407 4477 sic
1452 4424 1574 4480 talis
1595 4435 1647 4480 et
1675 4433 1822 4481 tanta

235 4512 492 4560 creatura
510 4507 720 4575 mundi,
739 4524 862 4563 cum
881 4511 1155 4582 corrumpi
1173 4514 1418 4582 cmperit,
1434 4516 1591 4585 quasi
1610 4516 1823 4571 initium

1922 3316 2085 3370 ﬁebat
2110 3333 2125 3382 ;
2164 3317 2245 3371 sic
2272 3332 2614 3388 consequens
2645 3325 2729 3373 est
2753 3359 2769 3382 ,
2800 3332 2926 3374 cum
2962 3324 3184 3388 propter
3208 3315 3463 3372 abundan

1921 3406 2050 3462 tiam
2095 3407 2398 3477 iniquitatis
2448 3406 2759 3479 refriguerit
2792 3407 3032 3464 charitas
3079 3406 3414 3470 multorum,
3445 3412 3498 3459 et

1922 3498 2045 3553 ideo
2078 3499 2431 3570 dercliqncrit
2459 3515 2554 3555 eos
2580 3498 2723 3556 Dens
2753 3508 2807 3556 et
2837 3498 3090 3556 Christus
3115 3498 3257 3570 ejus,
3299 3498 3497 3554 iterum

1922 3591 2039 3647 ﬁeri
2081 3592 2290 3662 praelia,
2337 3592 2591 3648 videlicet
2629 3591 2758 3646 dum
2789 3606 2895 3646 non
2927 3590 3285 3661 prohibentur
3308 3604 3487 3660 opera-

1921 3685 2100 3739 tiones
2130 3684 2507 3739 seminatrices
2544 3683 2810 3740 bellorum
2844 3698 2875 3737 a
2908 3682 3230 3750 sanctitate,
3266 3681 3361 3737 sed
3391 3696 3480 3735 ma

1922 3775 2006 3846 gis
2050 3776 2229 3830 adhuc
2280 3775 2600 3829 nutriuntur
2637 3784 2857 3844 propter
2899 3772 3165 3828 malitiam
3215 3772 3499 3827 hominum

1923 3873 2452 3936 supercrescentem,
2478 3873 2538 3921 ut
2564 3865 2809 3921 onmium
2840 3864 3204 3920 accidentium
3231 3864 3499 3919 malorum

1923 3970 2093 4012 causa
2140 3972 2262 4013 esse
2307 3956 2558 4011 dicantur
2608 3956 2702 4027 qui
2754 3964 3103 4011 accesserunt
3158 3954 3378 4025 quidem
3429 3951 3498 4009 ad

1924 4044 2187 4114 Verbum,
2224 4048 2320 4104 sed
2357 4057 2547 4119 postea
2577 4048 2988 4104 declinaverunt
3018 4055 3074 4102 et
3114 4050 3305 4102 omnes
3340 4044 3502 4101 simul

1925 4139 2146 4196 inutiles
2211 4139 2341 4195 facti
2409 4148 2539 4196 sunt
2597 4139 2653 4195 in
2710 4138 3082 4195 mundialibus
3134 4136 3317 4194 malis.
3365 4134 3502 4192 Nam

1927 4232 2167 4304 quandiu
2217 4232 2467 4288 steterint
2524 4232 2666 4287 sales
2699 4239 2876 4298 terrae,
2915 4231 2983 4287 ad
3043 4244 3184 4301 quos
3238 4228 3503 4286 Dominus

1926 4323 2127 4379 dixit."
2162 4342 2175 4379 :
2220 4323 2321 4378 Vos
2342 4325 2467 4378 estis
2489 4323 2573 4378 sal
2604 4334 2781 4389 terra’,
2802 4332 2855 4378 et
2881 4322 3064 4378 omnia
3094 4328 3350 4378 constant
3372 4320 3502 4376 sali-

1928 4416 2031 4471 bus
2074 4424 2394 4486 temperata.
2444 4416 2739 4486 Postquam
2777 4423 2958 4471 autem
3012 4414 3267 4471 infatuati
3303 4412 3501 4469 fuerint

1929 4507 2031 4577 ipsi
2064 4507 2226 4571 sales,
2258 4518 2316 4564 ut
2350 4510 2649 4565 secundum
2682 4508 3022 4579 Scripturam
3056 4507 3325 4574 dicamus,
3353 4517 3407 4562 et
3441 4522 3498 4562 ea

243 4593 455 4650 habens
487 4604 541 4650 et
573 4597 770 4665 ﬁnem;
801 4600 1061 4669 quoniam
1094 4618 1217 4672 quae
1250 4604 1506 4660 videntur
1543 4616 1821 4677 tcmpora-
1856 4599 1903 4656 Ι)
1929 4616 2051 4670 qua:
2095 4600 2432 4656 saliebantur
2481 4602 2550 4658 ab
2594 4602 2675 4656 eis
2726 4600 2870 4656 sicut
2906 4600 3113 4656 insulsa
3143 4599 3507 4658 infatuantur.

241 4684 314 4739 lia
340 4694 488 4752 sunt,
520 4694 574 4742 et
601 4688 731 4758 quia
756 4690 952 4745 cadum
977 4700 1030 4746 et
1058 4699 1199 4748 terra
1228 4695 1537 4750 transibunt
1565 4714 1578 4751 :
1603 4712 1825 4754 necesse

239 4786 328 4833 est
356 4789 484 4834 ante
511 4782 920 4851 corruptionem
953 4793 1013 4839 ut
1045 4784 1323 4855 langueat,
1350 4794 1408 4841 nt
1434 4796 1579 4843 terra
1603 4789 1822 4859 quidem

235 4869 586 4939 frequentius
642 4874 1038 4930 terrmmotibus
1103 4889 1521 4948 conquassetur,
1572 4896 1666 4936 aer
1722 4897 1826 4937 au-

238 4971 352 5015 tem
423 4963 532 5016 vim
589 4966 880 5034 quamdam
930 4966 1280 5023 morbiferam
1336 4972 1671 5043 concipiens,
1734 4990 1824 5044 pc-

239 5055 438 5108 stilens
473 5054 585 5109 ﬁat.
620 5056 813 5113 Adhuc
862 5066 1043 5113 autem
1099 5068 1153 5114 et
1206 5062 1386 5118 vitalis
1422 5063 1605 5121 .virtus
1664 5074 1823 5123 terra:

239 5154 468 5212 repente
511 5145 768 5203 deﬁciens
818 5147 1015 5204 oﬁ'ocet
1053 5149 1101 5180 ⁷³
1132 5147 1362 5217 fructus,
1397 5159 1452 5207 et
1487 5169 1680 5211 omnes
1722 5172 1823 5211 na-

239 5245 398 5291 turas
438 5238 696 5293 arborum
749 5240 1006 5296 deﬁciens
1049 5244 1360 5313 generatrix
1408 5260 1596 5301 earum
1629 5247 1820 5303 virtus.

239 5325 343 5383 [iis
374 5328 539 5398 igitur
574 5330 948 5388 accidentibus
972 5375 986 5401 ,
1029 5350 1369 5406 consequens
1403 5344 1489 5393 est
1517 5347 1577 5393 ut
1608 5340 1824 5395 mobilis

237 5426 463 5483 natura,
505 5422 664 5490 quasi
721 5423 887 5480 totius
916 5427 1103 5482 mundi
1132 5443 1257 5498 pars
1287 5428 1469 5499 aliqua
1499 5431 1821 5499 constituta,

237 5512 610 5582 compatiatur
634 5513 1012 5570 universarum
1038 5532 1218 5573 rerum
1247 5521 1534 5579 mutationi
1567 5540 1579 5575 :
1609 5531 1822 5592 utputa,

235 5618 509 5666 consueta
536 5622 789 5668 escarum
817 5611 1146 5668 nutrimenta
1173 5627 1281 5667 non
1309 5628 1614 5682 resumens,
1643 5615 1827 5671 veniat

315 5820 362 5852 "
387 5818 580 5877 Matth.
610 5838 665 5888 ιι,
692 5820 785 5877 22.
862 5822 908 5855 "
932 5838 1030 5887 xu,
1060 5825 1116 5876 9.
1192 5823 1236 5856 ”
1259 5838 1332 5889 Iv,
1358 5821 1448 5878 52.
1524 5822 1572 5853 ⁷ο
1600 5820 1791 5877 Matth.
1824 5836 1975 5888 xxtv,
2011 5820 2064 5883 7,
2088 5821 2122 5877 8

1930 4700 2383 4762 corrumpuntur,
2436 4701 2493 4747 et
2544 4691 2734 4760 fetent,
2794 4700 2849 4748 et
2895 4692 3266 4748 resolvuntur.
3315 4690 3508 4746 Adhuc

1930 4792 2111 4838 autem
2145 4791 2200 4838 et
2231 4783 2476 4854 quandiu
2507 4783 2719 4840 steterit
2755 4784 2850 4839 lux
2892 4784 3104 4852 mundi,
3160 4783 3345 4840 omnia
3377 4782 3509 4839 diri-

1930 4885 2131 4946 guntur
2157 4890 2187 4930 a
2220 4876 2369 4931 claro
2401 4875 2606 4930 lumine
2647 4875 2991 4944 dispensata;
3040 4890 3166 4930 cum
3201 4885 3382 4929 autem
3404 4873 3509 4929 hoc

1930 4968 2109 5038 ipsum
2136 4966 2323 5023 lumen
2351 4966 2683 5023 diminutum
2712 4966 2875 5021 fuerit
2897 4966 2949 5020 in
2975 4966 3173 5021 animis
3196 4964 3505 5030 hominum,

1930 5062 2059 5115 dum
2112 5060 2335 5131 propria
2387 5066 2443 5114 et
2495 5057 2730 5114 naturali
2775 5071 2900 5112 esca
2930 5071 3036 5110 non
3064 5054 3325 5120 nutritur,
3376 5061 3508 5110 tunc

1930 5151 2325 5223 occupantibus
2350 5150 2534 5205 omnia
2562 5148 2800 5204 tenebris
2823 5188 2838 5213 ,
2879 5162 3003 5203 cum
3034 5147 3086 5200 in
3121 5144 3336 5200 tristitia
3364 5142 3508 5201 facta

1931 5244 2135 5300 fuerint
2162 5243 2347 5298 omnia
2370 5250 2424 5298 et
2449 5240 2871 5305 calamitatibus,
2907 5239 2997 5295 ﬁet
3023 5236 3181 5309 quasi
3208 5247 3508 5294 conventus

1930 5353 2094 5407 super
2126 5337 2310 5392 omnia
2334 5334 2771 5391 adversariarum
2801 5331 3089 5397 virtutum,
3114 5329 3243 5385 dum
3275 5343 3387 5385 non
3417 5344 3509 5385 ve-

1930 5439 2115 5486 tantur
2132 5411 2388 5485 a‘sanctis
2409 5436 2463 5483 et
2478 5444 2507 5483 a
2525 5425 2744 5483 Christo
2768 5425 2822 5479 in
2838 5424 2939 5491 eis,
2957 5424 3051 5495 qui
3085 5422 3293 5480 solebat
3312 5436 3409 5478 eos
3424 5436 3513 5478 ve-

1935 5528 2047 5575 tare
2075 5537 2088 5573 ε
2122 5518 2215 5574 sed
2247 5517 2405 5588 quasi
2427 5517 2480 5572 in
2516 5515 2754 5572 tenebris
2782 5513 2901 5571 sine
2928 5512 3110 5584 aliqua
3140 5512 3525 5584 prohibitione“

1933 5613 2301 5683 operabuntur
2328 5611 2383 5667 in
2418 5610 2677 5667 cordibus
2706 5610 3013 5674 hominum,
3047 5616 3106 5663 ut
3136 5606 3370 5664 excitent
3390 5621 3513 5678 gen-

2249 5820 2293 5853 "
2324 5818 2494 5883 Marc.
2519 5834 2640 5883 χιιι,
2668 5821 2723 5876 8.
2825 5825 2871 5858 τ’
2895 5826 3029 5881 Luc.
3063 5821 3285 5883 ιχιςιί.
3363 5819 3508 5875 "Al.

2825 5825 2871 5858 7’
2895 5826 3029 5881 Luc.
3063 5821 3285 5891 xx|,ll.

239 5890 493 5961 sufferet.
569 5892 615 5924 "
636 5882 778 5948 Psal.
804 5908 879 5958 Cl,
905 5882 1026 5949 27.⁷
1069 5894 1115 5926 ⁷⁸
1148 5882 1461 5959 Ηειπξνιιι,
1501 5892 1586 5948 15.
1664 5893 1710 5924 ⁷⁸
1743 5891 1886 5949 Psal.
1916 5882 2059 5957 Lxx,’
2083 5890 2132 5946 7.
2199 5892 2255 5924 ‘7’
2273 5882 2461 5946 Maltb.
2494 5908 2547 5958 v,
2573 5892 2657 5946 93.
