4004 6556
494 397 630 455 i651

1693 396 2014 456 mussans
2052 398 2119 453 IN
2156 372 2588 468 narremus

3618 400 3771 458 1632

492 526 624 583 tem,
642 514 900 572 adversus
918 523 1129 586 gentem
1148 524 1202 571 et
1221 531 1446 585 regnum
1467 516 1730 572 adversus
1752 532 2001 588 regnum.
2019 517 2076 572 Si
2107 521 2153 579 Α
2180 533 2304 573 mus
2333 516 2704 573 abundantius
2736 514 3128 584 consequentia
3159 515 3519 586 aspicientes,
3557 530 3771 572 secun-

492 618 697 671 autem,
715 607 1173 678 quemadmodum
1193 618 1247 663 et
1263 609 1437 678 placet
1457 608 1807 679 quibusdam,
1821 618 1875 666 et
1899 610 2072 666 fames

481 711 545 756 net
565 701 885 771 pestilentia
908 702 975 756 ah
1000 700 1312 770 huiusmodi
1332 702 1741 772 operationibus
1757 702 1981 768 fiunt,et
2004 703 2072 758 ab

491 791 699 862 angelis
738 790 975 855 Satana,
1029 792 1281 847 similiter
1323 802 1378 848 et
1432 793 1603 849 fames
1648 802 1704 848 et
1745 794 2069 866 pestilentiae

491 891 623 937 tunc
651 882 985 937 invalescent
1024 883 1093 938 ab
1118 884 1445 939 adversariis
1491 885 1808 951 virtutibus,
1853 884 2072 956 quando

492 971 650 1044 [non]
683 971 885 1027 fuerint
914 975 1058 1029 sales
1080 985 1239 1029 terra
1264 983 1318 1029 et
1348 976 1439 1028 lux
1465 977 1652 1031 mundi
1677 976 1881 1032 Christi
1908 979 2073 1033 disci-

493 1064 626 1132 puli,
675 1062 772 1133 qui
814 1074 943 1120 sunt
985 1066 1259 1136 principes
1300 1066 1471 1138 856
1503 1069 1790 1137 potestatis
1824 1068 1941 1135 Dei,
1972 1069 2067 1124 deo

490 1166 764 1214 struentes
786 1156 841 1212 in
864 1157 1180 1214 hominibus
1209 1160 1395 1227 praelia
1428 1176 1550 1229 qtae
1584 1158 1792 1215 faciunt
1813 1160 2069 1215 adversa-

490 1251 588 1306 ria
611 1258 934 1321 potestates,
966 1261 1021 1305 et
1060 1250 1243 1305 omnia
1280 1267 1402 1321 qua
1430 1268 1493 1305 ex
1521 1266 1706 1305 earum
1751 1251 1955 1306 malitia
1987 1267 2071 1307 se-

490 1342 791 1397 minantur.
849 1340 916 1397 Et
948 1340 1244 1410 aliquando
1275 1341 1493 1411 quidem
1534 1343 1588 1395 iu
1622 1339 1786 1395 Israel
1816 1341 1988 1397 fames
2018 1350 2071 1397 et

489 1432 811 1503 pestilentia
835 1432 1038 1487 ﬁebant
1061 1442 1281 1503 propter
1305 1440 1543 1502 peccata,
1569 1441 1620 1487 et
1644 1434 1915 1488 siccitates
1933 1448 2071 1503 quas

489 1524 769 1579 orationes
803 1532 1122 1579 sanctorum
1158 1524 1465 1590 solvebant,
1497 1523 1791 1590 Samuelis,
1821 1523 2071 1580 .Ieremia

484 1624 921 1686 ceterorumque
946 1617 1231 1673 similium.
1255 1615 1395 1672 Bene
1417 1628 1597 1672 autem
1627 1617 1864 1688 positum
1881 1630 1965 1672 est
1985 1618 2066 1671 7°:

491 1707 666 1763 Erant
698 1708 888 1778 fames,
914 1718 964 1763 et
988 1708 1327 1778 pestilentiae,
1351 1719 1401 1764 et
1439 1718 1768 1765 terminatus
1801 1726 1892 1780 per
1929 1708 2066 1765 loca.

492 1794 596 1853 ‘lec
619 1799 766 1853 enim
799 1799 1028 1855 insemel
1056 1800 1172 1854 vult
1199 1799 1343 1856 Deus
1378 1801 1607 1872 perdere
1632 1800 1936 1856 humanum
1973 1816 2067 1871 ge-

492 1904 628 1957 nus;
662 1890 757 1947 sed
787 1890 1042 1961 judicans
1072 1906 1166 1962 per
1193 1902 1395 1962 partes,
1429 1893 1689 1963 paulatim
1731 1893 1785 1947 iit
1823 1907 1887 1948 eo
1931 1893 2063 1948 dum

488 1982 625 2037 Iiunt
649 1981 843 2048 fames,
877 1992 932 2037 et
964 1984 1303 2052 pestilentia,
1330 1992 1383 2039 et
1419 1992 1763 2040 terramotus
1792 1998 1889 2055 per
1915 1983 2068 2050 loca,

484 2075 578 2129 dat
602 2074 937 2145 paenitentia
953 2074 1133 2131 locum
1168 2075 1252 2130 his
1284 2076 1378 2147 qui
1406 2090 1472 2131 ex
1502 2075 1734 2132 modicis
1756 2076 2068 2147 castigatio-

486 2164 652 2219 nibus
703 2165 1063 2219 emendantur
1111 2175 1166 2221 et
1208 2173 1602 2221 convertuntur
1645 2165 1713 2220 ad
1761 2164 1954 2220 Deum.
2004 2163 2070 2221 Et

485 2258 951 2327 quemadmodum
971 2258 1352 2329 incipientibus
1371 2258 1569 2313 infirmi
1586 2259 1789 2314 tatibus
1811 2257 2069 2329 possibile

487 2359 572 2406 est
598 2349 791 2405 afferre
820 2350 1166 2406 medicinalia
1194 2350 1505 2420 adjumenta
1530 2391 1544 2412 ,
1581 2351 1659 2405 sic
1685 2350 2069 2421 incipientibus

486 2440 652 2507 fame,
676 2450 730 2495 et
755 2439 1100 2510 pestilentiis,
1137 2449 1191 2495 et
1223 2442 1623 2495 lerraemotibus
1651 2457 1745 2510 per
1769 2441 1911 2504 loca,
1945 2457 2068 2510 pos-

487 2527 649 2584 sibile
672 2538 754 2584 est
779 2530 1105 2599 quibusdam
1134 2530 1446 2586 hominibus
1473 2531 1539 2585 ad
1570 2533 2063 2594 conversationem,

485 2630 541 2676 et
563 2619 746 2686 fidem,
778 2629 833 2676 et
870 2621 1193 2690 sapientiam
1228 2632 1545 2677 sanctorum
1574 2622 1889 2691 purgatoria
1912 2622 2064 2677 dare.

456 2758 459 2763 ,
488 2712 548 2767 Si
580 2724 763 2767 autem
803 2712 1191 2782 incipientibus
1230 2713 1543 2783 hujusmodi
1579 2714 1740 2769 malis
1770 2729 1877 2768 non
1905 2713 2068 2769 fuerit

487 2803 632 2862 facta
663 2805 751 2876 pia
784 2806 1073 2872 correctio,
1128 2807 1412 2877 proficient
1464 2805 1528 2860 ad
1561 2807 1716 2876 pejus
1764 2806 1958 2870 fames,
2013 2817 2069 2861 et

489 2898 833 2968 pestilentia,
881 2906 938 2954 et
994 2907 1357 2962 terramotus,
1414 2914 1538 2953 cum
1592 2899 1773 2953 locum
1818 2898 2069 2953 habuerit

486 2989 824 3048 abominatio
880 2989 1262 3056 dcsolationis,
1302 3004 1411 3044 non
1451 3000 1707 3044 contenta
1759 2998 1914 3059 parte
1961 2990 2067 3044 alia

487 3082 681 3138 mundi
715 3100 729 3137 :
761 3083 941 3137 veniet
990 3092 1047 3137 ut
1088 3082 1252 3138 etiam
1284 3082 1338 3136 in
1381 3082 1501 3137 loco
1546 3091 1738 3138 sancto
1779 3082 2062 3137 consistat.

2175 610 2305 664 dum
2334 608 2480 678 quod
2507 607 2584 663 ait
2616 608 2663 640 ⁸¹
2701 625 2714 661 :
2759 605 2888 661 Hac
2913 607 3091 661 omnia
3115 606 3275 660 initia
3301 616 3425 660 sunt
3482 605 3766 662 dolorum.

2245 701 2335 757 38.
2375 700 2644 768 Quoniam
2684 710 2866 755 autem
2896 708 2952 755 et
2980 699 3239 754 moralem
3272 699 3615 754 intellectum
3644 700 3769 754 exi-

2173 795 2337 850 stimo
2366 809 2488 850 esse
2521 794 2685 849 etiam
2732 794 2786 847 in
2834 793 2941 849 isto
2986 793 3126 859 loco,
3175 791 3477 847 secundum
3524 805 3595 845 ea
3638 806 3771 859 qua

2172 886 2307 953 dixi,
2356 895 2754 957 consequenter
2784 895 2840 940 et
2873 885 2987 940 hac
3016 893 3145 939 sunt
3185 884 3411 939 dicenda
3443 903 3458 938 ε
3484 882 3768 953 quoniam

2173 978 2221 1033 si
2248 979 2373 1049 quis
2400 979 2695 1050 gloriosam
2723 987 2778 1033 et
2809 978 3043 1047 regalem
3077 975 3308 1030 formam
3344 974 3506 1030 Verbi
3532 976 3770 1030 visurus

2171 1078 2274 1138 est,
2310 1068 2601 1125 adventum
2648 1070 2822 1140 ipsius
2860 1069 3158 1140 gloriosum
3186 1108 3202 1132 ,
3239 1082 3467 1124 necesse
3495 1077 3579 1124 est
3612 1069 3668 1124 ei
3704 1076 3769 1122 ut

2170 1164 2437 1219 excitetur
2462 1179 2570 1220 non
2605 1165 2780 1219 solum
2818 1162 3008 1217 audire
3035 1162 3215 1231 pralia
3249 1170 3305 1216 et
3334 1160 3652 1215 auditiones
3672 1160 3764 1214 in-

2171 1258 2533 1328 telligibilium
2561 1256 2895 1328 praliorum,
2913 1266 2972 1309 ut
2992 1253 3183 1309 videns
3200 1252 3379 1310 discat
3395 1267 3760 1322 nequaquam

2172 1349 2387 1413 terreri,
2422 1349 2516 1404 sed
2543 1348 2706 1402 etiam
2731 1355 2789 1402 ut
2823 1346 3004 1401 videat
3037 1353 3250 1415 gentem
3276 1342 3551 1398 mendacii
3580 1343 3761 1397 alicu-

2166 1440 2279 1512 jus,
2330 1452 2385 1496 et
2428 1448 2637 1495 motum
2684 1438 2976 1493 verborum
3019 1434 3353 1491 trahentium
3400 1434 3470 1488 ad
3512 1433 3759 1502 aliquam

2171 1536 2375 1584 sectam
2406 1527 2779 1597 insurgentem
2816 1526 3079 1581 adversus
3110 1523 3272 1578 aliam
3310 1522 3558 1591 aliquam
3598 1535 3761 1575 men-

2169 1617 2311 1673 dacii
2357 1624 2594 1688 gentem,
2646 1614 2904 1685 quoniam
2953 1612 3267 1683 lmjusmodi
3313 1611 3573 1682 gentibus
3613 1626 3760 1664 nun-

2170 1724 2335 1780 quam
2383 1716 2468 1763 est
2504 1706 2767 1778 pacificus
2802 1705 2947 1762 linis.
2974 1702 3133 1770 Quod
3160 1706 3477 1773 frequenter
3501 1700 3762 1757 videmus

2172 1800 2313 1856 inter
2352 1799 2637 1856 hareticos
2678 1798 2820 1863 fieri,
2870 1804 2927 1852 et
2963 1796 3105 1850 inter
3144 1795 3410 1850 ecclesias
3440 1792 3758 1864 malignan-

2169 1893 2303 1949 tium
2339 1906 2562 1963 surgere
2587 1889 2814 1945 alterius
2846 1887 3071 1943 haresis
3103 1895 3316 1958 gentem
3349 1900 3518 1956 super
3538 1893 3759 1954 gentem

2170 1984 2397 2040 alterius
2437 1968 2686 2037 haresis.
2725 1978 2818 2035 Sic
2845 1988 2901 2036 et
2932 1995 3159 2051 regnum
3185 1977 3426 2048 alicujus
3458 1978 3617 2032 verbi
3668 1977 3759 2031 in-

2171 2078 2344 2150 surgit
2392 2076 2656 2132 adversus
2708 2074 2934 2130 alterius
2986 2073 3139 2129 verbi
3186 2070 3409 2127 erratici
3460 2084 3694 2142 regnum
3736 2086 3756 2124 :

2169 2167 2429 2239 quoniam
2454 2167 2685 2222 Satanas
2708 2174 2761 2221 et
2791 2179 2956 2220 omne
2984 2162 3329 2218 mendacium
3364 2160 3639 2216 adversus
3670 2173 3758 2213 se-
3808 2208 3811 2217 ,

2169 2260 2349 2331 ipsum
2408 2258 2669 2315 dividitur
2726 2272 2940 2326 semper
2970 2295 2987 2321 ,
3052 2267 3342 2325 propterea
3400 2267 3514 2307 non
3575 2260 3756 2321 potest

2170 2363 2337 2410 stare.
2385 2351 2529 2423 Ergo
2578 2350 2673 2421 qui
2705 2348 3068 2420 proficiscitur
3095 2346 3165 2401 ad
3204 2344 3496 2400 videndam
3525 2343 3754 2414 gloriam

2168 2444 2374 2500 Christi
2418 2450 2473 2498 et
2517 2457 2770 2513 regnum,
2823 2440 2929 2495 hoc
2967 2449 3052 2495 est
3078 2436 3243 2492 Verbi
3277 2435 3679 2506 perfectionem
3704 2443 3758 2488 et

2171 2550 2398 2608 regnum
2446 2532 2595 2603 quod
2625 2541 2816 2603 regnat
2839 2539 2895 2585 et
2934 2529 3271 2594 dominatur,
3302 2541 3519 2596 ponens
3564 2538 3758 2580 omnes

2172 2626 2517 2685 adversarios
2564 2637 2846 2680 sermones
2875 2622 2979 2678 sub
3020 2620 3251 2691 pedibus
3294 2618 3412 2674 suis
3449 2627 3507 2672 et
3535 2618 3595 2671 in
3625 2631 3756 2695 eon-

2169 2720 2531 2778 culeationem
2561 2717 2762 2788 pedum
2794 2730 3025 2771 suorum
3056 2727 3278 2769 necesse
3308 2720 3395 2768 est
3430 2712 3483 2766 ei
3517 2720 3581 2765 ut
3611 2725 3757 2780 qua-

2169 2827 2296 2868 rens
2321 2809 2626 2873 veritatem,
2660 2805 2974 2877 frequenter
3000 2804 3240 2875 inopiam
3271 2817 3545 2879 sensuum
3584 2801 3754 2872 patia-

2168 2912 2275 2968 tur,
2302 2902 2504 2973 quibus
2526 2898 2747 2971 proprie
2774 2897 2959 2953 anima
2982 2897 3222 2952 nutritur
3236 2894 3305 2950 ad
3333 2894 3757 2966 requisitionein

2168 3011 2358 3051 eorum
2388 3008 2510 3065 qua
2540 3000 2670 3050 sunt
2690 2990 3006 3062 quaerenda.
3045 2987 3113 3043 Et
3148 2988 3291 3043 sicut
3326 2986 3635 3056 aliquando
3663 2985 3755 3055 qui

2168 3087 2662 3160 proficiscebantur
2710 3084 2779 3139 ad
2829 3091 3030 3137 terram
3076 3079 3467 3151 promissionis
3497 3119 3516 3145 ,
3569 3077 3755 3132 afﬂicti

486 3172 694 3229 Tamen
724 3173 1151 3229 iusurrectiones
1183 3174 1425 3245 gentium
1457 3190 1617 3244 super
1656 3182 1871 3243 gentes,
1905 3185 1957 3228 et
1982 3189 2067 3228 re-

2172 3191 2320 3248 sunt,
2373 3179 2572 3233 famem
2618 3175 2765 3246 passi
2801 3184 2929 3231 sunt
2955 3172 3260 3229 carnalium
3294 3172 3551 3227 ciborum
3580 3182 3757 3226 tram-

487 3282 721 3340 gnorum
751 3268 1015 3323 adversus
1048 3283 1231 3337 regna,
1267 3276 1321 3323 et
1346 3266 1542 3331 fames,
1573 3278 1627 3322 ct
1650 3268 1992 3338 pestilentiae,
2015 3277 2070 3323 et

488 3364 831 3413 terramotus
855 3372 950 3427 per
973 3358 1092 3412 loca
1118 3366 1494 3429 exsurgentes,
1532 3358 1686 3413 initia
1722 3373 1842 3414 esse
1868 3357 2069 3413 dicun-

490 3456 581 3503 tur
608 3447 857 3518 pejorum
884 3447 1292 3514 calamitatum,
1321 3463 1460 3518 quas
1485 3447 1745 3504 Dominus
1777 3450 2070 3519 appellavit

489 3539 729 3595 dolores.
759 3535 818 3594 Si
843 3554 972 3609 ergo
1004 3538 1141 3595 tales
1165 3547 1327 3594 erunt
1347 3539 1603 3610 primitia
1634 3540 1912 3615 dolorum,
1933 3557 2069 3611 qua-

490 3632 562 3687 ha
592 3640 752 3702 putas
773 3642 936 3687 erunt
966 3630 1299 3686 incrementa
1333 3631 1629 3688 dolorum?
1668 3631 1858 3699 Qualis
1886 3642 2066 3689 autem

2172 3275 2274 3339 itu,
2306 3279 2366 3326 ut
2388 3270 2611 3326 caleste
2651 3266 2920 3336 accipiant
2955 3278 3176 3328 manna,
3216 3264 3295 3319 sic
3319 3271 3541 3333 oportet
3574 3262 3755 3333 inopia

2170 3379 2433 3424 sensuum
2488 3361 2688 3418 tentari
2739 3375 2867 3415 eum
2908 3357 3243 3429 frequenter,
3287 3364 3344 3411 et
3377 3355 3518 3410 nihil
3547 3355 3661 3425 pati
3687 3369 3754 3409 ex

2170 3474 2255 3523 ea,
2277 3456 2372 3527 qui
2403 3453 2735 3526 perfectione
2767 3449 2931 3507 Verbi
2964 3459 3048 3505 est
3084 3447 3435 3504 nutriendus.
3474 3445 3547 3500 Et
3576 3445 3754 3517 quoti—

2170 3550 2258 3605 die
2283 3550 2386 3604 hoc
2421 3549 2598 3619 ipsum
2634 3545 2882 3601 videmus
2912 3545 2965 3599 in
2989 3542 3173 3608 nobis,
3209 3539 3432 3611 quando
3454 3539 3752 3610 quaerimus

2169 3640 2405 3710 aliquem
2433 3639 2679 3694 veritatis
2703 3652 2929 3694 sensum
2965 3636 3021 3690 in
3049 3634 3350 3704 Scripturis
3379 3650 3393 3686 :
3423 3631 3745 3702 priusquam

488 3734 542 3780 et
564 3724 686 3780 linis
720 3724 828 3780 erit
871 3723 1204 3791 generalium
1247 3724 1497 3780 dolorum
1527 3725 1580 3779 in
1623 3727 1876 3780 universo
1904 3741 2068 3780 mun-
2161 3732 2516 3789 mveniamus
2538 3731 2683 3802 quod
2717 3729 3056 3800 quarimus,
3086 3726 3325 3797 aliquam
3358 3725 3605 3794 impiam
3632 3737 3749 3777 sen-

488 3816 582 3887 do,
617 3825 680 3872 ut
701 3832 812 3871 non
833 3816 948 3887 jam
984 3832 1078 3886 per
1103 3826 1303 3887 partes,
1333 3818 1429 3873 sed
1462 3818 1779 3873 universum
1812 3817 2071 3872 extermi-

489 3914 622 3960 nent
649 3906 953 3961 mundum?
983 3904 1186 3962 Tamen
1215 3908 1451 3964 arbitror
1479 3924 1599 3978 qua
1626 3917 1755 3964 sunt
1791 3917 2067 3972 secutura,

488 3994 752 4051 adversus
791 3995 988 4065 impios
1016 3994 1137 4051 fore
1168 3999 1568 4066 tantummodo,
1610 4009 1671 4054 ut
1700 4001 1754 4052 in
1787 3998 2069 4054 doloribus

490 4083 835 4141 acutissimis
873 4093 928 4140 et
952 4083 1182 4141 diutinis
1213 4088 1548 4152 crucientur,
1590 4089 1768 4143 donec
1795 4089 2071 4159 deponant

489 4192 612 4247 qua
632 4185 1001 4247 conceperant
1021 4185 1075 4232 et
1096 4176 1472 4235 formaverunt
1493 4180 1700 4235 semina
1717 4190 2065 4250 peccatorum

491 4270 561 4324 ab
587 4270 999 4341 operationibus
1028 4271 1341 4326 contrariis.
1372 4269 1437 4324 Et
1462 4270 1676 4326 Pharao
1704 4272 1922 4342 quidem
1956 4287 2067 4327 non

488 4363 627 4418 bene
675 4362 855 4419 facere
884 4366 1133 4435 cupiens,
1194 4362 1453 4432 praecepit
1494 4379 1657 4417 omne
1703 4363 2066 4417 masculinum

489 4456 858 4527 quodcunque
901 4456 1067 4511 fuerit
1110 4462 1298 4507 natum
1349 4452 1611 4519 llebrais,
1652 4464 1712 4510 ut
1745 4454 2066 4525 projiciatur

487 4548 545 4604 in
571 4548 772 4606 ﬂumen
803 4551 881 4617 ";
932 4547 1079 4602 Deus
1122 4552 1303 4598 autem
1336 4547 1513 4602 bonus
1542 4548 1700 4616 quasi
1733 4562 1860 4603 vere
1889 4547 2067 4602 bonus
2098 4543 2143 4599 D

491 4641 693 4696 occidit
738 4643 948 4698 semina
995 4642 1266 4698 malorum
1306 4656 1428 4711 qua
1468 4649 1812 4709 receperunt,
1862 4649 1922 4695 ut
1971 4655 2069 4710 per

488 4733 699 4789 multos
729 4732 949 4790 labores
994 4744 1048 4789 et
1096 4733 1314 4788 dolores
1357 4747 1420 4788 ea
1460 4730 1768 4800 deponant,
1804 4732 2064 4800 quoniam

489 4834 861 4895 conceperant
899 4824 1170 4890 dolorem,
1227 4832 1281 4879 et
1324 4828 1651 4893 pepererunt
1699 4820 2063 4890 iniquitatem.

490 4916 557 4973 Et
582 4916 713 4988 quid
743 4915 889 4972 aliud
915 4922 1069 4974 decet
1100 4916 1271 4971 Deum
1295 4952 1312 4979 ,
1364 4912 1469 4968 nisi
1515 4919 1574 4966 ut
1602 4911 1817 4967 occidat
1844 4927 2065 4968 omnem

487 5010 828 5081 iniquitatem
863 5024 1029 5080 quam
1060 5014 1324 5080 generant
1346 5012 1660 5075 peccatores
1684 5045 1699 5071 ,
1731 5003 1933 5074 quibus
1964 5004 2067 5059 hu-

485 5102 725 5169 jusmodi
762 5102 956 5157 mortis
985 5100 1102 5156 dies
1140 5098 1332 5153 melior
1356 5104 1442 5152 est
1468 5111 1634 5166 quam
1668 5095 1786 5150 dies
1815 5097 2067 5151 nativita-

488 5193 561 5248 tis
590 5193 784 5263 ipsius,
820 5193 1123 5250 secundum
1169 5190 1315 5262 quod
1348 5189 1609 5260 scriptum
1640 5197 1726 5243 est
1752 5188 1838 5244 “z
1873 5187 2065 5244 Melior

489 5283 600 5338 dies
634 5287 821 5340 mortis
855 5301 1012 5354 super
1038 5286 1177 5339 diem
1213 5283 1508 5337 nativitatis
1529 5283 1555 5334 ?
1603 5279 1695 5336 Sic
1718 5289 1773 5336 et
1807 5281 2062 5338 abortum

491 5377 769 5432 meliorem
800 5392 867 5433 eo
914 5378 1058 5447 quod
1104 5376 1368 5441 nascitur,
1424 5375 1559 5429 bene
1610 5374 1735 5443 quis
1781 5375 1964 5430 dicet:
1997 5374 2066 5430 Et

492 5459 607 5513 dixi
652 5466 842 5516 bonum
883 5480 1039 5532 super
1081 5479 1200 5517 eum
1236 5463 1502 5519 abortum.
1542 5459 1686 5515 Nam
1716 5462 1931 5517 abortus
1968 5463 2068 5518 Itu-

484 5551 724 5622 jusmodi
744 5553 796 5605 in
820 5553 1097 5609 nativitate
1123 5555 1282 5619 venit,
1312 5563 1360 5609 et
1386 5556 1441 5608 in
1463 5554 1687 5609 tenebris
1723 5553 1983 5620 ambulat,
2012 5564 2063 5609 et

488 5643 545 5697 in
573 5641 793 5697 tenebris
827 5659 1011 5698 nomen
1037 5646 1149 5715 ejus
1179 5655 1481 5717 contegetur
1498 5647 1566 5700 ⁸⁸.
1592 5644 1657 5700 Ει
1676 5645 1791 5703 hac
1807 5649 2067 5704 tractavi-

2170 3841 2329 3881 suum
2382 3825 2640 3896 patimur,
2692 3822 2868 3877 donec
2914 3820 3151 3876 solvitur
3189 3819 3245 3872 in
3285 3815 3447 3871 nobis
3483 3811 3746 3885 ejusmodi

2171 3918 2355 3987 inopia
2382 3930 2645 3992 sensuum
2669 3930 2700 3969 a
2729 3913 2861 3980 Deo,
2888 3912 2982 3983 qui
3005 3912 3100 3967 dat
3122 3909 3302 3982 dignis
3327 3923 3515 3964 escam
3542 3907 3599 3961 in
3621 3914 3746 3961 tem-

2169 4024 2300 4079 pore
2344 4016 2658 4078 opportuno
2684 4006 2752 4061 ad
2786 4003 3227 4060 manducandum
3268 4010 3323 4056 et
3362 3999 3745 4055 vestimentum

2169 4101 2238 4155 ad
2270 4098 2630 4155 induendum.
2679 4097 2906 4168 Oportet
2948 4094 3115 4151 etiam
3153 4107 3279 4148 eum
3317 4091 3416 4161 qui
3459 4089 3611 4144 videt
3641 4087 3747 4159 glo-

2168 4192 2378 4247 riosum
2422 4189 2733 4253 adventum,
2782 4186 2836 4241 id
2887 4194 2970 4241 est
3020 4183 3309 4239 adventum
3358 4178 3648 4250 sapientia
3694 4176 3744 4229 in

2170 4283 2410 4337 animam
2443 4295 2597 4335 suam
2620 4319 2636 4344 ,
2668 4292 2894 4333 necesse
2923 4283 3008 4331 est
3033 4289 3159 4329 eum
3194 4271 3379 4326 videre
3410 4266 3743 4340 pestilentias

2169 4347 2546 4428 morbidorum
2576 4384 2914 4434 sermonum,
2948 4375 3003 4421 et
3033 4364 3165 4419 nihil
3195 4363 3308 4433 pati
3346 4361 3415 4415 ab
3443 4360 3548 4414 eis.
3578 4355 3746 4412 Pesti-

2171 4465 2273 4521 feri
2310 4474 2491 4520 autem
2523 4477 2806 4520 sermones
2833 4469 2962 4515 sunt
2986 4472 3179 4512 omnes
3207 4455 3303 4524 qui
3330 4453 3401 4507 ab
3436 4448 3743 4507 hominibus

2172 4556 2446 4629 pestiferis
2484 4555 2875 4626 proferuntur,
2911 4549 3254 4620 iniquitatem
3292 4545 3347 4599 in
3376 4543 3656 4599 excelsum
3675 4539 3744 4593 lo-

2170 4648 2491 4721 quentibus,
2518 4653 2571 4702 et
2596 4643 2925 4716 ponentibus
2950 4641 3005 4695 in
3030 4640 3170 4695 calo
3199 4653 3261 4693 os
3288 4652 3452 4692 suum
3485 4635 3544 4688 in
3558 4647 3741 4703 super-

2170 4743 2262 4798 bia
2325 4749 2379 4797 et
2437 4754 2636 4812 magna
2692 4736 3055 4808 promissione
3110 4750 3125 4788 :
3174 4738 3397 4801 utputa,
3459 4721 3740 4781 Marcionis

2172 4848 2456 4892 sermones
2477 4833 2739 4888 adversus
2781 4828 3096 4884 Creatorem
3130 4823 3341 4886 mundi,
3362 4833 3417 4879 et
3439 4820 3619 4889 impia
3632 4816 3737 4876 bb-

2174 4924 2453 4996 sphemia,
2478 4922 2727 4994 quadam
2753 4919 3080 4991 pestilentia
3107 4925 3235 4974 sunt
3254 4913 3601 4976 animarum,
3622 4920 3736 4962 cor-

2175 5024 2490 5087 rumpentes
2517 5014 2798 5069 hominum
2833 5022 3062 5078 mentes,
3087 5019 3142 5065 et
3164 5007 3426 5063 facientes
3451 5004 3659 5059 animus
3683 4998 3734 5087 in

2174 5086 2363 5157 eorum
2379 5098 2428 5133 ³³
2451 5101 2861 5172 suspicionibus
2887 5108 3174 5170 aegrotare.
3202 5093 3475 5150 Valentini
3495 5090 3655 5147 etiam
3672 5086 3733 5142 de

2176 5194 2494 5250 masculinis
2508 5201 2561 5248 et
2579 5192 2858 5249 femininis
2873 5192 3086 5248 saculis
3098 5188 3373 5252 fabula,et
3387 5186 3455 5241 de
3470 5181 3730 5238 nativitate

2173 5284 2459 5340 Creatoris
2488 5284 2677 5340 mundi
2706 5299 2872 5354 quam
2907 5299 2975 5339 ex
3011 5282 3147 5337 falsa
3176 5279 3447 5350 sapientia
3479 5276 3730 5331 conﬂuxe-

2171 5387 2324 5446 runt,
2351 5388 2405 5433 et
2428 5392 2766 5448 quacunque
2787 5375 2895 5431 alia
2926 5375 3227 5447 garrulam,
3274 5372 3407 5444 quid
3437 5369 3583 5426 aliud
3615 5373 3727 5423 sunt

2172 5470 2281 5527 nisi
2313 5470 2674 5540 pestilentia;
2701 5468 2958 5524 Basilidis
2989 5482 3207 5539 quoque
3239 5477 3548 5530 sermones,
3572 5461 3728 5515 detra-

2172 5561 2363 5616 hentes
2392 5560 2611 5631 quidem
2642 5560 2723 5615 eis
2745 5559 2838 5630 qui
2873 5575 3047 5629 usque
3077 5558 3146 5613 ad
3168 5564 3398 5611 mortem
3422 5558 3625 5609 certant
3637 5560 3724 5617 pro

2169 5654 2483 5721 veritate,ut
2510 5655 2872 5709 confiteantur
2890 5666 3074 5707 coram
3100 5647 3416 5704 hominibus
3432 5642 3632 5707 Jesum,
3651 5637 3715 5690 itt-

558 5758 604 5789 ⁷⁸
635 5755 826 5814 Matth.
869 5773 1020 5827 XXIV,
1047 5759 1099 5814 7.
1175 5760 1411 5817 "Exod.
1439 5778 1477 5830 ι,
1508 5761 1594 5818 16.
1674 5762 1719 5795 ⁸ο
1756 5760 1933 5823 Eccle.
1960 5768 2129 5837 vn,2.
2207 5769 2247 5801 ⁸·
2293 5769 2473 5825 Ecclc.
2502 5784 2580 5837 vt,
2624 5770 2679 5837 5,
2707 5769 2760 5825 4.
2835 5770 2880 5802 ⁸³
2911 5766 3104 5822 Matth.
3150 5780 3302 5824 xxiv.
3336 5764 3390 5819 8.
3465 5757 3606 5813 “Al.
3644 5768 3717 5809 er-

488 5842 663 5882 rerum
672 5866 687 5881 .
