4004 6540
299 386 442 443 1653

1469 384 2123 447 ΟΟΜΜΕΝΤΑΙΠΟΒΗΜ
2161 389 2424 452 SERIES.

3426 399 3564 457 1654

299 506 617 565 (Ιίσθτεηιθν
639 505 804 579 857
839 514 1031 564 autem.
1051 521 1209 578 agere
1235 506 1492 567 docentes
1525 512 1591 566 ad
1624 514 1886 595 denegans
1915 520 1960 577 Λ
1990 513 2152 569 stiani
2199 517 2252 571 in
2290 514 2695 581 tribulationes,
2741 522 2794 570 et
2824 515 3033 574 dantes
3058 517 3426 574 testiinonium
3463 532 3561 575 ve-

301 601 526 664 dum,et
547 600 614 655 ad
637 599 1054 656 sacriﬁcandum
1086 600 1191 655 diis
1221 601 1433 669 alienis,
1462 619 1568 658 non
1596 606 1777 661 minus
1801 622 1887 675 pe-

300 691 543 746 stilieant
568 699 623 746 et
642 700 1001 761 corrumpunt
1040 692 1321 749 audientes
1347 709 1426 760 se,
1461 697 1554 766 qui
1597 697 1650 753 in
1690 696 1883 753 iisdem

300 782 650 836 sermonibus
676 781 872 837 docent
907 796 1015 836 non
1044 796 1165 837 esse
1217 782 1352 838 alias
1386 794 1733 854 peccatorum
1772 804 1885 857 po:-

301 887 403 926 nas
430 870 535 927 nisi
570 871 1129 940 trauscorporationes
1150 874 1455 931 animarum
1475 883 1598 945 post
1622 885 1875 933 mortem.

301 959 438 1017 Nam
459 973 517 1018 ut
537 964 805 1019 dimittam
827 962 1114 1019 manifeste
1137 963 1333 1021 falsum
1356 982 1477 1022 esse
1500 970 1644 1037 quod
1662 969 1881 1038 dicitur,

303 1057 485 1112 adhuc
531 1065 713 1113 autem
764 1057 959 1113 tollunt
1003 1059 1072 1113 ab
1114 1059 1430 1116 hominibus
1479 1062 1772 1117 salutarem
1814 1064 1883 1117 ti-

304 1163 537 1215 morem,
568 1156 623 1203 et
646 1149 742 1219 qui
766 1149 850 1203 vel
880 1157 1100 1220 propter
1129 1151 1382 1206 timorem
1423 1152 1729 1208 futurarum
1763 1170 1881 1223 pue-

306 1255 501 1295 narum
542 1243 811 1297 servaturi
849 1257 909 1297 se
937 1242 1153 1298 fuerant
1196 1260 1227 1299 a
1257 1246 1603 1301 multitudine
1633 1257 1886 1316 peccato-

304 1347 451 1399 rum,
485 1332 736 1388 nutriunt
773 1333 1053 1389 audaciam
1100 1335 1393 1406 impietatis
1441 1352 1654 1392 eorum.
1703 1337 1883 1394 Multa:

306 1423 476 1494 igitur
511 1424 686 1481 fames
716 1434 769 1481 et
798 1427 1122 1497 pestilentia:
1175 1438 1337 1484 erunt
1395 1431 1654 1486 omnibus
1698 1431 1883 1487 videre

302 1513 619 1571 volentibus
669 1516 964 1586 gloriosum
998 1518 1205 1574 Christi
1255 1519 1547 1575 adventum
1603 1522 1659 1576 in
1698 1523 1881 1578 anima

304 1619 426 1668 sua,
478 1607 573 1662 sed
614 1608 753 1663 nihil
797 1609 879 1665 eis
925 1611 1220 1666 nocebunt.
1270 1610 1545 1668 Videbunt
1580 1614 1725 1668 enim
1760 1624 1881 1669 tan-

305 1699 591 1753 tummodo
617 1715 732 1765 eas,
764 1702 859 1757 sed
891 1702 1029 1757 nihil
1067 1703 1343 1772 patientur
1373 1704 1441 1758 ab
1475 1704 1574 1760 eis.
1601 1705 1882 1761 Patientur

307 1797 489 1844 autem
526 1799 581 1844 et
608 1801 791 1847 motus
824 1808 1015 1847 eorum
1043 1809 1166 1863 quae
1195 1805 1511 1864 quaerentur
1539 1798 1591 1850 in
1629 1798 1879 1867 plurimis

1989 610 2135 665 ritati
2178 620 2306 666 sunt
2356 608 2648 677 interfecti,
2690 618 2744 665 et
2780 611 2904 665 odio
2934 611 3102 667 habiti
3143 620 3273 667 sunt
3309 611 3563 683 gentibus

1986 717 2111 757 cum
2145 703 2346 773 quibus
2403 704 2803 759 habitaverunt.
2867 705 3142 760 Adversus
3194 705 3333 759 hanc
3376 713 3558 761 autem

1985 795 2340 864 quaestionem
2387 796 2481 865 qui
2534 798 2835 852 secundum
2884 797 3046 851 verba
3078 797 3192 851 vult
3239 797 3558 868 intelligere,

1986 885 2335 954 respondebit
2357 886 2616 955 quoniam
2648 896 2779 942 tunc
2822 886 3059 942 maxime
3089 885 3370 941 tradentur
3397 886 3558 941 Chri-

1985 977 2145 1033 stiani
2194 977 2244 1031 in
2289 977 2690 1045 tribulationcs,
2730 977 3194 1048 quemadmodum
3241 991 3556 1046 nunquam:

1986 1077 2115 1124 tunc
2163 1069 2291 1125 odio
2336 1069 2572 1124 habendi
2623 1070 2859 1125 maxime
2900 1070 2970 1124 ab
3009 1069 3265 1124 omnibus
3307 1067 3560 1138 gentibus

1985 1159 2427 1214 cohabitantihus
2460 1159 2585 1226 sibi,
2617 1159 2762 1214 sicut
2804 1175 3123 1229 nunquam;
3166 1167 3220 1213 et
3252 1156 3434 1213 omnia
3459 1171 3561 1227 pa-

1985 1250 2187 1305 tientur
2227 1265 2326 1321 pro
2376 1251 2596 1306 nomine
2624 1250 2853 1320 Christi,
2899 1265 3024 1306 cum
3076 1251 3379 1307 surrexerit
3425 1264 3559 1322 gens

1984 1353 2173 1398 contra
2232 1351 2469 1414 gentem,
2518 1351 2573 1399 et
2604 1358 2831 1414 regnum
2875 1344 3137 1400 adversus
3179 1357 3407 1413 regnum
3450 1357 3463 1394 :
3506 1350 3562 1397 et

1982 1435 2113 1490 ﬁent
2141 1434 2330 1498 fames,
2355 1444 2410 1489 et
2441 1435 2781 1506 pestilentiae,
2813 1446 2867 1491 et
2894 1442 3238 1490 ter-racmtntus
3290 1449 3385 1503 per
3412 1433 3552 1489 loca.

1983 1524 2182 1579 Amant
2238 1526 2382 1580 enim
2434 1528 2527 1596 qui
2587 1527 2639 1580 in
2694 1526 3101 1582 calamitatibus
3150 1533 3313 1590 sunt,
3362 1538 3561 1579 causas

1980 1631 2167 1671 earum
2194 1617 2575 1684 discutientes,
2615 1617 2859 1673 invenire.
2906 1616 3111 1688 aliquid
3143 1615 3287 1686 quod
3328 1614 3561 1685 loquan-

1982 1714 2089 1764 tur.
2131 1707 2269 1762 Cum
2301 1708 2415 1763 haec
2439 1724 2570 1779 ergo
2601 1708 2932 1780 contigerint
2960 1708 3186 1775 mundo,
3217 1720 3561 1776 consequens

1980 1808 2062 1854 est
2086 1800 2242 1870 quasi
2270 1800 2777 1871 derelinqucntibus
2824 1801 3139 1856 hominibus
3167 1799 3394 1855 deorum
3437 1799 3558 1854 cul-

304 1881 440 1936 locis
467 1882 895 1953 Scripturarum,
919 1886 1450 1943 verisimilitudinem
1479 1890 1882 1946 contrarietatis
1917 1879 1955 1934 Β
1985 1898 2186 1956 turam,
2220 1901 2278 1947 ut
2315 1902 2536 1962 propter
2577 1891 2977 1949 multitudinem
3011 1887 3447 1947 Christianorum
3475 1889 3561 1945 di-

302 1974 389 2028 vcl
426 1976 832 2031 mendaciorum
881 1978 1235 2047 habentibus;
1275 1979 1368 2036 sed
1393 1963 1745 2051 postmodum
1785 1998 1881 2053 pa-

304 2066 510 2122 tientur
543 2068 701 2135 nihil,
734 2084 833 2123 nec
858 2078 1039 2127 motus
1068 2071 1404 2126 auditionum
1433 2072 1691 2129 falsarum
1724 2076 1884 2131 vellet

304 2173 401 2214 eos
439 2158 509 2213 ab
544 2161 950 2229 exspectatione
988 2162 1211 2231 gloriosi
1254 2172 1308 2218 et
1350 2164 1518 2219 divini
1563 2174 1617 2222 et
1658 2165 1879 2237 perfecti

302 2250 570 2307 adventus
605 2250 731 2308 Jcsu
766 2254 969 2309 Christi
998 2254 1181 2310 Verbi.
1240 2256 1306 2312 Et
1342 2259 1434 2328 qui
1479 2260 1727 2318 dicturus
1759 2273 1876 2318 est:

300 2342 339 2394 A
378 2343 566 2398 timore
599 2355 710 2409 tuo,
747 2344 985 2413 Domine,
1033 2348 1089 2401 in
1121 2359 1269 2404 utero
1312 2359 1402 2404 tuo
1434 2354 1785 2422 concepimus,
1828 2367 1877 2409 et

298 2433 713 2500 parturivimus,
758 2444 807 2488 et
843 2437 1139 2505 peperimus
1186 2439 1436 2508 spiritum
1492 2440 1684 2497 salutis
1725 2460 1879 2513 quem

300 2524 479 2592 fecisti
508 2541 664 2595 super
695 2535 890 2580 terram
912 2527 979 2595 ⁸⁸,
1015 2538 1110 2583 aut
1145 2532 1446 2587 secundum
1488 2535 1633 2603 quod
1670 2535 1877 2590 dictum

298 2623 387 2669 est
413 2634 441 2670 :t
460 2614 593 2670 Filii
631 2619 732 2671 mei
759 2635 889 2689 quos
923 2624 1113 2676 iterum
1138 2626 1401 2692 parturio,
1429 2627 1592 2681 donec
1617 2627 1879 2697 formetur

297 2705 548 2763 Christus
583 2709 638 2763 in
680 2712 819 2765 vobis
854 2712 921 2779 ⁸⁸,
962 2728 1185 2770 necesse
1223 2725 1307 2771 est
1333 2732 1460 2772 eum
1504 2718 1559 2773 in
1591 2720 1783 2789 primis
1822 2721 1877 2776 in

297 2800 556 2857 omnibus
594 2802 713 2858 istis
753 2804 1036 2860 doloribus
1074 2805 1190 2861 ﬁeri
1230 2807 1412 2875 famis,
1453 2819 1502 2864 et
1543 2810 1879 2880 pestilentia-

296 2907 442 2958 rum,
475 2902 529 2947 et
555 2904 799 2950 motuum
826 2913 840 2951 :
872 2899 1020 2968 quod
1058 2900 1338 2956 sustinens
1366 2902 1539 2970 pariet
1568 2903 1711 2974 quod
1740 2920 1876 2960 con-

294 2981 441 3037 cenit
471 2991 524 3037 et
562 2982 821 3040 formavit
854 2987 908 3041 in
944 3003 1003 3042 se
1024 2987 1302 3045 Christum
1339 2989 1599 3058 Verbum,
1645 3002 1703 3048 ut
1731 2994 1877 3049 dicat

297 3071 354 3127 in
387 3074 673 3131 uativitate
714 3077 872 3148 ejus:
908 3078 1041 3134 Ecce
1079 3080 1384 3152 evangeliea
1429 3083 1573 3138 vobis
1618 3086 1872 3155 gaudium

291 3182 544 3237 magnum
585 3170 652 3235 ⁸⁸,
695 3180 752 3227 et
785 3171 1011 3243 gloriam
1057 3174 1112 3228 in
1156 3175 1388 3232 excelsis
1427 3174 1558 3245 Deo,
1599 3187 1653 3232 et
1682 3193 1869 3249 pacem

293 3274 460 3329 super
483 3269 624 3316 terra
634 3277 707 3316 m.

361 3353 454 3408 59.
500 3352 647 3407 Tunc
686 3356 900 3411 tradent
929 3373 1017 3413 vos
1050 3359 1105 3413 in
1137 3360 1528 3430 tribulationes,
1561 3373 1611 3418 et
1639 3365 1875 3420 occident

293 3454 496 3500 vos:et
522 3447 672 3499 eritis
704 3448 826 3501 odio
878 3450 1123 3504 omnibus
1162 3451 1397 3522 gentibus
1439 3465 1652 3524 propter
1690 3471 1876 3509 nomen

296 3553 490 3593 meum.
538 3537 603 3594 Et
650 3550 775 3595 tunc
807 3540 1320 3598 scandalizabuntur
1362 3545 1537 3610 multi,
1570 3556 1619 3600 et
1654 3548 1874 3602 inuicem

295 3630 533 3694 tradent,
568 3630 691 3684 odio
722 3631 983 3687 habebunt
1012 3633 1252 3703 invicem,
1299 3644 1349 3690 et
1372 3638 1529 3690 multi
1549 3641 1873 3707 pseudopro-

293 3720 465 3790 phetis
504 3722 810 3793 insurgent,
851 3733 901 3778 et
950 3725 1197 3780 seduceut
1250 3726 1479 3793 multos;
1525 3738 1574 3783 et
1624 3732 1874 3800 quoniam

296 3812 587 3869 abundauit
619 3815 895 3886 iniquitas,
934 3817 1237 3888 refrigescet
1278 3819 1514 3874 cltaritas
1546 3822 1872 3878 multorum:

294 3906 386 3961 sed
434 3908 526 3977 qui
564 3908 911 3977 permanserit
960 3908 1016 3963 in
1056 3911 1240 3981 ﬁnem,
1290 3911 1374 3965 hic
1419 3912 1596 3968 salvus
1628 3917 1749 3969 erit.
1802 3917 1873 3971 Et

291 3998 681 4053 medicabitur
708 3999 806 4053 hoc
840 3998 1183 4070 Evangelium
1214 4003 1361 4073 regni
1395 4004 1449 4058 in
1484 4005 1729 4061 universo
1752 4008 1875 4064 orbe

295 4088 354 4142 in
397 4089 755 4144 testimonium
823 4091 1064 4146 omnibus
1113 4093 1391 4165 gentibus,
1447 4106 1496 4149 et
1539 4104 1663 4150 tunc
1709 4099 1875 4153 veniet

294 4179 421 4247 ﬁnis
448 4178 514 4233 ⁸⁷.
548 4177 613 4233 Ει
645 4179 765 4235 sine
786 4180 1129 4251 expositione
1157 4182 1378 4252 quidem
1415 4191 1594 4240 textus
1632 4201 1660 4240 a
1691 4172 1873 4257 sei'pso

291 4277 382 4323 est
427 4269 784 4335 manifestus,
842 4271 1101 4341 quoniam
1162 4271 1475 4343 frequenter
1523 4275 1707 4330 traditi
1747 4287 1875 4332 sunt

294 4361 551 4432 discipuli
583 4360 786 4418 Christi
831 4361 885 4416 in
926 4362 1340 4428 tribulationes,
1392 4374 1447 4420 et
1486 4378 1706 4436 propter
1738 4367 1872 4424 Ver-

294 4456 428 4512 bum
457 4465 586 4512 sunt
616 4454 906 4521 interfecti,
933 4465 985 4511 et
1007 4464 1224 4527 propter
1245 4456 1525 4513 Christum
1553 4460 1678 4513 odio
1702 4460 1873 4516 habiti

1981 1992 2105 2039 cant
2130 1984 2245 2040 fieri
2273 1984 2434 2049 bella,
2460 1994 2512 2039 et
2539 1983 2729 2049 fames,
2760 1992 2814 2039 et
2840 1983 3199 2054 pestilentias.
3223 1982 3559 2054 Frequenter

1981 2076 2125 2130 enim
2173 2075 2334 2133 famis
2389 2092 2555 2134 causa
2599 2076 2943 2132 Christianos
2991 2077 3284 2146 culparunt
3330 2076 3560 2148 gentiles

1980 2174 2034 2219 et
2066 2165 2380 2236 quicunque
2427 2165 2712 2234 sapiebant
2744 2178 2886 2234 qua:
2929 2162 3171 2235 gentium
3222 2171 3351 2218 sunt
3394 2178 3408 2214 :
3462 2162 3558 2218 sed

1979 2265 2033 2312 et
2063 2256 2499 2326 pestilentiarum
2536 2272 2731 2312 causas
2780 2259 2845 2310 ad
2880 2254 3085 2310 Christi
3124 2252 3424 2309 Eeclesiam
3472 2267 3557 2307 re-

1980 2347 2241 2403 tulerunt.
2276 2348 2494 2403 Scimus
2532 2356 2715 2402 autem
2774 2355 2829 2403 et
2857 2344 3000 2416 apud
3042 2359 3146 2401 nos
3190 2348 3556 2405 terraemotum

1979 2439 2184 2496 factum
2224 2441 2281 2496 in
2316 2441 2451 2496 locis
2482 2422 2833 2511 quibusdam,
2876 2447 2929 2492 et
2972 2437 3145 2493 factas
3194 2435 3364 2493 fuisse
3393 2450 3561 2507 quas-

1980 2530 2106 2587 dam
2152 2532 2363 2597 ruiuas,
2407 2531 2479 2585 ita
2523 2540 2584 2585 ut
2623 2531 2719 2602 qui
2766 2540 2923 2585 erant
2965 2529 3116 2599 impii
3163 2537 3315 2584 extra
3372 2527 3556 2593 fidem,

1978 2637 2202 2679 causam
2252 2630 2594 2677 terraemotus
2652 2621 2900 2676 dicerent
2927 2618 3295 2685 Christianos,
3338 2625 3560 2689 propter
3643 2635 3647 2639 ·

1978 2714 2123 2785 quod
2161 2723 2215 2770 et
2245 2714 2654 2785 persecutiones
2687 2727 2863 2782 passa:
2906 2722 3034 2767 sunt
3063 2709 3347 2776 Ecclesiae,
3378 2717 3433 2765 et
3454 2709 3561 2779 lin-

1977 2820 2156 2861 cens'e
2186 2813 2347 2869 sunt;
2394 2820 2501 2859 non
2552 2805 2729 2860 solum
2768 2810 2951 2859 autem
2994 2804 3091 2871 illi,
3123 2804 3217 2861 sed
3257 2811 3313 2859 et
3345 2802 3443 2875 qui
3472 2803 3559 2858 vl-

1977 2897 2245 2952 debantur
2277 2896 2596 2965 prudentes,
2626 2895 2757 2950 talia
2799 2896 2855 2950 in
2881 2895 3101 2965 publico
3135 2894 3401 2963 dicerent,
3428 2895 3557 2964 quia

1979 2993 2199 3056 prepter
2254 2984 2597 3039 Christianos
2648 2986 2786 3039 liunt
2832 2984 3139 3054 gravissimi
3196 2992 3555 3041 terrmmotus.

1978 3074 2135 3142 Quod
2169 3086 2350 3129 autem
2384 3075 2606 3141 dicitur,
2647 3084 2695 3129 et
2724 3075 2874 3130 eritis
2903 3075 3024 3129 odio
3053 3075 3295 3128 omnibus
3320 3074 3556 3144 gentibus

1978 3177 2190 3238 propter
2221 3184 2408 3222 nomen
2440 3184 2633 3233 meum,
2666 3168 2747 3224 sic
2776 3166 2988 3223 salvare
3018 3167 3143 3236 quis
3177 3167 3396 3236 poterit,
3426 3167 3557 3237 quia

1977 3276 2258 3332 nunquam
2312 3259 2530 3331 quidem
2582 3261 2636 3315 in
2686 3275 2863 3315 unum
2915 3267 3316 3316 consenserunt
3365 3273 3559 3315 omnes

1977 3362 2163 3424 gentes
2192 3352 2460 3409 adversus
2488 3352 2833 3408 Christianos
2881 3370 2896 3408 :
2939 3366 3065 3406 cum
3102 3359 3285 3408 autem
3314 3349 3558 3422 contige-

1976 3444 2087 3499 rint
2108 3459 2232 3514 quae
2253 3443 2506 3501 Christus
2536 3443 2803 3513 praedixit,
2836 3452 2969 3499 tunc
2999 3444 3156 3515 quasi
3190 3441 3558 3501 succendendi

1976 3543 2106 3591 sunt
2141 3550 2334 3590 omnes
2376 3549 2406 3589 a
2448 3534 2777 3606 quibusdam
2823 3534 3117 3605 gentilibus
3166 3533 3560 3604 incipientibus

1975 3627 2321 3683 Christianos
2376 3627 2619 3698 culpare.
2677 3633 2738 3680 ut
2786 3633 2918 3681 tunc
2964 3625 3096 3701 fiant
3150 3623 3560 3695 persecutiones

1971 3717 2083 3790 jam
2111 3734 2220 3775 non
2247 3735 2312 3775 ex
2337 3729 2490 3790 parte
2514 3719 2658 3775 sicut
2688 3726 2838 3784 ante,
2868 3716 2963 3773 sed
2992 3715 3320 3787 generaliter
3352 3714 3560 3786 ubique

1975 3810 2240 3867 adversus
2280 3811 2538 3881 populum
2591 3808 2709 3865 Dei.
2779 3808 2935 3864 Tune
2995 3807 3273 3880 continget
3312 3807 3445 3863 illud
3495 3813 3557 3864 ut

1974 3900 2133 3956 multi
2176 3900 2616 3957 scandalizentur
2656 3898 2753 3969 qui
2809 3898 3061 3953 videntur
3100 3897 3159 3952 in
3217 3896 3323 3954 lide
3372 3896 3558 3954 consi-

1976 4002 2139 4057 stere,
2186 4000 2241 4047 et
2287 4006 2348 4048 se
2392 3991 2529 4047 alter
2575 3989 2806 4045 alterum
2851 3989 3097 4054 tradent,
3130 3996 3186 4044 et
3225 3988 3331 4044 erit
3366 3987 3553 4044 odium

1975 4086 2116 4141 inter
2141 4087 2288 4157 ipsos
2314 4085 2478 4141 etiam
2509 4085 2603 4155 qui
2629 4083 2880 4139 videntur
2901 4083 3106 4139 ﬁdeles.
3131 4081 3288 4158 Tunc
3317 4082 3554 4155 pseudo-

1974 4179 2249 4250 prophet'n
2290 4178 2444 4234 multi
2483 4177 2770 4248 insurgcnt
2811 4177 3214 4232 multitudinem
3249 4176 3556 4234 insensato-

1974 4286 2096 4325 rum
2140 4269 2392 4325 fallentes
2419 4284 2434 4333 ;
2460 4276 2590 4323 tunc
2615 4276 2671 4322 et
2704 4265 3089 4335 refrigescente
3134 4265 3400 4322 charitate
3439 4279 3553 4321 non

1975 4363 2151 4419 solum
2192 4359 2333 4430 apud
2375 4359 2642 4425 infideles,
2675 4358 2769 4413 sed
2799 4358 2968 4413 etiam
3010 4358 3063 4412 in
3113 4357 3247 4428 ipsis
3272 4357 3550 4424 ﬁdelibus,
3608 4366 3611 4369 ’

1976 4461 2032 4509 et
2070 4452 2252 4510 fervor
2292 4450 2581 4507 charitatis
2614 4465 2680 4505 ex
2721 4449 2912 4505 multis
2959 4449 3348 4518 iniquitatibus
3392 4448 3556 4505 refri-

294 4550 571 4623 gentibus.
620 4548 677 4604 Si
714 4559 894 4604 autem
950 4551 1223 4606 discutere
1264 4554 1388 4623 quis
1440 4554 1564 4608 velit
1597 4556 1740 4625 quod
1774 4557 1870 4621 ait,

1980 4554 2184 4617 gescet.
2217 4544 2290 4599 ita
2330 4552 2389 4599 ut
2422 4542 2581 4613 pauci
2624 4549 2944 4596 remaneant
2972 4548 3246 4597 certantes
3274 4556 3375 4612 pro
3403 4541 3551 4598 veri-

290 4641 539 4697 cmnibus
568 4641 827 4711 gentibus,
877 4657 983 4697 non
1024 4643 1159 4699 satis
1201 4643 1437 4699 inveniet
1479 4657 1710 4713 certum,
1741 4663 1877 4718 quo-

1979 4644 2088 4693 tate
2137 4649 2312 4704 usque
2363 4632 2431 4687 ad
2478 4632 2663 4696 linem,
2705 4631 2801 4701 qui
2848 4641 2903 4686 et
2952 4630 3200 4687 salvandi
3250 4640 3381 4687 sunt
3428 4632 3552 4688 soli.

292 4732 442 4787 niam
474 4733 730 4790 omnibus
761 4733 928 4788 etiam
956 4735 1008 4789 in
1035 4735 1245 4824 ultimis
1273 4737 1521 4806 partibus
1552 4746 1707 4793 terra:
1726 4754 1881 4794 com-

297 4824 640 4880 morantibus
668 4825 919 4895 gentibus
958 4826 1086 4880 odio
1112 4826 1345 4882 habetur
1374 4830 1609 4899 populus
1634 4829 1870 4885 Christi:

296 4915 408 4971 nisi
453 4916 590 4972 forte
623 4926 677 4971 et
706 4916 794 4971 hic
821 4917 1019 4987 aliquis
1050 4917 1196 4973 dicat
1236 4929 1460 4990 prepler
1500 4923 1874 4993 exaggeratio-

1976 4726 2044 4781 Et
2077 4725 2130 4780 in
2161 4724 2267 4780 hoc
2292 4730 2439 4779 statu
2467 4723 2780 4779 constitutis
2809 4724 2995 4788 rebus,
3026 4722 3377 4795 Evangelium
3409 4724 3553 4795 quod

1976 4817 2129 4887 prius
2159 4830 2268 4870 non
2296 4814 2473 4870 fuerat
2513 4814 2865 4884 praedicatum
2907 4813 2959 4868 in
2994 4822 3107 4869 toto
3131 4813 3339 4869 mundo
3373 4812 3552 4885 (multi

1973 4906 2121 4961 enim
2159 4921 2265 4960 non
2298 4905 2477 4960 solum
2510 4903 2890 4968 barbararum,
2921 4905 3016 4960 sed
3046 4904 3210 4959 etiam
3239 4912 3554 4959 nostrarum

297 5019 421 5058 ueni
469 5004 706 5074 positum
756 5007 997 5060 omnibus
1037 5021 1138 5076 pro
1178 5008 1384 5065 multis.
1428 5008 1744 5080 Proponens
1775 5026 1878 5066 au-
1976 4998 2239 5068 gentium,
2266 5012 2441 5067 usque
2470 5013 2617 5052 nunc
2654 5012 2762 5051 non
2797 4995 3087 5051 audierunt
3114 4994 3556 5052 Christianitatis

297 5104 408 5160 tem
453 5096 550 5151 tibi
600 5097 743 5167 quod
787 5098 952 5162 dicit,
1015 5107 1138 5152 tunc
1188 5100 1400 5155 tradent
1455 5117 1605 5166 ros,
1634 5101 1877 5158 invenies

1979 5088 2266 5161 verbum),
2325 5096 2456 5143 tunc
2513 5096 2696 5142 autem
2725 5086 2772 5119 ⁸⁸
2804 5086 3204 5156 praedicabitur,
3266 5094 3327 5141 ut
3375 5088 3559 5144 omnis

295 5186 681 5257 quaestionem.
737 5186 848 5244 Nec
904 5189 1052 5244 enim
1115 5198 1405 5267 postquam
1460 5194 1877 5267 insurrexerunt

1979 5197 2109 5252 gens
2143 5181 2510 5251 evangelicam
2557 5179 2746 5234 audiat
2793 5179 3258 5250 praedicationem,
3295 5187 3351 5233 et
3397 5194 3561 5234 nemo

297 5294 433 5349 gens
465 5288 652 5335 contra
685 5292 920 5351 gentem,
956 5290 1012 5336 et
1036 5262 1266 5353 regnum
1314 5284 1578 5341 adversus
1620 5262 1870 5358 regnum,
1978 5272 2391 5341 derelinquatur
2420 5271 2514 5342 qui
2561 5287 2669 5327 non
2709 5271 2935 5337 audivit,
2970 5280 3025 5326 et
3060 5277 3191 5325 tunc
3228 5269 3334 5325 erit
3373 5269 3558 5358 saeculi

295 5379 356 5427 et
406 5380 532 5441 post
599 5370 771 5428 fames
829 5383 882 5427 et
942 5374 1283 5443 pestilentias
1345 5390 1442 5445 per
1512 5377 1631 5432 loca
1659 5355 1705 5441 ,⁷
1741 5385 1872 5432 tunc
1981 5365 2127 5421 ﬁnis.
2164 5363 2221 5418 Si
2254 5371 2437 5418 amem
2476 5363 2594 5417 hac
2626 5362 2698 5416 ίω
2729 5376 2787 5416 Sc
2819 5359 3038 5425 habent.
3065 5359 3177 5425 iam
3219 5374 3330 5413 ηοη
3392 5355 3562 5430 858

296 5461 481 5516 traditi
525 5469 654 5517 sunt
689 5462 743 5516 in
776 5462 1176 5528 tribulationcs,
1203 5474 1258 5520 et
1289 5464 1458 5521 occisi
1487 5473 1636 5530 sunt,
1664 5475 1719 5521 et
1747 5466 1873 5521 odio
1982 5456 2369 5529 ignorabimus
2397 5456 2464 5511 de
2489 5470 2555 5511 eo
2582 5453 2728 5526 quod
2753 5452 2905 5519 dicit.
2929 5462 3054 5506 tunc
3082 5451 3293 5507 tradent
3315 5465 3426 5516 vos.
3454 5466 3555 5506 nec

1981 5550 2180 5607 falsum
2213 5547 2621 5620 suspicabimur
2655 5546 2802 5617 quod
2831 5545 2928 5612 ait,
2966 5552 3017 5599 et
3051 5544 3202 5599 eritis
3234 5544 3355 5598 odio
3384 5543 3558 5605 omni.-

1986 5643 2082 5699 bus
2119 5642 2357 5715 gentibus
2386 5651 2595 5711 propter
2634 5654 2822 5695 nomen
2860 5652 3052 5704 meum,
3081 5635 3328 5693 dicentes
3358 5635 3560 5692 verita-

299 5553 475 5610 habiti
504 5555 573 5609 ab
601 5555 856 5611 omnibus
882 5555 1135 5626 gentibus
1160 5564 1377 5627 propter
1406 5572 1600 5611 nomen
1629 5555 1871 5612 Christi:

296 5661 429 5702 nam
472 5653 529 5702 et
558 5645 877 5718 priusquam
923 5647 1037 5703 haec
1072 5648 1284 5717 tierent,
1329 5648 1513 5705 traditi
1560 5656 1688 5704 sunt
1716 5646 1874 5711 Chri-

2984 5829 3028 5863 '°
3049 5826 3179 5884 Dele
3204 5834 3397 5881 autem.

946 5837 991 5870 ⁸⁸
1014 5836 1199 5893 Galat;
1222 5855 1294 5906 iV,
1326 5840 1405 5894 l9.
1503 5839 1546 5871 ⁸⁶
1572 5838 1703 5894 Luc.
1746 5854 1804 5904 it,
1837 5838 1877 5892 it

2000 5836 2084 5899 li.
2159 5837 2201 5870 ⁸⁷
2232 5834 2418 5890 Matth.
2443 5849 2589 5899 xxxv,
2613 5831 2647 5888 9
2679 5839 2733 5888 et
2752 5846 2906 5901 seqq.

371 5832 419 5866 “
438 5833 547 5889 Isa.
570 5850 719 5900 xm,
746 5835 830 5890 i8.
