4004 6528
460 391 480 443 l
491 388 599 444 655

1673 379 1996 440 ORIGENIS
2031 378 2098 436 IN
2140 379 2571 450 ΜΑΤίωΕυωι

3583 377 3740 436 Ιϐὗῦ

459 516 568 562 tem
611 506 776 578 hujus
817 507 967 562 verbi
1009 506 1251 562 nondum
1292 521 1414 562 esse
1455 505 1755 575 impletam,
1785 501 2026 573 quandiu
2056 505 2104 563 Α
2133 517 2241 556 non
2285 515 2476 556 omnes
2516 497 2919 569 apprehendere
2957 504 3187 566 possunt
3219 511 3235 550 :
3267 512 3389 568 qua
3419 513 3589 554 causa
3623 498 3731 552 ﬁet

455 615 568 654 non
625 607 708 655 est
764 598 966 654 factum
1012 599 1158 669 quod
1223 598 1332 665 ait,
1383 594 2035 651 tuncscandalizabuntur

456 689 643 754 multi,
699 696 750 742 et
804 689 1029 742 invicem
1083 689 1315 742 tradent.
1378 683 1630 740 Nondum
1681 683 1830 740 enim
1879 684 2036 740 multi

456 777 764 849 proditores
795 777 862 832 de
893 775 1134 832 Ecclesia
1184 776 1312 831 facti
1347 783 1496 844 sunt,
1536 782 1590 830 et
1621 774 1862 829 nondum
1912 772 2036 828 falsi

457 871 734 940 prophetae
765 869 1094 926 exstiterunt
1123 869 1324 924 multos
1355 867 1604 923 fallentes
1643 884 1656 918 :
1689 867 1768 922 sic
1810 875 1864 920 et
1893 881 2035 920 non-

458 960 588 1015 dum
620 961 746 1016 odio
779 961 948 1015 babiti
977 973 1105 1017 sunt
1133 961 1201 1016 ab
1225 960 1481 1014 omnibus
1508 959 1756 1030 gentibus
1783 957 1945 1013 etiam
1981 957 2038 1012 in

461 1054 666 1108 ultimis
697 1052 944 1123 partibus
983 1061 1142 1106 terrm
1169 1050 1561 1116 habitantibus,
1590 1057 1810 1120 propter
1835 1064 2035 1104 nomen

457 1147 684 1212 Christi,
711 1145 794 1201 sic
825 1155 879 1199 et
910 1145 1150 1200 nondum
1188 1153 1270 1198 est
1296 1143 1648 1214 prmdicatum
1683 1141 2035 1213 Evangelium

458 1237 610 1308 regni
658 1237 712 1290 in
755 1245 870 1290 toto
917 1234 1068 1289 orbe.
1117 1233 1235 1288 Non
1276 1235 1423 1290 enim
1470 1233 1641 1288 fertur
1682 1233 2036 1304 praedicatum

458 1339 580 1381 esse
611 1325 960 1396 Evangelium
1013 1325 1155 1391 apud
1210 1339 1402 1380 omnes
1425 1322 1747 1394 Ethiopas,
1799 1322 2038 1377 maxime

459 1416 602 1485 apud
651 1431 748 1471 eos
797 1418 893 1486 qui
951 1423 1080 1471 sunt
1123 1414 1265 1468 ultra
1315 1414 1554 1480 ﬂumen;
1602 1415 1697 1470 sed
1751 1429 1852 1469 nec
1893 1413 2036 1484 apud

460 1507 644 1574 Seras,
679 1523 778 1564 nec
806 1509 950 1578 apud
983 1506 1257 1564 Orientem
1295 1507 1586 1563 audierunt
1610 1506 2039 1562 Christianitatis

459 1613 787 1652 sermonem.
824 1598 963 1664 Quid
1002 1607 1182 1652 autem
1224 1597 1472 1652 dicamus
1515 1596 1581 1652 de
1608 1595 1911 1662 Britannis,
1942 1602 2038 1649 aut

457 1688 768 1753 Germanis,
805 1690 899 1759 qui
941 1699 1072 1746 sunt
1117 1691 1260 1745 circa
1289 1687 1586 1751 Oceanum,
1618 1687 1702 1742 vel
1727 1687 1871 1757 apud
1900 1686 2037 1740 Bar-

457 1781 641 1844 baros,
677 1779 890 1847 Dacos,
935 1791 988 1836 et
1022 1778 1304 1836 Sarmatas
1328 1823 1342 1846 ,
1396 1788 1450 1833 rt
1499 1778 1752 1848 Scythas,
1799 1792 2034 1846 quorum

458 1873 678 1943 plurimi
710 1873 948 1927 nondum
979 1873 1269 1927 audierunt
1296 1870 1574 1940 Evangelii
1602 1869 1860 1936 verbum,
1881 1867 2038 1923 audi—
2067 1848 2110 1903 Β

457 1965 567 2020 turi
616 1974 745 2020 sunt
789 1975 970 2019 autem
1022 1965 1076 2020 in
1123 1965 1240 2035 ipsa
1302 1963 1485 2019 saeculi
1538 1963 2034 2018 consummatione.

456 2058 654 2127 Astricc
691 2058 835 2113 enim
872 2057 1021 2129 quod
1059 2059 1170 2124 ait,
1218 2067 1267 2112 et
1305 2057 1691 2127 prtedicabitur
1733 2057 1830 2110 hoc
1860 2055 2038 2110 Euan-

457 2151 652 2222 geliunt
690 2151 834 2221 regni
877 2152 930 2204 in
970 2145 1078 2204 toto
1118 2150 1239 2204 orbe
1283 2151 1337 2204 in
1387 2150 1751 2204 testimonium
1792 2147 2034 2202 omnibus

458 2242 720 2312 gentibus,
763 2253 812 2296 et
850 2251 972 2295 tunc
1017 2243 1116 2296 erit
1156 2242 1300 2312 linis.
1349 2241 1406 2297 Si
1441 2252 1622 2296 autem
1655 2241 1770 2296 vult
1795 2240 1920 2311 quis
1954 2249 2036 2295 te-

457 2349 606 2388 mere
635 2334 816 2389 dicere
851 2335 1200 2404 praedicatum
1237 2349 1359 2388 esse
1385 2334 1501 2404 jam
1537 2331 1891 2404 Evangelium
1948 2347 2037 2388 re-

459 2427 549 2496 gni
580 2427 634 2480 i-n
671 2434 787 2482 toto
814 2427 946 2480 orbe
977 2426 1030 2480 in
1063 2426 1434 2481 testimonium
1480 2426 1737 2480 omnibus
1762 2424 2037 2496 gentibus,

459 2525 864 2585 consequenter
899 2516 1078 2570 dicere
1115 2515 1310 2584 poterit
1355 2524 1408 2569 et
1441 2515 1584 2583 quod
1629 2515 1738 2581 ait,
1777 2525 1898 2568 tunc
1937 2515 2036 2568 erit

459 2605 604 2675 ﬁnis,
631 2605 744 2674 jam
775 2604 935 2658 linem
961 2605 1173 2660 venisse
1217 2621 1232 2656 :
1283 2605 1426 2675 quod
1477 2605 1658 2659 dicere
1718 2604 2038 2660 temeritatis

461 2706 542 2753 est
574 2712 804 2766 magnae,
831 2704 884 2750 et
908 2697 1148 2752 hominis
1180 2712 1286 2752 non
1320 2695 1671 2767 intelligentis
1696 2713 1818 2765 quae
1836 2695 2038 2752 Paulus

459 2788 529 2844 ad
555 2787 1072 2843 Tbessalonicenses
1103 2785 1347 2856 Epistola
1399 2787 1640 2842 secunda
1671 2787 1716 2818 ⁸³
1747 2786 1917 2854 dicit,
1949 2788 2036 2842 di-

460 2895 591 2935 cens
627 2896 642 2932 :
683 2877 765 2933 Ne
807 2881 923 2950 quis
976 2897 1064 2934 vos
1109 2880 1326 2934 seducet
1370 2878 1479 2932 ullo
1514 2878 1668 2932 modo
1699 2880 1853 2949 quasi
1880 2879 2038 2932 instet

458 2975 568 3026 dies
596 2972 807 3026 Domini
836 2991 854 3029 :
879 2973 1127 3043 quoniam
1150 2973 1255 3025 nisi
1283 2972 1477 3025 venerit
1506 2972 1737 3040 primum
1761 2971 2037 3037 discessio,

461 3075 512 3119 et
546 3065 803 3120 revelatus
855 3065 1018 3136 fuerit
1059 3065 1213 3118 homo
1257 3065 1481 3134 peccati,
1508 3064 1652 3132 ﬁlius
1683 3064 1955 3127 interitus,
1986 3075 2039 3119 et

457 3167 676 3222 emtera,
715 3174 822 3212 non
847 3158 947 3212 erit
981 3156 1196 3211 Domini
1226 3157 1358 3211 dies.
1395 3155 1519 3211 l-Imc
1557 3155 1859 3211 secundum
1900 3156 2037 3210 sim-

460 3247 652 3315 plicem
685 3249 1038 3318 exposuimus
1065 3247 1432 3302 traditionem.
1467 3245 1526 3301 Si
1561 3259 1743 3302 autem
1775 3247 2040 3302 debemus

459 3337 761 3392 secundum
796 3339 943 3408 quod
976 3339 1256 3393 moraliter
1303 3354 1467 3408 supra
1501 3338 1828 3394 tradidimus
1872 3349 1925 3393 et
1956 3340 2042 3394 hic

460 3429 764 3508 intelligere
817 3430 1082 3485 moralem
1127 3439 1438 3496 tractatum,
1491 3431 1616 3484 talia
1673 3445 2037 3500 exponemus:

465 3517 726 3589 quoniam
755 3519 850 3589 qui
880 3519 1100 3576 visurus
1135 3529 1218 3575 est
1251 3519 1552 3574 secundum
1599 3519 1761 3576 Verbi
1798 3521 1894 3576 Dei
1941 3521 2041 3576 ad—

459 3617 683 3664 ventum
713 3610 862 3665 illum
896 3611 1195 3682 gloriosum
1252 3611 1307 3666 in
1338 3612 1578 3668 animam
1610 3629 1788 3678 suam,
1820 3629 2043 3670 necesse

460 3709 628 3756 estut
655 3703 955 3757 secundum
990 3718 1306 3760 mensuram
1343 3707 1618 3776 profectus
1645 3707 1731 3762 sui
1776 3708 1843 3762 ad
1880 3706 2042 3763 Verbi

460 3792 854 3862 perfectionem
925 3793 1154 3850 insidias
1209 3810 1240 3850 a
1285 3795 1578 3852 contrariis
1631 3797 2044 3866 operationibus

462 3884 721 3952 patiatur,
757 3886 915 3954 quasi
956 3899 1190 3956 magnus
1234 3887 1460 3951 athleta,
1497 3896 1551 3943 et
1591 3889 1822 3944 traditus
1858 3889 1912 3943 in
1948 3890 2045 3943 tri-

463 3974 771 4030 bulationes
804 3977 1236 4047 derelinqualur.
1275 3977 1463 4033 Multa:
1489 3981 1637 4035 enim
1669 3980 2042 4036 tribulationes

452 4066 819 4136 justorum”,
870 4075 924 4121 et
972 4078 1178 4138 quanto
1228 4069 1352 4139 quis
1398 4070 1599 4141 justior
1631 4072 1865 4126 voluerit
1902 4071 2043 4141 fieri,

464 4163 616 4208 tanto
671 4156 846 4227 magis
898 4157 1057 4228 quasi
1107 4169 1394 4223 angustam
1450 4169 1504 4216 et
1551 4161 1864 4216 tribulatam
1917 4179 2044 4219 cum

461 4245 656 4300 affectu
692 4249 981 4304 ambulans
1007 4249 1148 4303 viam
1197 4249 1253 4304 in
1291 4251 1668 4308 tribulationes
1701 4253 1951 4319 incurrit,
1992 4265 2047 4311 et

463 4338 760 4395 tribulatus
804 4340 1071 4396 occiditur
1099 4343 1338 4403 mundo;
1386 4353 1440 4399 et
1474 4355 1682 4416 quanto
1714 4349 1782 4402 ad
1813 4347 2048 4405 manife-

462 4429 686 4485 stiorem
714 4433 1079 4501 proficiscitur
1106 4434 1373 4490 visionem
1401 4435 1586 4504 Verbi,
1619 4446 1772 4495 tanto
1807 4441 2046 4511 amplius

2138 600 2199 647 ut
2230 592 2418 646 odiant
2450 606 2508 646 se
2539 589 2794 644 invicem.
2839 585 2906 640 Et
2947 602 3071 642 cum
3103 588 3414 658 huiusmodi
3451 588 3731 658 quaestio-

2136 699 2235 738 nes
2287 685 2341 738 in
2381 683 2562 753 plures
2613 678 2891 743 venerint,
2927 680 3082 733 multi
3137 679 3356 748 quidem
3397 689 3566 733 erunt
3602 693 3730 732 non

2137 791 2270 830 sane
2315 775 2590 830 tradentes
2629 773 2696 828 de
2735 771 2938 827 futuris
2988 786 3318 836 sermonem,
3353 780 3406 826 et
3438 771 3735 842 quomodo

2137 883 2245 922 non
2278 875 2489 937 oportet
2517 865 2934 934 interpretantes
2966 863 3278 932 prepbetas,
3316 878 3453 933 quos
3482 863 3729 932 pseudo-

2137 960 2430 1030 prophetas
2458 957 2585 1028 quis
2620 957 2801 1012 dicere
2844 973 2952 1012 non
2986 955 3251 1026 peccabit,
3286 955 3543 1009 seducere
3577 953 3732 1008 mul-

2137 1059 2242 1106 tos.
2278 1049 2441 1104 Valde
2470 1056 2652 1104 autem
2685 1048 2844 1118 pauci
2874 1057 3037 1102 erunt
3069 1046 3348 1102 veritatem
3381 1045 3726 1115 investigan-

2138 1150 2238 1196 tes.
2307 1139 2478 1196 Falsa:
2531 1150 2710 1194 autem
2757 1137 3019 1193 doctrina:
3063 1155 3091 1188 a
3141 1136 3420 1206 proposito
3473 1134 3733 1189 veritatis

2139 1232 2332 1287 fortem
2367 1231 2590 1301 quidem
2637 1231 2863 1292 solvent,
2898 1244 2996 1284 eos
3041 1239 3221 1284 autem
3261 1228 3356 1298 qui
3401 1227 3722 1296 prurientes

2137 1324 2267 1371 sunt
2308 1333 2460 1385 aure,
2507 1317 2976 1387 multiplicabunt,
3021 1318 3087 1371 ad
3129 1317 3591 1372 delectamentum
3623 1329 3725 1370 eo-

2140 1424 2258 1462 rum
2286 1409 2571 1480 loquentes
2604 1408 2941 1479 iniquitatem
2976 1407 3080 1478 legi
3123 1406 3478 1472 contrariam,
3513 1414 3570 1459 et
3598 1415 3734 1460 uno

2141 1510 2256 1556 tum
2301 1501 2576 1557 nocebunt
2610 1501 2775 1556 verba
2805 1501 3116 1556 docentium
3162 1498 3461 1553 multorum
3501 1506 3736 1552 contra-

2140 1590 2242 1654 ria,
2295 1598 2356 1644 ut
2401 1589 2566 1644 etiam
2625 1588 2920 1645 ferventem
2985 1589 3332 1644 dilectionem
3385 1603 3510 1658 qua:
3563 1590 3728 1656 prius

2139 1681 2320 1737 fuerat
2370 1682 2426 1737 in
2480 1681 2827 1752 simplicitate
2887 1682 3051 1747 ﬁdei,
3112 1682 3470 1754 refrigescere
3519 1681 3733 1736 faciant

2143 1775 2535 1832 existimationi
2561 1775 3069 1846 comprehensionis
3091 1775 3402 1830 divinorum
3433 1774 3735 1846 mysterio-

2145 1882 2266 1922 rum
2315 1875 2372 1922 et
2399 1866 2665 1923 veritatis.
2721 1864 2828 1922 Sed
2878 1866 2974 1936 qui
3021 1867 3260 1937 potuerit
3289 1866 3483 1921 videns
3537 1866 3733 1920 omnia

2144 1961 2261 2018 haec
2314 1975 2537 2016 manere
2594 1960 2650 2015 in
2709 1959 2890 2030 primo
2945 1959 3261 2030 apostolica:
3315 1959 3636 2023 traditionis
3675 1963 3734 2014 et

2144 2054 2528 2110 ecclesiasticae
2583 2051 2920 2109 inductionis
2975 2052 3259 2122 proposito
3287 2092 3304 2119 ,
3359 2052 3478 2122 ipse
3539 2051 3728 2106 salva-

2143 2147 2290 2202 bitur
2321 2164 2337 2202 :
2371 2153 2427 2201 et
2483 2147 2562 2202 sic
2607 2145 2962 2216 pradicatum
3021 2145 3376 2216 Evangelium
3417 2144 3476 2198 in
3513 2143 3732 2198 animas

2145 2233 2414 2300 omnium,
2452 2235 2558 2290 erit
2588 2234 2644 2288 in
2675 2234 3045 2290 testimonium
3072 2234 3329 2290 omnibus
3353 2233 3636 2304 gentibus,
3672 2233 3726 2287 id

2144 2335 2228 2382 est
2279 2327 2537 2383 omnibus
2595 2327 3021 2400 cogitationibus
3095 2326 3396 2383 incredulis
3474 2329 3726 2384 omnium

2146 2418 2478 2475 animarum.

2228 2513 2318 2566 40.
2366 2512 2500 2567 Cum
2559 2512 2795 2568 videritis
2841 2512 3290 2567 abominationem
3343 2510 3722 2574 desolationis,

2144 2603 2284 2674 quod
2313 2605 2572 2673 scriptum
2597 2613 2674 2658 est
2697 2596 2788 2674 per
2814 2603 3088 2658 Danielem
3131 2603 3463 2673 prophetam,
3503 2610 3727 2656 stantem

2146 2693 2201 2746 in
2231 2691 2344 2746 loco
2379 2705 2582 2756 sancto,
2617 2695 2707 2763 qui
2747 2693 2873 2764 legit
2924 2693 3212 2762 intelligat.
3249 2693 3428 2747 Verba
3455 2692 3728 2763 prophetae

2146 2799 2267 2854 qua:
2309 2783 2523 2838 locutus
2561 2792 2647 2839 est
2685 2785 2752 2839 de
2795 2784 3205 2840 abominatione
3245 2784 3610 2840 desolationis
3652 2782 3730 2838 fu-

2147 2884 2304 2938 tura},
2336 2885 2466 2931 sunt
2498 2876 2612 2932 haec
2641 2895 2656 2931 :
2690 2875 2757 2930 Et
2784 2877 3118 2945 conﬁrmabit
3143 2885 3520 2930 testamentum
3548 2874 3723 2930 multis

2146 2968 2440 3036 septimana
2485 2983 2626 3033 una,
2671 2977 2720 3021 et
2766 2969 2821 3020 in
2870 2967 3096 3021 dimidio
3157 2969 3469 3037 septimanae
3519 2965 3730 3021 tolletur

2145 3062 2498 3130 sacriﬁcium,
2539 3070 2588 3116 et
2633 3061 2843 3126 libatio,
2875 3071 2924 3115 et
2967 3077 3126 3132 super
3159 3061 3410 3130 templum
3449 3059 3732 3114 abomina-

2148 3156 2221 3208 tio
2257 3153 2600 3207 desolationis
2645 3154 2770 3220 erit,
2811 3162 2861 3208 et
2901 3170 3065 3224 usque
3107 3153 3177 3207 ad
3223 3153 3734 3206 consummationem

2146 3247 2397 3316 temporis
2427 3247 2812 3300 consummatio
2836 3246 3054 3300 dabitur
3076 3263 3233 3316 super
3257 3245 3645 3298 desolationem
3665 3243 3728 3296 θ.

2143 3337 2284 3393 Vere
2348 3337 2570 3407 quidem
2637 3337 3096 3407 comprehendere
3161 3351 3447 3393 sermones
3493 3334 3732 3389 Danielis

2144 3430 2348 3484 nullius
2380 3427 2606 3484 alterius
2645 3438 2750 3494 est,
2780 3429 2886 3484 nisi
2918 3427 3374 3499 Spiritus_sancti
3404 3427 3505 3498 qui
3539 3426 3645 3482 fuit
3672 3426 3726 3481 in
3765 3467 3774 3476 .

2145 3520 2389 3588 Daniele,
2432 3529 2491 3576 ut
2558 3520 2626 3576 de
2700 3519 3022 3590 septimanis
3092 3520 3350 3574 omnibus
3414 3518 3731 3574 manifestet

2144 3627 2454 3670 sermonem
2519 3619 2574 3668 et
2613 3611 2682 3667 de
2725 3611 3136 3666 abominatione
3182 3609 3545 3666 desolatiouis
3590 3609 3730 3665 dicta

2144 3707 2214 3762 ab
2244 3721 2330 3762 eo.
2378 3704 2436 3760 Si
2481 3715 2662 3761 autem
2706 3711 2919 3775 Oportet
2971 3712 3024 3759 et
3069 3719 3172 3759 nos
3203 3718 3379 3774 pauca
3421 3704 3725 3760 secundum

2144 3799 2288 3870 quod
2321 3798 2480 3853 nobis
2510 3799 2745 3866 videtur,
2781 3811 3056 3867 exponere
3099 3797 3167 3852 de
3205 3797 3312 3852 hoc
3357 3797 3510 3862 loco,
3544 3797 3725 3852 dicen-

2145 3890 2275 3945 dum
2315 3899 2400 3945 est
2439 3889 2701 3959 quoniam
2752 3889 3095 3958 septuaginta
3148 3901 3325 3944 annos
3370 3888 3467 3958 qui
3507 3887 3726 3943 fuerunt

2145 3991 2270 4053 post
2314 3982 2605 4036 adventum
2646 3979 2947 4037 Salvatoris
2990 3981 3186 4048 nostri,
3228 3981 3615 4036 demonstrare
3652 3980 3730 4035 vi-

2146 4072 2304 4128 detur
2352 4086 2554 4126 sermo.
2623 4069 2748 4128 Haec
2777 4072 2927 4126 enim
2983 4072 3286 4140 septimana
3335 4086 3460 4141 qua:
3509 4081 3728 4142 propter

2147 4171 2355 4234 septem
2401 4163 2635 4219 decadas
2682 4177 2952 4218 annorum
2986 4163 3188 4218 dicitur
3231 4163 3560 4232 septimana,
3599 4177 3730 4219 con-

2147 4256 2330 4310 lirmat
2390 4264 2776 4310 testamentum
2850 4255 3062 4320 multis,
3128 4257 3346 4326 quando
3396 4264 3454 4311 et
3499 4255 3728 4326 apostoli

2146 4345 2350 4402 Christi
2387 4354 2510 4417 post
2552 4347 2924 4402 ascensionem
2968 4345 3144 4417 ipsius
3187 4346 3424 4401 orationi
3463 4355 3521 4402 et
3561 4347 3728 4402 verbo

2148 4439 2422 4504 instantes
2469 4456 2500 4495 a
2536 4439 2650 4496 Deo
2692 4439 3147 4496 illuminabantur
3193 4441 3248 4494 in
3283 4454 3506 4494 omnem
3551 4438 3726 4494 scien-

464 4521 776 4579 tribulatur.
831 4521 1097 4590 Quoniam
1147 4527 1438 4596 perfectior
1489 4530 1764 4586 invenitur
1791 4530 2044 4590 Christus
2075 4551 2122 4606 ι)
2153 4531 2282 4586 tiam
2312 4531 2608 4587 voluntatis
2641 4531 2951 4586 divinarum
2986 4529 3396 4602 Scripturarum
3457 4539 3515 4588 et
3551 4546 3583 4586 a
3609 4529 3728 4601 Spi-

463 4612 517 4666 in
564 4626 652 4678 eo,
709 4613 778 4669 ab
829 4615 1085 4670 omnibus
1129 4616 1438 4674 odientibus
1466 4618 1747 4676 Christum
1801 4623 2038 4693 odietur,

463 4717 572 4757 non
601 4711 813 4759 tantum
845 4720 874 4758 a
905 4706 1157 4775 gentibus
1181 4708 1435 4764 omnibus
1463 4712 1761 4766 secundum
1795 4729 2037 4782 carnem,

462 4785 728 4863 quantum
781 4810 811 4850 a
841 4797 1093 4865 gentibus
1121 4798 1444 4868 spiritalium
1479 4804 1865 4872 nequitiarum.
1920 4806 2039 4877 Ipsa

462 4885 610 4941 enim
651 4888 968 4959 implautata
1006 4889 1374 4947 manifestatio
1407 4895 1802 4963 proprietatum
1833 4898 2039 4956 Christi

462 4978 518 5032 in
559 4993 646 5045 eo,
701 4990 922 5051 propter
970 4998 1108 5053 quas
1161 4994 1215 5042 et
1239 4986 1440 5043 dicitur
1485 4987 1867 5057 Christianus,
1912 4993 2044 5052 facit

461 5085 587 5126 eum
629 5073 697 5128 ab
723 5075 980 5132 omnibus
1018 5075 1344 5136 habentibus
1374 5081 1626 5152 spiritum
1658 5085 1846 5141 mundi
1877 5087 2043 5155 odiri,

461 5163 529 5218 ad
561 5165 947 5234 perfectionem
1001 5169 1181 5224 adhuc
1211 5170 1417 5228 Christi
1452 5175 1687 5244 amplius
1719 5185 1774 5231 et
1807 5179 2044 5248 amplius

465 5259 906 5316 contendentem.
967 5261 1074 5319 Sed
1126 5274 1182 5321 et
1231 5265 1288 5321 in
1340 5268 1783 5326 dissensionibus
1816 5281 1870 5326 et
1894 5289 2044 5342 qua:-

464 5350 734 5407 stionibus
759 5354 918 5422 pauci
945 5365 1108 5412 erunt
1160 5359 1354 5415 intenti
1387 5361 1670 5416 veritatem
1702 5363 1915 5432 plenius
1961 5375 2044 5420 at-

467 5441 751 5511 tingentes.
779 5443 970 5502 Plures
1001 5458 1180 5504 autem
1215 5452 1733 5508 scandaliza!.untur
1766 5463 1820 5508 et
1851 5456 2046 5511 cadent

465 5531 534 5592 ab
557 5547 641 5597 ea,
666 5536 969 5603 proditores
989 5550 1042 5593 et
1062 5549 1410 5597 accusatores
1431 5540 1604 5597 elfccti
1641 5544 1692 5596 in
1715 5543 2040 5598 alterutrum

463 5633 682 5694 propter
723 5625 1118 5685 dissensionem
1167 5631 1484 5702 dogmatum
1537 5634 1813 5701 veritatis,
1875 5652 2037 5705 quam

2149 4619 2258 4673 ritu
2286 4630 2496 4674 sancto.
2533 4618 2593 4674 In
2622 4619 2848 4676 dimidio
2879 4630 3060 4676 autem
3101 4621 3436 4692 septimanae,
3461 4622 3517 4677 id
3553 4631 3636 4678 est
3668 4622 3720 4676 in

2151 4709 2324 4765 tribus
2366 4719 2420 4764 et
2457 4712 2625 4767 semis
2681 4713 2902 4768 deeadis
2949 4728 3220 4769 annorum
3250 4755 3265 4780 ,
3315 4715 3595 4771 sublatum
3645 4721 3720 4768 est

2149 4800 2476 4855 sacrificium
2527 4801 2738 4868 altaris,
2767 4803 2819 4857 id
2853 4811 2936 4858 est
2978 4803 3034 4856 in
3065 4805 3287 4876 triginta
3326 4805 3574 4874 quinque
3632 4820 3723 4858 an-

2153 4893 2238 4947 nis
2270 4891 2552 4962 impletum
2597 4903 2678 4950 est
2707 4895 2853 4965 quod
2900 4895 3079 4950 fuerat
3115 4897 3376 4965 scriptum
3405 4911 3420 4947 :
3459 4895 3528 4950 In
3565 4897 3722 4950 dimi-

2152 4981 2241 5034 dio
2274 4984 2584 5052 septimana:
2634 4984 2850 5038 tolletur
2871 4986 3197 5056 sacriﬁcium
3221 4985 3389 5057 859
3424 4997 3475 5042 et
3516 4987 3718 5043 libatio.

2140 5109 2152 5121 κ
2224 5072 2380 5129 'l‘unc
2408 5083 2589 5130 autem
2624 5090 2790 5144 super
2819 5075 3079 5144 templum
3121 5077 3267 5146 quod
3300 5075 3484 5132 fuitin
3509 5075 3719 5132 Jeroso-

2153 5166 2333 5238 lymis,
2386 5165 2531 5222 facta
2582 5176 2664 5223 est
2694 5169 3031 5224 abominatio
3075 5169 3426 5225 desolationis
3464 5172 3645 5242 templi
3673 5179 3721 5225 et

2152 5258 2408 5326 civitatis,
2445 5260 2502 5314 in
2544 5275 2610 5316 eo
2661 5259 2913 5317 videlicet
2960 5271 3202 5331 tempore
3231 5263 3456 5332 quando
3481 5264 3721 5318 viderunt

2152 5354 2548 5410 circumdatam
2599 5353 2904 5410 Jerusalem
2933 5357 3002 5410 ab
3029 5357 3292 5422 exercitu,
3340 5365 3401 5412 ut
3433 5357 3716 5414 secundum

2153 5451 2299 5519 quod
2353 5452 2774 5522 prapbetaverat
2823 5450 3073 5506 Salvator
3120 5451 3188 5506 de
3234 5466 3338 5516 ea,
3397 5459 3716 5522 cognoscant

2153 5543 2298 5612 quod
2331 5544 2670 5613 appropiavit
2697 5545 2962 5600 desolatio
2992 5545 3128 5613 ejus.
3171 5542 3238 5599 Et
3271 5545 3412 5599 banc
3437 5543 3714 5602 desolatio-

2151 5632 2240 5688 uis
2267 5633 2734 5692 abontinalionem
2765 5631 2962 5688 factam
2987 5647 3154 5704 super
3181 5632 3443 5704 templum
3467 5631 3538 5690 ab
3563 5643 3709 5687 exsr-

569 5810 676 5863 8’ll
702 5810 891 5868 Thess.
923 5829 1005 5881 in,
1048 5814 1100 5881 2,
1139 5817 1192 5872 5.
1267 5819 1311 5850 9°
1336 5817 1481 5876 l‘sal.
1514 5835 1607 5889 vn,
1636 5819 1725 5875 9.0.
1803 5821 1844 5852 ⁹¹
1879 5821 2064 5879 Matth.
2109 5834 2258 5890 xxxv,
2295 5817 2378 5872 15.
2454 5817 2498 5848 ”
2521 5813 2655 5870 Dan.
2691 5815 2882 5880 tx,‘27.
