4004 6546
261 386 396 440 165⁸7

1385 377 2041 435 (ΣΟΜΜΕΝΤΑΒΙΟΚΠΜ
2077 377 2357 436 SERIES.‘

3346 379 3484 436 16:38

246 499 362 552 citu
403 496 703 550 Jerusalem
751 489 1143 555 circumdantc,
1192 489 1324 546 dicit
1364 493 1623 562 prapheta
1647 506 1820 563 usque
1849 499 1890 553 Α
1925 492 1991 545 Et
2035 493 2366 563 confirmabit
2415 501 2776 547 testamentum
2809 493 2988 547 multis
3019 494 3308 562 septimana
3351 514 3478 564 una,

243 587 314 640 ad
344 595 555 652 tempus
587 580 1077 636 consummationis
1108 594 1348 647 manere,
1385 590 1443 634 ut
1467 596 1816 637 consumma-

245 677 324 730 tio
369 675 462 730 ﬁat
509 673 701 728 tnundi
749 685 912 740 super
959 671 1350 725 desolationem
1409 671 1711 726 Jerusalem
1762 684 1816 726 ct

242 765 431 836 templi
453 764 598 835 quod
631 775 709 818 est
733 765 788 818 in
815 779 899 819 ea.
935 761 1002 816 Et
1031 763 1120 817 ubi
1151 771 1279 816 sunt
1303 762 1396 831 qui
1424 778 1482 816 se
1510 764 1696 816 dicunt
1720 761 1815 817 Ju-

239 858 392 912 ηεροδ
419 864 471 911 et
505 872 611 909 non
642 855 808 910 sunt?
840 855 932 925 qui
961 854 1174 917 dicunt,
1209 853 1566 908 tediticabitur
1592 852 1814 908 Jerusa-

240 951 346 1006 lem
375 967 494 1019 quae
523 959 607 1004 est
631 951 885 1005 deorsum
913 990 928 1014 ,
983 950 1298 1019 priusquam
1333 949 1520 1004 saeculi
1555 965 1811 1003 consum-

240 1043 413 1094 matio
442 1042 569 1095 fiat?
609 1039 1028 1105 Consunmtatio,
1062 1040 1258 1109 inquit,
1284 1038 1503 1092 dabitur
1531 1055 1687 1108 super
1714 1041 1809 1092 de-

237 1133 554 1186 solutionem
604 1134 738 1202 ejus.
797 1131 853 1185 Si
898 1140 1076 1186 autem
1123 1131 1480 1186 tediiicahitur
1529 1132 1806 1201 templum,

233 1224 599 1278 mdilicabitur
643 1225 692 1279 ei
735 1224 824 1293 qui
873 1224 1182 1277 adversatur
1223 1234 1272 1277 et
1324 1225 1601 1278 extollitur
1646 1241 1807 1293 supra

232 1331 387 1368 omne
433 1317 573 1384 quod
619 1317 822 1368 dicitur
865 1313 1027 1373 Deus.
1075 1325 1167 1367 aut
1198 1314 1411 1378 colitur,
1460 1324 1516 1367 ut
1548 1316 1722 1368 sedeat
1754 1317 1804 1367 in

232 1404 428 1474 templo
474 1406 781 1474 hujnsmodi
808 1444 822 1468 ,
854 1404 1125 1458 ostendens
1161 1421 1214 1458 se
1248 1405 1402 1474 quasi
1449 1407 1517 1457 sit
1549 1403 1688 1456 Deus
1715 1405 1760 1436 ⁸³
1792 1425 1803 1459 :

229 1511 386 1565 quem
423 1497 673 1550 Dominus
715 1495 871 1550 Jestts
920 1496 1197 1564 interﬁciet
1248 1497 1437 1564 spiritu
1466 1498 1570 1549 oris
1599 1497 1714 1558 sui,
1755 1504 1806 1548 et

228 1587 465 1641 destruet
495 1587 884 1640 illuminatione
914 1587 1162 1640 adventus
1186 1588 1269 1639 sui
1293 1587 1358 1639 9‘.
1387 1586 1510 1641 Sive
1537 1603 1666 1657 ergo
1693 1587 1804 1655 pla«

228 1689 352 1732 ceat
415 1678 741 1747 quibusdam
793 1677 1046 1731 wditirari
1105 1677 1245 1730 hanc
1293 1675 1592 1732 Jerusalem
1641 1693 1805 1746 super

229 1776 458 1836 terram,
514 1779 694 1822 tamen
744 1783 850 1820 non
902 1769 1006 1820 erit
1053 1765 1248 1821 falsum
1297 1768 1441 1835 quod
1487 1768 1684 1822 dicitur
1711 1767 1799 1820 "z

231 1857 634 1912 Consummatio
679 1866 753 1911 est
801 1856 981 1910 danda
1029 1874 1183 1926 super
1207 1859 1580 1912 desolationem
1613 1859 1796 1927 ipsius.

229 1950 284 2004 Si
316 1959 502 2003 autem
545 1956 758 2018 oportet
799 1955 852 2002 et
879 1949 945 2003 de
975 1949 1305 2017 temporibus
1354 1949 1557 2017 aliquid
1596 1950 1796 2016 dicere,

226 2041 465 2094 dicimus
496 2041 758 2108 quoniam
791 2039 845 2094 in
876 2039 1152 2095 Cltronicis
1177 2039 1488 2111 Phlegontis
1516 2039 1798 2110 cujusdam

225 2133 428 2188 dicitur
464 2132 530 2200 (si
562 2142 741 2186 tamen
785 2131 1044 2186 debemus
1092 2142 1145 2186 et
1190 2132 1334 2186 hunc
1360 2131 1514 2200 quasi
1552 2147 1677 2186 vera
1714 2131 1798 2185 di-

224 2232 440 2277 centem
485 2223 551 2276 de
597 2221 798 2290 templo
839 2221 1159 2290 suscipere).
1193 2221 1451 2284 quoniam
1485 2222 1628 2275 circa
1661 2237 1798 2290 qna-

224 2313 598 2384 dragesimum
652 2328 854 2368 annum
891 2331 921 2367 a
957 2315 1151 2383 quinto
1179 2313 1392 2368 decimo
1419 2328 1564 2368 anno
1595 2311 1798 2366 Tiberii

223 2404 459 2460 Caesaris
494 2403 635 2458 facta
683 2412 766 2458 est
814 2403 1112 2459 destructio
1163 2401 1469 2458 Jerusalem
1513 2411 1570 2458 et
1613 2401 1796 2472 templi

219 2494 373 2564 quod
414 2494 513 2549 fuit
549 2495 603 2548 in
637 2509 722 2548 ea.
772 2492 953 2549 Deduc
983 2509 1112 2564 ergo
1141 2494 1538 2564 praedicationis
1581 2493 1797 2548 Domini

221 2586 334 2640 lere
382 2601 554 2642 annos
603 2597 733 2652 tres,
781 2595 835 2640 et
877 2596 1090 2655 tempus
1141 2585 1556 2642 resurrectionis
1607 2585 1794 2655 ipsius,

221 2678 447 2747 quando
496 2694 589 2748 per
636 2679 751 2732 dies
800 2678 1157 2749 quadraginta
1199 2694 1468 2748 apparens
1498 2678 1602 2733 illis
1635 2679 1791 2734 doceo

223 2769 313 2824 bat
341 2785 440 2824 eos
467 2771 534 2824 de
557 2785 722 2840 regno
753 2768 880 2836 Dei,
915 2779 968 2825 et
1002 2770 1246 2827 invenies
1281 2770 1509 2825 forsitan
1537 2771 1660 2840 plus
1692 2772 1796 2825 mi-

220 2876 324 2916 nus
361 2879 373 2916 :
406 2862 667 2932 quoniam
696 2861 842 2916 circa
874 2861 1160 2916 dimidium
1186 2862 1534 2933 septimana,
1568 2877 1794 2931 compu-

221 2958 348 3006 tans
399 2968 493 3021 per
534 2953 767 3009 decadas
792 2969 1086 3020 annorum,
1133 2963 1216 3008 est
1264 2954 1596 3022 completum
1646 2951 1793 3022 quod

217 3042 426 3098 dictum
451 3052 533 3099 est
559 3045 606 3076 "
639 3063 652 3099 :
691 3045 922 3101 Tolletur
955 3046 1280 3115 sacriﬁcium
1319 3062 1487 3098 meum
1512 3055 1560 3098 et
1583 3045 1789 3111 libatio,

1834 1827 1874 1880 Β

1915 599 1968 644 et
1997 602 2210 645 caetera.
2265 590 2516 644 Arbitror
2544 599 2726 644 autem
2759 592 3097 660 septuaginta
3149 594 3480 662 septimanos

1914 683 2164 737 concisas
2216 698 2379 752 super
2432 683 2688 752 populum
2736 691 2791 736 et
2835 698 2998 752 super
3034 684 3305 738 civitatem
3355 702 3480 740 san-

1913 783 2095 838 ctam,
2133 783 2190 827 ut
2217 782 2628 827 consummetur
2673 782 2988 842 peccatum,
3036 784 3268 842 quatuor
3310 775 3476 830 millia

1914 875 2214 935 nongentos
2259 880 2380 919 esse
2428 881 2601 919 annos
2645 865 2712 918 ab
2752 864 2922 918 Adam
2969 881 3137 935 usque
3163 867 3227 919 ad
3260 875 3476 935 septua-

1911 955 2060 1024 ginta
2087 971 2259 1010 annos
2289 956 2381 1025 qui
2411 955 2631 1010 fuerunt
2678 965 2798 1026 post
2827 956 3285 1025 dispensationem
3317 956 3476 1010 Chrio
3523 955 3528 966 ’

1912 1044 2003 1102 sti.
2069 1045 2517 1098 Consummatqu
2586 1055 2669 1099 est
2735 1047 2879 1098 enim
2929 1058 3208 1114 peccatum
3272 1048 3474 1114 populi,

1912 1142 2130 1202 propter
2175 1135 2317 1203 quod
2352 1144 2406 1186 ct
2437 1150 2465 1186 a
2497 1133 2604 1186 Deo
2639 1143 2720 1187 est
2764 1134 3074 1188 derelictus.
3143 1133 3209 1188 Et
3256 1134 3474 1188 illorum

1909 1223 2125 1292 quidem
2154 1233 2432 1294 peccatum
2471 1224 2737 1294 signatum
2763 1234 2844 1276 est
2865 1267 2880 1288 ,
2928 1227 3264 1280 credentium
3293 1235 3475 1280 autem

1909 1311 2173 1381 injustitia
2229 1322 2312 1367 est
2339 1313 2532 1374 deleta,
2565 1322 2618 1366 et
2650 1324 2769 1380 post
2801 1313 3123 1366 deletionem
3159 1313 3278 1382 ejus
3306 1313 3476 1366 addu-

1907 1414 1993 1459 cta
2024 1416 2107 1460 est
2138 1406 2190 1460 in
2220 1407 2440 1461 Christo
2466 1409 2566 1461 vita
2603 1417 2823 1461 aaterna.
2890 1405 2993 1459 Sed
3023 1406 3280 1474 quoniam
3313 1405 3395 1459 lex
3422 1412 3476 1459 et

1908 1498 2182 1565 propheta:
2202 1514 2372 1568 usque
2393 1500 2457 1551 ad
2485 1498 2770 1560 Joannem,
2796 1499 2887 1566 qui
2913 1497 3150 1551 ostendit
3173 1496 3472 1564 Christum,

1907 1600 2186 1658 propterea
2218 1600 2346 1660 puto
2376 1592 2579 1646 dictum
2615 1591 2819 1661 signari
2858 1589 3120 1644 visionem
3149 1599 3199 1643 ct
3235 1589 3468 1658 prophec

1907 1681 2058 1733 tiam.
2110 1678 2244 1734 Nam
2275 1683 2535 1751 quoniam
2569 1697 2914 1752 nequaquam
2946 1690 3072 1736 sunt
3109 1681 3160 1734 in
3193 1681 3470 1750 prophetis

1906 1771 2144 1827 visiones
2192 1783 2312 1842 post
2360 1773 2661 1838 Joannem,
2716 1773 2836 1828 ideo
2890 1772 3100 1842 signata
3133 1782 3215 1828 est
3254 1772 3388 1826 visio
3417 1782 3470 1826 et

1903 1862 2201 1930 prophetia.
2236 1860 2462 1934 Signata
2494 1874 2674 1920 autem
2705 1866 2911 1919 visione
2934 1874 2985 1919 et
3013 1862 3295 1934 prophetia
3316 1906 3331 1929 ,
3364 1880 3469 1916 un-

1902 1964 2021 2009 ctus
2067 1966 2149 2008 est
2200 1957 2510 2026 unigenitus
2544 1957 2778 2012 Sanctus
2831 1968 3146 2011 sanetorutn
3191 1954 3466 2012 Christus.

1900 2046 2070 2110 Quem
2114 2045 2392 2100 Christum
2427 2056 2650 2102 unctum
2690 2059 3061 2119 cognoverunt
3112 2048 3383 2116 propheta:
3418 2058 3472 2102 et

1901 2136 2106 2199 Daniel,
2126 2145 2175 2190 et
2205 2138 2585 2192 intellexerunt
2617 2139 2800 2209 aliquo
2831 2140 2992 2192 modo
3025 2139 3093 2192 ab
3120 2139 3266 2192 exitu
3297 2137 3469 2202 verbi,

1898 2228 2116 2295 quando
2167 2227 2317 2282 verbo
2354 2227 2568 2282 Domini
2615 2230 2733 2284 caeli
2771 2231 2973 2300 ﬁrmati
3027 2239 3149 2284 sunt
3171 2231 3238 2282 “.
3301 2227 3365 2282 Et
3401 2227 3473 2282 ab

1897 2317 2047 2372 exitu
2085 2319 2266 2385 verbi,
2321 2321 2649 2389 respondere
2699 2322 2753 2375 in
2806 2321 3040 2386 sanctis,
3091 2321 3184 2391 qui
3217 2321 3287 2374 ab
3317 2319 3473 2373 initio

1898 2407 2120 2462 fuerunt
2156 2417 2210 2463 et
2249 2409 2528 2480 prophetis
2559 2408 2795 2472 Domini,
2827 2411 2920 2464 sed
2946 2420 2998 2464 et
3029 2409 3283 2464 aediﬁcari
3313 2407 3473 2464 Jeru-

1898 2501 2066 2554 salem
2092 2539 2108 2564 ,
2139 2516 2338 2569 ,usque
2367 2499 2433 2554 ad
2465 2499 2745 2555 Christum
2790 2500 2983 2554 ducem
3019 2501 3353 2554 transierunt
3383 2515 3471 2555 se-

1896 2591 2150 2661 ptimana:
2178 2591 2457 2661 sexaginta
2490 2592 2612 2646 duae
2635 2631 2650 2654 ,
2701 2592 2806 2648 hoc
2853 2601 2935 2646 est
2978 2592 3213 2662 primum
3249 2591 3468 2660 quidem

1896 2684 2021 2736 anni
2047 2682 2424 2752 quadringenti
2463 2683 2778 2753 nonaginta,
2797 2699 2918 2753 quae
2950 2682 3084 2736 liunt
3113 2697 3208 2752 per
3233 2681 3468 2736 decadas

1895 2784 2218 2844 computata:
2245 2774 2564 2843 septimana:
2585 2783 2813 2844 septem.
2850 2773 2978 2829 Post
2999 2775 3104 2829 hoc
3127 2785 3306 2828 autem
3339 2771 3470 2827 anni

1893 2873 2129 2933 quatuor
2163 2864 2333 2918 millia
2372 2865 2599 2918 trecenti
2652 2865 3010 2934 quadraginta
3032 2905 3047 2929 ,
3097 2864 3190 2933 qui
3223 2864 3360 2918 ﬁunt
3393 2863 3464 2918 si-

1896 2955 2095 3010 militer
2149 2970 2243 3024 per
2292 2955 2524 3010 decadas
2574 2964 2902 3024 computata:
2948 2953 3266 3023 septimana:
3310 2948 3471 3009 sexa-

1892 3047 2038 3116 ginta
2067 3045 2208 3100 dute.
2244 3044 2376 3100 Post
2406 3062 2545 3116 quos
2573 3061 2835 3106 reversus,
2856 3054 2938 3098 est
2959 3045 3233 3107 Christus,
3256 3052 3311 3097 et
3337 3044 3470 3097 aedi-

219 3135 464 3204 quando,
496 3144 549 3191 et
573 3151 736 3206 super
783 3137 1040 3206 templum
1074 3137 1408 3192 abominatio
1439 3137 1790 3191 desolationis
1818 3163 1858 3218 ρ
1896 3137 2073 3190 ticavit
2103 3137 2335 3206 plateam
2366 3137 2418 3190 in
2445 3151 2550 3206 qua
2587 3135 2850 3204 sapientia
2890 3135 3210 3190 tiducialiter
3241 3133 3372 3204 agit,
3409 3141 3466 3188 et

215 3238 296 3281 est
327 3226 494 3295 facta,
546 3245 665 3298 quae
691 3229 954 3284 dcsolatio
985 3245 1157 3299 usque
1187 3228 1254 3283 ad
1289 3237 1499 3298 tempus
1528 3245 1787 3285 consum-

218 3321 478 3376 mationis
521 3324 774 3378 manebit.
843 3324 1241 3378 Consummatio
1272 3322 1451 3387 enim,
1493 3323 1786 3377 secundum

216 3413 364 3480 quod
394 3411 653 3479 diximus,
676 3413 894 3467 dabitur
915 3431 1068 3483 super
1088 3413 1486 3466 desolationem.
1525 3411 1580 3466 Si
1608 3424 1788 3468 autem

214 3513 433 3561 constat
477 3505 635 3560 nobis
665 3507 790 3560 talis
819 3507 1038 3561 traditio
1065 3506 1376 3576 septimana:
1397 3545 1412 3570 ,
1462 3505 1786 3570 dicentibus,

215 3606 484 3662 quantum
520 3600 586 3649 ad
617 3594 843 3661 dictum,
891 3595 1170 3665 impletum
1221 3609 1344 3648 esse
1390 3595 1535 3664 quod
1582 3594 1786 3649 dictum

210 3694 332 3750 est,
371 3699 478 3739 non
524 3685 700 3739 solum
731 3705 744 3740 :
783 3686 1018 3740 Tolletur
1042 3686 1364 3755 sacriﬁcium
1399 3702 1602 3751 nteum,
1631 3695 1680 3738 et
1719 3686 1788 3738 li-

215 3773 362 3830 batio
383 3814 398 3840 ,
449 3779 541 3832 sed
574 3780 736 3832 etiam
769 3778 897 3832 illud
927 3779 1071 3848 quod
1106 3779 1367 3847 scriptum
1401 3787 1520 3843 est,
1569 3787 1628 3831 ut
1659 3779 1791 3832 abo-

215 3867 444 3920 minatio
464 3867 861 3922 desolationum
883 3885 1046 3938 super
1065 3871 1322 3939 templum
1346 3871 1646 3938 contingat,
1671 3870 1789 3925 sine

215 3957 385 4013 d’u’u'ro
421 3957 704 4013 manifeste
747 3960 1054 4014 ostenditur
1101 3959 1362 4012 adventus
1389 3955 1592 4011 Christi
1625 3957 1786 4010 etiam

214 4065 277 4104 ex
328 4050 508 4103 verbis
553 4050 786 4104 Danielis
832 4050 1105 4120 prophetas
1148 4049 1381 4104 dicentis
1412 4048 1457 4079 ⁹⁷
1493 4066 1505 4101 :
1559 4045 1787 4115 Septua-

215 4140 366 4209 ginta
391 4140 696 4207 septimana:
732 4140 952 4194 concisa:
975 4147 1095 4192 sunt
1137 4155 1293 4207 super
1323 4135 1573 4207 populum
1616 4148 1785 4201 tuum,

213 4242 261 4286 et
294 4249 453 4301 super
493 4233 758 4286 civitatem
802 4240 1041 4286 sanctam
1089 4241 1144 4284 ut
1189 4240 1790 4297 consummeturpecca-

216 4333 351 4389 tum,
385 4335 433 4377 et
465 4325 702 4393 signetur
725 4333 1016 4390 peccatum,
1052 4330 1100 4374 et
1144 4321 1420 4373 deleantur
1462 4321 1786 4389 iniquitates,

213 4424 262 4468 et
287 4424 344 4468 ut
369 4414 665 4468 adducatur
697 4414 915 4482 justitia
947 4427 1140 4467 (eterna
1161 4454 1176 4478 ,
1218 4423 1265 4466 et
1292 4421 1348 4464 ut
1375 4413 1609 4481 signetur
1633 4412 1782 4475 visio,

212 4513 263 4558 et
289 4506 564 4574 prapltetia
589 4521 606 4558 :
637 4515 685 4558 et
716 4516 942 4576 ungetur
975 4502 1201 4558 Sanctus
1229 4499 1530 4557 sanctorum
1550 4543 1564 4565 ,
1615 4513 1664 4556 et
1695 4518 1783 4555 co-
1818 4501 1858 4554 D

213 4608 424 4668 gnoscet
451 4598 744 4668 intelligens
777 4597 840 4651 ab
864 4600 1009 4652 exitu
1041 4598 1180 4650 verbi
1212 4596 1520 4666 respondere
1541 4604 1590 4648 et
1615 4595 1785 4664 uadi/i-

212 4711 335 4750 carc
359 4693 660 4748 Jerusalem
685 4679 860 4764 usque.
875 4695 942 4746 ad
971 4693 1244 4748 Christum
1269 4693 1451 4746 ducem
1477 4693 1784 4761 septimanae

211 4788 490 4857 sexaginta
518 4787 638 4840 dure
662 4803 679 4840 :
705 4797 754 4840 et
782 4796 1130 4852 convertetur,
1163 4798 1211 4840 et
1240 4785 1654 4854 rewdiﬁcabitur
1675 4785 1789 4854 pla-

212 4890 295 4933 tea
323 4889 374 4933 et
405 4896 608 4945 murus,
659 4888 707 4932 et
737 4879 1132 4933 evacuabuntur
1178 4887 1411 4946 tempora
1437 4893 1454 4931 :
1483 4891 1530 4933 et
1561 4889 1678 4944 post
1704 4895 1784 4933 se-

211 4971 476 5040 ptimanas
503 4969 780 5040 sexaginta
807 4972 942 5024 duas
970 4969 1204 5023 interibit
1235 4969 1499 5032 unctio,et
1517 4969 1784 5036 judicium

211 5077 314 5114 non
338 5071 415 5115 est
443 5062 497 5113 in
525 5076 608 5114 ea.
675 5062 954 5117 Civitatem
992 5071 1167 5115 autent
1195 5071 1243 5114 et
1271 5071 1511 5113 sanctum
1541 5077 1782 5114 corrum-

209 5160 293 5220 pet
323 5168 442 5205 cum
484 5155 615 5208 duce
656 5155 918 5218 veniente,
971 5162 1022 5208 et
1059 5153 1330 5207 excidetur
1373 5153 1427 5205 in
1463 5151 1696 5217 diluvio,
1731 5163 1779 5208 et

212 5257 374 5311 usque
405 5242 474 5294 ad
512 5245 669 5312 ﬁnem
714 5243 837 5297 belli
867 5242 1064 5296 concisi
1105 5242 1395 5295 interitus:
1427 5249 1475 5294 et
1499 5241 1782 5308 conﬁrma-

211 5329 284 5383 bit
315 5341 680 5385 testamentum
716 5333 896 5386 multis
931 5334 1226 5402 septimana
1270 5347 1411 5396 una,
1442 5340 1490 5384 et
1530 5332 1584 5384 in
1614 5331 1774 5384 dimi-

209 5419 299 5470 dio
343 5421 648 5488 septimana:
697 5420 910 5473 tolletur
965 5421 1320 5488 sacri/icium,
1368 5427 1417 5472 et
1467 5419 1688 5484 libatio,
1727 5431 1778 5473 et

208 5511 383 5575 pinna:
417 5527 573 5581 usque
601 5511 672 5565 ad
702 5514 1204 5566 consummationem
1233 5511 1612 5581 festinationis.
1652 5511 1780 5568 Post

209 5599 325 5654 haec
353 5603 600 5670 sequitur
633 5619 812 5658 sermo
845 5619 1005 5674 quem
1041 5603 1397 5673 exposuimus
1423 5602 1504 5656 sic
1529 5601 1734 5658 habens
1762 5622 1775 5658 :

279 5717 325 5789 ’ξ
360 5717 399 5770 Il
433 5718 604 5774 Thess
659 5736 732 5789 ιι,
767 5722 820 5776 tl.
928 5724 974 5755 "
1005 5722 1136 5778 ibid.
1171 5722 1224 5777 8.

207 5786 254 5817 ”
289 5786 420 5841 Gen.
453 5805 598 5855 xux,
626 5790 710 5845 10.

1337 5721 1382 5754 ⁸⁸
1418 5719 1550 5775 Dan.
1587 5736 1640 5775 rx
1664 5761 1680 5788 ,
1711 5721 1803 5776 ‘27.

1894 3244 2110 3282 murum
2146 3228 2198 3281 in
2222 3227 2379 3297 cujus
2406 3226 2624 3298 fastigio
2656 3226 3003 3296 praedicatur.
3042 3225 3314 3280 Evacuata
3340 3233 3468 3280 sunt

1892 3331 2072 3375 autem
2105 3320 2286 3390 populi
2322 3331 2598 3389 tempora,
2629 3328 2909 3390 propterea
2937 3319 3080 3389 quod
3113 3333 3280 3388 super
3308 3316 3466 3371 addi-

1894 3423 1975 3467 tas
2007 3423 2208 3483 septem
2243 3412 2596 3482 septimanas,
2632 3413 2912 3481 sexaginta
2945 3410 3084 3464 duas
3113 3409 3465 3479 septimanas,

1891 3505 2164 3558 sublatum
2193 3512 2276 3558 est
2303 3520 2332 3557 a
2359 3502 2558 3572 populo
2588 3502 2827 3557 chrisma
2862 3503 3006 3572 quod
3033 3501 3136 3556 fuit
3159 3501 3210 3554 in
3240 3499 3464 3570 templo,

1892 3605 1952 3651 ut
1995 3596 2108 3666 jam
2157 3613 2264 3649 non
2315 3595 2385 3650 sit
2423 3594 2690 3664 judicium
2726 3594 2867 3663 apud
2902 3609 3020 3649 eos.
3076 3593 3183 3648 Sed
3233 3601 3288 3646 et
3333 3591 3468 3647 civi-

1893 3696 1974 3740 tas
2005 3696 2059 3740 et
2091 3698 2338 3742 sanetum
2386 3693 2703 3754 corruptum
2763 3695 2844 3739 est
2873 3700 2996 3738 cum
3043 3683 3460 3752 superveniente

1889 3787 2079 3847 postea
2107 3778 2242 3831 duce
2278 3775 2473 3845 populo
2512 3775 2609 3836 illi,
2645 3774 2758 3827 sive
2791 3772 3020 3839 llerode,
3055 3774 3170 3828 sive
3201 3770 3460 3841 Agrippa.

1891 3872 2047 3927 l‘lunc
2070 3871 2214 3927 enim
2242 3871 2374 3925 dicit
2401 3883 2521 3923 esse
2553 3868 2780 3922 historia
2807 3866 3142 3922 Jndzeorum.
3207 3863 3313 3920 Sed
3341 3864 3466 3918 vide

1891 3982 1959 4020 ne
1987 3973 2146 4035 putes
2171 3963 2314 4034 quod
2343 3963 2418 4016 ait
2448 3961 2724 4030 corrumpi
2757 3977 2880 4016 eum
2910 3965 3049 4015 duce
3079 3956 3347 4021 veniente,
3376 3969 3464 4009 re-

1893 4054 2020 4110 ferri
2067 4053 2134 4108 ad
2181 4050 2482 4106 Christum.
2535 4050 2633 4106 Ubi
2668 4052 2813 4104 enim
2839 4049 3007 4104 voluit
3035 4049 3210 4116 ipsum
3238 4044 3464 4116 intelligi

1889 4147 2196 4211 Christum,
2228 4145 2476 4215 utrisque
2503 4143 2817 4197 nominibus
2851 4156 2982 4195 usus
3010 4148 3094 4194 est
3124 4136 3333 4203 Daniel,
3373 4135 3461 4190 di-

1889 4254 2039 4304 cens,
2090 4253 2254 4306 usque
2299 4235 2367 4288 ad
2418 4234 2689 4288 Christum
2738 4233 2940 4285 ducent.
3003 4227 3234 4296 Quando
3281 4237 3462 4281 autem

1891 4338 2031 4384 tacet
2062 4344 2256 4383 nomen
2291 4325 2510 4390 Christi,
2543 4323 3000 4393 corrumpendum
3028 4319 3328 4375 introducit
3357 4319 3460 4373 du-

1893 4437 2009 4475 cem
2033 4460 2045 4483 .
2101 4419 2360 4489 quoniam
2391 4416 2589 4471 defecit
2616 4415 2725 4470 dux
2759 4422 2880 4484 post
2907 4413 3182 4468 Christum
3205 4453 3220 4478 ,
3263 4419 3318 4466 et
3349 4411 3457 4465 dux

1887 4513 1953 4566 de
2009 4510 2308 4565 femoribus
2357 4509 2478 4579 ejus
2527 4509 2614 4574 ",
2670 4505 2822 4560 venit
2879 4505 3024 4560 enim
3075 4505 3162 4559 cui
3223 4503 3462 4573 reposita

1885 4605 2049 4676 860
2075 4611 2248 4657 erant.
2318 4600 2447 4655 Post
2471 4617 2633 4670 quem
2665 4600 2884 4654 excisus
2913 4608 2994 4652 est
3036 4596 3090 4650 in
3116 4597 3321 4651 diluvio
3361 4610 3462 4665 po—-

1887 4696 2046 4764 pulus
2077 4707 2249 4762 usque
2283 4691 2348 4746 ad
2385 4691 2544 4744 linem
2592 4690 2715 4744 belli
2758 4689 2962 4744 concisi
2998 4704 3161 4757 super
3184 4702 3298 4742 eos.
3356 4686 3461 4740 Sed

1885 4786 1971 4841 his
2002 4783 2370 4841 accidentibus
2410 4782 2516 4837 illis
2539 4822 2554 4848 ,
2596 4781 2940 4836 confirmavit
2988 4779 3132 4836 Deus
3165 4789 3462 4834 testamen-

1889 4886 2002 4930 tum
2029 4874 2214 4928 multis
2249 4874 2304 4927 in
2344 4872 2646 4942 septimana
2681 4888 2788 4925 una
2819 4889 2832 4925 :
2870 4871 2922 4924 in
2947 4869 3106 4939 cujus
3143 4869 3461 4937 septimana:

1889 4967 2117 5022 dimidio
2165 4981 2382 5022 cessare
2428 4964 2556 5019 fecit
2611 4963 2934 5027 incensum,
2979 4971 3032 5016 et
3074 4959 3376 5024 sacrificia,
3405 4968 3460 5013 et

1889 5060 2170 5129 templum,
2207 5059 2373 5128 quod,
2403 5057 2659 5121 arbitror,
2693 5071 2722 5109 a
2751 5055 2914 5124 pinna
2939 5053 3261 5116 nominavit,
3287 5053 3458 5105 inter-

1890 5154 2090 5206 iturum
2132 5165 2304 5219 usque
2350 5149 2414 5202 ad
2459 5146 2985 5203 consummationem
3014 5145 3066 5198 in
3093 5143 3455 5208 festinatione,

1888 5241 2106 5312 quando
2150 5249 2203 5295 et
2257 5239 2510 5294 derelicta
2579 5246 2662 5291 est
2717 5235 3068 5307 peccantibus
3121 5233 3202 5288 eis
3259 5232 3457 5287 domus

1886 5348 2097 5388 eorum.
2142 5329 2274 5396 Qua:
2317 5335 2496 5384 autem
2547 5338 2849 5398 sequuntur
2897 5328 2951 5381 in
3004 5333 3153 5380 textu
3194 5323 3455 5389 Danielis,

1886 5427 2028 5479 sicut
2060 5422 2334 5492 potuimus
2359 5421 2729 5490 exposuimus.
2766 5418 2889 5474 llaec
2919 5427 3096 5472 autem
3125 5416 3309 5473 omnia
3339 5415 3454 5470 visa

1886 5524 2014 5570 sunt
2047 5513 2202 5569 nobis
2228 5529 2296 5567 ex
2323 5511 2542 5566 Daniele
2568 5511 2722 5580 juxta
2754 5509 3255 5579 interpretationem
3287 5522 3456 5565 evan-

1887 5605 2043 5676 gelici
2093 5613 2270 5660 textus
2315 5617 2606 5671 opponere,
2665 5612 2723 5657 ut
2769 5603 3180 5657 manifestemus
3231 5601 3452 5657 verbum

1877 5720 1923 5752 ’6
1959 5719 2089 5776 ibid.

2195 5717 2238 5750 ⁹⁷
2258 5715 2396 5770 Dan.
2418 5729 2489 5780 tx,
2510 5715 2577 5768 24
2595 5725 2643 5772 et
2667 5731 2819 5788 seqq.
2927 5717 2974 5752 ’°
2999 5716 3144 5775 Psal.
3175 5733 3363 5786 xxxtt,
3397 5720 3449 5774 6.
