4004 6530
521 344 545 399 l
555 345 660 403 b59

1695 356 2021 426 ORIGENIS
2060 356 2127 414 IN
2165 360 2580 420 MATTHEUM
2614 384 2617 395 '

3637 360 3792 418 ίϐω

518 464 670 534 quod
702 464 779 521 ait
806 465 827 499 ¹
858 483 873 523 :
908 465 1043 523 Cum
1068 468 1309 526 videritis
1334 473 1781 531 abominationem
1804 478 2092 535 desolatio-
2117 483 2166 542 Α
2193 489 2423 549 possunt
2466 480 2761 537 ascendere
2792 482 2962 537 verbo
2992 481 3059 537 ad
3084 481 3282 537 altiora
3303 522 3319 549 ,
3373 494 3792 552 reexpncemns

518 556 624 623 nis,
659 557 800 627 quod
828 558 1027 613 dictum
1053 572 1130 616 est
1152 580 1245 633 per
1269 563 1541 620 Danielem
1582 568 1916 637 prophetam,
1947 583 2097 627 stan-

521 655 626 701 tem
665 649 722 701 in
752 647 866 702 loco
888 663 1094 719 sancto,
1124 656 1216 723 qui
1236 654 1358 726 legit
1386 658 1674 728 intelligat.

588 736 679 790 41.
720 735 874 792 Nunc
909 748 1090 794 autem
1143 741 1322 811 ipsum
1368 751 1572 799 textum
1603 745 1880 819 Evangelii
1915 750 2098 806 decla-

519 843 728 893 remus.
783 830 1034 886 Diximus
1063 842 1210 887 stare
1247 834 1466 904 quidem
1502 836 1556 891 in
1602 838 1723 894 loco
1753 851 1944 894 sancto
1968 841 2100 897 abo-

519 921 877 977 minationem
911 924 1286 989 desolationis,
1320 927 1621 1001 principem
1648 946 1771 987 esse
1811 934 1906 1003 qui
1933 932 2097 990 Jeru~

521 1014 691 1068 salem
722 1014 1083 1071 circumdedit
1116 1020 1381 1074 exercitu.
1444 1020 1632 1092 Itaque
1674 1024 1933 1094 quoniam
1977 1041 2099 1095 pes-

520 1106 661 1160 sima
709 1108 1055 1178 contigerunt
1090 1110 1176 1165 his
1225 1112 1319 1181 qui
1368 1122 1497 1169 tunc
1544 1114 1761 1171 fuerant
1804 1119 1856 1172 in
1891 1116 2096 1184 Iudaea,

520 1195 645 1277 ideo
689 1197 805 1253 haec
849 1198 1031 1255 futura
1075 1203 1405 1273 prophetans
1456 1209 1658 1277 p0pulo
1707 1208 1971 1266 Dominus
2012 1211 2099 1266 di-

520 1276 597 1343 cit
622 1290 642 1320 ²
678 1309 692 1343 :
728 1289 872 1345 Tunc
908 1294 999 1363 qui
1040 1295 1094 1348 in
1123 1295 1315 1351 Iudaea
1347 1308 1502 1363 sunt,
1536 1276 1760 1371 ifugiant
1793 1303 1844 1357 in
1877 1313 2095 1359 montes.

520 1376 589 1433 Et
630 1380 757 1435 talia
812 1380 1035 1438 fuerunt
1086 1401 1207 1455 quae
1247 1389 1596 1458 contigerunt
1624 1391 1676 1445 in
1711 1400 1952 1463 tempore
1984 1394 2097 1461 illo,

520 1477 583 1523 ut
624 1470 697 1525 ita
742 1471 1010 1541 dicamus,
1064 1484 1123 1531 ut
1167 1478 1261 1546 qui
1293 1488 1438 1534 esset
1463 1497 1626 1550 super
1655 1490 1856 1537 tectum
1882 1484 2098 1553 domus,

521 1572 632 1614 non
663 1560 886 1617 haberet
914 1574 1127 1635 tempus
1148 1567 1479 1626 descendere
1506 1580 1559 1626 et
1590 1574 1779 1629 tollere
1807 1575 2009 1645 aliquid
2034 1577 2101 1632 de

522 1650 685 1707 domo
730 1667 859 1721 sua;
895 1663 950 1711 et
980 1659 1074 1728 qui
1106 1658 1157 1714 in
1188 1676 1322 1731 agro
1347 1672 1494 1729 erat,
1531 1680 1638 1718 non
1690 1677 1871 1735 posset
1904 1670 2099 1724 reverti

2200 572 2270 628 ab
2314 572 2473 627 initio
2516 571 2794 643 proposita
2843 571 3121 643 Evangelii
3150 573 3353 637 verba,
3389 582 3444 627 et
3470 569 3791 628 secundum

2096 674 2106 686 '
2198 663 2343 733 quod
2372 677 2676 741 possumus.
2701 677 3040 733 exponamus
3087 664 3277 718 eadem
3311 663 3506 717 iterum
3553 660 3796 730 spirita-

2198 753 2343 808 liter.
2400 755 2466 809 Et
2498 754 2732 824 primum
2783 754 3002 823 quidem
3053 754 3419 824 suscipiamus
3445 752 3680 808 verbum
3718 750 3794 805 de

2198 845 2609 901 abominatione
2657 845 3014 902 desolationis
3064 855 3242 902 stante
3288 847 3342 900 in
3387 846 3511 901 loco
3558 855 3789 900 sancto.

2199 935 2367 992 Debet
2388 938 2534 993 enim
2567 937 2661 1007 qui
2697 938 2827 1008 legit
2857 936 3087 1008 diligens
3114 952 3257 1003 esse,
3289 946 3344 991 et
3366 937 3696 1006 intelligere.
3726 945 3792 987 ut

2199 1043 2310 1083 non
2341 1028 2636 1084 seducatur
2659 1044 2689 1084 a
2717 1028 3073 1084 desolationis
3103 1028 3525 1083 abominatione.
3596 1026 3791 1081 Locus

2200 1120 2364 1191 igitur
2395 1130 2618 1178 sanctus
2652 1120 3008 1191 iutelligibilis
3030 1129 3113 1174 est
3132 1121 3312 1176 omnis
3335 1119 3502 1175 dictio
3526 1118 3790 1187 Scriptu-

2198 1228 2275 1269 rze
2306 1214 2521 1279 divinae,
2575 1230 2739 1285 quam
2783 1215 2952 1271 locuti
2992 1223 3121 1270 sunt
3164 1214 3336 1269 sancti
3369 1212 3653 1284 prophetae
3684 1209 3788 1279 qui

2200 1304 2422 1362 luerunt
2451 1321 2481 1360 a
2512 1302 2731 1374 saeculo,
2766 1306 2999 1376 Moyses,
3033 1317 3087 1361 et
3117 1315 3239 1376 post
3257 1320 3381 1361 eum
3413 1303 3622 1360 caeteri.
3652 1301 3786 1356 Non

2201 1398 2378 1452 solum
2403 1405 2582 1452 autem
2604 1437 2619 1463 ,
2656 1400 2749 1454 sed
2780 1399 2944 1453 etiam
2978 1397 3143 1453 dictio
3168 1397 3664 1467 evangelistarum,
3696 1395 3787 1448 vel

2201 1487 2570 1557 apostolorum
2604 1487 2730 1543 Jesu
2762 1487 2988 1543 Christi.
3030 1486 3088 1541 lu
3130 1486 3237 1542 hoc
3267 1500 3397 1555 ergo
3426 1485 3553 1539 loco
3586 1493 3787 1537 sancto

2200 1579 2444 1634 omnium
2465 1579 2871 1649 Scripturarum
2898 1589 3006 1634 tam
3026 1578 3235 1633 Veteris
3252 1575 3590 1632 Testamenti
3613 1590 3786 1645 quam

2199 1666 2356 1732 Novi,
2386 1670 2779 1736 Antichristus,
2825 1673 2973 1740 quod
2999 1678 3085 1725 est
3116 1669 3312 1724 falsum
3332 1668 3598 1729 Verbum,
3630 1668 3790 1720 stetit

523 1744 577 1797 in
606 1745 879 1803 civitatem
928 1758 982 1806 et
1020 1753 1210 1809 tollere
1236 1758 1620 1814 vestimentum
1653 1777 1836 1816 suum.
1891 1762 1955 1815 Et
1989 1780 2096 1818 non
2132 1814 2145 1831 κζ
2203 1758 2518 1828 frequenter
2558 1776 2653 1829 per
2688 1763 2791 1815 hoc
2834 1762 3012 1830 ipsum
3063 1761 3206 1831 quod
3256 1769 3402 1814 stare
3455 1759 3678 1813 videtur
3728 1757 3788 1809 iu

520 1846 639 1891 erat
670 1846 799 1895 tunc
831 1851 1045 1912 tempus
1075 1846 1495 1917 misericordiae,
1555 1868 1732 1922 neque
1762 1870 1925 1924 super
1955 1871 2096 1925 prm-
2130 1829 2169 1883 Β
2202 1850 2498 1920 Scripturis
2523 1850 2724 1906 divinis
2744 1895 2758 1917 ,
2797 1853 3094 1907 ostendens
3132 1867 3191 1905 se
3213 1851 3373 1919 quasi
3415 1851 3491 1905 sit
3517 1849 3695 1915 Deus,
3731 1857 3790 1903 et

520 1937 772 1997 gnantes,
805 1946 981 2002 neque
1010 1948 1174 2003 super
1199 1936 1482 2005 lactantes,
1511 1955 1684 2009 neque
1718 1957 1882 2012 super
1916 1942 2095 1997 infan-

522 2026 603 2075 tes
651 2035 861 2076 earum.
924 2025 1047 2080 Ideo
1090 2027 1223 2083 dicit
1270 2029 1554 2099 (quantum
1586 2034 1652 2087 ad
1686 2035 1848 2089 verba
1900 2036 2094 2108 dico):

528 2109 621 2165 Vae
661 2116 1055 2183 prtegnantibus
1076 2159 1091 2184 ,
1136 2129 1186 2174 et
1229 2123 1580 2178 nutrientibus
1606 2125 1660 2179 in
1692 2126 1803 2179 illis
1832 2127 2014 2182 diebus
2051 2130 2092 2184 ³.

519 2198 586 2256 Ει
616 2206 772 2273 quasi
824 2208 889 2261 ad
937 2207 1154 2266 Judaeos
1186 2212 1447 2282 loquens,
1476 2216 1569 2286 qui
1598 2217 2007 2275 arbitrabantur
2032 2220 2092 2274 in

521 2293 760 2351 Sabbato
788 2313 894 2352 non
927 2311 1179 2370 oportere
1208 2305 1291 2359 vel
1321 2321 1501 2375 agere,
1539 2310 1618 2362 vel
1645 2310 1925 2367 ambulare
1952 2313 2096 2367 viam

519 2387 755 2455 amplius
790 2406 952 2459 quam
987 2401 1070 2447 est
1115 2392 1338 2450 Sabbati
1387 2396 1516 2463 iter,
1554 2399 1673 2454 ideo
1715 2400 1848 2455 dicit
1886 2421 1900 2456 :
1938 2400 2099 2457 Orate

519 2487 696 2531 autent
748 2496 810 2533 ne
856 2482 953 2550 ﬁat
1009 2484 1136 2554 fuga
1166 2496 1335 2539 vestra
1368 2488 1421 2541 in
1467 2489 1653 2557 hieme,
1683 2492 1759 2545 vel
1794 2493 2023 2548 Sabbato
2054 2496 2095 2550 ’⁵.

518 2567 639 2624 Non
675 2573 854 2628 solum
902 2578 1045 2631 enim
1097 2578 1152 2632 in
1186 2577 1429 2636 Sabhato
1451 2621 1465 2645 ,
1514 2583 1607 2637 sed
1641 2585 1802 2639 etiam
1836 2587 1889 2640 in
1922 2587 2099 2644 hieme

521 2663 823 2729 pessimum
851 2678 969 2721 erat
996 2668 1225 2724 salutem
1253 2686 1498 2741 quaerere
1527 2689 1623 2743 per
1650 2673 1856 2745 fugam.
1913 2677 2101 2734 Refer-

524 2763 613 2808 tur
645 2765 825 2811 autem
869 2759 938 2814 ab
970 2747 1057 2817 his
1085 2763 1179 2833 qui
1203 2762 1485 2820 Judaicam
1534 2766 1815 2823 historiam
1851 2772 2099 2827 conscri-

519 2857 748 2916 pserunt
776 2850 841 2905 de
872 2852 978 2908 illis
1008 2870 1130 2924 quae
1160 2864 1287 2912 tunc
1312 2859 1678 2931 contigerunt,
1709 2864 1967 2931 quoniam
2001 2864 2101 2920 tri-

519 2936 728 2994 bulatio
776 2955 970 3013 magna
1023 2943 1166 3001 facta
1211 2955 1297 3001 est
1348 2951 1581 3019 p0pulo,
1612 2954 1791 3022 qualis
1818 2971 2097 3025 nunquam

518 3027 622 3082 fuit
652 3029 721 3083 ab
758 3031 913 3087 initio
938 3035 1126 3090 mundi
1160 3052 1334 3107 usque
1363 3040 1429 3093 ad
1464 3048 1675 3111 tempus
1715 3043 1949 3111 Christi,
2001 3046 2096 3102 sed

518 3134 619 3174 nec
650 3131 835 3190 postea
865 3122 980 3179 ﬁeri
1016 3136 1195 3197 potest
1221 3137 1279 3183 ut
1308 3130 1431 3187 talis
1479 3132 1558 3187 eis
1602 3126 1921 3206 contingat,
1965 3152 2094 3206 pro-
2122 3162 2167 3223 ρ

518 3220 704 3280 pterea
736 3215 879 3282 quod
901 3217 1019 3271 ausi
1041 3227 1169 3272 sunt
1193 3235 1388 3277 manus
1415 3222 1614 3277 inferre
1646 3225 1698 3279 in
1719 3242 1904 3281 verum
1934 3229 2094 3284 Chri-

521 3312 666 3358 stum
699 3305 810 3372 Dei,
863 3307 1020 3377 cujus
1051 3312 1369 3381 mysterium
1393 3323 1446 3368 et
1475 3331 1669 3371 nomen
1700 3334 1747 3372 Vt
1769 3335 1968 3375 nerans
2001 3320 2101 3376 Da-

520 3394 650 3458 vid,
688 3396 903 3453 dicebat
946 3399 1013 3454 de
1058 3398 1219 3455 Saule
1252 3415 1611 3475 persequente
1660 3416 1716 3462 et
1762 3411 2010 3467 occidere
2041 3428 2100 3468 se

521 3487 738 3541 volente
768 3505 780 3542 :
821 3487 944 3542 Non
970 3491 1207 3556 iuiiciam
1234 3510 1420 3550 manus
1447 3513 1588 3552 meas
1615 3499 1669 3552 in
1700 3501 1969 3557 Christum
2001 3503 2102 3558 Do-

522 3577 656 3629 mini
680 3577 719 3630 ⁸.
757 3576 1139 3636 Prmcisionem
1172 3594 1350 3639 autem
1382 3585 1591 3641 dierum
1619 3588 1833 3645 illorum
1860 3592 2097 3649 futuram

520 3677 747 3735 propter
795 3669 993 3726 electos
1027 3671 1121 3725 Dei
1172 3674 1264 3743 qui
1303 3676 1532 3732 credunt
1566 3678 1618 3733 in
1649 3678 1961 3750 Christum,
1998 3685 2099 3739 ab-

520 3754 910 3812 breviationem
960 3759 1314 3831 intelligimus
1361 3764 1573 3820 dierum
1626 3768 1866 3826 illorum.
1945 3771 2101 3829 Tunc

522 3857 703 3903 autem
741 3849 793 3903 in
829 3866 1026 3921 magna
1074 3854 1384 3911 calamitate
1422 3858 1620 3927 populo
1665 3863 1993 3931 constituto,
2044 3873 2100 3920 et

519 3940 707 3995 electis
732 3941 825 4010 qui
855 3953 982 3997 sunt
1011 3944 1062 3997 in
1088 3944 1274 4001 Judrca
1303 3949 1540 4016 pericula
1566 3950 1915 4022 patientibus,
1941 3957 2097 4011 multi

521 4032 836 4087 seductorcs
874 4034 1169 4091 dicebant:
1205 4037 1341 4093 Ecce
1372 4040 1458 4093 hic
1484 4040 1749 4109 Christus,
1797 4061 1913 4099 ecce
1961 4047 2094 4102 illic.

520 4122 670 4189 Quos
721 4125 1011 4181 observare
1075 4129 1278 4185 docens
1342 4131 1638 4202 discipulos
1704 4150 1835 4196 suos
1886 4137 2100 4194 dicebat

520 4224 650 4271 tunc
676 4216 697 4247 ⁸
737 4236 750 4272 :
788 4218 851 4272 Si
896 4221 1012 4289 quis
1046 4222 1189 4275 vobis
1236 4223 1432 4277 dixerit
1464 4240 1482 4278 :
1518 4225 1653 4281 Ecce
1699 4228 1784 4282 hic
1829 4227 2093 4296 Christus,

516 4323 632 4361 ecce
658 4308 803 4370 illic,
835 4310 997 4365 nolite
1025 4313 1249 4368 credere.
1301 4313 1527 4386 Surgent
1576 4320 1715 4373 enim
1748 4322 2093 4390 pseudochri—

522 4401 592 4452 sti
619 4409 668 4454 et
690 4402 1172 4473 pseutlopropltela’,
1211 4416 1258 4459 et
1288 4408 1486 4462 dabunt
1515 4411 1669 4480 signa
1694 4428 1885 4483 magna
1906 4425 1952 4467 et
1975 4430 2097 4483 pro-

2198 1943 2355 2011 quasi
2402 1943 2518 2012 ipse
2563 1944 2632 1998 sit
2661 1943 2914 2000 Christus
2959 1943 3103 1998 Deus
3139 1941 3394 2005 Verbum,
3439 1951 3497 1995 et
3547 1941 3670 2010 ipse
3699 1954 3788 1994 eet

2200 2035 2537 2091 ahominatio
2571 2036 2945 2092 desolationis.
3010 2035 3104 2090 Est
3149 2036 3295 2090 enim
3344 2032 3667 2102 frequenter
3699 2033 3786 2085 vi-

2198 2132 2325 2187 dere
2351 2132 2404 2186 in
2434 2130 2998 2201 argumentationibus
3045 2131 3227 2201 impiis
3268 2126 3593 2201 dogmaium
3635 2127 3785 2197 apud

2199 2223 2486 2279 haereticos
2524 2224 2667 2277 hanc
2698 2223 3159 2278 abominationem
3189 2220 3574 2285 desolationis,
3613 2218 3671 2272 id
3706 2228 3788 2272 est

2197 2315 2594 2372 Antichristum
2643 2315 2866 2370 verbum
2913 2314 3148 2380 falsum,
3187 2313 3663 2368 abominationem
3692 2310 3789 2363 de-

2200 2408 2464 2464 solautem
2493 2423 2523 2462 a
2553 2407 2660 2463 Deo
2689 2422 2903 2462 omnem
2938 2409 3213 2463 hominem
3238 2405 3330 2476 qui
3358 2403 3631 2473 receperit
3663 2415 3785 2456 eam

2202 2499 2254 2553 in
2291 2514 2350 2554 se
2373 2498 2836 2554 abominationem
2872 2498 3248 2553 adversantem
3298 2496 3551 2561 veritati,
3602 2492 3789 2549 extol-

2200 2589 2398 2645 lentem
2431 2604 2490 2645 se
2520 2598 2687 2659 super
2716 2604 2878 2644 omne
2909 2588 3136 2643 verbum
3165 2589 3309 2657 quod
3333 2595 3419 2643 est
3444 2595 3603 2641 extra
3628 2599 3786 2649 eum,

2200 2681 2345 2752 quod
2397 2681 2756 2736 annuntiatur
2824 2695 2948 2735 esse
2997 2680 3341 2735 extollentem
3396 2692 3455 2733 se
3509 2686 3565 2731 et
3614 2690 3789 2743 super

2200 2787 2364 2828 omne
2407 2772 2631 2828 verbum
2664 2771 2796 2837 Dci,
2852 2771 2997 2843 quod
3047 2771 3422 2841 unusquisque
3449 2767 3563 2840 (82)
3598 2766 3789 2821 homi-

2200 2879 2331 2917 num
2363 2864 2542 2918 colerc
2571 2864 2705 2930 vult,
2757 2864 2871 2920 sive
2894 2878 3042 2927 vere,
3079 2862 3195 2917 sive
3242 2859 3598 2915 mendaciter.
3642 2855 3786 2910 Nam

2201 2956 2636 3027 unumquodque
2678 2955 3059 3010 hmreticorum
3090 2954 3286 3024 dogma
3316 2966 3423 3006 non
3468 2949 3659 3005 solum
3690 2962 3787 3001 ve-

2202 3047 2351 3102 ritati
2380 3048 2725 3115 adversatur,
2759 3046 2855 3103 sed
2880 3046 3045 3102 etiam
3078 3045 3291 3101 caeteris
3319 3039 3673 3113 dogmatibus
3706 3039 3790 3095 si-

2203 3140 2401 3193 militer
2422 3139 2591 3195 falsis.
2622 3141 2687 3194 Et
2715 3139 2976 3209 quoniam
3011 3138 3088 3193 sic
3109 3135 3405 3198 extollitur,
3434 3141 3492 3187 ut
3517 3132 3695 3187 etiam
3731 3130 3785 3185 iu

2203 3232 2400 3302 templo
2432 3230 2836 3301 Scripturarum
2860 3231 3065 3296 sedeat,
3092 3244 3188 3300 per
3216 3228 3392 3298 ipsum
3410 3224 3709 3294 templum,
3734 3219 3790 3275 id

2200 3332 2283 3378 est
2309 3338 2405 3393 per
2421 3323 2565 3394 ipsas
2584 3322 2912 3392 Scripturas,
2930 3322 3117 3377 volens
3132 3336 3191 3377 se
3206 3317 3489 3375 ostendere
3512 3315 3789 3385 quoniam

2200 3416 2316 3487 ipse
2358 3430 2486 3471 vere
2515 3426 2597 3471 est
2626 3415 2770 3471 Deus
2800 3413 3059 3478 Verbum,
3098 3427 3312 3481 semper
3357 3424 3485 3480 ergo
3515 3408 3611 3478 qui
3637 3406 3789 3461 divi-

2202 3520 2301 3560 nas
2327 3504 2457 3575 legit
2482 3503 2818 3575 Scripturas,
2855 3502 3121 3572 intelligat
3151 3515 3268 3566 eas,
3286 3499 3525 3553 maxime
3556 3495 3788 3567 quando

2198 3596 2396 3651 viderit
2438 3595 2904 3651 abominationem
2951 3590 3326 3656 desolationis,
3377 3587 3683 3643 secundum
3720 3599 3784 3640 ea

2199 3701 2322 3755 quae
2346 3685 2609 3751 diximus,
2644 3691 2877 3740 stantem
2906 3681 2959 3736 in
2984 3696 3050 3737 eo
3083 3695 3247 3751 quem
3270 3678 3631 3749 exposuimus
3656 3676 3785 3731 loco

2201 3786 2393 3833 sancto
2422 3786 2735 3833 sanctarum
2768 3774 3194 3846 Seripturarum.
3228 3773 3332 3841 Qui
3352 3780 3536 3828 autem
3568 3770 3785 3835 intelle-

2198 3867 2340 3922 xerit
2361 3865 2769 3932 eum,destruet
2790 3880 2915 3921 vera
2947 3863 3262 3929 traditione,
3297 3862 3349 3916 id
3380 3871 3465 3917 est
3500 3860 3784 3916 illumina-

2201 3958 2346 4011 tione
2367 3958 2632 4012 adventus
2653 3955 2856 4011 Christi
2891 3953 2986 4025 qui
3025 3962 3110 4010 est
3131 3954 3355 4019 veritas,
3386 3968 3513 4008 eum
3548 3952 3781 4007 verbum

2199 4052 2290 4120 qui
2313 4051 2365 4104 in
2391 4050 2571 4104 alieno
2592 4049 2713 4104 loco
2736 4058 2925 4105 sancto
2961 4057 3107 4103 stare
3135 4047 3368 4112 videtur,
3386 4055 3440 4100 ct
3466 4046 3782 4116 intelligens

2200 4142 2359 4195 talem
2414 4140 2875 4195 abominationem
2929 4136 3308 4203 desolationis,
3359 4136 3569 4191 irritam
3618 4134 3783 4190 faciet

2198 4246 2339 4294 eam,
2357 4240 2411 4285 et
2425 4230 2605 4299 ejiciet
2627 4245 2658 4283 a
2685 4229 2806 4284 loco
2825 4236 3012 4284 sancto
3037 4228 3088 4282 in
3107 4243 3218 4296 quo
3239 4237 3387 4281 stare
3407 4224 3643 4278 videtur.
3668 4220 3785 4276 Ma-

2198 4320 2342 4373 xime
2363 4328 2542 4372 autem
2570 4318 2814 4373 destruet
2833 4332 2958 4372 eum
2981 4314 3234 4372 Christus
3256 4315 3349 4385 qui
3373 4314 3619 4384 loquitur
3637 4311 3694 4366 in
3709 4325 3782 4366 eo

2197 4427 2386 4465 verum
2432 4410 2635 4465 lumen.
2670 4408 2781 4465 lste
2816 4418 2998 4464 autem
3037 4408 3313 4471 Christus,
3334 4405 3380 4460 si
3404 4406 3457 4458 in
3479 4403 3666 4472 aliquo
3691 4400 3779 4454 lo-

518 4490 685 4559 αἰσία.
748 4491 937 4548 Dicere
966 4506 1146 4549 autem
1180 4499 1303 4566 quis
1335 4508 1513 4568 potest
1546 4511 1640 4556 aut
1674 4502 1950 4559 Simonem
1977 4504 2094 4561 Ma-
2128 4499 2170 4553 D
2200 4512 2401 4574 quatur
2430 4503 2642 4558 volente
2662 4502 2852 4556 audire
2879 4508 2934 4555 et
2965 4498 3424 4569 prodilieari,nou
3446 4494 3776 4557 inﬁrmatur,

519 4598 644 4651 gum
681 4584 721 4645 ",
761 4586 850 4653 qui
883 4587 1095 4640 diccbat
1146 4603 1204 4642 sc
1233 4606 1353 4645 esse
1379 4589 1646 4647 Virtutem
1680 4594 1772 4649 Dei
1816 4613 2092 4668 magnam,

518 4680 614 4724 aut
643 4673 689 4726 si
713 4674 835 4741 quis
864 4675 914 4728 ei
946 4676 1142 4729 similis
1170 4677 1289 4741 fuit,
1326 4680 1583 4736 seducere
1620 4684 1828 4751 volens,
1886 4687 1930 4742 si
1964 4703 2092 4757 pos-

518 4762 676 4816 sibile
706 4773 872 4828 esset,
904 4775 955 4819 et
987 4767 1207 4822 electos.
1264 4769 1388 4826 llzec
1413 4775 1804 4840 prtevenientes
1833 4776 2094 4846 diximus,

519 4868 627 4907 non
678 4855 996 4924 adjicientes
1044 4859 1097 4913 in
1141 4862 1241 4915 hoc
1288 4862 1408 4917 loco
1461 4864 1620 4917 aliam
1670 4869 2091 4938 expositionem,

517 4946 619 5000 nisi
668 4962 787 5001 eam
820 4965 941 5018 quae
973 4953 1272 5007 secundum
1321 4963 1525 5010 textum
1563 4966 1675 5023 est,
1727 4971 1947 5029 propter
1995 4980 2091 5018 eos

515 5041 608 5110 qui
639 5042 929 5098 traditione
958 5046 1193 5115 simplici
1220 5048 1579 5117 delectantur,
1611 5060 1666 5106 ut
1697 5068 1818 5121 qure
1842 5054 2095 5112 videntur

510 5134 591 5187 eis
630 5134 787 5190 utilia
816 5135 1157 5205 diceremus,
1188 5141 1448 5211 quoniam
1481 5143 1595 5198 haec
1624 5143 1889 5203 Dominus
1915 5147 2092 5204 futura

510 5224 849 5292 pr0phetans
882 5229 1142 5297 prtescius
1169 5232 1413 5287 veritatis
1442 5235 1715 5303 exposuit.

585 5314 675 5373 42.
721 5317 779 5373 Si
809 5331 990 5377 autem
1021 5333 1235 5394 oportet
1278 5335 1498 5396 propter
1547 5341 1643 5383 eos
1690 5328 1786 5398 qui
1822 5329 2010 5384 volunt
2041 5340 2096 5386 et

2199 4597 2360 4668 861
2379 4596 2473 4651 sed
2503 4609 2665 4650 omne
2698 4593 2893 4649 falsum
2932 4592 3180 4656 verbum,
3204 4588 3348 4660 quod
3377 4599 3463 4643 est
3493 4584 3782 4685 aii-orni”-

2201 4686 2277 4740 tio
2303 4684 2659 4741 desolationis
2699 4693 2851 4739 stans
2894 4682 2950 4736 in
2993 4682 3114 4736 loco
3158 4688 3348 4735 sancto
3387 4685 3442 4733 et
3482 4677 3677 4732 sedens
3719 4677 3775 4728 iu

2206 4778 2408 4848 templo
2439 4776 2558 4844 Dei,
2585 4776 2729 4846 quod
2760 4784 2843 4830 est
2883 4774 3276 4839 Antichristus,
3334 4770 3623 4826 interﬁeiet
3659 4767 3777 4837 δρία

2202 4872 2310 4926 ritu
2343 4870 2457 4925 oris
2510 4870 2595 4924 sui
2648 4884 2744 4938 per
2782 4882 2877 4924 eos
2920 4867 3014 4937 qui
3074 4882 3134 4921 se
3187 4863 3521 4935 praebuerint
3550 4872 3775 4931 capaces

2199 4960 2394 5032 ipsius.
2455 4958 2608 5026 Quod
2647 4960 2873 5013 verbum
2921 4957 3120 5014 falsum
3152 4956 3465 5026 frequenter
3500 4969 3606 5009 non
3645 4961 3773 5016 stat,

2197 5056 2291 5114 sed
2314 5054 2477 5109 etiam
2509 5051 2658 5107 sedet
2693 5052 2747 5105 in
2773 5050 2996 5120 templo,
3033 5047 3255 5120 quando
3295 5046 3455 5117 quasi
3486 5043 3774 5101 rationabi-

2194 5150 2318 5204 liter
2344 5156 2397 5201 et
2434 5146 2572 5201 bene
2598 5152 2970 5199 constructum
2990 5144 3224 5197 videtur.
3251 5139 3355 5206 Qui
3377 5148 3562 5194 autem
3591 5136 3769 5191 vident

2198 5240 2342 5294 hanc
2399 5236 2863 5293 abominationem
2933 5232 3311 5297 desolationis,
3362 5232 3438 5286 ita
3469 5238 3531 5284 ut
3564 5227 3769 5299 possint

2194 5334 2262 5388 de
2283 5347 2347 5387 ea
2371 5332 2553 5387 dicere
2576 5347 2590 5385 :
2616 5328 2739 5382 Non
2764 5328 2903 5382 enim
2930 5326 3185 5381 versutia:
3210 5324 3325 5395 ejus
3356 5324 3672 5394 ignoramus,
3704 5317 3764 5370 in

588 5487 606 5516 ⁸
637 5485 825 5569 blattli.
856 5506 1003 5559 XXIV,
1034 5493 1120 5549 l5.
1202 5494 1223 5525 ⁸
1254 5492 1388 5549 ibid.
1421 5493 1507 5549 16.
1584 5494 1606 5526 ³
1633 5494 1765 5550 ibid.
1800 5495 1885 5551 l9.
1961 5495 1983 5528 "
2011 5496 2140 5554 ibid.
2171 5496 2260 5554 20.
2335 5494 2391 5552 ⁵1
2413 5495 2544 5569 Reg.
2566 5512 2718 5566 xxtv,
2750 5496 2836 5553 Η.
2912 5489 3532 5558 'Maltli.xxtv,23,2£.
3602 5487 3762 5541 Ἀρι.

515 5568 633 5623 vni,
659 5556 712 5623 9,
743 5559 830 5616 10.

585 5700 698 5782 (82)
738 5703 942 5788 Locum
983 5711 1062 5770 sic
1088 5716 1332 5783 restitue,
1381 5715 1520 5787 quod
1552 5717 1903 5772 annuntiatur
1937 5732 2048 5773 esse
2084 5717 2291 5776 verbum
2330 5720 2426 5777 Dei
2481 5718 2817 5776 extollenth
2853 5735 2906 5774 se
2938 5725 2986 5774 et
3027 5732 3185 5788 super
3228 5728 3380 5770 omne
3423 5708 3558 5783 quod
3592 5718 3763 5759 unu-

515 5778 752 5843 quisque,
783 5787 886 5834 etc.
923 5778 929 5791 ’
