4004 6550
243 370 380 427 1661

1376 378 2033 441 COMMENTARIORUM
2072 383 2335 442 SERIES.

3361 377 3501 447 isse

242 500 313 541 eo
346 484 478 541 dum
509 485 698 560 legunt
723 486 1084 559 intelligentes
1110 503 1235 560 qua:
1272 504 1399 547 vera
1430 503 1578 561 sunt,
1611 493 1826 566 fugiant
1855 498 1900 557 Α
1926 494 2103 561 lestis,
2131 512 2239 552 non
2272 508 2578 555 revertatur
2604 505 2766 556 retro.
2795 513 2912 556 non
2937 499 3083 557 enim
3124 502 3502 558 tantummodo

246 576 470 645 falsum,
495 586 551 634 et
574 580 832 651 recedant
858 580 950 636 ubi
967 596 1064 636 eos
1094 583 1437 640 mendacium
1468 587 1824 657 comprehcn-

243 669 376 724 dere
435 683 548 745 nep
600 670 822 726 valebit.
856 669 976 726 Non
1024 682 1205 728 autem
1239 682 1421 743 potest
1466 679 1827 747 comprehen-

240 761 373 817 dere
401 762 750 817 mendacium
789 778 886 818 eos
920 764 1015 834 qui
1045 779 1113 819 ex
1145 762 1352 831 Iudaea,
1385 767 1585 835 littera,
1610 767 1828 837 fugiunt

237 852 309 906 ad
346 851 619 922 spiritalia
665 863 720 909 et
781 854 1164 924 intelligihilia,
1198 866 1253 911 et
1281 858 1544 914 sublimes
1582 860 1826 917 veritatis

238 954 483 1000 montes.
522 943 588 999 Ut
630 955 811 1000 autem
863 946 1229 1017 intelligamus
1264 966 1278 1003 :
1308 947 1543 1020 Fugiunt
1586 952 1641 1004 in
1678 968 1828 1020 mon-

237 1048 320 1089 tes
361 1036 405 1103 ⁸,
424 1036 612 1107 accipe
651 1037 959 1107 exemplum
992 1038 1137 1109 quod
1175 1018 1718 1097 dicitur—manifeste
1759 1018 1826 1097 de

241 1128 375 1200 fuga
398 1128 682 1193 laudabili,
712 1130 872 1200 quale
898 1139 977 1207 est
1000 1132 1145 1201 quod
1173 1132 1249 1187 ait
1278 1133 1581 1201 Apostolus
1608 1143 1629 1174 ο
1664 1153 1676 1189 :
1711 1133 1828 1188 Fu-

239 1221 352 1292 gite
374 1220 801 1290 fornicationem,
832 1228 886 1275 et
923 1222 1067 1291 quod
1101 1224 1183 1277 ait
1233 1225 1510 1293 Sapientia
1538 1226 1581 1257 ¹⁰
1613 1243 1627 1279 :
1658 1224 1826 1290 Quasi

242 1328 280 1364 a
307 1309 445 1380 facie
469 1313 724 1379 serpentis
751 1310 873 1381 fuge
918 1322 1214 1381 peccatum.
1251 1314 1334 1368 vel
1364 1315 1530 1384 quale
1559 1325 1646 1370 est
1675 1316 1821 1387 quod

241 1399 302 1455 in
339 1403 601 1473 mysterio
636 1402 768 1456 dicit
791 1400 1034 1459 Rebecca
1057 1403 1223 1459 Jacob
1259 1406 1300 1437 ¹¹
1331 1422 1344 1459 :
1380 1405 1514 1461 Ecce
1541 1406 1686 1463 Esau
1713 1407 1826 1477 fra-

243 1502 459 1548 tertuus
478 1494 715 1547 minatur
729 1496 962 1549 occidere
1003 1505 1070 1550 te.
1100 1495 1259 1550 Nunc
1286 1514 1430 1568 ergo,
1455 1498 1559 1567 ﬁt’i,
1587 1500 1714 1553 audi
1743 1515 1827 1554 vo-

241 1600 356 1637 cem
378 1600 569 1647 meam,
616 1593 665 1638 et
705 1602 923 1656 surgens
945 1587 1067 1657 fuge
1089 1588 1161 1641 ad
1188 1586 1373 1642 Laban
1400 1589 1622 1658 fratrem
1654 1606 1824 1644 meum

240 1671 305 1724 in
370 1670 600 1737 Carran,
650 1680 699 1726 et
754 1673 940 1728 habita
988 1675 1221 1729 cumillo
1266 1676 1466 1747 aliquot
1495 1678 1629 1746 dies,
1663 1679 1824 1732 donec

242 1772 524 1818 avertatur
565 1765 653 1817 ira
713 1764 903 1834 fratris
942 1766 1041 1821 tui.
1074 1766 1141 1820 Et
1186 1768 1389 1831 omnis,
1419 1768 1677 1833 arbitror,
1729 1769 1823 1838 qui

241 1853 395 1909 filius
434 1864 518 1914 est
564 1853 755 1923 Iacob,
777 1871 941 1926 opera
982 1871 1374 1913 consummatis
1405 1857 1590 1921 Jacob,
1621 1860 1822 1914 intelli-

241 1956 381 2010 gens
426 1957 643 1997 omnem
702 1958 911 1998 morem
960 1944 1217 2001 odibilem
1249 1946 1379 2011 Deo,
1403 1950 1497 2019 qui
1533 1958 1616 2004 est
1650 1949 1818 2018 Esau,

244 2027 388 2100 fugit
415 2032 573 2101 quasi
625 2031 954 2103 intelligens.
1016 2032 1072 2088 Si
1126 2043 1307 2090 autem
1339 2052 1449 2089 non
1495 2036 1665 2109 fugiat
1693 2055 1820 2094 eum

240 2122 341 2193 qui
364 2122 697 2179 fornicarius
722 2133 805 2180 est
834 2135 890 2179 et
918 2125 1159 2195 pollutus
1187 2127 1330 2183 sicut
1362 2127 1530 2192 Esau,
1561 2139 1615 2185 et
1660 2132 1820 2200 quasi

240 2229 357 2269 non
390 2213 603 2284 fugiens
632 2214 796 2283 Esau,
824 2216 920 2271 sed
963 2216 1283 2274 cohabitans
1314 2219 1385 2283 ei,
1428 2236 1536 2275 non
1580 2221 1640 2276 ﬁt
1676 2222 1820 2279 filius

235 2302 417 2359 Jacob
440 2305 533 2375 qui
557 2305 769 2378 fugerat
791 2321 938 2364 eum.
974 2305 1094 2377 Ipse
1133 2316 1316 2389 autem
1345 2308 1515 2366 Jacob
1569 2312 1821 2371 habitans

240 2409 374 2448 cum
407 2394 596 2450 Laban
651 2395 858 2450 utiliter
906 2396 1009 2451 sibi
1030 2404 1084 2451 et
1113 2398 1506 2468 dispensationi
1547 2417 1669 2471 quae
1704 2415 1823 2457 erat

240 2487 545 2543 secundum
573 2486 768 2554 Deum,
811 2488 1099 2545 abscondit
1142 2506 1236 2545 cor
1273 2506 1454 2558 suum,
1491 2502 1549 2547 ut
1582 2510 1690 2548 non
1720 2510 1819 2549 an-

240 2577 524 2633 nuntiaret
555 2578 606 2633 ei
655 2581 918 2649 quoniam
974 2581 1234 2652 fugiebat,
1276 2592 1330 2637 et
1358 2582 1599 2654 fugiebat
1623 2585 1737 2655 ipse
1767 2594 1822 2641 et

240 2670 433 2724 omnia
458 2670 597 2740 ejus.
631 2669 840 2725 Bonum
867 2679 1097 2742 estergo
1129 2671 1315 2742 fugere
1343 2675 1504 2728 etiam
1544 2692 1573 2729 a
1609 2675 1816 2743 Laban,

241 2773 279 2814 a
305 2759 650 2814 consiliatore
702 2759 1006 2815 carnalium
1044 2760 1463 2831 qualitatum,iu
1491 2765 1691 2834 quibus
1719 2766 1819 2820 ha-

240 2850 513 2906 bitantem
562 2868 670 2907 non
701 2863 913 2923 oportet
961 2869 1279 2923 permanere
1306 2854 1361 2909 in
1387 2857 1487 2923 eis,
1513 2859 1606 2912 sed
1632 2857 1821 2929 fugere

242 2959 375 2998 cmn
405 2944 554 3000 omni
604 2946 768 3000 domo
826 2962 947 3001 sua.
974 2945 1109 3001 Nam
1140 2957 1195 3004 et
1221 2950 1267 3006 si
1304 2949 1537 3004 voluerit
1563 2950 1818 3021 persequi

241 3043 371 3107 post
402 3050 548 3099 eum,
586 3034 730 3091 Deus
780 3036 932 3091 illum
972 3048 1177 3095 avertet
1219 3055 1250 3095 a
1296 3039 1628 3112 fugientibus
1667 3056 1816 3106 eum,

242 3134 329 3192 ut,
353 3127 454 3182 etsi
478 3128 948 3198 comprehenderit
971 3145 1095 3185 eum
1125 3133 1472 3201 postmodum
1499 3133 1815 3203 aliquando,
1849 3175 1891 3233 ο

242 3219 386 3274 nihil
416 3220 543 3274 mali
575 3218 755 3275 facere
791 3221 841 3276 ei
871 3227 1043 3291 possit
1067 3224 1776 3296 ﬁducialitcrpronuntianti
1804 3243 1818 3279 :

242 3313 404 3383 Apud
432 3329 582 3382 quem
606 3314 863 3370 inveneris
894 3316 1014 3370 deos
1033 3324 1287 3384 tuos,non
1313 3320 1447 3372 vivat
1478 3320 1531 3372 in
1547 3328 1823 3387 conspectu

246 3405 483 3474 fratrum
513 3418 813 3462 nostrorum
846 3422 866 3461 :
893 3426 1139 3480 cognosce
1171 3411 1297 3481 quid
1331 3422 1542 3466 tuorum
1574 3424 1650 3467 est
1682 3414 1822 3483 apud

245 3512 352 3562 me,
378 3505 427 3550 et
475 3499 649 3567 accipe
688 3500 751 3552 ¹².
786 3496 896 3554 Nec
929 3500 1070 3553 enim
1096 3503 1354 3571 cognosci
1379 3504 1576 3572 poterit
1608 3504 1817 3575 aliquid

246 3589 392 3657 apud
422 3588 593 3644 Jacoh
624 3592 691 3645 de
722 3593 888 3646 rebus
919 3591 1124 3647 Laban.
1159 3592 1216 3647 ln
1247 3594 1329 3649 his
1349 3611 1478 3666 ergo
1497 3598 1760 3668 evangelii
1780 3597 1825 3654 is

247 3679 414 3735 dictis
444 3697 565 3749 qua:
587 3680 640 3734 in
678 3684 930 3751 praesenti
966 3692 1286 3748 tractamus,
1318 3683 1618 3754 imperatur
1643 3696 1700 3742 ut
1733 3688 1827 3757 qui

247 3781 593 3840 cognoscunt
625 3772 1085 3827 abominationem
1111 3773 1468 3841 desolationis
1503 3785 1734 3831 stantem
1770 3778 1824 3831 in

246 3862 372 3915 loco
399 3870 610 3926 sancto,
644 3862 949 3933 intelligant
969 3863 1023 3916 in
1048 3878 1113 3917 eo
1134 3862 1263 3917 dum
1288 3864 1492 3934 legunt,
1528 3875 1590 3920 ut
1620 3866 1831 3937 fugiant

248 3953 306 4007 iu
341 3964 571 4009 montes.
606 3953 708 4020 Qui
741 3970 870 4025 ergo
904 3956 959 4009 in
1005 3956 1097 4010 tali
1132 3954 1319 4012 Iudaea
1356 3974 1519 4028 quam
1566 3961 1827 4025 diximus,

246 4043 306 4099 id
332 4044 493 4099 estin
524 4053 794 4101 vetustate
843 4032 1054 4111 litterae,
1090 4049 1419 4104 constitutus
1464 4051 1712 4118 habetur,
1747 4051 1831 4106 fu-

246 4136 361 4205 giat
414 4136 467 4189 in
523 4125 735 4193 montes
789 4138 1113 4207 spiritalium
1154 4141 1477 4197 novitatum.
1515 4140 1578 4196 Et
1620 4144 1666 4198 si
1709 4143 1831 4212 quis

246 4230 509 4284 inventus
574 4229 739 4283 fuerit
782 4230 1097 4286 ascendisse
1140 4247 1305 4302 super
1350 4242 1550 4288 tectum
1579 4235 1831 4302 verbi,et

250 4328 403 4373 stare
454 4320 506 4373 in
557 4317 777 4390 fastigio
805 4321 1179 4376 mdilicatiouis
1222 4321 1366 4391 ejus,
1399 4338 1508 4377 non
1538 4324 1833 4379 descendat

246 4411 375 4463 inde
414 4410 708 4464 occasione
748 4419 805 4466 ut
844 4410 1055 4466 auferat
1082 4412 1286 4481 aliquid
1335 4414 1401 4467 de
1447 4414 1610 4469 domo
1632 4431 1731 4469 sua
1771 4426 1826 4471 et

1926 585 2016 640 ille
2043 586 2137 656 qui
2163 588 2331 644 mittit
2361 605 2585 645 manum
2624 589 2679 644 in
2722 597 2985 657 aratrum,
3013 599 3066 645 et
3101 607 3352 648 reversus
3385 592 3501 648 fuc-

1924 676 1997 730 rit
2020 684 2184 744 retro,
2213 692 2319 732 non
2348 688 2431 735 est
2455 689 2617 750 aptus
2649 695 2816 749 regno
2847 678 2961 744 Dei,
2997 680 3091 735 sed
3122 681 3286 735 etiam
3313 681 3408 751 qui
3441 680 3497 734 in

1925 783 2057 839 agro
2091 778 2174 824 est
2207 786 2368 840 quem
2421 772 2768 837 tradidimus,
2802 778 2856 825 et
2879 785 3138 825 reversus
3164 771 3326 825 fuerit
3350 779 3499 825 retro

1906 874 2093 928 causa
2131 874 2323 915 eorum
2356 878 2476 931 quae
2528 869 2847 931 oportuerat
2878 861 3150 927 oblivisci,
3188 860 3305 916 sine
3331 862 3500 916 dubio

1926 953 2169 1007 incurret
2197 952 2250 1006 in
2288 953 2751 1007 abominationem
2788 952 3165 1015 desolationis,
3218 951 3269 1006 id
3316 960 3399 1006 est
3434 952 3491 1006 in

1926 1041 2298 1097 seductionem
2324 1041 2473 1096 verbi
2511 1041 2791 1097 mendacis
2825 1059 2838 1095 :
2869 1049 2923 1097 et
2955 1040 3192 1095 maxime
3219 1040 3263 1095 si
3298 1042 3500 1110 spolia-

1925 1132 2064 1186 verit
2110 1132 2191 1186 se’
2224 1132 2611 1187 vestimentum
2652 1148 2811 1187 suum
2858 1140 3034 1197 vetus,
3075 1131 3126 1186 id
3151 1139 3234 1187 est
3258 1140 3498 1187 veterem

1927 1224 2202 1278 hominem
2243 1240 2366 1279 cum
2420 1225 2633 1280 actibus
2662 1222 2804 1293 ejus.
2858 1232 2910 1278 et
2959 1224 3159 1278 iterum
3199 1238 3500 1279 conversus

1926 1312 2090 1369 fuerit
2123 1324 2271 1370 retro
2316 1316 2505 1372 tollere
2550 1318 2933 1372 vestimentum
2979 1331 3160 1371 suum.
3205 1314 3502 1386 Diligenter

1925 1420 2055 1474 ergo
2101 1406 2361 1462 debemus
2408 1408 2704 1471 attendere,
2750 1422 2819 1461 ne
2872 1405 3010 1460 forte
3052 1406 3259 1475 aliquid
3308 1420 3499 1461 eorum

1924 1511 2046 1566 quae
2073 1505 2202 1552 sunt
2246 1498 2524 1564 deorsum,
2563 1509 2615 1552 et
2649 1507 2777 1552 sunt
2805 1497 2859 1550 in
2890 1498 3075 1563 domo,
3121 1498 3353 1552 velimus
3401 1497 3499 1553 ἀει

1928 1587 2252 1642 scendentes
2285 1589 2493 1653 tollere,
2542 1598 2636 1643 aut
2659 1591 2907 1645 relictum
2940 1588 3318 1643 vestimentum
3353 1597 3499 1642 retro

1925 1689 2171 1748 repetere
2225 1682 2595 1749 relinquentes
2643 1696 2854 1750 agrum,
2913 1689 2965 1735 et
3023 1682 3272 1736 conversi
3325 1689 3496 1746 retro,

1926 1784 2050 1824 cum
2079 1770 2444 1825 debueramus
2493 1780 2743 1841 appetere
2779 1788 2842 1825 ea
2894 1788 3016 1841 qum
3043 1781 3169 1827 sunt
3209 1773 3416 1842 priora,
3441 1781 3497 1829 et

1926 1860 2175 1916 oblivisci
2222 1862 2544 1931 posteriora,
2608 1874 2662 1917 et
2706 1878 2883 1932 neque
2930 1872 3073 1918 stare
3102 1863 3158 1916 in
3210 1863 3390 1933 aliqua
3414 1879 3503 1919 re-

1926 1950 2217 2020 gioneilla,
2247 1952 2339 2008 sed
2375 1952 2429 2007 in
2465 1962 2648 2008 monte
2678 1953 2901 2017 salvari,
2925 1962 2985 2008 ut
3015 1969 3121 2007 non
3147 1955 3502 2024 comprehen-

1926 2042 2123 2097 damur
2152 2059 2276 2097 cum
2320 2043 2407 2098 his
2439 2044 2534 2114 qui
2571 2052 2701 2099 sunt
2724 2044 2991 2100 combusti
3014 2054 3234 2114 propter
3256 2044 3403 2114 quod
3443 2044 3498 2098 in

1928 2131 2182 2189 Sodomis
2206 2143 2333 2189 sunt
2363 2135 2765 2204 comprehensi.

1994 2226 2086 2280 45.
2135 2225 2219 2280 Va:
2235 2235 2410 2280 autem
2432 2226 2825 2297 pragnantibus
2851 2236 2899 2280 et
2926 2225 3279 2279 nutrientibus
3303 2225 3353 2278 in
3388 2224 3498 2279 illis

1926 2316 2105 2369 diebus
2162 2317 2226 2372 ³⁸.
2269 2316 2538 2383 Quoniam
2587 2328 2714 2373 sunt
2759 2328 2811 2372 et
2848 2318 3043 2387 aliqua:
3076 2315 3273 2371 anima:
3314 2317 3504 2371 conci-

1925 2407 2132 2476 pientes
2191 2408 2600 2477 generationes,
2656 2406 3027 2463 manifestavit
3083 2408 3347 2477 propheta
3417 2407 3503 2462 di-

1926 2512 2056 2551 cens
2080 2498 2121 2529 ¹⁶
2160 2516 2173 2551 :
2207 2500 2250 2551 Α
2274 2499 2460 2552 timore
2488 2508 2598 2565 tuo,
2631 2497 2873 2563 Domine,
2896 2499 2950 2551 in
2974 2507 3122 2552 utero
3147 2498 3501 2568 concepimus,

1925 2597 1974 2642 et
1998 2590 2400 2656 parturivimus,
2435 2598 2484 2642 et
2508 2591 2804 2659 peperimus
2861 2591 3111 2660 spiritum
3136 2590 3325 2644 salutis
3348 2605 3502 2658 quem

1927 2678 2098 2754 fecisti
2131 2696 2285 2750 super
2312 2689 2528 2733 terram.
2550 2678 2703 2735 Sicut
2726 2681 2871 2735 enim
2897 2681 2952 2735 in
2972 2680 3372 2751 praegnantibus
3388 2679 3503 2733 for-

1927 2782 2106 2826 matur
2133 2781 2185 2826 et
2215 2772 2476 2842 ﬁguratur
2501 2787 2708 2834 semen,
2732 2773 2811 2828 sic
2837 2782 2891 2827 et
2935 2773 2989 2826 in
3012 2772 3195 2826 anima
3227 2787 3351 2841 quae
3407 2786 3473 2826 su
3493 2797 3506 2810 -

1926 2864 2345 2932 scipitverbum,
2369 2863 2627 2933 paulatim
2669 2863 2937 2918 formatur
2968 2873 3020 2918 et
3070 2864 3335 2933 figuratur
3372 2876 3507 2917 con-

1926 2955 2102 3024 ceptio
2131 2954 2279 3008 verbi
2320 2953 2376 3006 in
2422 2969 2507 3008 ea.
2553 2953 2621 3009 Et
2660 2955 2764 3010 hoc
2791 2963 2922 3025 puto
2949 2954 3130 3009 dicere
3174 2952 3404 3006 Paulum
3435 2949 3503 3003 ad

1932 3041 2147 3097 Galatas
2189 3042 2229 3073 "
2282 3059 2296 3097 :
2346 3040 2478 3098 Filii
2524 3046 2625 3099 mei
2668 3062 2796 3116 quos
2823 3047 3009 3099 iterum
3040 3046 3308 3114 parturio,
3341 3044 3505 3096 donec

1927 3133 2183 3204 formetur
2228 3130 2471 3187 Christus
2523 3133 2579 3185 in
2613 3133 2777 3188 vobis.
2834 3132 2891 3187 In
2931 3132 3171 3202 Epistola
3210 3133 3278 3188 ad
3314 3130 3504 3186 Timo-

1927 3227 2111 3280 theum
2138 3223 2182 3255 ¹⁸
2205 3224 2339 3277 dicit
2375 3223 2517 3277 idem
2569 3223 2884 3279 salvandam
2918 3224 3200 3277 mulierem
3242 3239 3334 3293 per
3364 3221 3506 3294 ﬁlio.

1925 3332 2043 3368 rum
2089 3314 2503 3385 generationem,
2559 3314 2606 3367 si
2644 3313 2991 3384 permanserit
3030 3313 3086 3366 in
3124 3312 3250 3381 ﬁde,
3287 3320 3339 3367 et
3372 3310 3509 3365 dile-

1925 3408 2119 3474 ctione,
2168 3414 2216 3460 et
2273 3406 2561 3460 sanctitate
2590 3421 2710 3459 cum
2741 3406 3009 3458 castitate.
3041 3401 3173 3470 Quae
3208 3413 3292 3459 est
3322 3410 3508 3459 autem

1929 3502 2045 3556 haec
2068 3500 2282 3566 mulier,
2319 3498 2425 3553 nisi
2457 3498 2639 3552 anima
2664 3514 2785 3568 qua:
2808 3498 3032 3553 verbum
3062 3497 3301 3567 concipit
3333 3495 3430 3552 Dei
3455 3504 3514 3553 et

1927 3590 2197 3658 veritatis,
2228 3598 2282 3644 et
2309 3589 2450 3660 parit
2482 3604 2645 3658 opera
2674 3589 2816 3642 bona
2845 3587 3046 3643 similia
3076 3586 3295 3641 Christo
3319 3585 3344 3639 ἲ
3369 3582 3513 3639 lrrar

1929 3682 2186 3736 tionabile
2210 3689 2391 3735 autem
2421 3690 2504 3733 est
2528 3680 2844 3734 existimare
2881 3679 2946 3732 de
2995 3675 3240 3731 sensibili
3281 3688 3512 3745 genera-

1933 3773 2079 3827 tione
2106 3773 2312 3826 dictum
2350 3772 2498 3841 quod
2542 3770 2619 3824 ait
2651 3769 2692 3800 ι’
2724 3785 2738 3822 :
2772 3765 2971 3821 Mulier
3001 3765 3219 3819 seducta
3270 3765 3326 3816 in
3366 3778 3511 3831 pra:-

1928 3863 2306 3917 varicationem
2340 3861 2485 3931 facta
2511 3869 2609 3925 est,
2641 3857 2785 3913 salva
2826 3864 2997 3909 autem
3030 3855 3131 3909 erit
3164 3869 3256 3923 per
3279 3852 3512 3921 ﬁliorum

1930 3955 2338 4025 generationem,
2364 3955 2410 4008 si
2440 3949 2788 4023 permanserit
2824 3948 2879 4000 in
2910 3946 3034 4015 fide,
3063 3954 3111 4000 et
3136 3944 3438 4006 dilectione,
3460 3948 3512 3996 et
3548 3956 3551 3959 '

1930 4047 2216 4100 sanctitate
2247 4061 2365 4098 cum
2424 4043 2690 4097 castitate.
2725 4040 2939 4094 Anima:
2987 4052 3119 4106 ergo
3150 4050 3269 4105 qua:
3302 4034 3514 4088 noviler

1932 4145 2295 4209 susceperunt
2321 4137 2545 4191 verbum
2572 4176 2586 4200 ,
2617 4144 2671 4190 et
2724 4134 2903 4188 adhuc
2936 4137 3277 4201 prmgnantes
3306 4125 3513 4181 consti-

1932 4242 2080 4298 tutae,
2132 4233 2363 4286 necdum
2406 4228 2873 4283 fructificaverunt
2908 4223 2959 4275 in
2992 4219 3140 4275 eoin
3166 4226 3323 4273 utero
3346 4215 3509 4270 intel-

1930 4325 2208 4395 ligihiliter
2246 4325 2530 4387 habentes,
2573 4335 2680 4373 non
2712 4323 2945 4389 possunt
2974 4312 3245 4369 sustinere
3274 4317 3511 4365 stantem

1933 4413 2133 4467 inloco
2162 4423 2350 4468 sancto
2376 4410 2751 4464 adversantem
2789 4403 3003 4459 veritati
3051 4413 3383 4464 sermonem,
3418 4413 3515 4452 nc-

246 4503 430 4558 vadat.
467 4502 611 4557 Nihil
639 4504 785 4557 enim
816 4504 1194 4573 opushabebit
1230 4520 1456 4560 mancus
1492 4506 1545 4558 in
1579 4516 1740 4572 tecto,
1774 4506 1903 4572 et’D
1932 4521 2040 4574 que
2088 4513 2234 4559 stare
2308 4502 2607 4573 quominus
2676 4497 3008 4553 seducantur
3060 4488 3516 4564 persuasionibus

246 4597 532 4652 abstinens
554 4614 612 4652 se
642 4614 710 4652 ne
736 4599 956 4669 quando
982 4598 1106 4652 inde
1149 4599 1463 4654 descendat.
1493 4598 1557 4654 Et
1589 4601 1632 4653 si
1666 4601 1827 4656 fuerit

245 4690 372 4759 quis
409 4691 462 4744 in
485 4706 635 4760 agro,
661 4691 774 4746 sive
800 4691 853 4744 in
877 4705 942 4745 eo
966 4691 1020 4744 in
1071 4704 1181 4760 quo
1212 4690 1562 4745 absconditus
1588 4699 1672 4747 est
1710 4692 1830 4747 the-

246 4798 471 4845 saurus,
522 4780 664 4837 sicut
721 4781 984 4836 Dominus
1040 4781 1115 4834 ait
1150 4781 1203 4834 in
1251 4782 1510 4849 parabola
1542 4783 1823 4852 quadam:

249 4882 349 4929 aut
400 4873 578 4944 qualis
624 4871 723 4927 fuit
756 4888 881 4943 ager
917 4872 1005 4926 ille
1044 4870 1213 4926 Jacoh
1240 4872 1454 4942 plenus,
1491 4874 1577 4926 cili
1610 4873 1829 4928 assimi-

242 4964 455 5018 laverat
495 4978 636 5029 eum.
664 4962 993 5019 benedicens
1034 4970 1185 5031 pater
1240 4963 1433 5031 ipsius,
1468 4964 1822 5019 etdiceus“:

247 5054 385 5109 Ecce
410 5057 542 5109 odor
570 5056 670 5125 filii
706 5056 828 5123 mei,
850 5056 984 5109 sicut
1016 5055 1147 5108 odor
1176 5057 1293 5124 agri
1327 5055 1470 5123 pleni
1490 5072 1643 5125 quem
1678 5056 1828 5109 bene-

246 5147 389 5201 dixit
413 5146 695 5213 Dominus,
729 5146 784 5200 in
809 5163 917 5215 quo
944 5162 1074 5217 agro
1104 5146 1403 5200 secundum
1434 5147 1703 5217 spiritales
1733 5148 1827 5203 be-

250 5237 594 5293 nedictiones
626 5237 780 5307 legis,
815 5237 1157 5292 benedicitur
1186 5236 1366 5292 omnis
1400 5238 1492 5307 qui
1524 5239 1828 5295 secundum

248 5330 423 5401 legem
455 5329 671 5395 vixerit,
700 5329 914 5384 dicente
950 5327 1235 5400 Scriptura
1287 5326 1758 5382 “:Benedictustu
1778 5328 1829 5382 in

249 5410 486 5489 ciritaté,
530 5421 829 5475 benedictus
882 5429 938 5474 tu
973 5422 1027 5474 in
1053 5437 1202 5491 agro.
1233 5419 1336 5487 Qui
1374 5435 1505 5491 ergo
1536 5431 1619 5474 est
1651 5423 1702 5474 iu
1737 5421 1831 5475 tati

250 5529 383 5586 agro
419 5513 587 5568 totius
618 5511 969 5583 plautationis
998 5528 1161 5581 quam
1199 5512 1465 5583 plantavit
1515 5511 1674 5566 Pater
1719 5527 1832 5568 coe-

323 5653 345 5684 ⁸
375 5650 565 5707 Matth.
592 5668 738 5718 XXIV,
762 5651 848 5706 16.
923 5653 944 5685 ⁸
976 5650 1143 5707 lCor.
1178 5668 1251 5718 vt,
1280 5653 1365 5707 18.

252 5737 427 5783 xxvii,
461 5722 552 5778 27.
658 5723 701 5754 ¹⁸
731 5722 887 5778 Deut.
934 5738 1126 5789 xxviii,
1153 5722 1243 5778 33.

257 5794 301 5825 ¹⁹
328 5794 461 5847 ibid.
497 5794 586 5858 14,
617 5793 685 5849 15
783 5793 834 5826 ⁸ο
858 5791 1049 5848 Matth.
1082 5809 1239 5855 xxiv.
1278 5792 1365 5849 19.

1447 5653 1488 5684 ¹⁰
1514 5652 1675 5708 Eceli.
1709 5671 1824 5721 xxi,
1863 5655 1918 5710 2.

1352 5723 1393 5756 ³⁵
1427 5723 1613 5779 Matth.
1642 5741 1794 5794 XXIV,
1836 5726 1924 5783 19.

1928 4595 2093 4666 862
2118 4595 2257 4664 ejus.
2284 4592 2579 4662 Propterea
2621 4589 2665 4645 si
2699 4586 2994 4657 aliquando
3043 4580 3515 4638 abominationem

1928 4686 2297 4752 desolationis,
2322 4684 2621 4741 secundum
2637 4679 2783 4751 quod
2807 4676 3159 4740 tradidimus,
3184 4682 3421 4728 stantem
3450 4668 3510 4724 in

1932 4778 2052 4832 loco
2100 4785 2291 4831 sancto
2344 4774 2541 4828 viderit
2597 4772 2781 4826 anima
2833 4769 2887 4823 in
2930 4776 3083 4823 utero
3119 4765 3354 4830 habens,
3394 4775 3517 4830 qurc

1935 4871 2164 4924 necdum
2194 4866 2541 4922 fructiﬁcavit
2571 4880 2638 4920 ex
2663 4862 2867 4928 Verbo,
2907 4858 3138 4915 incurrit
3176 4856 3229 4910 in
3264 4870 3342 4910 vat
3369 4852 3513 4924 quod

1935 4960 2202 5015 Dominus
2227 4959 2359 5014 dicit
2389 4957 2435 4990 ¹⁰
2470 4977 2483 5012 :
2521 4955 2612 5011 γω
2633 4952 3048 5024 pra'gnantibus.
3082 4946 3339 5017 Projiciet
3365 4943 3512 4998 enim

1929 5051 2366 5121 conceptionem,
2390 5057 2443 5103 et
2466 5044 2822 5103 evacuabitur
2844 5059 2874 5098 a
2903 5056 2998 5111 spe
3023 5054 3145 5110 quae
3174 5045 3256 5093 est
3283 5036 3337 5089 in
3372 5034 3515 5089 acti-

1927 5142 2031 5197 bus
2052 5139 2318 5195 veritatis.
2355 5137 2460 5193 Sed
2485 5146 2538 5192 et
2572 5136 2619 5192 si
2646 5135 2898 5191 videatur
2928 5131 3222 5186 formatum
3251 5134 3305 5181 et
3324 5123 3519 5180 fructi-

1926 5235 2143 5292 ticatum
2184 5234 2432 5297 verbum,
2470 5247 2579 5287 non
2617 5238 2799 5285 autem
2839 5225 3002 5280 fuerit
3029 5221 3334 5278 enutritum
3365 5217 3520 5274 sudi-

1932 5326 2140 5381 cienter
2173 5321 2503 5393 augentibus
2524 5328 2580 5374 et
2615 5330 2872 5386 magnum
2912 5307 3239 5367 facientibus
3270 5322 3395 5363 eum
3420 5320 3519 5362 nu-

1938 5416 2231 5481 trimentis,
2265 5414 2359 5470 sed
2390 5410 2651 5467 manserit
2691 5410 3065 5470 immaturum,
3104 5401 3407 5457 secundum
3440 5397 3518 5453 si-

1939 5507 2301 5564 militudinem
2359 5503 2607 5576 sugentis
2664 5501 2866 5556 factum
2905 5508 3010 5562 est,
3053 5502 3110 5551 et
3136 5508 3298 5566 super
3324 5491 3521 5579 hujus-q

2711 5645 2752 5676 "
2785 5642 2924 5698 Gen.
2958 5653 3109 5700 χχχι.
3131 5637 3221 5700 32.
3302 5636 3345 5671 “
3376 5634 3510 5692 Gen.

2000 5655 2040 5686 “
2069 5652 2203 5709 Gen.
2234 5665 2403 5713 xxvii,
2438 5644 2632 5702 42-44.
2711 5645 2752 5676 "
2785 5644 2924 5698 Gen.
2958 5653 3109 5700 xxxx.
3131 5644 3221 5700 32.
3302 5644 3345 5671 "
3376 5644 3510 5692 Gen.

2024 5725 2067 5757 ³⁸
2096 5723 2199 5774 lsa.
2240 5735 2385 5774 xxvi.
2429 5718 2513 5774 18.
2625 5716 2667 5749 ¹⁷
2705 5732 2774 5774 tv,
2828 5713 2914 5769 19.
3012 5710 3054 5744 ⁸³
3086 5708 3107 5766 1
3139 5705 3279 5765 Tim.
3322 5722 3383 5774 tt,
3423 5705 3510 5761 15.

2024 5725 2067 5757 ⁸⁸
2095 5723 2199 5780 lsa.
2240 5735 2385 5789 xxvi,
2429 5718 2513 5774 18.
2625 5716 2667 5749 ³⁷
2705 5732 2774 5782 ιν,
2828 5713 2914 5769 l9.
