4004 6528
542 376 680 437 1663

1730 380 2054 437 ORIGENIS
2092 380 2156 435 IN
2193 378 2604 438 MATTIUEUM

3643 375 3795 430 1661

543 498 690 554 modi
733 495 1107 568 generationes
1145 493 1324 550 veniet
1363 494 1507 564 quod
1555 509 1717 564 super
1741 505 2014 566 sugentes.
2043 493 2100 549 Si
2129 498 2174 554 Α
2204 492 2638 549 fornicationem.
2674 491 2738 547 Et
2788 507 2894 546 non
2948 492 3123 546 solum
3159 492 3445 547 fornicatio
3484 494 3650 547 nobis
3704 503 3795 546 est

541 599 749 656 autem,
801 588 944 652 sicut
983 587 1037 641 in
1077 586 1261 642 multis
1298 585 1697 656 exemplaribus
1733 587 1992 656 scriptum
2024 595 2109 641 est

539 699 619 739 υω
643 681 968 752 sugentibus,
1023 678 1313 733 dicendum
1349 686 1434 733 est
1471 677 1726 747 quoniam
1753 678 1948 731 animae
1979 685 2109 731 sunt

541 791 665 844 qua:
698 775 971 828 Iactantur
1015 772 1212 836 adhuc
1247 772 1312 824 att
1340 786 1478 840 quas
1505 771 1635 824 dicit
1675 770 1972 839 Apostolus
2007 770 2051 801 ’¹
2088 789 2100 823 :

541 867 651 920 Lac
685 867 826 920 vobis
849 874 1031 934 potum
1069 864 1190 916 dedi
1229 879 1330 916 non
1363 879 1560 926 escam,
1595 864 1822 914 nomium
1850 862 1985 914 enim
2013 877 2106 930 po-

549 959 759 1020 teratis,
810 955 900 1009 sed
956 971 1047 1008 nec
1093 969 1254 1024 usque
1283 953 1454 1005 adhuc
1487 953 1723 1020 potestis.
1751 951 1920 1003 adhuc
1964 952 2103 1004 enim

537 1048 664 1102 estis
711 1047 974 1100 carnales.
1022 1044 1160 1099 Dicit
1203 1055 1380 1098 autem
1427 1054 1478 1098 et
1520 1043 1649 1096 alibi
1675 1044 1753 1095 “z
1784 1041 1937 1095 Facti
1978 1042 2102 1096 estis

537 1154 667 1208 opus
696 1137 938 1190 habentes
979 1137 1135 1197 lacte,
1160 1145 1206 1187 et
1253 1151 1353 1188 non
1381 1135 1554 1187 solida
1585 1151 1722 1186 esca.
1755 1132 1937 1188 Omnis
1963 1135 2102 1187 enim

536 1229 627 1298 qui
652 1226 786 1280 lacte
822 1227 1006 1289 alitur,
1047 1225 1318 1294 imperitus
1347 1237 1420 1278 est
1448 1225 1594 1278 verba
1621 1226 1854 1294 justitiae
1876 1241 2102 1295 :parru-

535 1319 617 1370 lus
647 1320 782 1372 enim
808 1327 906 1372 est.
940 1315 1057 1372 Ista:
1090 1326 1219 1370 sunt
1247 1333 1374 1388 ergo
1399 1316 1594 1370 animae
1622 1332 1742 1386 qum
1765 1325 1980 1385 propter
2015 1318 2100 1368 in-

535 1409 868 1474 firmitatem,
903 1416 956 1462 et
981 1407 1107 1476 quia
1138 1407 1295 1462 lacile
1344 1409 1697 1470 svducuntur,
1731 1422 1836 1460 non
1875 1415 2102 1476 possunt

534 1497 980 1551 inscituctihititer
1018 1512 1335 1566 permanere
1377 1499 1429 1550 in
1478 1506 1769 1564 conspectu
1819 1496 2102 1550 abomina-

533 1587 698 1640 tionis
730 1587 1080 1643 desolationis
1125 1589 1318 1642 stantis
1349 1587 1401 1640 in
1440 1587 1559 1641 loco
1594 1597 1782 1641 sancto
1812 1603 1824 1638 :
1865 1589 2099 1642 seducta:

530 1678 674 1732 enim
711 1678 1059 1734 consentiunt
1087 1680 1156 1742 ei,
1194 1689 1378 1748 utpote
1410 1681 1537 1735 Deo.
1573 1677 1638 1732 Et
1665 1689 1748 1734 est
1779 1679 1959 1734 videre
1989 1681 2100 1735 ha:-

529 1770 821 1823 reticorum
888 1769 1160 1825 Ecclesias
1226 1772 1411 1840 plenas
1460 1771 1526 1824 de
1560 1770 1920 1826 lamentandis
1961 1787 2096 1840 prte-

2212 584 2486 655 fugienda,
2537 586 2631 640 sed
2671 595 2725 639 et
2758 600 2920 640 omne
2958 596 3254 654 peccatum.
3301 585 3422 640 Ideo
3466 585 3608 640 bene
3642 585 3796 639 dixit

2210 676 2489 747 Scriptura
2516 678 2559 709 ⁸⁷
2592 695 2605 732 :
2639 677 2802 741 Quasi
2822 695 2853 730 a
2884 678 3020 746 facie
3052 679 3302 746 serpentis
3331 679 3450 748 fuge
3471 688 3790 746 peccatum.

2206 767 2542 837 Frequenter
2589 778 2768 822 autem
2799 770 3051 823 convenit
3085 768 3268 840 fugere
3301 771 3369 823 ab
3400 770 3752 824 Antichristo
3772 810 3789 833 ,

2204 859 2370 912 verbo
2416 868 2469 912 et
2520 855 2642 912 falsi
2698 859 2935 912 nominis
2977 858 3224 920 scientia,
3277 860 3512 912 maxime
3550 859 3789 927 quando

2206 949 2437 1004 necdum
2473 949 2551 1004 sic
2570 949 2797 1004 idoneus
2823 958 2907 1004 est
2938 949 3100 1003 homo
3121 959 3178 1003 ut
3211 950 3402 1004 habeat
3425 950 3476 1002 in
3505 965 3566 1002 se
3590 949 3790 1002 Domi-

2205 1052 2335 1089 num
2385 1049 2721 1105 operantem,
2765 1037 2856 1104 qui
2912 1037 3164 1091 interficit
3213 1038 3401 1107 spiritu
3455 1039 3569 1091 oris
3621 1037 3713 1090 sui
3739 1036 3787 1067 ”

2204 1127 2586 1195 persuasiones
2635 1127 3086 1193 mendaciorum;
3135 1139 3232 1180 nec
3267 1126 3510 1180 ascendit
3553 1126 3620 1178 ad
3652 1138 3786 1179 tan-

2204 1225 2316 1270 tum
2361 1217 2686 1284 altitudinis,
2737 1227 2794 1272 ut
2835 1218 3033 1272 habeat
3073 1217 3123 1271 in
3155 1233 3213 1271 se
3232 1233 3355 1272 eum
3387 1217 3482 1286 qui
3540 1217 3785 1270 destruit

2203 1309 2598 1368 illuminatione
2634 1313 2898 1368 adventus
2947 1315 3031 1368 sui
3077 1330 3293 1368 omnem
3357 1313 3781 1384 persuasionem

2202 1401 2726 1457 verisimilitudinem
2761 1405 3006 1460 veritatis
3038 1407 3320 1459 habentem
3365 1415 3417 1460 et
3453 1405 3782 1460 assitmtano

2203 1499 2307 1546 tem
2346 1509 2403 1547 se
2431 1495 2662 1549 veritati.
2703 1495 2805 1561 Qui
2848 1506 3026 1551 autem
3057 1496 3211 1567 fugit,
3247 1499 3406 1552 debet
3437 1513 3782 1568 cognoscere

2200 1584 2361 1638 etiam
2394 1584 2570 1639 locum
2602 1585 2666 1639 ad
2691 1602 2850 1654 quem
2899 1585 3083 1658 fugere
3121 1589 3297 1652 debet,
3331 1597 3384 1642 et
3413 1604 3582 1641 orare
3613 1591 3780 1642 etiam

2199 1687 2420 1746 propter
2451 1686 2682 1747 tempus,
2714 1687 2772 1732 ut
2803 1694 2908 1732 non
2943 1679 2996 1732 in
3039 1693 3103 1733 eo
3143 1687 3383 1748 tempore
3417 1677 3596 1748 fugiat
3633 1681 3781 1750 quod

2199 1779 2283 1823 est
2313 1771 2682 1824 adversarium
2720 1767 2878 1838 fugze.
2914 1767 3057 1823 Loca
3091 1785 3221 1840 ergo
3255 1769 3593 1840 fugientibus
3618 1780 3781 1823 erunt

530 1861 842 1932 gttantibus,
898 1863 983 1917 vel
1035 1863 1422 1926 nutrientibus,
1469 1863 1552 1917 vel
1598 1863 1936 1930 sugentibus.
1978 1865 2100 1920 Ple-
2135 1841 2176 1896 Β
2204 1870 2433 1923 montes,
2451 1875 2592 1930 quos
2611 1859 2864 1914 Christus
2886 1861 3146 1927 ostendit,
3170 1861 3357 1915 dicens
3385 1863 3428 1894 ²⁹
3461 1879 3475 1914 ;
3512 1860 3664 1914 Tune
3689 1863 3780 1932 qui

527 1965 758 2019 rumque
787 1951 932 2005 enim
987 1952 1183 2006 anima:
1228 1967 1351 2022 quae
1404 1958 1470 2005 tn-
1490 1950 1732 2006 Ecclesia
1759 1963 2098 2025 prtegnantcs

527 2039 768 2108 fuerunt,
797 2050 892 2096 aut
940 2043 1262 2106 nutricutes,
1310 2051 1404 2096 aut
1448 2050 1725 2112 sugentes,
1758 2041 1978 2098 fuerunt
2011 2057 2098 2098 se-

525 2133 702 2187 ducta:
733 2149 760 2186 a
793 2133 1146 2188 desolationis
1177 2133 1582 2187 abominationc
1616 2149 1631 2187 :
1660 2141 1715 2187 et
1761 2133 1994 2188 seductis
2027 2134 2096 2188 ab

523 2238 590 2278 eo
616 2224 779 2277 verbo
807 2223 942 2280 falso
961 2223 1050 2294 qui
1071 2233 1177 2279 stat
1203 2223 1255 2278 in
1279 2224 1398 2278 loco
1427 2234 1616 2280 sancto
1643 2240 1738 2295 per
1761 2225 1948 2280 falsam
1986 2231 2098 2278 tra-

523 2315 784 2369 tlitiOnem
840 2316 1152 2385 dogmatum
1211 2331 1617 2386 perversorum,
1670 2317 2096 2371 abominationis

523 2405 668 2460 illius
693 2416 1050 2479 susceperunt
1073 2423 1150 2462 vae
1179 2409 1323 2478 quod
1361 2423 1390 2460 a
1429 2406 1662 2460 Domino
1682 2405 1881 2462 factum
1908 2414 1992 2462 est
2013 2408 2092 2463 ”:

533 2494 620 2548 Vae
650 2495 704 2548 in
735 2507 883 2549 utero
932 2496 1240 2551 habentibus
1281 2508 1328 2552 et
1359 2498 1729 2551 nutrientibus.
1767 2497 1882 2552 Non
1913 2509 2092 2554 autem

527 2587 988 2656 quandocunque,
1037 2588 1130 2642 sed
1183 2589 1235 2642 in
1297 2589 1489 2643 diebus
1525 2588 1629 2642 illis
1672 2588 2096 2647 abominationis

520 2677 873 2733 desolationis
916 2678 1340 2734 desolationum.
1391 2678 1581 2734 Omnis
1611 2681 1755 2734 enim
1799 2682 1894 2751 qui
1943 2682 2098 2737 audit

518 2768 682 2822 verba
713 2768 1048 2838 iniquitatem
1078 2769 1129 2823 in
1180 2771 1454 2825 excelsum
1489 2770 1851 2840 loquentium,
1883 2781 1938 2829 et
1966 2789 2092 2829 sus-

518 2859 649 2929 cipit
675 2877 736 2916 ea
769 2862 820 2915 in
863 2863 1054 2918 diebus
1076 2863 1215 2932 ejus,
1252 2864 1338 2918 ille
1369 2863 1778 2921 abominationc
1797 2866 2092 2923 desolatio-

517 2953 602 3007 nis
629 2955 882 3010 subditus
921 2953 995 3010 fit.

585 3046 674 3099 Η.
698 3045 859 3101 Orate
909 3057 1085 3102 autem
1119 3057 1175 3101 ut
1206 3064 1267 3101 ne
1296 3048 1392 3117 ﬁat
1423 3048 1551 3120 fuga
1594 3061 1765 3104 vestra
1798 3049 1966 3104 hieme
2015 3050 2092 3104 vel

514 3135 769 3191 Sabbato.
805 3137 900 3193 Est
919 3138 1086 3202 enim,
1119 3139 1535 3204 sicutdiximus,
1559 3143 1805 3208 quaedam
1828 3140 1953 3210 fuga
1988 3141 2088 3194 ho-

515 3227 725 3282 minum
785 3228 1085 3283 secundum
1144 3241 1474 3300 przeceptum
1516 3229 1700 3297 Verbi,
1745 3241 1804 3286 ut
1831 3232 1924 3301 qui
1955 3229 2090 3300 fugit

517 3335 639 3389 qua:
675 3318 861 3389 fugere
891 3330 1123 3388 oportet,
1157 3323 1350 3376 melior
1380 3322 1449 3378 sit
1475 3338 1540 3376 eo
1565 3325 1656 3392 qui
1694 3339 1800 3376 non
1830 3322 1985 3393 fugit.
2015 3323 2091 3396 [ct

513 3409 634 3464 ideo
653 3411 777 3464 talia
794 3421 846 3466 et
868 3412 1072 3480 majora
1095 3411 1356 3482 delinquit
1373 3429 1466 3483 per
1484 3413 1585 3467 hoc
1601 3414 1743 3482 quod
1774 3430 1880 3468 non
1906 3415 2088 3488 fugit,j

513 3500 607 3554 sed
639 3503 990 3572 semetipsum
1013 3503 1287 3558 subditum
1310 3504 1436 3560 facit
1468 3507 1820 3575 perdentibus
1847 3508 2086 3564 animam

515 3591 694 3647 malis.
727 3591 882 3659 Quod
935 3603 1018 3649 est
1071 3605 1254 3650 autem
1298 3599 1594 3653 constituta
1631 3597 1757 3668 fuga
1780 3609 1943 3670 atque
1967 3602 2086 3657 lau-

510 3683 704 3739 dabitis
734 3685 1020 3742 manifeste
1049 3687 1746 3759 docetApostolus,dicens
1774 3693 1818 3724 ’δ
1845 3711 1857 3746 :
1896 3691 2086 3763 Fugite

510 3776 940 3846 fomicationem.
973 3777 1134 3850 Fugit
1160 3790 1339 3834 autem
1369 3779 1784 3836 fornicationem
1831 3785 1924 3854 qui
1968 3802 2087 3840 om-

509 3884 633 3921 nem
669 3869 1014 3924 occasionem
1046 3871 1349 3927 irritantem
1385 3881 1439 3927 et
1471 3882 1856 3932 provocantem
1887 3880 1952 3930 ad
1974 3876 2087 3932 for-

507 3956 801 4012 uieandum
824 3961 1010 4028 evitat,
1039 3971 1091 4017 rt
1133 3980 1307 4033 neque
1336 3964 1626 4026 iuvenibus
1675 3969 2082 4036 commiscetur,

504 4046 561 4104 in
597 4058 859 4119 quantum
895 4063 1090 4121 potest,
1147 4071 1216 4110 ne
1259 4057 1396 4111 forte
1437 4069 1794 4114 consumatur
1826 4077 1921 4130 per
1949 4077 2081 4127 eas;

506 4155 683 4210 neque
729 4143 1008 4200 descendit
1052 4148 1119 4202 ad
1171 4157 1592 4207 consuetudines
1644 4168 1835 4208 eorum
1867 4153 2078 4218 talium,

507 4232 599 4286 sed
628 4236 823 4288 avertit
856 4252 916 4292 se
943 4240 1168 4293 omnino
1191 4241 1259 4294 ab
1294 4241 1606 4310 hujusmodi
1641 4244 1924 4299 hominum
1948 4260 2083 4299 con—

503 4324 878 4382 citationibus.
935 4329 1038 4396 Qui
1065 4332 1178 4385 vult
1211 4331 1399 4402 fugere
1430 4331 1869 4399 fornicationem,
1895 4335 2082 4391 audiat

503 4423 557 4468 et
591 4415 718 4469 illud
761 4418 906 4487 quod
948 4420 1147 4474 dicitur
1172 4421 1217 4454 "
1253 4440 1267 4480 ;
1297 4421 1426 4475 Cum
1464 4423 1734 4478 saltatrice
1777 4425 1888 4478 noli
1942 4427 2080 4480 assi-

501 4507 637 4562 duus
661 4526 793 4575 esse,
849 4528 910 4565 ne
963 4513 1097 4581 forte
1148 4516 1476 4567 consumuris
1519 4516 1572 4567 in
1624 4515 1904 4569 desideriis
1935 4517 2070 4586 ejus.
2109 4551 2150 4605 D

501 4595 662 4667 Fugit
687 4607 867 4654 autem
900 4598 1313 4657 fornicationem
1334 4603 1717 4670 abundantius,
1752 4607 1844 4675 qui
1881 4622 2076 4661 accen-

501 4685 694 4742 dentes
733 4696 787 4742 et
832 4689 1174 4748 excitatrices
1221 4694 1446 4749 seminis
1489 4711 1664 4764 escas,
1702 4699 1756 4752 in
1807 4709 2072 4769 quantum

503 4777 667 4842 valet,
692 4779 880 4843 evitat,
907 4791 960 4836 et
999 4783 1146 4850 vino,
1177 4785 1222 4840 si
1251 4795 1426 4855 potest
1461 4787 1594 4851 fieri,
1631 4805 1737 4844 non
1770 4793 1942 4846 utitur
1973 4793 2073 4848 do-

501 4884 599 4924 nec
635 4879 875 4927 transeat
902 4872 1198 4929 ferventior
1239 4888 1390 4932 aetas.
1428 4879 1483 4932 Si
1509 4890 1689 4935 autem
1727 4884 1919 4948 utitur,
1956 4901 2073 4939 mo-

498 4959 622 5015 dico
670 4969 854 5018 utatur
887 4966 1187 5021 secundum
1231 4971 1590 5038 apostolicum
1628 4983 1952 5044 pra2ceptum
1990 4977 2073 5031 di-

495 5069 626 5109 cens
658 5054 943 5112 Timotheo
972 5059 1056 5111 ":
1090 5057 1214 5114 1am
1245 5061 1352 5115 noti
1383 5081 1574 5133 aquam
1615 5065 1806 5131 bibere,
1838 5068 1929 5122 sed
1953 5069 2072 5124 vino

498 5148 703 5202 modico
723 5159 868 5202 utere
895 5160 1108 5219 propter
1139 5155 1468 5208 stomachum
1497 5167 1669 5222 tuum,
1695 5167 1745 5213 et
1776 5159 2072 5231 frequentes

499 5248 616 5292 tuas
648 5240 1011 5309 inﬁrmitates.
1046 5241 1111 5296 Et
1147 5245 1277 5314 quid
1335 5247 1527 5315 plura?
1549 5247 1642 5304 Ille
1664 5257 1748 5305 est
1777 5253 1870 5321 qui
1901 5252 2075 5307 forni-

497 5330 767 5386 cationem
800 5332 958 5404 fugit,
993 5342 1046 5388 et
1073 5351 1288 5406 semper
1322 5337 1507 5409 fugam
1548 5339 1708 5395 istam
1744 5342 2070 5399 laudabilem

496 5429 751 5486 operatur
778 5439 900 5492 quae
920 5439 952 5478 a
986 5423 1097 5480 Deo
1125 5425 1312 5497 fugere
1346 5443 1453 5482 non
1477 5431 1765 5499 permittit.
1799 5432 2067 5502 Operatur

494 5515 680 5564 autem
726 5510 868 5568 hanc
898 5511 1083 5585 fugam
1117 5516 1211 5587 qui
1247 5525 1529 5588 promptus
1551 5531 1634 5577 est
1663 5521 1730 5578 ad
1759 5521 2068 5593 fugiendam

600 5646 698 5718 "_l
735 5648 874 5716 Cor,
903 5668 986 5718 Ill,
1031 5653 1087 5710 2.

496 5713 586 5767 ὀι
619 5715 760 5773 Tim.
789 5713 982 5786 ππ
1080 5726 1123 5758 ’τ
1154 5725 1321 5783 Eccti.
1351 5713 1463 5788 sit.
1491 5713 1544 5784 εί.

495 5799 716 5857 Lxxxw,
773 5791 824 5844 1.
902 5793 948 5825 ³³
982 5793 1154 5851 Exod.
1185 5813 1268 5863 ιιι,
1302 5800 1356 5854 5.

1192 5659 1236 5691 “
1292 5657 1455 5715 Hebr.
1511 5677 1565 5728 v,
1621 5661 1708 5724 12,
1766 5660 1852 5716 15.
1930 5661 1976 5694 ’⁸
2017 5661 2208 5718 Matth.
2264 5676 2432 5724 xxtv,
2492 5660 2578 5714 19.

1192 5727 1296 5763 ἰηιιί
1351 5747 1442 5763 τινι
1491 5731 1524 5763 0
1650 5732 1695 5763 88
1737 5730 1776 5763 ΙΙ
1807 5731 1976 5763 ἸῚιηοο
2071 5751 2107 5763 .-
2163 5737 2193 5763 ⁶ζ
2327 5734 2372 5763 ιο
2405 5731 2571 5763 Μαιη-

1435 5747 1463 5788 t.
1491 5731 1544 5784 2.
1650 5732 1695 5763 ⁸⁸
1736 5730 1780 5785 lt
1807 5731 2001 5789 Thess.
2070 5751 2130 5796 tl,
2163 5737 2218 5788 '5.

1435 5801 1478 5834 ³³
1511 5801 1642 5858 ibid.
1673 5803 1727 5859 5.
1798 5802 1845 5835 ”
1869 5801 2058 5860 Matth.
2084 5820 2206 5870 vm,
2236 5803 2325 5859 26.

2199 1952 2255 2004 in
2279 1949 2470 2004 Iudaea
2491 1960 2634 2015 sunt,
2660 1951 2866 2021 fugiant
2899 1953 2952 2005 in
2990 1961 3207 2005 montes.
3247 1950 3311 2006 Et
3342 1951 3433 2021 qui
3471 1950 3695 2023 fugiunt
3726 1953 3782 2006 ἰιι

2200 2043 2333 2097 istos
2379 2051 2590 2098 montes
2640 2043 2822 2097 dicant
2849 2043 3115 2111 psalmum
3155 2043 3418 2112 graduum
3443 2041 3528 2098 sic
3567 2043 3784 2096 haben-

2199 2141 2304 2186 tem
2339 2133 2383 2164 ”
2413 2157 2424 2187 ;
2455 2132 2644 2188 Levavi
2686 2134 2862 2188 oculos
2902 2151 3042 2188 meos
3077 2135 3132 2188 in
3177 2146 3392 2198 montes,
3437 2134 3578 2188 unde
3610 2136 3777 2188 veniet

2197 2223 2460 2291 auxilium
2521 2224 2670 2278 mihi.
2727 2223 2850 2278 Ideo
2907 2233 3086 2279 autem
3136 2225 3280 2280 tollit
3324 2225 3516 2280 oculos
3559 2239 3698 2279 suos
3725 2227 3775 2278 in

2196 2327 2432 2378 montes,
2461 2316 2588 2386 quia
2618 2316 2718 2370 scit
2746 2316 3135 2371 abundantiam
3159 2332 3279 2386 qua:
3302 2327 3384 2372 est
3414 2316 3467 2370 in
3493 2317 3776 2372 montibus

2197 2406 2336 2475 illis;
2369 2415 2654 2476 propterea
2679 2407 2812 2462 dicit
2838 2407 2880 2439 ³¹
2916 2425 2929 2462 :
2965 2406 3336 2461 Fundamenta
3362 2407 3481 2477 ejus
3513 2408 3570 2460 in
3621 2423 3774 2460 mou-

2197 2502 2332 2555 tibus
2364 2502 2580 2554 sanctis.
2616 2499 2678 2555 Et
2705 2500 2750 2556 si
2781 2499 2976 2567 fugerit
3002 2500 3055 2554 in
3085 2508 3296 2554 montes
3335 2513 3477 2568 quos
3520 2499 3774 2568 praecepit

2196 2591 2481 2656 Dominus,
2543 2592 2716 2646 veniet
2765 2593 2829 2645 ad
2879 2591 3056 2646 locum
3082 2599 3350 2656 sanctum,
3383 2590 3441 2644 in
3459 2605 3575 2660 quo
3600 2589 3771 2643 factus

2195 2693 2249 2738 et
2283 2683 2468 2737 videns
2517 2683 2694 2737 \isum
2719 2683 2867 2736 illum
2909 2697 3189 2752 magnum,
3219 2681 3361 2736 dicet
3388 2680 3540 2751 quod
3565 2680 3767 2734 dictum

2193 2785 2276 2830 est
2311 2775 2355 2806 ³⁸
2386 2773 2711 2829 :Transiens
2762 2773 2942 2828 ridebo
2968 2775 3138 2828 visum
3188 2772 3324 2826 hunc
3385 2789 3663 2842 magnum.
3706 2769 3768 2825 Et

2193 2865 2287 2936 qui
2323 2866 2633 2935 hujusmodi
2668 2881 2710 2920 e.
2734 2876 2773 2932 t,
2803 2865 2986 2919 audiet
3013 2881 3027 2916 :
3050 2862 3201 2920 Solve
3229 2863 3648 2917 calceamentum
3684 2876 3766 2931 pe-

2192 2960 2319 3011 dum
2347 2969 2577 3023 tuorum,
2613 2959 2758 3013 locus
2788 2959 2922 3012 enint
2947 2959 2998 3012 in
3021 2973 3122 3028 quo
3156 2967 3212 3009 tu
3233 2965 3365 3021 stas,
3402 2965 3549 3009 terra
3585 2963 3765 3008 sancta

2193 3060 2266 3105 est
2289 3051 2351 3108 ³³,
2386 3050 2620 3122 Fugiant
2639 3067 2768 3122 ergo
2793 3051 2845 3105 in
2870 3059 3084 3105 montes
3104 3049 3197 3119 qui
3222 3048 3438 3120 fugiunt
3463 3045 3762 3102 secundum

2195 3141 2290 3197 Dei
2351 3143 2686 3199 mandatum.
2751 3142 3022 3209 Quoniam
3075 3157 3205 3212 ergo
3258 3141 3314 3195 in
3372 3139 3766 3209 tranquillitate

2117 3211 2158 3267 C
2194 3234 2391 3289 anima:
2418 3237 2726 3290 constitutae
2756 3244 2985 3305 possunt
3006 3211 3300 3305 impetrare
3329 3230 3513 3302 fugam
3553 3230 3763 3294 salutis,

2192 3325 2370 3380 hieme
2424 3335 2606 3380 autem
2668 3325 3159 3396 comprehendente
3212 3322 3506 3376 incurrunt
3571 3321 3626 3374 in
3675 3334 3764 3374 eos

2190 3433 2328 3488 quos
2361 3417 2594 3488 fugiunt,
2619 3418 2736 3472 ideo
2770 3426 3001 3472 orentut
3029 3431 3096 3469 ne
3119 3416 3212 3469 fiat
3234 3414 3358 3483 fuga
3379 3427 3575 3468 eorum
3594 3412 3766 3466 hieme

2191 3513 2273 3568 vel
2306 3512 2564 3576 Sabbato,
2593 3512 2639 3568 si
2679 3511 2897 3581 quidem
2936 3509 3239 3580 vigilax-erit
3270 3507 3529 3562 Christus
3577 3506 3636 3560 in
3665 3505 3760 3559 eis.

2191 3602 2248 3657 Si
2298 3612 2478 3657 autem
2532 3600 2908 3664 obdormierit,
2968 3608 3099 3653 tunc
3150 3597 3490 3652 descendens
3532 3596 3760 3664 procella

2187 3695 2335 3749 venti
2391 3694 2444 3747 in
2503 3701 2777 3762 stagnum,
2811 3691 3102 3746 descendet
3132 3689 3293 3744 etiam
3317 3702 3486 3756 super
3512 3701 3642 3740 eum
3672 3686 3759 3756 qui

2187 3786 2344 3853 fugit,
2383 3786 2513 3854 quia
2562 3801 2668 3839 non
2702 3781 2911 3856 [sintut]
2966 3781 3126 3836 .Iesus
3174 3780 3312 3851 fugit
3343 3795 3471 3835 cum
3504 3779 3650 3846 ipso,
3677 3792 3760 3831 os-

2190 3878 2414 3933 tendens
2447 3878 2496 3931 ei
2521 3877 2702 3945 fugam
2754 3876 2971 3946 optima:
2999 3875 3118 3929 viae.
3154 3873 3358 3928 Tamen
3396 3876 3441 3929 si
3467 3870 3758 3928 descende-

2186 3970 2257 4023 rit
2308 3970 2600 4039 aliquando
2652 3968 2908 4039 procella,
2943 3975 2998 4022 et
3032 3967 3264 4021 hiemem
3302 3964 3466 4020 fuerit
3517 3971 3757 4033 operata,

2184 4070 2300 4114 oret
2328 4060 2451 4130 quis
2504 4068 2558 4114 ct
2615 4061 2842 4114 suscitet
2879 4057 3219 4113 orationibus
3257 4057 3373 4111 suis
3397 4054 3680 4110 Christum
3705 4062 3758 4108 ut

2186 4151 2411 4220 imperet
2443 4161 2604 4204 vento
2641 4161 2693 4204 et
2731 4150 2864 4204 mari
2893 4149 2957 4216 “,
2986 4159 3044 4203 ut
3077 4149 3466 4218 tranquillitate
3492 4146 3634 4201 facta
3659 4147 3753 4200 ite-

2183 4256 2302 4294 rum
2334 4239 2524 4310 fugiat,
2562 4246 2620 4292 ut
2659 4254 2767 4294 non
2796 4237 3289 4307 comprehendatur
3311 4249 3340 4288 a
3374 4233 3752 4296 fornicatione,

2183 4338 2273 4384 aut
2303 4329 2552 4393 avaritia,
2582 4336 2678 4382 aut
2707 4343 2738 4382 a
2779 4327 2953 4398 gloria
2983 4341 3144 4390 vana,
3179 4333 3273 4378 aut
3303 4325 3371 4377 ab
3401 4322 3589 4392 aliquo
3617 4321 3754 4375 malo

2181 4429 2540 4491 persequente
2587 4435 2668 4480 se,
2716 4420 2798 4475 vel
2833 4419 2901 4472 ab
2937 4418 3054 4487 ipsa
3103 4415 3513 4472 abominationc
3546 4413 3753 4469 desola-

2181 4514 2365 4582 tionis,
2392 4512 2556 4586 863
2582 4513 2634 4567 id
2665 4521 2748 4568 est
2773 4513 3020 4581 dogmate
3048 4510 3205 4565 falso.

2248 4610 2336 4663 45.
2365 4609 2524 4664 Orate
2553 4617 2608 4661 ut
2643 4623 2705 4660 ne
2733 4607 2825 4676 ﬁat
2855 4605 2981 4675 fuga
3025 4613 3196 4659 vestra
3229 4603 3396 4656 hieme
3422 4602 3500 4656 vel
3530 4600 3752 4657 Sabban

2179 4700 2244 4751 ³⁸.
2284 4698 2424 4752 Deus
2459 4697 2510 4750 in
2543 4712 2639 4751 sex
2667 4696 2862 4750 diebus
2893 4694 3019 4750 fecit
3045 4709 3207 4763 opera
3236 4693 3424 4747 mundi
3453 4700 3509 4746 et
3538 4692 3746 4762 requie-

2177 4795 2253 4847 vit
2285 4793 2337 4846 in
2371 4789 2628 4844 Sabbato.
2665 4788 2947 4858 Requicvit
2973 4797 3153 4842 autem
3181 4787 3250 4840 ab
3281 4785 3544 4854 operibus
3572 4783 3749 4838 mundi

2178 4900 2298 4954 quae
2322 4881 2499 4937 faccre
2518 4881 2702 4950 coepit.
2737 4877 2910 4949 Opera
2941 4887 3123 4932 autem
3151 4877 3378 4947 justitia‘.
3398 4891 3615 4946 semper
3638 4875 3748 4929 sine

2177 4975 2331 5030 initio
2365 4985 2622 5045 operatur
2657 4983 2710 5028 et
2742 4971 3054 5043 operabitur
3091 4970 3210 5024 sine
3251 4969 3394 5023 fine:
3442 4977 3497 5022 et
3537 4967 3617 5022 sic
3654 4968 3747 5020 ho-

2177 5067 2387 5120 minum
2421 5080 2591 5135 genus
2635 5073 2760 5118 ante
2793 5063 2996 5118 Christi
3031 5063 3324 5117 adventum
3374 5061 3586 5130 operati
3629 5064 3748 5114 sunt

2175 5174 2365 5213 omnes
2397 5172 2559 5226 opera
2607 5155 2816 5221 mundi,
2839 5164 2891 5211 et
2918 5171 3078 5210 nemo
3113 5154 3381 5224 requievit
3410 5155 3480 5207 ab
3504 5154 3606 5220 eis,
3631 5151 3746 5206 sab-

2178 5247 2424 5301 batizans
2450 5246 2656 5315 jugiter
2685 5246 2754 5299 ab
2784 5245 3038 5313 operibus
3072 5245 3251 5298 bonis.
3290 5241 3528 5298 Veniens
3573 5249 3742 5296 autem

2177 5337 2441 5393 Dominus
2475 5347 2659 5391 noster
2705 5336 3003 5390 Sabbatum
3046 5346 3297 5390 nostrum
3329 5343 3384 5388 et
3415 5334 3629 5403 requies
3656 5346 3743 5385 no-

2177 5440 2311 5494 stra,
2367 5430 2547 5484 attulit
2588 5431 2744 5484 nobis
2793 5429 3035 5499 requiem
3080 5427 3302 5482 Sabbati
3342 5427 3452 5491 sui,
3506 5435 3566 5480 ut
3615 5425 3740 5480 sicut

2177 5521 2268 5576 ille
2314 5522 2580 5592 requievit
2620 5522 2676 5576 in
2709 5520 2948 5576 Sabbato
2988 5521 3057 5576 ab
3102 5521 3359 5591 operibus
3388 5518 3599 5583 mundi,
3644 5530 3740 5571 nou

2681 5660 2772 5713 "l
2811 5658 2938 5714 Cor.
2979 5677 3055 5720 vt,
3101 5659 3188 5714 18.
3281 5661 3325 5692 ³⁸
3373 5659 3538 5716 Ecrli.
3572 5673 3650 5719 Ix.
3686 5655 3733 5708 4.

2327 5734 2372 5765 ¹⁹
2404 5731 2593 5786 Matth.
2635 5747 2781 5793 XXIV,
2830 5729 2915 5782 16.
3030 5731 3074 5763 ³⁵
3101 5731 3247 5789 Psal.
3288 5747 3415 5788 cxx.
3527 5730 3567 5762 ³⁸
3601 5725 3730 5783 Psal.

2405 5805 2448 5838 ³⁵
2479 5803 2666 5857 Matth.
2695 5817 2840 5868 xxiv,
2868 5799 2957 5856 2').
