4004 6558
223 411 249 464 1
261 408 372 465 665

1357 405 1678 463 COMMEN']
1697 408 2014 466 ARIORUM
2056 408 2317 464 SERIES.

3343 411 3481 472 1668

219 542 412 588 autem
443 528 708 601 requievit
739 528 806 584 ab
839 528 1356 599 Operibusjustitite,
1391 531 1470 585 sic
1497 539 1549 584 et
1578 547 1678 586 nos
1707 547 1802 600 per
1837 538 1872 593 Α
1905 530 2073 597 tione,
2095 531 2250 600 quasi
2277 545 2384 584 non
2413 528 2482 583 sit
2505 530 2836 586 abominatio
2860 532 3234 601 desolationis,
3262 544 3315 590 et
3337 536 3482 591 vide-

222 623 410 692 ipsum
462 623 866 678 sabbatizemus
916 623 984 676 ab
1031 622 1287 690 operibus
1315 623 1706 687 mundialibus,
1747 632 1803 678 et

221 714 565 780 carnalibus,
596 722 649 768 et
679 714 905 778 noeivis,
941 728 1101 783 opera
1131 724 1309 768 autem
1337 715 1560 784 justitim
1591 731 1804 786 semper

219 821 604 859 exerceamus.
655 804 922 870 Quoniam
955 815 1134 858 autem
1178 805 1292 874 ipse
1335 805 1494 860 nobis
1537 805 1802 862 allaturus

221 895 411 950 fuerat
454 896 764 965 hujusmodi
811 895 1129 960 Sahbatum,
1177 896 1231 949 in
1262 912 1370 966 quo
1415 899 1624 952 nullum
1665 914 1802 968 opus

221 985 500 1040 faciamus
533 985 750 1050 servile,
802 994 1030 1040 testatur
1068 995 1122 1040 et
1168 986 1283 1056 ipse
1331 1002 1427 1054 per
1477 987 1799 1056 Prophetam

219 1074 418 1131 dicens
446 1077 512 1129 de
544 1076 776 1143 indignis
800 1075 998 1130 Judmis
1029 1076 1102 1130 ita
1131 1077 1175 1108 ’°
1205 1094 1216 1130 :
1248 1076 1418 1131 Donec
1434 1081 1612 1145 juravi
1638 1081 1690 1131 in
1719 1079 1801 1132 ira

223 1185 368 1233 mea,
412 1169 459 1221 si
489 1171 776 1222 introibant
805 1170 858 1221 in
888 1171 1113 1239 requiem
1145 1187 1331 1225 meum.
1368 1170 1429 1225 Et
1461 1172 1659 1225 iterum
1693 1171 1798 1224 La-

222 1261 388 1314 mecb
433 1276 630 1315 nomen
667 1261 950 1329 imponens
994 1261 1103 1315 filio
1146 1277 1247 1318 suo
1289 1261 1400 1318 Noe
1441 1263 1492 1316 in
1543 1264 1801 1334 mysterio

223 1347 455 1408 Christi.
495 1349 567 1403 ita
616 1349 752 1404 dixit
777 1351 843 1404 de
891 1365 956 1403 eo
983 1351 1068 1405 '7:
1119 1350 1186 1404 Et
1223 1354 1424 1406 vocavit
1475 1369 1658 1406 nomen
1685 1353 1799 1422 ejus

227 1439 370 1502 Noe,
402 1440 602 1506 dicens,
635 1442 884 1510 quoniam
914 1441 997 1494 Itic
1021 1442 1167 1495 dal'it
1191 1445 1336 1498 nobis
1367 1447 1591 1514 requiem
1619 1462 1650 1497 a
1677 1460 1802 1497 moe-

224 1533 441 1585 roribus
480 1533 692 1598 nostris,
719 1543 768 1586 et
803 1533 866 1585 ab
911 1534 1149 1602 operibus
1194 1552 1443 1588 manuum
1473 1546 1798 1600 nostrarum,

219 1638 274 1676 et
309 1641 344 1676 a
372 1634 512 1676 terra
540 1640 695 1693 quam
726 1625 1001 1678 maledixit
1036 1625 1308 1680 Dominus.
1333 1625 1521 1681 Omnis
1554 1642 1682 1695 ergo
1707 1626 1798 1696 qui

223 1715 363 1768 vivit
392 1716 446 1768 in
479 1714 720 1778 Christo,
757 1731 971 1785 semper
1001 1717 1054 1770 in
1095 1716 1336 1772 Sabbato
1367 1719 1495 1772 vivit
1527 1726 1581 1772 et
1624 1718 1676 1771 in
1716 1733 1802 1772 re-

222 1807 357 1876 quie
387 1809 735 1877 requiescens
773 1809 841 1862 ab
885 1809 1140 1877 operibus
1187 1810 1368 1872 malis,
1412 1818 1668 1878 operatur
1698 1825 1799 1862 au—

1907 625 1974 677 rit
2002 639 2060 678 se
2093 625 2385 692 periclitari
2417 634 2634 693 propter
2659 626 2999 681 dilectionem
3042 644 3205 697 quam
3232 630 3395 684 habet
3423 631 3476 684 in

1908 725 2155 769 sanetum
2190 715 2390 778 locum,
2425 715 2495 768 ita
2530 724 2587 769 ut
2615 731 2751 784 pene
2781 719 3081 772 consentiat
3111 722 3158 773 ei
3195 720 3479 774 abomina-

1908 805 2042 860 tioni
2067 816 2322 876 tanquam
2365 807 2434 860 sit
2460 806 2624 870 Deus,
2648 818 2701 862 et
2733 811 2911 860 tradat
2941 811 3291 878 semetipsum
3338 812 3474 864 abo-

1906 898 2190 953 minationi
2226 899 2384 968 quasi
2430 899 2562 967 Deo,
2588 901 2866 970 quomodo
2891 910 3051 970 putas
3072 917 3196 956 eum
3227 903 3477 957 tribulari

1908 1005 2101 1059 magna
2137 989 2506 1057 tribulatione,
2552 992 2730 1061 qualis
2767 1007 2876 1046 non
2917 991 3019 1045 fuit
3048 991 3096 1046 ei
3129 993 3199 1046 ab
3225 993 3378 1046 initio
3409 1009 3477 1046 ex

1908 1097 2017 1149 quo
2057 1081 2203 1134 venit
2231 1081 2284 1134 in
2316 1083 2578 1136 mundum
2625 1098 2797 1150 usque
2828 1083 2894 1136 ad
2926 1082 3056 1136 illud
3090 1083 3343 1151 tempus?
3369 1082 3476 1138 Sed

1909 1188 2008 1227 nec
2033 1173 2137 1226 alia
2169 1173 2445 1227 tribulatio
2475 1174 2597 1228 talis
2627 1189 2750 1228 eum
2785 1175 2983 1242 poterit
3017 1175 3478 1244 comprehendere

1907 1264 2221 1334 aliquando,
2254 1273 2307 1318 et
2339 1265 2576 1319 maxime
2609 1265 2653 1320 si
2685 1266 2809 1335 quis
2840 1265 3071 1319 trahitur
3111 1274 3171 1319 ut
3201 1267 3477 1321 existimet

1906 1356 2362 1410 abominationem
2391 1364 2624 1411 stantem
2667 1358 2721 1409 in
2751 1357 2888 1412 coelo
2930 1357 3097 1429 [loco]
3126 1367 3335 1421 sancto,
3367 1374 3474 1412 non

1907 1461 2030 1501 esse
2063 1445 2522 1501 abominationem
2571 1445 2945 1510 desolationis,
2989 1447 3081 1500 sed
3125 1445 3296 1502 Deum
3343 1445 3476 1501 Ver-

1907 1539 2055 1592 bum.
2089 1539 2280 1593 Adhuc
2309 1547 2488 1592 autem
2517 1547 2570 1592 et
2595 1539 2640 1593 si
2671 1540 2794 1607 quis
2825 1537 3110 1593 manifeste
3141 1539 3360 1608 quidem
3395 1540 3475 1593 vi-

1905 1631 2030 1683 deat
2057 1629 2521 1682 abominationem
2569 1629 2922 1684 desolationis
2967 1639 3199 1684 stantem
3254 1631 3306 1683 in
3353 1630 3473 1684 loct‘

1906 1731 2114 1783 sancto,
2147 1728 2200 1773 et
2232 1719 2277 1774 si
2310 1728 2568 1790 sequatur
2610 1735 2751 1783 eam,
2795 1721 3066 1790 accipiens
3095 1721 3196 1775 sibi
3239 1736 3471 1776 excusa-

1907 1811 2108 1866 tionem
2163 1813 2228 1865 de
2273 1811 2474 1866 divinis
2523 1810 2844 1881 Scripturis.
2897 1813 3055 1882 quasi
3105 1812 3472 1866 indifferenter

221 1908 334 1953 tem
371 1914 534 1968 opera
559 1898 781 1968 justitiae
808 1899 1160 1955 incessanter.
1198 1899 1347 1953 Multi
1383 1909 1563 1953 autem
1601 1914 1797 1953 nomen
1831 1894 1871 1948 Β
1903 1903 2059 1958 liceat
2088 1903 2546 1960 Christianitatem
2580 1919 2798 1973 negare,
2828 1903 3016 1960 dicens
3059 1904 3470 1974 denegationem

221 1989 431 2044 Cluisti
466 1991 744 2057 habentes,
775 2008 880 2045 non
925 1993 1176 2062 gratiam,
1203 2001 1422 2046 econtra
1459 1992 1800 2045 sabbatizant

221 2080 294 2134 ab
319 2080 586 2148 ‘operibus
633 2081 808 2146 bonis,
853 2091 1150 2150 operantur
1193 2091 1371 2136 autem
1425 2095 1588 2150 opera
1631 2081 1796 2134 mala.

223 2169 528 2226 Mediocres
561 2181 740 2226 autem
778 2173 1049 2227 interdum
1087 2174 1366 2228 dimittunt
1402 2174 1795 2229 sabbatismum

221 2278 450 2331 operum
479 2264 764 2327 malorum,
792 2274 846 2318 et
875 2265 1214 2320 sabbatizant
1240 2269 1306 2320 ab
1337 2265 1592 2335 operibus
1617 2267 1795 2333 bonis,

221 2371 333 2410 non
372 2355 513 2409 bona
552 2341 857 2422 operantes,
890 2355 1003 2411 sed-
1031 2357 1192 2410 mala.
1242 2355 1472 2423 Quidam
1514 2365 1694 2411 autem
1728 2355 1797 2411 ab

220 2447 482 2517 aperibus
531 2447 688 2502 malis
733 2447 1091 2512 sabbatizant,
1147 2464 1252 2502 non
1304 2458 1483 2502 autem
1543 2457 1799 2503 exercent

221 2552 390 2606 Opera
426 2538 586 2602 bona,
623 2554 745 2592 cum
783 2547 1031 2606 oporteat
1065 2554 1172 2591 non
1206 2538 1381 2592 solum
1419 2537 1556 2590 mala
1588 2537 1792 2607 fugere,

221 2629 316 2683 sed
345 2630 508 2683 etiam
536 2629 678 2684 bona
709 2644 980 2684 exercere.
1013 2628 1065 2682 ln
1101 2629 1192 2683 tali
1236 2644 1364 2700 ergo
1393 2629 1628 2683 Sabban
1664 2645 1795 2699 ope-

220 2735 346 2774 rum
380 2721 670 2783 bonorum,
696 2721 916 2790 quando
942 2721 1081 2774 bona
1118 2735 1280 2788 opera
1315 2737 1420 2773 non
1459 2721 1586 2774 facit
1633 2720 1796 2774 homo

220 2811 586 2874 Christianus,
609 2812 761 2878 jubet
782 2828 879 2866 nos
901 2811 1152 2866 Christus
1175 2827 1332 2866 orare
1360 2827 1427 2866 ne
1459 2811 1582 2882 fuga
1611 2821 1794 2867 nostra

219 2902 314 2956 fiat
353 2902 407 2956 in
441 2901 552 2957 illo.
587 2901 846 2959 Cessante
875 2903 1018 2958 enim
1051 2912 1101 2957 te
1129 2903 1197 2956 ab
1239 2904 1497 2972 operibus
1533 2903 1714 2968 bonis,
1748 2903 1795 2957 si

219 2993 442 3063 quidem
473 2994 692 3048 steteris
717 3001 841 3048 ante
863 2992 1054 3047 faciem
1093 2992 1536 3053 abominationis.
1573 3003 1627 3047 et
1651 2991 1794 3046 ultro

221 3091 271 3138 te
293 3084 608 3140 subdideris
635 3084 705 3147 ei,
738 3084 1041 3139 voluntarie
1073 3094 1322 3138 mortuus
1347 3098 1408 3138 es
1435 3081 1615 3152 gladio
1640 3083 1792 3138 verbi

218 3175 520 3230 mendacis.
567 3173 622 3228 Si
657 3184 838 3228 autem
871 3174 1107 3229 volueris
1141 3171 1345 3243 fugere,
1373 3180 1427 3226 et
1456 3171 1793 3226 abominatio

217 3265 576 3320 desolationis
605 3275 788 3320 secuta
823 3265 985 3320 fuerit
1017 3273 1088 3331 te,
1121 3265 1238 3319 sine
1270 3263 1430 3336 [sive]
1462 3263 1794 3334 persecutio-

217 3356 384 3412 nibus
410 3356 524 3412 suis
554 3356 763 3428 franget
797 3367 866 3425 te,
897 3358 1021 3428 quia
1055 3374 1162 3413 non
1191 3370 1487 3428 operantur
1522 3356 1574 3410 in
1609 3364 1658 3410 te
1683 3355 1794 3410 vir-

217 3456 391 3503 tutem
423 3449 694 3518 patientia:
727 3464 890 3518 opera
921 3459 1011 3502 tua
1057 3449 1196 3503 bona
1223 3467 1237 3504 :
1278 3449 1396 3504 sine
1426 3445 1586 3520 [sive]
1632 3445 1794 3500 sedu-

216 3540 492 3596 ctionibus
540 3540 654 3595 suis
698 3540 873 3610 capiet
900 3550 972 3601 te,
1001 3542 1260 3610 quoniam
1296 3538 1663 3610 intelligentiae
1710 3537 1792 3590 lu-

216 3647 341 3687 men
373 3646 480 3687 non
514 3640 769 3701 operatur
793 3633 844 3685 in
871 3641 920 3686 te
947 3647 1110 3701 opera
1137 3641 1225 3686 tua
1260 3633 1420 3684 bona.
1454 3629 1623 3683 Nemo
1645 3627 1788 3683 enim

216 3722 270 3776 in
318 3722 413 3776 tali
464 3723 704 3792 periculo
754 3721 871 3776 falsi
905 3722 1175 3793 dogmatis
1217 3719 1377 3775 facile
1416 3729 1702 3789 superatur
1738 3725 1792 3770 et

215 3811 442 3877 fallitur,
471 3813 573 3868 nisi
596 3813 724 3884 quia
758 3812 936 3867 nudus
963 3823 1045 3866 est
1069 3812 1136 3866 ab
1160 3810 1416 3880 operibus
1445 3809 1618 3864 bonis.
1651 3808 1790 3861 Pro-

215 3913 400 3973 pterea
441 3912 496 3958 et
527 3903 820 3973 Apostolus
849 3903 980 3957 dicit
1019 3903 1085 3957 de
1113 3903 1231 3970 ipso
1273 3901 1516 3971 periculo
1549 3901 1632 3955 ἐς
1682 3900 1790 3954 Pro

212 4010 272 4047 eo
311 3993 456 4066 quod
497 3993 804 4048 cltaritatem
847 3996 1086 4049 ueritatis
1129 4011 1230 4048 non
1267 4007 1597 4064 acceperunt,
1639 3993 1788 4047 dabit

212 4083 324 4138 illis
369 4087 721 4154 operationem
766 4089 982 4150 erroris,
1027 4095 1083 4139 ut
1127 4086 1342 4139 credant
1392 4087 1683 4152 mendacio,
1731 4097 1788 4140 ut

208 4174 517 4243 judicentur
562 4176 794 4230 homines
825 4177 915 4246 qui
943 4192 1044 4229 non
1075 4177 1406 4230 crediderunt
1441 4177 1668 4237 reritati,
1698 4175 1788 4228 sed

212 4278 588 4322 consenserunt
615 4269 907 4339 iniquitati.
938 4268 1075 4322 Cum
1105 4278 1286 4323 autem
1322 4268 1620 4323 viderimus
1650 4267 1787 4321 abo-

215 4360 570 4416 minationem
602 4361 975 4424 desolationis,
1010 4377 1134 4430 qua:
1172 4362 1315 4416 dicta
1359 4374 1439 4415 est
1469 4375 1565 4429 per
1601 4358 1792 4413 [lanie-

215 4450 320 4506 lem
358 4453 701 4522 prophetam,
733 4463 964 4507 stantem
1013 4453 1065 4506 in
1097 4453 1215 4507 loco
1247 4461 1457 4515 sancto,
1483 4451 1788 4505 videbimus

1902 2011 2007 2048 non
2033 2009 2151 2049 esse
2175 1994 2616 2064 denegationem;
2641 2004 2693 2050 et
2712 2010 2866 2050 escas
2889 1995 3286 2049 immolatorum
3312 1995 3469 2064 quasi

1899 2084 2032 2137 nihil
2061 2094 2318 2139 nocentes
2345 2083 2692 2139 manducanti
2735 2083 2898 2138 fuerit
2939 2085 3259 2148 arbitratus,
3292 2083 3474 2153 profe-

1901 2189 2027 2228 rens
2071 2176 2137 2229 de
2180 2173 2477 2244 Scripturis
2516 2175 2794 2244 exempla;
2833 2185 2888 2229 et.
2927 2174 3054 2243 quia
3105 2173 3472 2228 indifferenter

1899 2265 2024 2319 licet
2073 2264 2125 2318 in
2164 2279 2274 2317 uno
2321 2264 2623 2332 eodemque
2666 2277 2911 2333 tempore
2956 2263 3276 2317 mulieribus
3315 2277 3470 2317 com-

1899 2355 2114 2411 misceri
2147 2354 2400 2420 diversis,
2433 2353 2589 2423 quasi
2622 2365 2676 2408 et
2720 2354 2967 2423 patribus
3011 2353 3111 2408 ista
3148 2353 3470 2408 facientibus

1898 2450 2026 2504 olim
2057 2465 2070 2499 :
2103 2447 2358 2501 omnibus
2389 2445 2510 2500 istis
2545 2446 2780 2514 peccatis
2810 2445 2986 2515 majus
3027 2454 3112 2501 est
3139 2446 3472 2502 abominatio

1897 2533 2269 2596 desolationis,
2305 2533 2355 2586 id
2383 2541 2486 2595 est,
2514 2533 2738 2586 verbum
2765 2534 2908 2602 quod
2935 2533 2988 2586 in
3012 2533 3130 2588 loro
3161 2533 3471 2603 Scriptura-

1897 2641 2018 2678 rum
2062 2633 2373 2678 sanctarum
2420 2623 2691 2687 consistit,
2730 2623 3068 2693 iniquitatem
3109 2625 3162 2678 in
3194 2625 3470 2679 excelsum

1900 2716 2127 2784 loquens
2148 2722 2198 2768 et
2225 2713 2560 2783 persuadens
2594 2729 2622 2767 a
2651 2713 2907 2769 (lreatore
2932 2714 3230 2778 discedere,
3260 2714 3370 2784 qui.
3394 2729 3476 2769 so-

1898 2808 1983 2861 lus
2008 2815 2063 2861 et
2107 2822 2268 2861 verus
2307 2813 2396 2860 est
2433 2807 2598 2870 Deus,
2633 2815 2687 2860 et
2724 2807 2942 2861 credere
2973 2807 3128 2861 alteri
3165 2808 3350 2862 nescio
3384 2805 3473 2860 cui

1898 2897 2008 2953 Deo
2054 2913 2216 2967 super
2257 2899 2444 2962 istum,
2477 2884 2583 2950 cui.
2610 2896 2793 2952 nullus
2837 2898 3032 2953 similis
3064 2906 3167 2963 est,
3195 2914 3318 2953 cum
3350 2899 3474 2954 talis

1897 2999 2083 3044 noster
2112 2988 2362 3043 Salvator
2392 2988 2538 3043 dicat
2559 2987 2605 3020 "
2632 3007 2644 3042 :
2676 2986 2837 3041 Pater
2870 2988 2960 3058 qui
2995 2989 3140 3046 misit
3170 3005 3268 3053 me,
3298 2992 3476 3056 major

1895 3095 1978 3133 me
1997 3088 2094 3134 est.
2125 3077 2316 3148 Magna
2349 3092 2478 3148 ergo
2515 3076 2794 3131 tribulatio
2819 3086 3108 3147 generatur
3135 3091 3164 3129 a
3187 3075 3477 3132 desolatio-

1897 3172 1982 3225 nis
2011 3169 2416 3225 abominatione
2452 3176 2628 3223 stante
2656 3167 2710 3221 in
2754 3167 2877 3222 loco
2915 3174 3123 3230 sancto,
3163 3166 3236 3220 ita
3261 3174 3321 3220 ut
3343 3167 3471 3222 talia

1893 3263 2147 3318 dicantur
2173 3262 2239 3316 de
2265 3277 2327 3316 ea
2354 3259 2400 3292 ⁸⁸
2425 3278 2438 3314 :
2475 3259 2543 3313 Et
2578 3259 2682 3314 nisi
2717 3258 3002 3312 abbreviati
3031 3268 3199 3312 essent
3229 3258 3341 3312 dies
3365 3259 3470 3325 illi,

1893 3372 1995 3410 non
2023 3352 2325 3408 essetsalva
2355 3353 2499 3421 facta
2541 3352 2710 3405 omnis
2733 3366 2876 3403 caro.
2911 3348 3134 3418 Propter
3155 3349 3343 3404 electos
3375 3367 3473 3404 au-

1897 3458 1997 3502 tem
2044 3445 2489 3500 abbreviabuntur
2530 3443 2642 3497 dies
2675 3442 2776 3498 illi.
2818 3441 2991 3495 Tanta
3037 3453 3238 3508 autem,
3287 3450 3342 3496 et
3391 3443 3474 3497 sic

1892 3555 2086 3609 magna
2131 3539 2186 3592 in
2229 3538 2318 3592 illa
2365 3535 2770 3591 abominatione
2810 3533 3162 3588 desolationis
3195 3533 3253 3588 fit
3299 3534 3474 3588 tribu-

1894 3632 2044 3696 latio,
2081 3638 2143 3684 ιιι
2173 3628 2317 3684 Deus
2347 3636 2602 3698 operetur
2630 3625 3090 3680 abhrcviationem
3129 3624 3339 3678 dierum
3374 3624 3474 3678 tri-

1892 3718 2183 3774 bulationis
2207 3718 2372 3776 illius,
2410 3715 2744 3784 superfluum
2777 3727 2966 3767 eorum
3001 3712 3298 3780 prtecidens
3322 3711 3468 3781 quod

1893 3811 2109 3864 additur
2134 3824 2164 3863 a
2194 3805 2547 3863 desolationis
2579 3803 2926 3857 tribulatione
2958 3809 3012 3856 et
3040 3800 3465 3857 abominatione.

1889 3902 2061 3956 Aliter
2093 3901 2236 3955 enim
2265 3914 2370 3953 non
2403 3906 2486 3952 est
2514 3895 2772 3966 possibile
2796 3903 2857 3948 ut
2887 3901 3111 3948 sanetur
3138 3893 3319 3947 omnis
3345 3908 3468 3963 quae

1892 3994 2153 4048 salvanda
2183 4001 2267 4047 est
2307 4005 2454 4055 caro,
2497 3989 2600 4043 nisi
2633 3987 2903 4056 acceperit
2939 3985 3400 4041 abbreviationem
3435 4000 3466 4039 a

1891 4085 2024 4140 Deo.
2076 4083 2202 4138 Dies
2241 4083 2386 4137 enim
2431 4079 2807 4148 intelliguntur
2843 4084 3106 4146 praecepta
3133 4083 3189 4129 et
3215 4075 3466 4146 dogmata

1890 4176 2134 4231 veritatis
2173 4175 2349 4245 posita
2381 4173 2432 4226 in
2471 4169 2771 4240 Scripturis
2803 4169 2868 4223 ad
2902 4167 3356 4221 illuminationem
3383 4166 3468 4219 in-

1891 4269 2246 4338 telligentiam
2278 4265 2606 4318 animarum.
2637 4260 2806 4332 864
2838 4259 3043 4314 Omnes
3077 4266 3257 4313 autem
3301 4257 3465 4312 intel»

1890 4359 2063 4413 lectus
2104 4372 2134 4411 a
2165 4355 2388 4410 scientia
2435 4351 2556 4406 falsi
2605 4349 2846 4404 nominis
2886 4347 3188 4411 venientes,
3228 4346 3322 4416 qui
3371 4346 3467 4400 ad-

1889 4449 2092 4504 duntur
2123 4444 2470 4500 sermonibus
2510 4440 2915 4509 Scripturarum
2949 4446 3004 4492 et
3032 4436 3462 4507 conjunguutur,

214 4532 269 4599 et
308 4559 563 4614 magnam
611 4543 1013 4599 tribulationem
1064 4545 1379 4608 instantem,
1420 4542 1598 4611 qualis
1645 4541 1786 4596 facta
1819 4559 1863 4614 ι)
1891 4537 2127 4607 intellige
2148 4536 2276 4589 mihi
2302 4534 2667 4588 additamenta
2701 4545 2822 4585 esse
2845 4544 3009 4598 supra
3039 4527 3461 4599 magnitudinem

215 4647 324 4687 non
351 4641 436 4688 est
460 4633 528 4687 ab
553 4632 707 4686 initio
745 4634 930 4686 mundi
966 4648 1138 4702 usque
1171 4636 1236 4685 ad
1268 4632 1414 4684 illam
1459 4632 1654 4699 ipsam,
1683 4647 1780 4683 ne-

215 4738 323 4794 que
370 4724 462 4778 fiet
493 4733 694 4792 postea.
727 4721 858 4789 Quae
905 4724 1048 4777 enim
1085 4723 1258 4791 major
1304 4721 1579 4776 tribulatio
1619 4736 1782 4790 quant

216 4816 397 4870 videre
432 4813 630 4870 fratres
660 4824 878 4869 nostros
920 4815 1106 4869 seduci
1149 4823 1366 4883 propter
1398 4822 1649 4867 sanctum
1693 4813 1782 4865 lo-

213 4921 340 4961 cum
374 4921 405 4960 a
431 4906 784 4963 desolationis
829 4906 1237 4960 abominatione
1264 4913 1438 4959 stante
1480 4903 1534 4957 in
1574 4904 1686 4958 eo?
1721 4902 1785 4958 Et

213 4996 258 5050 si
283 4996 501 5066 quidem
525 4997 686 5051 amici
721 4998 950 5066 alicujus
976 5007 1071 5050 aut
1095 4995 1327 5066 proximi
1354 5011 1500 5051 mors
1529 5010 1785 5064 corpora-

213 5086 279 5143 lis
307 5103 559 5159 magnam
591 5099 848 5157 Operatur
870 5087 1270 5143 tribulationem
1297 5087 1344 5142 ei
1371 5087 1464 5158 qui
1489 5102 1593 5141 non
1619 5086 1785 5140 fuerit

213 5184 503 5239 meditatus
536 5191 594 5237 ut
621 5181 845 5237 sufferat
871 5195 1012 5246 eam,
1042 5179 1255 5249 qualem
1284 5189 1444 5250 putas
1475 5180 1784 5236 tribulatio-

213 5287 336 5328 nem
375 5273 424 5326 ei
453 5272 546 5343 qui
570 5270 897 5340 compatitur
925 5271 1142 5339 quando
1170 5285 1336 5323 unum
1363 5284 1581 5339 passum
1617 5267 1784 5323 fuerit

213 5365 541 5430 membrum,
581 5373 635 5418 et
673 5364 722 5417 ei
764 5361 857 5432 qui
899 5363 1093 5417 viderit
1123 5362 1341 5434 quando
1380 5361 1780 5416 scandalizatus

215 5452 373 5511 fuerit
404 5455 605 5526 aliquis
639 5454 842 5511 frater?
876 5453 934 5509 Si
974 5464 1152 5510 autem
1189 5462 1242 5507 et
1290 5453 1414 5523 quis
1461 5451 1656 5506 viderit
1686 5464 1779 5505 se-

216 5543 389 5614 ipsum
417 5546 621 5601 moveri
646 5555 699 5600 et
724 5543 1036 5601 conturbari
1061 5560 1090 5598 a
1118 5543 1469 5600 desolationis
1497 5541 1780 5598 abomina-

1889 4627 2189 4683 naturalem
2233 4624 2442 4678 dierum
2479 4621 2811 4689 Scripturis:
2844 4617 2986 4686 quod
3035 4617 3462 4670 additamentum

1889 4720 2066 4775 bonus
2095 4718 2236 4773 Deus
2267 4714 2542 4770 abbreviat
2565 4727 2660 4782 per
2684 4725 2823 4780 quos
2856 4709 2990 4762 vult.
3022 4707 3088 4761 Et
3115 4707 3466 4778 quotiescun-

1889 4826 1996 4881 que
2040 4809 2241 4864 videris
2284 4806 2518 4861 adventu
2564 4801 2712 4856 verbi
2757 4799 3001 4856 veritatis
3047 4800 3100 4852 in
3151 4813 3316 4853 sensu
3372 4805 3464 4851 tuo

1888 4902 2106 4975 pracidi
2138 4897 2451 4954 altitudines
2478 4893 2794 4950 extollentes
2816 4905 2873 4944 se
2895 4890 3154 4975 adversus
3178 4886 3461 4975 scientiam

1890 4973 2007 5057 Dei,
2045 4991 2203 5045 toties
2249 4987 2484 5055 intellige
2520 4981 2861 5038 abbreviatos
2907 4977 3024 5032 dies
3070 4973 3459 5036 tribulationis,

1885 5095 1939 5142 et
1991 5080 2370 5141 circumcisam
2421 5072 2752 5144 superfluam
2799 5065 3250 5139 magnitudinem,
3296 5077 3458 5132 quam

1883 5185 2072 5232 contra
2101 5181 2348 5227 naturam
2377 5164 2708 5222 abominatio
2735 5157 3088 5217 desolationis
3117 5169 3336 5224 semper
3367 5168 3460 5208 su—

1883 5265 2190 5340 peraddidit
2211 5257 2408 5317 diebus
2440 5256 2653 5311 Domini
2687 5254 2778 5324 qui
2796 5250 3007 5340 suntin
3044 5245 3360 5340 Scripturis.
3392 5243 3459 5340 fit

1880 5333 2100 5428 propter
2132 5353 2333 5408 electos
2364 5345 2748 5403 abbreviautur
2775 5339 2892 5395 dies
2920 5338 3016 5428 illi,
3040 5335 3376 5428 utvidentes
3403 5333 3454 5385 in

1887 5426 2047 5501 sensu
2077 5437 2572 5508 suo'prtecisionem
2598 5427 2989 5501 superfluitatis
3016 5426 3250 5490 dierum,
3286 5431 3339 5477 et
3373 5436 3462 5476 rc-

1889 5541 2197 5590 mauentem
2227 5530 2375 5585 illam
2404 5523 2748 5582 solummodo
2781 5520 2958 5574 lucem
2993 5531 3117 5589 qua:
3151 5512 3457 5572 secundum

284 5795 328 5826 "
353 5792 498 5850 Psal.
525 5807 670 5856 χειν,
698 5793 784 5847 Η.
861 5790 902 5822 ⁸⁷
930 5787 1064 5842 Gen.
1093 5757 1144 5850 ιτ,
1176 5784 1268 5839 29.
1346 5782 1390 5815 ³⁸
1421 5779 1462 5836 ll
1487 5779 1682 5834 Thess.
1712 5793 1782 5842 ιι,

1896 5818 1900 5829 .
1977 5775 2021 5807 ³⁹
2051 5773 2210 5830 Joan.
2249 5787 2362 5837 xw,
2393 5773 2482 5827 28.
2561 5771 2606 5804 ⁸ο
2633 5768 2823 5824 Matt".
2856 5779 3005 5830 sxw,
3037 5761 3118 5823 22
