4004 6526
542 362 678 421 166⁸1
1736 363 2062 423 ORIGENIS
2095 364 2163 423 1N
2195 366 2611 427 MATTHIEUM
3666 374 3819 432 1668

542 478 771 535 verbum
800 484 886 533 est
909 474 1172 542 veritatis,
1208 475 1344 532 nihil
1390 476 1666 548 patiantur
1696 494 1726 534 a
1754 480 2112 539 desolationis
2142 487 2187 546 Α
2214 483 2502 539 ostendere
2528 483 2718 538 volens
2759 478 2897 536 dixit
2923 498 2937 536 :
2969 478 3045 536 Si
3065 482 3298 540 dixerint
3337 487 3479 543 vobis
3512 502 3534 542 :
3574 486 3724 544 Ecce
3758 491 3819 544 in

543 566 969 633 abominatione,
994 566 1167 622 veleo
1190 566 1337 632 quod
1364 565 1608 623 additum
1638 567 1819 625 fuerat
1843 586 2009 641 super
2035 587 2122 628 ve—
2224 577 2512 632 solitudine
2540 587 2642 644 est,
2682 577 2841 633 nolite
2864 581 3035 647 exire,
3058 580 3126 635 de
3156 581 3339 651 regula
3376 581 3520 638 ﬁdei.
3557 581 3673 639 Eos
3706 599 3819 637 au-

545 672 640 713 ros
672 663 728 713 et
754 656 1033 713 naturales
1060 656 1177 712 dies
1200 656 1626 725 Scripturamm.
2225 676 2331 722 tem
2383 668 2476 738 qui
2524 668 2593 723 ad
2641 669 2878 725 schisma
2910 672 3171 727 simulant
3200 674 3411 729 divinas
3444 674 3778 744 Scripturas
3799 718 3818 741 ,

611 766 701 823 46.
746 766 890 823 Tunc
918 768 966 821 si
992 768 1110 838 quis
1144 768 1284 821 vobis
1311 767 1505 820 dixerit
1533 782 1552 820 :
1580 765 1716 821 Ecce
1739 768 1823 823 hic
1854 768 2116 836 Christus,

2237 760 2505 816 isteudere
2544 760 2734 816 volens
2762 761 2898 817 dixit
2942 778 2955 814 :
3003 762 3065 817 Si
3095 765 3322 819 dixerint
3351 765 3533 820 vobis:
3568 765 3717 820 Ecce
3756 769 3818 821 in

543 875 659 914 ecce
687 860 820 925 illic,
848 858 1008 913 nolite
1032 859 1258 913 credere.
1306 858 1598 927 Exsurgent
1620 860 1756 912 enim
1785 862 2121 929 pseudochri-

2237 851 2459 905 lomibus
2479 890 2493 913 ,
2531 851 2695 906 nolite
2722 853 2953 911 credere.
3000 854 3372 928 Quodcunque
3402 858 3639 929 professi
3684 860 3818 914 fue-

543 952 615 1004 sti
638 960 685 1004 et
717 950 1191 1020 pseudoprophetw,
1233 959 1281 1003 et
1308 951 1506 1003 dabunt
1535 952 1685 1020 signa
1711 967 1901 1021 magna
1925 962 1973 1006 et
1997 968 2121 1022 pro—
2217 941 2327 995 Υίιὶί
2356 942 2421 995 de
2468 942 2798 1012 scripturis.
2825 954 2878 999 θι
2915 945 2983 1001 de
3013 949 3285 1017 mysteriis
3313 965 3433 1018 qua:
3463 960 3595 1005 Sunt
3623 953 3683 1004 in
3724 952 3817 1006 eis

545 1042 711 1111 αἰσία,
747 1042 825 1094 ita
865 1051 921 1095 ut
965 1042 1021 1093 in
1057 1056 1285 1094 errorem
1324 1040 1665 1104 inducantur,
1696 1042 1745 1094 si
1780 1042 1897 1110 ﬁeri
1926 1052 2115 1111 potest.
2218 1032 2284 1085 ad
2319 1031 2841 1090 demonstrationem
2870 1075 2885 1100 ,
2918 1037 3085 1091 nolite
3114 1040 3334 1094 credere
3360 1056 3483 1109 quae
3507 1042 3814 1097 dicuntur.

543 1134 702 1186 etiam
743 1132 912 1188 electi.
958 1131 1092 1185 Ecce
1135 1133 1362 1201 praedixi
1410 1132 1575 1187 vobis.
1620 1132 1679 1187 Si
1719 1150 1841 1203 ergo
1884 1135 2118 1189 dixerint
2218 1114 2429 1173 vernas
2483 1120 2628 1174 enim
2701 1122 2897 1178 Similis
2975 1136 3057 1180 θεῖ
3116 1125 3312 1195 {tuguri
3363 1131 3661 1199 eﬁfediemi
3737 1132 3816 1185 ιδ

545 1224 725 1278 vobis:
774 1224 906 1278 Ecce
944 1225 998 1277 in
1038 1224 1323 1278 solitudine
1369 1235 1470 1288 est,
1505 1224 1666 1279 nolite
1705 1228 1877 1292 exire;
1910 1244 2025 1281 ecce
2062 1230 2118 1282 in

2231 1207 2458 1273 Oriente,
2487 1219 2542 1266 et
2569 1213 2848 1283 apparenti
2876 1231 3051 1286 usque
3084 1218 3149 1271 ad
3184 1216 3529 1275 Occidentem
3564 1238 3581 1275 :
3614 1225 3812 1292 qualis

544 1316 805 1380 domibus,
847 1316 1007 1369 nolite
1048 1316 1273 1369 credere.
1316 1314 1465 1370 Sicut
1499 1317 1637 1369 enim
1681 1316 1860 1384 fulgur
1899 1318 2007 1370 exit
2051 1318 2115 1371 ab
2215 1309 2300 1355 εει
2336 1302 2535 1358 veritas
2584 1303 2840 1360 Εοειοείεὲ
2873 1305 2967 1362 Dei
3000 1324 3013 1361 ε
3045 1308 3113 1362 ab
3144 1324 3206 1364 ea
3232 1311 3373 1364 enim
3404 1313 3519 1367 SOla
3546 1330 3719 1368 sonu
3752 1317 3812 1368 in

543 1409 761 1471 oriente,
789 1415 837 1460 et
861 1418 1075 1475 apparet
1110 1424 1268 1476 usque
1306 1407 1373 1459 ad
1414 1407 1753 1469 occidentem,
1778 1408 1857 1461 ita
1881 1409 1987 1463 erit.
2020 1409 2117 1462 ad-

2226 1406 2418 1445 omnem
2450 1403 2644 1448 terram
2687 1397 2882 1464 exivit,
2928 1407 2977 1452 et
3017 1401 3071 1451 in
3112 1400 3240 1468 fines
3271 1403 3411 1456 orbis
3445 1414 3607 1459 terra:
3639 1409 3807 1460 rerba

541 1508 720 1551 ventus
751 1496 883 1550 Filii
913 1499 1161 1553 hominis.
1195 1498 1494 1569 Ubicunque
1515 1501 1652 1553 enint
1676 1499 1835 1567 fuerit
1869 1504 2111 1565 cadaver,
2215 1484 2483 1547 eorum”.
2510 1497 2563 1541 ει
2593 1488 2851 1543 νθῙοείιθΓ
2881 1490 3049 1544 ευιτίῑ
3081 1491 3195 1545 $013
3222 1507 3345 1547 vere
3367 1495 3569 1549 veritas
3606 1496 3705 1552 Del
3728 1499 3801 1551 ”.

540 1578 652 1641 illic
706 1588 1161 1658 congregabantur
1203 1589 1397 1657 aquila
1439 1588 1504 1642 δι.
1554 1588 1823 1655 Quoniam
1875 1589 2115 1644 diximus
2283 1569 2372 1623 4⁷·
2416 1569 2566 1625 Sic“
2596 1573 2777 1645 Ῑ³⁴ί9¹⁴Γ
2808 1577 2946 1630 enim
2988 1578 3097 1631 ex“
3141 1580 3206 1633 ab
3245 1580 3459 1637 θνίεηίε
3481 1592 3531 1637 ⁸⁸
3574 1597 3807 1654 appar“

539 1678 999 1734 abominationcm
1047 1679 1405 1735 desolationis
1443 1688 1674 1734 stantem
1715 1680 1769 1733 in
1813 1679 1955 1745 loco,
1994 1694 2115 1735 esse

2227 1677 2374 1731 usque
2394 1662 2464 1715 ad
2497 1664 2850 1735 Occidentem,
2876 1668 2954 1720 ita
2980 1670 3079 1722 erit
3104 1680 3154 1724 et
3183 1671 3433 1727 adventus
3464 1672 3603 1728 Filii
3631 1678 3808 1730 homi-

540 1768 813 1823 mendacii
839 1769 1064 1822 verbum
1093 1769 1236 1837 quod
1263 1768 1316 1821 in
1350 1769 1468 1823 loco
1495 1766 1897 1839 Scripturarum
1922 1778 2111 1824 sancto

2223 1751 2298 1804 nis
2318 1752 2381 1816 ⁸⁵,
2429 1762 2483 1807 et
2531 1755 2760 1825 reliqua.
2799 1756 2951 1813 Scire
2981 1760 3240 1818 debemus
3267 1773 3319 1819 et
3347 1764 3500 1830 illud,
3528 1770 3804 1837 quoniam

537 1866 684 1912 stare
716 1857 950 1923 videtur,
994 1832 1136 1912 dicet
1164 1856 1384 1927 aliquis,
1416 1865 1471 1911 et
1502 1832 1778 1928 quomodo
1810 1858 1968 1928 quasi
2001 1874 2109 1912 non

2220 1842 2458 1898 veritatis
2504 1842 2682 1915 fulgor
2726 1863 2835 1903 non
2887 1850 3071 1920 aliquo
3103 1852 3320 1921 quidem
3377 1832 3801 1924 Scripiurarum

537 1955 718 2002 stante
765 1961 829 2002 ea
862 1946 973 2001 illic
1011 1947 1083 2001 ita
1130 1947 1271 2001 dicet
1303 1947 1502 2016 aliquis
1548 1946 1833 2016 discipulis
1862 1946 2066 2003 Christi
2097 1964 2111 2001 :

2218 1930 2336 1986 loco
2368 1944 2610 2003 apparet,
2644 1950 2708 1990 ex
2739 1938 2847 1992 alio
2880 1949 3060 1995 autem
3088 1942 3498 2013 Scripturarum
3532 1947 3659 2002 loco
3682 1964 3799 2003 non

537 2037 673 2093 Ecce
717 2037 800 2092 hic
835 2037 1099 2104 Christus,
1147 2054 1262 2092 ecce
1306 2038 1438 2092 illic.
1489 2038 1644 2093 Alius
1693 2046 1874 2094 autem
1932 2039 2111 2094 dicet:
2213 2021 2541 2090 ἀεί’θιιάίωνν
2578 2028 2671 2082 sed
2700 2042 2765 2083 ex
2801 2031 2949 2084 omni
2979 2032 3096 2087 ίοεο
3128 2032 3574 2105 scripturarum»
3620 2039 3676 2093 id
3711 2049 3803 2096 εει

538 2128 675 2183 Ecce
701 2130 757 2182 in
791 2129 1077 2183 solitudine
1103 2138 1179 2183 est
1207 2145 1226 2193 ,-
1257 2129 1397 2185 alius
1427 2139 1646 2186 autem:
1681 2128 1815 2183 Ecce
1845 2130 1900 2183 in
1938 2129 2113 2183 domi-
2212 2112 2328 2202 sive
2357 2128 2423 2168 ex
2458 2116 2630 2185 legis,
2675 2118 2790 2174 sive
2823 2121 3244 2190 prophetarum.
3292 2127 3410 2181 sive
3436 2143 3505 2182 ει
3540 2128 3800 2202 Evange-

536 2221 653 2274 bus.
684 2217 820 2274 Vide
846 2234 976 2289 ergo
1004 2219 1049 2274 si
1078 2220 1144 2275 ad
1170 2220 1285 2275 haec
1311 2219 1492 2276 dicere
1514 2234 1812 2291 possumus
1837 2221 1979 2290 quod
2005 2220 2109 2274 ait:

2217 2201 2431 2271 liorum,
2463 2207 2578 2261 sive
2608 2223 2673 2263 ex
2703 2212 3076 2280 apostolorum
3108 2214 3388 2286 Scriptura
3435 2201 3798 2277 defenditur:

535 2306 672 2364 Ecce
702 2309 806 2377 hic,
832 2325 947 2363 ecce
970 2308 1117 2374 illic;
1146 2310 1403 2379 quoniam
1427 2326 1541 2365 ecce
1568 2310 1675 2376 hic,
1703 2325 1819 2365 ecce
1844 2310 1979 2377 illic,
2001 2325 2110 2366 non

2213 2306 2265 2349 et
2292 2296 2479 2353 exiens
2507 2298 2595 2353 hic
2637 2297 2817 2370 fulgor
2844 2305 3088 2360 veritatis
3115 2307 3184 2361 ab
3216 2305 3470 2377 Oriente,
3510 2311 3563 2365 id
3598 2322 3689 2367 est
3718 2313 3794 2368 ab

533 2410 688 2457 extra
715 2399 1050 2471 Scripturam
1081 2400 1229 2457 foras
1258 2401 1632 2471 aspiciendum
1665 2414 1768 2459 est.
1795 2401 1946 2458 Dicet
1964 2402 2111 2458 enim

2218 2385 2384 2443 initiis
2429 2388 2670 2455 Christi,
2721 2404 2946 2464 apparet
2989 2412 3162 2466 usque
3203 2397 3272 2451 ad
3322 2398 3799 2469 dispensationem

534 2492 629 2562 qui
675 2491 938 2547 seducere
976 2492 1213 2547 voluerit
1260 2506 1361 2547 nos
1412 2501 1466 2547 et
1505 2492 1794 2548 defendere
1840 2494 2108 2549 contraria

2219 2481 2488 2549 passionis
2517 2482 2711 2552 ipsius,
2748 2486 2804 2541 in
2833 2503 2939 2557 qua
2975 2497 3059 2543 est
3087 2503 3315 2545 occasus
3339 2491 3537 2560 ipsius.
3565 2491 3638 2545 Et
3671 2493 3800 2550 huic

533 2582 747 2638 veritati
775 2601 790 2638 :
827 2582 960 2637 Ecce
982 2582 1067 2635 hic
1093 2583 1356 2647 Christus,
1388 2582 1775 2638 demonstrans
1800 2583 1951 2638 verbi
1986 2599 2112 2654 gra-

2218 2572 2306 2626 tali
2336 2572 2534 2644 fulgori
2566 2576 2762 2632 similis
2788 2590 2872 2635 est
2889 2579 3010 2634 Filii
3044 2580 3282 2639 hominis
3312 2584 3601 2648 adventus,
3630 2586 3687 2640 id
3716 2596 3799 2642 est

535 2672 611 2727 tia
632 2672 790 2728 .hune
830 2671 1104 2743 Evangelii
1159 2673 1360 2728 locum.
1405 2673 1642 2727 Alterius
1683 2682 1861 2727 autem
1909 2673 2111 2730 erroris
2208 2665 2433 2719 verbum
2463 2668 2729 2724 veritatis.
2778 2669 2844 2725 Et
2884 2672 2965 2726 sic
3014 2681 3194 2728 autem
3249 2674 3548 2746 intelligere
3594 2692 3799 2745 possu-

534 2770 729 2817 auctor
767 2762 910 2818 dicet
936 2779 950 2816 :
982 2761 1115 2817 Ecce
1144 2762 1228 2816 hic
1260 2761 1526 2826 Christus,
1554 2761 1788 2818 offerens
1815 2761 1885 2817 ad
1914 2778 2104 2818 exem-
2210 2770 2334 2811 mus
2366 2757 2512 2825 quod
2541 2759 2652 2815 ait:
2681 2760 2808 2816 Exit
2837 2761 2900 2814 ab
2931 2762 3164 2833 Oriente,
3201 2776 3250 2821 et
3270 2778 3484 2836 apparet
3520 2785 3694 2840 usque
3729 2773 3797 2825 ad

534 2853 683 2924 plum
712 2853 941 2908 alterum
987 2862 1211 2916 textum,
1247 2854 1340 2923 qui
1373 2854 1585 2910 videtur
1624 2852 1917 2910 defendere
1958 2870 2104 2909 men-
2214 2843 2568 2905 Occidentem.
2601 2848 2853 2908 Christus
2882 2850 3119 2909 Verbum
3173 2871 3318 2921 esse,
3350 2867 3405 2912 et
3449 2861 3701 2927 veritas,
3746 2870 3796 2916 el

531 2944 674 3001 dacil
703 2944 849 3001 illius
874 2944 1095 2999 verbum
1120 2945 1264 3015 quod
1294 2946 1580 3016 proposuit
1598 2946 1906 3014 vindicare;
1941 2954 1996 3002 et
2016 2946 2099 3002 sic
2209 2941 2474 3010 sapientia
2502 2946 2805 3001 ostenditur
2834 2963 2865 3001 a
2911 2950 3089 3018 primo
3126 2950 3279 3004 initio
3305 2960 3570 3006 creatum
3595 2954 3795 3007 mundi

532 3050 599 3091 ex
633 3036 767 3106 lege,
791 3045 845 3090 et
876 3034 1175 3105 prophetis,
1201 3044 1255 3090 et
1285 3036 1545 3105 apostolis
1578 3035 1784 3106 profert
1811 3038 2109 3107 unusquis-
2209 3045 2382 3100 usque
2408 3032 2476 3086 ad
2510 3033 2864 3089 novissimam
2894 3036 3267 3105 apostolorum
3318 3037 3669 3107 Scripturam
3688 3080 3706 3105 ,
3744 3038 3795 3092 id

534 3141 645 3197 que
684 3141 807 3196 quae
844 3126 1093 3180 videntur
1137 3123 1427 3180 defendere
1471 3126 1816 3182 mendacium
1850 3128 1979 3184 illud
2019 3138 2106 3183 ut-
2136 3181 2173 3198 η
2207 3130 2292 3177 εει
2332 3138 2364 3177 a
2396 3122 2590 3178 Genesi
2626 3140 2799 3196 usque
2825 3127 2892 3181 ad
2928 3128 3258 3196 apostolicos
3284 3126 3471 3191 libros,
3497 3137 3625 3197 post
3648 3143 3795 3198 quos

533 3181 663 3289 pote
683 3181 988 3272 veritatem.
1020 3216 1113 3271 Vel
1140 3217 1219 3272 sic
1247 3216 1502 3286 impletur
1524 3218 1671 3287 quod
1710 3217 1823 3273 ait:
1855 3217 1991 3272 Ecce
2022 3219 2107 3273 hic
2133 3181 2176 3237 ϐ
2211 3213 2375 3269 nullis
2402 3214 2689 3284 scripturis
2710 3181 2794 3272 ita
2828 3181 3156 3273 credendum
3191 3226 3276 3273 est
3308 3218 3446 3272 sicut
3486 3181 3624 3272 illis.
3667 3181 3793 3273 .Aut

531 3308 798 3373 Christus,
836 3325 951 3363 ecce
998 3308 1132 3376 illic,
1177 3308 1472 3364 ostendens
1516 3324 1624 3363 non
1669 3308 1968 3375 Christum,
2011 3311 2105 3366 sed
2209 3304 2323 3371 ita,
2375 3306 2635 3374 quoniam
2691 3306 2777 3360 lex
2830 3315 2886 3361 et
2930 3306 3208 3377 prophetae
3255 3320 3427 3376 usque
3484 3305 3556 3359 ad
3614 3303 3791 3359 Joano

532 3399 766 3470 aliquem
795 3399 980 3454 ﬁctum
1006 3398 1247 3468 ejusdem
1272 3399 1531 3462 nominis,
1564 3407 1778 3469 utputa,
1804 3401 2103 3456 secundum
2207 3411 2366 3464 nem,
2414 3396 2469 3450 in
2523 3396 2722 3466 quibus
2773 3406 2857 3453 est
2902 3396 3080 3468 fulgor
3135 3399 3381 3453 veritatis
3432 3414 3447 3449 :
3497 3408 3557 3453 et
3598 3397 3791 3452 oriens

532 3487 832 3545 Marcionis
862 3489 1186 3554 doctrinam,
1224 3497 1279 3543 et
1312 3488 1613 3545 secundum
1645 3491 1966 3548 traditiones
1999 3492 2105 3547 Va-
2206 3488 2422 3557 quidem
2460 3500 2545 3544 est
2574 3489 2679 3554 lex,
2712 3490 2965 3545 occidens
2992 3499 3173 3545 autem
3211 3490 3332 3545 linis
3362 3489 3492 3559 legis
3511 3487 3788 3544 Joannes.

534 3578 756 3645 lentini,
793 3589 886 3635 aut
912 3578 1163 3635 Basilidis
1196 3580 1412 3649 longam
1445 3579 1870 3647 fabulositatem,
1898 3593 1991 3638 aut
2015 3600 2105 3640 se-
2208 3577 2334 3634 Sola
2360 3588 2540 3634 autem
2575 3578 2820 3635 Ecclesia
2850 3595 3024 3649 neque
3058 3581 3329 3636 subtrahit
3354 3580 3515 3649 hujus
3548 3578 3787 3649 fulgoris

531 3670 771 3726 cundum
803 3671 1005 3741 Apellis
1030 3671 1291 3726 adversus
1316 3670 1547 3727 Paulum
1584 3674 1951 3730 testimonium
1999 3675 2099 3729 fal-
2204 3670 2431 3725 verbum
2464 3678 2519 3725 et
2550 3685 2807 3738 sensum,
2836 3685 3015 3740 neque
3049 3669 3198 3724 addit
3234 3670 3389 3740 quasi
3430 3670 3783 3739 prophetiam

530 3775 677 3817 sum.
713 3760 887 3816 Erunt
919 3770 1101 3818 autem
1137 3772 1192 3817 et
1235 3762 1328 3817 alii
1371 3764 1555 3833 plures
1591 3765 1685 3834 qui
1730 3765 1929 3820 dicturi
1977 3776 2107 3821 sunt
2205 3761 2354 3817 aliud
2375 3762 2601 3833 aliquid.
2649 3760 2755 3816 Sed
2778 3760 2825 3816 si
2846 3768 3058 3831 oportet
3076 3761 3347 3816 subtiliter
3365 3774 3608 3829 quaerere
3629 3758 3783 3829 quod

531 3853 813 3923 discipulis
858 3870 926 3909 ex
970 3854 1183 3910 divinis
1216 3853 1535 3925 Scripturis,
1584 3855 1982 3927 conjungentes
2022 3859 2104 3913 eis
2183 3868 2294 3909 non
2317 3852 2480 3924 865
2512 3850 2855 3923 singulariter
2895 3849 3036 3904 dicta
3066 3856 3150 3903 est
3185 3844 3399 3910 Oriens,
3433 3857 3612 3913 neque
3646 3842 3774 3896 sin-

531 3957 695 3998 suum
747 3944 1025 4015 proprium
1070 3961 1330 4001 sensum:
1375 3945 1510 4000 Ecce
1555 3947 1638 4000 hic
1684 3946 1947 4015 Christus,
1991 3964 2105 4002 ecce
2185 3946 2441 4019 gulariter
2477 3942 2763 4005 Occidens,
2803 3940 2897 3995 sed
2933 3940 3024 4005 ita,
3064 3940 3130 3993 ab
3164 3938 3446 3992 orientibus
3486 3952 3654 4007 usque
3702 3934 3775 3987 ad

531 4034 664 4089 illic.
687 4032 747 4089 Si
775 4044 949 4089 autem
980 4037 1208 4089 dixerint
1239 4037 1379 4089 vobis
1402 4051 1420 4089 :
1452 4035 1583 4090 Ecce
1605 4037 1659 4091 in
1682 4037 1990 4106 solitudine,
2013 4054 2106 4092 no-
2184 4038 2489 4100 occidentes,
2519 4034 2760 4095 dicemus
2778 4032 3039 4103 quoniam
3057 4046 3163 4084 una
3188 4030 3388 4093 oriens,
3414 4037 3470 4083 et
3493 4044 3602 4082 una
3628 4025 3772 4081 occi~

533 4125 628 4180 lite
665 4125 845 4191 exire;
874 4142 988 4180 ecce
1030 4127 1085 4181 in
1115 4127 1381 4195 domibus,
1409 4128 1572 4182 nolite
1602 4128 1829 4183 credere.
1872 4128 2102 4196 Quidam
2184 4127 2338 4193 dens,
2364 4126 2450 4180 lex
2472 4134 2526 4181 et
2546 4126 2827 4196 propheta
2852 4138 3021 4193 usque
3043 4122 3112 4177 ad
3140 4121 3435 4184 Joannem;
3459 4118 3563 4173 alia
3585 4118 3775 4173 oriens

531 4218 676 4271 enim
706 4226 912 4273 secreta
937 4216 1273 4287 proferentes
1300 4217 1490 4275 dicunt
1514 4236 1527 4272 :
1555 4217 1688 4274 Ecce
1712 4221 1765 4274 in
1795 4220 2100 4276 solitudine.
2186 4234 2358 4289 usque
2379 4218 2445 4273 ad
2468 4218 2827 4282 occidentem,
2854 4214 3103 4270 Christus
3133 4212 3292 4269 Iesus
3327 4226 3499 4281 usque
3531 4210 3602 4265 ad
3629 4209 3776 4264 Pan-

530 4304 761 4372 Quando
791 4308 934 4363 enim
982 4316 1223 4362 secretas
1265 4315 1321 4361 ct
1365 4323 1474 4362 non
1518 4311 1765 4378 volgatas
1793 4311 2104 4381 Scripturas
2186 4311 2320 4377 lum,
2344 4310 2431 4366 cui
2455 4310 2753 4367 novissimo
2770 4306 3140 4377 apostolorum
3163 4304 3315 4375 quasi
3336 4302 3584 4357 abortivo
3612 4315 3779 4371 appa-

532 4398 814 4469 proferunt
834 4398 902 4454 ad
929 4398 1393 4454 confirmatioan
1418 4401 1686 4455 mendacii
1716 4402 1822 4467 sui,
1854 4402 2104 4457 videntur
2186 4402 2297 4457 ruit
2323 4400 2573 4457 Christus
2608 4399 2676 4455 ".
2703 4398 2998 4454 Considera
3037 4405 3218 4450 autem
3263 4402 3319 4451 et
3348 4393 3472 4458 hoc,
3512 4389 3775 4461 quoniam

531 4490 743 4546 dicere:
780 4488 918 4545 Ecce
948 4490 1003 4544 in
1036 4489 1328 4544 solitudine
1358 4491 1583 4544 verbum
1613 4500 1697 4546 est
1719 4494 1978 4549 veritatis.
2006 4493 2105 4548 Se-
2135 4524 2179 4579 Β
2207 4503 2372 4543 unam
2415 4487 2666 4557 superius
2696 4485 2934 4540 diximus
2974 4479 3433 4579 abominationem
3479 4474 3776 4579 desolatikc:

523 4590 697 4636 'cretze
718 4581 862 4636 enim
891 4580 1202 4651 Scriptum,
1234 4589 1377 4634 recte
1401 4581 1720 4637 solitudines
1740 4583 2100 4652 appellantur,
2135 4560 2178 4579 υ
2208 4580 2314 4643 nis,
2369 4592 2491 4648 qua:
2544 4576 2687 4630 dicta
2735 4583 2819 4629 est
2878 4589 2973 4643 per
3033 4569 3312 4625 Daniclem
3368 4564 3688 4636 prophetam
3705 4560 3776 4624 ⁸⁸,

533 4671 588 4725 in
618 4672 817 4742 quibus
838 4680 932 4726 aut
952 4671 1108 4741 pauci
1133 4678 1259 4725 sunt
1279 4670 1582 4735 credentes,
1609 4683 1703 4728 aut
1722 4676 1930 4730 nullus.
1955 4675 2103 4741 Quo-
2208 4678 2439 4726 stantem
2472 4669 2527 4721 in
2568 4668 2691 4722 loco
2742 4675 2931 4720 sancto
2960 4682 2973 4716 :
3027 4659 3339 4731 superaddit
3380 4669 3564 4712 autem
3615 4653 3773 4725 quasi

532 4764 635 4818 lies
659 4772 838 4817 autem
865 4762 1155 4833 canonicas
1183 4760 1467 4830 proferunt
1495 4761 1803 4834 Scripturas
1822 4766 1876 4820 in
1902 4768 2101 4836 quibus
2206 4762 2273 4817 de
2307 4760 2525 4824 multis,
2576 4766 2854 4827 exsurgent
2906 4754 3043 4808 enim
3074 4750 3479 4823 pseudochristi.
3531 4746 3774 4802 Genera-

533 4853 713 4909 omnis
750 4852 1095 4908 Christianus
1124 4852 1395 4906 consentit
1418 4862 1472 4906 et
1512 4854 1705 4917 credit,
1739 4855 1989 4910 videntur
2020 4857 2103 4912 di—
2204 4851 2329 4905 liter
2372 4850 2518 4905 enim
2577 4864 2719 4903 unus
2755 4855 2838 4902 est
2883 4845 3274 4906 Antichristus,
3328 4842 3540 4911 species
3589 4846 3769 4891 autem

530 4959 692 5001 cere:
737 4944 876 5000 Ecce
908 4945 962 4998 in
991 4944 1243 5000 domibus
1296 4943 1520 5000 verbum
1558 4954 1642 5000 est
1682 4946 1946 5002 veritatis.
1994 4948 2101 5003 Sed
2200 4940 2347 4996 illius
2396 4939 2616 5002 multae;
2669 4950 2929 5007 tanquam
2976 4934 3022 4988 εί
3072 4932 3354 4995 dicam“:
3423 4927 3766 4984 “lcn‘ia‘ium

533 5052 634 5093 nos
663 5037 770 5093 illis
797 5035 1022 5093 credere
1052 5050 1159 5089 non
1188 5036 1472 5099 debemus,
1495 5050 1596 5092 nec
1627 5037 1778 5093 exire
1798 5053 1830 5094 a
1853 5039 2026 5107 prima
2050 5050 2104 5094 et
2200 5027 2521 5099 generaliter
2549 5041 2717 5080 unum
2750 5033 2852 5087 cst,
2888 5023 3188 5077 secundum
3228 5020 3561 5073 tliﬁcrt‘lllias
3586 5028 3763 5071 autem

532 5129 899 5185 ecclesiastica
951 5127 1276 5193 traditione,
1331 5140 1432 5182 nec
1491 5126 1649 5182 aliter
1716 5129 1939 5185 credere
1995 5131 2101 5186 nisi
2199 5121 2461 5176 falsorum
2507 5120 2820 5190 dogmalum
2856 5116 3209 5169 ίηνθιιίιηηυν
3247 5114 3420 5165 ηδυηίι
3454 5126 3575 5165 esse
3615 5123 3765 5162 nm"

533 5218 992 5283 quemadmodum
1026 5233 1122 5288 per
1147 5218 1549 5274 successionem
1579 5218 1836 5276 Ecclesia:
1869 5221 1962 5276 Dei
1994 5230 2103 5275 ira.
2199 5212 2375 5267 dacia.
2409 5209 2465 5265 Si
2494 5210 2637 5265 enim
2666 5208 3008 5263 mendacium
3046 5205 3180 5259 nihil
3203 5203 3383 5258 dillcrt
3406 5220 3434 5254 a
3461 5197 3758 5261 mendacio,

534 5310 785 5366 didemm
822 5309 1003 5365 nobis.
1035 5307 1134 5363 vel
1175 5308 1256 5364 sic
1279 5322 1472 5364 eorum
1512 5311 1799 5366 verborum
1831 5310 2094 5368 falsorum
2205 5312 2336 5374 puta
2373 5302 2627 5357 Basilidis
2649 5340 2664 5365 ,
2709 5308 2804 5354 aut
2836 5297 3165 5358 Marcionis,
3197 5302 3293 5348 aut
3326 5292 3628 5356 Valentini,
3666 5298 3763 5342 aut

532 5400 873 5473 professores
901 5400 1122 5472 quidam
1167 5402 1385 5472 quidem
1418 5415 1519 5456 nec
1550 5401 1619 5456 ab
1659 5402 1815 5457 initio
1841 5404 2100 5459 simulant
2203 5396 2409 5465 Apellis
2433 5436 2449 5460 ,
2488 5403 2583 5448 aut
2633 5392 2941 5462 aliquorum
2996 5387 3294 5451 similium,
3342 5400 3507 5439 unum
3556 5381 3761 5473 videtur

535 5470 881 5562 Scripturas,
918 5470 986 5547 et
1025 5491 1106 5547 sic
1137 5470 1321 5545 fallere
1362 5496 1590 5545 tentant.
1632 5488 1779 5557 ldeo,
1827 5492 2097 5559 existimo,
2205 5504 2327 5545 esse
2361 5487 2724 5543 mendacium.
2762 5482 2827 5538 lli
2864 5492 3046 5537 autem
3080 5476 3378 5570 secundum
3414 5475 3621 5530 diversa
3657 5470 3759 5570 de:

534 5595 630 5638 eos
662 5560 954 5639 sermones
992 5583 1087 5654 qui
1125 5590 1254 5638 sunt
1294 5581 1521 5638 omnino
1565 5591 1717 5638 extra
1762 5583 2099 5653 Scripturam
2207 5590 2387 5652 gmata
2429 5580 2785 5645 mentiuntur,
2840 5574 2996 5630 multi
3040 5579 3168 5628 sunt
3210 5568 3305 5640 qui
3349 5573 3654 5635 exsurgunt.
3688 5560 3755 5612 lli

608 5700 655 5732 “
690 5696 881 5754 Matth.
911 5715 1061 5756 xxiv.
1089 5700 1162 5756 25
1183 5707 1409 5771 etscqq.
1485 5699 1532 5732 "
1570 5699 1717 5759 Psal.
1753 5716 1920 5769 xvm,
1952 5697 2009 5755 5.
2086 5699 2115 5732 ⁵³

534 5768 584 5805 ⁸⁸
608 5767 744 5825 Dan.
775 5784 852 5837 ιι,
874 5769 966 5826 27.

2166 5698 2296 5756 Psal.
2324 5712 2501 5754 cmn
2518 5737 2534 5767 ,
2561 5695 2645 5753 15.
2719 5694 2765 5727 “
2788 5692 2981 5750 Matth.
3000 5704 3155 5770 xstv,‘
3178 5685 3269 5742 27.
3336 5686 3382 5718 δ’
3404 5683 3426 5739 l
3452 5681 3572 5739 Cor.
3593 5693 3674 5743 xv,
3692 5677 3747 5732 8.
