4004 6544
106 498 133 509 ,ο

221 431 247 486 1
258 430 367 487 669

1352 400 2004 475 COMMENTARIORUM
2037 402 2303 475 SERIES.

3353 417 3494 476 £670

220 546 374 603 enim
421 553 551 602 sunt
590 541 918 608 antichristi,
954 550 1009 597 et
1049 534 1363 611 quicunque
1405 546 1530 608 post
1568 552 1663 592 eos
1705 551 1795 590 re-
1829 541 1870 597 Α
1899 535 2158 604 quoniam
2185 549 2294 590 non
2327 532 2502 590 dixit:
2538 531 2864 605 Ubicunque
2904 534 3069 593 fuerit
3101 537 3357 604 cadaver,
3409 536 3490 591 ibi

216 635 589 693 surrexerim.
625 633 781 690 Sicut
812 643 993 688 autem
1022 632 1135 686 veri
1163 628 1365 685 Christi
1392 638 1445 685 et
1474 628 1638 684 unius
1666 626 1793 682 facti

217 739 356 787 sunt
392 728 487 799 qui
526 743 558 782 a
600 726 800 783 saeculo
837 725 1059 783 fuerunt
1104 725 1276 781 sancti
1300 724 1612 795 prephetac,
1658 737 1797 791 prae-

216 820 542 877 nuntiantes
576 820 781 876 Christi
816 819 1098 886 passiones
1130 827 1184 871 et
1213 815 1561 886 postmodum
1594 813 1795 884 glorias

214 912 344 983 ejus
373 911 620 977 futuras,
668 911 748 965 sic
796 908 931 963 mihi
971 908 1207 977 intellige
1252 907 1550 962 secundum
1599 918 1796 960 numn-

216 1019 498 1074 qucmque
537 1001 1035 1073 pscudochristum,
1074 999 1275 1054 multos
1310 997 1443 1068 ejus;
1464 996 1632 1052 falsos
1672 1010 1798 1066 pro-

214 1095 439 1165 phetas.
464 1093 582 1150 Non
612 1109 741 1162 ergo
772 1092 1003 1161 alicujus
1030 1090 1194 1145 unius
1223 1088 1491 1144 mendacii
1521 1088 1793 1150 doctores,

217 1186 317 1240 sed
340 1186 585 1241 omnium
606 1182 1091 1255 pseudOprOpbetae
1127 1191 1255 1238 sunt
1276 1181 1422 1237 illius
1448 1178 1792 1247 Antichristi,

217 1276 383 1346 cujus
433 1275 603 1332 falsos
650 1291 931 1331 sermones
986 1275 1280 1345 praedicant
1333 1272 1490 1344 quasi
1543 1287 1701 1327 veros
1741 1279 1796 1327 et

217 1368 443 1423 docent.
506 1366 817 1423 Secundum
872 1367 987 1421 haec
1036 1380 1165 1435 ergo
1218 1379 1340 1434 qua:
1377 1363 1646 1426 diximus,
1698 1360 1794 1432 qui

214 1457 589 1513 ecclesiastico
615 1457 813 1512 docent
842 1455 1088 1520 verbum,
1116 1455 1392 1525 propheta:
1415 1461 1542 1508 sunt
1564 1451 1790 1507 Christi.

216 1548 325 1615 Qui
364 1557 543 1604 autem
576 1548 865 1604 Marcionis
902 1548 983 1601 vel
1013 1546 1242 1617 alicujus
1282 1561 1468 1601 eorum
1500 1543 1794 1615 praedicant

216 1639 449 1694 verbum
513 1638 748 1703 falsum,
798 1638 1073 1707 prophetae
1122 1645 1250 1692 sunt
1298 1632 1615 1690 Antichristi
1675 1632 1794 1704 ejus

215 1729 313 1799 qui
369 1736 455 1783 est
488 1731 785 1784 secundum
828 1726 1178 1790 Marcionem,
1236 1725 1289 1779 id
1332 1732 1417 1779 est
1460 1723 1604 1778 illius
1636 1738 1792 1777 men-

213 1820 364 1876 dacii
402 1821 546 1892 quod
593 1820 896 1876 introduxit
939 1818 1212 1885 Marcion;
1258 1826 1312 1873 et
1366 1818 1455 1872 alii
1502 1815 1622 1869 falsi
1664 1829 1792 1885 pro-

213 1890 575 1983 phetaeisunt
622 1911 890 1967 mendacii
944 1911 1090 1966 illius
1147 1908 1293 1980 quod
1347 1919 1431 1964 est
1488 1907 1787 1962 secundum
1822 1890 1862 1944 Β

218 2000 519 2058 Basilidem
541 2020 556 2070 ;
582 2003 672 2057 alii
705 2017 835 2056 vero
868 2002 1013 2056 illius
1043 2001 1188 2071 quod
1214 1999 1510 2055 secundum
1528 1998 1788 2067 Apellem.

218 2091 493 2149 Similiter
539 2093 688 2149 dices
740 2101 797 2147 et
846 2092 913 2146 de
960 2090 1408 2161 prazdicatoribus
1453 2088 1790 2160 singularum

215 2183 512 2243 liaeresum.
544 2181 737 2237 Omnia
783 2183 928 2237 enim
965 2190 1018 2237 et
1064 2180 1407 2251 persuasoria
1445 2196 1567 2251 qua
1608 2178 1793 2250 profe-

215 2281 420 2327 runtur
466 2273 535 2328 ad
583 2272 956 2328 defensionem
1016 2271 1334 2327 Antichristi
1393 2272 1577 2336 verbi,
1635 2271 1790 2342 signa

214 2372 352 2419 sunt
398 2363 548 2419 illius
606 2363 929 2419 Antichristi
985 2372 1038 2418 et
1113 2363 1399 2434 prodigia:
1448 2376 1792 2432 quaecunque

216 2464 591 2527 suggeruntur
641 2470 672 2510 a
735 2455 1140 2525 sapientissimo
1188 2454 1432 2510 omnium
1494 2455 1788 2510 bestiarum

216 2550 379 2597 terrae
411 2552 662 2613 serpente
685 2544 750 2608 ",
783 2552 836 2599 et
861 2560 892 2599 a
924 2559 1121 2614 magno
1156 2560 1318 2600 sensu
1356 2544 1597 2614 principe
1619 2544 1790 2617 Assy-

216 2634 454 2698 riorum,
485 2634 640 2705 signa
676 2643 803 2691 sunt
835 2651 1028 2705 magna
1061 2644 1113 2690 et
1146 2635 1422 2705 prodigia,
1455 2644 1517 2689 ut
1545 2635 1598 2689 in
1639 2650 1792 2690 erro-

216 2742 334 2781 rem
382 2726 748 2791 inducantur,
808 2727 852 2781 si
916 2728 1173 2798 possibile
1217 2737 1337 2794 est,
1393 2729 1555 2784 etiam
1608 2729 1786 2784 electi.

215 2817 668 2890 Exaggerationis
694 2827 874 2874 autem
910 2834 1091 2873 sermo
1112 2828 1193 2874 est
1227 2820 1434 2886 dicens,
1471 2820 1519 2873 si
1542 2820 1791 2889 possibile

213 2916 324 2975 est,
387 2924 494 2963 non
555 2911 701 2964 enim
757 2910 1128 2980 pronuntiavit
1188 2926 1364 2980 neque
1407 2910 1576 2977 dixit,
1626 2924 1684 2967 ut
1732 2913 1786 2966 in

214 3013 464 3055 errorem
492 3002 777 3057 mittantur
806 3002 966 3057 etiam
1003 3002 1191 3067 electi,
1232 3002 1324 3057 sed
1362 3003 1648 3057 ostendere
1676 3003 1789 3058 vult

213 3091 474 3160 quoniam
531 3092 844 3163 frequenter
896 3093 1053 3147 valde
1104 3088 1431 3163 persuasorii
1484 3104 1612 3149 sunt
1669 3110 1787 3150 ser-

212 3196 411 3239 mones
447 3184 849 3251 haereticorum,
877 3195 931 3239 et
975 3200 1319 3240 commovere
1342 3194 1586 3255 potentes
1622 3185 1783 3241 etiam
1814 3218 1859 3279 ο

212 3286 308 3328 eos
356 3273 448 3342 qui
494 3275 767 3344 sapienter
815 3276 1062 3331 audiunt.
1110 3274 1213 3331 Sed
1260 3277 1586 3346 praedicente
1627 3278 1785 3333 nobis

213 3360 403 3415 omnia
438 3360 738 3430 Salvatore,
786 3378 960 3434 neque
1000 3363 1052 3417 iu
1103 3363 1450 3418 solitudinem
1500 3378 1782 3427 exeamus,

212 3467 396 3522 neque
425 3454 516 3524 qui
564 3454 887 3524 profitentur
927 3455 1203 3509 Christum
1254 3456 1307 3509 in
1349 3456 1599 3511 domibus
1629 3470 1783 3522 esse,

211 3544 525 3602 credamus.
574 3540 670 3601 His
728 3554 908 3601 autem
965 3562 1086 3616 quae
1139 3546 1410 3614 diximus,
1464 3547 1786 3619 adjiciamus

212 3638 398 3693 adhuc
426 3639 687 3709 quoniam
720 3639 899 3694 omnis
930 3652 1110 3693 sermo
1152 3637 1412 3707 profitens
1454 3653 1512 3693 se
1538 3654 1660 3695 esse
1688 3656 1785 3695 ve-

209 3729 452 3792 ritatem,
484 3745 607 3785 cum
627 3745 734 3785 non
759 3730 828 3785 sit
852 3730 1069 3793 veritas,
1103 3729 1216 3784 sive
1232 3729 1372 3799 apud
1398 3729 1644 3801 gentiles,
1673 3730 1786 3785 sive

211 3821 358 3890 apud
385 3820 678 3886 barbaros,
709 3821 894 3891 aliquo
927 3821 1091 3876 modo
1129 3819 1502 3873 Antichristus
1542 3828 1652 3886 est,
1689 3835 1785 3874 vo-

211 3913 332 3968 lens
366 3913 626 3969 seducere
658 3913 814 3984 quasi
856 3912 1075 3978 veritas,
1116 3922 1170 3966 et
1203 3926 1455 3981 separare
1489 3911 1558 3966 ab
1591 3926 1656 3965 eo
1689 3912 1783 3981 qui

209 4003 351 4058 dixit
375 4003 460 4059 δεε
508 4003 622 4075 Ego
653 4020 770 4057 sum
799 4003 1013 4057 veritas.
1048 4001 1338 4072 Propterea
1379 4016 1488 4057 non
1523 4002 1783 4057 debemus

208 4092 491 4149 attendere
527 4093 608 4149 eis
649 4095 742 4163 qui
783 4093 1013 4148 dicunt:
1052 4090 1184 4146 Ecce
1229 4092 1312 4146 hic
1356 4089 1634 4157 Christus,
1673 4106 1781 4146 non

208 4194 393 4241 autem
426 4185 720 4241 ostendunt
757 4200 880 4241 eum
931 4185 984 4239 in
1040 4182 1280 4239 Ecclesia
1327 4198 1448 4252 quae
1490 4182 1650 4253 plena
1700 4191 1785 4238 est

207 4274 420 4348 fulgore
456 4277 526 4332 ab
554 4278 763 4333 oriente
790 4291 965 4348 usque
992 4276 1058 4331 ad
1088 4275 1446 4340 occidentem,
1478 4289 1601 4344 quae
1625 4273 1783 4343 plena

208 4376 293 4422 est
318 4367 527 4422 lumine
555 4382 706 4432 vero,
737 4383 856 4438 quae
889 4374 972 4422 est
1006 4366 1260 4422 columna
1290 4374 1346 4421 et
1379 4364 1779 4420 ﬁrmamentum

206 4461 479 4527 veritatis,
510 4462 565 4515 in
598 4476 707 4531 qua
758 4468 867 4516 tota
905 4468 1052 4515 totus
1082 4470 1177 4515 est
1220 4459 1487 4515 adventus
1520 4457 1641 4512 Filii
1685 4459 1783 4511 bo-

1896 627 2373 699 congregabantur
2420 626 2704 693 vultures,
2751 636 2847 684 aut
2895 630 3077 698 corvi;
3133 632 3227 687 sed
3282 629 3491 687 volens

1897 722 2186 776 ostendere
2218 722 2539 793 magniticos
2576 732 2630 777 et
2662 722 2871 793 regales
2902 738 3024 779 esse
3054 740 3244 781 omnes
3273 725 3369 796 qui
3423 723 3488 778 ‘in

1896 812 2204 881 passionem
2252 811 2468 867 Domini
2494 812 2864 879 crediderunt,
2895 815 3114 884 preprie
3144 815 3319 869 dixit:
3389 811 3489 868 Ubi

1897 903 2058 972 fuerit
2088 903 2333 968 cadaver,
2362 904 2475 958 illic
2506 903 2963 973 congregabantur
2990 913 3040 959 et
3070 905 3286 975 aquilw.

1964 991 2054 1047 48.
2097 991 2290 1048 Statim
2316 982 2440 1064 post.
2471 993 2864 1049 tribulationem
2890 996 3097 1049 dierum
3129 997 3346 1050 illorum
3406 998 3488 1052 sol

1895 1083 2300 1150 obscurabitur,
2347 1093 2395 1139 et
2451 1085 2581 1139 luna
2636 1103 2739 1140 non
2785 1086 2933 1141 dabit
2972 1087 3146 1141 lumen
3192 1104 3382 1152 suum,
3435 1100 3487 1143 et

1895 1175 2065 1231 stellis
2103 1176 2290 1230 cadent
2336 1178 2399 1231 de
2450 1176 2600 1242 cwlo,
2632 1186 2681 1231 et
2734 1178 2951 1232 virtutes
2990 1179 3241 1232 (telorum
3296 1195 3474 1233 move-

1896 1267 2111 1321 buntur.
2162 1266 2228 1320 Et
2261 1277 2383 1322 tunc
2422 1262 2695 1338 apparebit
2732 1270 2943 1340 signum
2982 1268 3112 1323 Filii
3146 1271 3372 1324 hominis
3414 1272 3473 1325 in

1896 1360 2042 1426 caelo,
2067 1370 2115 1414 et
2148 1368 2270 1413 tunc
2300 1360 2546 1431 plangent
2577 1378 2632 1415 se
2652 1376 2828 1415 omnes
2854 1362 3021 1415 tribus
3057 1373 3207 1416 terra:
3232 1363 3298 1416 ⁸².
3324 1362 3474 1417 Con-

1895 1451 2199 1507 siderantes
2250 1452 2488 1522 majores
2536 1454 2938 1523 pr0positiones
2983 1453 3265 1509 incurrere
3304 1470 3471 1524 quam

1894 1548 1977 1594 est
2015 1555 2209 1596 sensus
2246 1540 2557 1605 hominum,
2595 1541 2760 1595 etiam
2802 1555 2993 1596 eorum
3028 1541 3123 1611 qui
3171 1541 3470 1611 plurimum

1895 1631 1949 1686 in
1978 1632 2245 1702 sapientia
2277 1630 2629 1701 profecerunt
2667 1647 2779 1702 pra:
2811 1632 2953 1697 aliis,
2983 1647 3083 1700 age
3106 1631 3470 1688 discutiamus

1896 1738 2240 1778 sermonem:
2277 1721 2516 1792 primum
2544 1722 2764 1792 quidem
2803 1732 3109 1792 quaerentes
3149 1737 3273 1791 qua:
3310 1720 3472 1778 facile

1893 1815 2060 1885 recipi
2097 1823 2328 1884 possunt
2372 1815 2439 1869 ad
2479 1814 2877 1885 expositionem
2926 1813 3223 1883 evangelici
3264 1820 3468 1882 textus,

1890 1907 2047 1977 quasi
2077 1906 2307 1961 Domino
2340 1906 2395 1960 in
2446 1906 2565 1976 ipso
2613 1905 3004 1976 prophetante:
3044 1905 3239 1960 deinde
3281 1906 3467 1976 requi-

1889 2013 2072 2053 remus
2102 2012 2223 2067 qme
2263 1997 2334 2052 sit
2361 1996 2563 2051 veritas
2608 1997 2803 2051 horum
2840 1997 3131 2051 verborum
3165 1997 3465 2051 secundum

1888 2104 1984 2145 eos
2014 2088 2106 2159 qui
2150 2088 2312 2143 altius
2343 2098 2397 2142 et
2436 2088 2692 2142 subtilius
2717 2102 2841 2143 esse
2887 2088 3092 2157 aliquid
3131 2088 3469 2143 arbitrantur

1889 2176 1944 2231 in
1975 2176 2181 2243 verbis,
2216 2183 2496 2230 servantes
2528 2176 2978 2245 consequentiam
3019 2176 3309 2231 muralium
3351 2184 3477 2229 tra-r

1890 2268 2159 2323 ditionum
2187 2268 2351 2322 etiam
2382 2266 2436 2320 in
2465 2266 2573 2333 his,
2604 2267 3064 2337 quemadmodum
3098 2283 3283 2336 supra.
3319 2265 3470 2322 Dicet

1888 2374 2018 2430 ergo
2061 2358 2261 2428 aliquis
2301 2375 2314 2412 :
2366 2357 2837 2423 Quemadmodum
2888 2358 2944 2413 in
2995 2359 3207 2429 magnis
3249 2358 3467 2430 ignibus

1889 2455 2147 2512 succendi
2189 2451 2614 2524 incipientibus,
2660 2452 2896 2508 tenebrae
2929 2467 2998 2506 ex
3041 2450 3196 2505 furno
3230 2451 3467 2521 plurimo

1887 2546 2142 2602 videntur
2181 2547 2387 2613 extolli,
2433 2547 2515 2602 sic
2561 2546 2616 2599 in
2650 2546 3125 2600 consummatione
3161 2546 3351 2600 mundi
3396 2545 3468 2600 ab

1890 2638 2012 2708 igne
2057 2638 2145 2708 qui
2204 2638 2584 2694 accendendus
2636 2646 2750 2701 est,
2806 2636 3247 2691 obscurabuntur
3302 2636 3467 2691 etiam

1888 2729 2180 2784 luminaria
2211 2745 2430 2799 magna,
2465 2738 2544 2793 ut,
2576 2730 2692 2783 sole
2717 2728 3030 2794 obscurato,
3067 2735 3469 2797 consequenter

1890 2821 2275 2876 obscuratione
2304 2821 2438 2876 solis
2464 2820 2631 2874 etiam
2662 2821 2793 2875 luna
2842 2819 3121 2889 impedita,
3155 2832 3254 2873 nec
3283 2833 3312 2871 a
3353 2817 3468 2872 sole

1889 2910 2167 2979 percipere
2196 2909 2381 2964 lumen
2416 2924 2516 2963 nec
2544 2909 2827 2978 proprium
2860 2908 3043 2961 lumen
3077 2906 3208 2961 dare
3229 2906 3463 2961 sinatur.

1889 3001 1955 3055 Et
1984 3001 2065 3055 sic
2095 3015 2317 3055 necesse
2345 3007 2429 3054 est
2455 2998 2917 3069 comprehendant
2971 2997 3160 3051 mundi
3212 3006 3462 3051 naturam

1887 3092 2123 3161 primum
2179 3090 2415 3145 tenebrae
2466 3104 2675 3160 magna;
2726 3106 2740 3143 :
2791 3088 2871 3143 sic
2918 3097 3099 3142 autem
3158 3100 3464 3157 parmai-ce-

1888 3191 2073 3239 scente
2113 3181 2392 3237 stellarum
2439 3181 2667 3247 lumine,
2715 3180 2987 3250 reliquum
3040 3193 3230 3234 earum
3262 3193 3465 3248 corpus

1890 3272 2130 3329 crassius
2160 3270 2361 3326 factum
2386 3279 2446 3326 ut
2466 3285 2574 3325 non
2602 3270 2779 3326 valeat
2801 3266 3028 3324 exaltari
3059 3266 3201 3322 sicut
3224 3266 3463 3336 primum

1887 3381 2010 3421 cum
2036 3381 2066 3419 a
2094 3364 2299 3419 lumine
2334 3364 2454 3433 ipso
2496 3371 2768 3436 portatum
2799 3359 3178 3421 extollebatur,
3214 3358 3370 3413 cadet
3395 3356 3464 3413 de

1887 3458 2044 3512 coelo.
2105 3454 2201 3510 llis
2260 3454 2636 3510 accidentibus
2689 3467 3034 3522 consequens
3070 3456 3155 3504 est
3198 3452 3462 3506 caelorum

1866 3548 2238 3604 rationabiles
2288 3547 2555 3611 virtutes,
2602 3545 2770 3617 866
2825 3545 3093 3614 patientes
3144 3554 3460 3614 stuporem,

1886 3642 2312 3696 commotionem
2354 3638 2593 3707 aliquam
2649 3637 2758 3705 pati
2786 3645 2840 3690 et
2874 3635 3461 3700 conturbari,remotas

1886 3732 2137 3787 videlicet
2167 3746 2198 3785 a
2234 3730 2426 3800 primis
2456 3728 2829 3783 functionibus
2851 3727 2986 3802 suis.
3023 3725 3099 3781 lta
3124 3726 3219 3795 qui
3241 3726 3356 3781 bare
3381 3724 3462 3780 sic

1888 3821 2144 3893 intelligit
2186 3835 2329 3885 esse,
2375 3819 2595 3888 adjiciet
2632 3819 2759 3887 quia
2792 3818 3006 3887 signum
3044 3814 3167 3870 Filii
3219 3816 3461 3870 hominis

1885 3915 1941 3969 in
1971 3930 2083 3984 quo
2124 3911 2363 3969 caelestia
2396 3909 2539 3964 facta
2589 3916 2716 3963 sunt
2762 3923 2885 3977 qua:
2928 3907 2982 3960 in
3030 3906 3185 3986 caelis
3210 3914 3369 3960 erant
3409 3916 3463 3962 et

1884 4024 2006 4080 quze
2039 4007 2093 4061 in
2127 4005 2308 4070 terris,
2339 4013 2471 4058 tunc
2494 3999 2775 4073 apparebit
2802 4016 2815 4052 :
2851 4007 3065 4068 utputa,
3097 3999 3271 4053 virtus
3292 4013 3458 4068 quam

1883 4107 2144 4169 operatus
2165 4104 2247 4150 est
2288 4093 2461 4148 Filius
2507 4109 2806 4163 suspensus
2837 4090 2891 4147 in
2936 4090 3111 4164 ligno;
3148 4098 3203 4144 et
3232 4091 3285 4143 in
3320 4090 3460 4145 caelo

1884 4189 2122 4244 maxime
2173 4185 2399 4255 fulgebit
2455 4185 2668 4257 signum
2716 4185 2920 4255 ipsius;
2983 4194 3040 4239 et
3090 4181 3341 4237 homines
3393 4197 3460 4238 ex

1884 4281 2143 4338 omnibus
2172 4277 2426 4333 tribubus
2453 4278 2546 4347 qui
2583 4278 2735 4348 prius
2768 4294 2873 4331 non
2915 4277 3264 4333 crediderunt
3298 4277 3458 4331 Chri-

1883 4370 2145 4429 stianitati
2197 4367 2569 4433 annuntians,
2613 4370 2792 4424 adhuc
2844 4379 3025 4423 autem
3082 4369 3223 4423 male
3281 4369 3348 4423 de
3393 4383 3455 4424 ea

1883 4469 2158 4534 dixerunt,
2188 4478 2319 4525 tunc
2340 4472 2790 4535 recognoscentes
2814 4477 2910 4532 per
2933 4462 3148 4531 signum
3179 4460 3311 4515 illud
3337 4476 3453 4514 ma-

206 4553 375 4608 minis
404 4554 633 4609 dicentis
664 4552 919 4607 omnibus
943 4553 1037 4622 qui
1084 4551 1283 4620 ubique
1310 4560 1477 4605 sunt:
1513 4549 1646 4604 Ecce
1685 4566 1776 4620 ego
1811 4548 1854 4604 D
1887 4561 2200 4617 "iresramm
2223 4600 2238 4625 ,
2287 4560 2546 4630 plangent
2591 4571 2680 4620 se,
2725 4562 2779 4609 ct
2820 4553 3195 4609 lamentabunt
3234 4558 3451 4622 propter

207 4645 474 4702 nobiscum
505 4661 622 4698 sum
652 4644 895 4698 omnibus
940 4643 1121 4696 diebus
1154 4643 1308 4705 vitta,
1352 4658 1514 4713 usque
1539 4642 1607 4695 ad
1651 4658 1777 4695 con-

206 4737 614 4794 summationem
655 4735 919 4790 seaculi”.
964 4732 1028 4787 Et
1065 4734 1377 4803 ubicunque
1425 4732 1589 4788 fuerit
1631 4732 1779 4803 quod

203 4839 289 4882 est
316 4827 617 4883 secundum
662 4826 1125 4895 dispensationem
1172 4824 1446 4896 passionis
1480 4823 1640 4893 ejus,
1687 4840 1779 4880 ca-

205 4920 371 4972 daver
398 4918 540 4987 ejus,
571 4918 664 4988 qui
700 4918 820 4972 ideo
844 4917 1040 4973 cecidit
1076 4926 1134 4969 ut
1165 4917 1336 4985 erigat
1367 4930 1462 4971 eos
1499 4916 1592 4984 qui
1630 4915 1777 4971 ceci-

204 5012 424 5080 derunt,
464 5012 594 5066 illuc
639 5011 1113 5081 congregabantur
1164 5028 1270 5065 non
1326 5011 1778 5079 qualescunque,

180 5104 299 5158 sed
328 5103 525 5173 aquilae
553 5102 826 5170 discipuli.
870 5101 942 5156 De
964 5102 1164 5168 quibus
1203 5101 1365 5156 etiam
1401 5102 1664 5171 propinata
1695 5102 1779 5156 di-

204 5200 361 5255 cebat
381 5200 468 5253 ⁸⁰ε
505 5196 933 5267 Pennigerabunt
982 5197 1118 5250 sicut
1163 5196 1393 5267 aquilae,
1440 5211 1491 5251 et
1541 5207 1773 5263 current,

204 5299 255 5344 et
299 5306 402 5344 non
439 5287 789 5354 laborabunt,
835 5296 884 5341 et
930 5286 1114 5351 ibunt,
1165 5297 1215 5342 et
1266 5304 1369 5342 non
1416 5290 1667 5343 esuriant.
1711 5289 1778 5344 Et

206 5380 464 5438 Salomon
492 5379 548 5434 in
592 5378 900 5435 Proverbiis
923 5378 965 5409 ’⁵⁸
998 5379 1264 5433 assimilat
1288 5394 1412 5434 eum
1444 5380 1539 5449 qui
1572 5379 1626 5434 in
1666 5378 1776 5436 Deo

206 5479 290 5526 est
317 5472 489 5537 dives,
519 5471 707 5526 dicens
732 5487 747 5524 :
782 5469 996 5525 Parata:
1023 5480 1144 5524 sunt
1169 5471 1217 5523 ei
1244 5486 1425 5538 penna:
1454 5471 1592 5525 sicut
1622 5472 1777 5541 aqui-

203 5564 309 5633 ιω,
342 5576 392 5619 et
424 5573 750 5620 convertetur
792 5565 848 5619 in
875 5564 1032 5618 domo
1083 5563 1353 5633 prapositi
1391 5563 1497 5617 sui.
1540 5562 1608 5618 Et
1657 5563 1777 5620 vide

278 5833 323 5867 "-’
351 5833 486 5893 Gen.
510 5851 590 5892 in.

684 5835 729 5868 “
757 5833 914 5891 Joan.
946 5851 1059 5899 xlv,
1095 5835 1147 5890 6.
1224 5835 1271 5869 δ’
1294 5834 1487 5892 Matth.
1517 5848 1716 5903 xxvm,
1740 5832 1831 5891 20.
1909 5834 1954 5866 ⁸ο
1985 5829 2091 5887 lsa.
2114 5845 2201 5897 χιι,
2230 5830 2317 5885 ³51.

1886 4651 2250 4722 ignorantiam
2308 4664 2464 4705 suam
2520 4655 2686 4715 atque
2737 4654 2993 4713 peccata,
3050 4645 3179 4712 quia
3227 4643 3454 4698 verbum

1888 4740 2099 4795 Domini
2122 4740 2417 4812 figuraliter
2444 4753 2554 4792 non
2589 4743 2929 4804 receperunt.
2963 4734 3117 4788 Alius
3140 4749 3267 4789 vero
3300 4733 3458 4788 aliter

1885 4830 2242 4885 arbitrabitur
2295 4830 2363 4883 de
2417 4828 2503 4882 his
2560 4825 2790 4881 verbis:
2831 4826 3091 4896 quoniam
3145 4825 3288 4879 sicut
3346 4825 3460 4879 haec

1883 4921 2045 4976 verba
2075 4922 2471 4982 demonstrant,
2504 4932 2606 4972 nec
2640 4930 2736 4988 per
2763 4916 2943 4985 ignem
2980 4916 3069 4970 fiet
3105 4914 3294 4969 mundi
3331 4928 3457 4968 cor-

1882 5013 2085 5082 ruptio,
2117 5011 2215 5068 sed
2257 5026 2353 5081 per
2379 5009 2740 5065 defectionem
2775 5008 2968 5077 ipsius.
3004 5005 3069 5060 Et
3114 5006 3254 5059 alius
3285 5004 3459 5058 utitur

1880 5103 2150 5171 exemplo,
2184 5101 2441 5171 quoniam
2473 5099 2613 5154 sicut
2655 5098 2939 5154 deﬁciente
2968 5098 3176 5151 lumine
3220 5096 3458 5148 lucernae

1880 5193 2141 5263 paulatim
2173 5191 2440 5245 minuitur
2464 5190 2646 5244 lumen
2672 5229 2687 5253 ,
2732 5190 2813 5242 sic
2845 5187 3149 5241 caelestium
3184 5184 3454 5238 luminum

1882 5284 2168 5339 deficiente
2215 5281 2547 5345 nutrimine,
2597 5279 2681 5334 sol
2715 5278 3140 5342 obscurabitur,
3184 5276 3298 5347 jam
3345 5290 3456 5329 non

1884 5377 2091 5431 habens
2122 5389 2285 5445 super
2311 5389 2369 5429 se
2398 5371 2669 5426 venientia
2693 5372 3024 5439 spiramenta
3047 5368 3115 5423 ab
3145 5368 3244 5424 eis.
3263 5367 3457 5438 Majori

1883 5479 2068 5524 autem
2102 5465 2362 5520 luminari
2393 5464 2508 5518 haec
2540 5462 2796 5531 patiente,
2832 5462 3004 5515 multo
3027 5460 3201 5530 magis
3234 5467 3290 5516 et
3326 5460 3457 5515 luna

1882 5575 1984 5616 nec
2036 5558 2214 5628 ipsum
2264 5558 2466 5628 poterit
2528 5554 2787 5613 exhibere
2842 5552 3186 5623 splendorem
3235 5551 3457 5624 igneum

2398 5830 2438 5864 ⁵¹
2467 5841 2623 5894 xxtn,
2650 5825 2703 5882 5.
2781 5824 2826 5858 ”
2849 5822 3041 5879 Matth.
3070 5822 3219 5890 xxiv,
3246 5819 3338 5891 29,
3365 5816 3436 5875 30
