4004 6534
545 376 679 434 16η

1729 368 2051 429 ORIGENIS
2083 369 2152 428 lN
2192 367 2607 427 MATTH/EUM

3666 370 3794 427 {67!

544 492 723 558 illum,
749 496 804 546 et
831 489 1132 546 secundum
1183 461 1517 546 deiectiones
1560 503 1689 545 suas
1734 497 2109 558 apparentem.
2151 494 2192 548 Λ
2223 488 2494 558 quadam,
2533 484 2837 542 secundum
2868 482 3015 556 quod
3048 498 3366 556 possumus,
3398 486 3683 541 moraliter
3710 505 3794 543 et-

549 583 646 639 His
667 598 801 652 ergo
828 582 1273 654 contingentibus
1305 598 1471 653 super
1497 582 1667 637 solem
1684 623 1699 649 ,
1738 581 1921 637 lumen
1950 582 2115 637 etiam

545 675 827 732 stellarum
854 673 1090 739 detieiet,
1132 683 1193 728 ut
1221 675 1366 744 quod
1406 674 1732 730 remanserit
1763 674 1818 729 in
1851 674 1934 729 eis
1965 674 2123 744 quasi

544 774 820 822 terrenum
846 766 1006 821 cadat
1028 765 1095 821 de
1118 766 1260 822 calo
1282 785 1295 820 :
1315 775 1375 822 et
1393 781 1585 822 omnes
1610 765 1873 822 calorum
1895 766 2125 822 virtutes

545 859 634 915 bis
659 858 1037 914 accidentibus
1067 860 1454 914 movebuntur.
1473 857 1629 914 Sicut
1654 858 1799 913 enim
1823 858 1875 912 in
1899 857 2124 929 dispen-

545 951 758 1006 satione
782 949 1000 1015 crueis,
1036 949 1153 1003 sole
1190 949 1476 1005 deﬁciente
1520 948 1759 1004 tenebra
1800 947 1956 1004 facta
1997 956 2127 1004 sunt

544 1056 711 1111 super
748 1056 965 1096 omnem
1018 1049 1255 1107 terram,
1300 1042 1383 1095 sic
1424 1048 1480 1095 et
1527 1043 1682 1111 signo
1714 1039 1836 1094 Filii
1886 1040 2125 1097 hominis

545 1142 841 1202 apparente
869 1133 925 1186 in
968 1132 1130 1199 caelo,
1166 1131 1382 1187 deﬁciet
1428 1132 1561 1188 solis
1606 1132 1823 1199 lumen,
1858 1141 1912 1186 et
1959 1131 2122 1200 luna,

544 1224 727 1280 adhuc
766 1237 822 1280 et
865 1226 1187 1289 stellarum,
1237 1226 1397 1295 quasi
1453 1232 1842 1294 Consumptum
1884 1239 1913 1277 a
1953 1224 2123 1281 multa

545 1315 746 1372 virtute
788 1316 929 1387 signi
979 1316 1148 1371 illius.
1189 1315 1312 1382 Quo
1350 1323 1666 1386 apparente,
1713 1331 1836 1386 qua
1880 1323 2012 1372 tunc
2067 1316 2125 1373 in

545 1409 711 1464 terris
758 1410 1121 1464 remanserint
1169 1409 1347 1464 tribus
1386 1409 1643 1479 plangeut
1687 1424 1766 1465 se.
1822 1408 2014 1465 Utetur
2056 1413 2125 1469 ad

545 1501 663 1557 hac
695 1504 948 1572 exemplo
988 1502 1140 1557 Isaia
1182 1504 1460 1572 propheta
1503 1502 1738 1559 dicentis
1775 1504 1881 1559 hoc
1917 1505 2123 1562 modo:

542 1595 591 1629 ³³
614 1595 748 1650 Ecce
782 1596 893 1650 dies
926 1596 1138 1650 Domini
1167 1596 1481 1652 insanabilis
1504 1599 1680 1663 venit,
1710 1599 1808 1655 ira
1829 1610 1878 1655 et
1905 1599 2127 1670 furoris,

541 1703 733 1757 ponere
761 1687 937 1741 orbem
986 1697 1141 1744 terra:
1169 1688 1434 1743 desertum
1455 1729 1470 1755 ,
1500 1699 1550 1744 et
1593 1699 1887 1759 peccatores
1914 1691 2128 1763 perdere

539 1792 609 1834 ea:
645 1795 730 1833 ea.
761 1776 945 1834 Stella:
987 1780 1127 1833 enim
1171 1780 1308 1843 cali,
1337 1790 1387 1833 et
1417 1781 1615 1848 Orion,
1657 1791 1707 1836 et
1745 1784 1922 1836 omnia
1967 1800 2123 1837 orna-

2226 595 2511 651 ponemus.
2541 577 2731 633 Dicent
2754 585 2935 632 autem
2968 577 3283 651 hujusmodi
3322 578 3618 635 homines:
3654 577 3793 645 Quo-

2226 670 2389 726 modo
2442 678 2623 740 potest
2660 667 2767 723 dici
2824 667 2892 725 de
2952 669 3066 725 sole
3110 672 3371 741 quoniam
3421 671 3796 728 obscurabitur

2226 762 2409 817 lumen
2435 761 2578 833 ejus,
2604 760 2826 832 quando
2852 760 3024 817 lsaias
3059 762 3321 832 propheta
3355 762 3665 833 profectum
3705 765 3797 819 ali-

2224 867 2387 922 quem
2439 851 2574 908 solis
2621 851 2675 905 in
2716 852 3194 908 consummatione
3241 855 3361 909 fore
3404 854 3675 924 declarat,
3716 856 3797 912 hic

2225 953 2407 1000 autem
2447 961 2630 1001 sermo
2673 943 3121 1015 ademptionem?
3166 944 3431 1003 Similiter
3474 958 3529 1004 et
3566 950 3637 1003 de
3676 949 3797 1004 luna

2224 1036 2393 1094 Isaias
2418 1038 2638 1109 quidem
2681 1037 2849 1093 refert
2897 1039 3158 1109 quoniam
3200 1040 3303 1095 erit
3336 1042 3482 1096 sicut
3516 1041 3625 1106 sol,
3670 1057 3797 1112 pra-

2226 1145 2355 1185 sens
2390 1138 2572 1185 autem
2609 1144 2825 1198 sermo,
2870 1130 2999 1200 quia
3035 1146 3144 1186 non
3194 1132 3344 1187 dabit
3389 1135 3576 1189 lumen
3622 1151 3795 1192 suum.

2226 1220 2302 1276 De
2335 1222 2509 1278 stellis
2542 1230 2725 1277 autem
2761 1221 2888 1276 talia
2923 1222 3137 1291 dicent,
3171 1226 3430 1295 quoniam
3459 1226 3534 1282 de
3570 1235 3714 1283 terra
3747 1228 3797 1282 in

2225 1315 2425 1372 calum
2459 1314 2696 1369 multum
2751 1315 2988 1387 spatium
3040 1324 3164 1383 est,
3196 1318 3435 1372 maxime
3486 1318 3557 1373 ad
3616 1335 3795 1375 zonam

2225 1408 2460 1464 mediam
2506 1408 2561 1464 in
2598 1424 2706 1479 qua
2755 1423 2863 1463 non
2909 1415 3039 1464 sunt
3076 1408 3322 1465 erratica
3355 1410 3563 1478 stella;
3608 1426 3797 1467 secun-

2225 1500 2355 1556 dum
2387 1500 2884 1557 considerationem
2919 1517 3052 1573 ergo
3086 1502 3390 1559 altitudinis
3423 1504 3549 1574 ejus
3581 1514 3670 1559 est
3695 1506 3800 1559 exi-

2226 1593 2472 1658 stimare,
2504 1592 2766 1663 quoniam
2792 1592 2897 1648 nisi
2929 1607 3097 1664 supra
3120 1592 3345 1656 modum
3385 1604 3577 1650 essent
3602 1611 3799 1667 magna

2207 1686 2417 1750 'stella,
2455 1700 2633 1756 neque
2674 1691 2828 1741 tanto
2872 1685 3052 1755 spatio
3085 1685 3271 1740 lumen
3306 1700 3499 1741 eorum
3538 1686 3801 1742 videretur

2229 1778 2299 1834 ab
2324 1776 2583 1833 omnibus
2608 1776 2703 1847 qui
2734 1785 2863 1833 sunt
2886 1776 2941 1830 in
2969 1776 3120 1831 omni
3149 1785 3303 1847 parte
3329 1786 3630 1832 terrarum.
3661 1776 3799 1833 Sicut

550 1880 725 1925 menta
753 1870 871 1924 caeli
901 1886 1005 1925 non
1035 1870 1234 1925 dabunt
1265 1871 1441 1926 lumen
1473 1889 1651 1934 suum,
1675 1883 1725 1927 et
1762 1875 2129 1929 absent-obitur
2159 1865 2200 1921 Β
2229 1879 2411 1925 autem
2439 1868 2662 1939 quidam
2686 1867 2867 1924 dicere
2895 1876 3126 1935 tentant,
3158 1876 3253 1924 aut
3276 1883 3471 1924 omnes
3496 1879 3595 1925 aut
3631 1870 3800 1941 plures

549 1961 608 2015 in
641 1961 840 2016 oriente
882 1962 986 2027 sol,
1019 1972 1070 2017 et
1108 1963 1237 2017 luna
1280 1980 1383 2017 non
1415 1964 1567 2018 dabit
1612 1964 1911 2020 claritatem
1951 1984 2123 2025 suam.

542 2051 616 2107 Et
644 2055 958 2123 praecipiam
1006 2056 1122 2109 orbi
1172 2065 1330 2111 terra
1374 2055 1521 2110 mala
1547 2095 1564 2121 ,
1612 2068 1662 2111 et
1710 2058 1887 2127 impiis
1917 2070 2128 2129 peccata

540 2160 746 2200 eorum.
787 2144 917 2201 ltem
958 2153 1013 2203 et
1047 2146 1116 2201 de
1150 2145 1264 2204 Joel
1305 2149 1433 2202 talia
1472 2149 1521 2181 “
1561 2167 1577 2204 :
1615 2151 1750 2205 Ante
1780 2151 1969 2219 faciem
2014 2151 2127 2221 ejus

541 2236 899 2307 confundetur
931 2250 1093 2308 terra,
1119 2249 1168 2293 et
1205 2241 1499 2295 movebimr
1536 2242 1743 2296 caelum.
1780 2240 1873 2295 Sol
1911 2252 1959 2297 et
1998 2242 2124 2297 luna

545 2330 983 2398 eontenebricati,
1016 2331 1185 2387 stella:
1214 2349 1317 2387 non
1348 2332 1549 2387 dabunt
1574 2333 1771 2399 lumen,
1795 2343 1843 2386 et
1872 2332 2125 2389 Dominus

540 2420 692 2474 dabit
738 2437 914 2477 vocem
945 2440 1099 2477 suam
1150 2436 1272 2478 ante
1315 2423 1508 2491 facient
1561 2425 1776 2478 virtutis
1817 2442 1951 2491 sum,
1999 2429 2126 2497 quia

542 2512 726 2568 valida
758 2527 879 2569 sunt
919 2525 1097 2570 castra
1144 2517 1259 2581 eius
1295 2517 1482 2581 nimis,
1517 2518 1767 2586 quoniam
1801 2519 1963 2587 fortia
2003 2530 2125 2574 sunt

539 2617 704 2672 opera
738 2607 1014 2658 verborum
1055 2605 1187 2674 ejus.
1224 2605 1351 2660 ltetn
1383 2606 1429 2638 "
1460 2620 1477 2659 :
1510 2603 1577 2658 Et
1607 2606 1745 2660 a'ab'o
1785 2610 2031 2680 prodigia
2070 2610 2125 2665 in

539 2691 670 2748 celo
699 2710 948 2762 sursum,
992 2706 1040 2750 et
1082 2703 1137 2749 in
1182 2708 1360 2762 terra,
1400 2700 1712 2771 sanguinis,
1758 2709 1807 2768 et
1849 2701 2028 2771 ignis,
2076 2709 2128 2756 et

539 2799 813 2854 vaporum.
862 2785 958 2842 Sol
1006 2800 1338 2845 convertetur
1383 2794 1440 2846 in
1484 2793 1722 2847 tenebras
1750 2831 1766 2855 ,
1808 2801 1858 2847 et
1901 2791 2031 2848 luna
2070 2794 2126 2848 in

538 2878 851 2948 sanguinem
873 2918 889 2943 ,
922 2881 1231 2950 priusquam
1283 2884 1458 2937 veniat
1498 2883 1607 2938 dies
1644 2882 1861 2937 Domini
1903 2900 2125 2955 magnus

535 2975 587 3022 et
636 2968 950 3038 praeclarus.
1005 2971 1072 3027 Et
1118 2972 1205 3027 his
1255 2973 1457 3029 similia
1523 2973 1695 3029 multa
1772 2963 2030 3031 invenies.
2069 2974 2124 3030 in

539 3056 864 3131 Scripturis,
894 3061 940 3117 si
985 3063 1124 3117 nihil
1162 3064 1309 3119 aliud
1335 3066 1390 3120 in
1430 3065 1570 3122 locis
1610 3066 1946 3138 evangelicis
1974 3067 2126 3139 aspi-

536 3163 666 3208 cere
705 3153 952 3209 volueris
989 3164 1186 3223 prater
1218 3155 1489 3226 simplicia
1537 3156 1728 3212 verba.
1756 3155 1894 3212 Nam
1939 3164 1996 3213 et
2031 3172 2123 3213 se-

535 3245 780 3300 cundum
833 3246 940 3300 hoc
979 3248 1126 3317 quod
1177 3247 1345 3314 dicit,
1389 3258 1513 3304 tunc
1553 3250 1799 3322 plangent
1845 3267 1900 3306 se
1946 3268 2124 3308 omnes

540 3332 711 3388 tribus
739 3344 917 3400 terra,
949 3336 1107 3405 quasi
1152 3338 1300 3392 nulla
1345 3354 1485 3408 opus
1542 3339 1749 3395 habens
1794 3342 2125 3413 interpreta-

534 3422 721 3490 tione,
750 3426 987 3495 accipies
1016 3426 1086 3483 de
1126 3429 1392 3499 propheta
1434 3429 1697 3487 Zacharia
1756 3432 1885 3488 talia
1920 3436 2123 3492 verba:

536 3512 611 3569 Et
631 3515 731 3568 erit
752 3516 806 3569 in
829 3515 924 3570 i’la
953 3517 1062 3582 die,
1090 3536 1328 3590 quaram
1354 3522 1566 3592 auferre
1590 3541 1769 3578 omnes
1808 3536 1983 3596 gentes
2007 3543 2127 3596 qua:

534 3609 739 3663 venient
774 3626 933 3681 super
968 3610 1292 3682 Jerusalem,
1318 3624 1369 3669 et
1409 3616 1684 3685 effundant
1720 3635 1880 3689 super
1910 3620 2127 3675 domum

534 3696 732 3766 David,
772 3709 824 3754 et
858 3718 1016 3773 super
1051 3719 1228 3759 omnes
1255 3706 1558 3763 habitantes
1602 3709 1656 3763 in
1684 3708 1984 3766 Jerusalem
2017 3712 2129 3782 spi-

534 3789 701 3842 ritum
738 3792 932 3863 gratic
975 3802 1024 3847 et
1072 3797 1474 3853 miserationis:
1515 3808 1567 3853 et
1607 3802 1887 3871 respicient
1933 3803 2004 3857 ad
2046 3819 2128 3858 me

534 3890 751 3949 propter
777 3883 918 3952 quod
950 3884 1304 3951 saltauerunt,
1331 3898 1381 3942 et
1414 3890 1665 3961 plangent
1693 3908 1853 3958 super
1876 3909 1931 3947 se
1971 3892 2128 3963 plan-

533 3983 681 4027 ctum
706 3974 844 4028 sicut
883 3990 1039 4044 super
1077 3977 1351 4043 dilectum,
1375 3990 1425 4034 et
1470 3981 1721 4036 dolebant
1768 3982 1951 4037 dolore
1990 3985 2127 4038 sicut

538 4079 697 4133 super
724 4066 1153 4137 primogenitum.
1189 4067 1256 4123 In
1286 4070 1381 4124 illo
1408 4072 1494 4126 die
1519 4074 1952 4143 magniﬁcabitur
1972 4075 2127 4146 plan-

535 4162 653 4209 ctus
685 4172 843 4226 super
867 4156 1168 4213 Jerusalem
1199 4161 1337 4215 situt
1370 4161 1617 4231 planctus
1648 4166 1778 4219 mali
1819 4168 2032 4236 granati
2072 4170 2128 4223 in

537 4260 724 4315 eampo
746 4250 933 4314 excisi,
971 4260 1021 4305 et
1066 4252 1280 4323 planget
1313 4270 1369 4308 se
1412 4264 1554 4309 terra
1588 4272 1681 4326 per
1710 4256 1915 4324 tribus;
1957 4259 2126 4313 tribus

535 4337 724 4395 domus
764 4340 938 4396 David
968 4360 1228 4410 seorsum,
1260 4355 1309 4400 et
1338 4347 1585 4404 mulieres
1626 4366 1808 4405 eorum
1853 4368 2126 4419 seorsum;

539 4430 707 4483 tribus
746 4431 936 4489 domus
968 4432 1191 4491 Natltan
1234 4454 1494 4508 seorsum,
1563 4451 1613 4495 et
1658 4443 1905 4499 mulieres
1944 4460 2126 4499 eorum

2228 1975 2418 2015 earnm
2454 1958 2693 2029 majores
2737 1973 2859 2014 esse
2891 1974 3057 2030 quam
3107 1960 3224 2031 ipsa
3281 1970 3366 2017 est
3410 1967 3598 2028 terra,
3651 1978 3800 2032 argu-

2230 2059 2415 2106 mento
2462 2056 2682 2105 utentes
2727 2048 2796 2104 ad
2845 2049 3337 2105 commendandam
3372 2050 3651 2107 rationem
3689 2066 3799 2105 vero

2228 2140 2424 2196 borum
2457 2155 2683 2195 suorum
2705 2181 2721 2207 ,
2757 2140 3019 2210 quoniam
3054 2155 3218 2197 omne
3255 2141 3455 2197 calum
3493 2142 3551 2197 in
3589 2144 3798 2199 modum

2228 2234 2455 2306 Sphara
2507 2233 2800 2289 collectum
2872 2234 3188 2290 universam
3255 2236 3647 2305 complectitur
3700 2244 3800 2292 ter-

2228 2341 2370 2392 ram,
2413 2324 2598 2380 dicent
2640 2324 2804 2380 etiam
2843 2324 3050 2395 aliquid
3086 2326 3233 2380 tale:
3284 2328 3556 2397 quoniam
3588 2329 3685 2399 qui
3721 2344 3804 2383 ve-

2228 2418 2445 2473 ritatem
2469 2417 2743 2472 dictorum
2780 2416 3013 2473 istorum
3050 2418 3375 2489 simpliciter
3402 2435 3467 2475 ex
3508 2420 3633 2492 ipso
3666 2422 3803 2477 colli-

2227 2521 2365 2583 gunt
2401 2521 2549 2567 textu
2597 2526 2713 2568 rem
2760 2520 2956 2579 natura
3006 2512 3126 2582 ipsa
3179 2513 3581 2583 impossibilem
3629 2518 3803 2571 dicunt

2228 2615 2289 2660 ut
2310 2603 2649 2675 possibilem,
2693 2612 2753 2658 ut
2788 2603 2959 2660 stella
2996 2613 3161 2660 tanta
3195 2605 3593 2674 magnitudinis
3620 2609 3805 2663 cadant

2226 2698 2294 2754 de
2336 2697 2497 2753 calo.
2540 2694 2663 2764 Quo
2692 2696 2839 2752 enim
2892 2705 2948 2752 et
3009 2697 3208 2754 cadant
3259 2712 3385 2754 cum
3436 2700 3804 2771 magnitudine

2226 2806 2416 2845 earum
2449 2804 2559 2845 non
2585 2788 2820 2846 sulliciat
2851 2797 3019 2854 terra,
3050 2804 3153 2846 nec
3182 2805 3378 2861 capere
3415 2793 3623 2861 possit,
3652 2801 3711 2847 ut
3737 2794 3800 2847 ita

2225 2884 2447 2951 dicam,
2489 2882 2924 2953 magnitudinem
2975 2883 3211 2939 duarum
3277 2884 3613 2940 stellarum?
3671 2884 3803 2941 Pone

2226 2982 2410 3031 tamen
2440 2991 2635 3046 capere
2659 2990 2779 3031 eam
2806 2976 2945 3033 duas
2966 2976 3051 3032 vel
3079 2986 3214 3042 tres,
3246 2975 3499 3047 nunquid
3531 2987 3588 3033 et
3609 2986 3800 3032 tantam

2226 3067 2631 3123 multitudinem
2663 3082 2859 3138 capere
2901 3068 3117 3139 potest?
3147 3066 3227 3123 Ne
3253 3083 3387 3140 ergo
3418 3068 3633 3139 aliquid
3667 3069 3800 3125 aliud

2225 3160 2392 3233 86⁸1
2424 3157 2566 3215 forte
2598 3159 2880 3216 moraliter
2918 3159 3123 3215 sentire
3158 3168 3375 3230 oportet
3409 3161 3468 3216 in
3517 3159 3803 3231 Scripturis

2225 3252 2446 3309 divinis.
2465 3250 2531 3306 Et
2557 3252 2799 3307 audacia
2817 3252 3038 3323 quidem
3064 3260 3170 3315 est,
3193 3253 3573 3309 necessarium
3595 3262 3799 3309 autem:

2226 3352 2409 3399 tamen
2444 3346 2621 3400 multo
2649 3353 2826 3400 tractu
2867 3359 3008 3415 opus
3041 3354 3126 3399 est
3164 3344 3219 3400 in
3258 3345 3344 3401 his
3372 3345 3537 3411 locis,
3568 3348 3655 3402 cui
3698 3347 3803 3401 vult

2227 3435 2391 3490 simul
2421 3444 2477 3490 et
2516 3434 2933 3506 possibilitatem
2971 3434 3261 3490 ostendere
3294 3433 3727 3505 Scripturarum.
3752 3443 3800 3490 et

2226 3528 2534 3583 veritatem.
2562 3525 2714 3583 Dicet
2736 3540 2870 3597 ergo
2898 3525 3329 3591 observandum,
3360 3527 3539 3582 solem
3561 3542 3680 3583 esse
3695 3526 3804 3581 dia-

2225 3620 2412 3676 bolum
2436 3618 2530 3689 qui
2554 3617 2907 3690 trausllgurat
2939 3633 3000 3675 se
3022 3619 3076 3673 in
3104 3618 3356 3688 angelum
3382 3619 3553 3684 lucis,
3576 3629 3631 3674 et
3654 3615 3800 3688 quasi

2227 3712 2310 3769 sol
2345 3712 2548 3767 multos
2572 3712 2801 3767 seducit.
2839 3709 3111 3778 Quoniam
3135 3727 3267 3781 ergo
3296 3712 3352 3767 in
3380 3713 3795 3769 consummatio.i

2226 3819 2298 3860 ne
2327 3812 2414 3859 est
2438 3802 2775 3875 arguendos,
2804 3818 2930 3859 cum
2960 3803 3030 3858 sit
3073 3804 3330 3872 tenebrae,
3378 3804 3606 3859 simulat
3632 3813 3795 3857 autem

2226 3911 2349 3952 esse
2373 3912 2433 3952 se
2456 3896 2648 3962 solem,
2675 3907 2957 3966 prepterea
2979 3895 3045 3951 de
3074 3896 3166 3951 illo
3195 3897 3424 3965 intelligi
3458 3906 3638 3968 potest
3663 3895 3795 3967 quod

2227 3988 2325 4054 ait,
2357 3988 2434 4042 sol
2460 3987 2849 4042 obscurabilur.
2871 3987 2938 4042 Et
2962 3987 3108 4043 dicet
3134 3987 3509 4044 honestiorem
3531 4005 3651 4046 esse
3672 3989 3798 4041 hanc

2226 4081 2519 4145 rationem,
2548 4096 2712 4150 quam
2737 4080 3054 4135 existimare
3084 4080 3245 4135 talem
3286 4081 3463 4137 solem
3519 4093 3793 4151 passurum

2228 4172 2643 4227 obscuritatem.
2676 4171 2899 4236 Omnes,
2947 4173 3147 4241 inquit,
3198 4174 3517 4230 consentire
3559 4172 3797 4230 convenit

2228 4265 2436 4335 absque
2467 4264 2708 4333 periculo
2728 4263 2913 4333 aliquo
2940 4264 3067 4322 huic
3098 4266 3327 4336 probato
3357 4267 3601 4322 Sermoni
3628 4267 3693 4321 de
3715 4267 3799 4319 btt-

2223 4357 2466 4428 jusmodi
2508 4356 2624 4413 sole
2669 4357 2750 4413 sic
2783 4357 3128 4414 observando
3169 4357 3588 4431 [obscurando].
3616 4357 3680 4411 Et
3717 4372 3796 4411 se-

2228 4449 2472 4506 cundum
2500 4452 2948 4521 consequentiam
2986 4451 3303 4521 hujusmotli
3333 4452 3473 4508 solis
3498 4452 3791 4522 intelligen-

538 4537 807 4587 seorsum;
827 4526 1191 4583 tribusdomus
1206 4528 1330 4585 Levi
1341 4543 1661 4600 seorsum,et
1682 4536 1926 4591 mulieres
1946 4554 2125 4591 eorum
2158 4568 2203 4623 ι)
2230 4543 2299 4598 da
2335 4550 2418 4598 est
2449 4542 2612 4597 etiam
2641 4542 2766 4596 luna
2808 4557 2931 4613 qua
2963 4542 3180 4597 videtur
3206 4544 3507 4599 illuminari
3534 4544 3602 4599 ab
3626 4542 3799 4611 hujus-

538 4630 818 4681 seorsum;
847 4618 1016 4673 tribus
1055 4621 1243 4676 domus
1270 4623 1484 4679 Simeon
1513 4642 1769 4691 seorsum,
1804 4637 1853 4683 et
1880 4629 2124 4684 mulieres

538 4722 721 4761 eorum
752 4726 1027 4777 seorsum;
1065 4731 1243 4770 omnes
1276 4717 1447 4773 tribus
1485 4736 1603 4790 qua:
1639 4721 1941 4778 subrelictar
1976 4732 2122 4791 sunt,

540 4811 810 4864 seorsum,
849 4810 899 4853 et
945 4802 1191 4857 mulieres
1246 4823 1427 4860 eorum
1466 4811 1791 4864 seorsum".
1838 4809 2124 4867 Videbitur

537 4901 670 4958 ergo
694 4891 1022 4960 quibusdam
1055 4911 1228 4966 usque
1258 4898 1362 4953 hoc
1389 4898 1889 4969 interpretationem
1924 4903 2123 4959 debere

538 4981 862 5050 producere,
896 4996 949 5039 et
978 4987 1113 5040 nihil
1142 4988 1421 5045 discutere
1447 5005 1611 5060 supra
1644 5000 1872 5047 textum.

609 5070 700 5127 49.
743 5072 1015 5143 Quoniam
1060 5089 1245 5133 autem
1283 5082 1374 5149 qui
1422 5081 1669 5151 loquitur
1714 5084 1781 5138 de
1825 5082 2124 5154 Scripturis

537 5162 759 5230 divinis,
789 5167 949 5223 debet
977 5185 1172 5225 curare
1212 5186 1317 5226 non
1355 5173 1532 5226 solum
1574 5174 1874 5243 simplices,
1925 5186 1986 5229 ut
2027 5192 2123 5229 ne-

540 5255 706 5325 gligat
734 5275 899 5314 causa
929 5277 1121 5317 eorum
1172 5264 1294 5319 illos
1333 5264 1427 5334 qui
1472 5275 1707 5337 possunt
1754 5268 2123 5323 abundantius

543 5350 818 5405 sustinere
860 5354 1155 5408 verborum
1194 5356 1479 5409 subtilinm
1539 5366 1817 5423 naturam,
1862 5374 1930 5412 ne
1986 5359 2124 5413 forte

546 5436 698 5493 falsa
742 5442 855 5496 sint
906 5446 1225 5501 traditiones
1266 5447 1623 5515 hujttsmodi,
1675 5459 1730 5505 et
1782 5450 1918 5503 nihil
1980 5450 2121 5514 tale,

544 5531 707 5600 quale
738 5533 899 5588 debet
926 5551 1047 5591 esse
1071 5539 1213 5604 quod
1250 5555 1278 5592 a
1314 5540 1423 5594 Deo
1445 5541 1551 5595 diei
1591 5541 1783 5595 debeat
1822 5542 1889 5595 de
1926 5541 2121 5611 hujus-

541 5617 690 5671 modi
732 5619 937 5677 rebus:
973 5636 1194 5695 propter
1234 5627 1548 5696 hujusntodi
1592 5645 1725 5700 ergo
1760 5630 1906 5686 viros
1945 5647 2119 5701 pauca

2232 4635 2376 4689 modi
2432 4635 2567 4690 sole.
2617 4633 2810 4692 Omnis
2861 4636 3006 4691 enim
3064 4635 3304 4691 Ecclesia
3361 4637 3795 4708 malignantium,

2226 4742 2349 4797 qua
2374 4724 2688 4797 frequenter
2716 4727 2898 4783 lumen
2935 4743 2994 4782 se
3023 4728 3227 4782 habere
3254 4736 3311 4783 et
3344 4729 3479 4784 dare
3521 4727 3793 4799 promittit,

2227 4826 2356 4872 tunc
2394 4827 2575 4872 autem
2635 4830 2822 4891 arguta
2861 4828 2916 4874 et
2955 4818 3302 4875 manifestata
3331 4836 3459 4876 cum
3510 4821 3794 4892 reprobatis

2226 4908 2572 4986 dogmatibus
2599 4909 2736 4975 suis,
2760 4924 2868 4964 non
2899 4910 3053 4965 dabit
3082 4911 3383 4966 claritatem
3415 4928 3593 4968 suam.
3627 4911 3723 4966 Sed
3745 4917 3793 4963 et

2224 5001 2539 5071 quicunque
2559 5001 2674 5057 sive
2700 5002 2754 5056 itt
2786 5001 3155 5073 dogmatibus,
3181 5004 3296 5057 sive
3320 5003 3375 5057 in
3400 5005 3679 5059 virtutibus
3701 5001 3794 5055 {3'-

2224 5092 2321 5154 sis.
2341 5092 2656 5148 hominibus
2667 5092 2885 5161 quidem
2912 5094 3299 5162 promittebant
3319 5095 3621 5155 veritatem.
3643 5105 3788 5146 met:-

2225 5184 2399 5238 daeiis
2425 5192 2606 5239 autem
2639 5184 2972 5240 seducebant
3007 5199 3067 5240 se
3092 5184 3437 5241 attendentes
3459 5227 3475 5253 ,
3526 5186 3578 5240 hi
3604 5198 3787 5240 conre-

2229 5272 2443 5327 nienter
2481 5272 2694 5327 dicendi
2740 5281 2871 5327 sunt
2923 5271 3091 5328 stella
3133 5274 3389 5331 cadentes
3429 5275 3497 5330 de
3524 5274 3666 5330 calo.
3718 5267 3785 5321 De

2228 5364 2369 5419 calo
2392 5372 2597 5430 autem,
2627 5372 2687 5418 ut
2715 5362 2788 5417 ita
2810 5363 3011 5432 dicam,
3050 5379 3173 5427 suo,
3204 5364 3295 5418 ubi
3325 5363 3785 5420 erantaltitudines

2229 5457 2542 5511 constituta
2592 5456 2916 5510 extollentes
2946 5470 3006 5511 se
3054 5458 3322 5514 adversus
3366 5457 3637 5512 scientiam
3670 5450 3779 5504 Dei.

2227 5545 2306 5598 Ad
2342 5544 2870 5599 commendationem
2922 5554 3102 5601 autem
3155 5547 3426 5603 sermonis
3472 5540 3778 5614 huiusmodi.

2229 5643 2451 5690 utentur
2476 5635 2726 5706 exemplo
2753 5633 3178 5693 Proverbiorum
3202 5640 3413 5694 dicente
3446 5656 3462 5693 :
3489 5635 3671 5691 Lumen
3692 5632 3779 5701 je-

608 5798 662 5834 ⁸³
684 5798 789 5857 lsa.
818 5819 941 5873 xm,
971 5806 1125 5865 9—H.
1200 5809 1246 5843 ”
1277 5808 1410 5866 Joel.
1445 5827 1507 5879 ll,
1543 5810 1629 5879 l0,
1663 5811 1748 5868 ll.
1825 5812 1872 5846 "
1896 5813 2027 5870 ibid.
2058 5811 2149 5880 '50,
2179 5813 2267 5870 3|.
2343 5814 2390 5848 ⁸⁸
2411 5812 2577 5871 Zacb.
2610 5830 2709 5882 stt,
2737 5814 2771 5871 9
2801 5823 2856 5872 et
2883 5832 3028 5882 seqq.
