4004 6564
195 466 321 523 1675

1310 455 1965 514 COMMENTARIORUM
2008 454 2270 514 SERIES.

3287 462 3425 523 seu
3454 436 3459 445 ’

187 597 379 642 sterant
401 598 602 653 semper
620 580 1047 653 incastinguibile
1058 590 1155 647 est,
1172 580 1343 636 lumen
1371 592 1549 636 autem
1568 582 1751 651 impio.
1776 586 1824 644 Α
1850 581 2103 653 cumipse
2116 580 2250 637 liber
2262 579 2576 652 propositus
2590 579 2920 640 lueritnobis
2933 584 2998 641 ad
3010 588 3423 657 exponendum;

187 693 301 733 rum
324 675 685 744 esstiaguetur
709 675 775 729 ".
807 671 1102 731 Seientiam
1135 673 1356 744 quidem
1384 689 1566 730 veram
1591 690 1754 744 quam

186 768 629 826 illuminaverunt
655 766 759 822 sibi
785 765 880 837 qui
909 766 1199 825 audierunt
1249 766 1518 822 dicentem
1553 784 1568 821 :
1617 764 1758 822 lituo

188 861 382 916 minute
418 856 562 913 vobis
591 856 769 911 lumen
788 857 1046 922 scientt'te,
1088 856 1272 912 lumen
1303 869 1426 913 esse
1456 856 1755 925 iustorum.

187 951 373 1005 falsam
419 958 599 1004 autem
640 947 926 1004 scientiam
975 948 1157 1003 lumen
1193 961 1318 1002 esse
1363 947 1679 1018 impiorum,
1702 956 1758 1003 et

184 1049 495 1096 sanctorum
506 1034 726 1106 quidem
737 1035 919 1089 lumen
936 1049 1149 1105 semper
1160 1031 1598 1104 inexstinguibile
1610 1047 1754 1098 esse,

183 1129 486 1185 cadentium
537 1135 719 1182 autem
754 1140 787 1180 a
813 1126 1045 1182 veritate
1086 1124 1269 1181 lumen
1313 1125 1609 1194 exstingui.
1644 1124 1755 1180 0b-

185 1221 495 1278 ecurahilur
516 1234 646 1290 ergo
675 1219 859 1273 lumen
890 1217 1027 1275 solis
1052 1217 1201 1274 illius
1219 1233 1381 1289 quem
1406 1217 1667 1280 diximus.
1700 1229 1754 1272 et

183 1314 322 1369 luna:
353 1313 502 1367 illius
527 1326 691 1382 quam
716 1310 1101 1381 exposuimus;
1130 1309 1223 1366 sed
1254 1316 1310 1365 et
1337 1324 1529 1366 omnes
1551 1310 1644 1379 qui
1665 1325 1753 1365 ex-

183 1401 379 1457 tollunt
399 1416 458 1458 se
482 1410 670 1458 contra
702 1399 987 1456 scientiam
1018 1398 1135 1465 Dei,
1165 1398 1359 1453 cadent
1385 1399 1454 1454 ab
1469 1399 1752 1477 altitudine

182 1510 277 1551 sua
304 1509 416 1565 qua
438 1508 497 1550 se
524 1491 776 1549 arbitrati
822 1498 953 1547 sunt
979 1505 1101 1546 esse
1153 1489 1376 1546 coelum.
1407 1489 1659 1546 Forsitan
1699 1499 1751 1546 et

180 1586 258 1642 sic
291 1583 548 1641 convenit
573 1582 723 1655 quod
744 1591 830 1639 est
852 1582 1058 1637 dictum
1087 1580 1133 1613 "'
1161 1598 1177 1635 :
1221 1580 1471 1637 Videbam
1495 1581 1751 1636 Satanam

176 1686 310 1733 sicut
347 1678 528 1749 fulgur
551 1676 823 1732 cadentem
856 1674 921 1728 de
944 1672 1093 1728 caelo.
1125 1671 1221 1728 His
1247 1682 1426 1728 autem
1458 1671 1752 1727 accidenti-

179 1772 278 1827 bus
301 1770 374 1827 de
402 1769 718 1841 hujusmodi
750 1769 886 1833 sole,
919 1776 975 1823 et
1006 1767 1157 1831 luna,
1184 1775 1239 1821 et
1270 1766 1441 1821 stellis
1461 1805 1476 1830 ,
1525 1765 1751 1820 virtutes

181 1859 449 1915 caelorum
476 1860 674 1914 divina:
700 1873 808 1913 non
834 1858 1065 1913 omnino
1091 1855 1397 1911 immobiles
1429 1865 1623 1920 erunt;
1655 1855 1748 1910 sed

1857 683 2005 723 nunc
2033 678 2215 725 autem
2249 668 2353 726 hoc
2387 669 2567 726 solum
2594 681 2811 741 oportet
2842 673 2910 728 de
2944 673 3293 736 llevelatiouc
3335 680 3429 737 illa

1856 776 2151 831 exponere,
2186 762 2445 835 quoniam
2497 765 2670 819 cauda
2718 763 2976 823 draconis
3013 770 3181 825 traxit
3215 773 3428 829 tertiam

1856 862 2067 921 partem
2114 852 2397 909 stellarum
2446 854 2607 923 coeli,
2637 865 2693 911 et
2727 856 2879 913 misit
2925 872 3049 913 eam
3100 860 3157 915 in
3202 870 3429 921 terram.

1856 943 2123 1001 Existimo
2149 945 2297 1000 enim
2316 947 2574 1015 quoniam
2605 948 2699 1017 qui
2726 947 2888 1005 debet
2906 950 3095 1007 audire
3124 970 3138 1006 :
3162 951 3295 1007 Post
3321 954 3432 1009 Do—

1856 1036 2057 1089 minum
2078 1035 2244 1090 Deum
2276 1046 2423 1091 tuum
2444 1039 2568 1105 ibis,
2598 1048 2653 1094 et
2683 1058 2697 1094 ε
2747 1038 2921 1095 Venite
2942 1053 3059 1112 post
3081 1060 3160 1099 me
3194 1044 3264 1112 “’,
3286 1054 3342 1102 et
3362 1048 3430 1103 ad

1857 1128 1972 1182 haec
1994 1126 2213 1198 quidem
2238 1127 2473 1185 obstruit
2504 1145 2669 1185 aures
2714 1146 2842 1186 suas
2865 1173 2882 1200 ,
2921 1144 3201 1203 peccatum
3245 1147 3433 1195 autem

1856 1224 2119 1292 sequitur,
2151 1224 2384 1279 trahitur
2410 1238 2441 1278 a
2458 1224 2633 1280 cauda
2647 1222 2903 1281 draconis
2924 1225 3126 1282 vadens
3143 1238 3269 1298 post
3280 1244 3428 1286 cura.

1857 1312 1912 1367 Si
1943 1325 2121 1369 autem
2153 1316 2441 1387 contigerit
2486 1330 2611 1371 eum
2644 1318 2739 1387 qui
2786 1317 2866 1374 sic
2903 1317 3036 1373 vixit
3085 1328 3141 1374 ut
3189 1320 3381 1377 audiat
3411 1338 3430 1375 ι

1867 1406 1965 1460 Vos
1996 1409 2118 1463 estis
2145 1408 2238 1464 tu:
2271 1411 2455 1465 mundi
2498 1410 2573 1476 θί,
2622 1419 2677 1466 et
2714 1412 3011 1489 aliquando
3059 1413 3435 1483 splenduerint

1854 1514 2019 1571 opera
2047 1501 2168 1571 ejus
2196 1502 2361 1565 bona,
2418 1502 2508 1558 hic
2556 1502 2850 1573 aliquando
2880 1504 3214 1559 constitutus
3252 1506 3435 1573 stella,

1853 1593 1982 1647 etin
2012 1593 2151 1648 coelo
2179 1593 2387 1648 habens
2415 1593 2913 1661 conversationem,
2944 1594 2990 1649 si
3016 1595 3243 1651 avulsus
3267 1594 3435 1653 fuerit

1854 1697 1883 1737 a
1912 1684 2147 1739 dracone
2176 1686 2230 1739 in
2265 1694 2490 1751 terram,
2520 1684 2611 1741 hic
2633 1684 2739 1740 erit
2767 1685 2924 1742 stella
2956 1703 2986 1741 a
3014 1688 3189 1742 cauda
3233 1687 3431 1751 draco-

1852 1775 1940 1831 nis
1972 1786 2141 1831 tracta
2188 1785 2245 1832 et
2273 1776 2439 1834 missa
2487 1776 2543 1831 in
2571 1786 2796 1832 terram.
2828 1776 2919 1834 Sic
2970 1778 3139 1834 stellae
3179 1793 3213 1835 α
3258 1780 3433 1835 cauda

1852 1866 2111 1923 draconis
2140 1869 2432 1923 trahuntur
2455 1878 2510 1925 et
2532 1868 2820 1924 mittuntur
2841 1869 2894 1924 in
2922 1878 3145 1927 terram.
3171 1868 3317 1926 Sunt
3333 1884 3439 1927 au—.

177 1950 538 2007 movebuntur
559 1950 779 2021 quando
801 1949 1047 2021 arguitus
1066 1946 1228 2003 fuerit
1263 1946 1351 2002 ille
1368 1946 1449 2002 sol
1472 1955 1526 2000 ct
1551 1947 1750 2000 obscu-
1783 1927 1823 1980 Β
1859 1965 1966 2013 rem
1998 1958 2117 2014 alia
2146 1975 2377 2029 quarum
2406 1974 2537 2029 pars
2560 1960 2743 2030 aliqua
2776 1960 3103 2015 obscuram,-
3127 2001 3144 2027 ’
3187 1968 3241 2017 ει
3283 1960 3433 2031 qua

177 2053 351 2106 ratus,
383 2052 439 2100 et
468 2043 595 2098 luna
650 2041 739 2096 illa
768 2056 877 2096 non
917 2040 1193 2097 exhibebit
1225 2039 1526 2094 claritatem
1569 2053 1745 2103 suam,

178 2147 229 2190 et
257 2136 395 2191 tales
440 2121 608 2191 stellae
635 2134 973 2195 ceciderint,
1025 2132 1166 2188 sicut
1196 2139 1251 2185 et
1300 2129 1469 2186 ludas
1514 2130 1648 2184 dicit
1692 2131 1746 2185 in

178 2225 417 2296 Epistola
449 2241 567 2281 sua.
616 2223 769 2279 Tunc
812 2221 959 2293 quod
995 2222 1205 2277 clarum
1250 2230 1334 2277 est
1370 2221 1646 2291 apparebit
1692 2223 1744 2275 in

176 2319 313 2374 cado
340 2358 355 2382 ,
392 2326 446 2374 et
483 2317 662 2373 omnis
712 2316 804 2386 qui
858 2315 1094 2387 portavit
1134 2313 1423 2385 imaginem
1476 2313 1742 2369 Ctelestis.

175 2408 307 2465 Cum
348 2419 528 2465 autem
562 2410 676 2467 huic
720 2410 797 2464 ita
831 2406 1221 2488 fuerint'l'acta
1246 2446 1261 2469 ,
1303 2407 1476 2463 tribus
1526 2406 1745 2477 quidem

178 2501 297 2556 cmli
331 2501 691 2565 laetabuntur;
725 2510 882 2555 terra:
900 2509 1081 2554 autem
1111 2499 1289 2554 tribus
1312 2514 1432 2570 qua:
1456 2498 1745 2570 imaginem

174 2603 529 2665 portaverunt
563 2601 739 2660 terrae,
784 2593 1145 2664 plangeutse.
1194 2588 1388 2646 Adhuc
1421 2600 1598 2644 autem
1647 2603 1749 2658 pro

175 2685 607 2741 conimcndanda
654 2682 970 2753 huiusmodi
1026 2698 1124 2739 sua
1176 2682 1468 2739 traditione
1530 2681 1748 2752 adjiciet

171 2776 363 2833 dicens
386 2776 480 2846 qui
524 2776 664 2833 hanc
711 2773 841 2831 fecit
880 2774 1416 2845 interpretationem,
1461 2774 1743 2843 quoniam,

172 2865 422 2921 sensibili
448 2866 562 2921 sole
590 2864 884 2921 obscurato
911 2864 994 2934 (ut
1023 2863 1124 2918 hoc
1142 2862 1214 2917 ita
1234 2877 1355 2917 esse
1369 2861 1742 2931 concedatur),

171 2966 226 3012 et
252 2959 384 3013 luna
414 2957 713 3029 claritatem
746 2971 855 3012 nou
891 2955 1076 3020 dante,
1112 2963 1167 3009 et
1194 2952 1518 3009 cadentibus
1548 2954 1743 3018 stellis,

174 3063 271 3103 nec
298 3058 385 3105 est
413 3049 668 3120 possibile
695 3063 818 3105 esse
843 3046 1127 3104 hominum
1153 3047 1332 3102 tribus
1380 3046 1434 3101 in
1470 3044 1649 3102 terris.
1689 3046 1745 3101 Si

171 3149 357 3195 autem
387 3140 648 3211 possibile
676 3154 784 3195 non
807 3147 910 3205 est,
941 3139 1128 3211 utique
1150 3153 1250 3193 nec
1271 3136 1571 3194 secundum
1603 3137 1747 3208 quod

171 3229 417 3304 loquitur
444 3242 644 3299 textus,
670 3244 717 3287 et
739 3231 985 3303 plangent
1006 3248 1059 3285 se
1086 3229 1252 3284 tribus
1278 3239 1451 3285 terrea.
1485 3227 1638 3284 Tunc
1660 3242 1746 3283 er-

174 3340 261 3396 go,
292 3325 444 3381 sicut
472 3325 548 3379 ait
580 3323 845 3380 Dominus
884 3324 939 3378 in
981 3320 1307 3393 Evangelio,
1342 3320 1436 3392 qui
1475 3337 1619 3376 nunc
1673 3320 1747 3374 ri-

168 3415 324 3481 dent,
352 3414 611 3484 plangent
639 3429 717 3480 se,
753 3420 807 3469 et
827 3412 1081 3483 plangent
1110 3411 1267 3481 quasi
1297 3410 1390 3480 qui
1421 3409 1477 3463 in
1499 3409 1747 3465 tribubus

168 3517 354 3564 terrae.
390 3504 700 3561 Secundum
736 3505 852 3559 haec
882 3511 937 3559 et
977 3502 1127 3558 Isaiae
1153 3517 1435 3559 sermones
1481 3512 1536 3556 et
1580 3499 1747 3556 Joelis

171 3595 768 3667 tentahitinterpretari
793 3636 810 3663 ,
853 3593 947 3666 qui
979 3593 1094 3649 vult
1124 3593 1192 3649 ad
1230 3593 1490 3648 moralem
1527 3606 1662 3663 expo
1702 3591 1747 3646 i-

169 3689 378 3744 tionem
402 3687 688 3743 sublevare
713 3701 835 3757 quae
864 3685 1008 3740 dicta
1049 3693 1203 3739 sunt.
1234 3682 1424 3738 Adhuc
1453 3691 1634 3738 autem
1679 3683 1746 3737 ad

166 3794 231 3837 ea
252 3796 381 3850 quae
411 3779 553 3835 dicta
581 3786 710 3834 sunt
730 3778 796 3834 de
824 3777 1146 3833 cadentibus
1172 3775 1362 3839 stellis,
1385 3790 1495 3829 non
1516 3773 1633 3829 sine
1660 3790 1749 3828 ra-

166 3872 321 3928 tione
346 3879 431 3927 est
455 3885 736 3927 assumere
760 3870 825 3925 de
848 3867 1194 3924 Revelatione
1221 3864 1468 3927 Joannis.
1495 3865 1563 3920 de
1590 3866 1747 3921 tertia

167 3973 324 4034 parte
348 3963 627 4019 stellarum
661 3969 837 4018 tracta
863 3976 895 4016 a
924 3960 1096 4016 cauda
1124 3959 1378 4015 draconis
1420 3957 1474 4012 in
1517 3964 1745 4013 terram.

169 4053 317 4110 Dicit
341 4052 488 4109 enim
515 4053 590 4108 ita
620 4071 635 4106 :
668 4052 739 4122 Et
764 4055 936 4109 visum
968 4060 1042 4106 est
1076 4050 1227 4104 aliud
1250 4050 1457 4121 signum
1482 4049 1536 4102 in
1567 4049 1694 4103 etelo
1729 4065 1747 4103 :

163 4153 219 4200 et
251 4160 374 4199 ecce
401 4144 561 4199 draco
595 4160 817 4215 magnus
847 4141 1000 4213 rufus
1034 4141 1227 4196 habens
1259 4141 1434 4211 capita
1459 4149 1674 4211 septem,
1696 4149 1747 4196 et

164 4250 374 4291 cornua
401 4236 597 4301 decem,
623 4245 671 4290 et
704 4250 861 4306 super
888 4234 1061 4305 capita
1090 4249 1188 4289 sua
1210 4250 1409 4288 cornua
1437 4242 1666 4305 septem;
1697 4242 1749 4288 et

163 4332 348 4386 cauda
382 4331 495 4401 ejus
525 4332 690 4385 traxit
721 4330 933 4385 tertiam
969 4337 1173 4400 partem
1203 4329 1481 4384 stellarum
1519 4331 1664 4395 caeli,
1697 4343 1747 4386 et

165 4425 318 4481 misit
340 4441 431 4478 eas
460 4424 514 4477 in
546 4432 741 4477 terram
758 4422 825 4477 ".
855 4419 1048 4477 Omnia
1066 4423 1183 4478 haec
1206 4436 1479 4493 exponere
1500 4422 1748 4495 singilla-

164 4518 268 4572 tim
299 4517 369 4572 de
391 4515 661 4586 capitibus
691 4521 895 4585 septem
917 4513 1194 4580 draconis,
1217 4529 1339 4586 quae
1368 4510 1595 4567 forsitan
1623 4528 1749 4582 pos-

1856 2049 2035 2120 majus
2058 2059 2142 2105 est
2168 2050 2412 2121 quidem,
2435 2050 2768 2107 luminosum
2797 2060 2901 2110 est.
2929 2066 3068 2121 quas
3093 2051 3309 2107 videtur
3339 2066 3434 2109 os-

1858 2140 2079 2198 tendere
2107 2141 2173 2196 de
2191 2140 2542 2197 Revelatioue
2555 2158 2737 2198 sermo
2753 2142 2835 2198 sic
2857 2142 3064 2198 habens
3085 2144 3129 2174 "
3150 2161 3166 2198 :
3187 2141 3255 2197 Et
3276 2158 3433 2214 quar-

1858 2239 1939 2284 tus
1973 2230 2189 2302 angelus
2213 2231 2337 2285 tuba
2368 2232 2592 2297 cecinit,
2627 2241 2676 2286 et
2711 2248 2959 2300 percussa
2989 2242 3068 2286 est
3107 2233 3261 2288 tertia
3302 2246 3431 2302 pars

1854 2324 2014 2390 (una,
2037 2333 2088 2377 et
2118 2324 2273 2377 tertia
2295 2341 2420 2393 pars
2444 2324 2743 2388 stellarum,
2769 2336 2827 2379 ut
2862 2325 3235 2380 obscuraretur
3274 2326 3432 2380 tertia

1853 2428 1977 2481 pars
2002 2428 2204 2466 eorum.
2248 2411 2389 2467 Sunt
2432 2413 2653 2484 quidam
2697 2424 2876 2470 autem
2929 2415 3023 2482 qui
3069 2429 3170 2471 nec
3206 2415 3433 2471 omnino

1855 2511 2209 2556 servaverunt
2239 2501 2384 2572 quod
2415 2503 2618 2557 dictum
2659 2512 2743 2558 est
2776 2502 2822 2534 ⁸³
2864 2521 2877 2556 :
2917 2502 3008 2558 Sic
3043 2503 3214 2559 luceat
3256 2504 3432 2559 lumen

1855 2602 2079 2644 vestrum
2099 2607 2275 2644 curam
2304 2592 2622 2660 hominibus,
2637 2607 2736 2648 nec
2750 2594 2974 2646 omnino
2996 2592 3433 2669 exstinctis“

1853 2688 1908 2736 et
1934 2682 2206 2736 obscurati
2236 2693 2381 2749 sunt,
2407 2684 2498 2738 sed
2525 2699 2590 2739 ex
2617 2693 2789 2755 parte.
2833 2682 3065 2751 Quidam
3102 2685 3249 2740 enim
3298 2699 3430 2756 pro-

1855 2780 1973 2840 pter
2008 2773 2287 2828 scientiam
2319 2775 2536 2844 quidem
2569 2773 2841 2830 fulserunt
2867 2777 3013 2854 sicut
3036 2776 3292 2847 splendor
3311 2791 3428 2835 ca:-

1854 2863 1913 2928 li,
1953 2865 2172 2933 quidam
2197 2875 2377 2919 autem
2407 2874 2626 2937 propter
2650 2868 3118 2927 conversationem
3142 2866 3271 2924 lacti
3300 2877 3431 2925 sunt

1853 2954 1997 3009 sicut
2020 2955 2208 3010 stellae.
2260 2954 2363 3010 Sed
2419 2956 2668 3010 videmur
2714 2956 3041 3025 quibusdam
3085 2972 3193 3011 non
3233 2972 3432 3013 conse-

1853 3054 2083 3115 quenter
2139 3045 2437 3102 secundum
2484 3046 2859 3117 praecedentes,
2894 3047 3265 3117 expositiones
3314 3048 3433 3104 htes

1852 3138 2143 3206 protulisse
2188 3145 2244 3192 et
2289 3153 2386 3210 pro
2420 3146 2572 3208 parte
2615 3137 2954 3209 exposuisse.
3008 3136 3277 3205 Quoniam
3321 3138 3433 3195 illic

1853 3228 2072 3300 quidem
2123 3213 2307 3285 stellas
2352 3244 2576 3286 casuras
2630 3229 2910 3297 diximus,
2958 3230 3052 3302 qui
3104 3228 3433 3285 videbantur

1849 3320 2019 3376 fuisse
2037 3320 2225 3386 stellae,
2256 3336 2366 3375 non
2396 3331 2576 3378 autem
2599 3332 2783 3390 erant;
2817 3322 2905 3377 hic
2927 3331 3106 3377 autem
3134 3322 3201 3377 dc
3224 3322 3317 3377 his‘
3335 3322 3432 3392 qui

1848 3427 1975 3467 vere
2009 3410 2227 3467 luerunt
2254 3412 2443 3482 stellae,
2475 3422 2530 3468 et
2568 3421 2665 3468 aut
2713 3412 2781 3468 ad
2824 3413 3042 3485 plenum
3089 3411 3431 3480 ceciderunt,

1850 3514 1945 3560 aut
1968 3520 2031 3560 ex
2062 3514 2233 3575 parte.
2271 3505 2351 3561 Ad
2382 3521 2522 3576 quos
2547 3504 2981 3575 respondeamus
3009 3503 3270 3574 quoniam
3299 3518 3431 3574 pro-

1850 3595 2085 3652 ferentes
2118 3598 2365 3668 exempla
2397 3597 2512 3652 haec
2536 3613 2659 3668 qua:
2682 3597 3030 3667 protulimus,
3059 3596 3165 3651 hoc
3197 3594 3435 3651 demona

1850 3687 2145 3742 stravimus
2169 3687 2297 3758 quia
2326 3688 2549 3741 omnino
2576 3687 2745 3741 stellae
2778 3687 3025 3742 homines
3066 3694 3195 3741 sunt
3225 3684 3432 3740 intelli-

1850 3777 2030 3848 gendi,
2060 3792 2170 3831 non
2199 3777 2387 3847 quales
2415 3778 2601 3832 stellae.
2653 3776 2909 3847 Alioquin
2938 3776 3029 3831 ille
3070 3776 3226 3832 locus
3268 3788 3426 3830 suam

1851 3869 2012 3924 habet
2041 3868 2560 3937 interpretationem,
2594 3876 2648 3923 et
2677 3868 2766 3922 hic
2793 3882 2971 3923 suam.
3002 3864 3207 3922 Tamen
3238 3865 3326 3922 his
3350 3865 3426 3922 ita

1852 3958 2011 4014 factis
2040 3958 2245 4027 parebit
2273 3959 2483 4028 signum
2512 3954 2646 4011 Filii
2670 3957 2895 4011 hominis
2926 3956 2981 4010 in
3012 3955 3160 4024 creto,
3182 3964 3235 4010 et
3270 3955 3430 4026 plané

1850 4066 1969 4128 gent
2000 4072 2054 4110 se
2084 4065 2206 4110 tunc
2234 4055 2398 4109 tribus
2421 4063 2594 4108 terrm.
2624 4052 2706 4108 Ad
2736 4053 2850 4108 haec
2879 4069 2986 4108 non
3017 4061 3100 4107 est
3128 4051 3429 4107 absurdum

1851 4148 1930 4203 uti
1962 4147 2225 4219 exemplis
2247 4145 2525 4201 Zachariae
2549 4145 2824 4216 prophetae
2852 4144 2926 4199 ita
2954 4142 3281 4199 habentibus
3313 4159 3328 4196 :
3354 4139 3427 4197 Et

1850 4241 1949 4296 erit
1970 4241 2025 4294 in
2053 4239 2151 4293 illa
2177 4238 2280 4304 die,
2306 4254 2541 4308 quaeram
2564 4236 2774 4308 auferre
2792 4252 2971 4290 omnes
2995 4242 3170 4305 gentes
3196 4248 3317 4304 qua:
3341 4248 3431 4289 nec

1851 4330 2004 4385 niunt
2042 4344 2198 4399 super
2248 4325 2550 4381 Jerusalem
2572 4368 2588 4394 ,
2627 4337 2682 4380 et
2719 4327 2988 4396 effundam
3022 4340 3181 4394 super
3213 4324 3430 4378 domum

1851 4420 2053 4482 David,
2099 4428 2148 4473 et
2184 4434 2340 4488 super
2368 4416 2727 4471 habitantibus
2766 4418 2821 4470 in
2850 4414 3149 4470 Jerusalem
3184 4413 3432 4483 spiritum

1850 4512 2039 4582 gratia:
2061 4521 2109 4564 et
2134 4509 2524 4573 miserationis,
2559 4515 2613 4563 et
2635 4508 2913 4578 respiciant
2951 4505 3020 4559 ad
3058 4520 3141 4559 me
3177 4504 3433 4574 quoniam

164 4617 302 4667 sunt
346 4606 538 4663 referri
575 4605 643 4661 ad
669 4603 883 4675 aliquos
923 4604 1192 4676 principes
1230 4619 1417 4659 rerum
1462 4603 1749 4674 nequitiae,
1781 4614 1824 4669 ι)
1854 4603 2201 4668 saltauerunt,
2240 4609 2291 4656 et
2320 4601 2563 4674 plangent
2596 4614 2753 4669 super
2772 4615 2826 4654 se
2852 4595 3125 4668 planctum
3163 4594 3301 4649 sicut
3341 4603 3434 4647 stt-

162 4700 287 4757 sive
310 4696 379 4752 ad
411 4707 558 4753 tanta
587 4696 903 4753 ducentium
938 4694 1008 4750 ad
1057 4700 1287 4750 mortem
1331 4701 1551 4764 peccata
1577 4734 1592 4761 ,
1637 4710 1745 4750 non

159 4802 251 4850 est
275 4789 541 4860 temporis
569 4787 773 4859 hujus:
806 4794 1109 4859 exponetur
1135 4796 1315 4842 autem
1350 4793 1598 4858 tempore
1647 4802 1747 4843 suo

162 4877 221 4933 in
258 4875 612 4931 Revelatione
633 4873 880 4931 Joannis.
908 4872 1015 4930 Sed
1051 4880 1106 4928 et
1135 4872 1322 4929 decem
1354 4889 1561 4931 cornua
1599 4876 1748 4932 dice-

161 4982 249 5036 η,
287 4967 549 5038 quoniam
572 4976 700 5023 sunt
721 4982 886 5039 regna
935 4965 1258 5036 serpentium
1287 4966 1527 5034 malitiae,
1559 4976 1614 5024 et
1646 4969 1745 5025 ba-

162 5062 357 5120 bentis
392 5062 658 5132 serpentis
681 5069 955 5127 naturam,
981 5066 1036 5116 et
1061 5073 1276 5130 semper
1298 5067 1516 5130 pectore
1538 5068 1593 5117 et
1624 5075 1750 5116 ven-

163 5164 252 5213 tre
287 5155 537 5211 incedere
565 5170 662 5225 per
688 5162 905 5225 peccata
928 5194 944 5221 ,
979 5167 1080 5209 nec
1116 5151 1281 5208 modo
1313 5167 1584 5223 exponere
1614 5162 1752 5209 tem-

162 5263 276 5319 pus
309 5259 413 5302 est.
441 5243 582 5313 Quid
613 5245 852 5300 narratio
882 5258 1123 5315 praesens
1150 5242 1216 5300 de
1245 5250 1448 5313 septem
1480 5244 1752 5304 diadema-

163 5340 327 5395 tibus
354 5354 476 5409 qute
502 5337 667 5393 draco
692 5336 906 5392 videtur
934 5336 1134 5392 habere
1166 5350 1327 5406 super
1355 5344 1562 5406 septem
1596 5339 1747 5409 capi-

164 5440 223 5486 ta
253 5430 399 5487 sua?
426 5428 629 5501 Utputa
652 5428 956 5485 diademata
993 5443 1086 5499 per
1113 5427 1360 5500 singulos
1387 5428 1480 5498 qui
1506 5429 1747 5500 jungun-

163 5535 263 5582 tur
281 5520 747 5594 Suscipitaliquod
777 5533 940 5593 caput
963 5520 1242 5579 draconis.
1268 5518 1377 5577 Has
1393 5528 1573 5577 autem
1599 5523 1750 5593 prin-

161 5613 383 5686 cipales
412 5612 783 5683 expositiones
810 5621 972 5683 atque
1000 5611 1353 5683 probationes
1385 5620 1599 5682 oportet
1630 5613 1747 5670 lleri

238 5823 291 5856 ⁸⁷
316 5818 479 5877 Prov.
503 5833 616 5876 χιιι.
645 5819 700 5874 9.
731 5885 735 5886 ν
771 5817 822 5886 1⁸
844 5815 977 5871 Luc.
1005 5831 1062 5882 x,
1090 5813 1177 5871 18.
1255 5816 1302 5849 ’θ
1323 5814 1493 5886 Apoc.
1510 5831 1610 5885 xu,
1640 5788 1696 5886 δέ
1721 5817 1775 5875 ι.

159 5895 213 5934 ⁸³
233 5891 436 5950 Matth.
467 5891 627 5955 v,16.
702 5885 749 5920 ⁸⁵
769 5884 933 5942 Zach.
965 5900 1067 5952 xu,
1088 5885 1123 5940 9
1154 5893 1208 5942 et
1247 5884 1399 5959 seqq.

498 5978 925 6062 ΡΑτιιοικῦιι.
983 5978 1154 6043 Xlll.

1854 4712 1946 4767 per
1965 4695 2234 4761 dilectum,
2258 4704 2309 4748 et
2339 4692 2586 4747 dolebant
2616 4690 2797 4745 dolore
2818 4691 2959 4745 sicut
2981 4702 3137 4758 super
3164 4686 3435 4756 primoge-

1855 4792 2046 4844 nitum.
2074 4787 2140 4842 Et
2163 4788 2220 4841 in
2245 4787 2331 4841 die
2355 4783 2447 4840 illo
2474 4783 2905 4855 magniﬁcabitur
2928 4781 3172 4850 planctus
3197 4778 3252 4832 in
3274 4775 3435 4830 Jeru-

1855 4880 2020 4935 salem
2042 4879 2179 4935 sicut
2207 4878 2452 4949 planctus
2489 4874 2619 4930 mali
2651 4874 2862 4946 granati
2888 4872 3055 4927 excisi
3071 4871 3131 4924 in
3150 4882 3357 4936 eampo,
3383 4871 3435 4917 et

1853 4972 2063 5042 planget
2087 4987 2141 5025 se
2170 4981 2317 5025 terra
2331 4985 2423 5037 per
2438 4967 2639 5026 tribus:
2660 4966 2826 5020 tribus
2849 4965 3033 5017 domus
3058 4959 3228 5014 Daniel
3246 4972 3432 5012 secun-

1848 5065 1971 5118 dum
1994 5080 2069 5130 se,
2094 5071 2144 5118 et
2168 5061 2413 5117 mulieres
2434 5075 2614 5114 eorum
2637 5056 2923 5111 secundum
2952 5068 3036 5116 se;
3055 5051 3220 5105 tribus
3243 5047 3431 5100 domus

1850 5155 2073 5210 Nathan
2098 5152 2385 5208 secundum
2426 5167 2479 5205 se
2503 5190 2517 5216 ,
2560 5158 2608 5203 et
2652 5147 2895 5201 mulieres
2925 5157 3107 5197 eorum
3144 5136 3433 5193 secundum

1849 5264 1934 5311 se;
1962 5246 2131 5301 tribus
2156 5245 2345 5300 domus
2366 5241 2489 5296 Levi
2510 5239 2794 5295 secundum
2823 5252 2896 5301 se,
2912 5245 2961 5290 et
2984 5231 3229 5288 mulieres
3245 5241 3432 5284 eorum

1852 5338 2142 5393 secundum
2171 5349 2256 5400 se;
2293 5334 2461 5388 tribus
2487 5332 2675 5385 domus
2707 5328 2919 5384 Simeon
2943 5324 3233 5381 secundum
3261 5337 3339 5390 se,
3376 5330 3430 5374 et

1855 5427 2099 5483 mulieres
2125 5440 2304 5481 eorum
2332 5421 2616 5479 secundum
2631 5436 2704 5485 se,
2736 5427 2785 5473 et
2814 5432 2991 5472 omnes
3016 5415 3213 5469 relictis
3235 5409 3428 5475 tribus,

1854 5521 2141 5580 secundum
2178 5536 2269 5588 se,
2309 5528 2362 5574 et
2412 5517 2659 5572 mulieres
2692 5529 2874 5569 eorum
2930 5508 3218 5567 secundum
3254 5517 3310 5562 se
3358 5502 3439 5562 ’δέ

1854 5614 2028 5671 Omne
2060 5613 2224 5685 igitur
2256 5622 2533 5669 terrenum
2563 5622 2757 5681 agmen
2781 5620 2907 5662 cum
2937 5604 3008 5661 sit
3036 5602 3213 5660 tribus
3241 5609 3426 5666 teme,

1854 5819 1899 5855 “
1919 5816 2109 5878 Matth.
2136 5834 2210 5890 tv,
2238 5820 2325 5879 l9.
2358 5817 2447 5895 ﬁ“
2473 5815 2663 5876 Matth.
2689 5832 2745 5885 v,
2771 5815 2857 5873 lt.
2936 5814 2981 5848 ⁶²
2996 5811 3169 5883 Apoc.
3193 5818 3316 5874 thts
3344 5811 3439 5879 ιι.

2363 5934 2366 5939 .
3077 5966 3157 6031 ω
3297 5966 3338 5997 ἢ
