4004 6582
509 387 668 447 1875

1701 380 2026 443 ORIGENIS
2053 381 2122 440 IN
2162 380 2579 443 MATTHIEUM

3693 385 3830 443 1676

522 507 669 581 quod
694 519 817 562 esse
839 504 944 561 sibi
977 503 1081 576 ipsi
1117 504 1507 568 attribuerunt,
1538 503 1777 560 maxime
1821 505 1867 560 si
1903 512 2116 575 oportet
2146 506 2189 565 Α
2220 503 2528 558 vestimenta
2567 502 2682 573 ejus
2717 503 2866 574 facta
2901 510 3026 557 sunt
3055 501 3190 557 sicut
3220 502 3431 567 lumen,
3471 511 3520 556 et
3556 501 3706 557 uisas
3749 512 3825 555 est

519 601 580 658 in
609 599 798 670 aliquo
832 606 1181 669 peccatorum
1231 594 1606 652 abundantius
1638 597 1922 668 plangere,
1959 597 2118 667 plan-

523 702 652 765 gent
677 707 802 748 cum
849 691 1122 747 similibus
1172 690 1309 745 suis.
1354 688 1606 745 Arbitror
1639 698 1820 745 autem
1864 705 1962 760 per
2007 690 2122 746 haec

523 782 738 838 ostendi
769 780 1102 838 differentias
1127 772 1319 836 eorum
1350 781 1442 851 qui
1462 779 1787 835 videnturin
1812 781 1917 836 [ide
1951 779 2122 836 fuisse

521 883 576 930 et
608 874 662 928 in
699 887 803 928 suo
833 873 1074 944 agmine,
1112 888 1221 927 non
1268 881 1448 929 autem
1497 873 1823 944 placuerunt
1854 871 1986 929 Deo.
2025 872 2120 930 Est

521 981 652 1037 ergo
678 965 873 1022 domus
905 963 1071 1019 David
1102 965 1387 1035 plangens,
1420 963 1512 1034 qui
1547 980 1614 1019 ex
1656 963 1862 1034 popqu
1912 965 2122 1019 consti-

520 1058 623 1114 tuti
652 1057 817 1128 digua
851 1057 1072 1127 planctu
1103 1066 1363 1127 egerunt.
1394 1065 1490 1111 aut
1526 1056 1594 1111 de
1624 1054 1849 1128 regibus
1897 1064 1952 1111 et
2000 1071 2119 1110 ma-

521 1148 800 1219 gnatibus.
835 1146 939 1214 Qui
979 1158 1162 1202 autem
1189 1162 1257 1203 ex
1282 1147 1602 1204 doctoribus
1651 1148 1793 1203 male
1842 1147 2117 1211 vixerunt,

521 1248 654 1296 sunt
681 1239 857 1296 tribus
883 1237 1098 1295 Nathan
1123 1240 1410 1311 plangens,
1457 1239 1722 1311 quoniam
1765 1238 1980 1296 Nathan
2019 1239 2120 1294 fuit

521 1332 833 1404 propheta;
889 1331 1087 1388 docere
1131 1341 1312 1387 autem
1362 1341 1447 1388 est
1497 1333 1843 1403 prophetare.
1893 1332 1970 1386 ita
2024 1331 2118 1402 qui

520 1434 650 1480 sunt
690 1433 1001 1494 peccatores
1037 1439 1104 1480 ex
1151 1425 1240 1481 his
1284 1424 1376 1496 qui
1427 1425 1705 1496 praepositi
1760 1424 1981 1481 fuerunt
2011 1424 2119 1479 Ec-

518 1517 719 1584 clesiae,
775 1527 832 1573 et
891 1517 1256 1574 sacerdotium
1325 1518 1636 1575 habuerunt
1685 1519 2028 1591 injunctum’,
2067 1528 2122 1576 et

520 1622 632 1664 non
707 1607 848 1666 bene
914 1610 1370 1680 dispensaverunt
1431 1611 1847 1682 praeposituram
1906 1627 2062 1669 suam
2103 1653 2119 1678 ,

517 1699 695 1758 tribus
740 1711 868 1758 sunt
907 1701 1106 1759 domus
1146 1701 1276 1759 Levi
1320 1703 1604 1774 plangens.
1657 1702 1724 1759 Et
1764 1719 1953 1760 verum
1993 1707 2120 1775 qui-

513 1795 638 1850 dem
680 1794 896 1860 dicere,
936 1795 1021 1852 vel
1061 1796 1128 1852 de
1156 1796 1243 1851 his
1284 1812 1408 1868 quae
1445 1796 1711 1865 diximus,
1741 1797 1826 1852 vel
1855 1796 1923 1852 de
1971 1797 2115 1853 tribu

2223 595 2298 650 eis
2331 593 2540 664 Moyses
2572 602 2623 647 et
2663 591 2818 647 Elius
2851 592 3203 664 colloquentes
3225 609 3344 646 cum
3366 610 3448 648 eo.
3477 591 3550 645 Et
3571 608 3715 658 ecce,
3746 593 3830 645 in—

2222 685 2362 756 quit,
2393 685 2552 740 nubes
2578 684 2759 739 lucida
2782 685 3116 740 obumbravit
3133 702 3243 754 eos,
3266 696 3316 740 et
3339 703 3456 741 ecce
3477 702 3579 741 eoa:
3601 687 3670 740 de
3689 687 3828 740 nube

2221 771 2400 826 dicens
2433 788 2450 826 :
2491 771 2595 826 llic
2614 783 2690 826 est
2723 772 2904 827 Filius
2929 790 3072 828 meus
3098 774 3325 830 dilectus
3354 777 3408 829 in
3439 793 3542 847 quo
3575 778 3827 845 compla-

2221 864 2330 929 cui,
2355 865 2528 933 ipsum
2552 865 2756 920 audite.
2793 864 2947 921 Sicut
2985 882 3117 936 ergo
3139 867 3361 938 quando
3393 867 3826 924 transformatus

2219 965 2324 1021 est,
2356 957 2691 1027 resplenduit
2729 957 2898 1015 facies
2924 960 3045 1030 ejus
3072 961 3215 1017 sicut
3248 962 3350 1029 soi,
3392 971 3445 1016 et
3485 963 3824 1018 vestimenta

2221 1049 2341 1121 ejus
2369 1049 2510 1106 facta
2542 1059 2671 1106 sunt
2691 1051 2833 1107 sicut
2867 1053 3086 1120 lumen,
3129 1062 3185 1109 et
3220 1069 3326 1109 vox
3367 1055 3510 1110 venit
3557 1056 3626 1110 de
3674 1057 3825 1110 nube

2220 1142 2410 1198 dicens
2441 1159 2454 1195 :
2486 1141 2590 1196 Hic
2619 1153 2696 1197 est
2727 1142 2905 1198 Filius
2931 1161 3078 1200 meus
3107 1146 3333 1200 dilectus
3369 1148 3424 1200 in
3452 1164 3554 1218 quo
3581 1150 3823 1217 compla-

2221 1237 2330 1301 cui,
2374 1237 2454 1292 sic
2490 1251 2615 1292 cum
2665 1237 2874 1294 venerit
2917 1239 3138 1304 iterum,
3186 1239 3417 1296 forsitan
3463 1241 3516 1296 in
3575 1243 3821 1312 speciem

2223 1327 2705 1386 transformabitur
2735 1332 3030 1402 gloriosam
3063 1341 3195 1387 :aut
3214 1333 3354 1388 sicut
3381 1347 3512 1388 tunc
3545 1333 3822 1389 transfor-

2223 1431 2405 1478 matus
2437 1433 2520 1477 est
2550 1437 2738 1478 coram
2765 1424 2941 1480 tribus
2971 1424 3258 1496 discipulis
3288 1425 3406 1482 suis
3425 1465 3442 1490 ,
3483 1436 3678 1496 postea
3725 1442 3818 1481 ve-

2222 1515 2332 1572 niet
2361 1531 2468 1572 non
2487 1531 2654 1587 super
2683 1532 2847 1572 unam
2872 1518 3096 1584 nubem,
3129 1519 3225 1574 sed
3253 1534 3417 1589 super
3447 1519 3675 1582 multas,
3700 1535 3820 1589 quae

2219 1617 2384 1663 erunt
2416 1608 2723 1664 vehiculum
2749 1609 2887 1680 ejus.
2932 1608 3205 1676 Quoniam
3250 1619 3432 1667 autem
3469 1626 3821 1681 consequens

2220 1709 2304 1757 est
2331 1701 2470 1756 utin
2503 1702 2781 1757 meliorem
2832 1702 3060 1774 gloriam
3107 1703 3466 1770 reformetur,
3503 1721 3675 1775 quam
3725 1704 3822 1759 fuit

2222 1793 2646 1851 transformatus
2673 1794 2728 1849 in
2758 1803 2966 1858 monte,
2989 1795 3341 1851 manifestum
3376 1805 3463 1852 est
3480 1813 3547 1853 ex
3581 1812 3650 1852 eo
3676 1798 3822 1867 quod

516 1885 764 1953 Simeon,
797 1885 887 1944 Dei
921 1889 1094 1944 solius
1120 1895 1207 1944 est
1234 1906 1248 1942 :
1281 1904 1384 1944 nos
1418 1898 1600 1944 autem
1633 1888 1687 1944 iu
1718 1888 1976 1960 praesenti
2018 1904 2114 1960 ap—
2147 1871 2192 1927 Β
2220 1895 2352 1943 tunc
2377 1888 2597 1958 quidem
2627 1902 2814 1944 coram
2849 1888 3027 1944 tribus
3055 1890 3432 1946 tantummodo
3455 1889 3824 1946 transierim.

514 1988 723 2048 tamus,
762 1981 1024 2050 quoniam
1074 1997 1266 2037 omnes
1310 1983 1405 2053 qui
1446 1982 1766 2038 catechizati
1804 1981 2026 2038 fuerunt
2059 1990 2114 2038 et

513 2072 768 2128 instructi
794 2085 923 2128 sunt
949 2074 1138 2130 divino
1167 2075 1453 2146 mysterio,
1488 2090 1590 2131 nec
1621 2074 1845 2131 fuerunt
1875 2075 2112 2131 ordinati

512 2162 572 2218 in
605 2163 789 2234 aliqua
821 2164 1063 2220 tribuum
1093 2180 1232 2235 quas
1267 2164 1512 2221 diximus
1536 2180 1724 2237 supra,
1766 2175 1822 2222 et
1847 2181 2110 2236 peccave-

514 2265 646 2313 runt
679 2266 902 2328 peccata
933 2257 1142 2329 gravia,
1170 2259 1360 2330 quales
1384 2268 1516 2314 sunt
1562 2258 1784 2330 plurimi
1820 2259 2110 2324 laicorum,

513 2348 693 2405 tribus
720 2359 850 2405 sunt
880 2349 1104 2406 Simeon
1136 2369 1151 2406 :
1178 2351 1377 2423 reliqui
1410 2361 1594 2408 autem
1643 2353 1926 2421 homines,
1973 2369 2115 2424 quas

515 2441 657 2498 dixit
689 2443 866 2500 tribus
902 2445 1140 2513 relictas,
1170 2460 1312 2516 quas
1358 2445 1672 2517 specialiter
1709 2463 1818 2502 non
1856 2448 2112 2502 nomina-

513 2534 613 2590 vit.
647 2533 767 2591 Non
799 2546 981 2593 autem
1016 2537 1399 2608 qualecunque
1427 2549 1512 2593 est
1545 2553 1685 2608 opus
1721 2538 1903 2594 dicere
1950 2549 2006 2595 et
2047 2541 2115 2596 de

515 2626 842 2683 mulieribus
870 2628 1211 2700 singularum
1245 2629 1484 2684 tribuum
1515 2629 1899 2702 plangentibus
1934 2646 1994 2687 se
2024 2647 2114 2687 se-

515 2716 759 2773 cundum
794 2733 872 2773 sc.
907 2717 974 2773 Et
1002 2719 1125 2774 vide
1157 2720 1203 2776 si
1244 2731 1402 2791 potes
1428 2720 1481 2776 in
1529 2721 1762 2792 singulis
1804 2722 2116 2794 quibusque

513 2809 787 2866 classibus
813 2826 911 2868 eos
942 2812 1161 2883 quidem
1195 2813 1288 2884 qui
1322 2814 1724 2884 corporaliores
1773 2823 1828 2870 et
1857 2816 2112 2871 mundia-

515 2903 683 2960 iiores
709 2902 949 2971 fuerunt,
989 2905 1171 2962 dicere
1203 2905 1502 2974 mulieres;
1544 2908 1640 2978 qui
1689 2917 1872 2962 autem
1919 2923 2113 2963 eorum

513 2997 935 3067 comparatione
965 2996 1224 3053 meliores
1260 2997 1500 3065 fuerunt,
1530 2999 1678 3054 viros
1708 2999 1900 3055 fuisse.

585 3087 676 3143 50.
713 3086 782 3142 Et
804 3088 1050 3144 videbunt
1085 3087 1289 3144 Filium
1315 3091 1545 3145 hominis
1568 3093 1854 3152 venientem
1875 3093 1930 3146 in
1953 3093 2113 3146 nubi;

511 3179 614 3234 bus
638 3196 759 3234 cum
785 3180 980 3236 virtute
1002 3193 1049 3236 et
1077 3183 1249 3252 gloria
1277 3183 1447 3236 multa
1483 3183 1549 3238 ⁸⁸.
1588 3182 1863 3250 Quoniam
1897 3183 2112 3238 videtur

515 3271 827 3342 suscepisse
854 3270 1096 3327 Ecclesia
1122 3272 1388 3329 catholica
1418 3289 1544 3329 cum
1575 3273 1700 3331 aliis
1721 3275 2112 3332 traditionibus

514 3358 686 3415 etiam
713 3361 780 3416 de
803 3361 1007 3416 Christi
1034 3361 1268 3416 adventu
1303 3363 1546 3419 secundo
1573 3405 1590 3431 ,
1623 3365 1885 3435 quoniam
1915 3365 2022 3418 erit
2056 3366 2109 3419 in

518 3454 692 3524 gloria
743 3454 1099 3511 manifestum
1145 3467 1247 3510 est.
1307 3454 1500 3512 Utrum
1555 3466 1737 3514 autem
1806 3457 2110 3514 secundum

516 3547 666 3620 quod
690 3548 955 3619 scriptum
985 3559 1068 3605 est
1091 3548 1145 3603 iu
1174 3549 1278 3606 hoc
1314 3551 1459 3615 loco,
1493 3551 1665 3606 nubes
1693 3551 2010 3621 corporales
2030 3560 2112 3607 at-

511 3656 631 3713 que
664 3643 954 3699 sensibiles
993 3643 1314 3699 existimare
1342 3643 1608 3700 debemus
1634 3644 1948 3701 vehiculum
1988 3660 2113 3701 esse

518 3733 719 3805 ipsius,
741 3744 794 3791 et
828 3737 1130 3793 secundum
1153 3736 1469 3807 hujusmodi
1503 3737 1677 3793 nubes
1705 3736 1934 3792 multam
1962 3736 2110 3791 illam

431 3857 439 3866 -
515 3827 775 3883 virtutem
810 3837 864 3885 et
892 3828 1124 3899 gloriam
1151 3839 1472 3899 exspectare
1499 3829 1784 3894 debemus,
1831 3837 1927 3884 aut
1954 3829 2111 3900 juxta

521 3918 964 3975 observationem
1001 3917 1150 3973 verbi
1208 3918 1583 3990 simplicioris,
1621 3918 1786 3973 etiam
1831 3919 2113 3973 moraliter

518 4017 604 4064 est
628 4009 1114 4075 considerandum,
1137 4019 1232 4064 aut
1262 4024 1362 4064 nec
1392 4010 1620 4065 omnino
1640 4008 1932 4064 observare
1956 4009 2115 4064 debe-

518 4116 646 4156 mus
674 4102 1082 4173 simplicitatem
1109 4103 1280 4165 verbi,
1317 4102 1412 4158 sed
1452 4103 1799 4158 solummodo
1844 4102 2110 4156 moralem

509 4190 748 4260 exsequi
781 4191 1138 4258 intellectum,
1170 4207 1277 4246 non
1306 4192 1684 4264 cujuscunque
1705 4201 1789 4249 est
1811 4193 2112 4248 deliberare

523 4294 580 4340 et
601 4284 890 4356 diligenter
924 4286 1159 4341 scrutari
1190 4285 1404 4358 singula
1425 4286 1566 4352 loca,
1595 4295 1649 4341 et
1681 4295 1970 4358 postquam
1999 4294 2112 4340 tra-

519 4382 750 4439 ctaverit
777 4383 1002 4438 verbum
1032 4383 1338 4440 secundum
1370 4398 1455 4451 ea,
1483 4383 1564 4438 sic
1594 4382 1966 4452 pronuntiare
1979 4382 2112 4452 quid

519 4474 869 4544 potissimum
902 4475 1089 4531 verius
1123 4475 1195 4530 sit
1215 4490 1428 4540 eorum,
1457 4483 1512 4529 et
1543 4474 1834 4530 continens
1874 4489 2112 4544 evange-

2216 1992 2304 2039 tus
2325 1992 2429 2048 est,
2458 1982 2512 2037 iu
2540 1982 3016 2039 consummatione
3042 1991 3224 2038 autem
3247 1981 3415 2055 869
3437 1983 3636 2038 mundi
3659 1984 3821 2038 totius

2217 2075 2500 2147 apparebit
2525 2075 2580 2130 in
2604 2076 2776 2147 gloria
2800 2075 2995 2144 multa,
3027 2082 3090 2131 ut
3118 2075 3335 2130 videant
3359 2090 3490 2130 eum
3523 2090 3726 2130 omnes
3769 2077 3816 2130 in

2217 2167 2411 2240 gloria.
2467 2166 2535 2222 Et
2578 2177 2709 2224 tunc
2753 2167 2977 2238 quidem
3031 2166 3370 2222 descendens
3411 2164 3602 2221 lucida
3652 2165 3821 2220 nubes

2217 2261 2702 2328 adumbraviteos,
2728 2246 2919 2331 postea
2950 2270 3134 2316 autem
3189 2259 3372 2316 multae
3414 2260 3599 2316 nubes
3635 2270 3820 2330 porta-

2217 2355 2356 2410 bunt
2387 2353 2585 2409 Filium
2641 2355 2881 2410 hominis
2920 2354 3227 2409 venientem
3281 2369 3408 2409 cum
3442 2352 3706 2408 vehiculo
3741 2353 3824 2406 di-

2218 2460 2326 2516 gno
2353 2445 2539 2516 gloriae
2570 2459 2707 2501 suae.
2744 2441 2896 2499 Dicet
2919 2453 3102 2499 autem
3131 2443 3353 2513 aliquis,
3383 2442 3658 2514 quoniam
3682 2443 3820 2497 sicut

2217 2537 2272 2592 in
2310 2535 2530 2593 ﬁctione
2560 2535 2802 2591 hominis
2832 2534 3044 2604 accepit
3073 2532 3217 2590 Deus
3245 2534 3438 2588 limum
3469 2533 3542 2590 de
3571 2543 3745 2600 terra,
3771 2543 3820 2587 ct

2219 2629 2383 2685 ﬁnxit
2400 2629 2704 2694 hominem,
2721 2626 2821 2692 sic,
2841 2633 2901 2681 ut
2915 2626 3359 2696 appareatgloria
3372 2624 3821 2696 Christi,accepit

2220 2721 2366 2778 Deus
2393 2722 2459 2777 de
2489 2721 2629 2778 caelo
2644 2721 2781 2776 etde
2801 2720 3009 2776 caelesti
3037 2733 3286 2790 corpore,
3305 2728 3360 2775 et
3374 2720 3697 2790 corporavit
3712 2721 3824 2790 prio

2219 2831 2370 2870 mum
2388 2815 2608 2884 quidem
2642 2814 2696 2868 iu
2717 2815 2918 2869 nubem
2951 2811 3210 2879 lucidam,
3242 2811 3298 2866 in
3335 2811 3821 2866 consummatione

2219 2917 2400 2964 autem
2437 2907 2491 2962 in
2528 2908 2702 2963 nubes
2737 2906 2968 2971 lucidas,
2986 2912 3209 2976 propter
3237 2904 3384 2974 quod
3409 2913 3465 2959 et
3488 2904 3669 2959 nubes
3698 2902 3820 2958 (ιωιί

2218 3001 2500 3065 dicuntur,
2534 2998 2836 3056 secundum
2865 2998 3012 3069 quod
3041 3008 3095 3052 et
3124 2996 3286 3052 limus
3312 3005 3473 3051 terrae
3502 3005 3591 3051 est
3617 2997 3819 3049 dictus.

2219 3094 2287 3150 Et
2315 3095 2460 3151 dicet
2491 3093 2707 3149 Patrem
2737 3093 2866 3160 talia
2889 3090 3140 3147 miranda
3177 3089 3385 3144 donare
3413 3087 3559 3144 Filio
3593 3104 3704 3145 suo
3731 3088 3819 3158 qui

2221 3187 2460 3258 seipsum
2487 3185 2814 3251 humiliavit,
2834 3193 2888 3239 et
2909 3192 3130 3254 propter
3156 3181 3508 3237 dilectionem
3537 3198 3648 3235 non
3675 3182 3820 3249 rapi-

2216 3297 2337 3335 nam
2354 3278 2645 3334 arbitratus
2665 3286 2868 3332 estesse
2881 3292 2936 3330 se
2951 3274 3207 3345 aequalem
3225 3273 3353 3339 Deo,
3373 3274 3466 3328 sed
3477 3283 3646 3327 semet
3657 3277 3817 3342 ipsum

2215 3372 2508 3428 exinanivit
2526 3371 2754 3441 formam
2766 3371 2902 3424 servi
2921 3370 3184 3436 accipiens
3201 3369 3264 3434 ⁸⁷,
3278 3376 3333 3421 et
3349 3366 3532 3421 factus
3549 3376 3632 3421 est
3651 3382 3818 3436 agnus

2219 3466 2313 3521 Dei
2338 3473 2397 3520 ut
2421 3464 2576 3519 tollat
2602 3461 2791 3517 mundi
2827 3469 3053 3531 peccata
3092 3460 3156 3514 ⁵⁸.
3193 3458 3420 3529 Propter
3449 3459 3560 3514 hoc
3592 3458 3738 3513 enim
3769 3466 3816 3509 et

2217 3556 2359 3611 Deus
2375 3553 2786 3624 superexaltavit
2803 3569 2942 3617 eum,
2968 3562 3012 3605 et
3043 3550 3260 3605 donavit
3283 3549 3366 3602 illi
3378 3565 3574 3602 nomen
3593 3548 3814 3617 quodest

2214 3664 2371 3717 super
2390 3662 2542 3700 omne
2564 3661 2750 3699 nomen
2766 3644 2832 3698 θ’.
2851 3642 2968 3697 Non
2988 3643 3163 3698 solum
3189 3650 3370 3697 autem
3397 3641 3668 3696 exaltavit
3692 3654 3810 3694 eum

2215 3737 2516 3790 secundum
2546 3733 2836 3803 spiritum,
2886 3732 2981 3787 sed
3011 3732 3175 3786 etiam
3233 3730 3541 3786 secundum
3591 3745 3809 3800 corpus,

2216 3839 2274 3882 ut
2302 3841 2398 3896 per
2432 3825 2616 3880 omnia
2653 3826 2725 3880 sit
2749 3825 3040 3879 exaltatus.
3071 3823 3138 3877 Et
3167 3839 3368 3894 corpus
3399 3823 3551 3894 quod
3575 3823 3810 3892 suscepit

2213 3919 2282 3974 de
2315 3919 2518 3973 virtute
2545 3917 2834 3980 Altissimi,
2865 3925 2919 3971 et
2949 3917 3015 3972 de
3043 3914 3268 3986 Virgine
3296 3905 3619 3984 hujusmodi
3653 3914 3808 3968 mini-

2214 4012 2442 4068 sterium
2480 4011 2846 4077 ministrante,
2877 4008 3112 4065 debebat
3143 4007 3404 4062 honorari
3456 4015 3516 4062 ut
3561 4016 3616 4062 et
3648 4021 3807 4076 super

2215 4102 2416 4158 talibus
2443 4100 2681 4156 trabibus
2705 4101 2945 4167 veniret;
2982 4097 3210 4154 forsitan
3236 4113 3403 4168 super
3435 4098 3676 4152 nubibus
3691 4099 3808 4151 ani-

2215 4197 2379 4252 matis
2409 4204 2462 4250 et
2488 4193 2848 4250 rationalibus
2879 4201 2936 4246 ut
2961 4207 3030 4247 ne
3065 4191 3185 4247 sine
3213 4191 3398 4244 anima
3430 4199 3486 4243 et
3515 4189 3809 4243 irrationa-

2218 4290 2328 4344 bile
2355 4295 2502 4344 esset
2531 4285 2838 4340 vehiculum
2873 4282 2994 4338 Filii
3027 4281 3268 4338 hominis
3295 4281 3617 4352 gloriﬁcati,
3667 4281 3807 4334 sicut

2215 4381 2320 4437 fuit
2342 4381 2459 4437 sine
2488 4379 2671 4434 anima
2700 4393 2914 4442 currus,
2953 4373 3358 4430 irrationabiles
3388 4385 3576 4429 autem
3608 4374 3730 4443 equi
3753 4374 3806 4426 in

2216 4473 2417 4544 quibus
2449 4471 2604 4525 visus
2632 4477 2718 4523 est
2745 4465 2955 4522 assumi
2985 4463 3153 4528 Elias,
3202 4463 3507 4519 secundum
3556 4459 3769 4530 Scripta
3796 4488 3804 4498 -

519 4565 686 4622 licum
717 4582 968 4630 sensum,
994 4575 1049 4623 et
1070 4569 1406 4624 voluntatem
1434 4568 1661 4635 Christi,
1695 4569 1789 4638 qui
1817 4568 1921 4624 ista
1957 4569 2110 4623 loeu-
2143 4585 2188 4640 ι)
2216 4580 2332 4620 ram
2365 4564 2633 4619 dicentem
2663 4561 2709 4591 ⁷ο
2737 4578 2751 4614 :
2781 4557 2852 4613 Et
2871 4573 2986 4612 ecce
3009 4572 3198 4610 currus
3227 4555 3408 4625 igneus
3435 4565 3483 4607 et
3509 4554 3631 4622 equi
3654 4552 3804 4622 ignis.

520 4671 610 4718 tus
636 4671 738 4718 est.
762 4662 875 4718 Sed
911 4678 1032 4733 age,
1060 4679 1162 4720 nos
1192 4680 1368 4736 pauca
1414 4665 1484 4721 de
1517 4665 1735 4722 modica
1770 4665 1970 4721 virtute
1996 4705 2012 4730 ,
2067 4666 2114 4720 si

522 4762 704 4809 tamen
731 4754 815 4808 vel
843 4755 1020 4824 ipsam
1051 4754 1343 4824 habemus,
1373 4770 1714 4827 exponamus
1747 4758 1832 4812 his
1870 4757 1925 4811 in
1959 4757 2112 4824 locis,

521 4857 577 4903 et
629 4847 869 4919 primum
911 4847 1142 4918 quidem
1196 4849 1500 4904 secundum
1553 4857 1785 4904 textum.
1841 4849 2115 4906 Videbunt

521 4940 698 4997 oculis
724 4941 1104 5012 corporalibus
1132 4940 1332 4996 Filium
1362 4941 1603 4998 hominis
1627 4942 1682 4996 in
1713 4943 1895 5011 specie
1925 4945 2116 4998 Imma-

521 5048 594 5089 na
628 5033 930 5089 venientem
961 5049 1126 5105 super
1153 5034 1327 5090 nubes
1359 5049 1646 5103 supernas,
1692 5049 1814 5105 quae
1849 5035 1970 5089 ideo
2016 5053 2114 5090 nu-

521 5124 619 5182 bes
649 5126 774 5182 coeli
807 5127 1086 5192 dicuntur,
1117 5143 1244 5184 cum
1272 5127 1476 5182 virtute
1521 5138 1574 5182 et
1608 5127 1782 5198 gloria
1819 5126 2010 5181 multa.
2047 5126 2114 5183 Et

516 5220 856 5276 conveniunt
882 5220 1010 5276 huic
1037 5221 1370 5292 expositioni
1394 5236 1520 5292 quae
1553 5221 1808 5293 superius
1844 5221 1898 5274 in
1932 5218 2113 5274 Evan-

519 5309 663 5383 gelio
686 5310 944 5366 dicuntur
973 5311 1078 5366 hoc
1111 5311 1276 5368 modo
1307 5312 1352 5344 “
1382 5330 1395 5365 :
1430 5309 1565 5366 Cum
1606 5312 1979 5380 assumpsisset
2013 5309 2111 5363 Je-

522 5419 612 5458 sus
646 5403 884 5471 Petrum,
916 5413 967 5459 et
991 5404 1274 5474 Joannem,
1301 5414 1352 5461 et
1379 5404 1666 5469 Iacobum,
1697 5405 1880 5460 eduxit
1901 5421 1988 5460 eos
2014 5419 2107 5457 su-

521 5510 614 5561 per
645 5506 874 5551 montem
895 5496 1161 5550 excelsum
1183 5497 1363 5563 nimis,
1399 5513 1656 5561 seorsum,
1685 5507 1734 5550 et
1759 5496 2112 5565 transﬁgura-

524 5597 610 5641 tus
639 5597 716 5642 est
745 5603 924 5641 coram
957 5589 1055 5656 eis,
1087 5597 1138 5641 et
1162 5587 1425 5656 splenduit
1452 5589 1612 5642 facies
1633 5588 1748 5656 ejus
1770 5588 1906 5642 sicut
1933 5586 2032 5650 sol,
2060 5595 2110 5638 et

601 5796 854 5856 “Matth.
885 5815 1034 5864 ικιν,
1069 5800 1158 5855 50.

523 5868 656 5935 Reg.
687 5887 746 5935 ιι,
784 5872 870 5928 11.
945 5871 990 5905 ⁷¹
1013 5868 1158 5927 Psal.
1190 5883 1304 5935 Lvt,
1328 5868 1414 5923 11.

1263 5798 1309 5829 ⁸⁸
1334 5795 1522 5853 Matth.
1548 5811 1686 5863 xvn,
1713 5795 1737 5849 1
1791 5804 1846 5849 et
1871 5807 2024 5863 seqq.

1494 5867 1537 5900 7’
1561 5859 1748 5933 lsa.'v,
1772 5864 1824 5920 ϐ.
1901 5859 2163 5918 "Matth.
2194 5875 2328 5929 xvu,
2354 5859 2402 5913 ὅ.

2213 4658 2488 4726 Quoniam
2538 4665 2721 4710 autem
2786 4653 3042 4706 animata:
3100 4659 3153 4704 et
3219 4647 3578 4702 rationabiles
3636 4646 3805 4699 nubes

2213 4758 2395 4810 erunt,
2426 4763 2548 4818 qua:
2580 4753 2745 4801 erunt
2773 4744 3084 4799 vehiculum
3123 4740 3246 4795 Filii
3297 4740 3429 4804 Dei,
3474 4740 3801 4811 proferimus

2213 4835 2445 4905 exempli
2479 4849 2647 4890 causa
2685 4833 2832 4904 quod
2865 4831 3130 4887 dicitur"
3172 4850 3184 4886 :
3224 4829 3294 4883 Et
3319 4833 3512 4884 veritas
3539 4841 3629 4884 tua
3648 4845 3800 4899 usque

2217 4931 2285 4984 ad
2337 4928 2518 4982 nubes.
2570 4927 2636 4982 Et
2702 4929 2899 4983 iterum
2943 4927 2989 4955 "
3045 4944 3058 4980 :
3131 4924 3400 4978 Mandabo
3464 4923 3684 4976 nubibus
3736 4937 3800 4974 ne

2216 5023 2403 5094 pluunt
2431 5037 2590 5091 super
2633 5020 2785 5074 illam
2833 5019 3090 5089 pluviam.
3145 5017 3380 5072 Maxime
3413 5026 3595 5071 autem
3641 5031 3699 5070 ex
3731 5028 3798 5066 eo

2217 5118 2360 5190 quod
2393 5116 2595 5172 dicitur
2647 5114 2694 5145 ⁷³
2730 5132 2743 5167 :
2785 5111 2853 5166 Et
2885 5128 3000 5166 ecce
3049 5110 3209 5164 nubes
3241 5109 3420 5163 lucida
3471 5106 3794 5161 adumbratit

2215 5227 2326 5276 eos,
2349 5217 2397 5263 et
2420 5222 2535 5261 ecce
2566 5219 2664 5258 vox
2698 5205 2764 5258 de
2786 5199 2919 5256 nube
2950 5201 3129 5253 dicens
3159 5214 3265 5252 non
3297 5197 3430 5267 quia
3462 5197 3634 5250 nubes
3674 5192 3792 5246 Filii

2217 5310 2335 5358 erat
2360 5298 2540 5359 Pater,
2575 5296 2691 5360 sed,
2728 5305 2785 5347 ut
2816 5294 2888 5347 ita
2920 5293 3098 5347 dicam
3126 5329 3138 5353 ,
3178 5291 3404 5344 verbum
3453 5288 3549 5343 Dei
3598 5285 3788 5340 factum

2218 5395 2392 5450 estad
2415 5407 2560 5454 eam,
2595 5390 2736 5444 sicut
2768 5387 2971 5442 factum
3003 5394 3086 5440 est
3111 5384 3176 5438 ad
3209 5383 3523 5452 prophetas.
3557 5379 3617 5433 Et
3654 5379 3794 5432 sicut

2217 5488 2311 5558 qui
2340 5486 2493 5541 audit
2522 5484 2716 5539 Isaiam
2741 5481 3012 5536 dicentem
3034 5479 3080 5510 ⁷⁸
3115 5497 3127 5532 :
3155 5475 3328 5530 Filios
3351 5475 3506 5546 genui
3527 5485 3575 5528 et
3595 5470 3788 5525 exaltu-

2215 5580 2287 5646 υἱ,
2320 5579 2423 5648 ipsi
2466 5587 2642 5632 autem
2674 5590 2752 5626 me
2775 5581 3099 5641 spreverunt,
3119 5583 3227 5623 non
3263 5568 3483 5632 Isaiam,
3511 5565 3599 5620 sed
3621 5564 3785 5617 Deum

2135 5791 2176 5823 θ’
2200 5787 2397 5857 Philip.
2426 5803 2485 5850 ιι,
2509 5786 2562 5841 6.
2642 5785 2686 5815 °'
2712 5783 2872 5840 Joan.
2901 5802 2938 5851 ι,
2963 5783 3052 5841 56.
3133 5783 3175 5816 ⁸³
3202 5780 3402 5851 Philip.
3445 5793 3504 5847 tt,
3526 5777 3576 5835 9.
3644 5767 3779 5826 "IV

2483 5858 2528 5889 ⁷⁸
2549 5857 2654 5911 lsa.
2686 5871 2725 5924 ι,
2747 5857 2800 5909 2.
