4004 6540
199 401 340 457 Ιϐτῗ

1335 392 1990 452 COMMENTARIORUM
2034 395 2300 452 SERIES.

3329 399 3355 452 l
3367 398 3468 455 678

197 521 420 578 Patrem
453 520 605 577 audit
641 537 696 576 tn
723 518 898 587 Isaia;
943 503 1025 574 sic
1071 518 1163 590 qui
1200 517 1494 574 audiebant
1523 519 1592 574 de
1637 518 1779 574 nube
1809 522 1854 580 Α
1885 532 2006 572 nem
2033 516 2101 585 θ’,
2128 518 2282 573 locus
2307 533 2362 571 in
2390 532 2492 588 quo
2531 517 2787 573 Dominus
2825 533 3005 577 eorum
3045 527 3332 591 cruciﬁxus
3366 533 3466 588 est,

196 627 392 668 vocem
427 611 720 676 dicentem,
753 608 856 664 llic
878 618 955 663 est
988 606 1163 662 Filius
1197 625 1342 662 meus
1384 607 1630 674 dilectus,
1671 622 1781 662 non

195 705 425 768 nubem,
451 703 546 758 sed
569 701 782 759 Patrem
810 701 864 756 in
895 716 960 756 ea
996 699 1374 756 testiﬁcantem
1423 699 1612 769 gloria:
1661 697 1782 752 Filii

196 797 514 851 audiebant.
549 793 607 850 Si
653 809 784 866 ergo
821 803 948 850 ante
995 793 1268 864 passionis
1315 790 1782 862 dispensationem

195 887 326 942 talis
366 886 466 942 luit
495 888 668 943 nubes
693 887 1042 958 prophetans,
1072 886 1202 956 quid
1225 885 1487 940 debemus
1516 883 1698 940 dicere
1718 882 1785 938 de

197 978 440 1034 nubibus
468 978 590 1034 caeli
621 993 788 1049 super
812 978 1013 1048 quibus
1045 977 1329 1032 venientem
1370 974 1576 1030 Filium
1615 974 1785 1028 homi-

195 1071 280 1123 nis
312 1070 572 1126 videbunt
589 1088 712 1125 ciem
745 1073 935 1126 virtute
954 1079 1004 1126 et
1033 1069 1203 1142 gloria
1235 1067 1406 1123 multa
1427 1067 1522 1138 qui
1548 1067 1786 1122 viderint

194 1176 326 1216 eum
355 1161 520 1216 tunc?
541 1160 606 1216 Et
633 1162 680 1217 si
705 1161 924 1233 quidem
945 1175 1005 1218 ut
1034 1177 1100 1217 ne
1125 1171 1327 1217 terram
1347 1159 1582 1216 calcaret
1611 1156 1785 1212 Filius

197 1249 296 1304 Dei
333 1250 388 1305 in
422 1249 797 1322 Jerosnlymis,
820 1252 1106 1322 diligentes
1133 1266 1260 1308 eum
1285 1258 1597 1308 straverunt
1617 1248 1786 1304 vesti-

197 1353 386 1398 menta
420 1358 518 1399 sua
545 1343 599 1398 in
629 1345 738 1412 via,
771 1359 949 1415 neque
973 1344 1202 1399 asellum
1232 1343 1328 1414 qui
1367 1342 1619 1414 portabat
1657 1355 1782 1396 eum

195 1435 446 1490 volentes
479 1444 681 1490 terram
713 1435 953 1503 calcare,
1003 1435 1135 1506 quid
1179 1435 1380 1490 mirum
1426 1433 1478 1490 si
1525 1431 1686 1489 Pater
1731 1439 1786 1488 et

198 1532 629 1590 Deusomnium
670 1533 842 1589 nubes
881 1541 1092 1590 Sternat
1117 1532 1369 1588 ctelestes
1407 1532 1511 1589 sub
1549 1545 1781 1602 corpore

197 1627 327 1682 Filii
351 1627 730 1683 descendentis
756 1627 822 1682 ad
851 1639 992 1697 opus
1015 1623 1544 1680 consummationis?
1575 1623 1642 1679 Et
1668 1622 1785 1694 pri-

198 1733 356 1772 mum
385 1717 603 1788 quidem
630 1718 777 1772 venit
795 1715 960 1774 Jesus
988 1731 1114 1773 cum
1142 1716 1345 1772 virtute
1376 1725 1431 1772 et
1475 1716 1646 1788 gloria
1675 1730 1784 1787 qua

197 1811 602 1883 gloriﬁcaverat
627 1827 753 1867 eum
777 1809 958 1879 Pater,
983 1825 1048 1866 es
1080 1825 1188 1882 qua
1223 1810 1425 1866 virtute
1456 1809 1688 1866 faciebat
1710 1809 1785 1865 si-

197 1919 308 1974 gna
345 1913 400 1959 et
427 1903 672 1974 prodigia
698 1901 753 1958 in
782 1901 1018 1973 populo,
1053 1910 1108 1958 et
1149 1913 1369 1958 omnem
1410 1901 1781 1956 inﬁrmitatem

195 2005 252 2051 et
280 1996 602 2067 languorem
635 1994 903 2062 sanabat;
932 2002 1152 2065 propter
1172 2009 1336 2066 quam
1362 2003 1416 2049 et
1443 1993 1658 2050 dicebat
1683 1993 1729 2026 τ’
1765 2013 1780 2048 :

200 2085 400 2158 Tetigit
445 2102 526 2141 me
567 2086 762 2157 aliquis
789 2125 805 2152 ,
849 2100 943 2156 ego
981 2086 1122 2140 enim
1168 2086 1280 2141 scio
1318 2086 1564 2140 virtutem
1590 2084 1654 2140 de
1703 2101 1783 2140 me

196 2175 612 2235 exiisseﬂmnis
638 2185 820 2232 autem
848 2175 942 2232 illa
1001 2181 1176 2237 virtus
1217 2177 1628 2248 comparatione
1667 2175 1784 2230 vir-

200 2273 338 2328 tutis
364 2271 512 2327 illius
539 2270 723 2326 multae
747 2284 876 2325 cum
903 2283 1012 2340 qua
1040 2268 1094 2323 in
1121 2267 1229 2324 line
1249 2275 1512 2323 venturus
1538 2275 1642 2331 est,
1666 2282 1786 2322 mo-

197 2363 327 2418 dica
356 2370 493 2418 erat.
542 2359 727 2417 Virtus
764 2362 909 2418 enim
955 2367 1072 2415 erat
1113 2358 1476 2415 exinanientis
1519 2359 1782 2428 seipsum.

202 2455 393 2512 Virtus
415 2464 596 2510 autem
624 2454 715 2510 illa
737 2455 906 2509 multa
933 2453 1001 2510 de
1030 2467 1138 2524 qua
1165 2451 1425 2508 scribitur
1466 2469 1480 2507 :
1525 2450 1784 2506 Videbunt

203 2546 413 2602 Filium
437 2547 665 2601 hominis
691 2547 977 2602 venientem
1004 2561 1162 2616 super
1185 2543 1410 2599 nubibus
1449 2560 1565 2598 cum
1595 2545 1786 2599 virtute

199 2649 248 2694 et
275 2639 451 2710 gloria
481 2638 650 2693 multa
670 2639 740 2704 ",
763 2639 867 2694 erit
891 2637 983 2694 Dei
1007 2637 1168 2693 Verbi
1194 2638 1290 2709 qui
1319 2637 1604 2693 restitutus
1618 2647 1701 2692 est
1733 2639 1784 2692 in

203 2740 408 2787 statum
441 2746 602 2802 quem
636 2731 825 2786 habuit
854 2747 886 2786 a
932 2730 1200 2801 principio
1242 2730 1385 2800 apud
1427 2729 1596 2787 Deum
1634 2732 1787 2800 prius

201 2838 371 2894 quam
415 2823 721 2878 exrnaniret
761 2821 1024 2893 seipsum.
1066 2819 1158 2876 Sic
1189 2830 1244 2876 et
1285 2821 1510 2876 multam
1557 2822 1784 2892 gloriam

200 2915 608 2986 ejusintellige,
657 2915 980 2986 incipiensa
1029 2913 1203 2984 gloria
1249 2913 1431 2968 vultus
1483 2911 1676 2984 Moysi,
1734 2923 1788 2968 et

203 3007 482 3062 transiens
510 3007 576 3062 ad
609 3005 801 3071 Eliam,
832 3005 926 3076 qui
971 3005 1071 3060 visi
1113 3012 1241 3061 sunt
1271 3003 1325 3057 in
1359 3004 1530 3074 gloria
1569 3004 1788 3074 (litando

203 3103 350 3156 facta
376 3109 460 3155 est
487 3100 697 3170 species
730 3099 909 3154 vultus
939 3093 1060 3152 Filii
1089 3097 1180 3152 Dei
1214 3097 1402 3161 altera,
1433 3105 1488 3151 et
1520 3106 1786 3152 mutatum

1885 619 2103 665 vocatur
2121 611 2436 680 spiritaliter
2460 608 2692 665 Sodoma
2723 619 2772 664 et
2814 607 3077 682 ﬂgyptus
3101 653 3118 680 ,
3161 613 3277 669 sive
3322 622 3468 670 totus

1886 701 2145 766 mundus,
2179 701 2293 757 sive
2315 699 2766 774 Judazaﬁodoma
2788 710 2841 757 et
2864 701 3129 774 Egyptus
3145 705 3466 776 appellatur.

1885 789 1992 858 Qui
2019 799 2202 847 autem
2238 807 2401 862 super
2433 791 2633 846 nubem
2665 791 2833 847 levem
2866 793 3015 848 venit
3061 793 3113 848 in
3152 793 3468 866 Egyptum,

1887 885 2122 955 primum
2169 885 2548 941 ascensionem
2596 883 2756 941 faciet
2798 885 2852 940 in
2906 883 3170 941 Judaeum.
3220 887 3470 942 Rationis

1885 986 1972 1034 est
2000 978 2144 1034 enim
2177 979 2481 1034 venientem
2512 994 2637 1034 eum
2674 978 2894 1046 iterum,
2928 978 3037 1034 illic
3067 979 3303 1049 primum
3329 979 3466 1034 ﬁeri.

1890 1072 2127 1128 Sodoma
2158 1083 2338 1130 autem
2371 1074 2461 1130 ubi
2506 1074 2769 1130 Dominus
2817 1089 3008 1129 eorum
3051 1072 3346 1128 cruciﬁxus
3391 1083 3470 1128 est

1888 1162 2212 1232 appellatur,
2233 1163 2375 1220 sicut
2401 1173 2456 1218 et
2479 1163 2775 1236 aliquando
2791 1165 2995 1219 dictum
3023 1173 3107 1220 est
3129 1165 3194 1218 ad
3211 1164 3472 1234 populum

1889 1254 2042 1309 illum
2071 1263 2126 1310 et
2145 1255 2415 1326 principes
2435 1256 2556 1327 ejus
2581 1276 2594 1312 :
2627 1257 2817 1310 Audite
2839 1256 3046 1312 verbum
3072 1255 3304 1323 Domini,
3324 1257 3475 1326 prin--

1888 1348 2027 1416 cipes
2057 1345 2430 1413 Sodomorum,
2454 1349 2711 1404 attendite
2733 1349 2898 1419 legem
2929 1347 3052 1412 Dei,
3077 1348 3222 1418 plebs
3252 1347 3474 1402 Gomor-

1889 1441 2000 1496 rha:
2029 1441 2094 1494 ⁸³.
2133 1439 2190 1494 1η
2228 1441 2313 1496 bis
2342 1441 2726 1497 traditionibus
2762 1441 2934 1496 utitur
2961 1443 3122 1496 etiam
3149 1441 3279 1496 illud
3323 1439 3470 1512 quod

1888 1535 2090 1590 dicitur
2112 1535 2159 1566 ⁸³
2196 1552 2210 1590 :
2242 1533 2530 1605 Rapiemur
2561 1535 2613 1588 in
2663 1533 2888 1588 nubibus
2917 1533 3084 1604 87o
3112 1533 3318 1586 obviam
3364 1530 3470 1585 Do-

1891 1645 2032 1684 mina
2061 1628 2117 1682 in
2147 1644 2342 1695 aerem,
2370 1636 2421 1682 et
2469 1627 2546 1681 sic
2574 1642 2776 1694 semper
2817 1641 2938 1679 cum
2983 1623 3209 1678 Domino
3249 1623 3467 1678 erimus.

1890 1719 1958 1777 Et
1977 1721 2121 1777 dicet
2153 1739 2166 1774 :
2202 1719 2261 1775 Si
2295 1718 2436 1774 beati
2466 1718 2716 1774 homines
2747 1716 2802 1771 in
2829 1714 3068 1770 nubibus
3091 1714 3370 1784 rapientur
3411 1712 3468 1767 in

1889 1830 2095 1882 aerem,
2121 1813 2252 1885 quid
2279 1813 2480 1867 mirum
2509 1819 2594 1866 est
2627 1810 2683 1864 in
2724 1809 2965 1864 nubibus
3007 1805 3206 1862 Filium
3237 1805 3329 1861 Dei
3377 1820 3471 1860 ve-

1887 1909 2005 1965 nire
2023 1923 2150 1964 eum
2180 1907 2380 1962 virtute
2407 1912 2462 1961 et
2487 1903 2657 1975 gloria
2680 1902 2888 1958 multa?
2912 1900 3042 1956 Item
3077 1899 3252 1956 nubes
3271 1899 3469 1955 obum-

1885 2001 2079 2057 brahat
2104 1999 2365 2071 populum
2395 1997 2698 2052 venientem
2729 2010 2795 2050 ex
2831 1993 3086 2066 Egypto.
3123 1991 3181 2046 Si
3222 1993 3323 2047 ista
3353 2005 3473 2048 cre-

1885 2091 2113 2158 duntur,
2149 2088 2429 2162 quomodo
2463 2101 2572 2142 non
2601 2099 2942 2156 consequens
2966 2091 3051 2139 est
3092 2081 3326 2138 Domino
3367 2095 3468 2152 po.

1885 2185 1996 2256 puli
2025 2184 2082 2238 in
2112 2181 2422 2238 vehiculum
2457 2179 2573 2235 ﬁeri
2600 2177 2774 2234 nubes
2803 2176 3053 2233 crelestes
3083 2183 3144 2231 ut
3166 2175 3354 2230 sedeat
3375 2189 3471 2229 su-

1885 2293 1982 2350 per
2002 2276 2133 2332 cus?
2153 2273 2212 2331 Si
2240 2283 2421 2330 autem
2449 2272 2704 2343 recipitur
2730 2271 2864 2326 liber
2887 2269 2982 2341 qui
3007 2267 3138 2324 dicit
3161 2286 3175 2324 :
3207 2265 3472 2333 Quoniam

1886 2369 2148 2439 sapientia
2180 2375 2257 2422 est
2287 2380 2406 2436 qua
2439 2365 2581 2435 facta
2605 2371 2684 2418 est
2711 2360 2903 2433 populo
2942 2369 3066 2414 tunc
3093 2358 3340 2414 columna
3371 2373 3473 2411 nu-

1888 2461 1965 2516 bis
2007 2463 2062 2516 in
2101 2461 2208 2526 die,
2249 2468 2300 2514 et
2337 2459 2556 2528 flamma
2605 2456 2742 2526 ignis
2774 2455 2830 2509 in
2863 2463 3031 2518 nocte,
3078 2451 3224 2508 dicet
3273 2448 3473 2520 aliquis

1889 2553 2154 2624 quoniam
2185 2549 2360 2605 nubes
2389 2563 2554 2618 super
2585 2547 2786 2618 quibus
2829 2544 3090 2601 videbunt
3128 2542 3328 2598 Filium
3369 2543 3471 2597 bo--

1889 2646 2056 2700 minis
2095 2643 2423 2707 venientem,
2471 2641 2645 2696 virtus
2693 2637 2959 2694 Altissimi
3001 2644 3086 2693 est
3129 2645 3185 2692 et
3234 2634 3473 2706 Spiritus

1889 2747 2133 2803 sanctus,
2171 2751 2292 2808 quae
2315 2737 2446 2791 tient
2473 2733 2521 2788 ei
2547 2733 2601 2788 in
2633 2732 2872 2788 nubibus
2905 2730 3052 2796 cmli,
3086 2739 3146 2786 ut
3175 2729 3360 2785 veniat
3401 2727 3474 2783 il-

1889 2832 1958 2889 lis
1989 2833 2255 2886 iuvectus.
2281 2830 2419 2884 Cum
2447 2829 2519 2882 sit
2544 2841 2675 2897 ergo
2712 2825 2904 2880 fortior
2929 2837 2985 2880 et
3011 2839 3120 2879 non
3141 2819 3471 2892 contempti-

1891 2924 2017 2980 bilis
2051 2923 2190 2978 ratio
2226 2922 2364 2989 huic,
2391 2923 2487 2991 qui
2514 2919 2630 2974 vult
2658 2917 2877 2988 quidem
2909 2916 3212 2972 secundum
3257 2921 3474 2968 utrum-

1891 3029 1998 3085 que
2027 3013 2250 3068 tnodum
2287 3011 2567 3080 suscipere
2601 3024 2723 3078 qua:
2745 3008 3024 3072 dicuntur,
3066 3020 3175 3059 non
3213 3002 3476 3074 reproba-

1890 3107 2006 3171 bit;
2047 3113 2102 3161 et
2136 3105 2183 3161 si
2207 3104 2406 3158 dixerit
2433 3104 2559 3172 quis
2597 3098 2963 3170 intelligibiles
2989 3097 3164 3152 nubes
3187 3095 3244 3151 in
3270 3093 3476 3167 quibus

203 3201 286 3248 est
319 3194 726 3247 vestimentum.
761 3191 1066 3262 lutelligens
1099 3198 1280 3244 autem
1309 3189 1473 3244 etiam
1516 3191 1663 3259 quod
1703 3190 1784 3243 di-

1893 3198 2072 3254 veniet
2106 3196 2276 3252 Filius
2303 3194 2562 3262 hominis,
2595 3193 2708 3250 sive
2734 3201 2954 3248 sanctas
2983 3198 3037 3246 et
3061 3190 3276 3246 divinas
3305 3188 3474 3243 virtu-

203 3285 352 3340 citur
377 3286 422 3316 ⁷⁷
447 3304 461 3339 z
496 3283 555 3339 Si
581 3285 719 3338 enim
745 3284 882 3354 quod
910 3291 1214 3348 evacuatur,
1234 3297 1325 3350 per
1353 3281 1597 3352 gloriam,
1623 3281 1788 3335 multo

205 3381 376 3452 magis
410 3379 546 3449 quod
577 3387 776 3444 manet,
804 3378 860 3431 in
905 3376 1100 3448 gloria,
1130 3375 1339 3430 videbis
1381 3374 1607 3430 multum
1643 3375 1787 3428 illam

207 3470 436 3542 gloriam
467 3468 610 3536 Filii,
635 3471 702 3523 de
735 3483 840 3540 qua
872 3469 1136 3538 scripturn
1179 3476 1298 3531 est,
1340 3483 1459 3520 cum
1513 3469 1703 3520 virtute
1739 3477 1786 3519 et

205 3562 382 3633 gloria
411 3561 599 3615 multa.
635 3560 828 3616 Adhuc
855 3568 1040 3615 autem
1078 3559 1252 3630 magis
1275 3559 1544 3630 intelliges
1566 3559 1634 3612 de
1681 3575 1788 3629 qua

207 3653 454 3722 loquitur
476 3660 677 3718 textus,
698 3652 972 3722 accipiens
997 3651 1064 3706 de
1089 3652 1321 3706 Actuum
1348 3651 1622 3706 volumine
1643 3653 1790 3721 quod

209 3747 391 3800 taliter
421 3745 582 3800 habet
604 3745 652 3777 ⁷⁸
683 3762 697 3799 :
723 3743 792 3797 Et
818 3760 936 3797 cum
953 3744 1062 3799 hac
1078 3743 1324 3811 dixisset,
1354 3742 1648 3797 videntibus
1679 3743 1790 3797 illis

206 3847 439 3896 elevatus
469 3847 565 3902 est,
593 3845 642 3891 et
672 3835 830 3890 nubes
859 3837 1087 3904 suscepit
1117 3851 1236 3889 eum
1267 3834 1331 3887 ab
1380 3834 1546 3888 oculis
1585 3851 1786 3889 eorum.

211 3929 276 3985 Et
305 3946 425 3984 cum
451 3927 775 3982 intenderent
805 3927 859 3979 in
885 3925 1072 3979 cadum
1099 3934 1254 3979 eunte
1278 3925 1396 3992 illo,
1419 3943 1534 3980 ecce
1563 3928 1668 3981 duo
1690 3930 1789 3982 viri

208 4031 466 4078 steterunt
491 4022 544 4074 in
565 4028 702 4074 veste
727 4018 872 4083 alba,
901 4019 991 4088 qui
1017 4027 1064 4071 et
1090 4017 1339 4071 dixerunt
1365 4033 1381 4072 :
1418 4017 1526 4072 Viri
1553 4017 1788 4088 Galilei,

209 4116 337 4186 quid
361 4115 519 4169 statis
551 4112 860 4182 aspicientes
884 4111 940 4164 in
976 4109 1202 4165 caelum?
1231 4108 1334 4164 Hic
1365 4110 1522 4166 Iesus
1567 4113 1659 4183 qui
1703 4130 1792 4166 as-

211 4217 454 4277 sumptus
489 4215 567 4260 est
595 4222 628 4258 a
658 4203 798 4258 vobis
821 4203 874 4256 in
903 4202 1112 4270 calum,
1143 4203 1220 4257 sic
1246 4205 1410 4258 veniet
1447 4206 1789 4274 quemadmo-

211 4302 338 4354 dum
359 4300 565 4355 vidistis
596 4314 714 4354 eum
747 4307 956 4352 euntem
993 4297 1050 4350 in
1083 4295 1293 4351 ctelum.
1322 4294 1379 4351 Si
1419 4296 1565 4351 enim
1615 4296 1791 4352 credi-

212 4411 336 4450 mus
371 4393 489 4448 istis
519 4391 719 4463 quibus
745 4390 920 4446 nubes
959 4388 1159 4444 dicitur
1199 4402 1324 4444 eum
1359 4389 1697 4458 suscepisse,
1737 4399 1792 4445 et

210 4485 503 4544 sustulisse
527 4485 582 4539 in
619 4484 839 4550 malum,
870 4481 1148 4552 quomodo
1183 4495 1293 4535 non
1323 4483 1625 4537 secundum
1670 4491 1790 4538 tex-

213 4589 327 4633 tum
357 4579 537 4632 veniet
563 4577 630 4632 de
663 4575 823 4639 caalo,
862 4577 1006 4630 sicut
1039 4573 1290 4628 viderunt
1321 4589 1447 4629 eum
1480 4585 1698 4630 euntem
1736 4576 1789 4630 in
1824 4559 1869 4614 Ῑ)

211 4671 411 4728 malum
443 4667 694 4738 discipuli
749 4667 908 4736 ejus?
953 4665 1019 4720 Et
1060 4665 1116 4720 in
1156 4665 1505 4721 Revelatione
1549 4665 1789 4724 Joannes

114 4829 117 4833 .
214 4759 463 4814 similiter
482 4757 611 4812 dicit
633 4757 678 4788 "
710 4773 722 4809 :
755 4754 887 4808 Ecce
916 4755 1081 4808 veniet
1107 4756 1227 4807 cum
1251 4753 1494 4821 nubibus,
1521 4765 1570 4809 et
1595 4756 1788 4810 videbit

212 4867 330 4906 eum
362 4850 530 4904 omnis
556 4847 762 4910 oculus,
787 4857 835 4900 et
863 4845 953 4916 qui
978 4861 1097 4899 eum
1139 4855 1490 4916 pupugerunt.
1525 4845 1794 4919 luteiligat

213 4954 395 4998 autem
421 4942 519 5014 qui
546 4948 744 5012 potest,
776 4950 957 4994 utrum
987 4938 1040 4992 id
1071 4938 1249 5008 ipsum
1285 4949 1370 4995 est
1413 4955 1578 5010 super
1620 4943 1794 4998 nubes

215 5036 339 5092 celi
368 5035 554 5090 venire
585 5049 734 5098 eum,
764 5040 969 5086 etcum
1001 5029 1240 5084 nubibus
1268 5045 1395 5086 eum
1431 5032 1657 5098 venire;
1698 5042 1796 5088 aut

215 5129 334 5183 alia:
356 5127 573 5198 quidem
606 5134 734 5180 sunt
761 5125 932 5178 nubes
953 5137 1116 5193 super
1147 5135 1284 5192 quas
1311 5122 1508 5190 veniet,
1539 5124 1660 5178 alite
1696 5139 1796 5178 au-

217 5231 322 5275 tem
351 5235 473 5274 eum
498 5217 698 5288 quibus
725 5215 939 5270 veniet?
967 5213 1265 5270 Considera
1296 5223 1476 5270 autem
1502 5214 1554 5269 in
1584 5215 1795 5272 visione

217 5311 468 5384 Egyplia
498 5312 695 5367 Isaiam
729 5311 998 5366 dicentem
1041 5309 1088 5342 ”
1119 5327 1132 5364 :
1175 5307 1312 5362 Ecce
1359 5308 1613 5362 Dominus
1650 5310 1792 5364 sedet

217 5419 370 5472 super
399 5401 588 5457 nubem
620 5401 814 5468 levem,
848 5411 898 5454 et
935 5401 1100 5455 veniet
1147 5400 1203 5454 in
1243 5397 1557 5470 Afyyptum.
1597 5397 1790 5454 Utrum

220 5493 506 5566 Egyptum
538 5494 672 5549 dicit
703 5493 845 5546 hanc
871 5507 995 5561 quae
1035 5491 1400 5546 communiter
1449 5491 1792 5564 intelligitur,

219 5603 287 5643 an
316 5597 488 5642 totum
532 5586 814 5641 mundum.
872 5583 1184 5640 Secundum
1226 5583 1372 5638 enim
1421 5583 1599 5656 ipsum
1626 5584 1797 5640 Joan-

289 5793 334 5824 ⁷⁸
355 5792 487 5849 Luc.
518 5809 635 5860 vui,
661 5793 751 5848 46.
858 5792 903 5823 ⁷⁸
924 5790 1120 5848 Matth.
1152 5807 1301 5854 xxuv,
1329 5790 1416 5845 30.

1531 5789 1574 5818 τ’
1598 5785 1641 5840 Il
1661 5787 1788 5844 Cor.
1821 5802 1901 5852 Ill,
1928 5786 2016 5840 ll.

1893 3303 1996 3362 tes,
2029 3293 2144 3349 sive
2164 3289 2510 3346 beatissimos
2540 3286 2852 3358 prophetas.
2882 3283 2946 3338 Et
2967 3284 3135 3350 dicet,
3157 3283 3252 3353 qui
3282 3297 3479 3338 secun-

1891 3386 2020 3441 dum
2054 3393 2106 3439 et
2141 3383 2439 3454 gloriosum
2481 3378 2644 3435 Verbi
2671 3377 2962 3433 adventum
2999 3375 3244 3431 l’uturum
3293 3372 3476 3430 homi-

1894 3480 2054 3534 nibus
2081 3478 2136 3532 in
2165 3473 2694 3531 consummationem
2727 3470 2913 3526 sreculi
2939 3468 3220 3525 moraliter
3248 3466 3475 3522 conﬁte-

1892 3581 2000 3634 tur,
2033 3570 2176 3626 sicut
2204 3582 2368 3637 supra
2396 3566 2636 3620 diximus
2659 3564 2942 3628 traditum,
2971 3562 3068 3618 sed
3097 3575 3208 3615 non
3233 3559 3478 3616 destruet

1890 3664 2056 3719 etiam
2100 3670 2328 3716 textum.
2370 3658 2475 3724 Qui
2508 3665 2691 3712 autem
2745 3655 3041 3725 dispiciens
3080 3653 3380 3724 gloriosum
3420 3659 3477 3708 et

1891 3735 2268 3810 admirabilem
2296 3758 2504 3806 textum
2534 3748 2660 3812 loci,
2685 3757 2740 3803 et
2762 3747 2904 3803 sicut
2930 3745 3327 3804 Deiamicusin
3354 3744 3474 3800 solo

1893 3845 2124 3917 spiritali
2160 3851 2316 3915 putat
2339 3842 2644 3898 consistere
2670 3855 2881 3905 verum,
2910 3836 3302 3908 ignoscendum
3350 3851 3475 3892 esse

1891 3940 2038 3995 dicet
2065 3935 2225 4007 quasi
2263 3932 2448 4003 pueris
2497 3941 2553 3985 et
2589 3929 2831 4000 parvulis
2877 3929 2930 3982 in
2973 3926 3193 3982 Christo
3243 3925 3326 3982 eis
3377 3927 3474 3995 qui

1893 4023 2249 4097 corporaliter
2275 4018 2581 4089 suscipiunt
2609 4017 2730 4074 ista.
2761 4016 2898 4073 Cum
2931 4016 3102 4071 multa
3145 4024 3327 4071 autem
3361 4015 3478 4070 vir-

1897 4127 2008 4174 tute
2041 4116 2186 4171 venit
2215 4113 2458 4185 quotidie
2486 4113 2553 4166 ad
2585 4111 2827 4166 animam
2854 4110 3034 4166 omnis
3077 4109 3348 4165 credentis
3387 4125 3478 4165 se-

1893 4209 2105 4266 cundus
2134 4205 2296 4262 Verbi
2335 4205 2600 4260 adventus
2635 4203 2688 4257 iu
2735 4203 2971 4259 nubibus
3005 4202 3338 4273 propheticis
3359 4241 3377 4268 ,
3421 4203 3477 4259 id

1892 4309 1976 4356 est
2004 4300 2059 4354 in
2096 4296 2394 4368 Scripturis
2423 4295 2810 4366 prepbetarum
2842 4303 2894 4349 et
2924 4294 3318 4364 apostolorum,
3351 4309 3479 4365 quas

1894 4391 2244 4447 manifestam
2268 4404 2392 4444 eum
2417 4429 2434 4454 ,
2475 4397 2530 4442 et
2564 4387 2620 4442 iu
2653 4385 2909 4440 omnibus
2949 4383 3128 4440 verbis
3167 4385 3284 4440 suis
3329 4383 3476 4440 veri-

1893 4485 2024 4540 tatis
2071 4485 2255 4538 lumen
2310 4480 2647 4543 ostendunt,
2694 4486 2750 4533 et
2787 4478 3125 4534 exorientem
3167 4492 3293 4531 eum
3338 4475 3482 4532 divi-

1896 4575 1981 4630 nis
2011 4583 2066 4629 et
2101 4586 2262 4644 super
2305 4573 2602 4626 humanam
2651 4577 2903 4624 naturam
2955 4569 3322 4626 intellectibus
3361 4570 3480 4626 suis

1895 4667 2195 4724 declarant.
2234 4664 2326 4721 Sic
2357 4674 2539 4719 autem
2565 4663 2648 4720 eis
2673 4662 2769 4732 qui
2805 4662 3114 4734 intelligunt
3157 4662 3482 4718 manifesta-

1897 4771 2070 4818 torem
2099 4760 2414 4830 dogmatum
2449 4758 2503 4811 in
2537 4755 2818 4828 prophetis
2846 4765 3009 4825 atque
3033 4754 3298 4825 apostolis
3343 4752 3483 4809 dici-

1894 4870 2020 4910 mus
2046 4867 2309 4924 apparere
2331 4849 2492 4906 etiam
2521 4847 2749 4919 gloriam
2779 4846 3030 4910 multam,
3050 4861 3174 4916 quae
3201 4845 3257 4899 in
3286 4860 3484 4900 secun-

1894 4948 1965 5002 do
1997 4944 2160 5000 Verbi
2186 4943 2420 4998 adventu
2451 4939 2685 4995 videtur.

1966 5038 2055 5092 5L
2087 5035 2154 5090 Et
2181 5037 2350 5088 mittet
2371 5033 2583 5104 angelos
2605 5046 2729 5086 suos
2751 5046 2866 5083 cum
2895 5028 3022 5082 tuba
3042 5043 3256 5096 magna,
3281 5035 3331 5080 et
3353 5041 3482 5079 con-

1897 5130 2184 5202 gregabunt
2232 5128 2420 5182 electos
2453 5125 2568 5194 ejus
2597 5140 2631 5176 a
2673 5132 2902 5192 quatuor
2931 5120 3093 5174 ventis
3116 5159 3131 5184 ,
3185 5133 3219 5170 α
3257 5117 3482 5170 summis

1899 5224 2145 5277 calorum
2176 5234 2337 5288 usque
2364 5217 2432 5270 ad
2461 5215 2706 5270 terminos
2737 5229 2917 5268 eorum
2937 5211 3003 5264 ⁸⁵.
3044 5208 3304 5264 Similiter
3335 5207 3481 5277 apud

1901 5314 2145 5370 Marcum
2193 5311 2298 5365 hoc
2335 5308 2468 5363 dicit
2515 5305 2678 5361 modo
2723 5323 2735 5358 :
2776 5303 2847 5356 Et
2886 5313 3012 5358 tunc
3050 5301 3220 5354 mittet
3265 5299 3481 5370 angelos

1902 5420 2048 5470 suos,
2096 5408 2146 5454 et
2194 5395 2589 5469 congregabunt
2637 5394 2826 5448 electos
2868 5409 2901 5445 a
2941 5398 3170 5462 quatuor
3212 5388 3400 5452 ventis,
3445 5403 3480 5442 a

1903 5509 2110 5550 summo
2136 5503 2292 5546 terra:
2331 5505 2493 5560 usque
2533 5487 2603 5542 ad
2629 5499 2895 5541 summum
2917 5483 3032 5538 cadi
3057 5482 3124 5538 ⁸⁸.
3166 5479 3320 5548 Quod
3350 5480 3480 5536 dicit

1909 5584 2251 5639 Salvatorem
2283 5581 2502 5636 mittere
2536 5576 2760 5649 angelos
2785 5589 2918 5633 suos
2948 5589 3073 5631 cum
3106 5573 3234 5629 tuba
3261 5586 3479 5641 magna,

2094 5785 2137 5817 ⁷⁸
2164 5783 2285 5840 Act.
2322 5799 2360 5850 ι,
2389 5783 2542 5838 9-H.
2619 5783 2662 5814 τ’
2685 5781 2855 5852 Apoc.
2888 5797 2925 5849 ι,
2970 5814 3011 5840 ι.
3089 5785 3133 5817 ³ο
3158 5782 3262 5840 lsa.
3293 5798 3402 5850 xu,
3431 5784 3451 5835 l

219 5863 264 5897 “
287 5864 448 5926 Apoc.
481 5879 554 5927 tu,
585 5853 635 5921 εἰ
713 5867 757 5896 ⁸³
785 5861 888 5918 lsa.
919 5877 958 5928 ι,
991 5862 1076 5918 10.
1153 5862 1239 5916 ⁸³1
1274 5853 1467 5918 Thess.
1498 5873 1572 5929 tv,
1599 5859 1684 5915 16.
1763 5856 2022 5935 "Matth.
2055 5871 2204 5926 xxiv,
2232 5855 2322 5911 3|.
2400 5854 2636 5932 "_Marc.
2669 5869 2788 5924 XIII,
2823 5853 2911 5908 27.
