4004 6556
504 321 637 376 i673

1666 308 1987 367 ORIGENIS
2024 308 2091 364 IN
2130 306 2546 364 MATTH/EUM

3610 306 3748 362 468')

499 448 841 510 quaecunque
875 441 959 487 est
994 431 1108 494 illa,
1142 428 1208 484 ad
1241 425 1651 498 congregandos
1689 424 1891 480 electos
1934 423 2074 493 ejus,
2107 428 2152 483 Α
2181 420 2262 490 gis
2318 427 2500 473 autem
2544 417 2896 510 sapientiam
2957 415 3135 487 ipsum
3178 415 3374 510 Filium
3428 415 3572 482 Dei,
3623 433 3751 472 cum

499 529 896 598 cenaequenter
929 523 1130 579 dicitur
1168 521 1270 585 eis,
1306 533 1428 590 qute
1463 519 1518 572 in
1549 516 1807 586 parabola
1845 514 1950 568 alia
1982 529 2070 568 rc-

421 661 434 670 .
500 620 751 678 feruntur
785 617 852 672 de
886 614 1188 672 seminibus
1228 621 1279 666 et
1309 609 1570 674 zizaniis;
1621 617 1676 664 et
1709 607 2072 676 interpretans

501 710 824 784 parabolam
870 707 950 762 sic
981 706 1112 761 dicit
1137 704 1223 757 ⁸⁶ε
1275 701 1533 773 quoniam
1594 700 1777 754 messis
1826 712 2073 751 consum-

503 805 667 860 matio
705 811 804 865 est,
852 813 1104 853 messores
1155 795 1328 867 angeli
1367 803 1510 850 sunt.
1573 792 1720 848 Sicut
1761 808 1882 862 ergo
1924 788 2077 844 colli-

501 905 698 966 guntur
741 893 974 954 zizania,
1017 897 1067 944 et
1096 889 1205 959 igni
1247 896 1569 952 cremantur,
1610 885 1686 938 sic
1711 885 1811 938 erit
1856 884 1909 937 in
1946 898 2077 936 con-

501 985 851 1042 aummatione
891 980 1095 1036 sceculi.
1151 979 1330 1034 Mittet
1376 975 1556 1031 Filius
1601 975 1827 1030 hominis
1864 973 2077 1043 angelos

503 1094 667 1142 suos,
711 1083 760 1129 et
799 1074 1046 1145 colligent
1092 1072 1155 1125 de
1201 1085 1358 1142 regno
1403 1068 1516 1138 ejus
1571 1069 1749 1121 omnia
1798 1065 2075 1131 scandala,

500 1179 551 1222 et
583 1183 668 1222 eos
700 1166 790 1235 qui
822 1165 1026 1234 faciunt
1067 1164 1425 1233 iniquitatem,
1475 1168 1527 1214 et
1561 1161 1736 1214 mittet
1769 1152 1866 1213 eos
1898 1159 1952 1212 in
1989 1174 2079 1210 cn-

503 1258 706 1310 minum
739 1256 874 1324 ignis
906 1270 924 1307 :
969 1253 1083 1308 illic
1122 1253 1220 1306 erit
1262 1252 1450 1320 ﬂetus,
1492 1261 1542 1304 et
1580 1250 1781 1303 stridor
1818 1248 2075 1302 dentium.

507 1345 652 1400 Tunc
686 1345 826 1414 justi
863 1342 1138 1414 fulgebunt
1172 1343 1308 1396 sicut
1353 1343 1432 1396 sol
1467 1343 1521 1394 in
1561 1356 1718 1411 regno
1758 1338 1936 1392 Patris
1974 1339 2075 1390 sui.

503 1436 634 1492 Tale
671 1446 724 1490 et
756 1436 959 1505 aliquid
993 1434 1128 1489 dicit
1165 1434 1219 1487 in
1251 1433 1512 1504 parabola
1553 1446 1768 1501 sugente
1806 1431 1986 1484 missm
2023 1431 2077 1482 in

503 1543 653 1582 mare
675 1527 740 1581 ⁸⁷.
780 1525 920 1596 Ergo
954 1539 1231 1581 messores
1279 1525 1456 1596 angeli
1490 1523 1778 1578 mittuntur
1825 1537 1854 1576 a
1894 1521 2082 1576 Salva-

503 1629 620 1674 tore
646 1618 963 1688 colligentes
990 1617 1246 1673 universa
1275 1617 1507 1681 zizania,
1538 1625 1597 1671 ut
1621 1626 1745 1686 post
1770 1615 1885 1670 haec
1907 1615 2079 1670 sancti

503 1708 746 1775 fulgeant
792 1707 934 1763 sicut
978 1708 1061 1762 sol
1113 1708 1167 1761 in
1211 1721 1380 1778 regno
1414 1705 1593 1762 Patris
1641 1706 1748 1774 sui,
1798 1715 1858 1760 ut
1896 1716 2082 1776 postea

505 1806 910 1869 congregentur
974 1798 1137 1854 electi
1193 1814 1225 1853 a
1267 1807 1503 1869 quatuor
1551 1797 1748 1864 ventis,
1791 1813 1820 1850 a
1856 1797 2084 1852 summis

504 1890 769 1946 caelorum
824 1906 1000 1961 usque
1056 1891 1123 1946 ad
1175 1891 1435 1946 terminos
1502 1905 1713 1945 eorum.
1787 1889 2081 1944 Considera

504 1987 713 2045 utrum,
742 1978 885 2034 sicut
910 1980 1203 2050 opinantur
1229 1980 1611 2050 simpliciores,
1633 1995 1727 2036 eos
1753 1989 1962 2034 tantum
1990 1980 2083 2048 qui

504 2079 635 2128 tunc
668 2073 869 2128 inventi
904 2072 1111 2128 fuerint
1143 2072 1195 2127 in
1228 2087 1479 2143 corpore,
1517 2073 1958 2144 congregandos;
1993 2085 2086 2127 aut

504 2172 652 2219 certe
678 2178 876 2238 omnes
904 2163 997 2234 qui
1037 2164 1092 2218 in
1123 2162 1234 2220 Deo
1261 2163 1421 2220 Patre
1459 2165 1646 2219 dilecti
1681 2174 1833 2232 sunt,
1875 2174 1928 2219 et
1956 2163 2082 2220 Jcsu

500 2255 727 2312 Christo
781 2266 909 2312 sunt
959 2259 1304 2325 conservati;
1345 2267 1398 2313 et
1445 2258 1568 2312 vide.
1605 2258 1710 2312 nisi
1763 2257 1955 2312 melius
2002 2266 2086 2311 est

504 2349 728 2417 dicere,
815 2351 1222 2421 congregandos
1293 2365 1415 2405 esse
1467 2349 1536 2404 ab
1604 2349 1810 2417 angelis
1882 2348 2084 2403 Christi

505 2457 697 2498 omnes
727 2443 796 2496 ab
823 2443 1063 2496 adventu
1094 2441 1298 2496 Chrisu
1339 2457 1515 2511 usque
1554 2442 1620 2496 ad
1650 2442 2084 2497 consummatio-

506 2549 629 2588 nem
663 2544 883 2590 vocatos
918 2542 1083 2604 atque
1113 2535 1335 2589 electos.
1375 2533 1598 2600 Quicres
1629 2544 1811 2588 autem
1842 2535 1887 2589 si
1920 2535 2083 2589 etiam

507 2640 602 2680 cos
649 2626 740 2695 qui
793 2625 1012 2680 fuerunt
1065 2641 1096 2680 a
1147 2627 1538 2680 constitutione
1589 2626 1775 2680 mundi
1817 2641 1988 2695 usque
2017 2626 2084 2680 ad

506 2715 805 2772 adventum
835 2732 849 2770 :
877 2718 924 2772 si
959 2726 1141 2772 tamen
1171 2717 1324 2772 electi
1355 2717 1554 2772 Christi
1603 2734 1709 2773 non
1745 2719 1922 2773 solum
1960 2727 2087 2773 sunt

509 2807 588 2862 illi
615 2807 710 2878 qui
743 2823 808 2863 ex
833 2808 1066 2864 adventu
1097 2808 1216 2878 ejus
1264 2818 1390 2865 sunt
1421 2810 1623 2877 sancti,
1675 2810 1818 2865 sicut
1865 2811 2084 2880 quidam

507 2899 754 2971 magistri
792 2899 1064 2955 haeresum
1097 2899 1306 2963 dicunt,
1350 2899 1442 2955 sed
1477 2915 1667 2956 omnes
1695 2900 1788 2971 qui
1824 2916 1856 2955 a
1885 2900 2088 2956 consti-

507 2992 719 3048 tutione
767 2991 958 3047 mundi
1011 2990 1252 3059 fuerunt,
1296 2993 1390 3062 qui
1431 2991 1687 3048 viderunt
1734 2993 1877 3048 sicut
1905 2994 2083 3048 Abra-

2179 511 2390 564 venerit
2415 507 2561 578 quod
2585 521 2710 561 vere
2737 504 3036 576 perfectum
3071 516 3176 562 εει.
3208 507 3274 561 Et
3298 513 3540 576 quatuor
3565 516 3768 562 ventos

2179 617 2244 656 ex
2294 601 2497 672 quibus
2550 599 2706 654 electi
2755 599 2959 655 Christi
3007 600 3509 670 congregahuntur,
3559 599 3765 654 intelli-

2180 694 2360 764 gimus
2421 689 2761 762 qtuerentes,
2830 705 3066 761 quorum
3112 691 3382 745 bonorum
3443 689 3762 746 futurorum

2180 785 2486 840 habuerunt
2530 785 2778 839 umbram
2829 797 2949 853 quae
2987 783 3040 837 in
3086 779 3340 838 Numeris
3367 779 3417 816 ⁸⁸
3459 791 3592 838 sunt
3629 799 3768 837 con-

2180 876 2380 944 scripta
2425 875 2492 928 de
2533 887 2860 942 unaquaque
2901 872 3047 927 tribu
3077 872 3313 927 ﬁliorum
3359 871 3547 928 Israel.
3603 871 3765 928 Unde

2179 966 2389 1036 primus
2425 963 2528 1018 fuit
2557 965 3025 1021 ordocastrorum
3057 962 3194 1018 Juda
3226 978 3350 1018 cum
3375 965 3580 1021 virtute
3617 965 3768 1034 ipso-

2182 1073 2336 1123 rum,
2404 1056 2743 1112 constituens
2807 1055 2872 1109 ad
2924 1055 3232 1121 orientem,
3286 1063 3342 1110 et
3392 1071 3518 1110 cum
3565 1056 3654 1110 bis
3692 1070 3766 1110 ex

2182 1160 2410 1216 utraque
2451 1157 2604 1217 parte
2645 1146 2894 1201 lssachar
2929 1145 3271 1200 etZabulon.
3319 1144 3384 1200 Et
3429 1145 3762 1200 adAiricmn

2179 1241 2340 1311 8'71
2396 1240 2568 1295 tribus
2616 1239 2829 1302 Ruben,
2873 1246 2929 1292 et
2966 1253 3033 1292 ex
3074 1247 3301 1307 utraque
3329 1247 3482 1306 parte
3509 1237 3763 1302 Simeon,

2181 1341 2236 1385 et
2267 1330 2417 1396 Gad;
2473 1341 2525 1385 et
2558 1331 2730 1384 tribus
2758 1328 2992 1398 Ephrem
3033 1328 3332 1382 secundum
3388 1344 3564 1393 mare,
3598 1339 3655 1383 et
3695 1345 3764 1383 ex

2183 1432 2416 1490 utraque
2454 1430 2603 1490 parte
2631 1419 2912 1488 Beniamin
2950 1425 3005 1472 ct
3032 1416 3281 1472 Manassc
3317 1419 3644 1474 novissima.
3698 1419 3768 1474 Et

2184 1512 2358 1568 tribus
2371 1511 2483 1565 Dan
2509 1511 2573 1565 ad
2606 1511 2935 1579 aquilonem,
2959 1517 3013 1564 et
3040 1523 3104 1564 ex
3125 1519 3354 1578 utraque
3375 1519 3528 1580 parte
3549 1511 3691 1566 Aser
3712 1523 3769 1567 ct

2183 1603 2553 1674 Nephthalim.
2587 1601 2836 1658 Forsitan
2869 1615 2998 1672 ergo
3025 1614 3093 1656 ex
3130 1609 3280 1664 tunc,
3317 1601 3496 1656 tribus
3527 1617 3770 1673 egressa:

2186 1699 2393 1752 umbrae
2435 1703 2592 1751 erant
2637 1702 2942 1749 castrorum
2992 1692 3288 1747 secundum
3343 1693 3607 1762 mysteria
3649 1694 3768 1748 veri

2118 1775 2157 1827 Β
2187 1787 2370 1842 Israel.
2413 1786 2478 1840 Et
2515 1785 2655 1840 sicut
2701 1793 2832 1838 tunc
2861 1798 2926 1838 ex
2957 1791 3194 1853 quatuor
3218 1783 3394 1838 ventis
3423 1794 3772 1854 congregata:

2187 1889 2318 1935 sunt
2359 1880 2411 1932 in
2441 1877 2708 1943 Judieam,
2735 1885 2788 1930 et
2818 1875 2872 1930 in
2903 1875 3268 1930 litcrcditatem
3296 1891 3393 1945 per
3421 1874 3615 1931 Jesum
3646 1886 3772 1946 post

2186 1969 2404 2041 Moysen
2433 1969 2785 2038 paedagogum
2819 1975 2874 2021 et
2903 1977 3314 2035 procuratorem
3358 1967 3648 2032 institutae,
3688 1971 3770 2022 sic

2186 2077 2215 2115 a
2247 2070 2483 2130 quatuor
2531 2060 2710 2114 ventis
2747 2059 2926 2128 angeli
2973 2058 3377 2128 congregabunt
3427 2058 3638 2114 electos
3682 2077 3694 2112 :
3736 2075 3770 2112 ι

2187 2153 2364 2207 ventis
2393 2162 2578 2207 autem
2615 2166 2724 2206 non
2753 2150 3004 2215 terrenis,
3045 2166 3077 2204 a
3107 2151 3337 2204 summis
3366 2151 3638 2205 caelorum
3671 2166 3768 2203 us~

2185 2261 2292 2315 que
2323 2247 2391 2299 ad
2423 2244 2685 2299 terminos
2726 2259 2939 2307 eorum,
2969 2253 3030 2297 ut
3057 2243 3126 2297 ab
3152 2241 3278 2298 Jesu
3318 2253 3514 2298 nostro
3537 2258 3771 2313 congre-

2186 2339 2295 2409 gati
2340 2338 2642 2408 percipiant
2708 2337 2949 2392 divinam
3011 2345 3066 2391 et
3113 2351 3296 2391 veram
3366 2336 3766 2391 hareditatern.

2185 2430 2342 2500 Apud
2374 2429 2686 2485 Matthteum
2715 2444 2846 2500 ergo
2875 2429 2970 2499 qui
2998 2437 3396 2499 congregantur
3419 2429 3626 2484 Christi
3655 2427 3767 2483 elc-

2186 2525 2278 2589 cti,
2311 2538 2376 2578 ex
2407 2532 2642 2593 quatuor
2668 2520 2843 2576 ventis
2873 2529 3343 2590 congregantur,a
3366 2510 3622 2574 summis
3651 2533 3767 2574 ea:-

2186 2613 2363 2666 lorum
2409 2626 2584 2682 usque
2627 2609 2692 2664 ad
2742 2610 3004 2664 terminos
3047 2624 3260 2662 eorum.
3307 2607 3468 2677 Apud
3515 2606 3765 2663 Marcum

2186 2715 2388 2771 autem,
2424 2720 2454 2760 a
2483 2713 2718 2774 quatuor
2744 2703 2942 2766 ventis,
2987 2718 3018 2756 a
3051 2717 3266 2757 summo
3296 2709 3458 2756 terra
3489 2717 3668 2772 usque
3695 2703 3765 2756 ad

2189 2812 2464 2853 summum
2495 2796 2654 2862 cteli;
2689 2803 2877 2864 postea
2922 2803 3103 2849 autem
3155 2809 3185 2847 a
3229 2794 3466 2848 summis
3497 2795 3769 2848 cmlorutn

2189 2903 2360 2956 usque
2395 2887 2468 2959 ad,
2493 2886 2756 2942 terminos
2783 2900 2997 2940 eorum.
3039 2883 3311 2950 intelliges
3335 2892 3521 2938 autem
3550 2898 3648 2938 eos
3672 2883 3768 2952 qui

2188 2983 2589 3045 congregantur
2634 2989 2665 3028 a
2693 2987 2910 3029 summo
2947 2983 3126 3038 terrae,
3151 2973 3508 3028 considerans
3537 2989 3768 3028 conver-

506 3085 634 3139 ham
663 3083 866 3140 Christi
907 3083 1073 3149 diem,
1109 3092 1163 3139 et
1200 3084 1384 3138 divina
1431 3084 1799 3140 exsultatione
1844 3085 2086 3140 exsulta—
2111 3105 2154 3164 ρ
2189 3065 2454 3164 εειίιξηθιη
2483 3080 2673 3164 garum
2705 3065 2798 3134 qui
2830 3063 3050 3164 [ueram
3075 3064 3130 3117 in
3163 3063 3344 3128 terris.
3374 3065 3769 3164 etsecundum

508 3188 706 3233 verunt
753 3178 808 3232 in
839 3192 986 3232 eum.
1041 3175 1099 3231 Si
1137 3184 1319 3232 autem
1359 3191 1468 3231 non
1502 3185 1736 3242 tantum,
1767 3176 1910 3232 sicut
1951 3177 2084 3233 sim-

503 3269 674 3339 plices
711 3269 1065 3333 arbitrantur,
1101 3283 1195 3323 eos
1221 3267 1314 3337 qui
1352 3267 1707 3322 inveniuntur
1741 3268 1796 3323 in
1829 3283 2080 3339 corpore,

511 3359 892 3429 congregaturi
943 3367 1072 3414 sunt
1117 3360 1327 3430 angeli,
1375 3360 1469 3415 sed
1513 3375 1704 3416 omnes
1737 3360 1942 3416 Christi
1974 3362 2084 3417 ele-
2121 3391 2123 3394 ‹

507 3459 646 3512 ctos,
682 3450 1030 3505 considerare
1058 3457 1143 3506 est
1168 3451 1391 3522 dignum
1417 3451 1546 3521 quid
1570 3451 1774 3506 interea
1795 3450 2080 3517 facientes,

510 3549 608 3595 aut
632 3540 684 3594 in
715 3555 826 3610 quo
849 3541 972 3596 loco
994 3549 1398 3597 commorantes
1423 3542 1832 3612 congregabunt
1859 3543 2079 3599 electos.

502 3627 779 3698 Quoniam
830 3641 1012 3688 autem
1062 3649 1169 3689 non
1211 3641 1423 3688 tantum
1465 3633 1590 3688 illos
1627 3635 1721 3704 qui
1763 3634 1818 3688 in
1854 3649 2082 3704 corpore

507 3723 708 3780 fuerint
735 3725 1118 3794 comprehensi
1151 3725 1281 3780 dicit
1309 3727 1718 3796 congregandos
1742 3724 1945 3780 Christi
1973 3726 2082 3780 ele-

505 3824 646 3880 ctos,
709 3817 804 3872 sed
867 3816 1032 3870 etiam
1100 3816 1222 3871 illos
1280 3815 1374 3886 qui
1434 3815 1502 3870 de
1560 3815 1886 3885 corporibus
1953 3825 2083 3870 sunt

505 3908 734 3979 egressi,
801 3905 1119 3963 manifestat
1177 3922 1360 3963 sermo
1419 3907 1606 3962 dicens
1672 3907 2081 3977 congregandos

505 4000 708 4054 electos
759 4012 871 4052 non
918 3999 1096 4054 solum
1149 4011 1180 4052 a
1226 4006 1464 4068 quatuor
1508 3997 1720 4061 ventis,
1771 3997 1865 4052 sed
1914 3998 2080 4052 etiam

504 4104 537 4144 a
586 4091 820 4144 summis
879 4089 1142 4144 ctelorum
1202 4103 1378 4157 usque
1435 4087 1502 4142 ad
1556 4088 1821 4141 terminos
1867 4101 2076 4142 eorum.

504 4180 718 4235 Nemini
775 4189 956 4236 autem
1010 4195 1174 4250 super
1236 4189 1435 4234 terram
1501 4180 1738 4234 arbitror
1789 4179 2080 4234 convenire

505 4273 649 4343 quod
684 4273 782 4339 ait,
815 4281 875 4326 ut
903 4280 1300 4342 congregemur
1325 4287 1356 4326 a
1383 4272 1616 4326 summis
1653 4271 1942 4337 caelorum,
1974 4271 2078 4326 nisi

505 4360 650 4417 forte
676 4376 772 4417 eos
801 4361 895 4432 qui
937 4362 1078 4417 inter
1104 4362 1354 4417 homines
1397 4360 1617 4416 interim
1675 4361 1817 4430 apud
1853 4361 2076 4432 angelos

2186 3156 2329 3226 quod
2349 3155 2610 3226 possibile
2635 3164 2719 3210 est
2742 3152 3131 3223 perfectionem
3157 3167 3346 3208 eorum
3369 3153 3469 3224 qui
3491 3164 3626 3208 sunt
3642 3170 3770 3209 con-

2126 3269 2133 3276 -
2184 3247 2382 3302 versati
2415 3247 2468 3300 in
2494 3247 2672 3302 terris.
2699 3243 2904 3300 Omnes
2930 3259 3062 3316 ergo
3081 3245 3174 3314 qui
3206 3260 3369 3313 super
3399 3253 3606 3299 terram
3634 3245 3772 3300 bene

2184 3339 2482 3401 vixerunt,
2533 3351 2642 3390 non
2692 3335 3010 3404 simpliciter
3055 3344 3461 3405 congregantur
3513 3351 3546 3390 a
3594 3345 3769 3401 terra.

2185 3430 2279 3486 sed
2321 3444 2350 3482 a
2376 3442 2595 3484 summo
2644 3435 2822 3492 terrae,
2855 3435 3070 3496 utputa,
3105 3440 3135 3479 a
3160 3441 3374 3480 summa
3422 3441 3764 3481 conversan-

2185 3523 2317 3577 tium
2362 3535 2526 3590 super
2566 3526 2787 3574 terram.
2825 3517 2883 3572 Si
2917 3528 3098 3572 autem
3140 3525 3264 3588 post
3312 3532 3593 3572 summam
3633 3532 3763 3573 con-

2184 3613 2511 3669 versationis
2539 3627 2659 3682 quae
2677 3610 2778 3665 fuit
2803 3613 2855 3664 in
2888 3611 3072 3674 terris,
3095 3611 3394 3680 susceperit
3419 3611 3764 3680 subsequens

2183 3705 2529 3760 conversatio
2571 3719 2664 3758 eos
2704 3702 2797 3772 qui
2843 3702 3310 3756 conversationem
3355 3701 3673 3755 habuerunt
3708 3702 3760 3752 in

2181 3797 2358 3861 etelis,
2381 3810 2487 3850 non
2513 3793 2827 3863 simpliciter
2858 3808 2886 3846 a
2914 3807 3130 3848 summo
3154 3793 3292 3847 cutio
3316 3792 3462 3846 sicut
3488 3807 3519 3844 a
3547 3806 3760 3846 summo

2181 3901 2361 3956 terrae,
2390 3889 2484 3944 sed
2513 3903 2543 3942 a
2573 3889 2804 3942 summis
2834 3887 3012 3949 cmlis,
3043 3886 3298 3955 quoniam
3333 3883 3762 3954 unumquodque

2181 3984 2379 4040 coelum
2415 3997 2530 4038 suae
2571 3979 2934 4036 institutionis
2968 3987 3021 4033 et
3064 3978 3219 4033 initia
3264 3977 3464 4042 habet,
3502 3986 3552 4031 et
3588 3976 3758 4046 perfe-

2180 4075 2414 4138 ctiones,
2447 4073 2500 4127 id
2533 4081 2616 4127 est
2642 4071 2924 4126 terminos.
2968 4068 3193 4138 Ulputa,
3224 4079 3348 4139 post
3381 4068 3755 4123 conversatio-

2181 4182 2308 4222 nem
2338 4181 2610 4220 summam
2639 4179 2760 4230 quae
2791 4163 2895 4219 fuit
2932 4178 3096 4232 super
3131 4171 3354 4226 terram,
3389 4162 3626 4230 suscipit
3657 4163 3753 4216 ite-

2181 4273 2304 4315 rum
2332 4259 2612 4314 hominem
2658 4255 3004 4312 conversatio
3035 4255 3202 4310 unius
3235 4253 3380 4317 cmli,
3413 4262 3468 4307 et
3497 4252 3756 4323 perfectio

2181 4365 2303 4420 quae
2336 4351 2391 4405 in
2421 4365 2486 4405 eo
2515 4357 2618 4404 est.
2657 4349 2856 4403 lterum
2906 4347 3147 4416 suscepit
3173 4360 3298 4400 eum
3335 4345 3583 4400 secunda
3629 4360 3754 4399 con-

506 4453 762 4507 docentes
798 4451 1041 4506 ctelestia
1074 4462 1504 4516 commorantur,
1535 4451 1944 4520 congregabuut
1973 4468 2074 4506 an-

2180 4439 2419 4496 versatio
2463 4438 2687 4495 secundi
2727 4437 2874 4520 celi,
2919 4445 2974 4491 et
3008 4434 3268 4506 perfectio
3306 4449 3428 4504 quae
3467 4433 3523 4487 in
3557 4448 3625 4487 eo
3653 4441 3750 4487 est.

504 4545 606 4612 geli
635 4544 830 4609 sancti,
865 4550 926 4598 ut
961 4552 1084 4598 ante
1113 4544 1361 4599 eruditos
1393 4544 1448 4596 in
1476 4544 1706 4599 summis
1737 4544 1859 4599 coeli
1901 4559 2075 4614 usque

505 4635 572 4689 ad
609 4635 876 4690 terminos
905 4649 1096 4690 eorum
1129 4643 1183 4690 et
1217 4635 1520 4690 instructos
1557 4635 1774 4691 tradant
1807 4636 2076 4705 perfectos

502 4737 704 4795 magno
735 4722 846 4779 Deo
885 4723 1056 4779 Verbo
1095 4724 1237 4779 Filio
1264 4725 1358 4778 Dei
1409 4725 1475 4779 ad
1518 4725 1962 4794 conregnandum
2002 4727 2075 4789 ei,

503 4825 558 4871 ct
590 4817 658 4871 ad
697 4818 1096 4887 susceptionem
1128 4831 1319 4871 eorum
1348 4833 1470 4887 qua:
1500 4817 1779 4872 tradiderit
1804 4817 1974 4872 Filius
2010 4820 2076 4874 de

504 4907 588 4963 his
613 4907 707 4978 qui
734 4907 1037 4963 doctrinam
1076 4908 1350 4963 caelestem
1381 4921 1507 4963 ante
1535 4910 1892 4987 susceperint.
1929 4909 2077 4976 Quo--

501 5000 650 5055 niam
691 5009 873 5055 autem
913 4999 1105 5055 umbra
1141 5009 1225 5055 est
1264 5001 1378 5057 haec
1419 5001 1528 5056 vita
1567 5010 1755 5055 nostra
1803 5001 1858 5055 in
1893 5003 2072 5068 terris,

502 5103 846 5161 consequens
875 5099 961 5147 est
993 5100 1052 5147 ut
1087 5106 1235 5147 nunc
1275 5092 1393 5163 lege
1421 5101 1477 5148 et
1503 5093 1780 5163 prophetis
1820 5093 2078 5149 erudian-

505 5188 594 5236 tur
619 5183 713 5252 qui
760 5182 815 5236 in
861 5181 952 5237 illa
995 5183 1333 5252 plenitudine
1381 5184 1638 5254 temporis
1689 5185 1898 5256 reliqua
1949 5194 2081 5240 sunt

503 5272 716 5338 scituri,
756 5281 812 5328 et
853 5274 1096 5343 pleniora
1139 5289 1170 5328 a
1201 5274 1340 5330 Filio
1378 5274 1478 5331 Dei
1533 5276 1722 5332 scituri
1777 5279 2076 5332 secundum

502 5379 594 5419 res
637 5365 786 5434 ipsas
829 5366 1100 5433 ccelestes,
1152 5376 1212 5422 ut
1255 5368 1349 5438 qui
1389 5377 1519 5424 sunt
1566 5369 1625 5423 in
1653 5369 1885 5424 summis
1912 5370 2081 5424 coelo-

503 5469 659 5520 rum,
705 5458 864 5526 quasi
910 5458 968 5512 in
1009 5459 1340 5529 quibusdam
1385 5461 1788 5517 eruditionibus
1837 5461 1977 5526 sint,
2018 5469 2077 5514 ut

504 5547 714 5614 possint
749 5548 1095 5618 postmodum
1143 5565 1338 5622 capere
1385 5552 1711 5624 sapientiam
1772 5551 1890 5619 Dei,
1952 5565 2072 5605 ma-

575 5701 830 5772 “,natth.
869 5720 993 5776 xm,
1024 5706 1215 5765 39-45.
1259 5709 1337 5774 ηοτ
1401 5707 1536 5765 ibid.
1567 5708 1659 5766 47.

2181 4535 2380 4590 Iterum
2411 4531 2651 4601 suscepit
2687 4515 2998 4584 eum~tertia
3037 4525 3380 4582 conversatio
3414 4525 3561 4580 tertii
3611 4525 3750 4587 caeli,

2179 4623 2507 4693 etperfectio
2537 4636 2659 4692 quae
2695 4621 2750 4675 in
2776 4635 2840 4675 eo
2869 4629 2970 4675 est.
3002 4617 3068 4671 Et
3096 4619 3177 4673 sic
3198 4617 3433 4687 intellige
3464 4616 3598 4672 mihi
3619 4617 3749 4671 mulo

2183 4728 2365 4772 torum
2415 4715 2679 4770 caelorum
2725 4713 3018 4767 multarum
3076 4712 3552 4766 convcrsationum
3603 4711 3746 4764 initia

2181 4821 2302 4862 esse
2337 4817 2389 4860 et
2427 4805 2709 4866 terminos,
2747 4803 2798 4856 id
2832 4812 2916 4856 est
2944 4800 3324 4871 perfectiones,
3359 4817 3390 4854 a
3421 4802 3624 4870 quibus
3654 4802 3747 4855 ini-

2182 4901 2272 4956 tiis
2325 4909 2379 4954 et
2433 4898 2684 4952 terminis
2731 4895 3074 4950 diversorum
3137 4894 3404 4949 caelorum
3455 4902 3742 4964 congregat

2182 4991 2327 5047 Deus
2357 5003 2490 5044 suos
2514 4989 2736 5042 electos.
2769 4987 2877 5040 Aut
2909 4985 2982 5040 ita
3009 5000 3023 5036 :
3059 5001 3090 5038 α
3118 4985 3337 5037 summis
3365 4982 3617 5037 ctelorum
3657 4998 3738 5035 u-

2181 5099 2280 5154 que
2324 5081 2392 5136 ad
2435 5080 2684 5136 terminos
2730 5092 2928 5132 eorum.
2981 5075 3118 5131 (Ζωιί
3163 5083 3293 5130 sunt
3333 5074 3418 5128 vel
3457 5071 3740 5142 Scriptum:

2182 5175 2415 5236 divinw,
2467 5172 2553 5226 vel
2602 5178 2856 5225 auctores
2898 5181 3130 5230 earum,
3191 5166 3246 5219 in
3294 5164 3499 5236 quibus
3547 5163 3741 5217 habitat

2181 5262 2345 5318 Deus.
2407 5260 2632 5315 Summa
2702 5266 2881 5312 autem
2935 5255 3342 5325 Scripturarum
3409 5263 3539 5309 sunt
3595 5250 3736 5306 initia

2179 5368 2407 5416 earum,
2470 5349 2686 5406 termini
2751 5356 2929 5402 autem
2990 5344 3489 5408 consummationes
3540 5354 3732 5396 earum.

2178 5446 2588 5516 Congregantur
2639 5455 2769 5512 ergo
2825 5438 2998 5496 sancti
3045 5453 3076 5492 a
3110 5436 3338 5492 summis
3379 5435 3658 5496 ctelorum,
3685 5430 3730 5484 id

2177 5551 2261 5598 est
2293 5542 2361 5598 ab
2393 5542 2473 5597 eis
2503 5539 2596 5610 qui
2629 5538 2768 5594 coelo
2798 5537 2988 5591 vivunt
3020 5535 3076 5590 in
3120 5533 3292 5590 initiis
3321 5531 3728 5603 Scripturarutu,

1733 5707 1816 5771 -,⁸⁸
1846 5703 2008 5763 Num.
2040 5721 2096 5771 x,
2129 5704 2153 5758 1
2195 5712 2248 5758 et
2278 5717 2388 5773 seq.
