4004 6564
232 517 362 580 1881

1361 506 2019 583 COMMENTARIORUM
2057 523 2322 584 scmus.

3354 540 3497 598 1689

235 650 408 709 usque
463 634 531 691 ad
583 648 682 692 eos
738 634 834 707 qui
889 635 1084 692 vivunt
1135 636 1192 692 in
1244 624 1818 695 consummationibus
1845 642 1893 700 Α
1919 652 2020 708 pro
2047 637 2216 695 verbo
2249 639 2568 713 suscipitur,
2617 655 2816 715 magna
2851 658 2956 704 vox
2986 645 3140 706 verbi
3176 650 3505 726 intelligitur

232 743 419 783 earum
457 742 475 780 :
509 742 576 783 ac
618 737 681 783 ut
705 727 831 799 plus
858 727 1058 796 dicam,
1096 744 1127 783 a
1154 728 1386 785 rudibus
1417 745 1606 786 eorum
1642 745 1815 801 usque

230 819 298 878 ad
334 817 607 890 perfectos
649 833 863 877 eorum.
917 819 1023 888 Qui
1076 830 1259 877 autem
1305 821 1605 878 mittuntur
1636 822 1814 894 angeli

187 890 261 979 ,θα
292 910 578 967 Salvatore
630 912 697 967 ad
739 914 1184 986 congregandum
1230 914 1434 971 electos
1478 915 1619 986 ejus,
1676 890 1813 973 c6...

191 986 536 1077 fgregabunt
588 1019 685 1064 eos
736 1021 848 1062 non
894 1022 1021 1063 cum
1068 1022 1207 1064 voce
1251 1008 1656 1080 qualicunque,
1717 1010 1813 1067 sed

198 1091 352 1152 icum
398 1096 528 1151 tuba
580 1112 705 1167 qua:
744 1107 973 1154 vocatur
1011 1114 1230 1170 magna,
1278 1115 1388 1156 non
1419 1116 1607 1157 vocem
1651 1102 1814 1159 dante

192 1175 530 1272 iincertam,
581 1187 674 1244 sed
716 1199 919 1244 certam
958 1198 1013 1245 ct
1042 1187 1415 1256 manifestam,
1476 1200 1537 1247 ut
1574 1190 1669 1264 qui
1718 1207 1814 1247 au-

198 1276 433 1337 ’dierint
455 1289 511 1336 et
531 1280 843 1347 didicerim,
872 1291 1065 1352 parent
1097 1298 1157 1338 se
1181 1282 1251 1338 ad
1281 1282 1426 1339 viam
1456 1282 1812 1354 perfectionis

225 1389 350 1444 qua:
382 1373 533 1430 ducit
558 1375 623 1430 ad
650 1373 855 1430 Filium
876 1375 995 1431 Dei.

199 1514 207 1528 ,
293 1465 386 1520 52.
426 1465 699 1534 Quoniam
728 1477 910 1524 autem
948 1469 1203 1526 volumus
1238 1469 1538 1543 intelligere
1566 1472 1698 1544 quid
1726 1482 1813 1530 est

221 1557 354 1613 tuba
392 1573 611 1631 magna,
643 1559 907 1616 debemus
954 1561 1295 1632 spiritalibus
1340 1564 1609 1634 spiritalia
1655 1582 1811 1623 com-

220 1666 437 1722 parare.
469 1652 585 1724 Age
631 1668 781 1709 nunc
816 1662 871 1709 et
899 1653 969 1709 de
1015 1654 1182 1722 tubis,
1218 1653 1271 1709 in
1304 1663 1570 1726 quantum
1617 1672 1811 1729 capere

219 1758 538 1814 possumus,
569 1743 810 1801 breviter
836 1759 1197 1816 exponamus,
1231 1746 1278 1803 si
1304 1758 1487 1805 tamen
1514 1763 1809 1820 possumus

217 1848 285 1890 es
326 1835 782 1907 congregatione,
815 1845 870 1892 et
899 1837 1272 1895 admonitione
1324 1840 1560 1897 istorum
1618 1857 1808 1899 exem-

216 1928 436 1999 plorum
499 1927 805 2001 intelligere
840 1941 896 1985 et
936 1945 1190 2001 magnam
1242 1933 1563 2005 angelorum
1593 1936 1803 1993 tubam.

228 2019 510 2091 Scriptum
556 2030 641 2077 est
684 2020 832 2091 enim
864 2020 919 2077 in
952 2019 1209 2080 Numeris
1233 2024 1278 2058 "
1306 2043 1321 2081 :
1379 2025 1451 2081 Et
1484 2026 1694 2084 locutus
1729 2039 1809 2085 est

218 2111 482 2169 Dominus
512 2113 582 2167 ad
615 2110 856 2183 Moysen,
901 2112 1080 2169 dicens
1122 2131 1142 2170 :
1188 2115 1298 2172 Fac
1340 2119 1438 2174 tibi
1476 2121 1612 2176 duas
1653 2121 1808 2179 tubas

217 2216 494 2278 argenteas
517 2221 538 2261 :
560 2206 787 2263 ductiles
823 2207 988 2278 facies
1029 2225 1142 2275 eas,
1177 2219 1229 2265 et
1261 2223 1415 2268 erunt
1444 2213 1541 2268 tibi
1574 2216 1646 2269 ad
1678 2233 1807 2272 con-

215 2298 542 2371 gregandam
578 2314 926 2371 sgnagogam,
967 2309 1018 2355 et
1053 2312 1208 2358 erunt
1248 2304 1345 2358 tibi
1365 2305 1434 2358 ad
1455 2308 1807 2374 promovenda

213 2405 442 2458 castra;
495 2401 546 2447 et
590 2391 800 2447 tubabis
845 2392 901 2447 in
944 2392 1061 2461 eis,
1103 2405 1154 2449 et
1203 2397 1612 2468 congregabitur
1652 2399 1709 2453 in
1757 2408 1807 2455 te

215 2488 392 2539 omnis
434 2500 705 2555 synagoga
744 2485 813 2539 ad
867 2486 1067 2539 ostium
1117 2487 1444 2543 tabernaculi
1495 2490 1801 2547 testimonii.

214 2574 274 2634 Si
297 2585 481 2630 autem
518 2577 574 2630 in
604 2593 712 2631 una
750 2577 874 2632 tuba
896 2578 1131 2633 venerint
1154 2580 1225 2633 ad
1262 2590 1311 2636 te
1335 2597 1515 2637 omnes
1540 2584 1802 2653 principes

142 2704 148 2709 -
214 2668 450 2723 militum
485 2667 694 2735 Israel,
735 2668 943 2725 tubabis
979 2672 1426 2742 signiﬁcationem
1463 2677 1713 2745 primam,
1752 2686 1802 2732 et

210 2760 588 2829 promovebant
618 2771 800 2816 castra
824 2763 914 2833 qui
936 2765 1231 2819 consistunt
1249 2766 1318 2820 ad
1337 2767 1610 2822 orientem.
1640 2767 1711 2823 Et
1741 2779 1801 2825 tu

212 2852 369 2906 dabis
408 2853 852 2923 signiﬁcationem
881 2856 1193 2921 secundam,
1224 2865 1276 2910 et
1307 2858 1682 2927 promovebant
1708 2876 1800 2915 ca-

211 2954 328 2999 stra
363 2945 453 3016 qui
490 2945 790 3000 consistunt
828 2947 899 3001 ad
939 2955 1204 3003 austrum.
1246 2945 1318 3001 Et
1344 2949 1552 3004 tubabis
1587 2952 1798 3022 signiﬁ-

209 3038 475 3091 cntionem
519 3038 732 3093 tertiam
772 3047 823 3094 et
868 3039 1245 3108 promovebant
1284 3049 1465 3095 castra
1492 3043 1583 3113 qui
1623 3043 1800 3099 consi-

106 3167 113 3174 .
206 3137 358 3183 stunt
403 3131 693 3185 secundum
743 3146 912 3186 mare.
972 3128 1043 3184 Et
1093 3132 1303 3187 tubabis
1350 3133 1797 3205 signiﬁcationem

206 3229 479 3291 quartam,
495 3231 544 3276 et
562 3222 746 3277 tollent
763 3233 942 3277 castra
957 3224 1049 3294 qui
1064 3226 1362 3281 consistunt
1383 3227 1453 3281 ad
1471 3222 1790 3300 aquilonem.

208 3312 355 3386 Ergo
391 3314 648 3369 tubabunt
674 3316 798 3371 tuba
831 3319 886 3372 in
911 3320 1238 3389 promotione
1254 3336 1455 3376 eorum.
1483 3320 1557 3378 Et
1583 3324 1794 3395 quando

1921 729 2053 786 tuba
2090 739 2348 802 argentea
2376 746 2721 807 congregans
2753 749 3201 812 unumquemque
3231 742 3287 797 in
3314 744 3525 801 ordine-

1918 820 2095 899 [suo].
2151 822 2466 883 Secundum
2525 828 2781 885 umbram
2830 830 3052 901 quidem
3106 833 3251 891 sicut
3292 834 3518 911 Moyses

1919 916 2249 987 nominavit,
2305 920 2610 977 secundum
2667 923 2992 996 mysterium
3044 934 3252 995 autem,
3302 941 3507 986 secun-

1918 1009 2049 1066 dum
2081 1011 2227 1082 quod
2261 1011 2396 1069 dicit
2422 1011 2628 1072 Paulus
2661 1014 2718 1071 in
2746 1013 2993 1087 Epistola
3018 1017 3185 1089 872
3215 1020 3283 1075 ad
3309 1018 3510 1077 Corin-

1919 1101 2069 1160 tbios
2101 1104 2345 1161 secunda
2365 1106 2434 1161 “.
2480 1103 2732 1164 Primum
2781 1116 2963 1165 autem
2994 1125 3117 1166 cum
3161 1111 3309 1168 tubis
3338 1113 3510 1170 ratio-

1917 1195 2137 1253 nalibus
2186 1207 2512 1269 promovent
2558 1207 2760 1257 castra.
2812 1200 2896 1256 Ita
2939 1202 3212 1274 legislatio
3238 1203 3298 1260 ﬁt
3322 1204 3391 1261 de
3422 1204 3509 1262 bis

1916 1288 2084 1345 rebus
2117 1304 2240 1361 qua:
2270 1289 2340 1346 ad
2374 1291 2581 1347 bellum
2630 1293 2908 1363 pertinent
2940 1291 3107 1350 Israel
3151 1297 3509 1353 memorantis

1916 1381 2176 1452 perillam
2206 1382 2666 1455 signiﬁcationem
2687 1385 2942 1442 tubarum
2962 1387 3194 1445 bellicas
3227 1404 3316 1446 res
3343 1408 3356 1445 :
3385 1406 3509 1462 quae

1918 1471 2062 1527 tubae
2090 1470 2275 1528 ferunt
2301 1488 2399 1531 eos
2425 1474 2520 1541 qui
2548 1485 3055 1533 commemorantur
3074 1493 3172 1549 per
3203 1493 3299 1535 eas
3332 1480 3511 1548 signi-

1916 1563 2202 1622 ﬁcationes
2238 1566 2492 1622 tubarum
2516 1608 2532 1634 ,
2582 1567 2651 1624 ad
2691 1568 3015 1625 salvandum
3044 1585 3140 1626 eos
3168 1570 3239 1626 ab
3268 1571 3507 1629 inimicis

1916 1670 2128 1711 eorum.
2174 1655 2351 1714 Voces
2383 1668 2565 1714 autem
2604 1668 2989 1730 argentearum
3028 1668 3082 1717 et
3110 1661 3506 1732 productilium

1916 1746 2170 1802 tubarum
2203 1747 2259 1802 in
2284 1747 2480 1805 diebus
2524 1748 2727 1805 laetitiae
2757 1747 2946 1819 lsrael,
2976 1765 3100 1822 qua;
3143 1761 3507 1809 assumuntur

1916 1836 1973 1892 in
2024 1833 2339 1894 Neomcniis
2386 1840 2673 1909 ipsorum,
2724 1850 2882 1897 erant
2924 1842 3135 1898 umbra:
3191 1841 3504 1900 futurarum

1915 1925 2367 1999 Neomeniarum,
2402 1932 2471 1988 de
2492 1933 2697 2003 quibus
2738 1932 2874 1989 dicit
2893 1934 3194 2006 Apostolus
3216 1936 3262 1968 ”
3288 1955 3302 1991 :
3330 1935 3504 1992 Nemo

1844 2008 1886 2065 Β
1917 2040 2009 2079 vos
2033 2023 2243 2094 judicet
2283 2025 2341 2077 in
2385 2040 2529 2093 esca,
2577 2035 2670 2081 aut
2713 2027 2770 2081 in
2791 2032 2943 2095 potu,
2989 2036 3084 2081 aut
3121 2029 3178 2083 in
3223 2039 3377 2100 parte
3395 2029 3505 2086 diei

1916 2115 2065 2185 festi,
2112 2124 2208 2169 aut
2249 2114 2577 2184 Neomenite,
2627 2126 2723 2173 aut
2776 2116 3169 2186 Sabbatorum,
3216 2137 3336 2192 qua
3378 2128 3519 2176 sunt

1916 2206 2103 2260 umbra
2139 2207 2468 2272 futurorum.
2513 2208 2890 2264 Assumuntur
2934 2217 3118 2266 autem
3148 2219 3203 2267 et
3236 2212 3294 2266 in
3328 2211 3503 2267 saui-

1913 2295 2052 2353 tlciis
2092 2306 2148 2353 et
2182 2297 2237 2353 in
2261 2298 2603 2355 holocaustis
2635 2299 2959 2357 salutarium
2999 2300 3189 2360 Israel.
3240 2301 3390 2370 Quas
3422 2302 3504 2360 si-

1912 2389 2294 2460 gniﬁcationes
2337 2389 2595 2447 tubarum
2642 2394 2915 2464 exemplo,
2945 2402 3001 2450 et
3033 2395 3228 2451 umbra
3252 2396 3504 2453 cmicstis

1911 2480 2161 2545 culturae,
2197 2480 2356 2551 quasi
2389 2479 2628 2553 alicujus
2657 2483 2902 2541 celestis
2936 2494 2992 2541 et
3025 2488 3502 2546 conversationem

1914 2571 2171 2629 habentis
2207 2573 2263 2627 in
2292 2573 2453 2643 coelo,
2495 2589 2773 2648 exponere
2822 2579 3099 2636 convenit.
3154 2578 3284 2635 Haec
3314 2589 3503 2638 autem

1909 2666 2160 2735 exempla
2211 2666 2564 2736 accepimus,
2616 2677 2677 2724 ut
2721 2669 2808 2725 vel
2859 2683 2928 2724 ex
2976 2679 3130 2739 parte
3194 2670 3503 2743 intelligens

1907 2757 2191 2814 valeamus
2219 2759 2366 2829 quod
2401 2759 2668 2831 scriptum
2702 2769 2787 2818 est
2806 2761 2855 2795 ”
2883 2776 2898 2815 :
2922 2760 3098 2817 Mittet
3132 2764 3348 2835 angelos
3375 2780 3501 2820 suos

1908 2864 2031 2902 cum
2065 2850 2191 2905 tuba
2212 2866 2428 2922 magna,
2449 2859 2502 2905 et
2519 2852 2913 2922 congregabunt
2935 2852 3126 2908 electos
3150 2854 3286 2923 ejus.
3318 2853 3522 2910 Evau-r

1906 2940 2108 3011 gelicas
2139 2951 2323 2998 autem
2352 2942 2513 2999 tubas
2543 2943 2783 2998 ostendit
2815 2951 2871 2999 et
2905 2943 2961 2998 in
3001 2945 3179 3014 prima
3217 2944 3286 3000 ad
3320 2945 3498 3001 Thes-

1905 3029 2275 3087 salonicenses
2305 3030 2355 3065 ”
2392 3031 2690 3103 Apostolus
2726 3032 2954 3089 dicens:
2987 3032 3104 3088 Hoc
3136 3044 3316 3088 autem
3349 3036 3494 3092 vobis

1904 3122 2130 3176 dicimus
2161 3123 2220 3177 in
2249 3121 2404 3178 verba
2426 3122 2668 3192 Domini,
2699 3125 2959 3195 quoniam
2996 3141 3093 3180 nos
3124 3127 3219 3197 qui
3244 3126 3503 3194 vivimus,

1902 3213 1994 3283 qui
2025 3213 2412 3271 remanebimus
2441 3215 2498 3269 in
2527 3215 2758 3271 adventu
2788 3215 3027 3289 Domini,
3071 3233 3177 3271 non
3208 3218 3497 3288 praevenie-

1904 3320 2022 3359 mus
2052 3321 2141 3361 eos
2177 3308 2269 3378 qui
2299 3307 2653 3377 dormierunt,
2697 3310 2953 3379 quoniam
3000 3309 3112 3380 ipse
3138 3308 3398 3364 Dominus
3433 3311 3492 3366 in

285 3372 311 3386 ν
911 3372 923 3389 l
986 3372 992 3373 ί
1126 3372 1229 3374 ""‘
1259 3372 1455 3376 """"'
1483 3372 1552 3378 _'
1584 3372 1789 3395 Ἰ“’⁷””’

203 3409 541 3478 congregatis
568 3410 1050 3480 congregationem,
1090 3411 1270 3467 tubate
1299 3422 1348 3469 et
1391 3430 1495 3469 non
1525 3416 1797 3487 signiﬁca-

1903 3395 2075 3465 jussu,
2104 3408 2156 3453 et
2185 3372 2242 3452 in
2267 3414 2389 3454 voce
2413 3372 2741 3470 archangeli,
2765 3408 2815 3454 et
2848 3400 2904 3453 in
2938 3372 3066 3455 tuba
3088 3398 3189 3455 Dei
3214 3400 3495 3456 descendet

206 3507 377 3554 tione.
426 3498 494 3554 Et
541 3500 644 3570 ﬁlii
671 3500 853 3555 Aaron
898 3501 1198 3558 sacerdotes
1243 3505 1501 3561 tubabunt
1546 3510 1707 3575 tubis,
1747 3520 1798 3566 et

199 3590 301 3641 erit
339 3588 483 3642 vobis
524 3588 822 3659 legitimum
861 3592 1239 3661 sempiternum
1285 3596 1343 3648 in
1371 3600 1795 3668 generationibus

201 3678 414 3733 vestris.
443 3676 504 3735 Si
528 3690 706 3734 autem
745 3682 986 3737 exieritis
1028 3682 1098 3738 ad
1119 3683 1314 3740 bellum
1354 3687 1409 3742 in
1441 3697 1586 3748 terra
1622 3701 1796 3748 vestra

198 3781 391 3826 contra
431 3773 785 3841 adversarios,
823 3773 1080 3831 tubabitis
1117 3778 1278 3847 tubis,
1315 3788 1365 3834 et
1392 3784 1795 3841 remorabimiui

199 3863 257 3918 in
297 3876 582 3935 conspectu
615 3866 716 3922 Dei
757 3870 939 3935 vestri,
984 3879 1036 3925 et
1077 3871 1416 3930 salvabimini
1456 3891 1523 3931 ea:
1561 3878 1793 3934 inimicis

199 3958 418 4014 vestris.
448 3958 517 4013 Et
549 3960 602 4014 in
627 3959 813 4016 diebus
848 3962 1051 4019 [milite
1082 3954 1288 4036 vestrae,
1313 3978 1364 4023 et
1392 3970 1449 4024 in
1477 3970 1793 4041 festivitati-

198 4047 321 4117 bus,
347 4060 399 4104 et
422 4049 732 4107 Neomeniis
765 4060 976 4118 vestris,
1006 4056 1259 4115 tubabitis
1286 4061 1445 4128 tubis,
1478 4073 1526 4117 et
1557 4065 1610 4117 in
1642 4065 1794 4121 holo-

195 4145 403 4199 caustis
451 4149 673 4214 vestris,
712 4158 762 4204 et
804 4152 861 4205 in
902 4152 1187 4221 sacriﬁciis
1217 4154 1541 4210 salutarium
1589 4167 1790 4212 vestro-

201 4252 348 4302 rum,
385 4247 435 4292 et
471 4240 570 4293 erit
607 4244 864 4296 memoria
899 4246 1061 4299 vestri
1096 4245 1150 4300 in
1180 4258 1456 4317 conspectu
1489 4249 1584 4304 Dei
1605 4253 1783 4308 vestri.

201 4328 322 4401 Ego
345 4330 607 4389 Dominus
634 4334 778 4389 Deus
817 4348 1003 4391 vester.
1046 4338 1183 4395 Vide
1205 4341 1368 4396 etiam
1413 4342 1466 4397 in
1502 4343 1622 4400 istis
1651 4361 1789 4416 quo-

196 4424 352 4479 niam
377 4424 432 4478 in
460 4426 637 4496 prima
662 4427 1068 4498 significatione
1090 4431 1232 4487 tuba:
1252 4445 1579 4504 promovent
1608 4447 1786 4493 castra

193 4519 295 4590 qui
339 4529 469 4576 sunt
515 4521 818 4576 secundum
884 4523 1175 4590 orientem,
1223 4524 1277 4579 in
1322 4526 1567 4582 secunda
1601 4517 1793 4586 autem.

190 4622 525 4682 promovent
545 4621 726 4669 castra
749 4614 843 4684 qui
869 4623 998 4669 sunt
1019 4617 1319 4672 secundum
1347 4628 1629 4687 austrum;
1651 4632 1706 4677 et
1727 4632 1785 4678 ut

1900 3489 1966 3543 de
1999 3489 2149 3545 coelo.
2192 3490 2327 3546 Item
2357 3492 2426 3548 ad
2461 3492 2781 3550 Corinthios
2808 3493 2987 3564 prima
3012 3493 3099 3546 "z
3132 3492 3328 3549 Omnes
3368 3493 3494 3564 qui-

1899 3585 2020 3639 dem
2059 3583 2420 3651 dormiemus,
2466 3601 2574 3640 non
2619 3593 2799 3640 autem
2841 3602 3019 3642 omnes
3063 3586 3490 3642 immutabimur.

1900 3671 1971 3727 In
1997 3681 2281 3741 momento,
2320 3673 2378 3727 in
2413 3674 2525 3727 ictu
2568 3676 2732 3738 oculi,
2768 3675 2822 3728 in
2859 3674 3149 3729 novissima
3187 3673 3332 3727 tuba.
3375 3671 3488 3727 Tu-

1898 3765 2042 3820 babit
2079 3766 2241 3834 enim,
2273 3773 2327 3821 et
2363 3766 2565 3820 mortui
2608 3774 2884 3837 resurgent
2924 3766 3258 3836 incorrupti,
3299 3773 3349 3820 et
3388 3779 3486 3819 nos

1896 3858 2317 3913 immutabimur.
2346 3857 2443 3915 Est
2467 3866 2651 3915 autem
2680 3868 2736 3914 et
2764 3860 2948 3930 aliqua
2974 3859 3281 3915 secundum
3308 3859 3483 3930 legem

1894 3961 1951 4008 et
1982 3952 2242 4009 tubarum
2287 3951 2578 4021 festivitas,
2628 3949 2927 4007 Ncomenia
2985 3951 3202 4023 septimi
3250 3950 3489 4015 mensis,

1895 4045 2130 4103 forsitan
2183 4044 2506 4118 mysterium
2557 4044 2792 4116 alicujus
2849 4059 2994 4099 vera:
3042 4043 3377 4112 festivitatis,
3426 4053 3507 4101 et.

1893 4145 2038 4201 tuba:
2069 4143 2302 4215 alicujus
2329 4140 2588 4213 spiritalis
2620 4149 2675 4196 et
2702 4140 3110 4211 magniloquii.’

1963 4239 2054 4294 55.
2100 4241 2143 4293 Α
2165 4238 2273 4307 ﬁcu
2296 4245 2473 4291 autem
2497 4236 2689 4291 discite
2709 4234 3046 4304 parabolam.
3085 4233 3314 4301 Quando
3337 4237 3480 4291 enim

1884 4327 2003 4397 jam
2022 4343 2206 4382 ramus
2230 4326 2344 4397 ejus
2370 4326 2545 4395 factus
2572 4325 2736 4399 fuerit
2774 4332 2936 4389 tener,
2964 4334 3014 4378 et
3040 4324 3176 4395 folia
3205 4326 3477 4396 producit,

1892 4422 2078 4475 scitote
2100 4420 2226 4491 quia
2253 4433 2415 4490 prope
2445 4427 2523 4473 est
2548 4426 2732 4472 testas.
2763 4414 2853 4470 Sic
2878 4424 2927 4469 et
2957 4432 3046 4471 vos
3084 4432 3204 4470 cum
3239 4417 3479 4472 videritis

1892 4516 2002 4568 lucc
2037 4513 2239 4579 onmia,
2279 4513 2467 4566 scitote
2508 4510 2637 4581 quia
2676 4525 2833 4580 prope
2873 4519 2951 4564 est
2987 4511 3043 4564 in
3078 4510 3280 4565 limine.
3310 4510 3478 4565 Amen

1892 4606 2009 4658 dico
2047 4603 2209 4669 vobis,
2246 4601 2498 4666 quoniam
2548 4615 2654 4655 non
2692 4599 2984 4668 prwteribit
3026 4600 3296 4670 generatio
3340 4601 3474 4664 hac,
3568 4631 3573 4637 ι

192 4702 442 4759 breviter
468 4703 681 4771 dicam,
714 4720 781 4759 ex
812 4714 1052 4775 quatuor
1097 4711 1276 4767 ventis
1318 4723 1652 4784 congregant
1696 4733 1778 4773 sa-

1903 4699 2059 4753 ionec
2091 4696 2272 4750 omnia
2292 4694 2448 4764 ﬁant.
2486 4692 2688 4749 Caelum
2714 4702 2765 4748 et
2791 4701 2933 4748 terra
2964 4693 3294 4759 transibunt,
3318 4693 3485 4751 verba

187 4795 446 4851 cerdotes
476 4795 731 4854 tubantes
761 4814 858 4856 eos
889 4802 983 4873 qui
1016 4809 1236 4857 suntex
1268 4804 1468 4860 castris
1501 4804 1666 4863 Israel
1696 4820 1787 4865 :et

189 4883 505 4940 secundum
557 4888 1023 4956 comparationem
1076 4890 1422 4946 sacerdotum
1452 4893 1782 4960 tubantium,

187 4975 376 5047 angeli
409 4975 612 5032 Christi
643 4993 767 5034 cum
803 4979 934 5035 tuba
963 4996 1161 5052 magna
1209 4984 1623 5055 eongregabunt
1669 4986 1778 5041 ele-

184 5076 315 5122 ctos
337 5068 460 5137 ejus
489 5084 521 5123 a
550 5078 791 5140 quatuor
817 5072 1013 5129 ventis.
1050 5070 1157 5128 Sed
1188 5074 1243 5129 in
1272 5074 1530 5133 Numeris
1555 5079 1774 5149 quidem

183 5161 312 5217 haec
341 5159 480 5217 facta
507 5163 826 5219 scribuntur
858 5164 911 5219 in
947 5166 1134 5232 terris,
1169 5166 1223 5221 in
1250 5166 1560 5239 Evangeliis
1591 5181 1774 5228 autem

179 5267 217 5310 ει
253 5252 479 5310 summo
509 5261 670 5311 terra:
699 5271 876 5328 usque
905 5258 972 5314 ad
1004 5274 1281 5315 summum
1313 5262 1464 5317 coeli.
1498 5262 1630 5318 Post
1662 5265 1778 5320 haec

180 5360 375 5401 autem
403 5361 435 5400 a
459 5347 692 5403 summis
718 5349 985 5405 caelorum
1016 5367 1194 5423 usque
1222 5353 1288 5409 ad
1319 5370 1537 5411 summa
1561 5373 1775 5414 eorum.

178 5436 252 5492 Et
297 5437 524 5494 forsitan
568 5438 654 5494 lea:
692 5440 934 5497 umbram
968 5442 1125 5498 habet
1172 5444 1480 5514 futurorum
1502 5449 1587 5503 ’σε
1636 5459 1692 5506 et
1724 5452 1777 5506 in

176 5526 446 5586 Numeris
473 5545 694 5601 quoque
717 5532 865 5603 quod
890 5536 1127 5602 positum
1155 5545 1240 5591 est
1266 5537 1333 5594 de
1361 5539 1507 5595 tubis
1538 5549 1592 5596 et
1625 5541 1778 5597 ordi-

178 5622 356 5677 nibus
381 5619 569 5687 lsrael,
615 5625 808 5691 umbra
844 5634 930 5682 est
961 5625 1295 5686 futurorum.
1346 5629 1425 5689 Ne
1456 5632 1596 5689 forte
1646 5648 1791 5705 ergo.

1893 4802 2070 4847 autem
2094 4805 2213 4844 mea
2244 4804 2349 4843 non
2387 4786 2687 4842 transibunt
2719 4786 2787 4841 ’⁸.
2820 4785 3110 4853 Quomodo
3143 4788 3213 4843 de
3245 4787 3354 4844 ﬂcu
3394 4786 3478 4845 si-

1884 4884 2137 4940 militudo
2169 4896 2361 4938 eorum
2390 4893 2514 4951 quas
2545 4879 2693 4934 dicta
2727 4886 2858 4934 sunt
2893 4878 3121 4949 intelligi
3148 4880 3348 4950 possit,
3378 4895 3471 4936 se-

1886 4977 2127 5034 cundum
2160 4975 2306 5046 quod
2333 4988 2632 5045 possumus
2658 4985 3021 5041 exponemus,
3050 4986 3119 5026 ne
3147 4970 3287 5027 forte
3318 4979 3472 5028 totus

1889 5072 1976 5126 hic
2008 5069 2249 5125 mundus
2281 5075 2335 5124 et
2363 5064 2765 5122 consummatio
2794 5063 2915 5135 ejus
2942 5063 3067 5119 [icui
3106 5063 3461 5120 assimiletur.

1889 5161 2281 5232 Unusquisque
2311 5156 2713 5228 proficientium
2747 5156 2812 5210 ad
2839 5155 3006 5209 vitam
3031 5155 3247 5210 beatam
3285 5163 3347 5211 ut
3379 5157 3466 5210 vi-

1886 5259 2011 5313 deat
2048 5253 2252 5310 Christi
2297 5249 2449 5306 verbi
2500 5247 2798 5319 gloriosum
2849 5248 2904 5301 in
2953 5263 3012 5302 se
3060 5256 3115 5302 et
3160 5246 3462 5317 perfectum

1886 5351 2203 5410 adventum,
2244 5342 2371 5398 licui
2405 5340 2602 5397 similis
2633 5339 2917 5393 habeatur.
2966 5337 3121 5393 Sicut
3148 5338 3295 5394 enim
3327 5337 3464 5394 licus

1881 5441 1935 5495 in
1963 5448 2203 5507 tempore
2228 5433 2449 5505 quidem
2482 5431 2679 5505 hiemis
2705 5430 2921 5485 vitalem
2951 5429 3173 5500 quidem
3202 5428 3461 5484 virtutem

1879 5531 2041 5586 habet
2073 5529 2130 5583 in
2159 5540 2240 5593 se,
2272 5522 2650 5580 absconditam
2683 5530 2864 5576 autem
2894 5520 3057 5575 habet
3084 5534 3228 5584 eam,
3261 5526 3318 5574 et
3349 5535 3475 5574 non,

1877 5623 2013 5680 satis
2042 5618 2391 5677 manifestam
2432 5632 2447 5668 :
2494 5612 2844 5686 postmodum
2882 5622 3067 5668 autem
3113 5628 3243 5668 cum
3284 5612 3483 5667 virtus.

176 5721 462 5784 argenteae
497 5714 663 5785 tubae.
693 5717 955 5785 quoniam
988 5730 1275 5795 argentum
1319 5724 1376 5783 in
1415 5724 1601 5781 multis
1640 5724 1777 5782 locis
1874 5719 1994 5789 ipsa
2050 5715 2234 5773 vitalis
2286 5709 2505 5783 prodire
2552 5708 2780 5780 emperit
2842 5706 2910 5762 ad
2962 5705 3476 5764 manifestationem»

291 5924 341 5956 °’
364 5941 418 5987 ι.
461 5926 483 5981 l
528 5935 583 5981 et
610 5939 763 5996 seqq.
868 5926 914 5959 ’θ
938 5922 1101 5979 Hebr.
1121 5938 1187 5996 ξ,
1217 5922 1267 5978 Ι.
1343 5922 1387 5955 ⁹¹
1413 5938 1523 5991 xlv,
1546 5923 1602 5979 2.

291 5942 341 5956 σν
364 5942 418 5987 x.
461 5942 483 5981 ι
528 5942 583 5981 et
610 5942 719 5996 sequ
749 5966 763 5980 .
869 5942 914 5959 ὐ
939 5942 1101 5979 nenr.
1134 5942 1187 5985 x,
1217 5942 1267 5978 ι.
1345 5942 1387 5955 -·
1413 5942 1443 5977 x

171 5994 224 6031 ⁸⁸
254 6011 349 6064 xv,
369 5997 459 6066 51,
481 5997 568 6053 52.
646 5998 692 6032 "
714 5942 904 6053 blatth.
944 6010 1095 6062 xxiv,
1121 5994 1191 6048 32
1221 6000 1273 6050 ct
1297 6007 1452 6063 seqq.

1712 5926 1758 5958 ⁹¹
1782 5922 1995 5981 Coloss.
2026 5938 2086 5991 ιι,
2118 5920 2204 5989 16,
2234 5920 2322 5977 17.

2427 5920 2677 5978 "Matth.
2712 5934 2861 5985 sxw,
2886 5918 2979 5974 5|.
3086 5914 3131 5948 ”
3156 5929 3235 5981 tv,
3254 5908 3344 5980 l4,
3370 5906 3467 5965 15.
