  <div class='ocr_page' id='page_1' title='image "/cluster/home/n/w/nwhite01/storage/ocr_20150623/13/hvd.32044019207646/873.png"; bbox 0 0 4004 6596; ppageno 0'>
   <div class='ocr_carea' id='block_1_1' title="bbox 530 511 668 568">
    <p class='ocr_par' dir='ltr' id='par_1_1' title="bbox 530 511 668 568">
     <span class='ocr_line' id='line_1_1' title="bbox 530 511 668 568; baseline -0.014 0"><span class='ocrx_word' id='word_1_1' title='bbox 530 511 668 568; x_wconf 74' lang='grc'><strong>1685</strong></span> 
     </span>
    </p>
   </div>
   <div class='ocr_carea' id='block_1_2' title="bbox 1636 482 2586 564">
    <p class='ocr_par' dir='ltr' id='par_1_2' title="bbox 1636 482 2586 564">
     <span class='ocr_line' id='line_1_2' title="bbox 1636 482 2586 564; baseline -0.004 -1"><span class='ocrx_word' id='word_1_2' title='bbox 1636 482 1638 484; x_wconf 65' lang='grc'>’</span> <span class='ocrx_word' id='word_1_3' title='bbox 1707 505 2026 564; x_wconf 69' lang='lat' dir='ltr'><strong>ontcexts</strong></span> <span class='ocrx_word' id='word_1_4' title='bbox 2062 503 2129 558; x_wconf 80' lang='lat' dir='ltr'><strong>1N</strong></span> <span class='ocrx_word' id='word_1_5' title='bbox 2170 502 2586 562; x_wconf 58' lang='lat' dir='ltr'><strong>nummum</strong></span> 
     </span>
    </p>
   </div>
   <div class='ocr_carea' id='block_1_3' title="bbox 3658 504 3792 562">
    <p class='ocr_par' dir='ltr' id='par_1_3' title="bbox 3658 504 3792 562">
     <span class='ocr_line' id='line_1_3' title="bbox 3658 504 3792 562; baseline 0.022 -3"><span class='ocrx_word' id='word_1_6' title='bbox 3658 504 3792 562; x_wconf 63' lang='grc' dir='ltr'><strong>ιω</strong></span> 
     </span>
    </p>
   </div>
   <div class='ocr_carea' id='block_1_4' title="bbox 527 617 3793 700">
    <p class='ocr_par' dir='ltr' id='par_1_4' title="bbox 527 617 3793 700">
     <span class='ocr_line' id='line_1_4' title="bbox 527 617 3793 700; baseline -0.002 -20"><span class='ocrx_word' id='word_1_7' title='bbox 527 632 886 700; x_wconf 76' lang='lat' dir='ltr'><strong>praztereonte</strong></span> <span class='ocrx_word' id='word_1_8' title='bbox 928 625 1130 691; x_wconf 83' lang='lat' dir='ltr'><strong>hieme,</strong></span> <span class='ocrx_word' id='word_1_9' title='bbox 1161 637 1226 678; x_wconf 83' lang='lat' dir='ltr'><strong>ex</strong></span> <span class='ocrx_word' id='word_1_10' title='bbox 1262 622 1378 694; x_wconf 91' lang='lat' dir='ltr'><strong>ipsa</strong></span> <span class='ocrx_word' id='word_1_11' title='bbox 1413 621 1724 678; x_wconf 92' lang='lat' dir='ltr'><strong>valetudine</strong></span> <span class='ocrx_word' id='word_1_12' title='bbox 1758 623 1880 693; x_wconf 84' lang='lat' dir='ltr'><strong>ejus</strong></span> <span class='ocrx_word' id='word_1_13' title='bbox 1919 635 2108 676; x_wconf 86' lang='lat' dir='ltr'><strong>ramus</strong></span> <span class='ocrx_word' id='word_1_14' title='bbox 2137 627 2180 681; x_wconf 78' lang='grc' dir='ltr'><strong>Α</strong></span> <span class='ocrx_word' id='word_1_15' title='bbox 2211 617 2493 688; x_wconf 88' lang='lat' dir='ltr'><strong>proferens</strong></span> <span class='ocrx_word' id='word_1_16' title='bbox 2544 627 2791 673; x_wconf 89' lang='lat' dir='ltr'><strong>tenerum</strong></span> <span class='ocrx_word' id='word_1_17' title='bbox 2827 632 3062 686; x_wconf 86' lang='lat' dir='ltr'><strong>ramum,</strong></span> <span class='ocrx_word' id='word_1_18' title='bbox 3098 633 3207 674; x_wconf 91' lang='lat' dir='ltr'><strong>non</strong></span> <span class='ocrx_word' id='word_1_19' title='bbox 3248 618 3399 673; x_wconf 87' lang='lat' dir='ltr'><strong>illum</strong></span> <span class='ocrx_word' id='word_1_20' title='bbox 3429 617 3632 674; x_wconf 86' lang='lat' dir='ltr'><strong>durum</strong></span> <span class='ocrx_word' id='word_1_21' title='bbox 3654 660 3669 681; x_wconf 87' lang='lat'><strong>,</strong></span> <span class='ocrx_word' id='word_1_22' title='bbox 3703 621 3793 675; x_wconf 85' lang='lat' dir='ltr'><strong>sed</strong></span> 
     </span>
    </p>
   </div>
   <div class='ocr_carea' id='block_1_5' title="bbox 527 713 2108 784">
    <p class='ocr_par' dir='ltr' id='par_1_5' title="bbox 527 713 2108 784">
     <span class='ocr_line' id='line_1_5' title="bbox 527 713 2108 784; baseline -0.003 -10"><span class='ocrx_word' id='word_1_23' title='bbox 527 717 762 774; x_wconf 65' lang='lat' dir='ltr'><strong>edicitur</strong></span> <span class='ocrx_word' id='word_1_24' title='bbox 806 723 980 781; x_wconf 89' lang='lat' dir='ltr'><strong>tener,</strong></span> <span class='ocrx_word' id='word_1_25' title='bbox 1022 715 1277 784; x_wconf 75' lang='lat' dir='ltr'><strong>producit</strong></span> <span class='ocrx_word' id='word_1_26' title='bbox 1314 726 1368 771; x_wconf 89' lang='lat' dir='ltr'><strong>et</strong></span> <span class='ocrx_word' id='word_1_27' title='bbox 1403 713 1532 769; x_wconf 88' lang='lat' dir='ltr'><strong>folia</strong></span> <span class='ocrx_word' id='word_1_28' title='bbox 1561 731 1574 768; x_wconf 92' lang='lat'><strong>:</strong></span> <span class='ocrx_word' id='word_1_29' title='bbox 1600 723 1654 770; x_wconf 91' lang='lat' dir='ltr'><strong>et</strong></span> <span class='ocrx_word' id='word_1_30' title='bbox 1681 715 1824 770; x_wconf 87' lang='lat' dir='ltr'><strong>sicut</strong></span> <span class='ocrx_word' id='word_1_31' title='bbox 1863 714 2027 769; x_wconf 88' lang='lat' dir='ltr'><strong>arbor</strong></span> <span class='ocrx_word' id='word_1_32' title='bbox 2053 715 2108 769; x_wconf 92' lang='lat' dir='ltr'><strong>in</strong></span> 
     </span>
    </p>
   </div>
   <div class='ocr_carea' id='block_1_6' title="bbox 486 801 2106 878">
    <p class='ocr_par' dir='ltr' id='par_1_6' title="bbox 486 801 2106 878">
     <span class='ocr_line' id='line_1_6' title="bbox 486 801 2106 878; baseline -0.003 -15"><span class='ocrx_word' id='word_1_33' title='bbox 486 808 728 878; x_wconf 47' lang='lat' dir='ltr'><strong>,virtute</strong></span> <span class='ocrx_word' id='word_1_34' title='bbox 793 806 910 876; x_wconf 88' lang='lat' dir='ltr'><strong>ipsa</strong></span> <span class='ocrx_word' id='word_1_35' title='bbox 958 804 1086 860; x_wconf 86' lang='lat' dir='ltr'><strong>folia</strong></span> <span class='ocrx_word' id='word_1_36' title='bbox 1139 804 1300 860; x_wconf 88' lang='lat' dir='ltr'><strong>habet</strong></span> <span class='ocrx_word' id='word_1_37' title='bbox 1355 812 1410 860; x_wconf 88' lang='lat' dir='ltr'><strong>et</strong></span> <span class='ocrx_word' id='word_1_38' title='bbox 1461 801 1709 871; x_wconf 88' lang='lat' dir='ltr'><strong>fructus,</strong></span> <span class='ocrx_word' id='word_1_39' title='bbox 1767 813 1823 859; x_wconf 91' lang='lat' dir='ltr'><strong>et</strong></span> <span class='ocrx_word' id='word_1_40' title='bbox 1871 803 2106 873; x_wconf 90' lang='lat' dir='ltr'><strong>primum</strong></span> 
     </span>
    </p>
   </div>
   <div class='ocr_carea' id='block_1_7' title="bbox 525 896 2109 972">
    <p class='ocr_par' dir='ltr' id='par_1_7' title="bbox 525 896 2109 972">
     <span class='ocr_line' id='line_1_7' title="bbox 525 896 2109 972; baseline -0.001 -18"><span class='ocrx_word' id='word_1_41' title='bbox 525 900 744 972; x_wconf 84' lang='lat' dir='ltr'><strong>quidem</strong></span> <span class='ocrx_word' id='word_1_42' title='bbox 792 907 878 956; x_wconf 85' lang='lat' dir='ltr'><strong>est</strong></span> <span class='ocrx_word' id='word_1_43' title='bbox 923 913 1136 971; x_wconf 87' lang='lat' dir='ltr'><strong>gemma</strong></span> <span class='ocrx_word' id='word_1_44' title='bbox 1164 937 1178 963; x_wconf 93' lang='lat'><strong>,</strong></span> <span class='ocrx_word' id='word_1_45' title='bbox 1247 896 1442 953; x_wconf 89' lang='lat' dir='ltr'><strong>deinde</strong></span> <span class='ocrx_word' id='word_1_46' title='bbox 1489 897 1750 968; x_wconf 76' lang='lat' dir='ltr'><strong>paulatim</strong></span> <span class='ocrx_word' id='word_1_47' title='bbox 1808 897 2109 964; x_wconf 80' lang='lat' dir='ltr'><strong>proficisci-</strong></span> 
     </span>
    </p>
   </div>
   <div class='ocr_carea' id='block_1_8' title="bbox 527 988 2111 1062">
    <p class='ocr_par' dir='ltr' id='par_1_8' title="bbox 527 988 2111 1062">
     <span class='ocr_line' id='line_1_8' title="bbox 527 988 2111 1062; baseline -0.001 -16"><span class='ocrx_word' id='word_1_48' title='bbox 527 1003 620 1046; x_wconf 90' lang='lat' dir='ltr'><strong>tur</strong></span> <span class='ocrx_word' id='word_1_49' title='bbox 651 991 786 1062; x_wconf 78' lang='lat'><strong>(85),</strong></span> <span class='ocrx_word' id='word_1_50' title='bbox 822 990 1122 1047; x_wconf 90' lang='lat' dir='ltr'><strong>novissime</strong></span> <span class='ocrx_word' id='word_1_51' title='bbox 1163 997 1343 1044; x_wconf 91' lang='lat' dir='ltr'><strong>autem</strong></span> <span class='ocrx_word' id='word_1_52' title='bbox 1386 997 1470 1044; x_wconf 85' lang='lat' dir='ltr'><strong>est</strong></span> <span class='ocrx_word' id='word_1_53' title='bbox 1521 989 1574 1042; x_wconf 91' lang='lat' dir='ltr'><strong>in</strong></span> <span class='ocrx_word' id='word_1_54' title='bbox 1626 988 1744 1059; x_wconf 86' lang='lat' dir='ltr'><strong>ipso</strong></span> <span class='ocrx_word' id='word_1_55' title='bbox 1770 988 1958 1043; x_wconf 69' lang='lat' dir='ltr'><strong>effectu</strong></span> <span class='ocrx_word' id='word_1_56' title='bbox 1987 1004 1999 1040; x_wconf 93' lang='lat'>:</span> <span class='ocrx_word' id='word_1_57' title='bbox 2029 989 2111 1044; x_wconf 90' lang='lat' dir='ltr'><strong>sic</strong></span> 
     </span>
    </p>
   </div>
   <div class='ocr_carea' id='block_1_9' title="bbox 524 1078 2107 1150">
    <p class='ocr_par' dir='ltr' id='par_1_9' title="bbox 524 1078 2107 1150">
     <span class='ocr_line' id='line_1_9' title="bbox 524 1078 2107 1150; baseline -0.003 -14"><span class='ocrx_word' id='word_1_58' title='bbox 524 1089 581 1136; x_wconf 84' lang='lat' dir='ltr'><strong>et</strong></span> <span class='ocrx_word' id='word_1_59' title='bbox 607 1081 867 1143; x_wconf 89' lang='lat' dir='ltr'><strong>mundus,</strong></span> <span class='ocrx_word' id='word_1_60' title='bbox 897 1089 950 1136; x_wconf 92' lang='lat' dir='ltr'><strong>et</strong></span> <span class='ocrx_word' id='word_1_61' title='bbox 976 1081 1356 1150; x_wconf 81' lang='lat' dir='ltr'><strong>unusquisque</strong></span> <span class='ocrx_word' id='word_1_62' title='bbox 1388 1094 1575 1134; x_wconf 89' lang='lat' dir='ltr'><strong>eorum</strong></span> <span class='ocrx_word' id='word_1_63' title='bbox 1603 1080 1695 1150; x_wconf 91' lang='lat' dir='ltr'><strong>qui</strong></span> <span class='ocrx_word' id='word_1_64' title='bbox 1723 1078 2020 1144; x_wconf 90' lang='lat' dir='ltr'><strong>salvantur,</strong></span> <span class='ocrx_word' id='word_1_65' title='bbox 2053 1078 2107 1132; x_wconf 92' lang='lat' dir='ltr'><strong>in</strong></span> 
     </span>
    </p>
   </div>
   <div class='ocr_carea' id='block_1_10' title="bbox 527 1171 2109 1242">
    <p class='ocr_par' dir='ltr' id='par_1_10' title="bbox 527 1171 2109 1242">
     <span class='ocr_line' id='line_1_10' title="bbox 527 1171 2109 1242; baseline -0.003 -14"><span class='ocrx_word' id='word_1_66' title='bbox 527 1173 636 1228; x_wconf 83' lang='lat' dir='ltr'><strong>fine</strong></span> <span class='ocrx_word' id='word_1_67' title='bbox 679 1182 804 1228; x_wconf 84' lang='lat' dir='ltr'><strong>ante</strong></span> <span class='ocrx_word' id='word_1_68' title='bbox 830 1172 1037 1228; x_wconf 82' lang='lat' dir='ltr'><strong>Christi</strong></span> <span class='ocrx_word' id='word_1_69' title='bbox 1084 1172 1378 1226; x_wconf 85' lang='lat' dir='ltr'><strong>adventum</strong></span> <span class='ocrx_word' id='word_1_70' title='bbox 1425 1171 1585 1242; x_wconf 89' lang='lat' dir='ltr'><strong>quasi</strong></span> <span class='ocrx_word' id='word_1_71' title='bbox 1628 1172 1683 1225; x_wconf 92' lang='lat' dir='ltr'><strong>in</strong></span> <span class='ocrx_word' id='word_1_72' title='bbox 1717 1171 1917 1237; x_wconf 88' lang='lat' dir='ltr'><strong>hieme,</strong></span> <span class='ocrx_word' id='word_1_73' title='bbox 1956 1171 2008 1224; x_wconf 93' lang='lat' dir='ltr'><strong>in</strong></span> <span class='ocrx_word' id='word_1_74' title='bbox 2052 1185 2109 1225; x_wconf 91' lang='lat' dir='ltr'><strong>se</strong></span> 
     </span>
    </p>
   </div>
   <div class='ocr_carea' id='block_1_11' title="bbox 523 1264 2106 1324">
    <p class='ocr_par' dir='ltr' id='par_1_11' title="bbox 523 1264 2106 1324">
     <span class='ocr_line' id='line_1_11' title="bbox 523 1264 2106 1324; baseline -0.003 -2"><span class='ocrx_word' id='word_1_75' title='bbox 523 1268 848 1324; x_wconf 81' lang='lat' dir='ltr'><strong>absconsam</strong></span> <span class='ocrx_word' id='word_1_76' title='bbox 878 1266 1039 1322; x_wconf 80' lang='lat' dir='ltr'><strong>habet</strong></span> <span class='ocrx_word' id='word_1_77' title='bbox 1073 1265 1290 1321; x_wconf 85' lang='lat' dir='ltr'><strong>vitalem</strong></span> <span class='ocrx_word' id='word_1_78' title='bbox 1321 1265 1578 1320; x_wconf 67' lang='lat' dir='ltr'><strong>virtutem</strong></span> <span class='ocrx_word' id='word_1_79' title='bbox 1618 1283 1630 1316; x_wconf 86' lang='lat'><strong>:</strong></span> <span class='ocrx_word' id='word_1_80' title='bbox 1672 1264 1892 1320; x_wconf 82' lang='lat' dir='ltr'><strong>Christo</strong></span> <span class='ocrx_word' id='word_1_81' title='bbox 1925 1273 2106 1320; x_wconf 86' lang='lat' dir='ltr'><strong>autem</strong></span> 
     </span>
    </p>
   </div>
   <div class='ocr_carea' id='block_1_12' title="bbox 521 1358 2104 1430">
    <p class='ocr_par' dir='ltr' id='par_1_12' title="bbox 521 1358 2104 1430">
     <span class='ocr_line' id='line_1_12' title="bbox 521 1358 2104 1430; baseline -0.004 -12"><span class='ocrx_word' id='word_1_82' title='bbox 521 1360 850 1430; x_wconf 75' lang='lat' dir='ltr'><strong>inspirante,</strong></span> <span class='ocrx_word' id='word_1_83' title='bbox 886 1360 979 1430; x_wconf 89' lang='lat' dir='ltr'><strong>qui</strong></span> <span class='ocrx_word' id='word_1_84' title='bbox 1005 1369 1132 1416; x_wconf 88' lang='lat' dir='ltr'><strong>sunt</strong></span> <span class='ocrx_word' id='word_1_85' title='bbox 1164 1361 1336 1415; x_wconf 90' lang='lat' dir='ltr'><strong>teneri</strong></span> <span class='ocrx_word' id='word_1_86' title='bbox 1384 1368 1440 1416; x_wconf 89' lang='lat' dir='ltr'><strong>et</strong></span> <span class='ocrx_word' id='word_1_87' title='bbox 1471 1374 1578 1414; x_wconf 92' lang='lat' dir='ltr'><strong>non</strong></span> <span class='ocrx_word' id='word_1_88' title='bbox 1606 1358 1909 1414; x_wconf 90' lang='lat' dir='ltr'><strong>duricordii</strong></span> <span class='ocrx_word' id='word_1_89' title='bbox 1946 1359 2104 1422; x_wconf 91' lang='lat' dir='ltr'><strong>rami,</strong></span> 
     </span>
    </p>
   </div>
   <div class='ocr_carea' id='block_1_13' title="bbox 523 1452 2106 1524">
    <p class='ocr_par' dir='ltr' id='par_1_13' title="bbox 523 1452 2106 1524">
     <span class='ocr_line' id='line_1_13' title="bbox 523 1452 2106 1524; baseline -0.001 -17"><span class='ocrx_word' id='word_1_90' title='bbox 523 1461 579 1508; x_wconf 89' lang='lat' dir='ltr'><strong>ct</strong></span> <span class='ocrx_word' id='word_1_91' title='bbox 623 1469 747 1524; x_wconf 70' lang='lat' dir='ltr'><strong>qua:</strong></span> <span class='ocrx_word' id='word_1_92' title='bbox 789 1453 1111 1510; x_wconf 89' lang='lat' dir='ltr'><strong>abscondita</strong></span> <span class='ocrx_word' id='word_1_93' title='bbox 1162 1462 1320 1508; x_wconf 89' lang='lat' dir='ltr'><strong>erant</strong></span> <span class='ocrx_word' id='word_1_94' title='bbox 1364 1453 1417 1506; x_wconf 91' lang='lat' dir='ltr'><strong>in</strong></span> <span class='ocrx_word' id='word_1_95' title='bbox 1469 1452 1550 1507; x_wconf 91' lang='lat' dir='ltr'><strong>eis</strong></span> <span class='ocrx_word' id='word_1_96' title='bbox 1593 1452 2019 1522; x_wconf 84' lang='lat' dir='ltr'><strong>progrediuntur</strong></span> <span class='ocrx_word' id='word_1_97' title='bbox 2053 1452 2106 1506; x_wconf 94' lang='lat' dir='ltr'><strong>in</strong></span> 
     </span>
    </p>
   </div>
   <div class='ocr_carea' id='block_1_14' title="bbox 523 1542 2110 1610">
    <p class='ocr_par' dir='ltr' id='par_1_14' title="bbox 523 1542 2110 1610">
     <span class='ocr_line' id='line_1_14' title="bbox 523 1542 2110 1610; baseline -0.003 -9"><span class='ocrx_word' id='word_1_98' title='bbox 523 1545 654 1602; x_wconf 73' lang='lat' dir='ltr'><strong>folia</strong></span> <span class='ocrx_word' id='word_1_99' title='bbox 681 1554 871 1601; x_wconf 56' lang='lat' dir='ltr'><strong>aestate</strong></span> <span class='ocrx_word' id='word_1_100' title='bbox 923 1546 1182 1610; x_wconf 87' lang='lat' dir='ltr'><strong>instante,</strong></span> <span class='ocrx_word' id='word_1_101' title='bbox 1219 1555 1270 1599; x_wconf 87' lang='lat' dir='ltr'><strong>et</strong></span> <span class='ocrx_word' id='word_1_102' title='bbox 1301 1542 1624 1598; x_wconf 89' lang='lat' dir='ltr'><strong>manifestos</strong></span> <span class='ocrx_word' id='word_1_103' title='bbox 1678 1544 1891 1598; x_wconf 89' lang='lat' dir='ltr'><strong>fructus</strong></span> <span class='ocrx_word' id='word_1_104' title='bbox 1924 1553 2110 1599; x_wconf 89' lang='lat' dir='ltr'><strong>osten-</strong></span> 
     </span>
    </p>
   </div>
   <div class='ocr_carea' id='block_1_15' title="bbox 517 1633 2108 1708">
    <p class='ocr_par' dir='ltr' id='par_1_15' title="bbox 517 1633 2108 1708">
     <span class='ocr_line' id='line_1_15' title="bbox 517 1633 2108 1708; baseline -0.003 -14"><span class='ocrx_word' id='word_1_105' title='bbox 517 1637 681 1705; x_wconf 88' lang='lat' dir='ltr'><strong>dunt,</strong></span> <span class='ocrx_word' id='word_1_106' title='bbox 719 1652 861 1708; x_wconf 91' lang='lat' dir='ltr'><strong>quos</strong></span> <span class='ocrx_word' id='word_1_107' title='bbox 900 1637 993 1708; x_wconf 87' lang='lat' dir='ltr'><strong>qui</strong></span> <span class='ocrx_word' id='word_1_108' title='bbox 1043 1637 1237 1707; x_wconf 85' lang='lat' dir='ltr'><strong>aspicit</strong></span> <span class='ocrx_word' id='word_1_109' title='bbox 1277 1636 1330 1689; x_wconf 93' lang='lat' dir='ltr'><strong>in</strong></span> <span class='ocrx_word' id='word_1_110' title='bbox 1377 1635 1597 1690; x_wconf 83' lang='lat' dir='ltr'><strong>Christo</strong></span> <span class='ocrx_word' id='word_1_111' title='bbox 1639 1635 1755 1704; x_wconf 90' lang='lat' dir='ltr'><strong>jam</strong></span> <span class='ocrx_word' id='word_1_112' title='bbox 1801 1635 1967 1691; x_wconf 89' lang='lat' dir='ltr'><strong>videt.</strong></span> <span class='ocrx_word' id='word_1_113' title='bbox 2007 1633 2108 1690; x_wconf 65' lang='lat' dir='ltr'><strong>.Sic</strong></span> 
     </span>
    </p>
   </div>
   <div class='ocr_carea' id='block_1_16' title="bbox 519 1727 2106 1802">
    <p class='ocr_par' dir='ltr' id='par_1_16' title="bbox 519 1727 2106 1802">
     <span class='ocr_line' id='line_1_16' title="bbox 519 1727 2106 1802; baseline -0.004 -14"><span class='ocrx_word' id='word_1_114' title='bbox 519 1739 576 1788; x_wconf 76' lang='lat' dir='ltr'><strong>et</strong></span> <span class='ocrx_word' id='word_1_115' title='bbox 608 1732 662 1787; x_wconf 91' lang='lat' dir='ltr'><strong>in</strong></span> <span class='ocrx_word' id='word_1_116' title='bbox 693 1731 875 1802; x_wconf 81' lang='lat' dir='ltr'><strong>aliqua</strong></span> <span class='ocrx_word' id='word_1_117' title='bbox 921 1730 1179 1801; x_wconf 89' lang='lat' dir='ltr'><strong>parabola</strong></span> <span class='ocrx_word' id='word_1_118' title='bbox 1234 1727 1470 1783; x_wconf 78' lang='lat' dir='ltr'><strong>refertur</strong></span> <span class='ocrx_word' id='word_1_119' title='bbox 1498 1727 1764 1792; x_wconf 83' lang='lat' dir='ltr'><strong>Pastoris,</strong></span> <span class='ocrx_word' id='word_1_120' title='bbox 1796 1728 1840 1783; x_wconf 93' lang='lat' dir='ltr'><strong>si</strong></span> <span class='ocrx_word' id='word_1_121' title='bbox 1875 1728 1963 1783; x_wconf 92' lang='lat' dir='ltr'><strong>cui</strong></span> <span class='ocrx_word' id='word_1_122' title='bbox 1990 1728 2106 1798; x_wconf 89' lang='lat' dir='ltr'><strong>pla-</strong></span> 
     </span>
    </p>
   </div>
   <div class='ocr_carea' id='block_1_17' title="bbox 518 1823 2102 1893">
    <p class='ocr_par' dir='ltr' id='par_1_17' title="bbox 518 1823 2102 1893">
     <span class='ocr_line' id='line_1_17' title="bbox 518 1823 2102 1893; baseline -0.004 -11"><span class='ocrx_word' id='word_1_123' title='bbox 518 1833 640 1882; x_wconf 82' lang='lat' dir='ltr'><strong>ceat</strong></span> <span class='ocrx_word' id='word_1_124' title='bbox 669 1824 836 1880; x_wconf 90' lang='lat' dir='ltr'><strong>etiam</strong></span> <span class='ocrx_word' id='word_1_125' title='bbox 869 1824 1021 1879; x_wconf 92' lang='lat' dir='ltr'><strong>illum</strong></span> <span class='ocrx_word' id='word_1_126' title='bbox 1064 1825 1243 1893; x_wconf 83' lang='lat' dir='ltr'><strong>legere</strong></span> <span class='ocrx_word' id='word_1_127' title='bbox 1270 1824 1496 1888; x_wconf 89' lang='lat' dir='ltr'><strong>librum,</strong></span> <span class='ocrx_word' id='word_1_128' title='bbox 1534 1823 1795 1892; x_wconf 89' lang='lat' dir='ltr'><strong>quoniam</strong></span> <span class='ocrx_word' id='word_1_129' title='bbox 1843 1823 2102 1878; x_wconf 82' lang='lat' dir='ltr'><strong>saeculum</strong></span> 
     </span>
    </p>
   </div>
   <div class='ocr_carea' id='block_1_18' title="bbox 518 1915 2102 1987">
    <p class='ocr_par' dir='ltr' id='par_1_18' title="bbox 518 1915 2102 1987">
     <span class='ocr_line' id='line_1_18' title="bbox 518 1915 2102 1987; baseline -0.001 -17"><span class='ocrx_word' id='word_1_130' title='bbox 518 1931 758 1986; x_wconf 71' lang='lat' dir='ltr'><strong>praesens</strong></span> <span class='ocrx_word' id='word_1_131' title='bbox 813 1917 988 1972; x_wconf 89' lang='lat' dir='ltr'><strong>hiems</strong></span> <span class='ocrx_word' id='word_1_132' title='bbox 1045 1927 1128 1972; x_wconf 89' lang='lat' dir='ltr'><strong>est</strong></span> <span class='ocrx_word' id='word_1_133' title='bbox 1170 1916 1376 1987; x_wconf 91' lang='lat' dir='ltr'><strong>justis,</strong></span> <span class='ocrx_word' id='word_1_134' title='bbox 1425 1915 1517 1986; x_wconf 90' lang='lat' dir='ltr'><strong>qui</strong></span> <span class='ocrx_word' id='word_1_135' title='bbox 1570 1924 1836 1985; x_wconf 86' lang='lat' dir='ltr'><strong>apparent</strong></span> <span class='ocrx_word' id='word_1_136' title='bbox 1893 1915 2102 1970; x_wconf 85' lang='lat' dir='ltr'><strong>similes</strong></span> 
     </span>
    </p>
   </div>
   <div class='ocr_carea' id='block_1_19' title="bbox 2216 709 3794 782">
    <p class='ocr_par' dir='ltr' id='par_1_19' title="bbox 2216 709 3794 782">
     <span class='ocr_line' id='line_1_19' title="bbox 2216 709 3794 782; baseline 0 -16"><span class='ocrx_word' id='word_1_137' title='bbox 2216 711 2378 766; x_wconf 89' lang='lat' dir='ltr'><strong>molle</strong></span> <span class='ocrx_word' id='word_1_138' title='bbox 2411 725 2506 766; x_wconf 89' lang='lat' dir='ltr'><strong>cor</strong></span> <span class='ocrx_word' id='word_1_139' title='bbox 2537 709 2603 764; x_wconf 91' lang='lat' dir='ltr'><strong>ad</strong></span> <span class='ocrx_word' id='word_1_140' title='bbox 2632 711 2963 767; x_wconf 88' lang='lat' dir='ltr'><strong>credendum</strong></span> <span class='ocrx_word' id='word_1_141' title='bbox 2996 710 3106 766; x_wconf 90' lang='lat' dir='ltr'><strong>Deo</strong></span> <span class='ocrx_word' id='word_1_142' title='bbox 3153 727 3168 763; x_wconf 88' lang='lat'><strong>:</strong></span> <span class='ocrx_word' id='word_1_143' title='bbox 3219 719 3273 766; x_wconf 91' lang='lat' dir='ltr'><strong>et</strong></span> <span class='ocrx_word' id='word_1_144' title='bbox 3302 711 3582 782; x_wconf 84' lang='lat' dir='ltr'><strong>profectus</strong></span> <span class='ocrx_word' id='word_1_145' title='bbox 3622 714 3794 768; x_wconf 80' lang='lat' dir='ltr'><strong>nostri</strong></span> 
     </span>
    </p>
   </div>
   <div class='ocr_carea' id='block_1_20' title="bbox 2211 802 3797 876">
    <p class='ocr_par' dir='ltr' id='par_1_20' title="bbox 2211 802 3797 876">
     <span class='ocr_line' id='line_1_20' title="bbox 2211 802 3797 876; baseline 0.001 -18"><span class='ocrx_word' id='word_1_146' title='bbox 2211 803 2490 874; x_wconf 81' lang='lat' dir='ltr'><strong>proferant</strong></span> <span class='ocrx_word' id='word_1_147' title='bbox 2521 802 2651 858; x_wconf 89' lang='lat' dir='ltr'><strong>folia</strong></span> <span class='ocrx_word' id='word_1_148' title='bbox 2681 804 2902 859; x_wconf 89' lang='lat' dir='ltr'><strong>interim</strong></span> <span class='ocrx_word' id='word_1_149' title='bbox 2921 813 2974 860; x_wconf 90' lang='lat' dir='ltr'><strong>et</strong></span> <span class='ocrx_word' id='word_1_150' title='bbox 3006 805 3169 861; x_wconf 83' lang='lat' dir='ltr'><strong>ﬂores</strong></span> <span class='ocrx_word' id='word_1_151' title='bbox 3185 819 3439 875; x_wconf 84' lang='lat' dir='ltr'><strong>Operum,</strong></span> <span class='ocrx_word' id='word_1_152' title='bbox 3472 815 3532 860; x_wconf 90' lang='lat' dir='ltr'><strong>ut</strong></span> <span class='ocrx_word' id='word_1_153' title='bbox 3551 817 3797 876; x_wconf 81' lang='lat' dir='ltr'><strong>postmo-</strong></span> 
     </span>
    </p>
   </div>
   <div class='ocr_carea' id='block_1_21' title="bbox 2209 894 3795 968">
    <p class='ocr_par' dir='ltr' id='par_1_21' title="bbox 2209 894 3795 968">
     <span class='ocr_line' id='line_1_21' title="bbox 2209 894 3795 968; baseline 0.003 -20"><span class='ocrx_word' id='word_1_154' title='bbox 2209 896 2339 950; x_wconf 88' lang='lat' dir='ltr'><strong>dum</strong></span> <span class='ocrx_word' id='word_1_155' title='bbox 2371 895 2534 950; x_wconf 89' lang='lat' dir='ltr'><strong>etiam</strong></span> <span class='ocrx_word' id='word_1_156' title='bbox 2562 894 2992 966; x_wconf 86' lang='lat' dir='ltr'><strong>perfectissimus</strong></span> <span class='ocrx_word' id='word_1_157' title='bbox 3019 895 3252 965; x_wconf 90' lang='lat' dir='ltr'><strong>fructus,</strong></span> <span class='ocrx_word' id='word_1_158' title='bbox 3283 912 3405 952; x_wconf 91' lang='lat' dir='ltr'><strong>cum</strong></span> <span class='ocrx_word' id='word_1_159' title='bbox 3427 897 3599 968; x_wconf 76' lang='lat'><strong>873</strong></span> <span class='ocrx_word' id='word_1_160' title='bbox 3627 914 3795 952; x_wconf 84' lang='lat' dir='ltr'><strong>vene-</strong></span> 
     </span>
    </p>
   </div>
   <div class='ocr_carea' id='block_1_22' title="bbox 2217 989 3795 1060">
    <p class='ocr_par' dir='ltr' id='par_1_22' title="bbox 2217 989 3795 1060">
     <span class='ocr_line' id='line_1_22' title="bbox 2217 989 3795 1060; baseline 0.004 -18"><span class='ocrx_word' id='word_1_161' title='bbox 2217 990 2288 1044; x_wconf 91' lang='lat' dir='ltr'><strong>rit</strong></span> <span class='ocrx_word' id='word_1_162' title='bbox 2318 990 2464 1060; x_wconf 91' lang='lat' dir='ltr'><strong>quod</strong></span> <span class='ocrx_word' id='word_1_163' title='bbox 2520 989 2818 1060; x_wconf 88' lang='lat' dir='ltr'><strong>perfectum</strong></span> <span class='ocrx_word' id='word_1_164' title='bbox 2855 1001 2961 1055; x_wconf 91' lang='lat' dir='ltr'><strong>est,</strong></span> <span class='ocrx_word' id='word_1_165' title='bbox 3009 992 3066 1046; x_wconf 90' lang='lat' dir='ltr'><strong>in</strong></span> <span class='ocrx_word' id='word_1_166' title='bbox 3098 991 3378 1047; x_wconf 88' lang='lat' dir='ltr'><strong>Christum</strong></span> <span class='ocrx_word' id='word_1_167' title='bbox 3408 991 3795 1048; x_wconf 68' lang='lat' dir='ltr'><strong>exhibeamus.</strong></span> 
     </span>
    </p>
   </div>
   <div class='ocr_carea' id='block_1_23' title="bbox 2210 1079 3796 1152">
    <p class='ocr_par' dir='ltr' id='par_1_23' title="bbox 2210 1079 3796 1152">
     <span class='ocr_line' id='line_1_23' title="bbox 2210 1079 3796 1152; baseline 0.003 -20"><span class='ocrx_word' id='word_1_168' title='bbox 2210 1079 2401 1135; x_wconf 83' lang='lat' dir='ltr'><strong>Adhuc</strong></span> <span class='ocrx_word' id='word_1_169' title='bbox 2437 1091 2494 1136; x_wconf 93' lang='lat' dir='ltr'><strong>et</strong></span> <span class='ocrx_word' id='word_1_170' title='bbox 2539 1081 2639 1152; x_wconf 87' lang='lat' dir='ltr'><strong>ipsi</strong></span> <span class='ocrx_word' id='word_1_171' title='bbox 2683 1083 2778 1152; x_wconf 92' lang='lat' dir='ltr'><strong>qui</strong></span> <span class='ocrx_word' id='word_1_172' title='bbox 2819 1083 3118 1147; x_wconf 87' lang='lat' dir='ltr'><strong>salvantur,</strong></span> <span class='ocrx_word' id='word_1_173' title='bbox 3168 1083 3370 1139; x_wconf 85' lang='lat' dir='ltr'><strong>habent</strong></span> <span class='ocrx_word' id='word_1_174' title='bbox 3416 1083 3472 1138; x_wconf 90' lang='lat' dir='ltr'><strong>in</strong></span> <span class='ocrx_word' id='word_1_175' title='bbox 3513 1097 3576 1139; x_wconf 82' lang='lat' dir='ltr'><strong>se</strong></span> <span class='ocrx_word' id='word_1_176' title='bbox 3609 1097 3796 1136; x_wconf 78' lang='lat' dir='ltr'><strong>veram</strong></span> 
     </span>
    </p>
   </div>
   <div class='ocr_carea' id='block_1_24' title="bbox 2210 1174 3802 1248">
    <p class='ocr_par' dir='ltr' id='par_1_24' title="bbox 2210 1174 3802 1248">
     <span class='ocr_line' id='line_1_24' title="bbox 2210 1174 3802 1248; baseline 0.003 -21"><span class='ocrx_word' id='word_1_177' title='bbox 2210 1174 2396 1239; x_wconf 89' lang='lat' dir='ltr'><strong>vitem,</strong></span> <span class='ocrx_word' id='word_1_178' title='bbox 2443 1191 2567 1229; x_wconf 89' lang='lat' dir='ltr'><strong>eum</strong></span> <span class='ocrx_word' id='word_1_179' title='bbox 2627 1176 2720 1246; x_wconf 88' lang='lat' dir='ltr'><strong>qui</strong></span> <span class='ocrx_word' id='word_1_180' title='bbox 2769 1177 2947 1231; x_wconf 78' lang='lat' dir='ltr'><strong>dixit’</strong></span> <span class='ocrx_word' id='word_1_181' title='bbox 2989 1196 3003 1231; x_wconf 88' lang='lat'><strong>:</strong></span> <span class='ocrx_word' id='word_1_182' title='bbox 3061 1175 3175 1248; x_wconf 86' lang='lat' dir='ltr'><strong>Ego</strong></span> <span class='ocrx_word' id='word_1_183' title='bbox 3214 1195 3332 1232; x_wconf 87' lang='lat' dir='ltr'><strong>sum</strong></span> <span class='ocrx_word' id='word_1_184' title='bbox 3372 1179 3496 1232; x_wconf 81' lang='lat' dir='ltr'><strong>vitis</strong></span> <span class='ocrx_word' id='word_1_185' title='bbox 3561 1195 3714 1244; x_wconf 75' lang='lat' dir='ltr'><strong>uera,</strong></span> <span class='ocrx_word' id='word_1_186' title='bbox 3744 1184 3802 1232; x_wconf 73' lang='lat' dir='ltr'><strong>et</strong></span> 
     </span>
    </p>
   </div>
   <div class='ocr_carea' id='block_1_25' title="bbox 2211 1267 3798 1336">
    <p class='ocr_par' dir='ltr' id='par_1_25' title="bbox 2211 1267 3798 1336">
     <span class='ocr_line' id='line_1_25' title="bbox 2211 1267 3798 1336; baseline 0.003 -16"><span class='ocrx_word' id='word_1_187' title='bbox 2211 1267 2513 1320; x_wconf 85' lang='lat' dir='ltr'><strong>secundum</strong></span> <span class='ocrx_word' id='word_1_188' title='bbox 2569 1267 3028 1323; x_wconf 76' lang='lat' dir='ltr'><strong>existimationem</strong></span> <span class='ocrx_word' id='word_1_189' title='bbox 3076 1269 3233 1336; x_wconf 86' lang='lat' dir='ltr'><strong>vitis,</strong></span> <span class='ocrx_word' id='word_1_190' title='bbox 3289 1278 3345 1325; x_wconf 91' lang='lat' dir='ltr'><strong>et</strong></span> <span class='ocrx_word' id='word_1_191' title='bbox 3387 1269 3553 1325; x_wconf 83' lang='lat' dir='ltr'><strong>ficum</strong></span> <span class='ocrx_word' id='word_1_192' title='bbox 3610 1285 3798 1325; x_wconf 78' lang='lat' dir='ltr'><strong>veram</strong></span> 
     </span>
    </p>
   </div>
   <div class='ocr_carea' id='block_1_26' title="bbox 2209 1359 3798 1432">
    <p class='ocr_par' dir='ltr' id='par_1_26' title="bbox 2209 1359 3798 1432">
     <span class='ocr_line' id='line_1_26' title="bbox 2209 1359 3798 1432; baseline 0.003 -19"><span class='ocrx_word' id='word_1_193' title='bbox 2209 1359 2523 1414; x_wconf 73' lang='lat' dir='ltr'><strong>offerentem</strong></span> <span class='ocrx_word' id='word_1_194' title='bbox 2569 1361 2836 1416; x_wconf 88' lang='lat' dir='ltr'><strong>salutares</strong></span> <span class='ocrx_word' id='word_1_195' title='bbox 2880 1359 3120 1428; x_wconf 91' lang='lat' dir='ltr'><strong>fructus,</strong></span> <span class='ocrx_word' id='word_1_196' title='bbox 3156 1362 3248 1416; x_wconf 89' lang='lat' dir='ltr'><strong>ubi</strong></span> <span class='ocrx_word' id='word_1_197' title='bbox 3291 1363 3591 1432; x_wconf 87' lang='lat' dir='ltr'><strong>requiescit</strong></span> <span class='ocrx_word' id='word_1_198' title='bbox 3619 1377 3798 1417; x_wconf 87' lang='lat' dir='ltr'><strong>unus-</strong></span> 
     </span>
    </p>
   </div>
   <div class='ocr_carea' id='block_1_27' title="bbox 2208 1449 3795 1522">
    <p class='ocr_par' dir='ltr' id='par_1_27' title="bbox 2208 1449 3795 1522">
     <span class='ocr_line' id='line_1_27' title="bbox 2208 1449 3795 1522; baseline 0.001 -19"><span class='ocrx_word' id='word_1_199' title='bbox 2208 1451 2441 1520; x_wconf 83' lang='lat' dir='ltr'><strong>quisque</strong></span> <span class='ocrx_word' id='word_1_200' title='bbox 2497 1450 2800 1506; x_wconf 88' lang='lat' dir='ltr'><strong>secundum</strong></span> <span class='ocrx_word' id='word_1_201' title='bbox 2854 1449 3156 1520; x_wconf 84' lang='lat' dir='ltr'><strong>spiritalem</strong></span> <span class='ocrx_word' id='word_1_202' title='bbox 3208 1454 3638 1522; x_wconf 88' lang='lat' dir='ltr'><strong>promissionem</strong></span> <span class='ocrx_word' id='word_1_203' title='bbox 3700 1452 3795 1506; x_wconf 83' lang='lat' dir='ltr'><strong>Dei</strong></span> 
     </span>
    </p>
   </div>
   <div class='ocr_carea' id='block_1_28' title="bbox 2208 1542 3793 1613">
    <p class='ocr_par' dir='ltr' id='par_1_28' title="bbox 2208 1542 3793 1613">
     <span class='ocr_line' id='line_1_28' title="bbox 2208 1542 3793 1613; baseline 0 -16"><span class='ocrx_word' id='word_1_204' title='bbox 2208 1543 2312 1597; x_wconf 88' lang='lat' dir='ltr'><strong>sub</strong></span> <span class='ocrx_word' id='word_1_205' title='bbox 2342 1542 2448 1596; x_wconf 86' lang='lat' dir='ltr'><strong>vite</strong></span> <span class='ocrx_word' id='word_1_206' title='bbox 2476 1558 2573 1596; x_wconf 85' lang='lat' dir='ltr'><strong>sua</strong></span> <span class='ocrx_word' id='word_1_207' title='bbox 2617 1551 2670 1596; x_wconf 88' lang='lat' dir='ltr'><strong>et</strong></span> <span class='ocrx_word' id='word_1_208' title='bbox 2710 1542 2812 1596; x_wconf 88' lang='lat' dir='ltr'><strong>sub</strong></span> <span class='ocrx_word' id='word_1_209' title='bbox 2840 1544 2942 1596; x_wconf 84' lang='lat' dir='ltr'><strong>ficu</strong></span> <span class='ocrx_word' id='word_1_210' title='bbox 2972 1559 3072 1598; x_wconf 91' lang='lat' dir='ltr'><strong>sua</strong></span> <span class='ocrx_word' id='word_1_211' title='bbox 3101 1543 3145 1596; x_wconf 93' lang='grc'><strong>³.</strong></span> <span class='ocrx_word' id='word_1_212' title='bbox 3182 1543 3249 1598; x_wconf 85' lang='grc' dir='ltr'>Ει</span> <span class='ocrx_word' id='word_1_213' title='bbox 3284 1545 3408 1599; x_wconf 87' lang='lat' dir='ltr'><strong>vitis</strong></span> <span class='ocrx_word' id='word_1_214' title='bbox 3436 1544 3660 1613; x_wconf 89' lang='lat' dir='ltr'><strong>quidem</strong></span> <span class='ocrx_word' id='word_1_215' title='bbox 3706 1544 3793 1597; x_wconf 79' lang='lat' dir='ltr'><strong>illa</strong></span> 
     </span>
    </p>
   </div>
   <div class='ocr_carea' id='block_1_29' title="bbox 2208 1633 3794 1704">
    <p class='ocr_par' dir='ltr' id='par_1_29' title="bbox 2208 1633 3794 1704">
     <span class='ocr_line' id='line_1_29' title="bbox 2208 1633 3794 1704; baseline 0.003 -18"><span class='ocrx_word' id='word_1_216' title='bbox 2208 1634 2262 1686; x_wconf 89' lang='lat' dir='ltr'><strong>in</strong></span> <span class='ocrx_word' id='word_1_217' title='bbox 2293 1635 2375 1688; x_wconf 88' lang='lat' dir='ltr'><strong>his</strong></span> <span class='ocrx_word' id='word_1_218' title='bbox 2406 1634 2498 1704; x_wconf 89' lang='lat' dir='ltr'><strong>qui</strong></span> <span class='ocrx_word' id='word_1_219' title='bbox 2533 1633 2846 1703; x_wconf 85' lang='lat' dir='ltr'><strong>proficiunt,</strong></span> <span class='ocrx_word' id='word_1_220' title='bbox 2878 1634 3054 1700; x_wconf 85' lang='lat' dir='ltr'><strong>ﬂoret,</strong></span> <span class='ocrx_word' id='word_1_221' title='bbox 3098 1646 3151 1690; x_wconf 89' lang='lat' dir='ltr'><strong>et</strong></span> <span class='ocrx_word' id='word_1_222' title='bbox 3187 1635 3279 1690; x_wconf 90' lang='lat' dir='ltr'><strong>dat</strong></span> <span class='ocrx_word' id='word_1_223' title='bbox 3324 1651 3482 1690; x_wconf 89' lang='lat' dir='ltr'><strong>suum</strong></span> <span class='ocrx_word' id='word_1_224' title='bbox 3534 1636 3794 1703; x_wconf 84' lang='lat' dir='ltr'><strong>odorem;</strong></span> 
     </span>
    </p>
   </div>
   <div class='ocr_carea' id='block_1_30' title="bbox 2207 1726 3799 1797">
    <p class='ocr_par' dir='ltr' id='par_1_30' title="bbox 2207 1726 3799 1797">
     <span class='ocr_line' id='line_1_30' title="bbox 2207 1726 3799 1797; baseline 0.004 -17"><span class='ocrx_word' id='word_1_225' title='bbox 2207 1727 2344 1780; x_wconf 83' lang='lat' dir='ltr'><strong>licus</strong></span> <span class='ocrx_word' id='word_1_226' title='bbox 2382 1733 2563 1780; x_wconf 89' lang='lat' dir='ltr'><strong>autem</strong></span> <span class='ocrx_word' id='word_1_227' title='bbox 2611 1736 2665 1780; x_wconf 91' lang='lat' dir='ltr'><strong>et</strong></span> <span class='ocrx_word' id='word_1_228' title='bbox 2712 1726 2828 1795; x_wconf 89' lang='lat' dir='ltr'><strong>ipsa</strong></span> <span class='ocrx_word' id='word_1_229' title='bbox 2857 1726 3079 1795; x_wconf 77' lang='lat' dir='ltr'><strong>.profert</strong></span> <span class='ocrx_word' id='word_1_230' title='bbox 3123 1726 3334 1781; x_wconf 88' lang='lat' dir='ltr'><strong>fructus</strong></span> <span class='ocrx_word' id='word_1_231' title='bbox 3375 1744 3534 1792; x_wconf 80' lang='lat' dir='ltr'><strong>suos,</strong></span> <span class='ocrx_word' id='word_1_232' title='bbox 3575 1738 3637 1782; x_wconf 90' lang='lat' dir='ltr'><strong>ut</strong></span> <span class='ocrx_word' id='word_1_233' title='bbox 3672 1735 3799 1797; x_wconf 66' lang='lat' dir='ltr'><strong>post</strong></span> 
     </span>
    </p>
   </div>
   <div class='ocr_carea' id='block_1_31' title="bbox 2207 1816 3798 1888">
    <p class='ocr_par' dir='ltr' id='par_1_31' title="bbox 2207 1816 3798 1888">
     <span class='ocr_line' id='line_1_31' title="bbox 2207 1816 3798 1888; baseline 0.001 -16"><span class='ocrx_word' id='word_1_234' title='bbox 2207 1819 2432 1888; x_wconf 78' lang='lat' dir='ltr'><strong>dignum</strong></span> <span class='ocrx_word' id='word_1_235' title='bbox 2462 1816 2766 1888; x_wconf 86' lang='lat' dir='ltr'><strong>profectum</strong></span> <span class='ocrx_word' id='word_1_236' title='bbox 2797 1819 2947 1888; x_wconf 84' lang='lat' dir='ltr'><strong>digni</strong></span> <span class='ocrx_word' id='word_1_237' title='bbox 2995 1818 3291 1874; x_wconf 78' lang='lat' dir='ltr'><strong>efﬁciantur</strong></span> <span class='ocrx_word' id='word_1_238' title='bbox 3323 1819 3647 1875; x_wconf 75' lang='lat' dir='ltr'><strong>cmlestibus</strong></span> <span class='ocrx_word' id='word_1_239' title='bbox 3682 1831 3798 1875; x_wconf 88' lang='lat' dir='ltr'><strong>lor-</strong></span> 
     </span>
    </p>
   </div>
   <div class='ocr_carea' id='block_1_32' title="bbox 2206 1909 3799 1982">
    <p class='ocr_par' dir='ltr' id='par_1_32' title="bbox 2206 1909 3799 1982">
     <span class='ocr_line' id='line_1_32' title="bbox 2206 1909 3799 1982; baseline 0.001 -16"><span class='ocrx_word' id='word_1_240' title='bbox 2206 1910 2486 1966; x_wconf 86' lang='lat' dir='ltr'><strong>cularibus</strong></span> <span class='ocrx_word' id='word_1_241' title='bbox 2519 1909 2732 1966; x_wconf 90' lang='lat' dir='ltr'><strong>fructus</strong></span> <span class='ocrx_word' id='word_1_242' title='bbox 2761 1927 2974 1975; x_wconf 79' lang='lat' dir='ltr'><strong>eorum,</strong></span> <span class='ocrx_word' id='word_1_243' title='bbox 3003 1921 3057 1966; x_wconf 87' lang='lat' dir='ltr'><strong>et</strong></span> <span class='ocrx_word' id='word_1_244' title='bbox 3089 1912 3341 1982; x_wconf 86' lang='lat' dir='ltr'><strong>cophinis</strong></span> <span class='ocrx_word' id='word_1_245' title='bbox 3368 1912 3603 1967; x_wconf 82' lang='lat' dir='ltr'><strong>ficorum</strong></span> <span class='ocrx_word' id='word_1_246' title='bbox 3639 1912 3799 1967; x_wconf 82' lang='lat' dir='ltr'><strong>valde</strong></span> 
     </span>
    </p>
   </div>
   <div class='ocr_carea' id='block_1_33' title="bbox 515 1986 3798 2078">
    <p class='ocr_par' dir='ltr' id='par_1_33' title="bbox 515 1986 3798 2078">
     <span class='ocr_line' id='line_1_33' title="bbox 515 1986 3798 2078; baseline -0.001 -16"><span class='ocrx_word' id='word_1_247' title='bbox 515 2009 780 2078; x_wconf 78' lang='lat' dir='ltr'><strong>proximis</strong></span> <span class='ocrx_word' id='word_1_248' title='bbox 815 2009 935 2064; x_wconf 91' lang='lat' dir='ltr'><strong>suis</strong></span> <span class='ocrx_word' id='word_1_249' title='bbox 965 1986 1182 2071; x_wconf 85' lang='lat' dir='ltr'><strong>natura,</strong></span> <span class='ocrx_word' id='word_1_250' title='bbox 1209 2015 1262 2062; x_wconf 89' lang='lat' dir='ltr'><strong>et</strong></span> <span class='ocrx_word' id='word_1_251' title='bbox 1290 2007 1584 2062; x_wconf 86' lang='lat' dir='ltr'><strong>arboribus</strong></span> <span class='ocrx_word' id='word_1_252' title='bbox 1617 2008 1870 2062; x_wconf 84' lang='lat' dir='ltr'><strong>videlicet</strong></span> <span class='ocrx_word' id='word_1_253' title='bbox 1891 2007 2103 2061; x_wconf 65' lang='lat' dir='ltr'><strong>caeteris</strong></span> <span class='ocrx_word' id='word_1_254' title='bbox 2137 1986 2176 2042; x_wconf 68' lang='grc' dir='ltr'>Β</span> <span class='ocrx_word' id='word_1_255' title='bbox 2209 2008 2474 2059; x_wconf 77' lang='lat' dir='ltr'><strong>tonorum</strong></span> <span class='ocrx_word' id='word_1_256' title='bbox 2516 2003 2635 2074; x_wconf 90' lang='lat' dir='ltr'><strong>ejus</strong></span> <span class='ocrx_word' id='word_1_257' title='bbox 2665 2005 2801 2058; x_wconf 84' lang='lat' dir='ltr'><strong>licus</strong></span> <span class='ocrx_word' id='word_1_258' title='bbox 2843 2019 2965 2072; x_wconf 67' lang='lat' dir='ltr'><strong>qua:</strong></span> <span class='ocrx_word' id='word_1_259' title='bbox 3011 2014 3227 2058; x_wconf 83' lang='lat' dir='ltr'><strong>teneros</strong></span> <span class='ocrx_word' id='word_1_260' title='bbox 3280 2002 3495 2058; x_wconf 87' lang='lat' dir='ltr'><strong>fructus</strong></span> <span class='ocrx_word' id='word_1_261' title='bbox 3537 2013 3596 2057; x_wconf 88' lang='lat' dir='ltr'><strong>et</strong></span> <span class='ocrx_word' id='word_1_262' title='bbox 3621 2004 3798 2060; x_wconf 69' lang='lat' dir='ltr'><strong>bonos</strong></span> 
     </span>
    </p>
   </div>
   <div class='ocr_carea' id='block_1_34' title="bbox 513 2098 2100 2170">
    <p class='ocr_par' dir='ltr' id='par_1_34' title="bbox 513 2098 2100 2170">
     <span class='ocr_line' id='line_1_34' title="bbox 513 2098 2100 2170; baseline -0.001 -15"><span class='ocrx_word' id='word_1_263' title='bbox 513 2099 702 2166; x_wconf 89' lang='lat' dir='ltr'><strong>siccis,</strong></span> <span class='ocrx_word' id='word_1_264' title='bbox 735 2108 979 2170; x_wconf 89' lang='lat' dir='ltr'><strong>tempore</strong></span> <span class='ocrx_word' id='word_1_265' title='bbox 1025 2110 1206 2154; x_wconf 87' lang='lat' dir='ltr'><strong>autem</strong></span> <span class='ocrx_word' id='word_1_266' title='bbox 1247 2109 1559 2170; x_wconf 82' lang='lat' dir='ltr'><strong>Opportune</strong></span> <span class='ocrx_word' id='word_1_267' title='bbox 1592 2100 1646 2154; x_wconf 93' lang='lat' dir='ltr'><strong>in</strong></span> <span class='ocrx_word' id='word_1_268' title='bbox 1680 2098 1950 2154; x_wconf 86' lang='lat' dir='ltr'><strong>fructibus</strong></span> <span class='ocrx_word' id='word_1_269' title='bbox 1986 2098 2100 2154; x_wconf 87' lang='lat' dir='ltr'><strong>suis</strong></span> 
     </span>
    </p>
   </div>
   <div class='ocr_carea' id='block_1_35' title="bbox 517 2189 2098 2262">
    <p class='ocr_par' dir='ltr' id='par_1_35' title="bbox 517 2189 2098 2262">
     <span class='ocr_line' id='line_1_35' title="bbox 517 2189 2098 2262; baseline -0.001 -17"><span class='ocrx_word' id='word_1_270' title='bbox 517 2199 800 2262; x_wconf 74' lang='lat' dir='ltr'><strong>apparent.</strong></span> <span class='ocrx_word' id='word_1_271' title='bbox 834 2189 890 2246; x_wconf 90' lang='lat' dir='ltr'><strong>Si</strong></span> <span class='ocrx_word' id='word_1_272' title='bbox 925 2199 1112 2246; x_wconf 89' lang='lat' dir='ltr'><strong>autem</strong></span> <span class='ocrx_word' id='word_1_273' title='bbox 1141 2201 1196 2246; x_wconf 89' lang='lat' dir='ltr'><strong>et</strong></span> <span class='ocrx_word' id='word_1_274' title='bbox 1238 2193 1292 2246; x_wconf 92' lang='lat' dir='ltr'><strong>in</strong></span> <span class='ocrx_word' id='word_1_275' title='bbox 1325 2193 1504 2262; x_wconf 91' lang='lat' dir='ltr'><strong>primo</strong></span> <span class='ocrx_word' id='word_1_276' title='bbox 1545 2192 1755 2262; x_wconf 85' lang='lat' dir='ltr'><strong>psalmo</strong></span> <span class='ocrx_word' id='word_1_277' title='bbox 1786 2193 1828 2223; x_wconf 68' lang='lat'><strong>9&quot;</strong></span> <span class='ocrx_word' id='word_1_278' title='bbox 1860 2191 1964 2246; x_wconf 85' lang='lat' dir='ltr'><strong>tale</strong></span> <span class='ocrx_word' id='word_1_279' title='bbox 1996 2191 2098 2245; x_wconf 90' lang='lat' dir='ltr'><strong>ali-</strong></span> 
     </span>
    </p>
   </div>
   <div class='ocr_carea' id='block_1_36' title="bbox 515 2283 2098 2354">
    <p class='ocr_par' dir='ltr' id='par_1_36' title="bbox 515 2283 2098 2354">
     <span class='ocr_line' id='line_1_36' title="bbox 515 2283 2098 2354; baseline -0.001 -16"><span class='ocrx_word' id='word_1_280' title='bbox 515 2283 648 2353; x_wconf 84' lang='lat' dir='ltr'><strong>quid</strong></span> <span class='ocrx_word' id='word_1_281' title='bbox 689 2285 750 2338; x_wconf 83' lang='lat' dir='ltr'><strong>lit</strong></span> <span class='ocrx_word' id='word_1_282' title='bbox 786 2283 935 2354; x_wconf 90' lang='lat' dir='ltr'><strong>quod</strong></span> <span class='ocrx_word' id='word_1_283' title='bbox 978 2283 1046 2340; x_wconf 88' lang='lat' dir='ltr'><strong>dc</strong></span> <span class='ocrx_word' id='word_1_284' title='bbox 1084 2284 1243 2340; x_wconf 89' lang='lat' dir='ltr'><strong>beato</strong></span> <span class='ocrx_word' id='word_1_285' title='bbox 1277 2285 1478 2340; x_wconf 88' lang='lat' dir='ltr'><strong>dicitur</strong></span> <span class='ocrx_word' id='word_1_286' title='bbox 1510 2285 1626 2353; x_wconf 92' lang='lat' dir='ltr'><strong>illo,</strong></span> <span class='ocrx_word' id='word_1_287' title='bbox 1663 2284 1809 2354; x_wconf 89' lang='lat' dir='ltr'><strong>quod</strong></span> <span class='ocrx_word' id='word_1_288' title='bbox 1838 2285 1936 2340; x_wconf 87' lang='lat' dir='ltr'><strong>erit</strong></span> <span class='ocrx_word' id='word_1_289' title='bbox 1977 2295 2098 2338; x_wconf 85' lang='lat' dir='ltr'><strong>tan-</strong></span> 
     </span>
    </p>
   </div>
   <div class='ocr_carea' id='block_1_37' title="bbox 512 2377 2099 2448">
    <p class='ocr_par' dir='ltr' id='par_1_37' title="bbox 512 2377 2099 2448">
     <span class='ocr_line' id='line_1_37' title="bbox 512 2377 2099 2448; baseline 0.001 -18"><span class='ocrx_word' id='word_1_290' title='bbox 512 2393 676 2447; x_wconf 81' lang='lat' dir='ltr'><strong>quam</strong></span> <span class='ocrx_word' id='word_1_291' title='bbox 727 2377 930 2448; x_wconf 80' lang='lat' dir='ltr'><strong>lignum</strong></span> <span class='ocrx_word' id='word_1_292' title='bbox 980 2378 1119 2448; x_wconf 87' lang='lat' dir='ltr'><strong>quod</strong></span> <span class='ocrx_word' id='word_1_293' title='bbox 1171 2379 1474 2448; x_wconf 84' lang='lat' dir='ltr'><strong>plantatum</strong></span> <span class='ocrx_word' id='word_1_294' title='bbox 1514 2389 1590 2434; x_wconf 87' lang='lat' dir='ltr'><strong>est</strong></span> <span class='ocrx_word' id='word_1_295' title='bbox 1643 2396 1792 2433; x_wconf 83' lang='lat' dir='ltr'><strong>secus</strong></span> <span class='ocrx_word' id='word_1_296' title='bbox 1844 2379 2099 2432; x_wconf 76' lang='lat' dir='ltr'><strong>decursus</strong></span> 
     </span>
    </p>
   </div>
   <div class='ocr_carea' id='block_1_38' title="bbox 514 2468 2097 2540">
    <p class='ocr_par' dir='ltr' id='par_1_38' title="bbox 514 2468 2097 2540">
     <span class='ocr_line' id='line_1_38' title="bbox 514 2468 2097 2540; baseline 0.002 -19"><span class='ocrx_word' id='word_1_297' title='bbox 514 2484 798 2538; x_wconf 83' lang='lat' dir='ltr'><strong>aquarum,</strong></span> <span class='ocrx_word' id='word_1_298' title='bbox 825 2468 965 2538; x_wconf 88' lang='lat' dir='ltr'><strong>quod</strong></span> <span class='ocrx_word' id='word_1_299' title='bbox 999 2469 1233 2538; x_wconf 76' lang='lat' dir='ltr'><strong>fructum</strong></span> <span class='ocrx_word' id='word_1_300' title='bbox 1258 2487 1415 2524; x_wconf 85' lang='lat' dir='ltr'><strong>suum</strong></span> <span class='ocrx_word' id='word_1_301' title='bbox 1447 2469 1595 2523; x_wconf 87' lang='lat' dir='ltr'><strong>dabit</strong></span> <span class='ocrx_word' id='word_1_302' title='bbox 1639 2471 1692 2524; x_wconf 90' lang='lat' dir='ltr'><strong>in</strong></span> <span class='ocrx_word' id='word_1_303' title='bbox 1730 2480 1959 2540; x_wconf 76' lang='lat' dir='ltr'><strong>tempore</strong></span> <span class='ocrx_word' id='word_1_304' title='bbox 1980 2486 2097 2538; x_wconf 90' lang='lat' dir='ltr'><strong>suo,</strong></span> 
     </span>
    </p>
   </div>
   <div class='ocr_carea' id='block_1_39' title="bbox 511 2562 2099 2634">
    <p class='ocr_par' dir='ltr' id='par_1_39' title="bbox 511 2562 2099 2634">
     <span class='ocr_line' id='line_1_39' title="bbox 511 2562 2099 2634; baseline 0.001 -18"><span class='ocrx_word' id='word_1_305' title='bbox 511 2572 561 2616; x_wconf 93' lang='lat' dir='ltr'><strong>et</strong></span> <span class='ocrx_word' id='word_1_306' title='bbox 583 2562 773 2631; x_wconf 77' lang='lat' dir='ltr'><strong>folium</strong></span> <span class='ocrx_word' id='word_1_307' title='bbox 804 2564 918 2632; x_wconf 90' lang='lat' dir='ltr'><strong>ejus</strong></span> <span class='ocrx_word' id='word_1_308' title='bbox 941 2579 1045 2618; x_wconf 88' lang='lat' dir='ltr'><strong>non</strong></span> <span class='ocrx_word' id='word_1_309' title='bbox 1066 2563 1278 2634; x_wconf 78' lang='lat' dir='ltr'><strong>deﬂuet,</strong></span> <span class='ocrx_word' id='word_1_310' title='bbox 1307 2573 1356 2619; x_wconf 89' lang='lat' dir='ltr'><strong>et</strong></span> <span class='ocrx_word' id='word_1_311' title='bbox 1383 2565 1562 2619; x_wconf 84' lang='lat' dir='ltr'><strong>omnia</strong></span> <span class='ocrx_word' id='word_1_312' title='bbox 1590 2581 1918 2634; x_wconf 66' lang='lat' dir='ltr'><strong>quaecunque</strong></span> <span class='ocrx_word' id='word_1_313' title='bbox 1942 2565 2099 2634; x_wconf 80' lang='lat' dir='ltr'><strong>faciet</strong></span> 
     </span>
    </p>
   </div>
   <div class='ocr_carea' id='block_1_40' title="bbox 515 2655 2094 2726">
    <p class='ocr_par' dir='ltr' id='par_1_40' title="bbox 515 2655 2094 2726">
     <span class='ocr_line' id='line_1_40' title="bbox 515 2655 2094 2726; baseline 0.001 -20"><span class='ocrx_word' id='word_1_314' title='bbox 515 2655 990 2724; x_wconf 80' lang='lat' dir='ltr'><strong>prosperabuntur,</strong></span> <span class='ocrx_word' id='word_1_315' title='bbox 1025 2665 1080 2712; x_wconf 92' lang='lat' dir='ltr'><strong>et</strong></span> <span class='ocrx_word' id='word_1_316' title='bbox 1103 2666 1158 2711; x_wconf 91' lang='lat' dir='ltr'><strong>tu</strong></span> <span class='ocrx_word' id='word_1_317' title='bbox 1189 2657 1479 2711; x_wconf 90' lang='lat' dir='ltr'><strong>considera</strong></span> <span class='ocrx_word' id='word_1_318' title='bbox 1512 2657 1658 2724; x_wconf 86' lang='lat' dir='ltr'><strong>quod</strong></span> <span class='ocrx_word' id='word_1_319' title='bbox 1681 2657 1942 2726; x_wconf 88' lang='lat' dir='ltr'><strong>scriptum</strong></span> <span class='ocrx_word' id='word_1_320' title='bbox 1978 2665 2094 2712; x_wconf 81' lang='lat' dir='ltr'><strong>est:</strong></span> 
     </span>
    </p>
   </div>
   <div class='ocr_carea' id='block_1_41' title="bbox 517 2743 2098 2818">
    <p class='ocr_par' dir='ltr' id='par_1_41' title="bbox 517 2743 2098 2818">
     <span class='ocr_line' id='line_1_41' title="bbox 517 2743 2098 2818; baseline 0.002 -20"><span class='ocrx_word' id='word_1_321' title='bbox 517 2743 704 2800; x_wconf 79' lang='lat' dir='ltr'><strong>Hiems</strong></span> <span class='ocrx_word' id='word_1_322' title='bbox 754 2748 992 2807; x_wconf 85' lang='lat' dir='ltr'><strong>transiit,</strong></span> <span class='ocrx_word' id='word_1_323' title='bbox 1055 2747 1188 2802; x_wconf 88' lang='lat' dir='ltr'><strong>abiit</strong></span> <span class='ocrx_word' id='word_1_324' title='bbox 1241 2748 1375 2814; x_wconf 85' lang='lat' dir='ltr'><strong>sibi,</strong></span> <span class='ocrx_word' id='word_1_325' title='bbox 1427 2749 1586 2816; x_wconf 84' lang='lat' dir='ltr'><strong>ﬂores</strong></span> <span class='ocrx_word' id='word_1_326' title='bbox 1641 2758 2000 2818; x_wconf 85' lang='lat' dir='ltr'><strong>apparuerunt</strong></span> <span class='ocrx_word' id='word_1_327' title='bbox 2044 2750 2098 2802; x_wconf 89' lang='lat' dir='ltr'><strong>in</strong></span> 
     </span>
    </p>
   </div>
   <div class='ocr_carea' id='block_1_42' title="bbox 511 2839 2095 2911">
    <p class='ocr_par' dir='ltr' id='par_1_42' title="bbox 511 2839 2095 2911">
     <span class='ocr_line' id='line_1_42' title="bbox 511 2839 2095 2911; baseline 0.003 -20"><span class='ocrx_word' id='word_1_328' title='bbox 511 2849 656 2892; x_wconf 82' lang='lat' dir='ltr'><strong>terra</strong></span> <span class='ocrx_word' id='word_1_329' title='bbox 682 2877 697 2904; x_wconf 93' lang='lat'><strong>,</strong></span> <span class='ocrx_word' id='word_1_330' title='bbox 756 2839 902 2894; x_wconf 83' lang='lat' dir='ltr'><strong>sicut</strong></span> <span class='ocrx_word' id='word_1_331' title='bbox 945 2841 1211 2911; x_wconf 90' lang='lat' dir='ltr'><strong>scriptum</strong></span> <span class='ocrx_word' id='word_1_332' title='bbox 1262 2841 1315 2895; x_wconf 91' lang='lat' dir='ltr'><strong>in</strong></span> <span class='ocrx_word' id='word_1_333' title='bbox 1365 2841 1594 2895; x_wconf 89' lang='lat' dir='ltr'><strong>Cantieo</strong></span> <span class='ocrx_word' id='word_1_334' title='bbox 1635 2842 1977 2896; x_wconf 86' lang='lat' dir='ltr'><strong>canticorum</strong></span> <span class='ocrx_word' id='word_1_335' title='bbox 2017 2842 2095 2896; x_wconf 65' lang='grc' dir='ltr'><strong>’δε</strong></span> 
     </span>
    </p>
   </div>
   <div class='ocr_carea' id='block_1_43' title="bbox 488 2927 2097 3002">
    <p class='ocr_par' dir='ltr' id='par_1_43' title="bbox 488 2927 2097 3002">
     <span class='ocr_line' id='line_1_43' title="bbox 488 2927 2097 3002; baseline 0.003 -21"><span class='ocrx_word' id='word_1_336' title='bbox 488 2943 581 2982; x_wconf 51' lang='grc' dir='ltr'><strong>μοχ</strong></span> <span class='ocrx_word' id='word_1_337' title='bbox 629 2943 742 2999; x_wconf 85' lang='grc' dir='ltr'><strong>(ιυο</strong></span> <span class='ocrx_word' id='word_1_338' title='bbox 784 2927 1042 2985; x_wconf 88' lang='lat' dir='ltr'><strong>Christus</strong></span> <span class='ocrx_word' id='word_1_339' title='bbox 1093 2930 1313 2986; x_wconf 87' lang='lat' dir='ltr'><strong>advenit</strong></span> <span class='ocrx_word' id='word_1_340' title='bbox 1361 2931 1455 3001; x_wconf 89' lang='lat' dir='ltr'><strong>qui</strong></span> <span class='ocrx_word' id='word_1_341' title='bbox 1496 2933 1810 3002; x_wconf 88' lang='lat' dir='ltr'><strong>temperiem</strong></span> <span class='ocrx_word' id='word_1_342' title='bbox 1849 2931 2097 2988; x_wconf 84' lang='lat' dir='ltr'><strong>introdu-</strong></span> 
     </span>
    </p>
   </div>
   <div class='ocr_carea' id='block_1_44' title="bbox 429 3017 2097 3092">
    <p class='ocr_par' dir='ltr' id='par_1_44' title="bbox 429 3017 2097 3092">
     <span class='ocr_line' id='line_1_44' title="bbox 429 3017 2097 3092; baseline 0.004 -21"><span class='ocrx_word' id='word_1_343' title='bbox 429 3077 436 3084; x_wconf 89' lang='lat'><em>_</em></span> <span class='ocrx_word' id='word_1_344' title='bbox 509 3017 611 3082; x_wconf 80' lang='lat' dir='ltr'><strong>xit,</strong></span> <span class='ocrx_word' id='word_1_345' title='bbox 641 3027 696 3074; x_wconf 86' lang='lat' dir='ltr'><strong>et</strong></span> <span class='ocrx_word' id='word_1_346' title='bbox 722 3018 982 3076; x_wconf 89' lang='lat' dir='ltr'><strong>hiemales</strong></span> <span class='ocrx_word' id='word_1_347' title='bbox 1027 3021 1255 3092; x_wconf 86' lang='lat' dir='ltr'><strong>spiritus</strong></span> <span class='ocrx_word' id='word_1_348' title='bbox 1300 3020 1428 3077; x_wconf 88' lang='lat' dir='ltr'><strong>fecit</strong></span> <span class='ocrx_word' id='word_1_349' title='bbox 1473 3037 1692 3078; x_wconf 82' lang='lat' dir='ltr'><strong>cessare</strong></span> <span class='ocrx_word' id='word_1_350' title='bbox 1719 3040 1732 3077; x_wconf 92' lang='lat'><strong>:</strong></span> <span class='ocrx_word' id='word_1_351' title='bbox 1759 3033 1814 3077; x_wconf 89' lang='lat' dir='ltr'><strong>et</strong></span> <span class='ocrx_word' id='word_1_352' title='bbox 1849 3022 2007 3091; x_wconf 85' lang='lat' dir='ltr'><strong>licus,</strong></span> <span class='ocrx_word' id='word_1_353' title='bbox 2043 3023 2097 3078; x_wconf 89' lang='lat' dir='ltr'><strong>id</strong></span> 
     </span>
    </p>
   </div>
   <div class='ocr_carea' id='block_1_45' title="bbox 509 3110 2095 3181">
    <p class='ocr_par' dir='ltr' id='par_1_45' title="bbox 509 3110 2095 3181">
     <span class='ocr_line' id='line_1_45' title="bbox 509 3110 2095 3181; baseline 0.003 -18"><span class='ocrx_word' id='word_1_354' title='bbox 509 3119 595 3163; x_wconf 80' lang='lat' dir='ltr'><strong>est</strong></span> <span class='ocrx_word' id='word_1_355' title='bbox 639 3110 900 3175; x_wconf 87' lang='lat' dir='ltr'><strong>mundus,</strong></span> <span class='ocrx_word' id='word_1_356' title='bbox 954 3120 1201 3166; x_wconf 86' lang='lat' dir='ltr'><strong>tenerum</strong></span> <span class='ocrx_word' id='word_1_357' title='bbox 1249 3128 1489 3179; x_wconf 86' lang='lat' dir='ltr'><strong>ramum,</strong></span> <span class='ocrx_word' id='word_1_358' title='bbox 1537 3112 1593 3167; x_wconf 90' lang='lat' dir='ltr'><strong>id</strong></span> <span class='ocrx_word' id='word_1_359' title='bbox 1637 3121 1722 3168; x_wconf 91' lang='lat' dir='ltr'><strong>est</strong></span> <span class='ocrx_word' id='word_1_360' title='bbox 1773 3111 2095 3181; x_wconf 75' lang='lat' dir='ltr'><strong>Ecclesium,</strong></span> 
     </span>
    </p>
   </div>
   <div class='ocr_carea' id='block_1_46' title="bbox 463 3198 2094 3275">
    <p class='ocr_par' dir='ltr' id='par_1_46' title="bbox 463 3198 2094 3275">
     <span class='ocr_line' id='line_1_46' title="bbox 463 3198 2094 3275; baseline 0.006 -21"><span class='ocrx_word' id='word_1_361' title='bbox 463 3223 466 3226; x_wconf 52' lang='grc'><strong>’</strong></span> <span class='ocrx_word' id='word_1_362' title='bbox 509 3198 641 3256; x_wconf 69' lang='lat' dir='ltr'><strong>fecit</strong></span> <span class='ocrx_word' id='word_1_363' title='bbox 679 3217 826 3257; x_wconf 90' lang='lat' dir='ltr'><strong>nunc</strong></span> <span class='ocrx_word' id='word_1_364' title='bbox 859 3203 1079 3272; x_wconf 90' lang='lat' dir='ltr'><strong>quidem</strong></span> <span class='ocrx_word' id='word_1_365' title='bbox 1131 3202 1260 3260; x_wconf 90' lang='lat' dir='ltr'><strong>folia</strong></span> <span class='ocrx_word' id='word_1_366' title='bbox 1301 3204 1690 3275; x_wconf 87' lang='lat' dir='ltr'><strong>proferentem,</strong></span> <span class='ocrx_word' id='word_1_367' title='bbox 1722 3207 1895 3263; x_wconf 88' lang='lat' dir='ltr'><strong>donec</strong></span> <span class='ocrx_word' id='word_1_368' title='bbox 1923 3217 2006 3264; x_wconf 89' lang='lat' dir='ltr'><strong>est</strong></span> <span class='ocrx_word' id='word_1_369' title='bbox 2040 3209 2094 3264; x_wconf 92' lang='lat' dir='ltr'><strong>in</strong></span> 
     </span>
    </p>
   </div>
   <div class='ocr_carea' id='block_1_47' title="bbox 509 3293 2095 3366">
    <p class='ocr_par' dir='ltr' id='par_1_47' title="bbox 509 3293 2095 3366">
     <span class='ocr_line' id='line_1_47' title="bbox 509 3293 2095 3366; baseline 0.003 -19"><span class='ocrx_word' id='word_1_370' title='bbox 509 3293 763 3362; x_wconf 76' lang='lat' dir='ltr'><strong>proximo</strong></span> <span class='ocrx_word' id='word_1_371' title='bbox 794 3303 978 3359; x_wconf 69' lang='lat' dir='ltr'><strong>testas,</strong></span> <span class='ocrx_word' id='word_1_372' title='bbox 1015 3295 1257 3350; x_wconf 89' lang='lat' dir='ltr'><strong>nondum</strong></span> <span class='ocrx_word' id='word_1_373' title='bbox 1299 3304 1480 3366; x_wconf 87' lang='lat' dir='ltr'><strong>tamen</strong></span> <span class='ocrx_word' id='word_1_374' title='bbox 1514 3296 1770 3364; x_wconf 86' lang='lat' dir='ltr'><strong>advenit;</strong></span> <span class='ocrx_word' id='word_1_375' title='bbox 1817 3296 1958 3353; x_wconf 87' lang='lat' dir='ltr'><strong>facta</strong></span> <span class='ocrx_word' id='word_1_376' title='bbox 1994 3313 2095 3354; x_wconf 63' lang='lat' dir='ltr'><strong>an.</strong></span> 
     </span>
    </p>
   </div>
   <div class='ocr_carea' id='block_1_48' title="bbox 508 3386 2096 3457">
    <p class='ocr_par' dir='ltr' id='par_1_48' title="bbox 508 3386 2096 3457">
     <span class='ocr_line' id='line_1_48' title="bbox 508 3386 2096 3457; baseline 0.006 -20"><span class='ocrx_word' id='word_1_377' title='bbox 508 3392 620 3439; x_wconf 86' lang='lat' dir='ltr'><strong>tem</strong></span> <span class='ocrx_word' id='word_1_378' title='bbox 663 3394 877 3452; x_wconf 84' lang='lat' dir='ltr'><strong>aestate,</strong></span> <span class='ocrx_word' id='word_1_379' title='bbox 917 3386 1128 3455; x_wconf 88' lang='lat' dir='ltr'><strong>plenius</strong></span> <span class='ocrx_word' id='word_1_380' title='bbox 1177 3386 1450 3457; x_wconf 88' lang='lat' dir='ltr'><strong>perfectos</strong></span> <span class='ocrx_word' id='word_1_381' title='bbox 1500 3397 1556 3442; x_wconf 89' lang='lat' dir='ltr'><strong>et</strong></span> <span class='ocrx_word' id='word_1_382' title='bbox 1598 3398 1843 3446; x_wconf 85' lang='lat' dir='ltr'><strong>maturos</strong></span> <span class='ocrx_word' id='word_1_383' title='bbox 1877 3390 2096 3446; x_wconf 84' lang='lat' dir='ltr'><strong>Christo</strong></span> 
     </span>
    </p>
   </div>
   <div class='ocr_carea' id='block_1_49' title="bbox 509 3476 2096 3550">
    <p class='ocr_par' dir='ltr' id='par_1_49' title="bbox 509 3476 2096 3550">
     <span class='ocr_line' id='line_1_49' title="bbox 509 3476 2096 3550; baseline 0.007 -20"><span class='ocrx_word' id='word_1_384' title='bbox 509 3476 651 3532; x_wconf 79' lang='lat' dir='ltr'><strong>licus</strong></span> <span class='ocrx_word' id='word_1_385' title='bbox 682 3478 982 3548; x_wconf 63' lang='lat' dir='ltr'><strong>praestabit,</strong></span> <span class='ocrx_word' id='word_1_386' title='bbox 1007 3480 1228 3550; x_wconf 91' lang='lat' dir='ltr'><strong>quando</strong></span> <span class='ocrx_word' id='word_1_387' title='bbox 1246 3481 1546 3537; x_wconf 86' lang='lat' dir='ltr'><strong>secundum</strong></span> <span class='ocrx_word' id='word_1_388' title='bbox 1571 3480 1864 3537; x_wconf 84' lang='lat' dir='ltr'><strong>Jeremiam</strong></span> <span class='ocrx_word' id='word_1_389' title='bbox 1891 3485 1936 3517; x_wconf 75' lang='grc'><strong><em>⁸⁵</em></strong></span> <span class='ocrx_word' id='word_1_390' title='bbox 1959 3485 2096 3542; x_wconf 86' lang='lat' dir='ltr'><strong>ficus</strong></span> 
     </span>
    </p>
   </div>
   <div class='ocr_carea' id='block_1_50' title="bbox 509 3568 2097 3645">
    <p class='ocr_par' dir='ltr' id='par_1_50' title="bbox 509 3568 2097 3645">
     <span class='ocr_line' id='line_1_50' title="bbox 509 3568 2097 3645; baseline 0.008 -24"><span class='ocrx_word' id='word_1_391' title='bbox 509 3568 670 3624; x_wconf 76' lang='lat' dir='ltr'><strong>home</strong></span> <span class='ocrx_word' id='word_1_392' title='bbox 694 3569 854 3626; x_wconf 71' lang='lat' dir='ltr'><strong>honre</strong></span> <span class='ocrx_word' id='word_1_393' title='bbox 881 3581 1008 3626; x_wconf 88' lang='lat' dir='ltr'><strong>sunt</strong></span> <span class='ocrx_word' id='word_1_394' title='bbox 1046 3571 1222 3639; x_wconf 87' lang='lat' dir='ltr'><strong>valde,</strong></span> <span class='ocrx_word' id='word_1_395' title='bbox 1249 3581 1590 3644; x_wconf 74' lang='lat' dir='ltr'><strong>congregatae</strong></span> <span class='ocrx_word' id='word_1_396' title='bbox 1619 3573 1674 3628; x_wconf 92' lang='lat' dir='ltr'><strong>in</strong></span> <span class='ocrx_word' id='word_1_397' title='bbox 1720 3573 1970 3645; x_wconf 88' lang='lat' dir='ltr'><strong>cophinis</strong></span> <span class='ocrx_word' id='word_1_398' title='bbox 1997 3576 2097 3632; x_wconf 87' lang='lat' dir='ltr'><strong>bo-</strong></span> 
     </span>
    </p>
   </div>
   <div class='ocr_carea' id='block_1_51' title="bbox 510 3661 2094 3738">
    <p class='ocr_par' dir='ltr' id='par_1_51' title="bbox 510 3661 2094 3738">
     <span class='ocr_line' id='line_1_51' title="bbox 510 3661 2094 3738; baseline 0.004 -23"><span class='ocrx_word' id='word_1_399' title='bbox 510 3676 708 3720; x_wconf 74' lang='lat' dir='ltr'><strong>norum</strong></span> <span class='ocrx_word' id='word_1_400' title='bbox 761 3661 1014 3730; x_wconf 81' lang='lat' dir='ltr'><strong>ficorum,</strong></span> <span class='ocrx_word' id='word_1_401' title='bbox 1046 3679 1114 3720; x_wconf 78' lang='lat' dir='ltr'><strong>ex</strong></span> <span class='ocrx_word' id='word_1_402' title='bbox 1141 3666 1344 3737; x_wconf 92' lang='lat' dir='ltr'><strong>quibus</strong></span> <span class='ocrx_word' id='word_1_403' title='bbox 1389 3666 1637 3737; x_wconf 91' lang='lat' dir='ltr'><strong>accipere</strong></span> <span class='ocrx_word' id='word_1_404' title='bbox 1665 3666 1802 3734; x_wconf 91' lang='lat' dir='ltr'><strong>vult,</strong></span> <span class='ocrx_word' id='word_1_405' title='bbox 1850 3675 1904 3722; x_wconf 90' lang='lat' dir='ltr'><strong>et</strong></span> <span class='ocrx_word' id='word_1_406' title='bbox 1935 3667 2094 3738; x_wconf 83' lang='lat' dir='ltr'><strong>quasi</strong></span> 
     </span>
    </p>
   </div>
   <div class='ocr_carea' id='block_1_52' title="bbox 507 3753 2098 3817">
    <p class='ocr_par' dir='ltr' id='par_1_52' title="bbox 507 3753 2098 3817">
     <span class='ocr_line' id='line_1_52' title="bbox 507 3753 2098 3817; baseline 0.004 -9"><span class='ocrx_word' id='word_1_407' title='bbox 507 3753 671 3809; x_wconf 89' lang='lat' dir='ltr'><strong>edere</strong></span> <span class='ocrx_word' id='word_1_408' title='bbox 705 3755 1050 3812; x_wconf 85' lang='lat' dir='ltr'><strong>dulcedinem</strong></span> <span class='ocrx_word' id='word_1_409' title='bbox 1092 3772 1306 3814; x_wconf 89' lang='lat' dir='ltr'><strong>eorum.</strong></span> <span class='ocrx_word' id='word_1_410' title='bbox 1352 3758 1510 3814; x_wconf 80' lang='lat' dir='ltr'><strong>Absit</strong></span> <span class='ocrx_word' id='word_1_411' title='bbox 1549 3766 1732 3816; x_wconf 87' lang='lat' dir='ltr'><strong>autem</strong></span> <span class='ocrx_word' id='word_1_412' title='bbox 1779 3775 1810 3815; x_wconf 88' lang='lat' dir='ltr'><strong>a</strong></span> <span class='ocrx_word' id='word_1_413' title='bbox 1847 3761 2008 3817; x_wconf 89' lang='lat' dir='ltr'><strong>nobis</strong></span> <span class='ocrx_word' id='word_1_414' title='bbox 2038 3768 2098 3815; x_wconf 90' lang='lat' dir='ltr'><strong>ut</strong></span> 
     </span>
    </p>
   </div>
   <div class='ocr_carea' id='block_1_53' title="bbox 505 3843 2097 3914">
    <p class='ocr_par' dir='ltr' id='par_1_53' title="bbox 505 3843 2097 3914">
     <span class='ocr_line' id='line_1_53' title="bbox 505 3843 2097 3914; baseline 0.003 -12"><span class='ocrx_word' id='word_1_415' title='bbox 505 3843 638 3904; x_wconf 82' lang='lat' dir='ltr'><strong>Jesu</strong></span> <span class='ocrx_word' id='word_1_416' title='bbox 686 3849 938 3905; x_wconf 87' lang='lat' dir='ltr'><strong>veniente</strong></span> <span class='ocrx_word' id='word_1_417' title='bbox 982 3849 1052 3905; x_wconf 84' lang='lat' dir='ltr'><strong>ad</strong></span> <span class='ocrx_word' id='word_1_418' title='bbox 1094 3864 1234 3914; x_wconf 80' lang='lat' dir='ltr'><strong>nos,</strong></span> <span class='ocrx_word' id='word_1_419' title='bbox 1274 3860 1328 3904; x_wconf 89' lang='lat' dir='ltr'><strong>et</strong></span> <span class='ocrx_word' id='word_1_420' title='bbox 1378 3851 1594 3907; x_wconf 88' lang='lat' dir='ltr'><strong>volente</strong></span> <span class='ocrx_word' id='word_1_421' title='bbox 1646 3854 1982 3910; x_wconf 88' lang='lat' dir='ltr'><strong>manducare</strong></span> <span class='ocrx_word' id='word_1_422' title='bbox 2028 3853 2097 3908; x_wconf 90' lang='lat' dir='ltr'><strong>de</strong></span> 
     </span>
    </p>
   </div>
   <div class='ocr_carea' id='block_1_54' title="bbox 505 3939 2093 4008">
    <p class='ocr_par' dir='ltr' id='par_1_54' title="bbox 505 3939 2093 4008">
     <span class='ocr_line' id='line_1_54' title="bbox 505 3939 2093 4008; baseline 0.002 -13"><span class='ocrx_word' id='word_1_423' title='bbox 505 3939 636 4008; x_wconf 79' lang='lat' dir='ltr'><strong>ﬁcu,</strong></span> <span class='ocrx_word' id='word_1_424' title='bbox 691 3956 802 3996; x_wconf 91' lang='lat' dir='ltr'><strong>non</strong></span> <span class='ocrx_word' id='word_1_425' title='bbox 850 3942 1164 3998; x_wconf 89' lang='lat' dir='ltr'><strong>inveniatur</strong></span> <span class='ocrx_word' id='word_1_426' title='bbox 1209 3941 1428 3999; x_wconf 89' lang='lat' dir='ltr'><strong>fructus</strong></span> <span class='ocrx_word' id='word_1_427' title='bbox 1471 3943 1527 3998; x_wconf 92' lang='lat' dir='ltr'><strong>in</strong></span> <span class='ocrx_word' id='word_1_428' title='bbox 1556 3959 1640 3998; x_wconf 88' lang='lat' dir='ltr'><strong>ea.</strong></span> <span class='ocrx_word' id='word_1_429' title='bbox 1699 3943 1758 3999; x_wconf 90' lang='lat' dir='ltr'><strong>Si</strong></span> <span class='ocrx_word' id='word_1_430' title='bbox 1798 3945 1944 4000; x_wconf 92' lang='lat' dir='ltr'><strong>enim</strong></span> <span class='ocrx_word' id='word_1_431' title='bbox 1983 3959 2093 3999; x_wconf 91' lang='lat' dir='ltr'><strong>non</strong></span> 
     </span>
    </p>
   </div>
   <div class='ocr_carea' id='block_1_55' title="bbox 511 4032 2094 4101">
    <p class='ocr_par' dir='ltr' id='par_1_55' title="bbox 511 4032 2094 4101">
     <span class='ocr_line' id='line_1_55' title="bbox 511 4032 2094 4101; baseline 0.003 -13"><span class='ocrx_word' id='word_1_432' title='bbox 511 4032 682 4089; x_wconf 75' lang='lat' dir='ltr'><strong>fuerit</strong></span> <span class='ocrx_word' id='word_1_433' title='bbox 721 4034 975 4090; x_wconf 88' lang='lat' dir='ltr'><strong>inventus</strong></span> <span class='ocrx_word' id='word_1_434' title='bbox 1019 4035 1234 4092; x_wconf 89' lang='lat' dir='ltr'><strong>fructus</strong></span> <span class='ocrx_word' id='word_1_435' title='bbox 1280 4037 1334 4091; x_wconf 92' lang='lat' dir='ltr'><strong>in</strong></span> <span class='ocrx_word' id='word_1_436' title='bbox 1363 4052 1452 4101; x_wconf 82' lang='lat' dir='ltr'><strong>ea,</strong></span> <span class='ocrx_word' id='word_1_437' title='bbox 1489 4036 1623 4092; x_wconf 90' lang='lat' dir='ltr'><strong>dicit</strong></span> <span class='ocrx_word' id='word_1_438' title='bbox 1651 4037 1718 4092; x_wconf 92' lang='lat' dir='ltr'><strong>ad</strong></span> <span class='ocrx_word' id='word_1_439' title='bbox 1753 4053 1873 4096; x_wconf 82' lang='lat' dir='ltr'><strong>earn</strong></span> <span class='ocrx_word' id='word_1_440' title='bbox 1906 4038 1960 4092; x_wconf 93' lang='lat' dir='ltr'><strong>in</strong></span> <span class='ocrx_word' id='word_1_441' title='bbox 1993 4052 2094 4092; x_wconf 92' lang='lat' dir='ltr'><strong>suo</strong></span> 
     </span>
    </p>
   </div>
   <div class='ocr_carea' id='block_1_56' title="bbox 511 4125 2096 4199">
    <p class='ocr_par' dir='ltr' id='par_1_56' title="bbox 511 4125 2096 4199">
     <span class='ocr_line' id='line_1_56' title="bbox 511 4125 2096 4199; baseline 0.002 -20"><span class='ocrx_word' id='word_1_442' title='bbox 511 4125 768 4191; x_wconf 83' lang='lat' dir='ltr'><strong>adventu,</strong></span> <span class='ocrx_word' id='word_1_443' title='bbox 801 4143 924 4197; x_wconf 84' lang='lat' dir='ltr'><strong>quae</strong></span> <span class='ocrx_word' id='word_1_444' title='bbox 955 4142 1062 4182; x_wconf 89' lang='lat' dir='ltr'><strong>non</strong></span> <span class='ocrx_word' id='word_1_445' title='bbox 1087 4129 1389 4184; x_wconf 86' lang='lat' dir='ltr'><strong>ostenderit</strong></span> <span class='ocrx_word' id='word_1_446' title='bbox 1425 4127 1638 4185; x_wconf 88' lang='lat' dir='ltr'><strong>fructus</strong></span> <span class='ocrx_word' id='word_1_447' title='bbox 1661 4144 1683 4183; x_wconf 71' lang='grc' dir='ltr'><strong>τ.</strong></span> <span class='ocrx_word' id='word_1_448' title='bbox 1705 4127 1998 4199; x_wconf 81' lang='lat' dir='ltr'><strong>Nunquam</strong></span> <span class='ocrx_word' id='word_1_449' title='bbox 2029 4145 2096 4182; x_wconf 78' lang='lat' dir='ltr'><strong>es:</strong></span> 
     </span>
    </p>
   </div>
   <div class='ocr_carea' id='block_1_57' title="bbox 509 4214 2090 4285">
    <p class='ocr_par' dir='ltr' id='par_1_57' title="bbox 509 4214 2090 4285">
     <span class='ocr_line' id='line_1_57' title="bbox 509 4214 2090 4285; baseline 0.004 -20"><span class='ocrx_word' id='word_1_450' title='bbox 509 4221 560 4266; x_wconf 89' lang='lat' dir='ltr'><strong>te</strong></span> <span class='ocrx_word' id='word_1_451' title='bbox 607 4214 890 4284; x_wconf 80' lang='lat' dir='ltr'><strong>quisquam</strong></span> <span class='ocrx_word' id='word_1_452' title='bbox 956 4216 1194 4285; x_wconf 80' lang='lat' dir='ltr'><strong>fructum</strong></span> <span class='ocrx_word' id='word_1_453' title='bbox 1249 4217 1530 4270; x_wconf 78' lang='lat' dir='ltr'><strong>manducet</strong></span> <span class='ocrx_word' id='word_1_454' title='bbox 1578 4219 1618 4272; x_wconf 75' lang='grc' dir='ltr'><strong>ί.</strong></span> <span class='ocrx_word' id='word_1_455' title='bbox 1673 4216 1862 4273; x_wconf 88' lang='lat' dir='ltr'><strong>Potest</strong></span> <span class='ocrx_word' id='word_1_456' title='bbox 1910 4227 2090 4273; x_wconf 89' lang='lat' dir='ltr'><strong>autem</strong></span> 
     </span>
    </p>
   </div>
   <div class='ocr_carea' id='block_1_58' title="bbox 505 4304 2094 4381">
    <p class='ocr_par' dir='ltr' id='par_1_58' title="bbox 505 4304 2094 4381">
     <span class='ocr_line' id='line_1_58' title="bbox 505 4304 2094 4381; baseline 0.005 -23"><span class='ocrx_word' id='word_1_457' title='bbox 505 4304 645 4360; x_wconf 78' lang='lat' dir='ltr'><strong>licus</strong></span> <span class='ocrx_word' id='word_1_458' title='bbox 686 4305 776 4360; x_wconf 92' lang='lat' dir='ltr'><strong>illa</strong></span> <span class='ocrx_word' id='word_1_459' title='bbox 819 4306 1041 4378; x_wconf 78' lang='lat' dir='ltr'><strong>intelligi</strong></span> <span class='ocrx_word' id='word_1_460' title='bbox 1089 4308 1322 4378; x_wconf 89' lang='lat' dir='ltr'><strong>populus</strong></span> <span class='ocrx_word' id='word_1_461' title='bbox 1362 4308 1824 4378; x_wconf 87' lang='lat' dir='ltr'><strong>circumcisionis,</strong></span> <span class='ocrx_word' id='word_1_462' title='bbox 1856 4311 1923 4366; x_wconf 92' lang='lat' dir='ltr'><strong>ad</strong></span> <span class='ocrx_word' id='word_1_463' title='bbox 1954 4325 2094 4381; x_wconf 87' lang='lat' dir='ltr'><strong>quos</strong></span> 
     </span>
    </p>
   </div>
   <div class='ocr_carea' id='block_1_59' title="bbox 503 4397 2094 4468">
    <p class='ocr_par' dir='ltr' id='par_1_59' title="bbox 503 4397 2094 4468">
     <span class='ocr_line' id='line_1_59' title="bbox 503 4397 2094 4468; baseline 0.004 -15"><span class='ocrx_word' id='word_1_464' title='bbox 503 4397 756 4454; x_wconf 84' lang='lat' dir='ltr'><strong>esuriens</strong></span> <span class='ocrx_word' id='word_1_465' title='bbox 801 4398 1066 4457; x_wconf 83' lang='lat' dir='ltr'><strong>Dominus</strong></span> <span class='ocrx_word' id='word_1_466' title='bbox 1119 4402 1300 4468; x_wconf 88' lang='lat' dir='ltr'><strong>venit,</strong></span> <span class='ocrx_word' id='word_1_467' title='bbox 1346 4410 1401 4457; x_wconf 90' lang='lat' dir='ltr'><strong>et</strong></span> <span class='ocrx_word' id='word_1_468' title='bbox 1449 4418 1573 4457; x_wconf 89' lang='lat' dir='ltr'><strong>cum</strong></span> <span class='ocrx_word' id='word_1_469' title='bbox 1631 4419 1739 4458; x_wconf 90' lang='lat' dir='ltr'><strong>non</strong></span> <span class='ocrx_word' id='word_1_470' title='bbox 1798 4404 2094 4460; x_wconf 88' lang='lat' dir='ltr'><strong>invenisset</strong></span> 
     </span>
    </p>
   </div>
   <div class='ocr_carea' id='block_1_60' title="bbox 506 4488 2088 4566">
    <p class='ocr_par' dir='ltr' id='par_1_60' title="bbox 506 4488 2088 4566">
     <span class='ocr_line' id='line_1_60' title="bbox 506 4488 2088 4566; baseline 0.006 -20"><span class='ocrx_word' id='word_1_471' title='bbox 506 4488 748 4546; x_wconf 79' lang='lat' dir='ltr'><strong>fructum</strong></span> <span class='ocrx_word' id='word_1_472' title='bbox 795 4492 848 4547; x_wconf 90' lang='lat' dir='ltr'><strong>in</strong></span> <span class='ocrx_word' id='word_1_473' title='bbox 879 4509 966 4558; x_wconf 90' lang='lat' dir='ltr'><strong>ea,</strong></span> <span class='ocrx_word' id='word_1_474' title='bbox 1001 4495 1097 4550; x_wconf 89' lang='lat' dir='ltr'><strong>sed</strong></span> <span class='ocrx_word' id='word_1_475' title='bbox 1147 4495 1320 4550; x_wconf 90' lang='lat' dir='ltr'><strong>solam</strong></span> <span class='ocrx_word' id='word_1_476' title='bbox 1373 4497 1609 4565; x_wconf 87' lang='lat' dir='ltr'><strong>speciem</strong></span> <span class='ocrx_word' id='word_1_477' title='bbox 1648 4497 1891 4565; x_wconf 83' lang='lat' dir='ltr'><strong>vitalem,</strong></span> <span class='ocrx_word' id='word_1_478' title='bbox 1931 4498 2088 4566; x_wconf 81' lang='lat' dir='ltr'><strong>dixit,</strong></span> 
     </span>
    </p>
   </div>
   <div class='ocr_carea' id='block_1_61' title="bbox 507 4586 2093 4656">
    <p class='ocr_par' dir='ltr' id='par_1_61' title="bbox 507 4586 2093 4656">
     <span class='ocr_line' id='line_1_61' title="bbox 507 4586 2093 4656; baseline 0.007 -22"><span class='ocrx_word' id='word_1_479' title='bbox 507 4595 782 4652; x_wconf 74' lang='lat' dir='ltr'><strong>nunquam</strong></span> <span class='ocrx_word' id='word_1_480' title='bbox 815 4599 881 4637; x_wconf 77' lang='lat' dir='ltr'><strong>ea:</strong></span> <span class='ocrx_word' id='word_1_481' title='bbox 916 4595 964 4639; x_wconf 87' lang='lat' dir='ltr'><strong>te</strong></span> <span class='ocrx_word' id='word_1_482' title='bbox 1003 4586 1281 4656; x_wconf 80' lang='lat' dir='ltr'><strong>quisquam</strong></span> <span class='ocrx_word' id='word_1_483' title='bbox 1317 4587 1555 4656; x_wconf 78' lang='lat' dir='ltr'><strong>fructum</strong></span> <span class='ocrx_word' id='word_1_484' title='bbox 1606 4590 1910 4644; x_wconf 84' lang='lat' dir='ltr'><strong>manducet.</strong></span> <span class='ocrx_word' id='word_1_485' title='bbox 1957 4587 2093 4644; x_wconf 88' lang='lat' dir='ltr'><strong>Pro-</strong></span> 
     </span>
    </p>
   </div>
   <div class='ocr_carea' id='block_1_62' title="bbox 2207 2095 3798 2167">
    <p class='ocr_par' dir='ltr' id='par_1_62' title="bbox 2207 2095 3798 2167">
     <span class='ocr_line' id='line_1_62' title="bbox 2207 2095 3798 2167; baseline -0.001 -15"><span class='ocrx_word' id='word_1_486' title='bbox 2207 2097 2428 2166; x_wconf 86' lang='lat' dir='ltr'><strong>protulit</strong></span> <span class='ocrx_word' id='word_1_487' title='bbox 2467 2107 2592 2151; x_wconf 88' lang='lat' dir='ltr'><strong>ante</strong></span> <span class='ocrx_word' id='word_1_488' title='bbox 2618 2105 2834 2150; x_wconf 66' lang='lat' dir='ltr'><strong>aestum.</strong></span> <span class='ocrx_word' id='word_1_489' title='bbox 2865 2096 3038 2166; x_wconf 83' lang='lat' dir='ltr'><strong>Cujus</strong></span> <span class='ocrx_word' id='word_1_490' title='bbox 3083 2095 3291 2152; x_wconf 87' lang='lat' dir='ltr'><strong>fructus</strong></span> <span class='ocrx_word' id='word_1_491' title='bbox 3317 2096 3483 2151; x_wconf 87' lang='lat' dir='ltr'><strong>etiam</strong></span> <span class='ocrx_word' id='word_1_492' title='bbox 3526 2097 3798 2167; x_wconf 82' lang='lat' dir='ltr'><strong>languen-</strong></span> 
     </span>
    </p>
   </div>
   <div class='ocr_carea' id='block_1_63' title="bbox 2205 2189 3798 2260">
    <p class='ocr_par' dir='ltr' id='par_1_63' title="bbox 2205 2189 3798 2260">
     <span class='ocr_line' id='line_1_63' title="bbox 2205 2189 3798 2260; baseline 0.001 -15"><span class='ocrx_word' id='word_1_493' title='bbox 2205 2203 2304 2256; x_wconf 86' lang='lat' dir='ltr'><strong>tes,</strong></span> <span class='ocrx_word' id='word_1_494' title='bbox 2332 2206 2443 2244; x_wconf 89' lang='lat' dir='ltr'><strong>non</strong></span> <span class='ocrx_word' id='word_1_495' title='bbox 2472 2197 2654 2244; x_wconf 87' lang='lat' dir='ltr'><strong>autem</strong></span> <span class='ocrx_word' id='word_1_496' title='bbox 2694 2189 3016 2260; x_wconf 83' lang='lat' dir='ltr'><strong>pigritantes</strong></span> <span class='ocrx_word' id='word_1_497' title='bbox 3048 2204 3208 2244; x_wconf 89' lang='lat' dir='ltr'><strong>orare</strong></span> <span class='ocrx_word' id='word_1_498' title='bbox 3249 2189 3623 2258; x_wconf 88' lang='lat' dir='ltr'><strong>medicantur,</strong></span> <span class='ocrx_word' id='word_1_499' title='bbox 3655 2191 3798 2246; x_wconf 81' lang='lat' dir='ltr'><strong>sicut</strong></span> 
     </span>
    </p>
   </div>
   <div class='ocr_carea' id='block_1_64' title="bbox 2203 2280 3797 2354">
    <p class='ocr_par' dir='ltr' id='par_1_64' title="bbox 2203 2280 3797 2354">
     <span class='ocr_line' id='line_1_64' title="bbox 2203 2280 3797 2354; baseline 0 -17"><span class='ocrx_word' id='word_1_500' title='bbox 2203 2283 2466 2352; x_wconf 90' lang='lat' dir='ltr'><strong>scriptum</strong></span> <span class='ocrx_word' id='word_1_501' title='bbox 2519 2291 2602 2337; x_wconf 91' lang='lat' dir='ltr'><strong>est</strong></span> <span class='ocrx_word' id='word_1_502' title='bbox 2636 2283 2654 2314; x_wconf 78' lang='grc'>⁸</span> <span class='ocrx_word' id='word_1_503' title='bbox 2693 2282 2763 2338; x_wconf 88' lang='lat' dir='ltr'><strong>de</strong></span> <span class='ocrx_word' id='word_1_504' title='bbox 2813 2280 3046 2338; x_wconf 84' lang='lat' dir='ltr'><strong>Ezechia</strong></span> <span class='ocrx_word' id='word_1_505' title='bbox 3083 2297 3208 2354; x_wconf 88' lang='lat' dir='ltr'><strong>rege</strong></span> <span class='ocrx_word' id='word_1_506' title='bbox 3241 2283 3296 2337; x_wconf 91' lang='lat' dir='ltr'><strong>in</strong></span> <span class='ocrx_word' id='word_1_507' title='bbox 3337 2281 3500 2345; x_wconf 87' lang='lat' dir='ltr'><strong>lsaia,</strong></span> <span class='ocrx_word' id='word_1_508' title='bbox 3534 2283 3636 2353; x_wconf 86' lang='lat' dir='ltr'><strong>qui</strong></span> <span class='ocrx_word' id='word_1_509' title='bbox 3688 2284 3797 2339; x_wconf 83' lang='lat' dir='ltr'><strong>sal-</strong></span> 
     </span>
    </p>
   </div>
   <div class='ocr_carea' id='block_1_65' title="bbox 2202 2374 3798 2446">
    <p class='ocr_par' dir='ltr' id='par_1_65' title="bbox 2202 2374 3798 2446">
     <span class='ocr_line' id='line_1_65' title="bbox 2202 2374 3798 2446; baseline -0.002 -16"><span class='ocrx_word' id='word_1_510' title='bbox 2202 2387 2361 2431; x_wconf 86' lang='lat' dir='ltr'><strong>vatus</strong></span> <span class='ocrx_word' id='word_1_511' title='bbox 2406 2385 2490 2432; x_wconf 91' lang='lat' dir='ltr'><strong>cst</strong></span> <span class='ocrx_word' id='word_1_512' title='bbox 2526 2391 2624 2446; x_wconf 78' lang='lat' dir='ltr'><strong>per</strong></span> <span class='ocrx_word' id='word_1_513' title='bbox 2654 2375 2814 2442; x_wconf 88' lang='lat' dir='ltr'><strong>licus,</strong></span> <span class='ocrx_word' id='word_1_514' title='bbox 2861 2383 2922 2429; x_wconf 93' lang='lat' dir='ltr'><strong>ut</strong></span> <span class='ocrx_word' id='word_1_515' title='bbox 2967 2391 3037 2431; x_wconf 90' lang='lat' dir='ltr'><strong>ne</strong></span> <span class='ocrx_word' id='word_1_516' title='bbox 3081 2384 3419 2441; x_wconf 80' lang='lat' dir='ltr'><strong>moreretur;</strong></span> <span class='ocrx_word' id='word_1_517' title='bbox 3466 2376 3567 2431; x_wconf 91' lang='lat' dir='ltr'><strong>sed</strong></span> <span class='ocrx_word' id='word_1_518' title='bbox 3617 2383 3676 2430; x_wconf 88' lang='lat' dir='ltr'><strong>et</strong></span> <span class='ocrx_word' id='word_1_519' title='bbox 3715 2374 3798 2430; x_wconf 91' lang='lat' dir='ltr'><strong>sol</strong></span> 
     </span>
    </p>
   </div>
   <div class='ocr_carea' id='block_1_66' title="bbox 2202 2465 3798 2538">
    <p class='ocr_par' dir='ltr' id='par_1_66' title="bbox 2202 2465 3798 2538">
     <span class='ocr_line' id='line_1_66' title="bbox 2202 2465 3798 2538; baseline -0.001 -16"><span class='ocrx_word' id='word_1_520' title='bbox 2202 2483 2367 2538; x_wconf 86' lang='lat' dir='ltr'><strong>super</strong></span> <span class='ocrx_word' id='word_1_521' title='bbox 2408 2481 2533 2522; x_wconf 86' lang='lat' dir='ltr'><strong>eum</strong></span> <span class='ocrx_word' id='word_1_522' title='bbox 2576 2469 2631 2522; x_wconf 90' lang='lat' dir='ltr'><strong>in</strong></span> <span class='ocrx_word' id='word_1_523' title='bbox 2677 2466 2939 2536; x_wconf 77' lang='lat' dir='ltr'><strong>gradibus</strong></span> <span class='ocrx_word' id='word_1_524' title='bbox 2985 2465 3378 2521; x_wconf 89' lang='lat' dir='ltr'><strong>demonstravit</strong></span> <span class='ocrx_word' id='word_1_525' title='bbox 3417 2465 3700 2535; x_wconf 84' lang='lat' dir='ltr'><strong>majorem</strong></span> <span class='ocrx_word' id='word_1_526' title='bbox 3746 2475 3798 2521; x_wconf 79' lang='lat' dir='ltr'><strong>et</strong></span> 
     </span>
    </p>
   </div>
   <div class='ocr_carea' id='block_1_67' title="bbox 2203 2557 3798 2630">
    <p class='ocr_par' dir='ltr' id='par_1_67' title="bbox 2203 2557 3798 2630">
     <span class='ocr_line' id='line_1_67' title="bbox 2203 2557 3798 2630; baseline -0.001 -15"><span class='ocrx_word' id='word_1_527' title='bbox 2203 2560 2488 2615; x_wconf 84' lang='lat' dir='ltr'><strong>clariorem</strong></span> <span class='ocrx_word' id='word_1_528' title='bbox 2533 2560 2584 2615; x_wconf 91' lang='lat' dir='ltr'><strong>ei</strong></span> <span class='ocrx_word' id='word_1_529' title='bbox 2617 2559 2764 2614; x_wconf 89' lang='lat' dir='ltr'><strong>diem</strong></span> <span class='ocrx_word' id='word_1_530' title='bbox 2793 2557 3041 2614; x_wconf 68' lang='lat' dir='ltr'><strong>enectam</strong></span> <span class='ocrx_word' id='word_1_531' title='bbox 3078 2560 3120 2613; x_wconf 80' lang='grc'><strong><em>⁸.</em></strong></span> <span class='ocrx_word' id='word_1_532' title='bbox 3172 2557 3335 2614; x_wconf 79' lang='lat' dir='ltr'><strong>Multa</strong></span> <span class='ocrx_word' id='word_1_533' title='bbox 3370 2569 3456 2614; x_wconf 86' lang='lat' dir='ltr'><strong>est</strong></span> <span class='ocrx_word' id='word_1_534' title='bbox 3494 2573 3632 2630; x_wconf 78' lang='lat' dir='ltr'><strong>ergo</strong></span> <span class='ocrx_word' id='word_1_535' title='bbox 3672 2574 3798 2628; x_wconf 87' lang='lat' dir='ltr'><strong>spes</strong></span> 
     </span>
    </p>
   </div>
   <div class='ocr_carea' id='block_1_68' title="bbox 2202 2651 3798 2723">
    <p class='ocr_par' dir='ltr' id='par_1_68' title="bbox 2202 2651 3798 2723">
     <span class='ocr_line' id='line_1_68' title="bbox 2202 2651 3798 2723; baseline 0 -16"><span class='ocrx_word' id='word_1_536' title='bbox 2202 2653 2254 2707; x_wconf 89' lang='lat' dir='ltr'><strong>in</strong></span> <span class='ocrx_word' id='word_1_537' title='bbox 2284 2653 2387 2707; x_wconf 91' lang='lat' dir='ltr'><strong>ticu</strong></span> <span class='ocrx_word' id='word_1_538' title='bbox 2428 2669 2551 2723; x_wconf 65' lang='lat' dir='ltr'><strong>qua:</strong></span> <span class='ocrx_word' id='word_1_539' title='bbox 2579 2668 2644 2707; x_wconf 79' lang='lat' dir='ltr'><strong>ex</strong></span> <span class='ocrx_word' id='word_1_540' title='bbox 2676 2652 2768 2707; x_wconf 88' lang='lat' dir='ltr'><strong>Dei</strong></span> <span class='ocrx_word' id='word_1_541' title='bbox 2804 2652 2989 2708; x_wconf 86' lang='lat' dir='ltr'><strong>verbis</strong></span> <span class='ocrx_word' id='word_1_542' title='bbox 3020 2652 3258 2722; x_wconf 88' lang='lat' dir='ltr'><strong>primum</strong></span> <span class='ocrx_word' id='word_1_543' title='bbox 3291 2651 3517 2722; x_wconf 86' lang='lat' dir='ltr'><strong>quidem</strong></span> <span class='ocrx_word' id='word_1_544' title='bbox 3558 2651 3694 2707; x_wconf 84' lang='lat' dir='ltr'><strong>fecit</strong></span> <span class='ocrx_word' id='word_1_545' title='bbox 3719 2661 3798 2707; x_wconf 74' lang='lat' dir='ltr'><strong>te-</strong></span> 
     </span>
    </p>
   </div>
   <div class='ocr_carea' id='block_1_69' title="bbox 2201 2743 3794 2813">
    <p class='ocr_par' dir='ltr' id='par_1_69' title="bbox 2201 2743 3794 2813">
     <span class='ocr_line' id='line_1_69' title="bbox 2201 2743 3794 2813; baseline 0.001 -16"><span class='ocrx_word' id='word_1_546' title='bbox 2201 2759 2392 2798; x_wconf 71' lang='lat' dir='ltr'><strong>nerunt</strong></span> <span class='ocrx_word' id='word_1_547' title='bbox 2419 2760 2631 2798; x_wconf 90' lang='lat' dir='ltr'><strong>ramum</strong></span> <span class='ocrx_word' id='word_1_548' title='bbox 2661 2758 2850 2809; x_wconf 91' lang='lat' dir='ltr'><strong>suum,</strong></span> <span class='ocrx_word' id='word_1_549' title='bbox 2879 2751 3072 2813; x_wconf 85' lang='lat' dir='ltr'><strong>postea</strong></span> <span class='ocrx_word' id='word_1_550' title='bbox 3099 2752 3280 2799; x_wconf 89' lang='lat' dir='ltr'><strong>autem</strong></span> <span class='ocrx_word' id='word_1_551' title='bbox 3313 2744 3607 2800; x_wconf 87' lang='lat' dir='ltr'><strong>nascentia</strong></span> <span class='ocrx_word' id='word_1_552' title='bbox 3643 2743 3794 2799; x_wconf 86' lang='lat' dir='ltr'><strong>folia.</strong></span> 
     </span>
    </p>
   </div>
   <div class='ocr_carea' id='block_1_70' title="bbox 2201 2834 3799 2908">
    <p class='ocr_par' dir='ltr' id='par_1_70' title="bbox 2201 2834 3799 2908">
     <span class='ocr_line' id='line_1_70' title="bbox 2201 2834 3799 2908; baseline 0.003 -19"><span class='ocrx_word' id='word_1_553' title='bbox 2201 2834 2426 2892; x_wconf 85' lang='lat' dir='ltr'><strong>Talibus</strong></span> <span class='ocrx_word' id='word_1_554' title='bbox 2469 2852 2637 2908; x_wconf 89' lang='lat' dir='ltr'><strong>prope</strong></span> <span class='ocrx_word' id='word_1_555' title='bbox 2682 2845 2767 2892; x_wconf 87' lang='lat' dir='ltr'><strong>est</strong></span> <span class='ocrx_word' id='word_1_556' title='bbox 2810 2846 2996 2904; x_wconf 68' lang='lat' dir='ltr'><strong>aestas,</strong></span> <span class='ocrx_word' id='word_1_557' title='bbox 3043 2846 3100 2893; x_wconf 87' lang='lat' dir='ltr'><strong>et</strong></span> <span class='ocrx_word' id='word_1_558' title='bbox 3147 2852 3315 2908; x_wconf 87' lang='lat' dir='ltr'><strong>prope</strong></span> <span class='ocrx_word' id='word_1_559' title='bbox 3357 2846 3443 2893; x_wconf 90' lang='lat' dir='ltr'><strong>est</strong></span> <span class='ocrx_word' id='word_1_560' title='bbox 3494 2839 3551 2894; x_wconf 89' lang='lat' dir='ltr'><strong>in</strong></span> <span class='ocrx_word' id='word_1_561' title='bbox 3607 2839 3799 2894; x_wconf 84' lang='lat' dir='ltr'><strong>limine</strong></span> 
     </span>
    </p>
   </div>
   <div class='ocr_carea' id='block_1_71' title="bbox 2199 2929 3798 3002">
    <p class='ocr_par' dir='ltr' id='par_1_71' title="bbox 2199 2929 3798 3002">
     <span class='ocr_line' id='line_1_71' title="bbox 2199 2929 3798 3002; baseline -0.001 -17"><span class='ocrx_word' id='word_1_562' title='bbox 2199 2931 2492 3002; x_wconf 88' lang='lat' dir='ltr'><strong>gloriosus,</strong></span> <span class='ocrx_word' id='word_1_563' title='bbox 2523 2941 2578 2986; x_wconf 89' lang='lat' dir='ltr'><strong>et</strong></span> <span class='ocrx_word' id='word_1_564' title='bbox 2610 2931 2665 2986; x_wconf 93' lang='lat' dir='ltr'><strong>in</strong></span> <span class='ocrx_word' id='word_1_565' title='bbox 2695 2931 2934 2987; x_wconf 88' lang='lat' dir='ltr'><strong>nubibus</strong></span> <span class='ocrx_word' id='word_1_566' title='bbox 2953 2929 3157 2987; x_wconf 89' lang='lat' dir='ltr'><strong>Christi</strong></span> <span class='ocrx_word' id='word_1_567' title='bbox 3175 2930 3466 2994; x_wconf 87' lang='lat' dir='ltr'><strong>adventus,</strong></span> <span class='ocrx_word' id='word_1_568' title='bbox 3503 2941 3561 2986; x_wconf 87' lang='lat' dir='ltr'><strong>et</strong></span> <span class='ocrx_word' id='word_1_569' title='bbox 3588 2932 3798 2987; x_wconf 83' lang='lat' dir='ltr'><strong>adven-</strong></span> 
     </span>
    </p>
   </div>
   <div class='ocr_carea' id='block_1_72' title="bbox 2201 3021 3799 3094">
    <p class='ocr_par' dir='ltr' id='par_1_72' title="bbox 2201 3021 3799 3094">
     <span class='ocr_line' id='line_1_72' title="bbox 2201 3021 3799 3094; baseline 0 -16"><span class='ocrx_word' id='word_1_570' title='bbox 2201 3031 2291 3078; x_wconf 90' lang='lat' dir='ltr'><strong>tus</strong></span> <span class='ocrx_word' id='word_1_571' title='bbox 2331 3023 2520 3094; x_wconf 65' lang='lat' dir='ltr'><strong>gloriai</strong></span> <span class='ocrx_word' id='word_1_572' title='bbox 2548 3021 2715 3079; x_wconf 79' lang='lat' dir='ltr'><strong>Verbi</strong></span> <span class='ocrx_word' id='word_1_573' title='bbox 2747 3021 2868 3092; x_wconf 90' lang='lat' dir='ltr'><strong>Dei,</strong></span> <span class='ocrx_word' id='word_1_574' title='bbox 2910 3030 2967 3079; x_wconf 90' lang='lat' dir='ltr'><strong>et</strong></span> <span class='ocrx_word' id='word_1_575' title='bbox 3004 3036 3176 3094; x_wconf 86' lang='lat' dir='ltr'><strong>prope</strong></span> <span class='ocrx_word' id='word_1_576' title='bbox 3220 3030 3305 3078; x_wconf 84' lang='lat' dir='ltr'><strong>est</strong></span> <span class='ocrx_word' id='word_1_577' title='bbox 3334 3021 3665 3093; x_wconf 85' lang='lat' dir='ltr'><strong>hujusmodi</strong></span> <span class='ocrx_word' id='word_1_578' title='bbox 3699 3021 3799 3078; x_wconf 79' lang='lat' dir='ltr'><strong>ho-</strong></span> 
     </span>
    </p>
   </div>
   <div class='ocr_carea' id='block_1_73' title="bbox 2199 3111 2848 3186">
    <p class='ocr_par' dir='ltr' id='par_1_73' title="bbox 2199 3111 2848 3186">
     <span class='ocr_line' id='line_1_73' title="bbox 2199 3111 2848 3186; baseline 0.003 -18"><span class='ocrx_word' id='word_1_579' title='bbox 2199 3113 2444 3170; x_wconf 91' lang='lat' dir='ltr'><strong>minibus</strong></span> <span class='ocrx_word' id='word_1_580' title='bbox 2472 3129 2700 3186; x_wconf 81' lang='lat' dir='ltr'><strong>regnum</strong></span> <span class='ocrx_word' id='word_1_581' title='bbox 2729 3111 2848 3170; x_wconf 90' lang='lat' dir='ltr'><strong>Dei.</strong></span> 
     </span>
    </p>
   </div>
   <div class='ocr_carea' id='block_1_74' title="bbox 2270 3205 3796 3280">
    <p class='ocr_par' dir='ltr' id='par_1_74' title="bbox 2270 3205 3796 3280">
     <span class='ocr_line' id='line_1_74' title="bbox 2270 3205 3796 3280; baseline -0.001 -18"><span class='ocrx_word' id='word_1_582' title='bbox 2270 3206 2361 3262; x_wconf 67' lang='lat'><strong>54.</strong></span> <span class='ocrx_word' id='word_1_583' title='bbox 2407 3207 2573 3262; x_wconf 78' lang='lat' dir='ltr'><strong>Amen</strong></span> <span class='ocrx_word' id='word_1_584' title='bbox 2606 3206 2726 3262; x_wconf 88' lang='lat' dir='ltr'><strong>dico</strong></span> <span class='ocrx_word' id='word_1_585' title='bbox 2755 3207 2925 3276; x_wconf 78' lang='lat' dir='ltr'><strong>vobis,</strong></span> <span class='ocrx_word' id='word_1_586' title='bbox 2961 3207 3214 3280; x_wconf 83' lang='lat' dir='ltr'><strong>quoniam</strong></span> <span class='ocrx_word' id='word_1_587' title='bbox 3257 3222 3362 3262; x_wconf 83' lang='lat' dir='ltr'><strong>non</strong></span> <span class='ocrx_word' id='word_1_588' title='bbox 3402 3205 3668 3261; x_wconf 78' lang='lat' dir='ltr'><strong>transibit</strong></span> <span class='ocrx_word' id='word_1_589' title='bbox 3704 3222 3796 3278; x_wconf 70' lang='lat' dir='ltr'><strong>ge-</strong></span> 
     </span>
    </p>
   </div>
   <div class='ocr_carea' id='block_1_75' title="bbox 2201 3295 3797 3368">
    <p class='ocr_par' dir='ltr' id='par_1_75' title="bbox 2201 3295 3797 3368">
     <span class='ocr_line' id='line_1_75' title="bbox 2201 3295 3797 3368; baseline -0.001 -16"><span class='ocrx_word' id='word_1_590' title='bbox 2201 3298 2405 3354; x_wconf 87' lang='lat' dir='ltr'><strong>neratio</strong></span> <span class='ocrx_word' id='word_1_591' title='bbox 2436 3297 2570 3366; x_wconf 75' lang='lat' dir='ltr'><strong>lucc,</strong></span> <span class='ocrx_word' id='word_1_592' title='bbox 2600 3297 2766 3352; x_wconf 86' lang='lat' dir='ltr'><strong>donec</strong></span> <span class='ocrx_word' id='word_1_593' title='bbox 2790 3297 2972 3352; x_wconf 87' lang='lat' dir='ltr'><strong>omnia</strong></span> <span class='ocrx_word' id='word_1_594' title='bbox 2997 3297 3109 3353; x_wconf 72' lang='lat' dir='ltr'><strong>hcce</strong></span> <span class='ocrx_word' id='word_1_595' title='bbox 3131 3298 3290 3368; x_wconf 72' lang='lat' dir='ltr'><strong>ﬁant.</strong></span> <span class='ocrx_word' id='word_1_596' title='bbox 3326 3295 3540 3352; x_wconf 72' lang='lat' dir='ltr'><strong>Caelum</strong></span> <span class='ocrx_word' id='word_1_597' title='bbox 3569 3306 3623 3352; x_wconf 85' lang='lat' dir='ltr'><strong>et</strong></span> <span class='ocrx_word' id='word_1_598' title='bbox 3655 3305 3797 3351; x_wconf 73' lang='lat' dir='ltr'><strong>terra</strong></span> 
     </span>
    </p>
   </div>
   <div class='ocr_carea' id='block_1_76' title="bbox 2204 3387 3791 3454">
    <p class='ocr_par' dir='ltr' id='par_1_76' title="bbox 2204 3387 3791 3454">
     <span class='ocr_line' id='line_1_76' title="bbox 2204 3387 3791 3454; baseline -0.002 -9"><span class='ocrx_word' id='word_1_599' title='bbox 2204 3389 2529 3454; x_wconf 81' lang='lat' dir='ltr'><strong>transibunt,</strong></span> <span class='ocrx_word' id='word_1_600' title='bbox 2575 3389 2735 3444; x_wconf 68' lang='lat' dir='ltr'><strong>verba</strong></span> <span class='ocrx_word' id='word_1_601' title='bbox 2768 3398 2948 3444; x_wconf 89' lang='lat' dir='ltr'><strong>autem</strong></span> <span class='ocrx_word' id='word_1_602' title='bbox 2990 3405 3107 3444; x_wconf 83' lang='lat' dir='ltr'><strong>mea</strong></span> <span class='ocrx_word' id='word_1_603' title='bbox 3152 3405 3257 3445; x_wconf 87' lang='lat' dir='ltr'><strong>non</strong></span> <span class='ocrx_word' id='word_1_604' title='bbox 3287 3388 3665 3444; x_wconf 80' lang='lat' dir='ltr'><strong>transibunt‘.</strong></span> <span class='ocrx_word' id='word_1_605' title='bbox 3703 3387 3791 3442; x_wconf 76' lang='lat' dir='ltr'><strong>Vi-</strong></span> 
     </span>
    </p>
   </div>
   <div class='ocr_carea' id='block_1_77' title="bbox 2197 3481 3792 3554">
    <p class='ocr_par' dir='ltr' id='par_1_77' title="bbox 2197 3481 3792 3554">
     <span class='ocr_line' id='line_1_77' title="bbox 2197 3481 3792 3554; baseline -0.002 -15"><span class='ocrx_word' id='word_1_606' title='bbox 2197 3483 2428 3539; x_wconf 87' lang='lat' dir='ltr'><strong>deamus</strong></span> <span class='ocrx_word' id='word_1_607' title='bbox 2475 3496 2599 3552; x_wconf 66' lang='lat' dir='ltr'><strong>quae</strong></span> <span class='ocrx_word' id='word_1_608' title='bbox 2647 3481 2718 3538; x_wconf 89' lang='lat' dir='ltr'><strong>sit</strong></span> <span class='ocrx_word' id='word_1_609' title='bbox 2765 3484 3046 3552; x_wconf 79' lang='lat' dir='ltr'><strong>generatio</strong></span> <span class='ocrx_word' id='word_1_610' title='bbox 3097 3485 3214 3541; x_wconf 67' lang='lat' dir='ltr'><strong>haec</strong></span> <span class='ocrx_word' id='word_1_611' title='bbox 3265 3484 3333 3539; x_wconf 91' lang='lat' dir='ltr'><strong>de</strong></span> <span class='ocrx_word' id='word_1_612' title='bbox 3380 3499 3494 3554; x_wconf 88' lang='lat' dir='ltr'><strong>qua</strong></span> <span class='ocrx_word' id='word_1_613' title='bbox 3547 3483 3792 3553; x_wconf 85' lang='lat' dir='ltr'><strong>loquitur</strong></span> 
     </span>
    </p>
   </div>
   <div class='ocr_carea' id='block_1_78' title="bbox 2199 3572 3792 3653">
    <p class='ocr_par' dir='ltr' id='par_1_78' title="bbox 2199 3572 3792 3653">
     <span class='ocr_line' id='line_1_78' title="bbox 2199 3572 3792 3653; baseline -0.002 -23"><span class='ocrx_word' id='word_1_614' title='bbox 2199 3573 2481 3653; x_wconf 86' lang='lat' dir='ltr'><strong>Christus.</strong></span> <span class='ocrx_word' id='word_1_615' title='bbox 2528 3572 2596 3634; x_wconf 84' lang='lat' dir='ltr'><strong>Et</strong></span> <span class='ocrx_word' id='word_1_616' title='bbox 2637 3574 2914 3645; x_wconf 88' lang='lat' dir='ltr'><strong>simplices</strong></span> <span class='ocrx_word' id='word_1_617' title='bbox 2963 3575 3186 3648; x_wconf 89' lang='lat' dir='ltr'><strong>quidem</strong></span> <span class='ocrx_word' id='word_1_618' title='bbox 3233 3573 3302 3630; x_wconf 89' lang='lat' dir='ltr'><strong>ad</strong></span> <span class='ocrx_word' id='word_1_619' title='bbox 3353 3574 3792 3629; x_wconf 83' lang='lat' dir='ltr'><strong>destructionem</strong></span> 
     </span>
    </p>
   </div>
   <div class='ocr_carea' id='block_1_79' title="bbox 2198 3663 3789 3736">
    <p class='ocr_par' dir='ltr' id='par_1_79' title="bbox 2198 3663 3789 3736">
     <span class='ocr_line' id='line_1_79' title="bbox 2198 3663 3789 3736; baseline -0.001 -16"><span class='ocrx_word' id='word_1_620' title='bbox 2198 3663 2503 3722; x_wconf 80' lang='lat' dir='ltr'><strong>Jerusalem</strong></span> <span class='ocrx_word' id='word_1_621' title='bbox 2552 3664 2802 3722; x_wconf 86' lang='lat' dir='ltr'><strong>referunt</strong></span> <span class='ocrx_word' id='word_1_622' title='bbox 2837 3667 3004 3722; x_wconf 87' lang='lat' dir='ltr'><strong>verba</strong></span> <span class='ocrx_word' id='word_1_623' title='bbox 3029 3707 3046 3734; x_wconf 89' lang='lat'><strong>,</strong></span> <span class='ocrx_word' id='word_1_624' title='bbox 3089 3675 3144 3722; x_wconf 89' lang='lat' dir='ltr'><strong>et</strong></span> <span class='ocrx_word' id='word_1_625' title='bbox 3182 3665 3251 3721; x_wconf 88' lang='lat' dir='ltr'><strong>de</strong></span> <span class='ocrx_word' id='word_1_626' title='bbox 3292 3664 3384 3720; x_wconf 89' lang='lat' dir='ltr'><strong>illa</strong></span> <span class='ocrx_word' id='word_1_627' title='bbox 3432 3666 3789 3736; x_wconf 83' lang='lat' dir='ltr'><strong>generatione</strong></span> 
     </span>
    </p>
   </div>
   <div class='ocr_carea' id='block_1_80' title="bbox 2199 3757 3787 3829">
    <p class='ocr_par' dir='ltr' id='par_1_80' title="bbox 2199 3757 3787 3829">
     <span class='ocr_line' id='line_1_80' title="bbox 2199 3757 3787 3829; baseline -0.001 -16"><span class='ocrx_word' id='word_1_628' title='bbox 2199 3757 2518 3813; x_wconf 83' lang='lat' dir='ltr'><strong>existimant</strong></span> <span class='ocrx_word' id='word_1_629' title='bbox 2545 3757 2752 3814; x_wconf 90' lang='lat' dir='ltr'><strong>dictum</strong></span> <span class='ocrx_word' id='word_1_630' title='bbox 2781 3773 2903 3829; x_wconf 67' lang='lat' dir='ltr'><strong>quae</strong></span> <span class='ocrx_word' id='word_1_631' title='bbox 2931 3757 3038 3812; x_wconf 80' lang='lat' dir='ltr'><strong>fuit</strong></span> <span class='ocrx_word' id='word_1_632' title='bbox 3071 3768 3313 3828; x_wconf 89' lang='lat' dir='ltr'><strong>tempore</strong></span> <span class='ocrx_word' id='word_1_633' title='bbox 3339 3757 3548 3813; x_wconf 85' lang='lat' dir='ltr'><strong>Christi</strong></span> <span class='ocrx_word' id='word_1_634' title='bbox 3585 3765 3643 3813; x_wconf 90' lang='lat' dir='ltr'><strong>et</strong></span> <span class='ocrx_word' id='word_1_635' title='bbox 3671 3773 3787 3827; x_wconf 78' lang='lat' dir='ltr'><strong>pas-</strong></span> 
     </span>
    </p>
   </div>
   <div class='ocr_carea' id='block_1_81' title="bbox 2199 3849 3786 3921">
    <p class='ocr_par' dir='ltr' id='par_1_81' title="bbox 2199 3849 3786 3921">
     <span class='ocr_line' id='line_1_81' title="bbox 2199 3849 3786 3921; baseline -0.002 -15"><span class='ocrx_word' id='word_1_636' title='bbox 2199 3849 2408 3906; x_wconf 89' lang='lat' dir='ltr'><strong>sionem</strong></span> <span class='ocrx_word' id='word_1_637' title='bbox 2445 3849 2568 3918; x_wconf 84' lang='lat' dir='ltr'><strong>ejus</strong></span> <span class='ocrx_word' id='word_1_638' title='bbox 2610 3849 2854 3921; x_wconf 81' lang='lat' dir='ltr'><strong>aspexit,</strong></span> <span class='ocrx_word' id='word_1_639' title='bbox 2907 3866 3017 3907; x_wconf 89' lang='lat' dir='ltr'><strong>non</strong></span> <span class='ocrx_word' id='word_1_640' title='bbox 3062 3850 3416 3906; x_wconf 76' lang='lat' dir='ltr'><strong>transiturum</strong></span> <span class='ocrx_word' id='word_1_641' title='bbox 3459 3849 3786 3920; x_wconf 75' lang='lat' dir='ltr'><strong>priusquam</strong></span> 
     </span>
    </p>
   </div>
   <div class='ocr_carea' id='block_1_82' title="bbox 2199 3939 3785 4000">
    <p class='ocr_par' dir='ltr' id='par_1_82' title="bbox 2199 3939 3785 4000">
     <span class='ocr_line' id='line_1_82' title="bbox 2199 3939 3785 4000; baseline -0.001 -3"><span class='ocrx_word' id='word_1_642' title='bbox 2199 3943 2354 3998; x_wconf 89' lang='lat' dir='ltr'><strong>lieret</strong></span> <span class='ocrx_word' id='word_1_643' title='bbox 2394 3943 2702 3999; x_wconf 89' lang='lat' dir='ltr'><strong>destructio</strong></span> <span class='ocrx_word' id='word_1_644' title='bbox 2753 3942 2994 3999; x_wconf 88' lang='lat' dir='ltr'><strong>civitatis</strong></span> <span class='ocrx_word' id='word_1_645' title='bbox 3052 3943 3221 4000; x_wconf 91' lang='lat' dir='ltr'><strong>illius.</strong></span> <span class='ocrx_word' id='word_1_646' title='bbox 3272 3941 3472 3999; x_wconf 79' lang='lat' dir='ltr'><strong>Nescio</strong></span> <span class='ocrx_word' id='word_1_647' title='bbox 3515 3951 3702 3996; x_wconf 87' lang='lat' dir='ltr'><strong>autem</strong></span> <span class='ocrx_word' id='word_1_648' title='bbox 3741 3939 3785 3996; x_wconf 87' lang='lat' dir='ltr'><strong>si</strong></span> 
     </span>
    </p>
   </div>
   <div class='ocr_carea' id='block_1_83' title="bbox 2198 4033 3783 4105">
    <p class='ocr_par' dir='ltr' id='par_1_83' title="bbox 2198 4033 3783 4105">
     <span class='ocr_line' id='line_1_83' title="bbox 2198 4033 3783 4105; baseline 0.003 -17"><span class='ocrx_word' id='word_1_649' title='bbox 2198 4033 2423 4089; x_wconf 88' lang='lat' dir='ltr'><strong>verbum</strong></span> <span class='ocrx_word' id='word_1_650' title='bbox 2470 4033 2538 4086; x_wconf 88' lang='lat' dir='ltr'><strong>ad</strong></span> <span class='ocrx_word' id='word_1_651' title='bbox 2577 4034 2805 4089; x_wconf 88' lang='lat' dir='ltr'><strong>verbum</strong></span> <span class='ocrx_word' id='word_1_652' title='bbox 2851 4049 3126 4105; x_wconf 80' lang='lat' dir='ltr'><strong>exponere</strong></span> <span class='ocrx_word' id='word_1_653' title='bbox 3166 4043 3398 4104; x_wconf 90' lang='lat' dir='ltr'><strong>possunt</strong></span> <span class='ocrx_word' id='word_1_654' title='bbox 3443 4033 3597 4104; x_wconf 82' lang='lat' dir='ltr'><strong>quod</strong></span> <span class='ocrx_word' id='word_1_655' title='bbox 3633 4033 3783 4093; x_wconf 80' lang='lat' dir='ltr'><strong>ait&#39;;</strong></span> 
     </span>
    </p>
   </div>
   <div class='ocr_carea' id='block_1_84' title="bbox 2199 4124 3784 4188">
    <p class='ocr_par' dir='ltr' id='par_1_84' title="bbox 2199 4124 3784 4188">
     <span class='ocr_line' id='line_1_84' title="bbox 2199 4124 3784 4188; baseline -0.002 -9"><span class='ocrx_word' id='word_1_656' title='bbox 2199 4124 2323 4179; x_wconf 88' lang='lat' dir='ltr'><strong>Non</strong></span> <span class='ocrx_word' id='word_1_657' title='bbox 2353 4126 2542 4179; x_wconf 79' lang='lat' dir='ltr'><strong>videtis</strong></span> <span class='ocrx_word' id='word_1_658' title='bbox 2565 4125 2676 4180; x_wconf 72' lang='lat' dir='ltr'><strong>[nec</strong></span> <span class='ocrx_word' id='word_1_659' title='bbox 2697 4126 2915 4180; x_wconf 87' lang='lat' dir='ltr'><strong>omnia?</strong></span> <span class='ocrx_word' id='word_1_660' title='bbox 2941 4127 3108 4179; x_wconf 82' lang='lat' dir='ltr'><strong>Amen</strong></span> <span class='ocrx_word' id='word_1_661' title='bbox 3138 4126 3254 4179; x_wconf 87' lang='lat' dir='ltr'><strong>dico</strong></span> <span class='ocrx_word' id='word_1_662' title='bbox 3287 4125 3453 4188; x_wconf 77' lang='lat' dir='ltr'><strong>vobis,</strong></span> <span class='ocrx_word' id='word_1_663' title='bbox 3490 4141 3598 4178; x_wconf 85' lang='lat' dir='ltr'><strong>non</strong></span> <span class='ocrx_word' id='word_1_664' title='bbox 3629 4125 3784 4178; x_wconf 82' lang='lat' dir='ltr'><strong>relin-</strong></span> 
     </span>
    </p>
   </div>
   <div class='ocr_carea' id='block_1_85' title="bbox 2196 4216 3784 4289">
    <p class='ocr_par' dir='ltr' id='par_1_85' title="bbox 2196 4216 3784 4289">
     <span class='ocr_line' id='line_1_85' title="bbox 2196 4216 3784 4289; baseline -0.003 -18"><span class='ocrx_word' id='word_1_665' title='bbox 2196 4228 2390 4289; x_wconf 85' lang='lat' dir='ltr'><strong>quetur</strong></span> <span class='ocrx_word' id='word_1_666' title='bbox 2432 4219 2517 4272; x_wconf 79' lang='lat' dir='ltr'><strong>hic</strong></span> <span class='ocrx_word' id='word_1_667' title='bbox 2561 4218 2701 4288; x_wconf 86' lang='lat' dir='ltr'><strong>lapis</strong></span> <span class='ocrx_word' id='word_1_668' title='bbox 2738 4234 2894 4287; x_wconf 87' lang='lat' dir='ltr'><strong>super</strong></span> <span class='ocrx_word' id='word_1_669' title='bbox 2935 4216 3165 4288; x_wconf 85' lang='lat' dir='ltr'><strong>lapidem</strong></span> <span class='ocrx_word' id='word_1_670' title='bbox 3193 4218 3283 4287; x_wconf 89' lang='lat' dir='ltr'><strong>qui</strong></span> <span class='ocrx_word' id='word_1_671' title='bbox 3313 4234 3417 4270; x_wconf 88' lang='lat' dir='ltr'><strong>non</strong></span> <span class='ocrx_word' id='word_1_672' title='bbox 3451 4217 3784 4280; x_wconf 71' lang='lat' dir='ltr'><strong>destruatur,</strong></span> 
     </span>
    </p>
   </div>
   <div class='ocr_carea' id='block_1_86' title="bbox 2199 4308 3785 4381">
    <p class='ocr_par' dir='ltr' id='par_1_86' title="bbox 2199 4308 3785 4381">
     <span class='ocr_line' id='line_1_86' title="bbox 2199 4308 3785 4381; baseline -0.001 -16"><span class='ocrx_word' id='word_1_673' title='bbox 2199 4325 2378 4381; x_wconf 88' lang='lat' dir='ltr'><strong>usque</strong></span> <span class='ocrx_word' id='word_1_674' title='bbox 2412 4311 2477 4366; x_wconf 87' lang='lat' dir='ltr'><strong>ad</strong></span> <span class='ocrx_word' id='word_1_675' title='bbox 2513 4310 2645 4366; x_wconf 90' lang='lat' dir='ltr'><strong>illud</strong></span> <span class='ocrx_word' id='word_1_676' title='bbox 2677 4311 2820 4381; x_wconf 87' lang='lat' dir='ltr'><strong>quod</strong></span> <span class='ocrx_word' id='word_1_677' title='bbox 2849 4310 2964 4364; x_wconf 91' lang='lat' dir='ltr'><strong>ait:</strong></span> <span class='ocrx_word' id='word_1_678' title='bbox 3007 4309 3181 4380; x_wconf 83' lang='lat' dir='ltr'><strong>Prope</strong></span> <span class='ocrx_word' id='word_1_679' title='bbox 3204 4321 3282 4363; x_wconf 78' lang='lat' dir='ltr'><strong>est</strong></span> <span class='ocrx_word' id='word_1_680' title='bbox 3320 4310 3373 4362; x_wconf 88' lang='lat' dir='ltr'><strong>in</strong></span> <span class='ocrx_word' id='word_1_681' title='bbox 3401 4308 3610 4363; x_wconf 87' lang='lat' dir='ltr'><strong>limine.</strong></span> <span class='ocrx_word' id='word_1_682' title='bbox 3661 4308 3785 4363; x_wconf 75' lang='lat' dir='ltr'><strong>For-</strong></span> 
     </span>
    </p>
   </div>
   <div class='ocr_carea' id='block_1_87' title="bbox 2196 4402 3785 4474">
    <p class='ocr_par' dir='ltr' id='par_1_87' title="bbox 2196 4402 3785 4474">
     <span class='ocr_line' id='line_1_87' title="bbox 2196 4402 3785 4474; baseline -0.002 -15"><span class='ocrx_word' id='word_1_683' title='bbox 2196 4403 2338 4459; x_wconf 88' lang='lat' dir='ltr'><strong>sitan</strong></span> <span class='ocrx_word' id='word_1_684' title='bbox 2369 4405 2513 4458; x_wconf 88' lang='lat' dir='ltr'><strong>enim</strong></span> <span class='ocrx_word' id='word_1_685' title='bbox 2557 4403 2612 4458; x_wconf 91' lang='lat' dir='ltr'><strong>in</strong></span> <span class='ocrx_word' id='word_1_686' title='bbox 2649 4403 2977 4474; x_wconf 89' lang='lat' dir='ltr'><strong>quibusdam</strong></span> <span class='ocrx_word' id='word_1_687' title='bbox 3024 4412 3301 4472; x_wconf 89' lang='lat' dir='ltr'><strong>poterunt,</strong></span> <span class='ocrx_word' id='word_1_688' title='bbox 3347 4403 3401 4456; x_wconf 90' lang='lat' dir='ltr'><strong>in</strong></span> <span class='ocrx_word' id='word_1_689' title='bbox 3446 4402 3573 4457; x_wconf 84' lang='lat' dir='ltr'><strong>aliis</strong></span> <span class='ocrx_word' id='word_1_690' title='bbox 3607 4413 3785 4457; x_wconf 81' lang='lat' dir='ltr'><strong>autem</strong></span> 
     </span>
    </p>
   </div>
   <div class='ocr_carea' id='block_1_88' title="bbox 2196 4491 3785 4564">
    <p class='ocr_par' dir='ltr' id='par_1_88' title="bbox 2196 4491 3785 4564">
     <span class='ocr_line' id='line_1_88' title="bbox 2196 4491 3785 4564; baseline -0.002 -16"><span class='ocrx_word' id='word_1_691' title='bbox 2196 4495 2424 4549; x_wconf 87' lang='lat' dir='ltr'><strong>omnino</strong></span> <span class='ocrx_word' id='word_1_692' title='bbox 2465 4510 2574 4550; x_wconf 90' lang='lat' dir='ltr'><strong>non</strong></span> <span class='ocrx_word' id='word_1_693' title='bbox 2607 4502 2886 4564; x_wconf 87' lang='lat' dir='ltr'><strong>poterunt.</strong></span> <span class='ocrx_word' id='word_1_694' title='bbox 2922 4491 2990 4548; x_wconf 86' lang='lat' dir='ltr'><strong>Et</strong></span> <span class='ocrx_word' id='word_1_695' title='bbox 3019 4494 3158 4548; x_wconf 83' lang='lat' dir='ltr'><strong>satis</strong></span> <span class='ocrx_word' id='word_1_696' title='bbox 3187 4491 3555 4562; x_wconf 82' lang='lat' dir='ltr'><strong>coangustati,</strong></span> <span class='ocrx_word' id='word_1_697' title='bbox 3599 4493 3785 4547; x_wconf 88' lang='lat' dir='ltr'><strong>nescio</strong></span> 
     </span>
    </p>
   </div>
   <div class='ocr_carea' id='block_1_89' title="bbox 2195 4582 3786 4654">
    <p class='ocr_par' dir='ltr' id='par_1_89' title="bbox 2195 4582 3786 4654">
     <span class='ocr_line' id='line_1_89' title="bbox 2195 4582 3786 4654; baseline -0.001 -15"><span class='ocrx_word' id='word_1_698' title='bbox 2195 4590 2243 4640; x_wconf 89' lang='lat' dir='ltr'><strong>si</strong></span> <span class='ocrx_word' id='word_1_699' title='bbox 2296 4585 2502 4654; x_wconf 89' lang='lat' dir='ltr'><strong>aliquid</strong></span> <span class='ocrx_word' id='word_1_700' title='bbox 2549 4584 2732 4639; x_wconf 88' lang='lat' dir='ltr'><strong>dicere</strong></span> <span class='ocrx_word' id='word_1_701' title='bbox 2783 4582 3085 4654; x_wconf 88' lang='lat' dir='ltr'><strong>potuerint.</strong></span> <span class='ocrx_word' id='word_1_702' title='bbox 3143 4582 3255 4638; x_wconf 74' lang='lat' dir='ltr'><strong>Nos</strong></span> <span class='ocrx_word' id='word_1_703' title='bbox 3303 4593 3486 4637; x_wconf 87' lang='lat' dir='ltr'><strong>autem</strong></span> <span class='ocrx_word' id='word_1_704' title='bbox 3543 4583 3598 4637; x_wconf 93' lang='lat' dir='ltr'><strong>in</strong></span> <span class='ocrx_word' id='word_1_705' title='bbox 3650 4582 3786 4638; x_wconf 85' lang='lat' dir='ltr'><strong>locis</strong></span> 
     </span>
    </p>
   </div>
   <div class='ocr_carea' id='block_1_90' title="bbox 504 4673 2096 4746">
    <p class='ocr_par' dir='ltr' id='par_1_90' title="bbox 504 4673 2091 4746">
     <span class='ocr_line' id='line_1_90' title="bbox 504 4673 2091 4746; baseline 0.008 -20"><span class='ocrx_word' id='word_1_706' title='bbox 504 4682 628 4742; x_wconf 91' lang='lat' dir='ltr'><strong>pter</strong></span> <span class='ocrx_word' id='word_1_707' title='bbox 653 4674 797 4742; x_wconf 89' lang='lat' dir='ltr'><strong>quod</strong></span> <span class='ocrx_word' id='word_1_708' title='bbox 829 4673 882 4729; x_wconf 87' lang='lat' dir='ltr'><strong>in</strong></span> <span class='ocrx_word' id='word_1_709' title='bbox 912 4676 1145 4730; x_wconf 89' lang='lat' dir='ltr'><strong>adventu</strong></span> <span class='ocrx_word' id='word_1_710' title='bbox 1176 4677 1298 4746; x_wconf 89' lang='lat' dir='ltr'><strong>ejus</strong></span> <span class='ocrx_word' id='word_1_711' title='bbox 1326 4678 1590 4732; x_wconf 89' lang='lat' dir='ltr'><strong>continuo</strong></span> <span class='ocrx_word' id='word_1_712' title='bbox 1620 4681 1860 4736; x_wconf 83' lang='lat' dir='ltr'><strong>arefacta</strong></span> <span class='ocrx_word' id='word_1_713' title='bbox 1893 4692 1976 4738; x_wconf 89' lang='lat' dir='ltr'><strong>est</strong></span> <span class='ocrx_word' id='word_1_714' title='bbox 2002 4685 2091 4738; x_wconf 90' lang='lat' dir='ltr'><strong>illa</strong></span> 
     </span>
    </p>
   </div>
   <div class='ocr_carea' id='block_1_91' title="bbox 2203 4673 3784 4746">
    <p class='ocr_par' dir='ltr' id='par_1_91' title="bbox 2203 4675 3784 4746">
     <span class='ocr_line' id='line_1_91' title="bbox 2203 4675 3784 4746; baseline -0.001 -16"><span class='ocrx_word' id='word_1_715' title='bbox 2203 4677 2388 4732; x_wconf 91' lang='lat' dir='ltr'><strong>multis</strong></span> <span class='ocrx_word' id='word_1_716' title='bbox 2415 4677 2792 4738; x_wconf 87' lang='lat' dir='ltr'><strong>observantes.</strong></span> <span class='ocrx_word' id='word_1_717' title='bbox 2827 4690 3027 4730; x_wconf 86' lang='lat' dir='ltr'><strong>nomen</strong></span> <span class='ocrx_word' id='word_1_718' title='bbox 3071 4675 3448 4745; x_wconf 85' lang='lat' dir='ltr'><strong>generationis</strong></span> <span class='ocrx_word' id='word_1_719' title='bbox 3490 4675 3784 4746; x_wconf 84' lang='lat' dir='ltr'><strong>dupliciter</strong></span> 
     </span>
    </p>
   </div>
   <div class='ocr_carea' id='block_1_92' title="bbox 505 4762 2088 4836">
    <p class='ocr_par' dir='ltr' id='par_1_92' title="bbox 505 4762 2088 4836">
     <span class='ocr_line' id='line_1_92' title="bbox 505 4762 2088 4836; baseline 0.008 -18"><span class='ocrx_word' id='word_1_720' title='bbox 505 4762 669 4828; x_wconf 79' lang='lat' dir='ltr'><strong>ﬁcus,</strong></span> <span class='ocrx_word' id='word_1_721' title='bbox 716 4763 771 4819; x_wconf 89' lang='lat' dir='ltr'><strong>id</strong></span> <span class='ocrx_word' id='word_1_722' title='bbox 817 4774 902 4820; x_wconf 87' lang='lat' dir='ltr'><strong>est</strong></span> <span class='ocrx_word' id='word_1_723' title='bbox 935 4767 1168 4836; x_wconf 93' lang='lat' dir='ltr'><strong>populus</strong></span> <span class='ocrx_word' id='word_1_724' title='bbox 1214 4769 1338 4834; x_wconf 88' lang='lat' dir='ltr'><strong>ille;</strong></span> <span class='ocrx_word' id='word_1_725' title='bbox 1378 4769 1468 4822; x_wconf 89' lang='lat' dir='ltr'><strong>illa</strong></span> <span class='ocrx_word' id='word_1_726' title='bbox 1509 4779 1692 4825; x_wconf 90' lang='lat' dir='ltr'><strong>autem</strong></span> <span class='ocrx_word' id='word_1_727' title='bbox 1748 4772 1920 4828; x_wconf 89' lang='lat' dir='ltr'><strong>altera</strong></span> <span class='ocrx_word' id='word_1_728' title='bbox 1952 4773 2088 4830; x_wconf 76' lang='lat' dir='ltr'><strong>licus</strong></span> 
     </span>
    </p>
   </div>
   <div class='ocr_carea' id='block_1_93' title="bbox 505 4858 2085 4934">
    <p class='ocr_par' dir='ltr' id='par_1_93' title="bbox 505 4858 2085 4934">
     <span class='ocr_line' id='line_1_93' title="bbox 505 4858 2085 4934; baseline 0.008 -27"><span class='ocrx_word' id='word_1_729' title='bbox 505 4868 666 4924; x_wconf 83' lang='lat' dir='ltr'><strong>quae,</strong></span> <span class='ocrx_word' id='word_1_730' title='bbox 715 4866 980 4926; x_wconf 87' lang='lat' dir='ltr'><strong>quantum</strong></span> <span class='ocrx_word' id='word_1_731' title='bbox 1031 4858 1098 4912; x_wconf 89' lang='lat' dir='ltr'><strong>ad</strong></span> <span class='ocrx_word' id='word_1_732' title='bbox 1145 4859 1324 4928; x_wconf 90' lang='lat' dir='ltr'><strong>priora</strong></span> <span class='ocrx_word' id='word_1_733' title='bbox 1375 4869 1649 4929; x_wconf 88' lang='lat' dir='ltr'><strong>tempora,</strong></span> <span class='ocrx_word' id='word_1_734' title='bbox 1699 4863 1903 4919; x_wconf 88' lang='lat' dir='ltr'><strong>sterilis</strong></span> <span class='ocrx_word' id='word_1_735' title='bbox 1946 4875 2085 4934; x_wconf 88' lang='lat' dir='ltr'><strong>erat,</strong></span> 
     </span>
    </p>
   </div>
   <div class='ocr_carea' id='block_1_94' title="bbox 505 4943 2085 5022">
    <p class='ocr_par' dir='ltr' id='par_1_94' title="bbox 505 4943 2085 5022">
     <span class='ocr_line' id='line_1_94' title="bbox 505 4943 2085 5022; baseline 0.008 -21"><span class='ocrx_word' id='word_1_736' title='bbox 505 4959 630 5016; x_wconf 67' lang='lat' dir='ltr'><strong>quae</strong></span> <span class='ocrx_word' id='word_1_737' title='bbox 659 4943 836 5001; x_wconf 87' lang='lat' dir='ltr'><strong>fuerat</strong></span> <span class='ocrx_word' id='word_1_738' title='bbox 863 4947 975 5016; x_wconf 86' lang='lat' dir='ltr'><strong>jam</strong></span> <span class='ocrx_word' id='word_1_739' title='bbox 1031 4950 1326 5005; x_wconf 81' lang='lat' dir='ltr'><strong>excidenda</strong></span> <span class='ocrx_word' id='word_1_740' title='bbox 1370 4959 1656 5020; x_wconf 87' lang='lat' dir='ltr'><strong>propterea</strong></span> <span class='ocrx_word' id='word_1_741' title='bbox 1699 4955 1847 5022; x_wconf 87' lang='lat' dir='ltr'><strong>quod</strong></span> <span class='ocrx_word' id='word_1_742' title='bbox 1881 4957 2085 5015; x_wconf 90' lang='lat' dir='ltr'><strong>nullam</strong></span> 
     </span>
    </p>
   </div>
   <div class='ocr_carea' id='block_1_95' title="bbox 510 5037 2087 5118">
    <p class='ocr_par' dir='ltr' id='par_1_95' title="bbox 510 5037 2087 5118">
     <span class='ocr_line' id='line_1_95' title="bbox 510 5037 2087 5118; baseline 0.01 -26"><span class='ocrx_word' id='word_1_743' title='bbox 510 5037 778 5094; x_wconf 85' lang='lat' dir='ltr'><strong>habuerat</strong></span> <span class='ocrx_word' id='word_1_744' title='bbox 807 5040 1110 5096; x_wconf 88' lang='lat' dir='ltr'><strong>adhibitam</strong></span> <span class='ocrx_word' id='word_1_745' title='bbox 1147 5043 1252 5098; x_wconf 89' lang='lat' dir='ltr'><strong>sibi</strong></span> <span class='ocrx_word' id='word_1_746' title='bbox 1287 5043 1625 5114; x_wconf 87' lang='lat' dir='ltr'><strong>diligentiam</strong></span> <span class='ocrx_word' id='word_1_747' title='bbox 1666 5060 1697 5099; x_wconf 91' lang='lat' dir='ltr'><strong>a</strong></span> <span class='ocrx_word' id='word_1_748' title='bbox 1725 5060 1828 5101; x_wconf 91' lang='lat' dir='ltr'><strong>suo</strong></span> <span class='ocrx_word' id='word_1_749' title='bbox 1857 5046 2087 5118; x_wconf 88' lang='lat' dir='ltr'><strong>fossore,</strong></span> 
     </span>
    </p>
   </div>
   <div class='ocr_carea' id='block_1_96' title="bbox 504 5132 2086 5206">
    <p class='ocr_par' dir='ltr' id='par_1_96' title="bbox 504 5132 2086 5206">
     <span class='ocr_line' id='line_1_96' title="bbox 504 5132 2086 5206; baseline 0.007 -20"><span class='ocrx_word' id='word_1_750' title='bbox 504 5143 632 5186; x_wconf 86' lang='lat' dir='ltr'><strong>cum</strong></span> <span class='ocrx_word' id='word_1_751' title='bbox 669 5137 883 5187; x_wconf 89' lang='lat' dir='ltr'><strong>stercus</strong></span> <span class='ocrx_word' id='word_1_752' title='bbox 921 5132 998 5186; x_wconf 92' lang='lat' dir='ltr'><strong>illi</strong></span> <span class='ocrx_word' id='word_1_753' title='bbox 1033 5135 1262 5204; x_wconf 62' lang='lat' dir='ltr'><strong>coeperit</strong></span> <span class='ocrx_word' id='word_1_754' title='bbox 1297 5135 1672 5203; x_wconf 90' lang='lat' dir='ltr'><strong>circummitti,</strong></span> <span class='ocrx_word' id='word_1_755' title='bbox 1703 5136 1942 5206; x_wconf 90' lang='lat' dir='ltr'><strong>proferet</strong></span> <span class='ocrx_word' id='word_1_756' title='bbox 1969 5140 2086 5196; x_wconf 88' lang='lat' dir='ltr'><strong>fru-</strong></span> 
     </span>
    </p>
   </div>
   <div class='ocr_carea' id='block_1_97' title="bbox 497 5222 2087 5297">
    <p class='ocr_par' dir='ltr' id='par_1_97' title="bbox 497 5222 2087 5297">
     <span class='ocr_line' id='line_1_97' title="bbox 497 5222 2087 5297; baseline 0.008 -21"><span class='ocrx_word' id='word_1_757' title='bbox 497 5227 656 5288; x_wconf 86' lang='lat' dir='ltr'><strong>ctus;</strong></span> <span class='ocrx_word' id='word_1_758' title='bbox 719 5237 843 5292; x_wconf 75' lang='lat' dir='ltr'><strong>quae</strong></span> <span class='ocrx_word' id='word_1_759' title='bbox 892 5222 1188 5294; x_wconf 86' lang='lat' dir='ltr'><strong>aliquando</strong></span> <span class='ocrx_word' id='word_1_760' title='bbox 1236 5236 1595 5283; x_wconf 88' lang='lat' dir='ltr'><strong>evacuaverat</strong></span> <span class='ocrx_word' id='word_1_761' title='bbox 1643 5236 1845 5284; x_wconf 87' lang='lat' dir='ltr'><strong>terram</strong></span> <span class='ocrx_word' id='word_1_762' title='bbox 1874 5272 1889 5297; x_wconf 93' lang='lat'><strong>,</strong></span> <span class='ocrx_word' id='word_1_763' title='bbox 1941 5247 2087 5289; x_wconf 91' lang='lat' dir='ltr'><strong>nunc</strong></span> 
     </span>
    </p>
   </div>
   <div class='ocr_carea' id='block_1_98' title="bbox 503 5312 2087 5391">
    <p class='ocr_par' dir='ltr' id='par_1_98' title="bbox 503 5312 2087 5391">
     <span class='ocr_line' id='line_1_98' title="bbox 503 5312 2087 5391; baseline 0.008 -25"><span class='ocrx_word' id='word_1_764' title='bbox 503 5319 690 5368; x_wconf 82' lang='lat' dir='ltr'><strong>autem</strong></span> <span class='ocrx_word' id='word_1_765' title='bbox 737 5312 1004 5384; x_wconf 82' lang='lat' dir='ltr'><strong>largiores</strong></span> <span class='ocrx_word' id='word_1_766' title='bbox 1046 5315 1257 5373; x_wconf 88' lang='lat' dir='ltr'><strong>fructus</strong></span> <span class='ocrx_word' id='word_1_767' title='bbox 1310 5317 1563 5388; x_wconf 87' lang='lat' dir='ltr'><strong>producit</strong></span> <span class='ocrx_word' id='word_1_768' title='bbox 1608 5319 1774 5374; x_wconf 87' lang='lat' dir='ltr'><strong>etiam</strong></span> <span class='ocrx_word' id='word_1_769' title='bbox 1819 5336 1916 5391; x_wconf 89' lang='lat' dir='ltr'><strong>pro</strong></span> <span class='ocrx_word' id='word_1_770' title='bbox 1949 5331 2087 5377; x_wconf 89' lang='lat' dir='ltr'><strong>tem-</strong></span> 
     </span>
    </p>
   </div>
   <div class='ocr_carea' id='block_1_99' title="bbox 507 5406 2084 5483">
    <p class='ocr_par' dir='ltr' id='par_1_99' title="bbox 507 5406 2084 5483">
     <span class='ocr_line' id='line_1_99' title="bbox 507 5406 2084 5483; baseline 0.008 -27"><span class='ocrx_word' id='word_1_771' title='bbox 507 5415 644 5470; x_wconf 84' lang='lat' dir='ltr'><strong>pore</strong></span> <span class='ocrx_word' id='word_1_772' title='bbox 673 5412 952 5460; x_wconf 88' lang='lat' dir='ltr'><strong>transacto</strong></span> <span class='ocrx_word' id='word_1_773' title='bbox 988 5406 1183 5477; x_wconf 87' lang='lat' dir='ltr'><strong>inquo</strong></span> <span class='ocrx_word' id='word_1_774' title='bbox 1211 5409 1414 5465; x_wconf 91' lang='lat' dir='ltr'><strong>sterilis</strong></span> <span class='ocrx_word' id='word_1_775' title='bbox 1445 5409 1566 5466; x_wconf 90' lang='lat' dir='ltr'><strong>fuit.</strong></span> <span class='ocrx_word' id='word_1_776' title='bbox 1611 5410 1678 5466; x_wconf 88' lang='lat' dir='ltr'><strong>Et</strong></span> <span class='ocrx_word' id='word_1_777' title='bbox 1708 5413 2084 5483; x_wconf 89' lang='lat' dir='ltr'><strong>unusquisque</strong></span> 
     </span>
    </p>
   </div>
   <div class='ocr_carea' id='block_1_100' title="bbox 507 5498 2084 5572">
    <p class='ocr_par' dir='ltr' id='par_1_100' title="bbox 507 5498 2084 5572">
     <span class='ocr_line' id='line_1_100' title="bbox 507 5498 2084 5572; baseline 0.008 -26"><span class='ocrx_word' id='word_1_778' title='bbox 507 5501 760 5548; x_wconf 88' lang='lat' dir='ltr'><strong>nostrum</strong></span> <span class='ocrx_word' id='word_1_779' title='bbox 791 5505 917 5564; x_wconf 88' lang='lat' dir='ltr'><strong>post</strong></span> <span class='ocrx_word' id='word_1_780' title='bbox 963 5498 1170 5554; x_wconf 89' lang='lat' dir='ltr'><strong>hiemes</strong></span> <span class='ocrx_word' id='word_1_781' title='bbox 1219 5501 1604 5568; x_wconf 88' lang='lat' dir='ltr'><strong>tentationum,</strong></span> <span class='ocrx_word' id='word_1_782' title='bbox 1647 5509 1702 5558; x_wconf 89' lang='lat' dir='ltr'><strong>et</strong></span> <span class='ocrx_word' id='word_1_783' title='bbox 1748 5514 1872 5572; x_wconf 92' lang='lat' dir='ltr'><strong>post</strong></span> <span class='ocrx_word' id='word_1_784' title='bbox 1908 5503 2084 5558; x_wconf 88' lang='lat' dir='ltr'><strong>tristi-</strong></span> 
     </span>
    </p>
   </div>
   <div class='ocr_carea' id='block_1_101' title="bbox 505 5584 2089 5657">
    <p class='ocr_par' dir='ltr' id='par_1_101' title="bbox 505 5584 2089 5657">
     <span class='ocr_line' id='line_1_101' title="bbox 505 5584 2089 5657; baseline 0.005 -17"><span class='ocrx_word' id='word_1_785' title='bbox 505 5584 642 5642; x_wconf 82' lang='lat' dir='ltr'><strong>tiam</strong></span> <span class='ocrx_word' id='word_1_786' title='bbox 665 5587 1032 5657; x_wconf 87' lang='lat' dir='ltr'><strong>periculorum</strong></span> <span class='ocrx_word' id='word_1_787' title='bbox 1064 5597 1464 5648; x_wconf 89' lang='lat' dir='ltr'><strong>transactorum</strong></span> <span class='ocrx_word' id='word_1_788' title='bbox 1503 5594 1571 5650; x_wconf 91' lang='lat' dir='ltr'><strong>ad</strong></span> <span class='ocrx_word' id='word_1_789' title='bbox 1595 5603 1838 5650; x_wconf 68' lang='lat' dir='ltr'><strong>aestatem</strong></span> <span class='ocrx_word' id='word_1_790' title='bbox 1870 5594 2089 5650; x_wconf 83' lang='lat' dir='ltr'><strong>festinet</strong></span> 
     </span>
    </p>
   </div>
   <div class='ocr_carea' id='block_1_102' title="bbox 2199 4765 3781 4838">
    <p class='ocr_par' dir='ltr' id='par_1_102' title="bbox 2199 4765 3781 4838">
     <span class='ocr_line' id='line_1_102' title="bbox 2199 4765 3781 4838; baseline -0.002 -16"><span class='ocrx_word' id='word_1_791' title='bbox 2199 4766 2518 4838; x_wconf 86' lang='lat' dir='ltr'><strong>accipimus.</strong></span> <span class='ocrx_word' id='word_1_792' title='bbox 2565 4765 2913 4819; x_wconf 85' lang='lat' dir='ltr'><strong>Arbitramur</strong></span> <span class='ocrx_word' id='word_1_793' title='bbox 2952 4765 3099 4820; x_wconf 88' lang='lat' dir='ltr'><strong>enim</strong></span> <span class='ocrx_word' id='word_1_794' title='bbox 3133 4765 3273 4820; x_wconf 90' lang='lat' dir='ltr'><strong>duas</strong></span> <span class='ocrx_word' id='word_1_795' title='bbox 3313 4780 3438 4821; x_wconf 87' lang='lat' dir='ltr'><strong>esse</strong></span> <span class='ocrx_word' id='word_1_796' title='bbox 3470 4766 3781 4836; x_wconf 82' lang='lat' dir='ltr'><strong>generatio-</strong></span> 
     </span>
    </p>
   </div>
   <div class='ocr_carea' id='block_1_103' title="bbox 2197 4854 3781 4937">
    <p class='ocr_par' dir='ltr' id='par_1_103' title="bbox 2197 4854 3781 4937">
     <span class='ocr_line' id='line_1_103' title="bbox 2197 4854 3781 4937; baseline -0.003 -24"><span class='ocrx_word' id='word_1_797' title='bbox 2197 4874 2315 4922; x_wconf 89' lang='lat' dir='ltr'><strong>nes,</strong></span> <span class='ocrx_word' id='word_1_798' title='bbox 2347 4871 2510 4910; x_wconf 91' lang='lat' dir='ltr'><strong>unam</strong></span> <span class='ocrx_word' id='word_1_799' title='bbox 2541 4856 2758 4937; x_wconf 83' lang='lat' dir='ltr'><strong>quidem</strong></span> <span class='ocrx_word' id='word_1_800' title='bbox 2789 4854 3126 4918; x_wconf 67' lang='lat' dir='ltr'><strong>Iudaeorum,</strong></span> <span class='ocrx_word' id='word_1_801' title='bbox 3166 4856 3392 4909; x_wconf 87' lang='lat' dir='ltr'><strong>alteram</strong></span> <span class='ocrx_word' id='word_1_802' title='bbox 3428 4864 3613 4910; x_wconf 87' lang='lat' dir='ltr'><strong>autem</strong></span> <span class='ocrx_word' id='word_1_803' title='bbox 3647 4869 3781 4924; x_wconf 79' lang='lat' dir='ltr'><strong>gen-</strong></span> 
     </span>
    </p>
   </div>
   <div class='ocr_carea' id='block_1_104' title="bbox 2197 4947 3778 5019">
    <p class='ocr_par' dir='ltr' id='par_1_104' title="bbox 2197 4947 3778 5019">
     <span class='ocr_line' id='line_1_104' title="bbox 2197 4947 3778 5019; baseline -0.004 -13"><span class='ocrx_word' id='word_1_804' title='bbox 2197 4952 2356 5006; x_wconf 88' lang='lat' dir='ltr'><strong>tiutn.</strong></span> <span class='ocrx_word' id='word_1_805' title='bbox 2410 4949 2502 5006; x_wconf 90' lang='lat' dir='ltr'><strong>Sic</strong></span> <span class='ocrx_word' id='word_1_806' title='bbox 2533 4949 2886 5019; x_wconf 82' lang='lat' dir='ltr'><strong>intelligimus</strong></span> <span class='ocrx_word' id='word_1_807' title='bbox 2929 4959 2983 5004; x_wconf 86' lang='lat' dir='ltr'><strong>et</strong></span> <span class='ocrx_word' id='word_1_808' title='bbox 3020 4947 3384 5005; x_wconf 88' lang='lat' dir='ltr'><strong>Ecclesiasten</strong></span> <span class='ocrx_word' id='word_1_809' title='bbox 3430 4948 3778 5005; x_wconf 79' lang='lat' dir='ltr'><strong>dicentem&#39;:</strong></span> 
     </span>
    </p>
   </div>
   <div class='ocr_carea' id='block_1_105' title="bbox 2197 5040 3779 5111">
    <p class='ocr_par' dir='ltr' id='par_1_105' title="bbox 2197 5040 3779 5111">
     <span class='ocr_line' id='line_1_105' title="bbox 2197 5040 3779 5111; baseline -0.003 -14"><span class='ocrx_word' id='word_1_810' title='bbox 2197 5041 2479 5097; x_wconf 82' lang='lat' dir='ltr'><strong>Generatio</strong></span> <span class='ocrx_word' id='word_1_811' title='bbox 2507 5041 2675 5107; x_wconf 85' lang='lat' dir='ltr'><strong>vadit,</strong></span> <span class='ocrx_word' id='word_1_812' title='bbox 2716 5050 2764 5094; x_wconf 91' lang='lat' dir='ltr'><strong>et</strong></span> <span class='ocrx_word' id='word_1_813' title='bbox 2792 5040 3062 5110; x_wconf 83' lang='lat' dir='ltr'><strong>generatio</strong></span> <span class='ocrx_word' id='word_1_814' title='bbox 3092 5043 3252 5104; x_wconf 83' lang='lat' dir='ltr'><strong>venit,</strong></span> <span class='ocrx_word' id='word_1_815' title='bbox 3281 5051 3331 5095; x_wconf 89' lang='lat' dir='ltr'><strong>et</strong></span> <span class='ocrx_word' id='word_1_816' title='bbox 3361 5051 3504 5111; x_wconf 77' lang='lat' dir='ltr'><strong>terra</strong></span> <span class='ocrx_word' id='word_1_817' title='bbox 3546 5042 3598 5094; x_wconf 86' lang='lat' dir='ltr'><strong>in</strong></span> <span class='ocrx_word' id='word_1_818' title='bbox 3625 5051 3779 5095; x_wconf 77' lang='lat' dir='ltr'><strong>teter-</strong></span> 
     </span>
    </p>
   </div>
   <div class='ocr_carea' id='block_1_106' title="bbox 2195 5131 3775 5203">
    <p class='ocr_par' dir='ltr' id='par_1_106' title="bbox 2195 5131 3775 5203">
     <span class='ocr_line' id='line_1_106' title="bbox 2195 5131 3775 5203; baseline -0.003 -15"><span class='ocrx_word' id='word_1_819' title='bbox 2195 5151 2321 5188; x_wconf 86' lang='lat' dir='ltr'><strong>num</strong></span> <span class='ocrx_word' id='word_1_820' title='bbox 2349 5141 2478 5187; x_wconf 88' lang='lat' dir='ltr'><strong>stat.</strong></span> <span class='ocrx_word' id='word_1_821' title='bbox 2532 5131 2608 5186; x_wconf 92' lang='lat' dir='ltr'><strong>De</strong></span> <span class='ocrx_word' id='word_1_822' title='bbox 2648 5132 2851 5201; x_wconf 88' lang='lat' dir='ltr'><strong>populo</strong></span> <span class='ocrx_word' id='word_1_823' title='bbox 2901 5133 3047 5186; x_wconf 89' lang='lat' dir='ltr'><strong>enim</strong></span> <span class='ocrx_word' id='word_1_824' title='bbox 3082 5131 3394 5187; x_wconf 70' lang='lat' dir='ltr'><strong>Judteorum</strong></span> <span class='ocrx_word' id='word_1_825' title='bbox 3425 5133 3775 5203; x_wconf 81' lang='lat' dir='ltr'><strong>prophetans,</strong></span> 
     </span>
    </p>
   </div>
   <div class='ocr_carea' id='block_1_107' title="bbox 2193 5224 3774 5298">
    <p class='ocr_par' dir='ltr' id='par_1_107' title="bbox 2193 5224 3774 5298">
     <span class='ocr_line' id='line_1_107' title="bbox 2193 5224 3774 5298; baseline -0.002 -17"><span class='ocrx_word' id='word_1_826' title='bbox 2193 5228 2287 5298; x_wconf 93' lang='lat' dir='ltr'><strong>qui</strong></span> <span class='ocrx_word' id='word_1_827' title='bbox 2318 5225 2499 5281; x_wconf 88' lang='lat' dir='ltr'><strong>fuerat</strong></span> <span class='ocrx_word' id='word_1_828' title='bbox 2537 5224 2897 5288; x_wconf 91' lang='lat' dir='ltr'><strong>transiturus,</strong></span> <span class='ocrx_word' id='word_1_829' title='bbox 2930 5225 3026 5286; x_wconf 86' lang='lat' dir='ltr'><strong>ait,</strong></span> <span class='ocrx_word' id='word_1_830' title='bbox 3058 5226 3328 5293; x_wconf 83' lang='lat' dir='ltr'><strong>generatio</strong></span> <span class='ocrx_word' id='word_1_831' title='bbox 3363 5226 3549 5285; x_wconf 82' lang='lat' dir='ltr'><strong>vadit;</strong></span> <span class='ocrx_word' id='word_1_832' title='bbox 3584 5225 3647 5279; x_wconf 88' lang='lat' dir='ltr'><strong>de</strong></span> <span class='ocrx_word' id='word_1_833' title='bbox 3675 5239 3774 5293; x_wconf 54' lang='lat' dir='ltr'><strong>po.</strong></span> 
     </span>
    </p>
   </div>
   <div class='ocr_carea' id='block_1_108' title="bbox 2191 5315 3774 5388">
    <p class='ocr_par' dir='ltr' id='par_1_108' title="bbox 2191 5315 3774 5388">
     <span class='ocr_line' id='line_1_108' title="bbox 2191 5315 3774 5388; baseline -0.003 -16"><span class='ocrx_word' id='word_1_834' title='bbox 2191 5318 2320 5388; x_wconf 90' lang='lat' dir='ltr'><strong>pulo</strong></span> <span class='ocrx_word' id='word_1_835' title='bbox 2344 5325 2525 5371; x_wconf 86' lang='lat' dir='ltr'><strong>autem</strong></span> <span class='ocrx_word' id='word_1_836' title='bbox 2553 5315 2795 5385; x_wconf 85' lang='lat' dir='ltr'><strong>gentium</strong></span> <span class='ocrx_word' id='word_1_837' title='bbox 2826 5316 3102 5370; x_wconf 80' lang='lat' dir='ltr'><strong>creditura</strong></span> <span class='ocrx_word' id='word_1_838' title='bbox 3127 5316 3287 5382; x_wconf 74' lang='lat' dir='ltr'><strong>dixit,</strong></span> <span class='ocrx_word' id='word_1_839' title='bbox 3317 5317 3586 5387; x_wconf 84' lang='lat' dir='ltr'><strong>generatio</strong></span> <span class='ocrx_word' id='word_1_840' title='bbox 3617 5315 3774 5368; x_wconf 63' lang='lat' dir='ltr'><strong>venit.</strong></span> 
     </span>
    </p>
   </div>
   <div class='ocr_carea' id='block_1_109' title="bbox 2194 5406 3774 5478">
    <p class='ocr_par' dir='ltr' id='par_1_109' title="bbox 2194 5406 3774 5478">
     <span class='ocr_line' id='line_1_109' title="bbox 2194 5406 3774 5478; baseline -0.003 -15"><span class='ocrx_word' id='word_1_841' title='bbox 2194 5408 2324 5463; x_wconf 90' lang='lat' dir='ltr'><strong>Tale</strong></span> <span class='ocrx_word' id='word_1_842' title='bbox 2360 5406 2566 5475; x_wconf 88' lang='lat' dir='ltr'><strong>aliquid</strong></span> <span class='ocrx_word' id='word_1_843' title='bbox 2598 5414 2732 5476; x_wconf 91' lang='lat' dir='ltr'><strong>puto</strong></span> <span class='ocrx_word' id='word_1_844' title='bbox 2765 5415 2820 5461; x_wconf 91' lang='lat' dir='ltr'><strong>et</strong></span> <span class='ocrx_word' id='word_1_845' title='bbox 2861 5408 2914 5460; x_wconf 92' lang='lat' dir='ltr'><strong>in</strong></span> <span class='ocrx_word' id='word_1_846' title='bbox 2959 5407 3169 5476; x_wconf 88' lang='lat' dir='ltr'><strong>psalmo</strong></span> <span class='ocrx_word' id='word_1_847' title='bbox 3213 5408 3552 5478; x_wconf 86' lang='lat' dir='ltr'><strong>octogesimo</strong></span> <span class='ocrx_word' id='word_1_848' title='bbox 3588 5421 3726 5461; x_wconf 91' lang='lat' dir='ltr'><strong>nono</strong></span> <span class='ocrx_word' id='word_1_849' title='bbox 3748 5407 3774 5436; x_wconf 87' lang='grc'><strong>⁹</strong></span> 
     </span>
    </p>
   </div>
   <div class='ocr_carea' id='block_1_110' title="bbox 2197 5497 3772 5570">
    <p class='ocr_par' dir='ltr' id='par_1_110' title="bbox 2197 5497 3772 5570">
     <span class='ocr_line' id='line_1_110' title="bbox 2197 5497 3772 5570; baseline -0.006 -14"><span class='ocrx_word' id='word_1_850' title='bbox 2197 5502 2302 5556; x_wconf 85' lang='lat' dir='ltr'><strong>dici</strong></span> <span class='ocrx_word' id='word_1_851' title='bbox 2336 5515 2367 5554; x_wconf 90' lang='lat' dir='ltr'><strong>a</strong></span> <span class='ocrx_word' id='word_1_852' title='bbox 2397 5499 2582 5570; x_wconf 83' lang='lat' dir='ltr'><strong>Moyse</strong></span> <span class='ocrx_word' id='word_1_853' title='bbox 2615 5498 2669 5552; x_wconf 91' lang='lat' dir='ltr'><strong>in</strong></span> <span class='ocrx_word' id='word_1_854' title='bbox 2697 5497 2944 5553; x_wconf 90' lang='lat' dir='ltr'><strong>oratione</strong></span> <span class='ocrx_word' id='word_1_855' title='bbox 2983 5499 3196 5569; x_wconf 89' lang='lat' dir='ltr'><strong>ipsius:</strong></span> <span class='ocrx_word' id='word_1_856' title='bbox 3229 5499 3474 5563; x_wconf 86' lang='lat' dir='ltr'><strong>Domine,</strong></span> <span class='ocrx_word' id='word_1_857' title='bbox 3515 5498 3772 5568; x_wconf 71' lang='lat' dir='ltr'><strong>refugium</strong></span> 
     </span>
    </p>
   </div>
   <div class='ocr_carea' id='block_1_111' title="bbox 2198 5585 3769 5662">
    <p class='ocr_par' dir='ltr' id='par_1_111' title="bbox 2198 5585 3769 5662">
     <span class='ocr_line' id='line_1_111' title="bbox 2198 5585 3769 5662; baseline -0.004 -16"><span class='ocrx_word' id='word_1_858' title='bbox 2198 5593 2371 5662; x_wconf 81' lang='lat' dir='ltr'><strong>factus</strong></span> <span class='ocrx_word' id='word_1_859' title='bbox 2399 5605 2454 5644; x_wconf 85' lang='lat' dir='ltr'><strong>es</strong></span> <span class='ocrx_word' id='word_1_860' title='bbox 2485 5587 2636 5642; x_wconf 83' lang='lat' dir='ltr'><strong>nobis</strong></span> <span class='ocrx_word' id='word_1_861' title='bbox 2669 5605 2704 5642; x_wconf 92' lang='lat' dir='ltr'><strong>a</strong></span> <span class='ocrx_word' id='word_1_862' title='bbox 2731 5591 3069 5660; x_wconf 86' lang='lat' dir='ltr'><strong>generatione</strong></span> <span class='ocrx_word' id='word_1_863' title='bbox 3108 5591 3162 5642; x_wconf 89' lang='lat' dir='ltr'><strong>in</strong></span> <span class='ocrx_word' id='word_1_864' title='bbox 3184 5591 3588 5661; x_wconf 80' lang='lat' dir='ltr'><strong>generationem.</strong></span> <span class='ocrx_word' id='word_1_865' title='bbox 3620 5585 3769 5641; x_wconf 82' lang='lat' dir='ltr'><strong>Dua-</strong></span> 
     </span>
    </p>
   </div>
   <div class='ocr_carea' id='block_1_112' title="bbox 573 5768 2096 5851">
    <p class='ocr_par' dir='ltr' id='par_1_112' title="bbox 573 5768 2096 5851">
     <span class='ocr_line' id='line_1_112' title="bbox 573 5768 2096 5851; baseline -0.001 -26"><span class='ocrx_word' id='word_1_866' title='bbox 642 5785 784 5851; x_wconf 70' lang='lat' dir='ltr'><strong>vers.</strong></span> <span class='ocrx_word' id='word_1_867' title='bbox 822 5772 892 5851; x_wconf 39' lang='grc'><strong>5.-</strong></span> <span class='ocrx_word' id='word_1_868' title='bbox 914 5768 1012 5851; x_wconf 6' lang='lat' dir='ltr'><strong>ﬂ”,</strong></span> <span class='ocrx_word' id='word_1_869' title='bbox 1039 5787 1100 5851; x_wconf 70' lang='lat' dir='ltr'><strong>rt,</strong></span> <span class='ocrx_word' id='word_1_870' title='bbox 1127 5773 1212 5838; x_wconf 81' lang='grc'><strong>11,</strong></span> <span class='ocrx_word' id='word_1_871' title='bbox 1241 5773 1354 5851; x_wconf 40' lang='grc' dir='ltr'><strong>ιζ,</strong></span> <span class='ocrx_word' id='word_1_872' title='bbox 1403 5773 1729 5851; x_wconf 41' lang='lat' dir='ltr'><strong>’_°_xx1v,__5_..</strong></span> <span class='ocrx_word' id='word_1_873' title='bbox 1784 5769 1991 5851; x_wconf 62' lang='lat' dir='ltr'><strong>:Marc.</strong></span> <span class='ocrx_word' id='word_1_874' title='bbox 2021 5787 2096 5851; x_wconf 71' lang='lat' dir='ltr'><strong>in,</strong></span> 
     </span>
    </p>
   </div>
   <div class='ocr_carea' id='block_1_113' title="bbox 2203 5768 3766 5851">
    <p class='ocr_par' dir='ltr' id='par_1_113' title="bbox 2203 5771 3766 5851">
     <span class='ocr_line' id='line_1_113' title="bbox 2203 5771 3766 5851; baseline 0.007 -24"><span class='ocrx_word' id='word_1_875' title='bbox 2203 5812 2219 5851; x_wconf 88' lang='lat'><strong>_.</strong></span> <span class='ocrx_word' id='word_1_876' title='bbox 2251 5775 2270 5804; x_wconf 87' lang='grc'><strong><em>²</em></strong></span> <span class='ocrx_word' id='word_1_877' title='bbox 2293 5771 2456 5851; x_wconf 84' lang='lat' dir='ltr'><strong>J_oan.</strong></span> <span class='ocrx_word' id='word_1_878' title='bbox 2483 5793 2572 5851; x_wconf 77' lang='lat' dir='ltr'><strong>xv,</strong></span> <span class='ocrx_word' id='word_1_879' title='bbox 2597 5777 2650 5834; x_wconf 77' lang='lat' dir='ltr'><strong>l.</strong></span> <span class='ocrx_word' id='word_1_880' title='bbox 2729 5779 2750 5812; x_wconf 90' lang='grc'><em>³</em></span> <span class='ocrx_word' id='word_1_881' title='bbox 2788 5775 2857 5834; x_wconf 82' lang='grc' dir='ltr'><strong>ΙΙΙ</strong></span> <span class='ocrx_word' id='word_1_882' title='bbox 2882 5777 3014 5851; x_wconf 81' lang='lat' dir='ltr'><strong>Reg.</strong></span> <span class='ocrx_word' id='word_1_883' title='bbox 3039 5796 3115 5848; x_wconf 82' lang='grc' dir='ltr'><strong>ιν,</strong></span> <span class='ocrx_word' id='word_1_884' title='bbox 3138 5779 3228 5837; x_wconf 70' lang='lat'><strong>25.</strong></span> <span class='ocrx_word' id='word_1_885' title='bbox 3306 5776 3418 5833; x_wconf 70' lang='lat' dir='ltr'><strong>‘lV</strong></span> <span class='ocrx_word' id='word_1_886' title='bbox 3437 5777 3562 5850; x_wconf 80' lang='lat' dir='ltr'><strong>Reg.</strong></span> <span class='ocrx_word' id='word_1_887' title='bbox 3595 5772 3766 5844; x_wconf 63' lang='lat' dir='ltr'><strong>n.7-</strong></span> 
     </span>
    </p>
   </div>
   <div class='ocr_carea' id='block_1_114' title="bbox 503 5837 796 5898">
    <p class='ocr_par' dir='ltr' id='par_1_114' title="bbox 503 5837 796 5898">
     <span class='ocr_line' id='line_1_114' title="bbox 503 5837 796 5898; baseline -0.01 -1"><span class='ocrx_word' id='word_1_888' title='bbox 503 5837 682 5898; x_wconf 64' lang='lat' dir='ltr'><strong>‘ibid.</strong></span> <span class='ocrx_word' id='word_1_889' title='bbox 710 5841 796 5895; x_wconf 81' lang='grc' dir='ltr'><strong>Η.</strong></span> 
     </span>
    </p>
   </div>
   <div class='ocr_carea' id='block_1_115' title="bbox 580 5956 1151 6031">
    <p class='ocr_par' dir='ltr' id='par_1_115' title="bbox 580 5956 1151 6031">
     <span class='ocr_line' id='line_1_115' title="bbox 580 5956 1151 6031; baseline -0.002 -17"><span class='ocrx_word' id='word_1_890' title='bbox 580 5956 695 6030; x_wconf 73' lang='grc'><strong>(85)</strong></span> <span class='ocrx_word' id='word_1_891' title='bbox 730 5957 787 6017; x_wconf 78' lang='lat' dir='ltr'><strong>Id</strong></span> <span class='ocrx_word' id='word_1_892' title='bbox 819 5969 899 6016; x_wconf 87' lang='lat' dir='ltr'><strong>est</strong></span> <span class='ocrx_word' id='word_1_893' title='bbox 920 5960 1151 6031; x_wconf 79' lang='lat' dir='ltr'><strong>proﬁcit.</strong></span> 
     </span>
    </p>
   </div>
   <div class='ocr_carea' id='block_1_116' title="bbox 874 5841 2560 5913">
    <p class='ocr_par' dir='ltr' id='par_1_116' title="bbox 874 5841 2560 5913">
     <span class='ocr_line' id='line_1_116' title="bbox 874 5841 2560 5913; baseline 0.006 -20"><span class='ocrx_word' id='word_1_894' title='bbox 874 5843 893 5873; x_wconf 72' lang='grc'>⁸</span> <span class='ocrx_word' id='word_1_895' title='bbox 913 5841 1099 5896; x_wconf 80' lang='lat' dir='ltr'><strong>Matth.</strong></span> <span class='ocrx_word' id='word_1_896' title='bbox 1122 5859 1268 5910; x_wconf 76' lang='lat' dir='ltr'><strong>xxuv,</strong></span> <span class='ocrx_word' id='word_1_897' title='bbox 1292 5843 1381 5912; x_wconf 71' lang='grc'><strong>54,</strong></span> <span class='ocrx_word' id='word_1_898' title='bbox 1414 5845 1503 5900; x_wconf 80' lang='grc'><strong>55.</strong></span> <span class='ocrx_word' id='word_1_899' title='bbox 1581 5846 1600 5876; x_wconf 84' lang='grc'><strong>⁷</strong></span> <span class='ocrx_word' id='word_1_900' title='bbox 1623 5842 1752 5899; x_wconf 90' lang='lat' dir='ltr'><strong>ibid.</strong></span> <span class='ocrx_word' id='word_1_901' title='bbox 1781 5843 1817 5897; x_wconf 73' lang='grc'>2</span> <span class='ocrx_word' id='word_1_902' title='bbox 1838 5849 1891 5898; x_wconf 90' lang='lat' dir='ltr'><strong>et</strong></span> <span class='ocrx_word' id='word_1_903' title='bbox 1911 5857 2061 5913; x_wconf 89' lang='lat' dir='ltr'><strong>seqq.</strong></span> <span class='ocrx_word' id='word_1_904' title='bbox 2089 5841 2110 5874; x_wconf 83' lang='grc'>⁸</span> <span class='ocrx_word' id='word_1_905' title='bbox 2131 5844 2239 5910; x_wconf 61' lang='grc' dir='ltr'>ενι.</span> <span class='ocrx_word' id='word_1_906' title='bbox 2315 5846 2335 5877; x_wconf 82' lang='grc'><strong>⁹</strong></span> <span class='ocrx_word' id='word_1_907' title='bbox 2360 5841 2560 5903; x_wconf 82' lang='lat' dir='ltr'><strong>vers.l.</strong></span> 
     </span>
    </p>
   </div>
  </div>
