4004 6536
215 450 359 509 1685

1340 448 1998 508 COMMENTARIORUM
2040 446 2305 505 SERIES.

3332 402 3489 505 ἀδδς

212 580 339 623 eum
367 564 511 619 enim
549 563 961 636 generationum
1011 563 1280 637 refugium
1328 576 1412 622 est
1445 568 1617 633 Deus,
1669 570 1795 639 quia
1825 572 1869 628 A
1901 567 1982 623 iit.
2015 565 2186 622 Instat
2215 564 2361 621 enim
2394 571 2446 620 et
2478 569 2759 634 operatur,
2785 564 2913 633 quia
2948 580 3123 634 neque
3144 565 3477 638 principium

212 676 358 713 unus
391 668 467 713 est
499 657 640 712 Deus
666 660 757 729 qui
781 659 1051 729 justiﬁeat
1078 661 1532 717 circumcisionem
1569 678 1634 717 ea:
1666 663 1790 731 ﬁde,

211 759 260 804 et
289 750 608 819 prwpntium
642 766 735 819 per
770 752 928 819 fidem
958 752 1023 808 ‘°.
1070 751 1133 807 Et
1160 754 1417 823 quoniam
1449 770 1551 807 non
1590 763 1794 808 tantum

211 839 550 905 Iudworum,
584 842 675 895 sed
697 841 862 895 etiam
890 843 1125 912 gentium
1156 854 1231 897 est
1264 835 1401 897 Deus
1426 845 1492 909 “,
1520 860 1650 915 ergo
1682 860 1791 900 non

209 932 510 1001 praeteribit
536 933 814 1003 generatio
837 931 973 988 Novi
1004 933 1338 990 Testamenti
1371 950 1491 1005 qua:
1522 936 1605 991 cst
1626 936 1679 990 in
1715 936 1795 991 fa-

208 1024 296 1078 cie
326 1024 648 1089 Salvatoris,
685 1040 863 1095 neque
890 1026 1061 1081 abibit
1093 1026 1158 1081 ad
1196 1027 1317 1082 illas
1346 1026 1533 1083 beatas
1562 1028 1795 1098 promis-

208 1113 397 1170 siones
432 1115 579 1170 illius
611 1118 818 1179 saeculi,
854 1117 1028 1174 donec
1057 1118 1243 1173 omnia
1279 1119 1407 1174 fiant
1435 1136 1556 1190 qua:
1581 1121 1794 1177 locutus

208 1215 297 1261 est
364 1206 636 1264 Christus.
708 1207 1014 1279 Unicuique
1075 1211 1221 1265 enim
1276 1220 1523 1267 nostrum
1580 1221 1795 1282 oportet

208 1298 398 1354 omnia
430 1299 547 1354 fieri
586 1315 707 1370 qua:
744 1302 1002 1371 przedicta
1038 1312 1185 1370 sunt,
1238 1303 1380 1359 sicut
1422 1319 1518 1374 per
1549 1304 1793 1374 singulas

208 1390 585 1460 expositiones
631 1392 980 1448 tradidimus.
1056 1392 1174 1449 Una
1225 1410 1355 1466 ergo
1393 1398 1668 1466 generatio
1711 1407 1794 1453 est

207 1478 470 1536 Ecclesiae
505 1498 629 1553 qum
662 1486 828 1555 recpit
871 1500 938 1539 ex
966 1486 1213 1542 doctrina
1246 1487 1461 1542 Domini
1492 1487 1793 1545 Salvatoris

206 1588 388 1644 usque
427 1574 493 1629 ad
529 1577 1095 1645 consummationem;
1142 1586 1199 1633 et
1225 1578 1340 1634 haec
1370 1579 1486 1650 ipsa
1516 1582 1791 1651 generatio

206 1663 470 1719 transivit
492 1665 713 1734 quidem
745 1666 1040 1735 aliquando
1086 1676 1260 1723 totum
1287 1669 1545 1724 saeculum
1576 1669 1700 1736 hoc,
1738 1678 1792 1725 et

204 1756 563 1823 p'ertransibit
604 1757 805 1829 ipsum,
860 1768 919 1812 ut
967 1760 1250 1815 haereditet
1306 1762 1437 1816 illud
1506 1762 1786 1830 futurum;

203 1854 394 1901 tamen
457 1847 633 1903 donec
698 1851 831 1905 fiant
884 1852 1000 1907 haec
1070 1852 1295 1921 omnia,
1342 1869 1451 1908 non
1516 1855 1784 1910 transibit.

1903 658 2162 730 operandi
2209 666 2338 714 ante
2383 666 2630 727 tempora
2678 657 2889 713 dierum
2935 659 3173 731 accepit,
3214 662 3310 717 sed
3351 676 3476 718 cum

1902 759 2152 805 creatura
2187 749 2371 820 coepit,
2406 759 2460 805 et
2493 766 2616 806 cum
2647 757 2899 807 creatura
2929 752 3203 806 transibit.
3239 751 3480 808 Verbum

1903 852 2082 897 autem
2106 842 2251 912 quod
2279 842 2447 915 874
2468 843 2707 901 fuitante
2737 851 3070 909 creaturam,
3093 858 3201 898 non
3226 845 3481 900 transibit

1901 947 2027 987 cum
2063 940 2247 987 creatu
2257 948 2337 985 ra.

1972 1023 2060 1080 55.
2105 1021 2179 1076 De
2216 1021 2301 1075 die
2345 1029 2521 1075 autem
2562 1019 2660 1074 illa
2702 1028 2753 1075 et
2786 1020 2921 1075 hora
2962 1036 3110 1074 nemo
3146 1019 3269 1084 scit,
3318 1034 3486 1089 neque

1901 1115 2076 1187 angeli
2125 1113 2396 1181 caelorum,
2452 1131 2614 1184 neque
2653 1113 2853 1180 Filius,
2898 1113 3001 1167 nisi
3031 1111 3200 1167 Pater
3238 1111 3382 1165 solus
3413 1111 3477 1165 ⁸³.

1902 1210 2168 1267 Videntur
2200 1210 2318 1263 haec
2361 1223 2592 1279 arguere
2620 1224 2715 1265 eos
2758 1209 2851 1279 qui
2880 1207 3210 1280 promittunt
3240 1206 3308 1261 de
3347 1220 3483 1261 con-

1901 1303 2266 1359 summatione
2312 1310 2366 1357 et
2407 1300 2758 1371 corruptione
2800 1299 2988 1354 mundi
3033 1313 3091 1353 se
3122 1295 3481 1367 comprehen-

1899 1395 2047 1459 dere,
2078 1402 2130 1449 et
2162 1391 2513 1465 pronuntiant
2539 1391 2697 1460 quasi
2727 1392 2891 1446 instet
2918 1391 3033 1444 dies
3063 1388 3275 1443 Domini
3300 1404 3314 1439 :
3340 1401 3485 1457 qua-

1901 1486 1980 1541 les
2033 1486 2294 1540 dicuntur
2347 1482 2519 1537 fuisse
2573 1483 2795 1552 quidam
2848 1479 3367 1536 Thessalonicenscs
3422 1477 3482 1532 in

1900 1587 2145 1647 tempore
2173 1575 2440 1646 Apostoli,
2480 1576 2547 1629 de
2581 1575 2782 1644 quibus
2832 1573 3024 1628 scribit
3059 1572 3163 1622 "'z
3208 1569 3479 1640 Rogamus

1900 1678 2075 1723 autem
2101 1684 2210 1731 vos,
2245 1668 2463 1737 fratres,
2484 1682 2577 1738 per
2606 1666 2888 1720 adventum
2917 1663 3128 1719 Domini
3157 1662 3324 1715 nostri
3346 1659 3477 1714 Iesu

1899 1758 2119 1823 Christi,
2158 1767 2209 1812 et
2238 1769 2475 1812 nostram
2509 1757 2966 1827 congregationem
3006 1756 3064 1807 in
3102 1755 3241 1824 ipso,
3274 1762 3333 1832 ut
3372 1767 3477 1805 non

1899 1851 2002 1905 cito
2036 1852 2352 1905 moveamini
2392 1867 2425 1903 a
2453 1865 2608 1904 sensu
2647 1858 2841 1912 vestro,
2877 1863 3037 1917 neque
3065 1842 3472 1909 conturbemini,

204 1935 440 2004 Quando
487 1949 668 1995 autem
720 1941 775 1996 in
828 1943 914 1999 his
977 1944 1234 2001 omnibus
1286 1945 1558 2002 sulliciens
1605 1945 1788 2013 fuerit,
1822 1934 1865 1990 Β
1896 1960 2059 2013 neque
2100 1959 2193 2013 Per
2228 1944 2511 2014 spiritum,
2555 1956 2715 2011 neque
2758 1956 2851 2010 Ρεν
2870 1939 3129 2008 ιυενδωηι
3175 1952 3336 2006 neque
3383 1951 3478 2005 Ρετ

202 2038 257 2084 et
302 2029 661 2099 impassibilis
730 2033 1097 2103 permanserit
1146 2050 1323 2105 usque
1374 2036 1442 2091 ad
1490 2038 1790 2108 gloriosum

202 2117 417 2175 Christi
456 2121 770 2190 adventum,
814 2131 944 2179 tunc
976 2125 1349 2194 pertransibit.
1383 2124 1589 2181 Tamen
1618 2125 1793 2184 donec

200 2209 344 2265 ﬁant
390 2211 505 2267 hac
543 2214 759 2277 omnia,
800 2228 910 2269 non
952 2216 1200 2285 quadam
1249 2231 1437 2271 eorum
1487 2233 1609 2287 quae
1649 2217 1791 2273 dicta

202 2312 375 2369 sunt,
425 2305 674 2374 quzedam
737 2314 919 2361 autem
971 2324 1081 2362 non
1137 2318 1265 2364 sunt
1336 2308 1552 2376 futura,
1606 2318 1790 2366 tamen

203 2394 464 2449 transibit
510 2397 787 2466 generatio
840 2397 975 2462 haec,
1022 2415 1145 2453 cum
1198 2400 1380 2454 omnia
1427 2400 1541 2456 lucc
1589 2401 1792 2459 fuerint

203 2486 376 2555 facta,
415 2503 540 2543 cum
591 2490 867 2545 transierit
914 2504 1023 2543 non
1074 2492 1251 2546 solum
1297 2502 1471 2562 terra,
1504 2495 1597 2550 sed
1625 2496 1788 2551 etiam

201 2579 434 2645 cmlum,
472 2580 523 2634 id
554 2588 639 2635 est
671 2595 780 2636 non
824 2583 1002 2637 solum
1034 2583 1088 2637 hi
1131 2584 1381 2641 homines
1412 2602 1647 2658 quorum
1680 2587 1790 2642 vita

200 2678 419 2726 terrena
445 2681 547 2735 est,
580 2681 635 2728 et
659 2682 943 2743 propterea
977 2685 1118 2730 terra
1148 2676 1406 2733 dicuntur
1434 2697 1448 2746 ;
1492 2681 1587 2735 sed
1617 2680 1786 2736 etiam

203 2763 277 2818 illi
308 2780 544 2834 quorum
576 2766 919 2822 conversatio
948 2778 1031 2823 est
1063 2770 1117 2823 in
1150 2770 1326 2831 cmlis.
1357 2781 1409 2825 et
1439 2771 1562 2827 ideo
1587 2774 1788 2828 malum

202 2866 495 2912 vocantur.
555 2856 891 2915 Transibth
936 2868 1119 2919 autem
1172 2860 1239 2914 ad
1286 2860 1487 2927 futura,
1523 2872 1577 2917 et
1608 2865 1790 2921 omnis

203 2956 384 3004 status
434 2964 654 3016 eorum,
684 2961 743 3005 ut
788 2952 1010 3005 veniant
1059 2950 1124 3005 ad
1168 2951 1527 3006 eminentiora
1574 2962 1628 3007 et
1676 2968 1791 3008 me-

202 3035 365 3093 liora.
395 3037 640 3104 Quorum
678 3042 1089 3106 revelationem,
1122 3056 1245 3095 cum
1289 3042 1398 3096 sint
1426 3042 1519 3095 lilii
1550 3040 1666 3107 Dei,
1694 3059 1791 3098 ex-

204 3132 477 3202 spectatio
523 3143 790 3188 creatum
836 3141 1145 3202 exspectat,
1195 3143 1249 3189 ct
1298 3134 1479 3189 omnis
1540 3144 1789 3190 creatura

201 3214 665 3289 congemisciteis
683 3228 738 3277 et
755 3222 1162 3288 dolet,"donec
1191 3239 1221 3277 a
1248 3224 1445 3278 timore
1480 3223 1693 3278 Domini
1730 3224 1784 3278 in

203 3311 703 3382 Itemaccipientes
750 3308 1059 3378 pepereriht
1109 3314 1790 3384 spiritumsalutisfacien-

203 3408 285 3456 tes
317 3416 448 3457 suas
483 3400 709 3469 ieturas,
744 3412 798 3457 et
824 3411 953 3457 tunc
986 3403 1243 3459 transibit
1275 3406 1555 3476 generatio
1583 3406 1649 3461 de
1682 3421 1791 3477 qua

204 3492 452 3564 loquitur
482 3494 760 3563 Christus,
797 3506 850 3551 et
872 3497 1070 3552 cmlum
1112 3500 1415 3555 secundum
1448 3500 1593 3569 quod
1620 3514 1792 3571 expo-

204 3584 444 3650 suimus,
478 3595 533 3641 et
566 3595 706 3641 terra
738 3588 1038 3644 secundum
1067 3590 1209 3659 quod
1236 3590 1581 3646 tradidimus.
1612 3589 1793 3646 Verba

205 3687 389 3731 autem
413 3694 536 3749 qua:
573 3695 604 3733 a
636 3678 919 3737 Salvatore
954 3691 1083 3738 sunt
1118 3682 1284 3747 dicta,
1314 3698 1423 3737 non
1456 3683 1789 3751 transibunt,

206 3769 472 3839 quoniam
505 3788 627 3842 quae
653 3790 751 3829 sua
784 3774 1005 3846 propria
1044 3782 1173 3828 sunt
1212 3782 1533 3843 operantur,
1560 3782 1615 3828 et
1644 3788 1793 3830 nunc

206 3868 258 3913 et
286 3874 505 3930 semper
536 3864 928 3931 operabuntur.
976 3862 1209 3919 Perfecti
1254 3871 1435 3918 autem
1470 3872 1523 3918 et
1562 3865 1655 3934 qui
1682 3880 1792 3920 non

211 3951 507 4031 recipiunt,
541 3965 601 4008 ut
624 3955 737 4024 jam
774 3956 1027 4011 meliores
1073 3955 1396 4029 efﬁciantur,
1443 3963 1792 4012 transeuntes

215 4043 366 4113 quod
406 4056 555 4113 sunt,
602 4048 927 4116 perveniunt
969 4049 1034 4102 ad
1070 4047 1201 4102 illud
1233 4048 1380 4118 quod
1407 4064 1516 4102 non
1542 4055 1690 4102 sunt.
1731 4046 1793 4102 lu

206 4152 272 4193 eo
313 4148 497 4193 autem
537 4139 683 4209 quod
717 4140 875 4205 dixit,
909 4140 1063 4192 verba
1104 4148 1281 4193 autem
1306 4156 1421 4192 mea
1449 4154 1550 4192 non
1573 4146 1794 4207 praeter-

208 4229 384 4297 ibunt,
417 4239 472 4285 et
502 4232 604 4285 hoc
638 4232 899 4285 existimo
950 4232 1327 4299 quaerendum,
1357 4246 1425 4285 ne
1456 4230 1596 4287 forte
1622 4228 1793 4301 Moysi

210 4324 430 4391 quidem
467 4324 630 4377 verba
681 4335 734 4378 et
783 4324 1172 4394 prophetarum
1226 4323 1581 4388 transierunt,
1631 4322 1794 4376 verba

211 4426 391 4469 autem
415 4414 543 4471 Jesu
575 4416 776 4470 Christi
820 4432 927 4470 non
977 4417 1353 4471 transierunt:
1380 4415 1641 4485 quoniam
1672 4428 1794 4483 qua:

210 4508 678 4577 prophetabantur
703 4509 920 4578 quidem
947 4509 1018 4562 ab
1055 4509 1163 4563 illis
1196 4509 1413 4579 impleta
1446 4517 1596 4575 sunt,
1624 4508 1793 4563 verba

209 4610 390 4655 autem
416 4601 622 4658 Christi
653 4618 869 4671 semper
899 4611 1029 4658 sunt
1059 4601 1236 4672 plena,
1266 4612 1319 4657 et
1353 4603 1406 4657 in
1444 4611 1569 4656 actu
1602 4601 1792 4671 imple-

211 4694 375 4749 tionis
405 4703 534 4749 sunt
573 4710 809 4763 semper,
847 4705 898 4749 et
938 4695 1182 4764 quotidie
1226 4695 1540 4765 implentur,
1568 4702 1623 4749 ct
1650 4708 1793 4747 nun-

212 4800 377 4853 quam
407 4786 820 4855 perimplentur.
857 4789 978 4855 Ipsa
1013 4786 1157 4839 enim
1196 4797 1324 4842 sunt
1358 4802 1481 4857 qua:
1504 4786 1557 4840 in
1587 4786 1792 4841 sanctis

206 4884 263 4930 et
310 4875 528 4945 impleta
580 4886 709 4931 sunt
746 4887 801 4931 et
838 4878 1153 4947 implentur,
1196 4888 1249 4934 et
1298 4879 1477 4933 adhuc
1522 4886 1651 4934 sunt
1690 4879 1793 4932 im-

212 4966 425 5033 plenda.
458 4967 566 5020 Aut
605 4966 745 5022 forte
778 4983 955 5037 neque
990 4967 1155 5040 Moysi
1188 4970 1351 5023 verba
1388 4969 1471 5023 vel
1502 4970 1793 5038 propheta-

210 5070 330 5109 rum
356 5057 539 5112 dicere
568 5058 829 5114 debemus
862 5061 1081 5130 impleta
1110 5060 1334 5115 omnino
1360 5078 1372 5113 :
1401 5061 1616 5129 proprie
1641 5061 1785 5114 enim

210 5159 260 5201 et
309 5149 399 5203 illa
437 5151 601 5205 verba
650 5151 772 5206 Filii
806 5153 899 5207 Dei
950 5161 1079 5208 sunt
1123 5162 1177 5208 et
1205 5168 1422 5222 semper
1470 5154 1784 5223 implentur.

211 5236 351 5309 Ergo
396 5242 597 5294 bonum
653 5251 736 5296 est
784 5244 1101 5297 altitudines
1126 5244 1415 5297 verborum
1476 5243 1787 5299 divinorum

210 5334 390 5387 verbis
421 5333 758 5401 simplicibus
788 5336 1094 5404 explicare;
1124 5348 1299 5389 tamen
1336 5344 1553 5404 propter
1583 5351 1789 5405 paucos

213 5422 570 5480 discutiamus
628 5426 745 5481 haec
796 5437 1006 5481 tantum
1080 5428 1474 5497 intelligentes,
1528 5430 1783 5499 quoniam

215 5517 437 5570 verbum
469 5519 614 5586 quod
662 5520 714 5573 in
749 5520 914 5575 verbo
949 5519 1041 5575 Dei
1082 5523 1383 5576 humanum
1426 5532 1531 5590 est,
1574 5540 1603 5578 a
1634 5540 1789 5580 crea-

216 5608 363 5665 tione
391 5612 579 5667 mundi
611 5627 785 5682 usque
814 5613 880 5667 ad
908 5620 1439 5672 consummationem
1470 5633 1580 5671 non
1606 5627 1788 5675 trans-

1894 2032 2174 2103 epistolam
2212 2033 2368 2103 quasi
2410 2048 2503 2102 per
2545 2047 2639 2085 nos
2682 2030 2931 2095 missam,
2977 2027 3130 2098 quasi
3163 2027 3322 2079 instet
3360 2024 3473 2078 dies

1893 2125 2130 2180 Domini.
2164 2123 2328 2179 Forte
2358 2124 2619 2196 quoniam
2652 2123 2794 2195 apud
2814 2120 3032 2175 Judaeos
3063 2127 3221 2175 erant
3249 2116 3473 2188 quidam

1893 2218 2008 2275 sive
2035 2233 2131 2289 per
2155 2216 2468 2289 Scripturas
2505 2219 2823 2289 proﬁtentes
2854 2214 2920 2269 de
2960 2211 3293 2281 temporibus
3344 2224 3480 2265 con-

1891 2312 2280 2368 summationis
2320 2326 2379 2367 se
2423 2310 2600 2378 scire,
2640 2309 2754 2364 sive
2791 2306 2859 2362 de
2891 2304 3149 2371 secretis;
3196 2301 3318 2356 ideo
3359 2300 3478 2367 haue

1892 2403 2085 2460 scribit
2123 2403 2326 2458 docens
2367 2402 2664 2473 discipulos
2716 2414 2869 2463 suos,
2903 2406 2963 2452 ut
2996 2394 3204 2452 nemini
3249 2392 3478 2449 credant

1892 2496 2023 2551 talia
2078 2494 2374 2566 proﬁtenti.
2431 2493 2498 2548 Et
2544 2495 2781 2564 seipsum
2837 2492 3112 2555 Salvator,
3171 2484 3475 2542 secundum

1893 2587 2040 2643 hunc
2076 2588 2279 2651 locum,
2328 2586 2611 2656 coniungit
2658 2584 3039 2657 ignorantibus
3068 2581 3211 2637 diem
3239 2579 3393 2634 illum
3417 2585 3475 2630 et

1892 2679 2107 2733 horam.
2143 2678 2209 2732 Et
2245 2677 2644 2733 rationabiliter
2690 2686 2774 2733 est
2801 2674 3155 2747 quaerendum
3196 2665 3481 2741 quomodo

1891 2771 1984 2841 qui
2016 2770 2240 2826 confidit
2274 2784 2335 2826 se
2366 2784 2697 2840 cognoscere
2724 2767 2960 2833 Patrem,
2997 2766 3186 2821 dicens
3214 2760 3476 2816 “:Nema

1892 2867 2033 2916 novit
2070 2861 2289 2916 Patrem
2327 2862 2433 2916 nisi
2461 2860 2657 2927 Filius,
2698 2871 2746 2914 et
2790 2860 2875 2914 cui
2908 2858 3133 2913 voluerit
3164 2853 3346 2909 Filius
3389 2868 3474 2907 re-

1890 2952 2080 3015 velare,
2109 2950 2323 3006 Patrem
2352 2950 2572 3020 quidem
2601 2948 2773 3014 novit,
2816 2949 2960 3003 diem
2986 2958 3166 3001 autem
3197 2954 3251 2999 et
3278 2944 3477 2997 horam

1889 3042 2385 3100 consummationis
2438 3056 2569 3109 non_
2593 3042 2784 3096 novit?
2813 3048 2866 3095 et
2906 3037 3182 3110 quomodo
3214 3036 3317 3089 hoc
3346 3034 3474 3089 abs-

1890 3136 2077 3192 condit
2122 3133 2285 3190 Pater
2336 3151 2369 3192 a
2420 3133 2602 3189 Filio?
2660 3131 2896 3188 Omnino
2951 3130 3098 3186 enim
3160 3128 3300 3182 ratio
3348 3140 3473 3181 esse

1891 3226 2081 3295 debet,
2122 3225 2271 3297 quod
2321 3242 2353 3281 a
2397 3224 2680 3281 Salvatore
2722 3232 2939 3294 tempus
2978 3216 3478 3277 consummationis

1891 3318 2274 3375 absconditum
2322 3320 2413 3385 sit,
2453 3326 2508 3373 et
2539 3316 2753 3388 ignoret
2788 3316 2855 3371 de
2892 3329 2979 3370 eo.
3014 3311 3253 3367 Audebit
3289 3318 3477 3365 autem

1891 3410 2090 3482 aliquis
2135 3410 2318 3466 dicere
2355 3409 2616 3481 quoniam
2662 3407 2829 3463 homo
2873 3405 2968 3477 qui
3019 3403 3319 3461 secundum
3351 3400 3474 3455 Sal-

1891 3512 2137 3559 vatorem
2182 3502 2505 3574 intelligitur
2541 3499 2831 3572 proficiens
2874 3496 3164 3567 sapientia,
3206 3504 3260 3551 et
3292 3503 3474 3559 mtate,

1891 3606 1945 3651 et
1973 3594 2145 3665 gratia
2183 3609 2366 3650 coram
2392 3592 2503 3648 Deo
2533 3600 2587 3647 et
2615 3589 2932 3646 hominibus
2960 3589 3025 3654 η,
3058 3587 3150 3657 qui
3182 3584 3483 3656 proficiens

1889 3686 2211 3757 proﬁciebat
2241 3684 2462 3756 quidem
2494 3698 2659 3753 super
2686 3697 2878 3737 omnes
2908 3679 3135 3735 scientia
3174 3687 3229 3733 et
3256 3677 3475 3742 sapien-

1894 3780 1989 3842 tia,
2023 3792 2132 3832 non
2162 3784 2343 3832 tamen
2374 3782 2436 3829 ut
2460 3773 2670 3829 veniret
2689 3773 2803 3844 jam
2831 3771 2975 3841 quod
3001 3779 3117 3825 erat
3147 3767 3473 3838 perfectum,

1891 3871 2215 3943 priusquam
2247 3865 2527 3939 propriam
2557 3863 3023 3935 dispensationem
3054 3861 3327 3930 impleret.
3378 3856 3473 3911 Ni-

1890 3966 1969 4021 hil
1996 3980 2125 4037 ergo
2158 3964 2359 4021 mirum
2385 3971 2491 4031 est,
2520 3962 2567 4018 si
2593 3961 2697 4017 hoc
2727 3961 2906 4016 solum
2938 3957 3167 4014 nescivit
3196 3972 3263 4012 ex
3295 3956 3472 4012 omni-

1891 4058 2018 4123 bus,
2050 4056 2105 4111 id
2136 4065 2220 4113 est
2247 4055 2393 4112 diem
2435 4050 2927 4109 consummationis
2959 4058 3014 4105 et
3038 4049 3254 4104 horam.
3285 4046 3477 4102 Forsi-

1894 4159 1985 4205 tan
2013 4158 2192 4205 autem
2224 4157 2279 4205 et
2324 4146 2471 4218 quod
2502 4146 2580 4200 ait
2614 4143 2823 4201 nescire
2858 4157 2919 4197 se
2945 4141 3090 4197 diem
3116 4152 3471 4195 consumma-

1892 4241 2060 4296 tionis
2099 4250 2154 4295 et
2189 4239 2407 4304 horam,
2451 4245 2578 4292 ante
2600 4234 3068 4306 dispensationem
3110 4248 3267 4289 suam
3311 4231 3470 4295 dixit,

1894 4333 2024 4404 quia
2062 4347 2225 4386 nemo
2258 4330 2392 4397 scit,
2432 4343 2609 4398 neque
2657 4327 2873 4398 angeli,
2924 4341 3099 4396 neque
3130 4324 3331 4391 Filius,
3365 4323 3473 4378 nisi

1894 4426 2046 4483 solus
2070 4423 2252 4480 Pater.
2284 4422 2417 4478 Post
2449 4420 2911 4491 dispensationem
2960 4428 3141 4473 autem
3190 4416 3477 4487 impletam

1894 4531 2240 4587 nequaquam
2269 4515 2375 4570 hoc
2399 4512 2561 4581 dixit,
2601 4521 2891 4583 postquam
2919 4510 3061 4565 Deus
3109 4508 3261 4564 illum
3285 4526 3474 4579 super-

1894 4608 2173 4673 exaltavit,
2213 4617 2263 4661 et
2291 4607 2508 4661 donavit
2535 4606 2584 4659 ei
2635 4620 2823 4659 nomen
2856 4602 2998 4673 quod
3027 4612 3104 4657 est
3136 4617 3294 4671 super
3321 4616 3483 4657 omne

1896 4717 2083 4756 nomen
2107 4701 2173 4756 “.
2202 4697 2337 4754 Nam
2364 4706 2555 4770 postea
2594 4704 2649 4752 et
2679 4694 2853 4751 Filius
2894 4694 3150 4765 cognovit
3185 4692 3477 4749 scientiam

1892 4809 1923 4847 a
1958 4792 2118 4847 Patre
2164 4790 2490 4861 suscipiens,
2540 4790 2705 4845 etiam
2749 4787 2817 4843 de
2858 4785 2949 4842 die
2982 4782 3474 4841 consummationis

1891 4894 1945 4939 et
1971 4884 2126 4950 hora,
2164 4891 2225 4937 ut
2263 4882 2376 4952 jam
2419 4898 2529 4937 non
2562 4882 2739 4938 solum
2769 4877 2929 4934 Pater
2967 4878 3133 4934 sciret
3160 4877 3228 4933 de
3258 4891 3343 4940 ea,
3376 4873 3474 4929 sed

1890 4977 2055 5032 etiam
2098 4974 2293 5032 Filius.
2346 4974 2413 5029 Et
2464 4974 2519 5029 in
2560 4973 2785 5029 Actibus
2829 4971 3049 5042 quidem
3099 4967 3491 5038 apostolorum.

1893 5068 2279 5123 convenientes
2322 5064 2554 5135 apostoli
2601 5064 3075 5133 interrogaverunt
3112 5072 3236 5113 eum
3282 5056 3472 5112 dicen-

1894 5168 2025 5214 tes:
2067 5158 2321 5223 Domine,
2366 5157 2413 5210 si
2458 5158 2515 5210 in
2552 5155 2649 5208 hoc
2692 5162 2920 5222 tempore
2966 5150 3209 5205 restitues
3256 5162 3489 5217 regnum.

1897 5248 2070 5303 Israel
2098 5250 2180 5302 ’7?
2218 5248 2314 5302 Ille
2342 5255 2525 5301 autem
2552 5245 2689 5300 dixit
2719 5245 2786 5299 ad
2816 5259 2911 5298 eos
2938 5260 2951 5295 :
2982 5240 3107 5294 Non
3134 5249 3212 5294 est
3243 5247 3492 5294 vestrum.

1895 5356 2045 5394 nosse
2077 5348 2313 5408 tempora
2351 5336 2429 5391 vel
2455 5344 2719 5390 momenta
2745 5349 2862 5404 qua:
2890 5332 3053 5387 Pater
3079 5331 3253 5400 posuit
3289 5330 3341 5383 in
3374 5344 3495 5382 sua.

1896 5441 2173 5502 potestate.
2236 5428 2301 5484 Et
2352 5428 2608 5499 quoniam
2660 5427 2714 5480 in
2768 5440 2867 5480 sua
2912 5432 3179 5495 potestate
3227 5430 3496 5491 tempora.

1894 5535 1948 5579 et
1986 5530 2263 5578 momenta
2287 5517 2779 5576 consummationis
2801 5515 3005 5571 mundi
3025 5524 3078 5571 et
3106 5514 3469 5570 restitutionis

1894 5616 2047 5687 regni
2081 5612 2248 5670 Israel
2276 5612 2479 5685 posuit,
2517 5612 2640 5669 idco
2660 5612 2806 5684 quod
2836 5611 3079 5667 nondum
3114 5609 3292 5666 fuerat
3327 5622 3470 5678 prac-

288 5810 524 5904 ’ἶν’ῐὶοη)ἑ
548 5829 617 5904 Im
637 5855 649 5876 ,
673 5811 856 5904 30.”:
886 5811 1141 5904 ibidﬁﬂé.
1202 5815 1242 5845 "
1273 5812 1431 5904 Rotr‘n.
1463 5830 1580 5904 vi":
1612 5814 1696 5880 l9,
1840 5884 1869 5904 η
1895 5815 1937 5847 ⁸⁸
1959 5814 2145 5873 Matth.
2176 5833 2327 5879 xxiv,
2355 5816 2485 5893 56.Χ
2511 5817 2578 5851 ¹⁸⁴
2604 5814 2864 5874 “Thess.
2905 5832 2964 5883 ιι,
2996 5816 3045 5880 t,
3070 5816 3129 5881 2,
3204 5812 3248 5847 “
3276 5808 3472 5904 Mauri».

216 5893 291 5944 st,
314 5883 400 5937 ‘27.

483 5887 522 5916 ³⁵
547 5883 673 5938 Luc.
706 5883 860 5949 ",52.
942 5886 983 5914 ⁸ο
1008 5883 1235 5954 Philipp.
1263 5901 1321 5951 Il,
1348 5886 1399 5940 9.
1478 5887 1519 5920 "
1543 5887 1661 5941 Act.
1693 5902 1729 5953 t,
1760 5886 1812 5953 ϐ,
1840 5884 1891 5939 7.

2494 5904 2577 5981 κη’
2644 5926 2825 5973 ’Ἶρι-ί,
2872 5948 2955 5969 (HE
3022 5931 3035 5949 τ
