4004 6528
516 376 654 438 i687

1683 372 2008 432 ORIGENIS
2046 368 2125 427 IN.
2156 366 2575 426 MATTHA‘ZUM

3639 353 3780 425 1688

512 498 796 560 deﬁnitum
840 510 872 552 a
908 494 1044 561 Deo,
1075 509 1235 558 nemo
1261 500 1477 567 poterat
1521 494 1682 555 scire.
1733 491 2092 565 Unumquod-
2120 495 2168 553 Δ
2196 504 2299 545 nec
2338 488 2395 544 in
2435 496 2632 544 natura
2676 483 2782 543 fuit
2828 479 3058 555 peccati.
3087 478 3218 536 Tale
3234 473 3457 548 aliquid
3504 472 3778 546 signth

511 608 620 666 que
662 598 844 647 autem
880 603 1073 646 eorum
1111 601 1234 658 quae
1274 586 1527 658 praeﬂuit,
1566 600 1676 642 non
1711 586 1779 642 ab
1825 582 2093 654 inexperi-

466 754 471 763 ἢ
508 687 606 743 bili
658 683 929 757 praeﬂuit:
971 696 1079 739 non
1129 681 1391 753 possibile
1438 685 1524 736 est
1559 678 1704 734 enim
1758 677 1884 733 hoc.
1936 675 2094 743 Quod

509 788 697 836 autem
731 777 985 849 prazlinit,
1017 774 1253 848 praeﬂuit
1278 773 1608 846 principium
1643 769 1980 842 praeﬁniendi
2014 768 2095 824 fa-

458 943 461 947 _
511 873 683 927 ciens.
720 870 779 926 Si
809 878 993 925 autem
1025 869 1100 924 ita
1131 876 1235 934 est,
1264 865 1550 938 praelinivit
1577 864 1797 936 quidem
1832 876 2094 918 consum-

468 1027 471 1031 ι
514 961 809 1017 mulionem
861 960 1039 1016 facere
1082 958 1294 1023 mundi,
1324 973 1433 1015 non
1467 968 1647 1013 autem
1686 966 1740 1012 et
1771 962 2011 1025 tempora
2042 961 2095 1007 et

450 1066 453 1069 ‘
513 1064 792 1111 momenta
817 1050 1106 1125 praeﬁnivit
1131 1067 1252 1124 qua:
1275 1050 1459 1122 posuit
1502 1049 1555 1105 in
1582 1065 1681 1106 sua
1710 1055 1995 1125 potestate,
2035 1057 2092 1101 ut
2153 1091 2171 1111 ,

468 1159 472 1163 ‘
510 1146 563 1205 si
610 1146 843 1203 voluerit
880 1161 944 1201 ea
986 1159 1206 1217 augere,
1252 1144 1334 1199 sic
1372 1143 1626 1214 judicans
1673 1148 1870 1213 augeat
1907 1154 2008 1203 ea;
2044 1138 2092 1197 si

514 1251 696 1296 autem
734 1238 1072 1302 abbreviare,
1113 1236 1413 1302 abbreviet,
1457 1234 1677 1290 nemine
1711 1241 2090 1304 cognoscente.

515 1330 582 1387 Et
613 1331 737 1385 ideo
766 1328 833 1385 de
866 1328 1210 1399 temporibus
1245 1336 1299 1383 et
1334 1327 1626 1381 momentis
1663 1324 2092 1380 consummatio-

513 1421 603 1477 nis
633 1420 821 1476 mundi
857 1421 909 1474 in
947 1435 1044 1474 sua
1072 1412 1257 1489 posuit
1286 1427 1576 1489 potestate,
1608 1426 1667 1473 ut
1696 1428 2094 1487 consequenter

511 1511 757 1567 humano
789 1510 975 1580 generi
1010 1510 1067 1564 in
1109 1524 1212 1564 suo
1254 1508 1482 1563 arbitrio
1518 1509 1820 1563 constituto
1853 1507 1980 1560 talia
2008 1506 2092 1560 vel

512 1601 642 1656 talia
675 1604 856 1673 agenti
885 1602 1111 1657 deﬁniat
1130 1600 1401 1674 iudicium
1434 1601 1700 1655 debitum.
1734 1597 1907 1653 Multa
1950 1607 2004 1653 et
2036 1597 2091 1651 in

512 1690 794 1763 prophetis
842 1700 927 1747 est
973 1691 1217 1747 invenire
1281 1692 1348 1747 ad
1403 1690 1693 1745 utilitatem
1757 1687 2091 1743 audientium

515 1782 720 1853 scripta
747 1824 762 1849 ,
812 1783 1097 1855 praeceptis
1141 1792 1195 1839 et
1240 1782 1744 1839 denuntiationibus
1789 1779 1947 1850 quasi
1984 1794 2090 1834 non

512 1852 881 1946 praeveniente
940 1852 1239 1946 quidquam
1299 1875 1366 1929 de
1410 1874 1512 1938 eis,
1546 1873 1639 1927 sed
1669 1871 1926 1939 puniente
1969 1869 2091 1940 qui-
2125 1852 2163 1905 θ

511 1965 636 2021 dem
685 1965 730 2020 si
781 1965 1149 2036 peccaverint,
1205 1963 1452 2020 salvante
1502 1973 1681 2019 autem
1723 1963 1775 2018 si
1824 1971 2089 2034 praecepta

513 2056 869 2114 servaverint.
916 2055 987 2112 Et
1028 2058 1170 2113 sicut
1210 2056 1267 2111 in
1298 2056 1408 2111 illis
1453 2070 1559 2109 non
1611 2050 2091 2113 introduxitScri-

510 2159 670 2220 ptura
700 2146 870 2205 Deum
899 2149 1314 2221 praelinientem,
1342 2148 1436 2203 sed
1467 2147 1764 2203 secundum
1800 2147 2089 2205 utilitatem

509 2238 851 2297 audientium
894 2241 1332 2312 proloquentem,
1366 2239 1446 2295 sic
1485 2239 1893 2310 intelligendum
1925 2248 2010 2296 est
2037 2247 2092 2294 et

508 2332 578 2397 de
600 2332 688 2389 die
721 2332 1211 2390 consummationis
1240 2341 1294 2387 et
1321 2332 1475 2387 hora.
1509 2331 1629 2386 Alia
1650 2332 1938 2402 expositio,
1968 2346 2091 2402 quae

510 2419 776 2479 famosior
817 2431 901 2480 est
943 2423 1025 2477 eis
1060 2438 1182 2493 quae
1214 2423 1327 2493 iam
1364 2420 1564 2477 tradita
1608 2430 1757 2488 sunt,
1788 2421 1931 2479 aliud
1959 2421 2092 2477 dicit

511 2511 581 2568 de
612 2527 679 2568 eo
714 2512 859 2582 quod
906 2513 1169 2583 scriptum
1212 2521 1315 2578 est,
1337 2526 1514 2583 _neque
1547 2509 1726 2565 Filius
1747 2553 1764 2578 ,
1800 2512 1905 2566 nisi
1946 2512 2089 2567 solus

510 2600 700 2657 Pater.
731 2601 890 2668 Dicit,
928 2604 1124 2673 inquit,
1157 2602 1357 2657 alicubi
1386 2603 1436 2635 *3
1469 2602 1537 2658 de
1560 2602 1841 2658 Salvatore
1861 2605 2092 2673 Aposto-

513 2692 624 2760 lus,
675 2704 728 2749 et
778 2694 845 2750 de
889 2694 1054 2751 rebus
1103 2696 1156 2749 in
1206 2694 1314 2750 line
1366 2694 1549 2750 saeculi
1609 2696 1951 2760 ordinandis,
1981 2698 2092 2754 ltoc

512 2787 680 2843 modo
722 2806 737 2841 :
777 2785 911 2844 Cum
979 2799 1156 2842 autem
1208 2787 1448 2857 subjecta
1497 2786 1579 2841 illi
1638 2788 1835 2858 fuerint
1889 2789 2086 2855 omnia,

514 2889 639 2933 tunc
664 2890 717 2935 et
743 2880 851 2950 ipse
881 2877 1060 2934 Filius
1084 2880 1351 2950 subjectus
1389 2881 1489 2935 erit
1529 2881 1576 2934 ei
1599 2883 1692 2951 qui
1720 2880 1823 2934 sibi
1852 2880 2089 2935 subdidit

511 2972 716 3037 omnia,
759 2982 814 3029 ut
857 2973 925 3026 sit
953 2971 1094 3026 Deus
1140 2974 1320 3027 omnia
1364 2973 1418 3027 in
1460 2971 1725 3027 omnibus.
1766 2971 1868 3028 llis
1907 2974 2088 3029 verbis

510 3060 730 3117 videtur
777 3064 1065 3119 ostendere
1102 3063 1363 3134 quoniam
1404 3063 1733 3135 priusquam
1794 3065 2091 3135 subiiceret

508 3152 561 3207 ei
602 3152 808 3217 omnia,
852 3168 958 3208 non
1002 3163 1119 3210 erat
1160 3152 1440 3224 subjectus
1477 3155 1529 3209 ei
1567 3156 1659 3227 qui
1702 3156 1806 3211 sibi
1847 3157 2089 3213 subdidit

510 3243 719 3299 omnia.
768 3242 927 3309 Quod
967 3260 1033 3300 ex
1064 3245 1170 3300 hoe
1208 3250 1641 3315 demonstratur,
1679 3248 1938 3318 quoniam
1985 3249 2091 3305 nisi

510 3334 793 3405 subjectus
844 3334 1038 3391 fuisset
1084 3335 1257 3393 Filius
1307 3336 1499 3402 Patri,
1551 3340 1644 3409 qui
1699 3340 1801 3395 sibi
1851 3339 2093 3396 subdidit

510 3426 718 3493 omnia,
749 3441 1030 3496 nunquam
1065 3427 1115 3481 ei
1141 3426 1302 3482 Pater
1333 3430 1516 3483 omnia
1546 3430 1885 3501 subiecisset.
1919 3430 1987 3486 Et
2013 3431 2093 3486 vi-

512 3518 675 3572 detur
712 3532 808 3587 per
850 3517 966 3573 haec
1008 3518 1190 3574 dicere
1237 3520 1625 3590 subiectionem
1673 3519 2090 3593 [subiectionem

512 3606 637 3667 Filii
664 3609 779 3663 fieri
820 3607 1241 3685 subiectionem]
1287 3612 1530 3668 omnium
1579 3613 1673 3684 qui
1717 3623 1874 3669 erant
1915 3615 2090 3685 subii-

510 3695 713 3761 ciendi,
761 3704 815 3751 et
847 3698 1140 3753 adventum
1181 3715 1373 3756 eorum
1422 3716 1520 3771 per
1551 3699 1751 3758 Filium
1801 3704 1867 3759 ad
1892 3703 2088 3771 Deum,

509 3794 568 3842 et
604 3786 1022 3857 perfectionem.
1057 3787 1120 3845 Si
1153 3806 1284 3862 ergo
1319 3793 1455 3849 bene
1495 3793 1693 3851 dicitur
1723 3795 1832 3852 hoc
1872 3796 1939 3852 de
1969 3796 2089 3853 Filii

511 3878 846 3948 subiectione
871 3879 936 3935 ad
960 3878 1177 3937 Patrem
1214 3882 1418 3950 futura,
1449 3893 1510 3941 ut
1540 3894 1669 3943 tunc
1697 3886 1759 3942 bi
1795 3886 1887 3957 qui
1916 3887 2088 3942 futuri

510 3978 641 4026 sunt
677 3971 902 4037 Christi,
946 3980 1001 4027 et
1030 3974 1380 4032 adhaeserunt
1417 3978 1502 4045 ei,
1551 3994 1674 4034 cum
1715 3980 1840 4049 ipso
1869 3977 2089 4035 Christo

509 4058 661 4116 Patri
687 4063 1053 4134 subiiciantur
1077 4084 1092 4119 :
1116 4081 1288 4136 quare
1321 4082 1428 4123 non
1464 4078 1517 4124 et
1543 4070 1609 4125 de
1633 4071 1721 4126 die
1747 4071 1838 4124 illa
1869 4079 1924 4126 et
1953 4072 2088 4126 hora

508 4152 784 4208 neminem
810 4155 970 4219 scire,
995 4170 1173 4227 neque
1189 4156 1412 4223 Filium,
1437 4160 1690 4216 similiter
1716 4163 2090 4234 exponemus?

505 4241 692 4299 Donec
742 4246 888 4300 enim
918 4244 1187 4313 Ecclesia,
1218 4265 1341 4320 qua:
1371 4258 1456 4306 est
1481 4266 1704 4322 corpus,
1737 4254 1910 4309 nescit
1940 4254 2086 4309 diem

507 4332 661 4388 illum
695 4343 752 4390 et
783 4336 997 4402 horam,
1028 4339 1219 4395 tandiu
1250 4355 1348 4396 nec
1378 4340 1492 4411 ipse
1512 4341 1689 4397 Filius
1718 4343 1918 4399 dicitur
1946 4344 2088 4399 seire

506 4424 649 4480 diem
672 4427 817 4482 illam
832 4438 883 4483 et
894 4429 1108 4497 horam,
1123 4444 1183 4486 ut
1198 4439 1331 4487 tunc
1342 4433 1679 4504 intelligatur
1689 4436 1848 4499 scire,
1868 4436 2087 4507 quando

2193 581 2361 654 875
2384 580 2610 652 etquod
2642 576 2775 636 dicit
2803 594 2818 631 :
2864 571 3118 647 Cognovit
3154 569 3325 628 Adam
3356 567 3531 624 Eunt
3552 582 3776 621 uxorem

2193 690 2349 730 suam
2368 673 2439 729 ’³.
2482 670 2737 738 Quandiu
2786 668 2931 725 enim
2976 666 3071 722 illa
3111 679 3222 721 non
3264 662 3370 717 fuit
3416 660 3468 717 ei
3515 658 3777 722 admisu,
3823 730 3830 738 .

2192 777 2304 819 non
2350 759 2715 832 cognoscebat
2761 771 2908 814 eam.
2958 753 3027 809 Et
3058 752 3203 809 diem
3245 765 3375 822 ergo
3416 762 3777 805 consumma-

2192 837 2361 909 tionis
2390 849 2711 922 huiusmodi
2740 856 2797 904 et
2828 844 3196 916 corruptionis
3228 841 3413 898 saeculi
3436 853 3614 902 nemo
3647 839 3776 905 scit,

2195 960 2371 1015 neque
2403 943 2578 1014 angeli
2610 942 2897 1007 ctelorum,
2931 952 3110 1010 neque
3147 933 3320 990 Filius
3353 932 3474 997 Dei,
3526 928 3600 987 de
3629 944 3775 1017 .sano

2194 1039 2297 1093 ctis
2324 1036 2437 1093 Deo
2467 1036 2665 1091 melius
2690 1031 3030 1104 providente,
3056 1039 3116 1087 ut
3144 1028 3307 1086 simul
3338 1026 3482 1082 ﬁant
3511 1025 3572 1080 in
3596 1022 3781 1079 beati-

2190 1128 2381 1184 tudine
2408 1141 2530 1197 qua
2554 1124 2735 1179 futura
2760 1133 2847 1178 est
2875 1131 3000 1192 post
3029 1121 3175 1175 diem
3196 1125 3252 1173 et
3280 1116 3474 1173 horam
3504 1127 3776 1170 consum-

2192 1220 2452 1275 mationis
2500 1217 2670 1272 illius.
2723 1214 2790 1269 Et
2823 1215 2970 1270 sicut
3006 1211 3150 1282 apud
3198 1207 3459 1264 Hebraea
3502 1204 3776 1275 scriptam

2192 1319 2280 1366 est
2310 1312 2376 1365 de
2406 1310 2486 1365 eis
2514 1308 2607 1379 qui
2642 1305 3014 1362 testimonium
3044 1302 3245 1358 habent
3272 1300 3327 1354 in
3357 1298 3483 1365 ﬁde,
3512 1296 3775 1367 quoniam

2194 1405 2247 1457 iii
2272 1418 2446 1457 omnes
2475 1399 2748 1469 testiﬁcati
2769 1413 2862 1467 per
2904 1396 3063 1466 ﬁdem
3084 1409 3186 1447 non
3212 1399 3517 1461 receperunt
3547 1388 3777 1458 pomis-

2192 1496 2392 1549 sionem
2433 1492 2549 1556 Dei,
2585 1490 2690 1546 Deo
2711 1490 2778 1543 de
2806 1488 2955 1542 nobis
2989 1485 3178 1540 melius
3205 1482 3411 1553 aliquid
3439 1478 3775 1551 providente,

2195 1598 2368 1641 utnec
2400 1585 2512 1638 sine
2546 1583 2693 1636 nobis
2730 1587 3222 1634 consummarentur
3243 1578 3288 1608 "
3318 1592 3333 1628 :
3369 1573 3452 1630 sic
3486 1571 3776 1626 sciendum

2194 1690 2278 1732 est
2303 1677 2441 1731 etin
2478 1675 2601 1740 hoc,
2635 1673 2763 1742 quia
2788 1668 2908 1724 Deo
2937 1666 3131 1737 meiius
3158 1664 3366 1736 aliquid
3396 1661 3778 1733 prospia'ente

2196 1770 2262 1825 de
2290 1768 2374 1823 bis
2396 1766 2489 1837 qui
2519 1774 2674 1820 erant
2700 1761 2969 1824 salvandi,
3004 1759 3242 1814 nomium
3265 1756 3413 1812 enim
3449 1760 3781 1822 receperunt

2196 1859 2634 1931 promissionem,
2665 1857 2757 1927 qui
2800 1869 2908 1909 non
2938 1862 3312 1923 cognoverunt
3353 1853 3425 1903 de
3461 1846 3555 1902 die
3585 1845 3684 1899 illa
3719 1851 3777 1898 et

2197 1956 2352 2019 bona,
2391 1966 2564 2020 neque
2586 1948 2762 2019 angeli
2798 1945 3087 2009 calorum,
3123 1957 3299 2013 neque
3318 1937 3519 1994 Filius.
3544 1934 3776 2006 Prm-

2197 2054 2282 2099 rat
2310 2043 2455 2098 enim
2486 2040 2662 2096 Filius
2691 2040 2975 2095 scientiam
3004 2036 3113 2091 diei
3148 2035 3298 2089 illius
3324 2039 3382 2087 et
3410 2031 3567 2085 hora:
3590 2030 3776 2084 coha-

2195 2136 2418 2192 redibus
2443 2132 2827 2204 promissionis
2865 2130 3037 2197 illius,
3077 2144 3141 2183 ex
3175 2140 3285 2197 quo
3312 2124 3545 2194 seipsum
3582 2120 3775 2175 exina-

2199 2230 2327 2285 nivit
2367 2228 2595 2299 [orntum
2627 2226 2760 2281 servi
2807 2224 3067 2293 accipiens
3106 2221 3174 2285 ”,
3210 2232 3443 2290 operans
3473 2215 3625 2269 viam
3656 2225 3780 2283 qua

2197 2322 2347 2380 ducit
2376 2320 2442 2377 ad
2486 2319 2884 2375 restitutionem
2923 2314 3168 2370 omnium
3218 2321 3435 2382 propter
3475 2321 3626 2378 quos
3664 2304 3779 2359 for-

2197 2430 2344 2473 mam
2374 2413 2515 2469 servi
2546 2411 2791 2483 accepit;
2827 2419 2885 2465 ut
2914 2422 3106 2464 omnes
3134 2403 3296 2461 simul
3333 2402 3538 2465 sciant,
3572 2397 3632 2453 id
3668 2405 3772 2461 est,

2198 2521 2256 2561 re
2295 2506 2419 2575 ipsa
2469 2503 2822 2574 experiantur
2872 2500 3066 2555 horam
3127 2496 3275 2552 illam
3318 2502 3375 2549 et
3414 2492 3591 2557 diem,
3649 2489 3780 2558 quia

2196 2596 2333 2666 quod
2364 2594 2547 2649 oculus
2584 2608 2687 2647 nou
2720 2591 2874 2654 uidit,
2921 2604 3013 2643 nec
3057 2586 3206 2641 auris
3245 2582 3474 2645 audivit,
3522 2590 3576 2635 et
3622 2592 3783 2647 super

2197 2704 2289 2743 cor
2324 2686 2552 2741 hominis
2582 2699 2686 2738 non
2718 2681 2979 2746 ascendit,
3017 2675 3336 2747 praeparavit
3367 2672 3507 2727 Deus
3548 2670 3781 2739 diligat-

2198 2780 2336 2836 tibus
2359 2795 2435 2833 .se
2461 2778 2529 2845 ",
2588 2777 2644 2831 in
2673 2773 2899 2831 scientia
2948 2771 3192 2841 priorum
3219 2777 3507 2829 exercens,
3552 2769 3613 2816 et
3642 2774 3780 2829 pra:-

2197 2887 2395 2943 parans
2416 2884 2633 2925 omnem
2663 2881 2825 2937 quem
2852 2863 2965 2918 vult
2985 2862 3126 2917 scire
3149 2859 3293 2914 diem
3319 2856 3463 2911 illaut
3492 2861 3549 2908 et
3578 2853 3777 2906 horam

2196 2978 2323 3021 cum
2361 2962 2568 3018 sanctis
2610 2957 2841 3030 angelis,
2876 2963 2932 3011 et
2969 2970 3093 3009 cum
3130 2953 3251 3022 ipso
3296 2946 3535 3004 Domino
3584 2952 3779 2999 nostro

2194 3054 2324 3111 Jesu
2362 3052 2605 3109 Christo.
2647 3049 2714 3104 Et
2744 3046 3185 3114 uniuscuiusque
3205 3048 3383 3096 autem
3416 3050 3780 3093 carissimus-

2196 3147 2399 3202 tionem
2421 3144 2474 3198 in
2500 3142 2584 3197 his
2612 3138 2936 3211 quibusdam
2973 3135 3212 3190 futuram
3241 3126 3603 3198 supradictis,
3628 3123 3776 3180 etde

2119 3205 2160 3261 θ
2196 3238 2425 3310 singulis
2470 3205 2769 3293 solus-scit
2809 3229 2971 3284 Pater
3009 3243 3024 3280 ι
3062 3225 3322 3297 quoniam
3360 3220 3546 3276 Filius
3588 3217 3767 3273 comi-

2196 3340 2339 3394 tans,
2380 3336 2434 3382 et
2477 3323 2790 3397 praecedens
2832 3329 2957 3375 ante
3006 3325 3316 3388 sequentes,
3370 3321 3427 3368 et
3466 3311 3685 3375 volens,
3715 3314 3777 3362 ut

2195 3420 2270 3474 ita
2314 3418 2514 3484 dicam,
2565 3423 2830 3471 venturus
2862 3416 2967 3473 est,
2998 3419 3053 3463 et
3076 3406 3260 3461 tardat
3305 3411 3367 3457 ut
3402 3399 3628 3471 possint
3649 3411 3773 3454 eum

2194 3511 2350 3582 sequi
2384 3510 2479 3579 qui
2509 3515 2722 3563 certant
2756 3504 2910 3575 sequi
2944 3517 3093 3569 eum,
3126 3509 3180 3555 et
3207 3503 3503 3568 sequentes
3533 3505 3665 3547 eum
3693 3488 3774 3544 iu-

2192 3601 2482 3659 veniantur
2510 3612 2634 3653 cum
2671 3610 2738 3649 eo
2768 3594 2823 3649 in
2855 3593 2944 3648 die
2972 3592 3062 3646 illa
3092 3600 3146 3646 et
3178 3590 3336 3644 hora.

2264 3694 2352 3751 56.
2390 3694 2540 3750 Sicut
2572 3691 2713 3747 enim
2742 3688 2845 3759 fuit
2876 3689 2931 3741 in
2961 3685 3147 3739 diebus
3189 3681 3328 3746 Noe,
3365 3680 3444 3734 sic
3471 3677 3576 3733 erit
3598 3683 3651 3730 et
3680 3672 3773 3727 od-

2191 3800 2371 3842 oentus
2405 3784 2539 3840 Filii
2563 3783 2813 3839 hominis.
2867 3778 3018 3835 Sicut
3061 3777 3201 3832 easint
3241 3774 3457 3844 fuerunt
3493 3769 3552 3822 in
3590 3764 3771 3819 diebus

2193 3892 2314 3935 ante
2348 3878 2608 3933 diluvium
2652 3862 3030 3930 manducantes
3069 3878 3121 3924 et
3156 3866 3407 3929 bibentes,
3430 3862 3687 3916 nubentes
3722 3865 3770 3911 et

2192 3980 2417 4041 nuptum
2460 3970 2750 4035 tradentes,
2779 3980 3047 4044 quousque
3084 3959 3301 4016 intravit
3334 3955 3454 4010 Noe
3476 3955 3533 4008 in
3566 3965 3768 4044 arcam,

2190 4075 2240 4120 et
2283 4080 2386 4118 non
2436 4070 2808 4134 cognoverunt,
2852 4042 3021 4112 donec
3068 4054 3205 4109 venit
3249 4050 3509 4104 diluvium
3556 4058 3610 4099 et
3652 4042 3771 4134 tulit

2191 4173 2366 4213 omnes
2393 4171 2411 4209 :
2440 4131 2517 4210 sic
2545 4154 2646 4208 erit
2672 4161 2723 4207 et
2753 4151 3006 4206 adventus
3032 4144 3166 4201 Filii
3193 4140 3418 4197 hominis
3443 4139 3513 4191 “.
3540 4135 3644 4190 Eis
3674 4131 3767 4202 qui

2190 4256 2528 4320 cognoscunt
2550 4246 2838 4301 verborum
2861 4237 3211 4313 praesentium
3248 4241 3482 4296 textum,
3511 4229 3631 4284 sive
3646 4225 3766 4320 spi-

2190 4319 2419 4396 ritaliter
2444 4354 2507 4394 ea
2541 4336 2850 4392 volentibus
2892 4331 3216 4402 intelligere,
3249 4325 3366 4382 sive
3415 4319 3761 4391 simpliciter.

2189 4445 2533 4500 consequens
2580 4438 2663 4484 est
2708 4427 2794 4482 de.
2822 4418 3299 4480 consummatione
3346 4413 3534 4470 dicere
3578 4407 3764 4500 mundi

505 4513 731 4570 scierint
757 4525 813 4570 et
832 4518 1021 4571 omnia
1056 4520 1301 4574 membra
1330 4521 1473 4591 eius.
1503 4499 1646 4578 ﬁene
1676 4533 1861 4580 autem
1884 4499 2089 4581 dicitur
2120 4534 2165 4592 ῐ)
2193 4499 2652 4592 ἱειίυδξᾳυοηίειηι
2668 4516 2989 4582 subitoerit,
3007 4513 3163 4585 quasi
3182 4508 3276 4580 qui
3288 4508 3401 4579 iam
3420 4499 3768 4592 aegrotarerit

505 4599 647 4654 scite
662 4601 962 4655 secundum
984 4605 1257 4673 propriam
1277 4607 1754 4677 significationem,
1768 4613 2081 4670 sicutestin

505 4694 1343 4767 consuetudineScriptmarum.
1367 4698 1801 4766 Quidestseire?
1823 4708 2080 4774 quoniam

416 4790 427 4851 ‘_
505 4794 799 4854 cognoscet
823 4786 965 4842 diem
990 4787 1141 4843 illum
1171 4799 1226 4845 et
1248 4791 1437 4846 horam
1459 4792 1551 4862 qui
1581 4796 1887 4851 occurrerit
1912 4798 1980 4852 ad
2014 4797 2079 4852 li-

418 4926 421 4929 .
504 4887 721 4944 nosmet
747 4877 1206 4935 abbreviationem
1235 4882 1340 4937 diei
1370 4882 1587 4940 illiuset
1615 4884 1780 4941 hora.
1811 4888 2080 4953 Quoniam

502 4975 685 5022 autem
720 4969 845 5025 talis
864 4969 1044 5041 aliqua
1060 4971 1388 5041 significatio
1404 4983 1494 5030 est
1506 4976 1649 5030 scire
1674 4986 1727 5031 et
1746 4992 2080 5049 cognoscere

504 5060 559 5117 in
594 5059 916 5132 Scripturis,
942 5063 1293 5119 manifestum
1322 5074 1406 5122 est
1440 5081 1507 5121 ex
1541 5082 1606 5122 eo
1628 5070 1778 5139 quod
1798 5070 2078 5141 dicitur_iu

505 5149 833 5209 Ecclesiaste
868 5155 914 5187 ι’
949 5155 1051 5211 hoc
1082 5156 1287 5211 modo:
1326 5156 1434 5223 Qui
1468 5158 1698 5213 custodit
1742 5161 2098 5229 mandatum,‘

505 5261 609 5301 non
654 5248 783 5301 sciet
828 5253 1042 5302 verbum
1086 5250 1327 5317 malum,
1382 5250 1434 5304 id
1476 5260 1561 5307 est
1612 5268 1723 5307 non
1770 5256 2083 5323 experietur

498 5337 726 5392 verbum
771 5340 999 5396 malum.
1042 5340 1111 5396 Et
1154 5343 1214 5398 in
1245 5343 1506 5414 Apostolo
1533 5342 1603 5398 de
1635 5344 1764 5414 ipso
1795 5343 2077 5402 Salvatore

498 5439 584 5486 est
613 5431 820 5486 dictum
844 5434 914 5501 ”,
945 5450 1063 5488 eum
1088 5436 1179 5506 qui
1204 5436 1426 5490 nescivit
1454 5446 1755 5505 peccatum,
1803 5454 1898 5507 pro
1928 5441 2077 5495 nobis

497 5531 769 5590 peccatum
799 5524 945 5593 fecit.
977 5523 1045 5579 Et
1070 5525 1711 5596 nescientempeceatum
1738 5525 2078 5586 Salvatorem

500 5612 656 5679 dicit,
708 5621 974 5686 tanquam
996 5617 1049 5672 si
1087 5617 1295 5674 diceret
1342 5633 1471 5675 eum
1518 5620 1615 5690 qui
1656 5636 1771 5677 non
1810 5623 2077 5693 peccavit,

2187 4614 2341 4686 prius
2362 4591 2716 4683 aegrotatione
2742 4608 2936 4664 idonea
2967 4614 3022 4661 et
3048 4599 3438 4658 manifestante
3454 4591 3766 4686 corruptio-

2189 4682 2310 4761 nem
2336 4682 2492 4760 suam
2527 4703 2793 4758 futuram.
2832 4697 2953 4754 Hoc
2988 4696 3135 4752 enim
3168 4708 3233 4748 et
3268 4704 3335 4745 eo
3368 4686 3645 4758 pracipue
3682 4682 3768 4737 de-

2187 4806 2525 4855 monStratur
2554 4794 2701 4865 quod
2733 4792 2887 4857 dicit,
2912 4787 3175 4860 quoniam
3217 4780 3416 4838 similis
3441 4778 3550 4833 erit
3571 4775 3759 4831 diebus

2185 4891 2301 4947 Noe
2337 4892 2603 4945 adventus
2670 4884 2793 4941 Filii
2838 4878 3081 4937 hominis
3126 4894 3140 4930 :
3213 4871 3397 4928 subito
3444 4867 3596 4922 enim
3635 4874 3759 4919 tune

2188 4982 2466 5053 perierunt
2512 4977 2697 5034 omnia
2743 4990 2865 5046 qua:
2912 4970 3132 5026 fuerant
3174 4979 3339 5035 super
3378 4971 3612 5016 terram.
3658 4954 3757 5023 Qui

2190 5080 2371 5129 autem
2415 5068 2532 5124 vult
2570 5068 2753 5123 dicere
2783 5063 3046 5134 quoniam
3077 5056 3339 5131 paulatim
3367 5054 3476 5110 erit
3504 5065 3755 5108 consum-

2190 5163 2360 5220 matio
2406 5159 2619 5222 mundi,
2669 5156 2813 5213 dicet
2856 5153 3112 5210 similiter
3139 5148 3340 5204 factum
3375 5154 3431 5200 et
3474 5144 3536 5198 in
3572 5142 3756 5198 diebus

2188 5254 2323 5309 Noe.
2389 5250 2759 5321 Quadraginta
2819 5245 2970 5303 enim
3031 5242 3246 5309 diebus,
3298 5245 3355 5294 et
3399 5234 3754 5308 quadraginta

2184 5345 2440 5402 noctibus
2509 5341 2692 5413 pluvia
2768 5336 3151 5400 descendente,
3229 5343 3577 5400 consequens
3663 5322 3760 5377 fuit

2185 5438 2394 5510 primos
2425 5434 2654 5505 periisse
2707 5432 2801 5503 qui
2838 5431 2893 5485 in
2924 5415 3386 5498 'depressioribus
3434 5431 3596 5477 terra
3633 5431 3750 5510 par-

2186 5508 2334 5585 tibus
2394 5525 2735 5589 habitabant,
2790 5530 2914 5594 post
2983 5534 3081 5575 eos
3142 5524 3331 5572 autem
3390 5513 3488 5584 qui
3551 5508 3751 5580 modico

2190 5622 2245 5678 in
2308 5617 2629 5696 altioribus,
2687 5623 2742 5671 et
2789 5615 2877 5672 sic
2922 5609 3259 5671 novissimos
3304 5605 3400 5678 qui
3444 5604 3502 5660 in
3557 5600 3746 5696 altissi-

570 5720 655 5815 ‘zl
673 5682 1317 5815 C.qr.‘—§v‘,‘28.u‘:vut,'
1348 5727 1440 5815 μ’ξδ
1464 5727 1507 5783 ll
1534 5682 1663 5788 hor.
1694 5747 1747 5803 ν,
1769 5682 1860 5789 2i.
1880 5737 1923 5769 ²¹
1957 5682 2089 5796 Gen.

2192 5782 2196 5804 .
2225 5739 2274 5797 ι.
2300 5738 2346 5774 ἐ
2369 5689 2532 5794 ἱὶειπ.
2558 5751 2636 5804 ιιι,
2666 5733 2759 5803 sa,
2783 5732 2872 5789 to.
2941 5729 2988 5765 υ
3015 5723 3249 5798 Philipp.
3280 5737 3344 5791 ιι,
3370 5719 3424 5789 7,
3496 5719 3545 5754 υ
3574 5718 3597 5776 t
3622 5682 3740 5773 eo}.

589 5791 647 5851 9.
704 5793 754 5827 "
805 5793 1019 5872 Matthn
1041 5811 1170 5854 xxiv
1188 5836 1205 5867 ,
1232 5790 1308 5855 37
1337 5806 1392 5858 et
1418 5797 1585 5872 βαιῷ
