4004 6540
215 399 358 456 N389

1353 399 2010 459 COMMENTARIORUM
2049 399 2315 458 SERIES.

3338 401 3478 454 1690

211 515 328 572 mis
391 514 672 570 montibus
725 515 1105 572 morabantur.
1158 517 1272 584 Sic,
1313 521 1513 590 inquit,
1572 523 1625 577 in
1663 537 1791 577 con-

1903 523 2143 580 matione
2174 523 2359 580 saeculi
2394 523 2656 595 generali,
2687 531 2873 581 utrum
2915 525 3097 583 subito
3123 542 3180 583 ct
3206 526 3478 592 generalis

207 604 585 662 summatione
628 606 816 660 mundi
843 621 969 662 cum
995 607 1336 666 descenderit
1375 612 1538 683 ignis,
1574 613 1798 683 incipiet

212 697 438 768 quidem
485 697 552 752 de
587 697 1004 755 sublimioribus
1036 699 1193 766 locis,
1230 711 1284 758 et
1312 705 1572 774 paulatim
1607 706 1674 760 ad
1713 706 1797 760 in-

211 785 415 844 feriora
433 787 739 844 descendet.
764 788 942 846 Lucas
968 799 1150 848 autem
1175 794 1242 861 ’°,
1259 794 1602 866 subjungens
1627 797 1796 852 etiam

209 883 630 938 similitudinem
657 883 797 954 ignis
826 882 1212 952 Sodomorum,
1245 889 1340 944 dat
1364 889 1524 946 nobis
1549 890 1800 946 occasio-

208 989 340 1029 nem
388 972 729 1048 intelligendi
767 978 1027 1048 quoniam
1060 980 1244 1036 subito
1278 982 1686 1037 consummatio
1714 990 1798 1048 est

205 1067 423 1124 futura.
449 1068 605 1124 Dicet
627 1079 811 1126 autem
843 1072 1043 1142 aliquis
1067 1073 1332 1144 quoniam
1368 1091 1461 1144 per
1484 1075 1588 1130 hoc
1613 1053 1795 1131 decla-

205 1170 370 1218 ratur
418 1163 679 1232 quoniam
722 1179 830 1218 non
872 1167 1154 1222 moraliter
1200 1169 1385 1239 pluvia
1424 1169 1512 1224 illa
1554 1169 1660 1224 fuit
1703 1180 1797 1247 ant

207 1252 378 1323 ignis,
419 1256 513 1310 sed
563 1264 780 1326 propter
835 1269 1058 1328 peccata
1110 1260 1394 1315 hominum
1439 1254 1792 1317 abundantia.

208 1342 442 1402 Duobus
487 1363 618 1420 ergo
659 1349 837 1406 modis
880 1352 1072 1407 mundi
1115 1355 1397 1423 corruptio
1451 1356 1796 1410 existimatur

208 1435 400 1492 futura
434 1457 447 1492 :
488 1455 598 1494 uno
629 1441 848 1511 quidem
900 1444 1202 1498 secundum
1238 1447 1501 1500 moralem
1531 1447 1670 1516 ignis
1697 1449 1793 1502 dc-

208 1530 546 1597 tentionem;
586 1533 760 1588 altero
803 1546 985 1589 autem
1027 1537 1332 1591 secundum
1361 1539 1630 1608 judicium
1676 1539 1790 1594 Dci.

207 1619 455 1679 Gentiles
504 1635 685 1680 autem
728 1626 1210 1682 inflammationem
1260 1631 1404 1686 illam
1458 1634 1539 1687 vel
1569 1649 1791 1688 causam

203 1711 664 1771 mﬂannnationis
691 1716 838 1771 illius
878 1733 983 1770 non
1017 1718 1205 1774 dicunt
1232 1719 1400 1776 fuisse
1428 1735 1671 1792 peccata,
1699 1725 1792 1778 sed

207 1805 356 1876 tgnis
380 1804 550 1862 fuisse
571 1807 845 1862 virtutem.
873 1805 1050 1863 Divini
1074 1820 1258 1865 auwm
1295 1828 1578 1868 sermones
1605 1815 1792 1869 omnia

207 1898 385 1954 teneri
415 1909 469 1954 et
501 1901 792 1971 gubernari
838 1905 1035 1960 docent
1076 1921 1104 1960 a
1131 1904 1262 1969 Deo,
1313 1914 1367 1960 et
1415 1922 1522 1960 non
1571 1907 1795 1976 culpant.

207 1990 353 2060 Ignis
384 1992 724 2061 violentiam,
767 1997 863 2052 sed
907 1997 998 2052 Dei
1031 2000 1390 2068 pronuntiant
1430 1999 1790 2065 voluntatem,

207 2084 476 2141 salvantis
505 2087 727 2156 quidem
777 2105 946 2159 super
988 2098 1188 2145 terram
1226 2092 1318 2160 qui
1350 2091 1527 2147 salute
1559 2104 1687 2149 sunt
1713 2094 1794 2148 di-

203 2175 299 2247 gni
343 2177 398 2231 in
431 2192 516 2243 ea,
557 2180 835 2249 perdentis
879 2190 1060 2237 autem
1095 2198 1190 2237 eos
1229 2183 1281 2237 in
1331 2185 1533 2253 quibus
1571 2197 1794 2256 propter

208 2265 605 2324 abundantiam
644 2271 953 2342 iniquitatis
981 2274 1224 2330 charitas
1267 2275 1596 2346 refrigescit.
1628 2279 1793 2334 Com-

201 2360 422 2429 .paratio
446 2362 594 2416 enim
627 2362 953 2420 Sodomitici
995 2366 1137 2437 ignis
1162 2367 1605 2424 manifestissime
1635 2369 1795 2425 docet

207 2451 554 2532 subitancam
597 2453 714 2510 fore
756 2456 945 2511 mundi
977 2455 1417 2527 corruptionem,
1450 2472 1516 2512 ex
1547 2473 1614 2512 eo
1643 2460 1790 2529 quod

207 2545 436 2616 angelus
466 2546 603 2602 dixit
628 2548 696 2603 ad
725 2547 827 2604 Lot
861 2549 938 2604 ’τε
976 2549 1112 2604 Ecce
1135 2551 1436 2604 admiratus
1458 2567 1576 2604 sum
1601 2551 1792 2620 facient

205 2642 356 2688 tuam
396 2637 449 2689 in
473 2639 625 2692 verba
649 2639 766 2707 hoc,
795 2649 852 2693 ut
877 2657 980 2694 non
1002 2642 1274 2695 destruant
1303 2642 1571 2696 civitatem
1596 2643 1661 2697 de
1685 2661 1791 2714 qua

204 2726 422 2782 dixisti.
465 2723 688 2784 Festina
735 2747 860 2801 ergo
891 2733 1092 2786 salvari
1139 2733 1272 2800 illic,
1318 2750 1408 2788 nec
1437 2735 1576 2788 enim
1612 2746 1791 2804 potero

205 2819 384 2889 facere
426 2822 736 2892 quidquam,
796 2825 958 2880 donec
1007 2835 1063 2878 tu
1109 2842 1199 2879 eas
1239 2825 1390 2880 illuc.
1445 2825 1605 2892 Vides
1653 2844 1791 2897 quo-

203 2913 356 2970 niam
404 2914 548 2985 ignis
595 2916 685 2970 ille
735 2916 828 2986 qui
881 2932 1048 2986 super
1097 2915 1394 2971 Sodomam
1449 2917 1787 2984 mittebatur,

203 3007 490 3064 voluntate
534 3009 919 3064 continebatur
953 3010 1159 3076 divina,
1209 3009 1384 3063 donec
1429 3008 1530 3064 Lot
1559 3011 1790 3068 intraret

204 3110 260 3154 In
295 3099 489 3171 Segor.
536 3100 627 3157 Sic
673 3111 803 3173 puto
836 3112 889 3158 et
922 3103 975 3158 in
1017 3102 1495 3158 consummatione
1521 3102 1786 3167 {futurum

1901 616 1972 672 sit
2002 618 2205 682 futura.
2232 633 2300 672 an
2329 631 2427 688 per
2455 627 2668 686 partes;
2702 617 2797 671 sed
2837 616 2943 673 hoc
2963 626 3182 674 tantum
3223 617 3479 672 conside-

1848 746 1853 752 ι
1902 716 2046 774 rant,
2069 711 2329 779 quoniam
2362 708 2798 779 uniuscujusque
2815 713 3220 768 consummatio
3249 707 3328 772 ῦι,
3357 707 3477 777 ipso

1900 818 2008 858 non
2043 810 2407 874 cognoscente
2433 816 2612 872 neque
2637 801 2807 866 diem,
2847 817 3027 872 neque
3063 803 3256 859 horam
3293 799 3478 856 exitus

1899 895 2016 962 sui;
2064 903 2118 948 et
2159 894 2288 964 quia
2341 908 2507 963 super
2551 907 3002 964 unumquemque
3053 901 3308 952 nostrum
3359 890 3478 947 dies

1903 985 2114 1041 Domini
2146 989 2217 1042 ita
2250 987 2430 1042 veniet
2465 985 2609 1040 sicut
2645 985 2752 1040 iur.
2783 985 3010 1056 Propter
3035 987 3188 1058 quod
3220 1003 3361 1058 opu
3389 991 3476 1038 est

1898 1081 2142 1152 vigilare,
2165 1081 2287 1136 sive
2312 1080 2545 1150 vesperi,
2576 1079 2628 1134 id
2653 1089 2738 1137 est
2775 1080 2830 1134 in
2859 1080 3180 1151 iuventute;
3219 1081 3336 1138 sive
3361 1098 3477 1138 me-

1897 1173 1984 1228 dia
2012 1181 2188 1237 nocte,
2220 1171 2270 1225 id
2295 1179 2376 1225 est
2409 1171 2464 1225 in
2494 1170 2674 1227 medio
2695 1170 2820 1225 vitae
2844 1170 3103 1226 humana:
3132 1171 3471 1238 tenebrosa;

1895 1263 2010 1318 sive
2039 1263 2161 1332 galli
2193 1272 2378 1322 cantu.
2406 1263 2626 1332 quando
2645 1262 2758 1333 jam
2786 1261 2978 1318 senior
2995 1270 3113 1329 est;
3143 1261 3262 1318 sive
3287 1277 3470 1329 mane,

1893 1355 2116 1422 quando
2137 1355 2250 1424 jam
2274 1363 2554 1408 senectute
2589 1361 2844 1423 provecta
2868 1362 2988 1419 est;
3019 1359 3082 1406 ut
3104 1367 3231 1407 cum
3264 1352 3479 1410 venerit

1898 1446 2040 1502 Dens
2083 1446 2316 1501 Verbum
2353 1445 2587 1502 atterens
2619 1444 3150 1501 consummationem
3179 1444 3481 1514 profectio.

1899 1541 1984 1595 nis
2005 1540 2126 1594 vine
2166 1539 2346 1600 istius,
2373 1535 2870 1607 comprehendatur
2891 1537 2984 1606 qui
3015 1552 3123 1590 non
3147 1535 3296 1590 dedit
3327 1549 3479 1589 som-

1900 1648 2028 1685 num
2069 1630 2247 1685 oculis
2287 1630 2426 1696 suis,
2476 1643 2654 1698 neque
2709 1626 3155 1682 dormitationem
3203 1622 3479 1696 palpebris

1897 1724 2035 1786 suis.
2059 1732 2117 1778 et
2149 1721 2451 1777 custodivit
2487 1719 2809 1775 mandatum
2856 1717 3090 1774 dicentis
3121 1718 3165 1749 ”
3189 1735 3207 1771 :
3250 1714 3478 1787 Vigilate

1900 1807 2126 1870 in‘omui
2159 1824 2406 1883 tempore.
2441 1811 2646 1866 Tamen
2682 1810 2808 1866 vani
2837 1817 2968 1864 sunt
2995 1821 3212 1874 omnes,
3243 1806 3359 1861 sive
3379 1803 3478 1875 qui

1899 1909 2425 1966 consummationem
2449 1905 2640 1961 mundi
2665 1905 2807 1962 scire
2829 1919 2889 1960 se
2910 1902 3238 1973 proﬁtentur
3256 1897 3479 1968 quando

1891 2004 2018 2069 erit,
2049 2002 2161 2058 sive
2187 2001 2282 2072 qui
2306 1999 2429 2054 vitae
2454 1997 2690 2069 propriae
2711 1996 2876 2052 linem
2904 1995 3044 2051 scire
3065 2008 3127 2048 se
3148 1991 3476 2064 gloriantur,

1896 2103 1990 2149 aut
2015 2109 2110 2163 per
2139 2093 2292 2162 signa
2327 2090 2532 2153 avium,
2579 2094 2674 2143 aut
2705 2102 2801 2157 per
2827 2085 3223 2156 ventriloquos,
3263 2091 3357 2138 aut
3381 2097 3478 2152 per

1896 2202 2084 2255 magos
2141 2183 2371 2246 seducti,
2422 2190 2475 2236 et
2529 2190 2782 2250 putantes
2837 2191 3167 2250 cognoscere
3223 2176 3367 2232 diem
3421 2183 3480 2230 et

1897 2279 2086 2333 horam
2143 2275 2321 2330 exitus
2359 2273 2466 2329 sui.
2511 2271 2664 2327 Sicut
2721 2271 2869 2326 enim
2912 2279 3018 2337 est,
3066 2282 3230 2324 nemo
3275 2279 3480 2338 cogno-

1895 2385 2046 2426 scere
2103 2375 2302 2439 potest,
2363 2365 2470 2422 nisi
2524 2363 2664 2420 lorte
2717 2364 2985 2435 propheta
3047 2361 3250 2430 aliquis
3315 2357 3482 2413 fuerit

1896 2471 2086 2518 sancto
2113 2459 2317 2529 Spiritu
2345 2448 2713 2520 illuminatus,
2739 2455 2884 2511 sicut
2905 2454 2996 2508 ille
3024 2452 3120 2524 qui
3151 2451 3310 2506 uxori
3335 2450 3480 2519 regis

1897 2553 2240 2624 prophetavit
2266 2550 2468 2605 volenti
2508 2561 2842 2618 cognoscere
2870 2545 2918 2602 si
2945 2551 3195 2613 surgeret
3219 2557 3288 2597 ex
3321 2541 3477 2596 infir-

1895 2643 2086 2699 mitate
2123 2642 2268 2710 illius
2299 2641 2443 2710 ejus,
2489 2648 2543 2694 et
2573 2638 2717 2693 sicut
2746 2635 2894 2690 Elias
2928 2632 3273 2705 propltetavit
3298 2629 3482 2686 Ocho-

1896 2735 1992 2789 size
2014 2735 2204 2789 dicens
2242 2747 2366 2802 qua:
2392 2747 2423 2784 a
2463 2729 2697 2784 Domino
2729 2727 2945 2783 fuerant
2969 2724 3306 2781 constituta:
3350 2720 3486 2776 liae

1893 2827 2026 2881 dicit
2071 2824 2328 2880 Dominus
2366 2839 2384 2877 :
2421 2821 2712 2891 PrOpterea
2763 2818 2902 2888 quod
2944 2834 3048 2871 non
3088 2824 3203 2870 erat
3239 2812 3382 2869 Deus
3428 2813 3484 2866 in

1894 2917 2088 2982 Israel,
2129 2925 2184 2970 tu
2227 2915 2376 2970 vadis
2411 2929 2646 2984 quaerere
2681 2912 2752 2964 ad
2779 2910 2919 2965 Baal
2951 2917 3046 2963 aut
3085 2906 3376 2962 Beelzebub
3403 2905 3484 2960 vi-

1895 3033 2010 3069 rum
2035 3027 2358 3074 muscarum,
2385 3009 2552 3064 Deum
2583 3009 2822 3062 Accarou
2845 3019 2865 3059 :
2887 3003 3004 3057 ideo
3034 3002 3163 3056 dicit
3181 2999 3442 3054 Dominus
3459 3012 3480 3052 .°

1893 3109 1970 3162 De
2024 3105 2217 3161 lectulo
2270 3120 2428 3174 super
2473 3119 2626 3173 quem
2677 3097 2967 3154 ascendisli
3021 3111 3123 3150 non
3171 3089 3479 3155 descmdes,

201 3193 512 3248 secundum
547 3195 696 3264 quod
735 3195 979 3250 salvatus
1005 3205 1090 3251 est
1126 3203 1180 3251 et
1219 3193 1340 3261 Lot,
1381 3203 1440 3250 ut
1478 3205 1608 3251 tunc
1647 3196 1787 3266 ignis
1816 3212 1856 3268 ε
1891 3201 2139 3272 quoniam
2189 3207 2355 3250 morte
2403 3196 2647 3248 morieris
2673 3193 2741 3247 ⁸ο.
2800 3189 2928 3245 iltec
2974 3186 3079 3244 etsi
3135 3185 3189 3239 in
3248 3197 3482 3239 excessu

199 3285 302 3344 ille
350 3289 843 3345 consummationis
873 3289 1121 3345 obtineat
1169 3292 1434 3346 mundum
1489 3291 1788 3348 secundum

201 3379 476 3450 judicium
527 3378 642 3444 Dei,
671 3396 794 3436 cum
837 3381 1032 3436 salvati
1059 3381 1193 3452 justi
1241 3380 1492 3437 fulserint
1531 3381 1673 3436 sicut
1709 3380 1788 3435 sol

204 3470 267 3524 in
300 3484 468 3540 regno
495 3468 674 3526 Patris
705 3470 788 3525 sui
817 3489 830 3525 :
877 3479 1008 3526 tunc
1051 3471 1274 3542 iniquos
1317 3471 1576 3540 colligent
1611 3473 1679 3526 de
1708 3488 1792 3538 re-

195 3577 317 3632 gno
349 3561 574 3629 Christi,
600 3570 655 3617 et
680 3563 897 3617 mittent
926 3577 1022 3618 eos
1049 3563 1102 3618 in
1132 3563 1408 3619 caminum
1445 3563 1606 3633 ignis.
1639 3561 1791 3632 Quo-

198 3651 377 3708 modo
421 3657 568 3707 em’m
616 3669 723 3707 non
768 3662 852 3709 est
903 3654 1252 3710 manifestum
1295 3655 1424 3725 quia
1468 3653 1658 3709 subito
1681 3653 1791 3707 erit

201 3745 489 3817 corruptio
517 3746 732 3811 mundi,
781 3761 846 3800 es
875 3761 940 3801 eo
975 3747 1120 3816 quod
1160 3747 1327 3813 dicit,
1358 3754 1511 3802 erunt
1559 3747 1792 3798 incautu-

197 3846 389 3890 cantes
415 3847 462 3891 et
485 3836 736 3902 bibentes,
761 3835 1010 3892 nubentes
1031 3847 1085 3892 et
1111 3848 1330 3907 nuptum
1351 3837 1641 3902 tradentes,
1669 3853 1793 3906 qua:

201 3926 363 3996 pacis
384 3935 443 3981 et
463 3928 773 3982 securitatis
809 3937 937 3983 sunt
965 3926 1374 4000 signa?Fames
1403 3929 1550 3984 enim
1579 3939 1637 3984 et
1665 3943 1791 3999 pes-

204 4017 436 4073 tilentia:
477 4019 704 4075 forsitan
751 4032 878 4077 aute
919 4022 1143 4092 aliquod
1185 4032 1398 4092 tempus
1435 4038 1795 4077 consumma-

204 4112 378 4168 tionis
403 4123 598 4179 erunt;
637 4113 783 4168 circa
829 4114 1003 4184 ipsam
1035 4121 1215 4168 autem
1260 4115 1792 4169 consummationem

206 4217 389 4273 neque
431 4202 624 4270 fames,
659 4221 835 4274 neque
878 4204 1077 4260 bellum
1121 4205 1243 4260 erit.
1288 4204 1577 4272 Quomodo
1610 4217 1791 4259 autem

208 4299 607 4351 mamlucantes
637 4307 690 4352 et
720 4298 986 4363 bibentes,
1021 4300 1292 4354 nubentes
1332 4311 1385 4353 ct
1425 4307 1652 4369 nuptum
1684 4309 1795 4353 tra-

206 4391 423 4456 dentes,
467 4391 774 4461 planlantes
802 4399 856 4445 et
897 4391 1249 4457 aedificantes,
1291 4401 1535 4446 ementes
1569 4401 1623 4446 et
1661 4407 1795 4445 vcn-

204 4484 398 4540 dentes
429 4495 558 4540 sunt
587 4486 1104 4555 comprehendendi,
1128 4488 1234 4542 nisi
1260 4488 1334 4542 ita
1357 4488 1430 4542 sit
1448 4486 1794 4542 ordinatum?

206 4575 318 4630 Sed
352 4584 406 4630 ct
446 4576 576 4630 illud
615 4576 720 4632 hoc
745 4577 1060 4634 manifestat
1099 4579 1243 4648 quod
1277 4579 1354 4632 ait
1385 4579 1678 4648 Apostolus
1701 4578 1745 4609 ’⁸
1773 4597 1786 4632 :

209 4670 478 4734 Quoniam
508 4671 619 4724 dies
654 4669 867 4725 Domini
898 4673 1034 4725 sicut
1071 4674 1179 4742 fur,
1212 4674 1290 4726 ita
1327 4675 1382 4726 in
1415 4685 1562 4727 nocte
1601 4674 1786 4726 veniet.

208 4761 346 4816 Cum
386 4762 619 4814 dixerint
645 4779 756 4832 pax
792 4773 840 4815 et
865 4763 1146 4829 securitas,
1184 4772 1308 4816 tunc
1349 4764 1651 4833 repentinus
1683 4763 1790 4816 illis

206 4856 534 4925 superveniet
574 4857 846 4920 interitus,
878 4857 1015 4909 sicut
1049 4855 1284 4911 dolorem
1324 4866 1509 4925 partus
1550 4857 1607 4910 in
1641 4865 1792 4910 utero

206 4952 447 5016 habenti,
481 4959 529 5005 et
563 4967 668 5004 non
689 4951 959 5022 elfugient.
994 4949 1159 5005 Docet
1185 4966 1287 5006 nos
1319 4951 1578 5020 quoniam
1609 4950 1792 5006 subito

199 5051 260 5097 et
300 5043 580 5113 insperato
605 5043 822 5098 eveniet
862 5042 979 5098 dies
1016 5042 1508 5096 consummationis
1547 5042 1782 5096 homini-

205 5136 332 5200 bus,
365 5151 492 5191 cum
519 5151 703 5192 rerum
725 5145 902 5192 status
931 5137 1091 5205 quasi
1116 5136 1183 5190 ad
1215 5135 1411 5190 melius
1440 5135 1592 5191 visus
1625 5135 1790 5188 fuerit

201 5246 328 5286 esse
367 5245 688 5298 conversus,
731 5231 798 5286 de
842 5231 989 5286 fame
1027 5230 1210 5301 priore
1256 5227 1324 5282 ad
1366 5229 1692 5294 ubertatem,
1723 5228 1790 5282 de

201 5323 517 5394 pestilentia
559 5334 614 5378 et
643 5324 844 5394 praaliis
880 5325 946 5379 ad
987 5337 1174 5393 pacem
1213 5331 1374 5392 atque
1409 5320 1788 5377 securitatem.

205 5414 315 5482 Qui
363 5425 546 5472 autem
595 5417 760 5473 altius
809 5417 980 5488 876
1030 5415 1382 5486 Evangeliqu
1431 5413 1682 5477 audiunt,
1738 5422 1791 5466 et

203 5506 394 5562 ctnnia
421 5515 590 5578 agunt
619 5515 682 5563 ut
709 5509 938 5564 omnino
967 5507 1023 5562 in
1066 5507 1214 5564 nulla
1247 5516 1401 5578 parte
1435 5504 1788 5576 Evangelium

203 5597 274 5653 sit
313 5598 395 5653 eis
438 5598 696 5668 velatum,
745 5614 854 5656 non
901 5600 1133 5656 multum
1182 5607 1380 5654 curant
1410 5597 1480 5654 de
1525 5611 1787 5652 consum-

302 5809 350 5880 ἕξ
385 5823 632 5880 caput.

728 5807 925 5874 "Gen.
955 5823 1074 5872 χιχ,
1117 5807 1209 5874 2i,
1240 5806 1331 5861 ἃ.
1373 5806 1418 5839 ³⁸
1446 5805 1465 5860 l
1489 5805 1682 5861 Thess.
1709 5821 1762 5865 v.
1787 5806 1842 5867 ἓ,
1863 5805 1917 5859 5.
1984 5804 2028 5836 ’θ
2055 5800 2189 5858 an.
2224 5819 2336 5872 xxI,
2365 5799 2453 5860 '56.

1891 3292 2159 3357 diximus,
2219 3299 2404 3343 tamen
2447 3285 2609 3356 quasi
2657 3281 2817 3338 utilia
2862 3278 3292 3340 introduximus,
3344 3289 3484 3344 quo-

1895 3385 2041 3437 niam
2079 3392 2133 3438 et
2171 3382 2239 3436 de
2282 3377 2757 3436 consummatione
2795 3371 3261 3442 uniuscujusque,
3301 3366 3357 3422 id
3395 3372 3484 3422 est

1888 3477 1959 3532 de
2001 3476 2088 3531 die
2124 3474 2305 3528 exitus
2339 3473 2424 3528 sui
2456 3486 2618 3526 nemo
2659 3481 2997 3539 asgnoscere
3039 3470 3238 3536 potest,
3277 3475 3475 3531 quam-

1898 3568 1980 3622 vis
2026 3567 2183 3622 multi
2228 3563 2590 3634 profiteantur
2633 3559 2768 3615 talia
2825 3556 2993 3623 scire,
3044 3556 3150 3610 nisi
3196 3553 3334 3608 forte
3384 3549 3482 3621 qui

1896 3657 2170 3714 audierint
2201 3671 2269 3710 ex
2315 3652 2621 3724 prophetis.
2665 3650 2790 3706 Scio
2833 3658 2888 3704 et
2921 3647 3086 3702 aliaat
3122 3657 3484 3701 consumma-

1897 3748 2101 3806 tionem
2153 3747 2256 3801 viri
2304 3747 2464 3816 justi,
2508 3744 2604 3812 qui
2655 3741 2959 3812 apostolico
3004 3736 3251 3809 profectu
3299 3735 3483 3789 dicere

1895 3850 2075 3912 potest
2123 3860 2138 3897 ;
2180 3837 2320 3894 Mitti
2362 3847 2543 3891 autem
2595 3835 2736 3890 absit
2791 3831 3040 3902 gloriari,
3087 3829 3192 3884 nisi
3237 3829 3291 3881 in
3329 3839 3483 3879 cruce

1896 3934 2113 3990 Domini
2153 3932 2321 3986 nostri
2350 3927 2481 3985 Iesu
2509 3927 2734 3990 Christi,
2773 3941 2864 3994 per
2901 3937 3054 3992 quem
3098 3920 3228 3974 mihi
3255 3916 3481 3971 mundus

1893 4027 2187 4096 cruciﬁxus
2220 4033 2318 4088 est,
2360 4033 2408 4077 et
2447 4038 2540 4093 ego
2584 4018 2782 4073 mundo
2815 4018 2882 4070 ³⁴.
2924 4013 3031 4071 Cui
3066 4013 3211 4068 enim
3245 4009 3482 4065 mundus

1895 4131 1979 4179 est
2013 4118 2336 4184 crucifixus,
2384 4117 2436 4172 ei
2476 4109 2886 4186 quodammodo
2935 4104 3343 4163 consummatio
3365 4102 3480 4172 jam

1897 4214 2040 4271 facta
2084 4221 2168 4268 est
2207 4209 2423 4276 mundi,
2451 4217 2502 4263 el
2543 4206 2641 4276 qni
2678 4212 2935 4259 mortuus
2979 4207 3065 4255 est
3104 4194 3480 4252 mundialibus

1898 4309 2084 4373 rebus,
2115 4305 2204 4361 cui
2239 4315 2588 4374 transgresso
2615 4298 2733 4354 dies
2764 4314 2871 4353 non
2917 4293 3131 4351 Domini
3165 4291 3334 4354 venit,
3369 4287 3481 4343 Do’

1898 4401 2030 4454 mini
2067 4397 2186 4453 dies
2225 4396 2282 4451 in
2313 4409 2424 4464 qua
2469 4393 2528 4447 fit
2565 4391 2832 4445 adventus
2873 4387 2995 4444 Filii
3039 4381 3279 4440 hominis
3315 4394 3484 4448 super

1897 4491 2136 4544 animam
2163 4485 2304 4556 ejus,
2327 4483 2457 4554 quia
2482 4482 2595 4551 jam
2619 4495 2730 4534 non
2754 4477 2889 4532 vivit
2916 4483 3139 4546 peccato
3166 4481 3222 4528 et
3251 4470 3478 4527 mundo.

1830 4557 1872 4611 ί)
1967 4580 2058 4635 57.
2100 4577 2385 4632 Τωιε.άιιο
2427 4582 2582 4629 erunt
2629 4572 2682 4626 in
2714 4585 2866 4640 agro,
2915 4582 3054 4622 unus
3101 4570 3402 4618 msumetur
3430 4566 3483 4614 et

1900 4673 2037 4727 alter
2060 4670 2391 4738 relinquetur
2427 4666 2493 4719 ³⁸.
2525 4663 2678 4719 Sicut
2709 4663 2763 4717 in
2801 4676 2868 4715 eo
2893 4658 3042 4730 quod
3077 4655 3211 4710 dicit
3244 4653 3289 4685 ³³
3322 4669 3338 4707 :
3373 4650 3481 4704 Aut

1901 4767 2060 4837 facile
2103 4764 2342 4820 arborem
2385 4762 2603 4821 Italam,
2644 4768 2693 4812 et
2725 4756 2933 4825 [ructus
2974 4752 3088 4822 ejus
3135 4747 3338 4810 mles;
3387 4753 3483 4799 aut

1895 4857 2142 4912 arborem
2182 4855 2395 4917 bonam,
2443 4860 2493 4906 et
2527 4851 2760 4920 fructum
2788 4847 2903 4916 ejus
2939 4849 3156 4907 bonum,
3203 4842 3326 4897 dua:
3356 4845 3484 4893 sunt

1890 4950 2124 5006 arbores
2155 4948 2438 5018 generales
2469 4945 2524 4999 in
2569 4941 2825 4998 cordibus
2855 4937 3162 4996 hominum,
3198 4938 3293 4986 aut
3339 4930 3482 4984 bona

1897 5043 2140 5108 virtutis,
2171 5048 2268 5095 aut
2305 5039 2451 5093 mala
2485 5035 2731 5091 malitiae.
2771 5032 2926 5086 Sicut
2977 5026 3214 5083 mundus
3239 5029 3324 5078 est
3353 5034 3484 5090 ager

1893 5135 2200 5192 secundum
2251 5127 2568 5200 parabolam
2617 5123 2936 5194 quamdam,
2984 5117 3096 5172 duo
3155 5111 3482 5185 generaliter

1889 5237 2024 5283 sunt
2058 5226 2111 5279 in
2142 5239 2230 5289 eo,
2264 5235 2408 5275 unus
2429 5216 2650 5288 quidem
2677 5215 2820 5270 sicut
2847 5209 2962 5266 Noe
2983 5206 3272 5278 operarius
3299 5212 3482 5265 terrae,

1895 5321 2035 5375 alter
2059 5325 2243 5372 autem
2273 5314 2417 5369 sicut
2441 5310 2578 5366 Cain
2618 5321 2851 5378 operaus
2885 5313 3086 5360 terram
3119 5299 3187 5350 “.
3223 5293 3319 5348 His
3355 5289 3482 5344 tali-

1901 5412 2002 5466 bus
2031 5410 2085 5463 in
2118 5421 2250 5478 agro
2275 5401 2590 5472 huiusmodi
2617 5396 2950 5460 constitutis,
2974 5405 3117 5446 unus
3144 5389 3480 5478 assumetttr,

1896 5499 1952 5558 id
1985 5507 2069 5554 est
2099 5473 2193 5566 qui
2226 5495 2423 5552 similis
2455 5499 2541 5546 est
2569 5488 2686 5544 Noe
2713 5486 2999 5557 cperarius
3032 5492 3194 5538 terrae
3219 5496 3234 5545 ;
3258 5487 3313 5532 et
3343 5473 3484 5566 alter

1893 5562 2258 5660 relinquetur,
2287 5584 2382 5657 qui
2411 5583 2555 5640 sicut
2582 5580 2716 5637 Cain
2743 5587 2944 5634 terram
2974 5587 3210 5645 operans
3234 5577 3342 5625 est.
3372 5562 3482 5621 Ta-

2554 5799 2598 5834 ³ο
2621 5795 2687 5854 lV
2721 5794 2856 5868 Reg.
2892 5809 2932 5860 ι,
2960 5789 3014 5848 6.
3060 5786 3349 5853 "Geni,
3381 5780 3475 5841 tt.

193 5878 256 5959 θ’
293 5866 488 5938 Πειιιιί.
515 5896 666 5950 xxiv,
695 5879 786 5936 40.
827 5866 873 5914 5‘
903 5866 1095 5936 Matth.
1144 5866 1245 5948 xit,
1277 5877 1365 5935 35.
1411 5879 1457 5957 ’ξ
1495 5877 1630 5934 Gen.
1663 5892 1741 5946 ιχ,
1777 5866 1868 5944 20,
1901 5883 1955 5932 et
1997 5890 2072 5930 tv.
2103 5875 2158 5931 2.
