4004 6538
548 399 682 457 1691

1715 394 2042 457 ORIGENIS
2078 391 2148 450 ΙΝ
2184 381 2605 453 ΜΑΤἸἩᾹΞῸΗ

3688 383 3814 441 1693

548 513 622 572 iis
650 513 797 572 enim
828 522 914 570 est
948 512 1133 569 omnis
1168 512 1264 585 qui
1294 512 1409 571 odit
1442 511 1663 571 fratrem
1699 527 1885 579 suum,
1914 520 1970 567 et
2001 526 2125 581 pro-
2153 513 2199 568 Α
2229 514 2335 560 tem
2365 505 2532 560 etiam
2561 513 2809 574 tempora
2835 501 2941 558 diei
2973 509 3231 572 tanquam
3258 498 3396 557 furis
3424 498 3710 556 venientis
3732 501 3817 556 de-

547 618 672 679 pter
706 606 892 661 odium
939 605 1126 661 fratris
1172 605 1445 662 homicida
1496 622 1526 661 a
1571 605 1783 661 Joanne
1824 604 2128 675 appellatur

547 699 799 770 apostolo
823 699 889 753 ³⁸.
928 696 1019 753 Sic
1049 705 1231 754 autem
1262 706 1316 753 et
1347 698 1415 754 de
1461 698 1752 754 animabus
1792 695 2129 753 molentibus

546 791 604 847 in
652 789 805 861 gravi
859 790 1003 845 mola
1053 792 1240 846 mundi
1284 792 1371 846 vel
1404 791 1674 862 corporis,
1720 790 1861 845 bona
1906 788 2126 860 quidem

547 882 732 939 anima
763 881 1088 947 assumitur,
1143 882 1286 937 mala
1328 891 1510 937 autem
1559 882 1906 952 relinquitur,
1954 881 2130 937 donec

549 975 711 1046 digna
759 973 1026 1031 efficiatur
1080 974 1308 1029 assumi.
1347 974 1457 1028 Aut
1505 974 1578 1028 ita
1628 991 1642 1029 :
1700 974 1811 1028 duo
1859 973 1914 1028 in
1974 987 2129 1043 agro,

549 1082 749 1124 sensus
814 1066 1056 1123 hominis
1112 1066 1278 1134 boni,
1330 1076 1385 1122 et
1436 1083 1632 1122 sensus
1683 1066 1922 1121 hominis
1976 1065 2125 1120 mali.

554 1157 767 1217 Sensus
854 1160 1032 1218 bonus
1114 1161 1438 1224 assumitur,
1512 1161 1719 1216 malus‘
1774 1159 2127 1230 relinquitur.

550 1252 663 1309 Nec
727 1253 873 1309 enim
943 1268 1241 1324 possumus
1295 1255 1479 1309 dicere
1532 1254 1787 1322 spiritum
1843 1252 1972 1308 mali
2030 1253 2131 1308 ho-

549 1347 715 1403 minis
764 1363 870 1402 non
939 1348 1171 1413 assumi,
1228 1348 1356 1417 quia
1422 1346 1590 1401 didici
1637 1346 1781 1415 apud
1838 1344 2134 1400 Ecclesias-

550 1444 640 1492 ten
670 1437 715 1468 ³⁸
765 1437 834 1493 de
897 1438 1048 1492 omni
1096 1438 1317 1506 spiritu,
1370 1436 1628 1507 quoniam
1677 1435 2012 1492 convertitur
2063 1433 2131 1489 ad

550 1529 722 1586 Deum
755 1531 846 1600 qui
873 1531 1021 1585 dedit
1045 1546 1169 1585 eum
1200 1549 1213 1584 :
1246 1530 1387 1585 sicut
1414 1541 1467 1585 et
1495 1532 1563 1586 de
1593 1531 1743 1584 omni
1777 1542 1967 1595 carne,
1993 1542 2131 1597 quo-

549 1619 699 1675 niam
738 1622 1029 1675 revertitur
1057 1621 1124 1675 ad
1160 1629 1370 1693 terram
1411 1622 1555 1677 unde
1591 1630 1808 1691 sumpta
1851 1629 1938 1676 est
1966 1618 2042 1685 ";
2077 1627 2133 1674 et

548 1709 693 1767 sicut
738 1714 854 1782 ipse
900 1711 1163 1768 Dominus
1200 1713 1386 1769 docuit
1432 1730 1533 1769 nos
1573 1724 1631 1769 ut
1678 1714 1970 1769 timeamus
2011 1728 2131 1767 eum

546 1807 641 1879 qui
678 1822 864 1874 corpus
894 1816 943 1860 et
973 1809 1207 1861 animam
1232 1816 1404 1877 potest
1427 1808 1641 1877 perdere
1667 1808 1720 1860 in
1744 1804 2127 1877 gehennam";

546 1908 605 1956 et
646 1914 712 1953 ex
769 1914 837 1954 eo
882 1899 1028 1969 quod
1083 1900 1217 1954 nihil
1264 1900 1334 1955 de
1391 1900 1585 1970 spiritu
1635 1899 1794 1965 dixit,
1847 1899 2129 1954 evidenter

549 1988 792 2043 ostendit
829 1989 1090 2060 quoniam
1136 1991 1363 2060 spiritus
1401 2006 1525 2046 cum
1563 2004 1795 2060 corpore
1827 1990 1913 2046 vel
1946 1989 2130 2045 anima

549 2081 854 2150 peccatrice
897 2098 1004 2136 non
1040 2082 1202 2137 simul
1241 2082 1488 2153 punitur.
1526 2081 1629 2147 Qui
1674 2082 1819 2135 enim
1862 2082 2127 2151 peccavit,

547 2171 829 2237 dividitur,
886 2181 943 2228 et
1000 2188 1127 2243 pars
1186 2172 1408 2242 quidem
1463 2172 1585 2241 ejus
1637 2187 1763 2225 cum
1816 2170 2129 2227 infidelibus

546 2267 799 2335 ponitur;
830 2266 975 2336 quod
997 2276 1178 2322 autem
1214 2281 1322 2321 non
1360 2266 1501 2336 ejus,
1537 2264 1831 2321 revertitur
1861 2264 1927 2320 ad
1956 2264 2126 2320 Deum

545 2357 644 2427 qui
676 2357 826 2413 dedit
853 2357 1002 2413 cum.

617 2447 708 2502 58.
746 2447 861 2501 Duo
899 2450 955 2502 in
997 2448 1131 2503 lecto
1171 2466 1299 2515 uno,
1354 2465 1492 2503 unus
1541 2459 1864 2516 assumatur,
1900 2459 1951 2503 et
1992 2448 2130 2503 alter

546 2538 873 2611 relinquetur
893 2541 958 2594 ³⁹.
988 2539 1149 2594 Extra
1172 2557 1267 2596 eos
1287 2543 1382 2609 qui
1407 2540 1665 2595 suntduo
1696 2540 1749 2594 in
1781 2555 1934 2610 agro,
1974 2549 2127 2594 extra

545 2645 643 2685 eas
664 2646 786 2700 qua:
818 2639 948 2686 sunt
977 2632 1098 2685 duae
1131 2631 1195 2683 ad
1232 2632 1454 2694 molam,
1502 2640 1630 2685 sunt
1659 2632 1769 2685 duo
1800 2645 2028 2699 corpora
2073 2629 2129 2684 in

550 2736 661 2776 una
697 2722 944 2787 materia,
988 2738 1054 2778 ex
1084 2723 1285 2793 quibus
1326 2724 1653 2793 corporibus
1695 2738 1865 2777 unum
1907 2721 2128 2792 quidem

545 2827 749 2882 corpus
794 2822 880 2869 est
911 2814 1047 2883 justi
1096 2813 1241 2883 quod
1291 2813 1615 2879 assumitur,
1664 2813 1897 2867 alterum
1943 2820 2126 2868 autem

470 2893 481 2899 ’
533 2919 748 2975 corpus
775 2904 1019 2976 ejusdem
1054 2906 1297 2960 materiae
1320 2906 1467 2977 quod
1503 2904 1852 2975 relinquitur.
1888 2902 1956 2959 Et
2000 2920 2127 2960 cor-

545 3009 647 3067 pus
679 2995 900 3067 quidem
933 2996 1092 3067 quasi
1128 2997 1407 3053 infirmum
1440 2996 1495 3051 in
1525 2997 1666 3052 lecto
1698 3004 1785 3051 cst
1821 2995 2127 3052 carnalium

545 3088 863 3160 passionum
931 3090 1185 3161 quamvis
1250 3099 1607 3157 assumatur;
1683 3091 1869 3145 anima
1941 3097 2125 3144 autent

2228 598 2347 653 finit
2371 597 2560 653 dicens
2585 595 2633 628 “
2674 613 2688 651 :
2728 594 2957 667 Vigilate
2996 610 3141 665 ergo,
3171 594 3296 662 quia
3336 592 3560 647 nescitis
3608 591 3819 660 quando

2227 689 2470 743 dominus
2514 687 2701 742 domus
2745 687 2935 754 veniet,
2979 701 3118 751 sero,
3162 700 3230 738 an
3292 684 3472 738 media
3531 692 3712 745 nocte,
3754 699 3818 737 an

2229 781 2359 853 galli
2403 789 2588 844 cantu,
2637 795 2919 833 anmaue.
2964 777 3367 834 Paterfamilias
3398 785 3591 832 autem
3627 776 3817 831 domus

2228 884 2312 929 est
2342 888 2541 929 sensus
2576 871 2849 939 hominis;
2876 872 3076 927 domus
3109 880 3292 927 autem
3320 869 3442 940 ejus
3465 868 3686 923 anima.
3717 865 3820 922 Fur

2229 982 2359 1022 vero
2391 967 2484 1037 qui
2519 963 2915 1037 patrefamilias
2968 964 3279 1019 dormiente
3334 962 3524 1019 subito
3570 960 3732 1016 venit
3771 969 3821 1015 et

2230 1059 2470 1131 perfodit
2488 1059 2738 1122 domum,
2768 1065 2902 1128 puto
2926 1055 3075 1127 quod
3104 1054 3352 1110 diabolus
3373 1063 3478 1120 est,
3514 1062 3613 1107 aut
3641 1050 3821 1107 omnis

2232 1167 2413 1208 sermo
2438 1151 2769 1216 contrarius,
2796 1149 3100 1205 secundum
3125 1148 3269 1219 quod
3293 1145 3638 1217 evangelista
3667 1142 3829 1198 Joauo

2232 1261 2330 1300 nes
2371 1259 2474 1298 nos
2516 1244 2674 1300 docet
2706 1245 2808 1299 hoc
2854 1244 3020 1298 modo
3058 1244 3246 1299 dicens
3278 1242 3325 1274 “
3371 1261 3387 1297 :
3433 1240 3628 1301 Amen,
3670 1253 3824 1292 amen

2231 1336 2351 1389 diro
2395 1335 2558 1401 vobis,
2603 1335 2692 1406 qui
2740 1351 2843 1389 non
2886 1336 3057 1389 intrat
3083 1350 3175 1406 per
3199 1334 3428 1403 januam
3457 1333 3517 1387 in
3549 1331 3821 1385 cohortem

2232 1427 2428 1493 arium,
2472 1426 2563 1482 sed
2609 1427 2848 1482 ascendit
2896 1426 3136 1493 aliunde,
3171 1427 3266 1481 ille
3305 1437 3385 1481 est
3423 1426 3518 1496 fur
3566 1434 3619 1479 et
3661 1424 3815 1477 latro.

2234 1517 2387 1574 Sicut
2406 1534 2538 1589 ergo
2555 1518 2647 1590 qui
2669 1534 2765 1589 per
2784 1519 3010 1590 januam
3034 1519 3205 1574 intrat
3226 1520 3280 1573 in
3300 1519 3586 1574 cohortem
3609 1517 3822 1582 ovium,

2234 1620 2419 1681 pastor
2456 1620 2541 1667 est
2578 1611 2762 1667 ovium
2805 1611 2896 1667 cui
2945 1611 3212 1667 ostiarius
3248 1611 3455 1682 aperit;
3490 1611 3588 1682 qui
3638 1620 3823 1665 autem

2235 1718 2342 1757 non
2377 1703 2545 1759 intrat
2580 1718 2676 1774 per
2700 1704 2961 1774 januam,
3014 1702 3112 1760 sed
3164 1704 3416 1760 ascendit
3450 1701 3701 1767 aliunde,
3742 1699 3830 1756 fur

2233 1805 2317 1851 est
2342 1805 2396 1850 et
2420 1796 2595 1864 latro;
2628 1798 2709 1853 sic
2738 1796 2999 1853 dominus
3031 1797 3230 1855 domus
3263 1796 3595 1853 fiducialiter
3619 1808 3727 1866 per
3747 1793 3829 1863 ja-

2234 1906 2399 1944 nuam
2428 1891 2650 1960 quando
2690 1892 2808 1947 vult
2859 1893 3163 1965 ingreditur
3196 1893 3251 1948 in
3292 1907 3416 1948 eam
3462 1904 3829 1945 remunerans

2234 1984 2567 2054 vigilantem.
2592 1984 2704 2041 Fur
2730 1996 2912 2041 autem
2940 1986 3100 2057 quasi
3128 1985 3216 2040 fur
3249 1999 3359 2039 non
3388 1998 3490 2052 per
3509 1982 3827 2040 naturalem

2232 2076 2519 2132 introitum
2553 2077 2719 2133 intrat
2745 2078 2801 2132 in
2833 2079 3060 2133 domum
3093 2076 3162 2132 ad
3194 2076 3436 2131 animam
3471 2075 3826 2147 negligentis,

2231 2171 2326 2226 sed
2353 2170 2513 2242 quasi
2556 2171 2650 2242 qui
2676 2170 2789 2241 jam
2828 2170 3025 2225 foderit
3068 2184 3212 2234 eam,
3245 2169 3487 2239 primum
3532 2167 3828 2223 destrui-na

2230 2263 2479 2335 quaedam
2507 2263 2777 2318 naturalia
2799 2263 3029 2318 aedilicia
3062 2262 3259 2317 animae
3284 2260 3431 2331 ejus,
3460 2268 3519 2316 et
3545 2260 3829 2316 naturales

2233 2354 2540 2411 intellectus
2571 2354 2625 2409 in
2656 2369 2723 2410 eo
2745 2355 2838 2425 qui
2865 2369 2972 2409 non
2998 2353 3262 2425 vigilavit,
3289 2368 3432 2423 quos
3459 2352 3829 2409 aedificaverit:

2235 2448 2375 2505 Deus
2411 2449 2672 2504 Verbum.
2706 2445 2772 2502 Et
2812 2463 2909 2519 per
2942 2448 3119 2518 ipsam
3163 2446 3497 2506 dirutiouem
3539 2446 3828 2517 ingressus

2231 2540 2320 2595 fur
2345 2541 2532 2610 diripit
2560 2556 2680 2596 eam
2712 2555 3007 2596 exarmans
3039 2554 3286 2600 sensum,
3323 2537 3552 2608 quando
3579 2548 3640 2593 et
3673 2553 3830 2608 sepe-

2231 2634 2368 2689 licns
2424 2649 2534 2689 non
2586 2632 2899 2702 vigilantem
2961 2631 3417 2703 patremfamilias
3466 2631 3653 2702 spolia
3706 2630 3827 2701 ejus

2230 2708 2540 2782 distribuet.
2596 2725 2819 2796 Alioqui
2873 2734 3056 2781 autem
3109 2724 3317 2779 invenit
3360 2724 3490 2795 quis
3536 2722 3721 2779 furem
3771 2723 3825 2778 in

2230 2816 2349 2887 ipsa
2370 2816 2736 2888 perfossione,
2757 2826 2814 2874 et
2835 2818 3307 2888 comprehendeus
3327 2833 3455 2874 eum
3477 2818 3647 2890 quasi
3671 2830 3827 2873 arma

2232 2923 2330 2972 sua
2362 2907 2572 2965 habens
2600 2908 2836 2979 percutit
2869 2908 3070 2976 furem,
3099 2916 3153 2965 et
3185 2924 3576 2980 percussorem
3612 2921 3829 2966 sermo-

2232 3013 2354 3053 nem
2387 2997 2687 3055 immutans
2714 3014 2863 3066 eum,
2909 2999 3170 3056 interficit
3196 3015 3344 3065 eum,
3381 2998 3613 3072 quando
3640 3009 3700 3057 et
3736 3000 3827 3055 in-

2230 3089 2503 3147 terﬁciens
2536 3091 2810 3147 homicida
2840 3106 2950 3147 non
3001 3091 3371 3160 existimatur,
3417 3093 3638 3165 absque
3676 3092 3827 3149 omni

546 3190 768 3252 propter
801 3181 975 3237 multa
1020 3197 1142 3252 quae
1182 3181 1419 3237 sustinet
1456 3181 1512 3236 in
1544 3181 1650 3236 hoc
1701 3180 1927 3244 mundo,
1972 3179 2130 3235 molit
2157 3192 2200 3252 α
2233 3181 2494 3238 dilatione
2530 3182 2868 3241 interficiens
2893 3199 3046 3241 eum.
3077 3183 3135 3240 Si
3170 3194 3353 3241 autem
3401 3200 3521 3242 non
3561 3186 3712 3257 apud
3744 3201 3825 3255 se,

546 3272 603 3329 in
647 3273 789 3329 mola
828 3273 1015 3328 mundi
1046 3290 1063 3331 :
1095 3288 1291 3330 sensus
1316 3283 1497 3328 autem
1535 3272 1589 3328 in
1625 3288 1780 3344 agro,
1824 3272 2129 3329 secundum

544 3379 610 3420 ea
638 3379 762 3434 qua:
786 3364 1050 3428 diximus,
1081 3374 1340 3435 operatur
1360 3380 1485 3435 qua:
1507 3378 1787 3436 operatur.

619 3455 711 3512 59.
764 3454 1012 3526 l’igitate,
1045 3457 1173 3527 quia
1201 3456 1416 3512 nescitis
1455 3473 1559 3528 qua
1588 3456 1720 3511 hora
1754 3454 2013 3512 Dominus
2050 3473 2133 3513 ve-

547 3556 655 3603 ster
670 3547 859 3613 veniet,
885 3555 940 3603 et
964 3547 1173 3619 reliqua
1200 3547 1247 3581 ⁸ο
1274 3566 1287 3603 :
1310 3563 1418 3604 non
1446 3549 1640 3606 dantes
1670 3564 1924 3607 somnum
1952 3550 2129 3608 oculis

547 3638 746 3695 anima
782 3647 1008 3706 nostrae,
1044 3655 1223 3711 neque
1263 3639 1707 3697 dormitationem
1736 3642 2032 3714 palpebris,
2067 3652 2131 3701 ut

547 3740 925 3801 exspectemus
955 3732 1040 3787 vel
1070 3740 1343 3800 nostrum,
1373 3735 1459 3789 vel
1484 3734 1671 3791 steculi
1703 3735 1889 3803 finem,
1924 3736 2040 3793 sive
2070 3746 2131 3794 ut

442 3864 447 3867 -
547 3822 613 3879 de
635 3822 740 3880 hac
777 3823 887 3879 vita
915 3823 1283 3893 egrediamur,
1329 3825 1446 3881 sive
1481 3834 1543 3882 ut
1568 3827 1729 3884 nobis
1775 3843 2129 3885 consumme-

547 3924 636 3971 tur
689 3915 777 3972 hic
811 3916 1069 3972 mundus.
1111 3915 1327 3984 Quaeret
1369 3927 1551 3974 autem
1601 3920 1800 3991 aliquis
1848 3920 2129 3991 quomodo

547 4022 785 4078 praesens
809 4008 967 4078 juxta
987 4008 1298 4090 discipulos
1337 4008 1606 4068 Dominus
1645 4013 2002 4079 constitutus,
2054 4014 2130 4070 ita

547 4103 791 4170 loquitur
814 4103 975 4174 quasi
1021 4118 1129 4158 non
1160 4119 1424 4175 praesens,
1469 4106 1565 4162 sed
1595 4114 1863 4166 venturus
1904 4106 1972 4161 ad
2013 4120 2127 4174 eos,

546 4193 734 4251 dicens
778 4212 794 4250 :
846 4195 1073 4266 Vigilate
1109 4196 1235 4267 quia
1278 4198 1493 4253 nescitis
1536 4213 1643 4268 qua
1683 4197 1817 4252 liora
1869 4197 2130 4253 Dominus

547 4297 715 4343 vester
753 4288 946 4344 veniet.
990 4287 1057 4343 Et
1097 4288 1243 4344 dicet
1274 4288 1496 4360 quidem
1534 4290 1632 4361 qui
1677 4290 1981 4360 simplicior
2021 4296 2127 4351 est.

547 4380 806 4448 quoniam
870 4379 939 4436 de
986 4380 1228 4436 secundo
1278 4381 1516 4437 adventu
1569 4382 1625 4437 in
1685 4398 1798 4453 quo
1863 4392 2131 4439 venturus

549 4467 745 4536 fuerat,
787 4470 937 4528 hunc
974 4471 1192 4527 dicebat
1237 4488 1569 4530 sermonem.
1617 4473 1775 4530 Alius
1812 4483 1994 4530 autem
2043 4476 2128 4529 in-

548 4558 880 4630 telligibilem
929 4571 984 4618 et
1022 4561 1266 4617 futurum
1325 4563 1383 4619 in
1442 4579 1668 4621 sensum
1724 4566 2125 4638 discipulorum
2163 4540 2204 4594 θ

551 4647 715 4704 Verbi
768 4651 987 4708 dicebat
1033 4654 1361 4719 adventum;
1423 4658 1553 4729 quia
1606 4658 1848 4714 nondum
1904 4669 2024 4716 erat
2070 4660 2125 4715 in

549 4757 712 4801 sensu
764 4759 952 4799 eorum
1000 4748 1460 4817 quemadmodum
1505 4761 1623 4806 erat
1668 4750 1931 4809 futurus:
1988 4770 2128 4825 quo-

548 4838 719 4905 niam,
757 4839 900 4894 sicut
950 4855 1048 4910 per
1089 4841 1235 4896 hunc
1273 4841 1455 4899 locum
1494 4843 1860 4912 demonstrat,
1893 4845 1947 4899 in
1983 4846 2123 4917 vigi-

547 4929 791 4987 lantibus
845 4940 1105 5001 operatur
1164 4933 1307 4989 diem
1368 4935 1638 4991 adventus
1694 4936 1781 4994 sui
1860 4937 1916 4991 in
2003 4939 2126 4994 aui-

548 5037 694 5077 mam
737 5038 928 5078 eorum
956 5024 1051 5094 qui
1092 5024 1471 5081 illuminantur
1523 5042 1553 5081 a
1606 5027 1811 5083 lumine
1851 5044 1984 5084 vero
2033 5045 2126 5085 ve-

548 5114 749 5171 nientis
779 5116 844 5171 ad
871 5117 1083 5172 animas
1106 5115 1372 5187 ipsorum.
1398 5116 1545 5172 Illud
1568 5130 1745 5173 autem
1761 5120 1964 5185 scitote,
1995 5136 2127 5191 quo-

549 5201 697 5258 niam
726 5201 891 5273 877
924 5204 972 5258 si
997 5205 1153 5259 sciret
1191 5207 1582 5275 paterfamilias
1612 5224 1719 5279 qua
1749 5210 1995 5264 custodia
2037 5210 2128 5279 fur

549 5294 709 5359 venit,
740 5294 984 5365 rigilaret
1019 5297 1222 5367 utique,
1244 5307 1295 5353 et
1327 5315 1431 5352 non
1460 5301 1656 5354 sineret
1681 5302 1887 5371 per/odi
1913 5302 2127 5357 domum

550 5398 704 5437 suam
749 5385 816 5440 δι.
874 5386 1161 5454 Quomodo
1215 5386 1321 5445 rion
1363 5391 1608 5448 sineret?
1653 5392 1783 5449 Sine
1828 5394 2000 5450 dubio
2033 5412 2131 5465 per

552 5476 888 5546 vigilantiam
929 5496 1109 5537 suam.
1153 5482 1282 5539 Ideo
1330 5496 1379 5539 et
1415 5502 1502 5539 vos
1550 5497 1716 5541 estote
1762 5489 1961 5557 parati,
2002 5491 2129 5560 quia

550 5581 655 5635 qua
686 5572 938 5625 custodia
979 5588 1080 5627 non
1121 5577 1368 5645 speratis,
1407 5576 1582 5631 Filius
1614 5579 1841 5635 hominis
1879 5591 2128 5637 venturus
2173 5631 2180 5638 .

549 5667 627 5712 est
651 5658 719 5710 ".
753 5658 857 5713 Sed
889 5659 1175 5720 Matthaeus
1203 5667 1421 5735 quidem
1458 5668 1755 5735 indefinite,
1789 5668 2006 5727 Marcus
2031 5687 2133 5726 au-

652 5770 1157 5851 .‘f!’930.-It!.!§i-
1247 5782 1292 5815 ³⁸
1322 5799 1417 5845 xw
1449 5785 1500 5837 ⁷-
1577 5786 1998 5851 “CW-“hm-

2234 3275 2326 3330 sed
2360 3275 2504 3347 apud
2533 3290 2660 3331 eum
2702 3276 2798 3347 qui
2844 3277 3059 3333 occulta
3102 3277 3289 3333 omnia
3330 3276 3636 3337 manifesta
3674 3278 3823 3344 facit,

2232 3367 2714 3439 romprebenderit
2748 3368 2876 3439 quis
2904 3383 3031 3425 eum
3077 3368 3176 3440 qui
3209 3366 3427 3425 furatus
3463 3368 3658 3427 fuerat
3682 3370 3823 3430 bona

2231 3463 2374 3534 ejus,
2424 3473 2480 3518 et
2530 3459 2860 3517 intellexerit
2900 3474 3051 3527 eum,
3097 3468 3154 3516 et
3192 3459 3539 3532 redarguerit
3577 3476 3736 3530 eum,
3771 3461 3823 3518 id

2232 3564 2336 3623 est,
2369 3552 2705 3611 interfecerit
2730 3567 2882 3621 eum,
2917 3552 3125 3609 nullam
3153 3551 3372 3610 veniam
3404 3552 3582 3610 habet
3607 3562 3823 3610 mortuo

2230 3654 2398 3719 atque
2420 3643 2775 3702 manifestato
2816 3641 2927 3698 furi
2960 3660 2975 3697 :
3006 3650 3062 3699 et
3091 3642 3208 3713 ipse
3238 3641 3387 3698 enim
3435 3644 3736 3700 morietur.
3760 3643 3824 3699 Et

2234 3738 2355 3794 vide
2404 3752 2474 3793 ne
2512 3735 2654 3793 forte
2704 3735 2811 3791 tale
2850 3733 3059 3806 aliquid
3087 3733 3360 3806 significet
3401 3734 3491 3790 lex
3539 3733 3822 3808 Moysidi-

2233 3844 2366 3886 cens
2390 3827 2437 3861 “
2467 3846 2481 3883 :
2514 3825 2576 3883 Si
2603 3835 2783 3882 autent
2808 3826 2864 3881 in
2887 3826 3007 3896 ipsa
3031 3825 3359 3896 perfossione
3381 3826 3635 3883 inventus
3664 3827 3819 3898 fuerit

2234 3922 2343 3994 fur,
2375 3930 2426 3977 et
2458 3936 2735 3992 percussus
2771 3927 3013 3974 mortuus
3043 3918 3229 3989 fuerit,
3260 3936 3365 3974 non
3402 3931 3483 3975 est
3514 3921 3570 3975 ei
3606 3920 3822 3976 homici-

2235 4016 2402 4070 dium.
2431 4014 2585 4081 Quod
2618 4014 2668 4067 si
2693 4022 2841 4068 ortus
2876 4011 3039 4082 fuerit
3069 4013 3150 4067 sol
3176 4027 3335 4082 super
3367 4029 3511 4080 eum,
3548 4030 3675 4068 reus
3700 4024 3775 4068 est
3800 4028 3819 4068 :

2235 4110 2491 4163 morietur
2515 4124 2610 4177 pro
2641 4122 2722 4160 eo.
2747 4105 2851 4173 Qui
2874 4106 3018 4161 enim
3048 4106 3371 4176 priusquam
3397 4105 3568 4163 faciat
3596 4107 3817 4169 malum.

2233 4203 2513 4273 cognoscit
2555 4201 2756 4256 malum
2795 4208 2851 4255 et
2882 4196 3183 4271 confringit
3222 4200 3278 4255 in
3324 4201 3531 4271 seipso,
3576 4201 3699 4273 ipse
3738 4211 3819 4257 est

2231 4297 2324 4367 qui
2356 4294 2801 4366 comprehendit,
2832 4305 2888 4349 et
2927 4293 3187 4351 interficit
3222 4295 3279 4350 ln
3315 4308 3403 4363 eo,
3447 4295 3584 4352 dum
3637 4298 3817 4369 perfo-

2231 4389 2451 4444 deretur
2484 4389 2553 4444 ab
2596 4403 2683 4446 eo.
2733 4388 2837 4457 Qui
2883 4399 3065 4445 autem
3115 4399 3408 4461 postquam
3464 4389 3659 4447 fecerit
3705 4405 3820 4447 ma-

2234 4482 2370 4548 lum,
2424 4480 2680 4552 quamvis
2733 4481 3075 4553 redarguerit
3132 4497 3259 4539 eum
3311 4490 3465 4538 extra
3508 4496 3572 4537 se
3615 4481 3814 4537 malum

2235 4571 2742 4642 comprehendisse,
2797 4580 2853 4626 et
2910 4583 3065 4628 extra
3112 4573 3335 4628 domum
3381 4586 3542 4628 suam
3600 4571 3817 4628 interfo-

2236 4666 2378 4720 eissc
2424 4663 2661 4732 videtur,
2709 4666 2844 4721 nihil
2885 4666 2936 4722 ei
2986 4666 3233 4737 prodest,
3276 4681 3406 4721 reus
3432 4664 3584 4720 enim
3643 4664 3815 4720 factus

2233 4764 2318 4809 est
2393 4755 2608 4811 mortis.
2684 4754 2819 4813 Nam
2900 4773 3118 4813 omnem
3180 4757 3461 4814 hominem
3524 4767 3810 4828 postquam

2234 4845 2542 4915 peccaverit
2581 4860 2859 4902 reversmn
2893 4846 2947 4901 in
2980 4863 3061 4908 se,
3101 4862 3298 4904 sensus
3332 4846 3556 4902 divinus
3597 4847 3693 4917 qui
3732 4853 3811 4901 est

2235 4935 2288 4987 iu
2322 4934 2502 4998 nobis,
2532 4933 2811 4991 illuminat
2839 4937 2998 5005 quasi
3031 4936 3147 5002 lux,
3179 4946 3240 4992 ut
3267 4937 3644 5007 intelligamus
3672 4934 3807 5009 quod

2233 5026 2506 5096 gessimus
2538 5026 2742 5082 malum
2776 5028 2843 5082 ad
2888 5027 3263 5098 prazjudicium
3295 5038 3573 5093 nostrum,
3607 5044 3715 5084 non
3740 5027 3803 5083 ad

2233 5119 2466 5173 salutem
2495 5134 2509 5172 :
2538 5126 2721 5173 tamen
2759 5118 2814 5172 in
2857 5127 3007 5173 textu
3034 5117 3139 5174 hoc
3178 5115 3551 5197 Evangeliiin
3582 5132 3692 5188 quo
3721 5116 3803 5174 1οε

2236 5211 2478 5281 quimur,
2515 5225 2624 5264 non
2670 5209 2723 5263 in
2770 5207 2860 5263 die
2904 5206 2994 5263 fur
3033 5209 3203 5275 venit,
3250 5210 3475 5280 quando
3506 5209 3801 5264 illuminata

2236 5311 2321 5356 est
2349 5317 2379 5355 a
2426 5300 2543 5355 sole
2572 5298 2799 5370 justitiae
2839 5300 3021 5353 anima
3055 5299 3294 5354 hominis
3336 5299 3592 5362 studiosi,
3628 5298 3717 5354 sed
3746 5298 3798 5351 in

2238 5402 2417 5457 nocte,
2445 5403 2499 5446 et
2526 5390 2579 5445 in
2605 5399 2848 5460 tempore
2874 5388 3055 5445 adhuc
3082 5389 3303 5445 malitiae
3332 5388 3713 5460 permanentis.
3740 5385 3795 5440 lu

2236 5501 2344 5555 qua
2373 5500 2500 5540 cum
2546 5483 2711 5539 fuerit
2750 5482 2969 5554 aliquis,
3001 5483 3266 5554 possibile
3297 5492 3404 5548 est,
3436 5482 3541 5538 etsi
3574 5498 3678 5536 non
3704 5480 3794 5534 ha-

2236 5579 2412 5633 huertt
2436 5577 2691 5631 virtutem
2726 5576 2879 5641 solis,
2909 5586 3090 5631 tamen
3115 5587 3174 5631 ut
3202 5575 3504 5631 illustretur
3532 5589 3597 5629 ex
3623 5573 3793 5641 aliqua

2238 5669 2527 5740 Splendore
2569 5669 2787 5724 modico
2829 5666 2991 5723 Verbi
3037 5668 3182 5738 quod
3234 5675 3320 5722 est
3363 5666 3585 5721 lucerna
3626 5663 3792 5719 adhuc

2112 5788 2156 5820 ³⁸
2178 5786 2371 5841 Matth.
2404 5803 2458 5845 κ,
2491 5785 2580 5839 ‘28.
2660 5784 2703 5817 ³⁹
2736 5784 2867 5839 Luc.
2901 5799 3034 5852 xvn,
3060 5785 3148 5841 5i.
3227 5785 3271 5823 δ’
3312 5782 3502 5841 Matth.
3529 5796 3668 5847 XXIV,
3700 5777 3785 5836 ἃ.

550 5840 592 5874 ει
624 5842 751 5900 ibid.
788 5838 925 5901 ta'
981 5838 1040 5880 δέ
1076 5848 1263 5906 Matth.
1319 5838 1466 5920 xxiv,
1523 5857 1610 5910 ti.
1650 5838 1770 5889 *ἴδ’
1796 5838 2040 5920 5.1.33.
2117 5860 2131 5890 η

2396 5838 2639 5913 “facit.
2670 5838 2806 5922 un,
2828 5838 2884 5925 ἱ,
2904 5838 2963 5910 ἐζ
