4004 6560
240 433 403 491 i653

1401 448 2054 507 COMMENTARIORUM
2095 450 2358 508 SEIUES.

3381 465 3519 521 169$

233 553 481 624 quidem
507 569 732 610 manens
759 557 814 611 in
845 557 1024 625 malis,
1047 559 1156 629 jam
1187 569 1365 616 tamen
1400 563 1612 620 habens
1637 583 1834 636 propo-
1867 574 1911 630 Α
1942 585 2092 639 spem
2119 557 2318 624 bonam
2345 570 2564 624 habebit
2586 573 2631 626 si
2659 576 3022 642 permanserit
3046 591 3218 646 usque
3244 578 3312 633 ad
3339 593 3499 638 mane

230 646 426 700 situm
462 646 773 715 meliorum,
815 659 868 704 et
905 651 1268 722 vigilantiam,
1307 663 1366 709 ut
1399 671 1468 712 ne
1499 657 1838 728 perfodiatur

230 739 601 808 propositum
633 741 754 811 ejus
782 742 848 796 ad
890 745 1117 800 meliora
1161 747 1483 816 respiciens.
1530 750 1664 806 Nam
1699 754 1841 810 sicut

229 829 490 902 legimus
520 835 663 903 apud
707 835 1006 904 Pastorem,
1043 855 1172 894 vasa
1207 841 1367 910 plena
1423 858 1531 899 non
1563 845 1674 900 cito
1710 848 1838 917 quis

230 933 461 992 gustat,
496 942 596 982 nec
619 928 761 982 enim
792 941 1074 988 mutantur
1104 935 1290 1003 facile;
1323 939 1619 1009 semiplena
1653 951 1836 995 autem

228 1018 382 1086 quia
414 1017 570 1074 facile
597 1020 898 1076 creduntur
931 1028 1154 1092 mutari,
1184 1027 1496 1100 frequenter
1522 1042 1833 1103 gustantur.

228 1106 318 1162 Et
353 1111 475 1165 vide
509 1112 554 1166 si
587 1122 743 1182 potes
778 1115 845 1169 ad
885 1118 1043 1172 talem
1084 1121 1299 1177 trahere
1338 1123 1670 1180 intellectum
1705 1128 1835 1182 illud

228 1201 397 1268 quod
427 1201 555 1257 alibi
586 1205 846 1260 scribitur
870 1207 916 1240 “
951 1227 964 1262 :
998 1209 1118 1266 Sint
1143 1224 1317 1268 autem
1343 1215 1510 1270 lumbi
1535 1220 1692 1272 vestri
1719 1237 1836 1274 suc-

226 1291 434 1357 cincti,
467 1302 516 1346 et
545 1293 776 1352 lucerna:
805 1302 1070 1367 ardentes,
1101 1315 1148 1358 et
1183 1322 1270 1360 vos
1301 1308 1500 1364 similes
1534 1311 1835 1367 hominibus

135 1452 144 1456 _
230 1386 672 1444 exspectantibus
715 1390 989 1446 dominum
1038 1412 1192 1449 suum
1239 1401 1452 1466 quando
1505 1413 1835 1468 revertatur;

227 1477 508 1544 quoniam
531 1481 621 1548 qui
643 1483 881 1538 nondum
899 1495 984 1543 est
1007 1489 1058 1540 in
1077 1489 1284 1546 lumine
1301 1503 1356 1547 et
1375 1493 1427 1548 in
1446 1493 1533 1550 die
1549 1495 1832 1564 virtutum,

228 1568 656 1636 prmhctautem
691 1590 749 1630 se
772 1576 884 1646 jam
921 1579 1185 1636 doctrina:
1218 1584 1545 1641 illuminanti
1591 1589 1858 1644 animam-

231 1673 429 1728 suam,
459 1666 760 1722 secundum
793 1672 938 1740 quod
967 1675 1226 1742 possibile
1250 1687 1353 1742 est,
1387 1680 1442 1733 in
1472 1681 1665 1750 primis
1702 1698 1830 1740 suc-

231 1750 461 1809 cinctus
494 1767 608 1822 est,
641 1768 696 1814 et
744 1773 994 1818 avertens
1035 1766 1274 1837 seipsum
1312 1770 1380 1825 ab
1412 1771 1680 1829 effusione
1719 1791 1834 1830 ma-

233 1841 379 1898 litiae
413 1847 584 1901 utitur
611 1851 852 1908 nondum
882 1857 1100 1925 quidem
1129 1861 1286 1929 quasi
1315 1861 1422 1916 diei
1451 1863 1657 1920 lumine
1683 1865 1832 1921 claro

1945 664 2210 734 incipiens
2242 681 2270 719 a
2305 666 2481 720 medla
2521 675 2679 721 nocte
2709 666 2952 736 vigilare,
2985 667 3038 722 id
3070 682 3153 724 est
3180 686 3211 725 a
3238 673 3499 731 virilitate

1946 754 2001 810 Si
2029 766 2209 811 autem
2244 755 2521 827 perfectus
2553 757 2606 812 in
2643 764 2887 828 tempore
2915 760 3120 816 aestatis
3151 765 3394 834 corporis
3431 766 3520 824 sui

1940 851 2170 905 audiens
2207 851 2447 904 divinam
2484 849 2813 916 doctrinam,
2849 853 3150 922 susceperit
3183 854 3307 910 inde
3339 857 3520 914 lucer-

1940 956 2088 1004 nam,
2112 941 2268 1010 quasi
2295 941 2484 996 volens
2507 941 2690 996 vivere
2715 943 3015 998 secundum
3047 943 3137 998 Dei
3165 959 3516 1017 prmeeptnm,

1939 1042 1992 1086 et
2027 1034 2127 1088 iste
2159 1035 2366 1088 habens
2401 1034 2680 1089 lucernam
2733 1051 2761 1089 a
2798 1036 2922 1106 galli
2969 1046 3154 1100 cantu,
3186 1047 3240 1092 et
3268 1039 3518 1110 vigilans,

1939 1136 1990 1182 et
2021 1142 2344 1195 permanens
2372 1143 2546 1199 usque
2574 1126 2639 1180 ad
2675 1143 2854 1192 mane,
2884 1143 2992 1183 non
3023 1129 3197 1198 perdit
3228 1130 3384 1185 bona:
3406 1148 3523 1187 ser-

1938 1220 2124 1273 vitutis
2155 1221 2460 1274 mercedem
2496 1219 2548 1273 in
2591 1228 2831 1288 tempore
2872 1220 3111 1275 modico.
3152 1220 3207 1276 Si
3255 1223 3522 1292 possibile

1939 1319 2118 1364 autem
2153 1317 2236 1363 est
2275 1318 2329 1364 et
2358 1311 2541 1364 statim
2575 1309 2719 1364 circa
2767 1311 2942 1381 ipsam
2987 1312 3519 1369 consummationem

1940 1404 2135 1466 noctis,
2185 1401 2234 1455 id
2270 1411 2352 1456 est
2403 1409 2690 1471 postquam
2738 1417 2873 1471 pene
2916 1411 3088 1457 totum
3143 1413 3360 1475 tempus
3396 1409 3522 1464 vita:

1938 1507 2050 1546 suae
2075 1492 2479 1562 consumpserit
2509 1491 2739 1558 malitia,
2776 1501 2835 1547 ut
2866 1494 3094 1549 credens
3128 1498 3390 1553 accendat
3415 1499 3520 1555 sibi

1940 1583 2238 1650 lucernam,
2275 1592 2330 1637 et
2360 1583 2541 1654 vigilet
2570 1586 2654 1640 vel
2691 1584 2913 1640 residuo
2949 1595 3215 1656 tempore,
3249 1597 3302 1642 et
3336 1589 3383 1643 si
3423 1606 3520 1644 ve-

1941 1674 2081 1728 nerit
2122 1673 2389 1730 Dominus
2418 1675 2615 1732 domus
2648 1691 2773 1731 cum
2819 1677 2992 1748 gratia
3031 1694 3152 1741 sua,
3188 1680 3518 1748 quibusdam

1937 1769 2155 1838 quidem
2203 1784 2233 1822 a
2269 1784 2491 1838 vespere
2532 1770 2965 1825 commorabitur
3011 1787 3185 1842 usque
3224 1774 3290 1828 ad
3334 1790 3517 1842 mane,

1937 1861 2060 1918 aliis
2095 1869 2274 1916 autem
2310 1878 2339 1914 a
2375 1862 2552 1915 media
2589 1872 2769 1927 nocte,
2807 1863 3124 1919 illmninans
3161 1880 3258 1920 eos
3297 1865 3352 1919 in
3388 1865 3518 1921 reli-

231 1935 488 2002 virtutis,
539 1942 632 1996 sed
680 1945 903 2002 lucerna
954 1965 1060 2019 qua
1114 1953 1372 2022 possibile
1407 1964 1493 2011 est
1533 1956 1824 2015 illuminari

1935 1968 2126 2022 quum,
2163 1951 2285 2006 aliis
2323 1967 2453 2006 vero
2496 1967 2526 2006 a
2575 1953 2700 2022 galli
2741 1962 2904 2008 cantu
2947 1956 3131 2008 minus
3181 1969 3518 2010 conversaris

230 2031 411 2086 etiam
445 2036 540 2105 qui
571 2039 622 2091 in
657 2040 860 2096 malitia
886 2053 990 2099 est.
1023 2044 1123 2101 llic
1148 2063 1278 2118 ergo
1304 2050 1462 2120 cujus
1491 2052 1717 2110 lucerna
1748 2056 1830 2112 sic

231 2137 477 2180 accensa
505 2138 606 2194 est,
643 2142 966 2201 exspectans
1011 2146 1095 2192 est
1137 2138 1428 2197 Dominum
1463 2159 1624 2200 suum
1657 2145 1826 2202 Deum

233 2209 510 2284 Verbum,
546 2230 604 2273 ut
647 2235 926 2281 revertens
959 2229 1144 2283 veniat
1174 2231 1239 2284 ad
1292 2248 1418 2287 cum
1461 2235 1552 2304 qui
1607 2237 1824 2294 interim

231 2305 440 2362 habuit
473 2309 527 2364 in
559 2314 854 2384 semetipso
885 2317 1186 2388 lucernam,
1216 2331 1270 2377 et
1300 2323 1627 2382 illuminavit
1658 2337 1825 2385 totam

231 2407 482 2454 mentem
512 2399 704 2470 ipsius,
737 2405 986 2464 videlicet
1014 2412 1171 2480 quasi
1213 2414 1313 2469 sol.
1349 2412 1416 2470 Et
1446 2421 1828 2492 unusquisque

233 2491 545 2547 secundum
580 2509 740 2551 suum
776 2499 1080 2568 profectum
1123 2503 1367 2562 incendit
1407 2508 1692 2567 lucernam
1734 2491 1828 2570 aut

236 2580 454 2649 minus,
485 2594 579 2641 aut
601 2590 837 2658 amplius
864 2608 892 2646 a
925 2593 1130 2651 lumine
1156 2598 1419 2668 scientiae,
1443 2610 1497 2657 et
1519 2603 1697 2659 oleum
1728 2622 1826 2676 per

234 2674 656 2734 meditationem
688 2681 946 2750 infundit,
975 2696 1029 2742 et
1063 2687 1116 2742 in
1150 2690 1266 2760 ipsa
1298 2693 1528 2763 vigilans
1558 2674 1825 2755 adversus

232 2771 569 2864 peccatricia
599 2788 787 2844 opera,
816 2793 1044 2847 sperans
1079 2797 1173 2851 per
1207 2785 1596 2846 abstinentiam
1631 2793 1826 2864 hujus-

235 2861 415 2928 modi,
443 2871 499 2918 et
526 2867 930 2926 meditationem
961 2871 1252 2931 Dominum
1278 2880 1562 2950 suscipere
1592 2885 1646 2938 in
1677 2861 1827 2958 seip-

232 2965 388 3005 sum.
429 2951 498 3008 Et
534 2963 710 3012 tamen
734 2959 826 3028 qui
870 2961 1242 3023 abundantius
1285 2971 1518 3038 proficit,
1557 2982 1612 3028 et
1639 2951 1824 3045 poste-

229 3054 387 3098 riora
423 3046 645 3114 quidem
678 3050 1043 3118 obliviscitur,
1093 3056 1149 3110 id
1189 3068 1292 3126 est,
1328 3062 1618 3132 malitiam,
1647 3069 1824 3123 modi-

225 3146 366 3190 cum
393 3144 574 3193 autem
599 3139 722 3210 ejus
744 3143 926 3201 adhuc
957 3146 1120 3203 habet
1146 3149 1198 3203 in
1223 3166 1300 3218 se,
1327 3151 1442 3222 jam
1465 3156 1533 3210 ad
1562 3157 1818 3213 virtutem

230 3225 596 3299 propinquat,
639 3235 1028 3293 convenienter
1068 3239 1268 3297 dicitur
1315 3263 1327 3298 :
1371 3243 1492 3299 Non:
1536 3253 1817 3318 promovit,

1938 2061 2062 2099 cum
2094 2045 2194 2100 eis.
2242 2042 2347 2098 Sed
2384 2057 2562 2113 neque
2608 2059 2768 2098 mane
2800 2045 3162 2102 acccndentes
3211 2046 3514 2108 lucernam.

1929 2147 1989 2208 .et
2024 2139 2313 2210 vigilantes
2342 2150 2565 2211 propter
2589 2143 3051 2211 exspectationem
3089 2141 3328 2210 Domini,
3360 2143 3515 2198 dere-

1936 2231 2165 2302 linquet,
2198 2232 2291 2287 sed
2319 2233 2484 2286 etiam
2514 2233 2651 2289 istos
2682 2233 2967 2288 inveniens
2991 2234 3219 2288 minime
3241 2234 3517 2289 dormien-

1937 2334 2038 2392 tes,
2084 2341 2260 2396 neque
2307 2326 2581 2382 cubilibus
2629 2335 2683 2381 et
2730 2326 3092 2397 impudicitiis
3145 2327 3511 2395 attendentes,

1936 2420 2226 2474 honorabit
2257 2434 2354 2475 eos
2389 2419 2599 2474 honore
2627 2433 2738 2488 quo
2783 2418 2979 2489 dignos
3010 2433 3133 2474 esse
3173 2422 3510 2491 cognoverit.

1935 2510 1999 2564 Et
2039 2494 2126 2564 fur
2152 2527 2281 2581 ergo
2323 2512 2568 2566 custodia
2600 2511 2859 2581 quadam,
2899 2520 2953 2565 et
2999 2511 3132 2566 hora
3181 2511 3362 2567 noctis
3411 2513 3512 2567 ad-

1936 2609 2139 2667 ventat,
2165 2611 2220 2656 et
2252 2601 2488 2671 perfodit
2519 2603 2743 2657 domum
2773 2601 2892 2671 ejus
2925 2616 3088 2671 quem
3117 2617 3223 2657 non
3248 2603 3516 2659 invenerit

1934 2695 2245 2766 vigilantem
2293 2710 2470 2764 neque
2521 2695 2814 2751 habentem
2871 2695 3153 2750 lucernam
3199 2710 3510 2751 accensam.

1933 2786 2000 2841 Et
2027 2786 2357 2856 quibusdam
2392 2787 2611 2857 quidem
2651 2787 2967 2858 supervenit
2993 2801 3237 2858 vespere,
3265 2785 3386 2842 aliis
3412 2801 3514 2840 au-

1936 2886 2042 2932 tem
2077 2878 2254 2932 media
2291 2886 2470 2942 nocte,
2502 2877 2832 2947 quibusdam
2866 2888 3048 2930 autem
3082 2886 3137 2931 et
3166 2876 3292 2947 galli
3323 2884 3511 2942 cantu,

1931 2982 2060 3026 sunt
2097 2982 2277 3024 autem
2309 2978 2364 3023 et
2393 2969 2592 3038 quibus
2623 2983 2804 3023 mane.
2837 2966 2906 3022 Et
2951 2967 3222 3022 Dominus
3259 2966 3510 3022 custodia

1929 3062 2166 3134 quadam
2205 3070 2261 3115 et
2288 3060 2425 3114 hora
2471 3059 2645 3114 noctis
2673 3059 2846 3120 venit,
2879 3067 2934 3113 et
2971 3057 3199 3114 forsitan
3247 3056 3513 3112 Dominus

1931 3154 2006 3208 illi
2039 3153 2189 3208 venit
2218 3153 2306 3208 cui
2339 3151 2428 3206 fur
2467 3151 2690 3206 veniens
2724 3149 2863 3204 nihil
2885 3149 3065 3205 facere
3091 3149 3288 3220 potuit,
3316 3147 3511 3204 videli-

1929 3253 2017 3302 cet
2062 3261 2168 3300 non
2201 3244 2502 3315 permissus
2532 3241 2819 3312 perfodere
2866 3239 3090 3296 domum
3134 3240 3411 3312 vigilantis
3452 3247 3509 3295 et

229 3322 352 3374 dies
376 3330 551 3413 autem
575 3329 1014 3399 appropinquavit
1039 3332 1105 3386 ν’.
1141 3331 1479 3405 Signandum
1505 3310 1589 3405 est
1616 3310 1819 3413 autem,
1851 3310 1893 3370 (ἶ
1926 3310 2215 3394 lucernam
2240 3310 2549 3392 accensam
2573 3333 2845 3390 habentis.
2894 3333 2976 3389 Ad
3017 3348 3142 3389 eum
3181 3310 3364 3388 autem
3408 3330 3507 3402 qui

230 3412 502 3507 quoniam
528 3415 666 3471 dixit
692 3435 707 3473 :
741 3418 867 3476 Dies
896 3433 1079 3479 autem
1108 3427 1294 3483 instat.
1325 3428 1497 3486 Instat
1524 3434 1670 3488 enim
1699 3412 1810 3507 per?

238 3497 408 3560 lectis
437 3513 493 3560 et
520 3508 729 3564 nullum
756 3511 1086 3572 habentibus
1115 3517 1171 3573 in
1202 3535 1261 3575 se
1291 3523 1578 3592 vestigium
1605 3497 1818 3597 noctis;

229 3597 649 3689 appropinquat
681 3613 862 3659 autem
909 3607 1213 3676 proficienti
1263 3612 1330 3667 ad
1365 3615 1582 3683 melius,
1615 3626 1667 3673 et
1699 3635 1823 3689 qua:

227 3676 347 3776 diei
372 3693 502 3776 sunt
532 3688 838 3758 meditanti,
865 3701 922 3748 et
950 3694 1090 3751 sicut
1120 3696 1174 3752 in
1207 3699 1296 3755 die
1325 3676 1666 3760 honestatem
1693 3676 1821 3776 sps-

229 3767 497 3858 eipienti;
525 3785 582 3832 et
609 3793 778 3850 prope
805 3790 890 3838 est
906 3783 1019 3854 jam
1044 3786 1150 3842 iste
1167 3789 1262 3858 qui
1291 3791 1416 3847 talis
1438 3802 1523 3850 est
1549 3803 1610 3850 ut
1630 3767 1778 3854 dicat
1802 3816 1817 3854 :

231 3853 362 3913 Non
390 3879 572 3919 sumus
600 3871 791 3935 noctis,
823 3889 985 3945 neque
1016 3879 1348 3934 tenebrarum
1375 3882 1440 3936 ‘3.

305 3953 394 4008 60.
431 3956 702 4024 Quoniam
739 3977 917 4022 autem
958 3972 1124 4026 semel
1157 3959 1410 4033 venimus
1458 3976 1512 4032 in
1548 3979 1694 4036 hunc
1739 3981 1820 4036 ln-

226 4058 384 4112 cum,
414 4048 674 4110 debemus
712 4067 766 4111 et
787 4059 854 4114 de
891 4064 1160 4120 custodiis
1192 4065 1425 4125 diversis
1470 4071 1698 4127 reddere
1727 4089 1819 4129 ra-

228 4134 463 4232 tionem.
493 4139 651 4199 Alius
680 4148 902 4216 quidem
929 4154 1348 4222 reprehenditur
1371 4160 1604 4232 vigilans
1632 4165 1817 4220 statim

225 4225 288 4323 in
321 4244 550 4302 vespere
581 4235 719 4306 ipso,
751 4247 805 4294 et
836 4244 1124 4302 continuat
1147 4248 1360 4320 vigilias
1393 4225 1567 4323 usque
1605 4255 1672 4310 ad
1705 4272 1820 4312 me-

226 4319 382 4377 diam
415 4336 653 4395 noctem,
683 4330 863 4388 adhuc
891 4346 1075 4391 autem
1112 4319 1287 4410 usque
1315 4342 1381 4397 ad
1413 4319 1538 4414 galli
1570 4355 1813 4413 cantum,

226 4425 288 4482 et
317 4417 499 4509 adhuc
526 4437 699 4492 usque
727 4425 795 4479 ad
828 4443 1008 4486 niane.
1037 4429 1140 4497 Qui
1169 4434 1314 4489 enim
1347 4451 1472 4491 mox
1501 4448 1560 4492 ut
1590 4442 1818 4509 cteperit

228 4507 461 4602 malitia,
492 4511 544 4566 id
575 4523 678 4580 est,
715 4531 843 4574 mox
877 4528 938 4574 ut
964 4525 1191 4592 cmperit
1221 4526 1404 4584 infans
1436 4530 1656 4599 plemun
1678 4507 1817 4602 ‘pro-

227 4598 378 4658 ferre
411 4620 742 4675 sermonem,
779 4627 847 4666 ex
885 4629 952 4669 eo
993 4618 1138 4672 enim
1187 4619 1375 4690 incipit
1417 4639 1540 4678 esse
1581 4626 1810 4691 malitia,
1849 4652 1888 4706 ο

227 4696 377 4761 quod
410 4707 497 4753 est
532 4699 585 4754 in
623 4713 800 4769 nocte,
837 4706 882 4760 si
918 4709 1100 4763 statim
1138 4711 1424 4767 tradiderit
1451 4730 1509 4768 se
1542 4725 1601 4769 ut
1639 4716 1730 4772 ﬁat
1761 4727 1814 4772 et

225 4787 450 4842 auditor
493 4792 628 4862 legis
663 4805 717 4849 et
754 4795 965 4865 factor;
997 4801 1042 4855 si
1074 4802 1244 4874 878
1293 4806 1513 4875 quidem
1560 4824 1814 4878 perman-

224 4881 366 4934 serit
400 4898 574 4953 usque
601 4887 668 4942 ad
713 4888 876 4944 finem
911 4891 965 4947 in
1010 4894 1128 4963 ipso
1157 4899 1462 4968 proposito,
1495 4901 1735 4971 vigilavit
1780 4921 1809 4959 a

231 4989 490 5044 vespere,
547 4989 602 5034 et
657 4985 1001 5042 (‘ontiuuavit
1051 5005 1226 5059 usque
1292 4993 1358 5048 ad
1419 4995 1653 5050 mediam
1713 5013 1809 5053 no-

223 5079 395 5136 ctam,
457 5080 510 5127 et
568 5090 676 5129 non
732 5077 880 5133 dedit
924 5095 1177 5137 somnum
1237 5085 1413 5140 oculis
1457 5088 1573 5142 suis
1629 5104 1808 5160 neque

222 5173 406 5231 usque
461 5163 526 5217 ad
574 5165 699 5234 galli
749 5178 995 5238 cantum,
1047 5188 1224 5244 neque
1278 5191 1455 5246 usque
1503 5178 1569 5232 ad
1621 5195 1804 5246 mane,

221 5248 372 5306 inter
428 5252 615 5312 beatos
674 5273 862 5315 servos
915 5261 1229 5332 hujusmodi
1285 5268 1369 5321 vir
1433 5280 1804 5339 computatur.

221 5341 332 5412 Qui
381 5355 562 5401 autem
614 5347 778 5404 fuerit
831 5352 1083 5410 inventus
1114 5365 1240 5426 post
1286 5368 1499 5430 tempus
1533 5364 1809 5418 sermonis

143 5445 166 5498 .i:
223 5435 435 5505 impleti
487 5449 693 5507 partem
737 5443 976 5513 aliquam
1012 5449 1190 5504 noctis
1227 5453 1530 5520 transigere
1571 5454 1624 5508 in
1656 5471 1810 5509 com-

224 5529 618 5598 essationibus,
654 5542 708 5586 ct
759 5536 1134 5606 ebrietatibus,
1176 5553 1230 5596 et
1272 5545 1563 5610 cubilibus,
1606 5558 1660 5601 et
1698 5547 1808 5600 im-

224 5620 527 5690 pudicitiis,
563 5627 790 5694 cmperit
832 5639 1013 5684 autem
1072 5643 1260 5702 postea
1317 5637 1561 5709 vigilare,
1597 5649 1650 5694 et
1700 5639 1804 5694 iste

304 5831 346 5863 ⁸⁸
370 5830 500 5891 Luc.
526 5852 626 5895 ιιι.
657 5837 747 5901 '55,
777 5838 863 5892 56.

974 5838 1015 5914 {7
1055 5841 1213 5914 dom.
1249 5860 1366 5914 xm,
1401 5845 1484 5900 12.

236 5905 394 5969 “xu,
424 5907 514 5962 4|.

592 5909 635 5940 ⁸³
680 5907 695 5961 l
729 5908 854 5967 Cor.
879 5925 951 5979 tv,
987 5911 1032 5978 l,
1062 5911 1116 5968 2.

1599 5844 1644 5878 ⁸⁸
1674 5844 1692 5900 l
1724 5844 1916 5901 Thess.
1952 5861 2003 5912 v,
2041 5845 2090 5899 5.

1923 3429 2148 3484 domum
2208 3425 2370 3481 habet
2437 3423 2744 3495 perfossam
2805 3438 2916 3480 non
2993 3424 3142 3478 venit
3204 3421 3508 3492 Dominus,

1924 3523 2163 3578 maxime
2208 3521 2254 3577 si
2303 3521 2558 3578 didicerit
2600 3521 2799 3592 aliquis
2845 3517 2990 3590 quod
3036 3516 3243 3573 dictum
3277 3524 3362 3572 est
3399 3516 3446 3548 ”
3486 3528 3509 3572 :

1924 3612 2044 3669 Sint
2082 3614 2250 3668 luntbi
2284 3614 2441 3668 vestri
2482 3612 2754 3683 prazcincti
2797 3618 2848 3666 et
2888 3610 3117 3664 lucernae
3158 3607 3424 3670 ardentes,
3455 3610 3509 3660 et

1922 3723 2010 3760 vos
2035 3705 2236 3760 similes
2261 3705 2558 3758 hominibus
2587 3702 3011 3774 exspectantibus
3032 3700 3304 3753 dominum
3325 3714 3506 3764 suum,

1921 3808 1976 3850 et
2005 3805 2364 3850 contemnens
2390 3809 2450 3848 ea
2496 3808 2618 3863 qua:
2648 3794 2793 3847 dicta
2831 3803 2959 3846 sunt
3001 3788 3212 3843 dederit
3246 3803 3503 3843 somnum

1921 3887 2098 3941 oculis
2123 3887 2239 3941 suis
2261 3894 2316 3941 et
2340 3884 2612 3956 palpebris
2643 3883 2759 3939 suis
2781 3879 3255 3937 dormitationem.
3286 3879 3366 3934 Ad
3395 3894 3508 3934 ma-

1921 3979 2291 4035 nifestandum
2333 3987 2513 4032 autem
2566 3990 2792 4032 sensum
2843 3972 2949 4028 loci
2993 3971 3154 4026 istius
3197 3970 3294 4041 qui
3345 3969 3505 4026 nobis

1922 4074 2174 4138 incurrit,
2201 4071 2295 4126 tali
2323 4079 2543 4124 utamur
2569 4066 2838 4136 exemplo.
2871 4063 2930 4119 ln
2973 4072 3217 4133 tempore
3249 4062 3505 4118 tentatio-

1922 4183 2074 4230 num,
2104 4167 2193 4219 vel
2235 4165 2701 4234 qualiumcunque
2738 4158 3110 4214 calamitatum
3147 4154 3384 4210 maxime
3413 4152 3504 4207 fur

1919 4257 2057 4313 solet
2082 4255 2288 4320 venire,
2313 4252 2502 4308 volens
2547 4247 2834 4320 perfodere
2880 4246 3078 4301 anima:
3114 4244 3374 4309 domum;
3404 4239 3502 4311 sed

1920 4349 2170 4404 veniente
2209 4345 2350 4409 fure,
2396 4343 2490 4414 qui
2534 4340 2836 4397 accidentia
2883 4336 3139 4402 sustinet,
3186 4342 3240 4389 et
3284 4341 3504 4404 propter

1920 4440 2016 4496 Dei
2061 4438 2410 4494 dilectionem
2456 4433 2641 4489 omnia
2685 4431 2898 4496 suffert,
2931 4426 3068 4481 nihil
3106 4439 3302 4496 passus
3327 4422 3396 4477 ab
3434 4435 3503 4477 eo

1919 4530 2212 4587 confestim
2252 4528 2320 4582 ad
2358 4542 2416 4582 se
2460 4525 2766 4579 venientem
2805 4520 3009 4576 videbit
3053 4516 3368 4572 Dominum.
3393 4513 3502 4581 Qui

1919 4631 2102 4677 autem
2141 4637 2172 4676 a
2203 4619 2322 4674 fure
2361 4619 2414 4672 in
2446 4626 2692 4686 tempore
2721 4609 3052 4668 calamitatis
3079 4623 3190 4664 suae
3220 4605 3502 4678 perfossus

1917 4715 2081 4770 fuerit
2115 4715 2364 4776 domum,
2409 4708 2570 4780 quasi
2618 4705 2877 4775 indignus
2911 4702 3146 4758 adventu
3187 4700 3257 4754 ad
3303 4714 3362 4754 se
3401 4697 3504 4754 do-

1917 4809 2051 4863 tuini
2081 4807 2190 4874 sui,
2228 4820 2337 4860 non
2376 4804 2480 4858 erit
2503 4803 2700 4871 dignus
2726 4799 2970 4869 aspicere
2996 4811 3136 4850 eum.

1983 4902 2074 4956 (il.
2119 4899 2252 4966 Quis
2301 4899 2439 4952 enim
2484 4895 2657 4966 ﬁdelis
2712 4907 2890 4947 servus
2940 4899 2988 4944 et
3032 4901 3288 4957 pruaens,
3346 4896 3500 4953 quem

1916 4992 2192 5047 constituit
2220 4989 2466 5042 dominus
2498 4986 2612 5054 ejus
2648 4998 2806 5052 super
2840 4981 3052 5032 domum
3088 4989 3263 5037 suam,
3309 4981 3363 5024 ut
3412 4971 3499 5024 det

1917 5085 2059 5139 cibos
2088 5086 2142 5137 in
2178 5096 2407 5150 tempore
2437 5078 2522 5130 I’°?
2561 5075 2717 5141 Quod
2745 5072 2812 5127 ad
2844 5069 3123 5140 apostolos
3159 5073 3499 5128 canorosque

1914 5177 2201 5246 episcopos
2239 5179 2292 5226 et
2331 5171 2585 5225 doctores
2629 5163 2888 5234 parabola
2927 5161 3030 5213 ista
3063 5156 3336 5226 pertineat
3375 5167 3496 5246 ma:

1915 5239 2175 5323 nifestum
2213 5272 2318 5327 est,
2353 5260 2591 5315 maxime
2627 5271 2694 5311 ex
2741 5269 2809 5308 eo
2843 5251 2988 5322 quod
3031 5248 3172 5317 apud
3215 5246 3416 5300 Lucam
3449 5239 3499 5275 ⁸³

1917 5361 2114 5415 Petrus
2143 5360 2441 5425 interrogat
2481 5353 2668 5407 dicens
2712 5368 2726 5404 :
2758 5347 2838 5401 Ad
2871 5362 2964 5400 nos
2994 5341 3304 5414 parabolam
3335 5339 3498 5393 istam

1916 5453 2071 5517 dicis,
2102 5466 2171 5504 an
2200 5450 2268 5502 ad
2300 5462 2474 5501 omnes
2497 5447 2522 5498 ἱ)
2549 5445 2654 5499 Sed
2683 5453 2863 5497 tamen
2897 5455 3020 5494 cum
3052 5435 3162 5492 sint
3197 5431 3353 5487 multi
3383 5430 3471 5486 dis

1915 5552 2264 5615 peusatores,
2292 5539 2515 5616 difficile
2555 5546 2639 5592 est
2678 5533 2925 5589 invenire
2968 5543 3021 5586 et
3049 5528 3342 5616 fidelemct
3365 5539 3496 5595 pru-

1897 5639 2153 5692 dentem.
2195 5615 2426 5702 Propter
2473 5628 2619 5698 quod
2668 5625 2744 5680 ait
2789 5621 3084 5694 Apostolus
3106 5619 3156 5655 ⁸⁸
3210 5615 3352 5673 :lta
3397 5628 3492 5668 nos

2207 5841 2250 5875 ⁸³
2278 5839 2410 5897 Luc.
2452 5839 2549 5905 in,
2591 5837 2682 5905 55,
2708 5835 2797 5892 56.
2901 5833 2947 5867 ⁸⁸
2980 5831 3170 5888 Matth.
3211 5817 3364 5896 xxiv,
3395 5819 3483 5880 ιε
