4004 6536
137 367 289 426 1697

1278 378 1930 438 COMMENTARIORUM
1979 377 2241 436 SERIES.

3271 398 3411 456 {698

136 500 254 554 que
287 487 630 560 prudentem,
665 500 725 546 ut
773 491 1074 549 secundum
1122 504 1418 568 utrumque
1460 499 1552 555 det
1598 516 1733 556 con-
1759 504 1811 563 Α
1835 497 1980 569 quod
2018 514 2200 555 mores
2229 514 2422 555 eorum
2471 500 2730 575 aediﬁcet,
2771 513 2828 560 et
2872 508 3039 565 vitam
3085 525 3411 584 componat,

137 581 326 636 servis
358 580 472 636 suis
499 582 680 636 cibum
707 583 760 637 in
784 587 1216 654 tempore,vaide
1245 589 1586 646 rarissimum
1623 603 1726 649 est.

142 663 216 726 Ut.
243 674 393 726 enim
437 673 489 726 in
523 683 767 744 tempore
809 675 900 729 det
933 677 1137 743 cibum,
1171 683 1534 737 necessariam
1571 685 1734 741 habet

136 764 272 831 quis
320 764 698 832 prudentiam;
753 775 816 820 ut
867 777 1051 824 autem
1083 787 1190 825 non
1222 772 1428 827 adimat
1472 775 1625 831 cibos
1674 777 1727 831 in

138 864 392 922 tempore
426 854 803 924 indigentium,
842 873 980 928 opus
1015 871 1096 916 est
1128 861 1249 917 ﬁde.
1275 861 1393 918 Non
1424 876 1606 921 autem
1643 877 1732 923 est

137 947 522 1015 importunum
567 963 789 1005 monere
816 962 1034 1022 propter
1066 963 1287 1024 peccata
1315 972 1437 1026 quae
1467 958 1520 1013 in
1553 959 1730 1014 homi-

137 1035 309 1090 nibus
336 1038 427 1106 qui
459 1038 710 1094 videntur
743 1042 964 1098 credere
1000 1044 1240 1107 Christo.
1273 1058 1328 1104 et
1359 1050 1412 1102 in
1447 1049 1732 1121 dispensa-

136 1127 360 1182 toribus
407 1127 772 1185 Ecclesiarum
822 1135 1140 1206 plerumque
1186 1138 1304 1193 ﬁeri
1354 1142 1549 1206 solent,
1590 1159 1731 1213 quo-

134 1216 291 1270 niam
345 1229 400 1272 et
456 1224 756 1278 secundum
822 1226 1122 1296 simplicem
1189 1232 1518 1288 intellectum
1574 1237 1728 1290 multi

136 1324 278 1378 opus
313 1311 578 1370 habemus
613 1325 670 1370 ιιι
701 1316 886 1374 ﬁdeles
915 1321 1086 1377 simus
1121 1325 1322 1392 pariter
1349 1334 1401 1380 et
1435 1329 1729 1396 prudentes

137 1401 205 1453 ad
262 1403 663 1472 dispensandos
713 1408 970 1466 Ecclesia:
1006 1415 1211 1470 reditus
1245 1434 1258 1469 :
1288 1417 1473 1474 ﬁdeles
1498 1421 1720 1490 quidem

136 1500 198 1544 ut
224 1506 338 1546 non
375 1493 700 1553 devoremus
733 1516 855 1569 qua:
881 1513 1007 1558 sunt
1036 1505 1319 1561 viduarum
1352 1518 1405 1563 et
1431 1521 1490 1564 ut
1517 1527 1725 1566 memo-

135 1599 228 1639 res
266 1586 444 1641 simus
476 1603 797 1658 pauperum,
826 1601 880 1648 et
911 1597 1255 1654 occasionem
1301 1603 1628 1673 accipientes
1658 1623 1740 1662 es

133 1690 204 1728 eo
230 1677 379 1745 quod
416 1680 677 1750 scriptum
711 1684 854 1738 est“
882 1703 894 1738 :
933 1686 1193 1743 Dominus
1223 1695 1497 1749 constituit
1523 1697 1604 1751 Itis
1634 1700 1724 1769 qui

137 1767 490 1839 Evangelinm
523 1775 836 1841 praedicant,
870 1779 932 1833 de
959 1777 1242 1853 Evangelia
1273 1787 1462 1851 vivere,
1489 1767 1724 1859 amplius

1833 606 2000 661 quam
2034 593 2176 662 quod
2221 591 2472 663 producit
2519 609 2586 649 au
2637 599 3001 668 sapientiam,
3047 613 3101 659 et
3145 606 3418 664 illuminat

1834 684 2076 740 scientias
2109 685 2229 740 luce
2253 701 2348 741 eos
2373 703 2606 756 quorum
2641 705 2797 745 mens
2827 701 3003 761 potest
3051 696 3279 753 sull‘erre
3305 701 3413 754 hu-

1829 773 2074 844 jusmodi
2127 774 2267 831 lucis
2313 777 2690 846 splendorem;
2742 790 2836 834 aut
2866 790 2922 835 ut
2951 799 3018 838 ne
3049 786 3130 840 eis
3163 789 3256 857 qui
3288 805 3416 858 pos-

1836 873 1966 920 sunt
1990 867 2208 922 acutius
2240 868 2428 923 audire
2452 909 2467 932 ,
2502 870 2682 939 pigeat
2708 886 2980 941 exponere
3011 876 3198 931 altiora
3225 915 3241 942 ,
3267 890 3322 934 ut
3348 898 3416 936 ne

1833 968 2168 1028 exponentes
2200 961 2326 1015 vilia
2374 962 2444 1018 ab
2492 963 2949 1034 ingeniosioribus
2998 981 3416 1028 contemnantur

1832 1051 1926 1120 qui
1961 1051 2287 1107 naturaliter
2312 1062 2442 1108 sunt
2479 1054 2780 1125 ingeniosi,
2809 1066 2904 1112 aut
2936 1073 3030 1128 per
3064 1063 3414 1118 exercitatio-

1833 1156 1957 1196 nem
2010 1141 2238 1198 forsitan
2272 1144 2550 1200 szecularis
2597 1145 2880 1216 sapientiae
2930 1149 3200 1206 habentur
3241 1154 3414 1208 acuti.

1832 1231 2059 1288 Difﬁcile
2099 1244 2184 1289 est
2215 1250 2345 1306 ergo
2375 1245 2669 1307 utrumque
2702 1239 2755 1293 in
2793 1256 2937 1305 uno,
2976 1250 3034 1295 ut
3072 1252 3127 1296 et
3177 1245 3444 1313 prudcns’

1831 1319 1940 1384 sit,
1971 1330 2028 1374 et
2055 1320 2230 1378 ﬁdelis
2250 1361 2267 1388 ,
2295 1338 2401 1379 non
2433 1335 2614 1380 autem
2650 1337 2704 1382 et
2732 1328 3102 1398 impossibile;
3137 1347 3238 1387 nec
3265 1334 3412 1388 enim

1833 1408 2107 1465 beatiﬁcat
2159 1426 2283 1466 eum
2337 1413 2431 1482 qui
2500 1429 2607 1470 non
2660 1427 2838 1487 potest
2890 1435 3041 1487 esse,
3103 1422 3350 1479 dicens“
3395 1443 3410 1479 :

1829 1499 2027 1556 Beatus
2059 1519 2237 1556 seruus
2266 1502 2355 1557 ille
2381 1547 2397 1567 ,
2427 1522 2575 1576 quem
2629 1507 2874 1563 dominus
2909 1513 3114 1566 ueniens
3159 1515 3411 1568 invenerit

1830 1591 2119 1660 facientem
2143 1594 2240 1647 sic.
2294 1595 2460 1649 Amen
2497 1597 2616 1650 dico
2657 1598 2838 1661 vobis,
2882 1603 3020 1670 quod
3047 1620 3203 1674 super
3229 1608 3411 1660 omnia

1828 1683 1962 1736 bona
1996 1701 2095 1737 sua
2130 1686 2415 1739 constituet
2448 1704 2588 1741 eum.

1897 1772 1987 1828 62.
2029 1774 2226 1829 Beatus
2255 1776 2345 1830 ille
2377 1794 2554 1832 servus
2575 1819 2590 1841 ,
2615 1797 2766 1850 quem
2811 1783 3014 1838 veniens
3058 1785 3299 1841 dominus
3327 1789 3408 1842 inp

135 1876 458 1929 qum-amns
492 1865 617 1918 ρίυο
662 1867 893 1938 simplici
922 1881 974 1926 ει
1008 1879 1335 1934 necessariis
1362 1882 1719 1948 vestimentis,
1755 1863 1796 1916 Β
1824 1865 2019 1917 uenerit
2065 1864 2344 1934 facientem
2386 1867 2480 1922 sic.
2517 1867 2708 1941 Magna
2740 1873 3036 1940 promissio
3065 1875 3314 1933 fidelibus
3349 1889 3406 1934 et

137 1959 198 2005 ιιι
252 1967 327 2006 ne
371 1954 604 2023 amplius
657 1965 938 2016 teneamus
990 1964 1150 2018 nobis
1179 1980 1342 2035 quam
1374 1969 1566 2026 demus
1597 1987 1724 2025 esu-

134 2041 412 2099 rientibus
465 2043 744 2112 fratribus,
775 2058 828 2104 et
861 2052 1195 2120 sitientibus,
1244 2065 1412 2128 atque
1459 2061 1645 2127 nudis,
1669 2073 1724 2118 et

135 2133 216 2187 eis
243 2135 340 2204 qui
377 2139 754 2194 necessitatem
782 2143 1058 2210 patiuntur
1089 2147 1143 2200 iu
1167 2149 1522 2208 saecularibus
1549 2156 1717 2210 curis.

135 2223 442 2283 Prudentes
496 2240 699 2293 autem,
739 2242 798 2288 ut
827 2237 1120 2307 unicuique
1153 2242 1451 2296 secundum
1475 2246 1710 2315 dignitao

137 2327 248 2372 tem
321 2320 756 2393 uniuscujusque
810 2327 1311 2396 subministramus,
1371 2338 1723 2393 recordantes

136 2408 284 2477 quod
323 2410 524 2464 dictum
556 2423 641 2467 est
662 2414 704 2449 "
734 2434 746 2469 :
784 2416 982 2473 Beatus
1005 2421 1096 2489 qui
1137 2421 1387 2494 intelligit
1419 2409 1573 2496 super
1601 2446 1720 2500 ege-

136 2515 262 2553 num
303 2511 353 2554 et
400 2519 699 2572 pauperem.
747 2507 864 2563 Non
912 2511 1058 2566 enim
1103 2513 1419 2584 simpliciter
1456 2520 1523 2575 de
1557 2523 1720 2578 rebus

133 2591 528 2649 ecclesiasticis
576 2595 707 2652 dare
755 2608 988 2668 oportet,
1025 2612 1084 2656 ut
1117 2620 1284 2660 unum
1315 2609 1420 2666 hoc
1459 2613 1716 2669 observe-

135 2696 281 2745 mus,
313 2690 369 2737 ιιι
427 2699 495 2738 ne
539 2701 659 2756 qua:
714 2704 1013 2760 pauperum
1067 2706 1194 2750 sunt
1241 2699 1584 2770 dei-oremus,
1624 2721 1720 2763 aut

137 2769 346 2826 furtum
378 2774 646 2833 faciamus
673 2778 742 2834 de
763 2781 877 2848 eis;
906 2785 1001 2838 sed
1032 2794 1090 2840 ut
1123 2789 1420 2856 prudenter
1451 2793 1719 2867 intelliga-

137 2877 260 2918 mus
286 2863 646 2935 indigentiuut
679 2885 876 2929 causas
899 2886 1116 2945 propter
1145 2895 1282 2948 quas
1306 2893 1434 2938 sunt
1463 2863 1714 2958 indigen-

137 2965 246 3021 tes;
283 2965 343 3012 et
368 2959 797 3032 uniuscujusque
824 2968 1143 3038 dignitatem
1174 2979 1451 3044 quomodo
1483 2981 1718 3036 advoca-

135 3052 221 3101 tus
267 3059 355 3102 εει
407 3047 736 3126 [educatus],
783 3069 1046 3127 quantum
1096 3066 1464 3122 necessarium
1524 3069 1710 3135 habet,

133 3135 216 3190 vel
255 3148 480 3207 propter
504 3156 667 3210 quam
696 3159 916 3201 causam
953 3150 1174 3220 indiget.
1204 3153 1320 3209 Non
1353 3172 1482 3228 ergo
1518 3160 1714 3216 simili-

133 3235 213 3280 ter
239 3237 328 3281 est
353 3231 620 3299 agendum
663 3236 719 3289 in
756 3238 834 3292 eis
869 3241 961 3309 qui
988 3243 1056 3296 ab
1083 3243 1311 3301 infantia
1343 3249 1556 3307 duriter
1585 3265 1713 3310 sunt

132 3315 348 3371 educati
379 3328 431 3373 et
461 3322 668 3390 stricte,
701 3335 756 3381 et
777 3326 829 3380 in
855 3329 934 3383 eis
959 3332 1050 3400 qui
1077 3333 1224 3406 large
1253 3345 1308 3391 et
1329 3338 1586 3397 deliciose
1611 3359 1715 3398 nu-

133 3407 246 3462 triti
294 3418 444 3472 sunt,
475 3419 528 3464 et
573 3423 762 3483 po‘stca
807 3420 1142 3478 ceciderunt.
1190 3423 1298 3482 Nec
1344 3429 1534 3486 eadem
1586 3445 1714 3490 sunt

133 3497 496 3554 ministranda
518 3503 647 3558 viris
663 3515 716 3560 et
735 3509 1074 3578 mulieribus,
1109 3524 1203 3570 aut
1233 3518 1463 3574 multum
1489 3525 1712 3581 senibus

131 3593 184 3640 et
215 3587 534 3682 juvenibus,
592 3605 686 3650 aut
728 3597 1019 3665 juvenibus
1055 3605 1272 3672 quidem
1317 3618 1372 3663 et
1417 3611 1712 3682 debilibus,

131 3684 355 3744 propter
388 3681 532 3748 quod
563 3697 671 3736 non
703 3696 934 3754 possunt
974 3690 1079 3745 sibi
1123 3695 1407 3764 acquirere
1451 3715 1626 3764 escas,
1658 3681 1712 3759 et

130 3767 210 3822 eis
233 3769 332 3839 qui
352 3772 432 3824 vel
455 3788 516 3828 ex
538 3785 693 3844 parte
717 3790 946 3846 possunt
963 3783 1063 3837 sibi
1089 3787 1370 3855 acquirere
1393 3805 1546 3848 escas
1573 3796 1710 3866 (84),

133 3864 188 3912 et
224 3859 308 3914 eis
332 3860 424 3929 qui
458 3862 538 3916 vel
568 3879 633 3918 es
669 3875 820 3933 parte
849 3879 1079 3938 possunt
1107 3871 1208 3927 sibi
1236 3859 1714 3937 succurrere.‘lle;

129 3949 458 4017 quirendum
487 3963 570 4008 est
601 3965 782 4011 autem
829 3967 883 4013 et
927 3960 973 4014 si
1018 3965 1222 4020 multos
1270 3967 1504 4025 habeant
1552 3982 1711 4029 natos

131 4052 235 4092 non
268 4042 622 4113 negligentes,
657 4048 751 4103 sed
796 4050 981 4106 omnia
1035 4051 1316 4123 facientes,
1342 4068 1396 4114 et
1443 4076 1552 4116 non
1603 4064 1710 4120 sibi

130 4130 459 4187 sufﬁcienter
487 4148 853 4195 occurrentes.
880 4139 946 4196 Et
977 4159 1043 4200 ne
1067 4146 1220 4215 plura
1244 4148 1508 4217 dicamus,
1541 4155 1711 4226 880

129 4225 302 4280 multa
351 4228 617 4298 sapientia
666 4247 804 4301 opus
835 4245 919 4290 est
964 4238 1059 4304 qui
1090 4240 1205 4293 vult
1232 4241 1368 4298 bene
1391 4225 1708 4314 dispensare

126 4317 532 4374 ecclesiasticos
580 4322 808 4388 reditus,
855 4334 916 4379 ut
965 4329 1130 4384 etiam
1186 4331 1239 4385 in
1292 4333 1412 4391 istis
1454 4336 1628 4392 ﬁdelis
1655 4349 1711 4395 et

127 4407 366 4473 prudens
423 4410 771 4479 dispensator
836 4415 1126 4487 inventus,
1182 4421 1377 4480 beatus
1422 4427 1703 4485 eﬁiciatur.

128 4494 376 4552 Forsitan
424 4511 603 4556 autem
654 4513 707 4558 et
737 4516 958 4575 propter
992 4510 1396 4570 multitudinem
1432 4516 1702 4575 Christia-

127 4591 323 4636 norum
364 4586 456 4654 qui
507 4602 613 4642 non
642 4593 776 4646 satis
811 4594 955 4648 circa
985 4598 1395 4666 requisitionem
1425 4606 1573 4660 verbi
1607 4609 1704 4663 lia~

127 4670 344 4738 bentur,
372 4684 426 4730 et
450 4678 584 4735 tales
614 4691 742 4736 sunt
770 4685 837 4738 ad
871 4685 1232 4756 principatum
1267 4693 1552 4762 sublevati,
1587 4715 1706 4754 ma-

127 4766 207 4833 gis
240 4771 612 4825 necessarium
644 4773 908 4832 habemus
939 4779 1130 4834 audire
1165 4801 1176 4836 :
1222 4782 1353 4848 Quis
1400 4797 1477 4840 est
1529 4791 1703 4858 ﬁdelis

125 4872 299 4911 servus
322 4869 370 4912 et
391 4863 642 4930 prudens,
675 4881 824 4934 quem
849 4871 1120 4925 constituit
1153 4874 1396 4931 dominus
1426 4896 1581 4949 super
1615 4883 1702 4952 fa-

124 4949 328 5002 miliam
352 4968 527 5017 suam,
553 4964 607 5006 ut
631 4954 713 5010 det
740 4957 846 5011 illis
869 4959 1043 5014 cibum
1071 4963 1126 5017 in
1150 4968 1479 5036 tempore”?
1507 4969 1572 5026 Ut
1597 4949 1701 5027 non

123 5040 402 5097 eﬁ‘undant
437 5047 812 5104 rationabilem
845 5061 900 5106 et
925 5052 1224 5122 spiritalem
1260 5058 1443 5114 cibum
1473 5077 1699 5118 conser-

124 5130 205 5184 vis
229 5132 651 5206 quibuscunque
678 5136 699 5208 [
723 5140 1198 5213 qualibuscunque
1223 5144 1242 5216 ]
1277 5148 1615 5218 simpliciter,
1648 5163 1702 5208 et

126 5222 323 5288 quibus
349 5239 458 5278 non
491 5235 721 5295 Oportet,
747 5230 989 5286 volentes
1021 5248 1082 5287 se
1120 5237 1407 5293 ostendere
1428 5255 1550 5295 esse
1573 5259 1702 5311 pru-

125 5311 312 5370 dentes
335 5357 350 5382 ,
395 5327 449 5372 et
494 5321 667 5391 magis
699 5324 1069 5378 necessarium
1121 5325 1448 5387 habentibus
1475 5333 1700 5388 verbum

196 5543 242 5624 ξξ
271 5541 435 5624 lQor.
464 5563 539 5607 ix,
575 5549 677 5624 l4.
697 5621 715 5624 _
741 5552 784 5584 ⁶⁹
821 5551 963 5608 Psal.
995 5572 1062 5611 XL
1083 5598 1099 5624 ,
1127 5558 1181 5612 '2.

125 5610 171 5642 “
196 5612 384 5669 Matth.
419 5633 620 5687 xxvnt,
656 5621 743 5676 18.

1260 5559 1306 5591 ⁷⁸
1335 5559 1526 5617 Matth.
1559 5579 1706 5629 xstv,
1735 5565 1824 5620 45.

821 5624 866 5655 ⁷⁸
893 5624 1084 5682 Matth.
1120 5645 1267 5695 χχιιι,
1294 5630 1383 5686 47.
1462 5633 1508 5664 "
1537 5634 1666 5688 ibid.
1693 5624 1789 5690 48.

1827 1955 2190 2026 prudentibus
2212 1959 2686 2027 dispensatoribus
2719 1964 3066 2032 prtedicatur,
3092 1976 3145 2020 et
3172 1983 3297 2023 cum
3325 1969 3410 2026 eis

1826 2048 2026 2117 quibus
2072 2049 2183 2105 ait:
2215 2048 2346 2104 Esto
2393 2061 2702 2120 potestatem
2745 2055 2938 2109 habens
2982 2073 3138 2126 super
3183 2059 3409 2130 quinque

1825 2139 2064 2193 civitates
2089 2141 2156 2203 ⁷⁸,
2190 2149 2304 2206 aut,
2330 2152 2441 2196 esto
2464 2151 2781 2212 potestatem
2814 2145 3008 2200 habens
3041 2163 3200 2216 super
3230 2150 3407 2204 decem

1824 2230 2064 2284 civitates
2085 2229 2152 2284 ⁷⁸.
2190 2227 2324 2285 Nam
2363 2248 2527 2302 super
2562 2237 2744 2290 omnia
2791 2237 2934 2292 bona
2995 2239 3406 2308 patrisfamilias

1824 2321 1939 2376 fieri
1959 2360 1977 2388 ,
2006 2321 2139 2392 quid
2167 2323 2311 2377 aliud
2345 2324 2658 2380 manifestat
2690 2327 2796 2383 nisi
2836 2329 3076 2384 haeredcs
3102 2328 3194 2384 Dei
3228 2340 3280 2385 et
3311 2345 3408 2386 co-

1823 2412 2068 2468 hmredes
2095 2411 2324 2474 Christi,
2359 2425 2411 2468 et
2440 2427 2838 2486 conregnantes
2864 2435 2987 2472 cum
3012 2418 3272 2474 Christo?
3298 2421 3403 2476 Cui

1822 2503 2006 2558 omnia
2059 2519 2153 2558 sua
2203 2505 2426 2560 tradidit
2459 2503 2640 2574 Pater,
2672 2507 2813 2562 sicut
2849 2510 2963 2579 ipse
2995 2511 3230 2566 dicit“:
3262 2512 3404 2567 Data

1821 2603 1898 2648 est
1942 2594 2069 2647 milii
2119 2605 2350 2664 potestas
2375 2597 2430 2649 in
2456 2597 2581 2650 cozlo
2603 2608 2650 2651 et
2676 2597 2732 2651 in
2759 2609 2936 2660 terra;
2965 2609 3020 2655 et
3046 2602 3405 2671 quemadmo-

1821 2685 1949 2740 dum
2005 2686 2132 2740 boni
2188 2687 2358 2754 patris
2393 2688 2571 2752 ﬁlius,
2621 2705 2782 2758 super
2809 2705 3027 2745 omnem
3063 2693 3234 2760 patris
3273 2694 3405 2748 sub-

1823 2777 2092 2831 stantiam,
2112 2779 2474 2844 Constitulus,
2506 2781 2791 2850 participat
2826 2782 3137 2851 lmjusmodi
3162 2784 3405 2855 dignita-

1819 2878 1926 2923 tem
1951 2880 2004 2924 et
2033 2870 2257 2939 gloriam
2311 2872 2558 2926 ﬁdelibus
2587 2881 2640 2927 et
2661 2875 3021 2942 prudentibus
3051 2875 3399 2949 dispensata-

1819 2959 1971 3014 ribus
2001 2961 2138 3026 suis,
2175 2969 2234 3014 ut
2266 2961 2375 3016 sint
2408 2971 2461 3015 et
2491 2963 2590 3030 ipsi
2630 2979 2793 3032 super
2845 2980 3060 3019 omnem
3087 2976 3397 3021 ercaturam

1819 3062 1872 3106 et
1901 3061 2221 3120 potestatem
2251 3094 2264 3118 ,
2303 3063 2363 3106 ut
2389 3053 2500 3107 sint
2530 3069 2654 3108 cum
2682 3053 2922 3110 Christo.
2973 3055 3037 3110 Et
3073 3057 3195 3112 vide
3225 3059 3397 3113 inter-

1819 3141 2176 3211 pretationem
2207 3143 2336 3213 ejus'
2357 3144 2502 3214 quod
2529 3144 2698 3199 dicit:
2723 3146 2906 3212 Amen,
2939 3147 3057 3201 dico
3086 3149 3230 3202 robis
3258 3149 3402 3220 quod

1815 3248 1972 3302 super
2011 3234 2191 3287 omnia
2241 3233 2375 3288 bona
2426 3251 2524 3289 sua
2565 3237 2845 3291 constituet
2894 3240 3102 3294 eum”.
3155 3239 3398 3312 lntellige

1815 3324 1952 3379 mihi
1994 3325 2152 3396 quasi
2199 3325 2252 3380 in
2289 3326 2595 3396 exemplum
2631 3328 2905 3398 accipiens
2940 3331 3176 3402 aliquem
3213 3346 3396 3403 regem

1814 3432 1977 3472 omne
2022 3433 2249 3489 regnum
2296 3419 2399 3474 sub
2447 3435 2506 3475 se
2555 3418 2882 3486 habentem,
2937 3439 3060 3477 cum
3110 3440 3222 3494 quo
3268 3427 3402 3481 sunt

1814 3515 2005 3577 gentes
2040 3508 2259 3573 multae,
2296 3517 2350 3563 et
2383 3509 2632 3565 civitates
2668 3519 2723 3566 et
2775 3513 2893 3566 loca
2930 3513 3166 3570 diversa.
3204 3514 3397 3585 Itaque

1811 3597 2019 3653 dividat
2056 3598 2171 3668 ipse
2200 3603 2432 3670 satrapis
2463 3610 2516 3656 et
2542 3602 2753 3658 caeteris
2799 3605 3138 3675 principibus
3166 3607 3256 3675 qui
3292 3607 3403 3660 ali-

1811 3687 1944 3757 quid
1989 3689 2246 3757 prarclare
2281 3702 2604 3760 gesserunt,
2637 3693 3029 3764 plenitudinem
3068 3697 3218 3766 regni
3267 3697 3352 3750 Sui
3385 3702 3398 3738 ε

1811 3794 2002 3835 omnes
2055 3781 2275 3850 quidem
2353 3785 2648 3839 constituet
2716 3801 2879 3855 super
2939 3802 3101 3842 omne
3162 3803 3392 3858 regnum

1811 3883 2013 3938 suum,
2081 3888 2190 3926 non
2239 3882 2421 3928 autem
2493 3874 2738 3944 singulos
2793 3890 2954 3946 super
3003 3877 3231 3943 omnia,
3291 3878 3390 3932 sed

1811 3978 2255 4034 unumquemque
2285 3980 2474 4020 eorum
2511 3981 2673 4036 super
2702 3968 2941 4036 aliquam
2990 3979 3196 4037 partem
3235 3969 3390 4039 regni

1810 4054 1934 4120 sui;
1983 4063 2206 4124 utputa,
2250 4057 2396 4111 hunc
2427 4057 2647 4127 quidem
2681 4073 2845 4127 super
2889 4059 3074 4114 decem
3109 4059 3391 4128 civitates,

1811 4145 1980 4198 alium
2027 4162 2192 4217 super
2231 4148 2493 4217 quinque.
2546 4147 2612 4203 Et
2656 4149 2738 4203 sic
2783 4166 2976 4205 omnes
3021 4160 3182 4204 erunt
3226 4165 3392 4220 super

1808 4240 1991 4294 omnia
2037 4240 2210 4304 bona,
2272 4241 2386 4310 ipse
2416 4251 2596 4294 autem
2629 4241 2778 4295 solus
2809 4250 2988 4300 teneat
3016 4242 3200 4296 omnia
3230 4241 3388 4311 quasi

1809 4330 1960 4385 solus
2006 4330 2250 4383 omnium
2300 4345 2416 4384 res.
2476 4329 2539 4384 Et
2585 4330 2690 4384 tale
2717 4339 2801 4385 est
2833 4331 2978 4400 quod
3011 4332 3182 4386 dicit:
3217 4331 3390 4401 Super

1810 4419 1989 4472 omnia
2029 4420 2162 4471 boria
2201 4436 2299 4473 sua
2333 4420 2618 4473 constituet
2649 4432 2786 4474 eum.
2821 4419 2977 4474 Sicut
3012 4429 3192 4474 autem
3227 4421 3388 4476 audi-

1810 4512 1988 4565 vimus
2041 4510 2108 4565 de
2159 4510 2496 4566 beatitudine
2560 4511 2738 4566 danda
2791 4511 2964 4566 servis
3035 4511 3282 4567 ﬁdelibus
3335 4521 3392 4568 ct

1808 4603 2200 4673 prudentibus,
2232 4603 2310 4659 sic
2342 4603 2632 4658 audiamus
2679 4613 2732 4658 et
2776 4603 2842 4658 de
2891 4605 3176 4660 tormentis
3221 4604 3393 4661 malo-

1806 4709 1930 4747 rum
1977 4708 2281 4748 servorum.
2326 4693 2470 4748 Dicit
2510 4696 2657 4748 enim
2711 4693 2888 4749 malus
2918 4709 3106 4749 servus
3137 4694 3189 4748 in
3225 4695 3392 4751 corde

1805 4800 1908 4842 suo
1929 4825 1944 4851 ,
1977 4795 2298 4856 praesentem
2323 4786 2657 4856 voluptatem
2699 4799 3020 4856 praeponens
3054 4785 3211 4840 bonis
3241 4785 3391 4841 futu-

1803 4877 1916 4945 ris,
1947 4887 2001 4932 et
2031 4887 2388 4934 contemnens
2420 4879 2704 4933 dominum
2739 4891 2897 4932 suum
2926 4916 2940 4939 ,
2973 4875 3106 4931 dicit
3133 4893 3146 4927 :
3178 4876 3388 4929 Moram

1810 4970 1938 5038 facit
1977 4970 2223 5025 dominus
2273 4985 2418 5024 meus
2452 4969 2708 5024 venire".
2748 4968 3014 5023 Mentiens
3049 4978 3230 5022 autem
3283 4968 3389 5022 huc

1806 5061 1962 5126 dicit,
1994 5061 2184 5116 volens
2217 5061 2549 5116 manducare
2578 5069 2633 5114 et
2657 5060 2843 5114 bibere
2875 5072 2998 5113 cum
3033 5057 3302 5123 ebriosis;
3333 5063 3390 5114 at

1807 5167 2023 5221 semper
2050 5153 2321 5216 somniat,
2358 5155 2487 5222 quia
2539 5160 2660 5222 post
2689 5151 2920 5205 multum
2967 5150 3226 5218 temporis
3253 5163 3389 5204 ven-

1808 5254 1965 5298 turus
1993 5256 2076 5300 est
2099 5245 2356 5301 dominus
2377 5243 2531 5314 ejus;
2563 5252 2616 5297 et
2642 5241 2799 5312 quasi
2828 5240 3050 5294 domino
3087 5253 3273 5294 moras
3299 5238 3384 5292 fa-

1808 5338 2008 5403 ciente,
2045 5335 2280 5408 percutit
2310 5349 2610 5392 conscrvos
2640 5332 2982 5400 sun‘ercntes,
3023 5339 3077 5387 ct
3121 5331 3174 5385 in
3209 5331 3384 5385 servi-

1923 5567 1966 5598 "
2001 5565 2134 5621 ibid.
2160 5564 2262 5630 46,
2287 5566 2374 5622 47.
2475 5566 2519 5598 ⁷³
2548 5564 2681 5623 Luc.
2713 5583 2827 5637 xu,
2853 5565 2940 5624 l9.
3040 5566 3087 5604 ⁷³
3119 5563 3256 5626 ibid.
3290 5560 3383 5624 17.

198 5794 307 5866 (84)
347 5795 521 5855 Verba
547 5809 595 5855 et
623 5803 698 5858 eis
729 5805 818 5875 qui
845 5806 985 5862 vel...
1029 5811 1297 5879 acquirere
1325 5829 1469 5868 escas
1513 5815 1703 5872 desunt
1745 5816 1797 5870 in
1829 5832 1962 5874 mss.
1998 5828 2050 5876 ct
2075 5817 2302 5876 delenda
2329 5817 2602 5878 videntur.
