4004 6576
585 402 722 461 1699

1747 395 2070 471 cursurus
2098 394 2165 450 lN
2199 379 2613 456 MATTHEUM

3708 397 3837 458 {700

585 527 755 575 tutem
803 516 998 590 redigit
1027 531 1121 574 eos
1145 515 1283 574 etin
1313 516 1506 572 faciem
1533 530 1628 571 eos
1654 515 1829 571 caedit.
1864 514 1931 570 Et
1959 529 2155 586 percu-
2185 519 2232 578 Α
2259 517 2354 585 qui
2400 530 2496 586 per
2539 529 2696 570 suam
2747 512 3055 571 doctrinam
3100 521 3447 571 recesserunt
3498 512 3733 585 quidem
3775 516 3835 570 ab

582 610 724 664 tiens
771 610 1063 664 manducat
1104 619 1159 663 et
1203 607 1338 663 bibit
1381 621 1504 663 cum
1558 604 1822 671 ebriosis,
1864 602 2156 667 occasione

581 701 828 773 obsequii
863 700 1244 767 ecclesiastici;
1289 708 1343 754 et
1388 714 1497 754 non
1540 697 1843 754 esurientes
1890 694 2152 765 suscipit,

582 791 680 849 sed
729 792 982 862 epulatur
1031 807 1156 847 cum
1206 790 1440 847 ebriosis
1501 797 1557 845 et
1606 787 1792 843 multis
1837 786 2152 858 huiusmodi

580 884 784 955 quibus
831 884 1201 939 ecclesiastica
1253 898 1384 939 cura
1430 881 1723 936 commissa
1775 889 1890 947 est;
1954 879 2155 951 quibus

582 977 762 1031 veniet
807 974 1071 1032 Dominus
1123 974 1331 1032 faciens
1388 974 1914 1032 consummationem
1962 987 2151 1028 eorum

582 1068 637 1122 in
669 1067 756 1122 die
787 1082 894 1137 qua
930 1066 1199 1132 nesciunt,
1233 1077 1285 1122 et
1307 1066 1441 1122 hora
1466 1082 1573 1137 qua
1610 1081 1715 1120 nou
1746 1072 1958 1135 putant,
1988 1074 2044 1118 et
2070 1063 2147 1117 di-

581 1160 725 1216 videt
752 1175 846 1215 eos
874 1159 966 1230 qui
1016 1176 1125 1214 non
1175 1160 1475 1215 timuerunt
1519 1174 1643 1214 cum
1690 1158 1783 1229 qui
1833 1166 2026 1228 potens
2070 1163 2155 1212 est

579 1251 817 1306 animam
857 1261 909 1306 et
957 1265 1158 1321 corpus
1201 1251 1434 1320 perdere,
1474 1250 1528 1305 in
1581 1249 1905 1320 gehennam.
1957 1247 2154 1304 Dividit

580 1354 760 1400 autem
794 1361 918 1400 eum
941 1386 956 1411 ,
987 1345 1208 1416 quando
1239 1344 1460 1415 spiritus
1501 1343 1718 1415 quidem
1763 1342 1885 1413 ejus
1924 1343 2153 1398 reverti-

580 1445 670 1492 tur
713 1436 778 1491 ad
829 1434 997 1492 Deum
1051 1436 1145 1506 qui
1192 1436 1339 1491 dedit
1365 1450 1531 1501 eum,
1586 1433 1765 1488 anima
1802 1444 1981 1489 autem
2026 1449 2150 1490 cum

579 1542 809 1598 corpore
836 1543 936 1582 suo
967 1528 1114 1582 vadit
1141 1528 1194 1581 in
1234 1527 1557 1596 gehennam.
1597 1524 1789 1580 Justus
1823 1532 2004 1579 autem
2044 1541 2151 1581 non

578 1618 856 1684 dividitur,
876 1618 968 1672 sed
993 1617 1173 1671 anima
1202 1617 1323 1686 ejus
1345 1616 1491 1670 vadit
1518 1630 1642 1670 cum
1669 1614 1863 1684 spiritu
1888 1614 2152 1685 aii-regna

579 1709 842 1763 cmlestia.
874 1707 1101 1779 Propter
1140 1708 1284 1780 quod
1316 1708 1578 1778 scriptum
1611 1706 1753 1763 est"
1785 1726 1799 1762 :
1828 1706 2150 1774 Benedicite,

576 1801 797 1869 spiritus
820 1809 869 1854 et
896 1800 1088 1855 animi:
1107 1800 1376 1870 justorum
1399 1840 1414 1867 ,
1456 1798 1704 1854 Domino.
1740 1797 1940 1854 Eorum
1970 1808 2151 1865 autem

577 1891 672 1962 qui
723 1891 1039 1947 dividuntur
1079 1900 1135 1946 et
1183 1891 1462 1961 deponunt
1493 1890 1744 1962 spiritum
1797 1900 2151 1950 revertentem

578 1985 645 2039 ad
694 2000 818 2038 eum
847 1985 939 2055 qui
971 1984 1196 2040 dederat
1222 2000 1347 2040 eum
1369 2023 1386 2051 ,
1434 1992 1489 2041 et
1525 2001 1632 2041 non
1666 1988 1868 2042 habent
1913 1996 2154 2056 postmo-

576 2076 706 2131 dum
747 2076 801 2131 in
832 2092 891 2132 se
914 2085 1121 2147 partem
1156 2076 1394 2148 aliquam
1429 2094 1551 2149 quae
1581 2088 1699 2135 erat
1725 2095 1792 2135 ex
1824 2078 1955 2144 Deo,
1989 2079 2153 2135 relin-

575 2168 761 2237 quitur
807 2169 888 2225 eis
933 2184 1060 2239 pars
1088 2184 1278 2224 eorum
1312 2187 1436 2241 quae
1470 2181 1589 2227 erat
1638 2172 1886 2243 ipsorum
1908 2212 1925 2239 ,
1976 2172 2030 2229 id
2067 2181 2152 2229 est

575 2258 780 2324 anima,
833 2274 956 2331 qua:
984 2275 1108 2315 eum
1142 2276 1372 2332 conpore
1412 2277 1513 2319 suo
1541 2265 1794 2334 punietur
1840 2280 1872 2322 a
1921 2264 2153 2323 Domino

575 2349 847 2415 veniente,
871 2366 995 2406 cum
1025 2350 1336 2409 inﬁdelibus
1358 2360 1414 2408 et
1442 2353 1740 2426 hypocritis
1764 2356 1818 2411 in
1845 2357 2149 2413 tormentis.

574 2437 711 2496 Vide
761 2456 890 2513 ergo
941 2441 1299 2498 differentiam
1356 2450 1639 2502 servorum
1696 2461 1840 2518 quos
1886 2445 2152 2505 Dominus

571 2536 861 2591 constituit
901 2551 1067 2606 super
1109 2537 1331 2592 domum
1378 2553 1573 2603 suam,
1621 2540 1886 2610 quoniam
1928 2541 2150 2611 quidam

572 2626 792 2698 quidem
819 2628 975 2698 quasi
1010 2627 1194 2683 fideles
1221 2636 1277 2684 et
1306 2630 1603 2700 prudentes
1625 2630 2036 2701 dispensatores
2057 2634 2151 2705 qui

572 2719 842 2774 dederunt
877 2720 1161 2776 conservis
1190 2720 1371 2776 cibum
1409 2723 1462 2776 in
1495 2731 1755 2793 tempore,
1783 2739 1947 2795 super
1968 2727 2149 2783 omnia

573 2807 715 2862 bona
754 2807 1169 2878 patrisfamilias
1206 2811 1653 2878 constituuntur;
1683 2812 1779 2883 qui
1808 2822 1991 2871 autem
2017 2830 2154 2871 conn

570 2900 739 2953 traria
767 2900 847 2955 eis
877 2911 1125 2971 egerunt,
1156 2913 1310 2957 extra
1345 2904 1492 2973 quod
1518 2905 1836 2960 ceciderunt
1882 2906 1949 2962 de
1974 2907 2151 2977 gloria

568 2999 719 3048 tanta
747 3034 762 3060 ,
793 2994 972 3050 adhuc
996 2994 1326 3063 dividentur,
1358 3004 1413 3052 et
1444 3012 1570 3069 pars
1601 3013 1792 3053 eorum
1826 3014 1950 3055 cum
1981 3001 2151 3073 hypo-

569 3084 724 3141 critis
762 3095 815 3140 et
850 3086 1162 3143 inﬁdelibus
1203 3096 1460 3158 ponetur.
1510 3087 1586 3143 lhi
1615 3089 1721 3146 erit
1751 3089 1910 3146 fletus
1939 3092 2020 3147 eis
2054 3092 2147 3163 qui

2259 606 2524 662 idolorum
2554 606 2789 672 cultura,
2817 605 2899 660 vel
2931 604 3140 659 cultura
3168 605 3568 661 elementorum
3604 607 3837 660 creatio-

2258 698 2344 753 nis
2370 697 2500 753 Dei:
2525 704 2877 752 accesserunt
2898 704 3079 750 autem
3109 711 3204 766 per
3228 690 3415 751 Iesum
3440 694 3734 750 Christum
3777 694 3837 747 ad

2257 787 2351 845 Dei
2376 789 2645 846 culturam
2678 789 2929 859 quamvis
2958 804 3066 844 non
3094 786 3295 843 fuerint
3338 787 3643 843 subsecuta
3680 800 3839 855 opera

2255 880 2506 952 pietatis,
2538 896 2716 951 neque
2743 881 2812 935 ad
2862 878 3251 936 beatitudinem
3285 876 3722 949 prteparaverint
3756 891 3838 928 se-

2258 973 2540 1043 metipsos.
2588 971 2744 1029 Sicut
2768 983 2951 1028 autem
2997 970 3297 1028 secundum
3330 969 3561 1024 verbum
3594 969 3841 1022 veritatis

2256 1077 2559 1136 sequuntur
2619 1065 2829 1136 seipsas
2882 1066 3205 1121 alterutrum
3255 1062 3485 1116 virtutes
3539 1076 3668 1130 quae
3717 1071 3840 1113 sunt

2256 1158 2560 1213 substantia
2606 1157 2883 1223 Christus,
2944 1158 3018 1211 ita
3068 1167 3127 1212 nt
3175 1156 3267 1225 qui
3327 1169 3490 1208 unam
3552 1152 3837 1215 habuerit,

2255 1263 2446 1304 omnes
2490 1249 2721 1314 habeat;
2753 1257 2808 1304 et
2841 1248 2935 1317 qui
2970 1262 3135 1301 unam
3180 1245 3363 1299 minus
3408 1243 3671 1296 habuerit
3693 1283 3710 1306 ,
3742 1258 3838 1295 nec

2257 1358 2419 1398 unam
2452 1342 2683 1408 habeat;
2714 1340 2970 1396 Christus
2996 1340 3143 1394 enim
3174 1355 3204 1392 a
3242 1338 3423 1407 seipse
3454 1335 3836 1391 irrecessibilis

2254 1443 2368 1499 est;
2404 1435 2486 1490 sic
2508 1444 2562 1489 et
2585 1449 2782 1489 sensus
2810 1447 3003 1487 omnes
3039 1432 3352 1485 alterutrum
3399 1442 3460 1483 se
3482 1428 3836 1496 subsequun-

2255 1536 2382 1584 tur:
2411 1537 2466 1583 et
2498 1527 2810 1598 ubicunque
2850 1529 3035 1581 minus
3082 1525 3245 1580 fuerit
3284 1538 3428 1578 unus
3470 1523 3541 1576 de
3580 1521 3837 1576 sensibus

2257 1619 2561 1675 secundum
2605 1630 2807 1673 rectam
2841 1615 3006 1672 Verbi
3041 1616 3346 1671 doctrinam
3372 1655 3387 1680 ,
3428 1614 3500 1668 ibi
3527 1613 3762 1668 omnino
3786 1621 3840 1666 et

2256 1725 2447 1767 omnes
2476 1726 2674 1766 sensus
2701 1708 2858 1780 quasi
2906 1709 3137 1765 fraudati
3167 1724 3198 1763 a
3227 1707 3393 1762 verbo
3431 1706 3725 1776 sapientia
3752 1705 3837 1758 in-

2257 1797 2559 1855 fatuantur.
2617 1798 2828 1856 Sensus
2866 1809 3047 1854 autem
3082 1799 3206 1853 dico
3238 1806 3291 1852 et
3320 1813 3415 1852 eos
3458 1797 3556 1866 qui
3589 1810 3839 1851 commu-

2255 1892 2401 1947 niter
2426 1891 2824 1963 intelliguntur,
2853 1891 2993 1946 visio
3011 1929 3027 1955 ,
3064 1889 3272 1944 auditio
3294 1930 3308 1955 ,
3335 1887 3592 1944 odoratio
3611 1926 3628 1950 ,
3652 1896 3846 1957 gusta.

2256 1983 2358 2049 tio,
2390 1982 2652 2053 palpatio,
2696 1991 2751 2037 et
2791 1996 2887 2037 eos
2915 1980 3010 2052 qui
3053 1981 3107 2035 in
3137 1978 3448 2034 Proverbiis
3488 1978 3845 2049 appellantur

2254 2076 2450 2143 divini,
2483 2076 2590 2132 hoc
2613 2074 2777 2131 modo
2799 2074 3105 2130 dicentibus
3131 2088 3145 2122 :
3178 2069 3400 2126 Sensum
3423 2070 3669 2124 divinam
3697 2069 3843 2124 inu-

2255 2169 2449 2223 m‘es”.
2493 2165 2693 2223 lterum
2722 2175 2903 2221 autem
2945 2166 3207 2236 quoniam
3257 2164 3482 2220 verbum
3524 2160 3625 2218 Dei
3670 2176 3844 2217 causa

2253 2268 2339 2317 est
2366 2270 2428 2316 ut
2469 2269 2652 2316 rectus
2694 2258 2788 2314 ﬁat
2816 2273 3079 2314 sensuum
3113 2273 3267 2324 usus,
3307 2266 3363 2313 et
3394 2270 3506 2311 non
3537 2263 3630 2309 est
3661 2252 3846 2324 passio

2253 2354 2363 2410 bile
2387 2369 2550 2421 eum,
2581 2368 2708 2410 cum
2751 2353 2824 2408 sit
2872 2353 2927 2408 in
2970 2352 3223 2408 sensibus
3247 2389 3264 2415 ,
3311 2359 3375 2406 ut
3416 2349 3474 2405 in
3503 2348 3846 2419 quibusdam

2252 2447 2473 2519 quidem
2500 2447 2755 2503 sensibus
2780 2454 3056 2517 operetur,
3081 2453 3135 2500 et
3156 2444 3440 2515 diligenter
3473 2441 3689 2497 tribuat
3720 2453 3846 2510 qua

2253 2540 2557 2613 prudentia?
2586 2556 2700 2597 suae
2724 2549 2887 2602 sunt,
2930 2538 2984 2592 in
3016 2537 3140 2592 aliis
3184 2545 3366 2592 autem
3399 2535 3682 2606 negligat;
3717 2532 3844 2588 ideo

2252 2636 2298 2691 si
2350 2650 2520 2690 unum
2556 2635 2623 2690 de
2667 2633 2921 2690 sensibus
2968 2631 3163 2688 fecerit
3209 2629 3550 2701 sapientem,
3593 2638 3656 2683 ut
3685 2628 3845 2697 virgo

2252 2727 2649 2790 constituatur,
2699 2738 2925 2780 necesse
2964 2733 3048 2780 est
3084 2731 3144 2777 ut
3183 2723 3237 2777 in
3277 2721 3401 2778 aliis
3434 2720 3699 2776 sensibus
3747 2735 3843 2774 sa-

2251 2818 2514 2889 pientiam
2549 2833 2704 2873 suam
2746 2816 3009 2873 effundat.
3052 2815 3347 2886 Propterea
3388 2830 3503 2871 non
3530 2822 3621 2870 est
3652 2814 3842 2869 videre

2251 2910 2319 2964 de
2361 2910 2606 2980 quinque
2649 2909 2906 2964 sensibus
2948 2910 3001 2963 in
3041 2909 3261 2978 aliquo,
3292 2908 3566 2979 quosdam
3613 2906 3842 2978 quidem

2253 3003 2455 3066 fatuos,
2482 3002 2749 3072 quosdam
2777 3010 2959 3057 autem
2988 3003 3314 3072 prudentes;
3361 3001 3459 3056 sed
3493 3014 3731 3056 necesse
3756 3010 3843 3055 est

2253 3104 2311 3148 ut
2356 3102 2451 3148 aut
2491 3109 2682 3150 omnes
2725 3093 2970 3163 quinque
3019 3095 3129 3148 sint
3162 3094 3478 3163 prudentes,
3515 3103 3614 3146 aut
3645 3106 3842 3147 omnes

568 3176 713 3231 r..ale
739 3175 794 3230 in
832 3176 935 3231 hoc
965 3178 1169 3233 mundo
1209 3178 1451 3234 ridentes
1483 3178 1723 3247 fuerunt,
1759 3181 1970 3237 dicente
2001 3182 2148 3237 Scri-
2176 3200 2217 3257 ο
2253 3184 2409 3240 fatui.
2440 3185 2645 3241 Omnes
2681 3187 2769 3241 isti
2821 3200 3016 3242 sensus
3047 3185 3326 3254 lampades
3364 3199 3497 3239 suas
3532 3184 3841 3253 accipiunt,

568 3265 787 3337 ptnra"
827 3286 840 3322 :
900 3266 990 3322 γω
1030 3270 1120 3340 qui
1167 3286 1304 3323 nunc
1337 3270 1561 3336 ridetis,
1594 3274 1845 3343 quoniam
1875 3274 2069 3344 ﬂebitis
2098 3286 2148 3329 et

567 3358 847 3429 plangetis.
888 3359 1295 3431 Consequenter
1331 3371 1511 3417 autem
1548 3374 1764 3435 propter
1813 3368 2057 3437 requiem
2094 3379 2149 3424 et

570 3449 957 3504 resolutionem
981 3466 1090 3520 qua
1118 3452 1502 3521 requieverunt
1537 3463 1591 3509 et
1620 3456 1847 3512 resoluti
1878 3469 2030 3523 sum.
2062 3475 2149 3515 ra-

568 3538 903 3597 tionabiliter
933 3541 1037 3594 erit
1068 3541 1148 3597 eis
1175 3544 1417 3599 dentium
1451 3546 1679 3601 stridor.
1711 3547 1867 3614 Quod
1896 3550 2001 3606 hoc
2031 3551 2146 3606 for-

567 3633 710 3689 sitan
766 3634 1058 3704 significat,
1100 3637 1362 3706 quoniam
1390 3638 1481 3708 qui
1517 3639 1817 3708 puniuntur
1846 3643 2148 3711 cogitantes

567 3724 684 3780 fore
711 3727 871 3780 finem
899 3726 1137 3792 doloris,
1170 3740 1225 3783 et
1273 3739 1494 3799 prepter
1521 3730 1626 3786 hoc
1647 3731 1889 3788 volentes
1918 3734 2147 3791 viriliter

565 3834 662 3874 eos
712 3819 975 3885 sufferre,
1030 3821 1299 3892 compulsi
1347 3823 1631 3878 tormentis
1673 3824 2143 3892 insufferibilihus,

564 3908 820 3964 dentibus
865 3909 1103 3965 stridunt
1147 3927 1163 3966 :
1212 3910 1319 3967 illis
1350 3912 1600 3968 videlicet
1642 3915 1897 3972 dentibus
1943 3919 2146 3989 quibus

567 3998 1034 4055 manducavernnt
1070 4000 1421 4056 acerbitatem
1457 4004 1714 4073 malitia),
1762 4015 1817 4062 et
1859 4021 2145 4081 propterea

560 4090 845 4160 patiuntur
877 4090 1119 4147 dentium
1155 4096 1381 4164 dignum
1413 4097 1725 4153 stridorem.

626 4181 714 4235 65.
735 4182 921 4238 Simile
935 4194 1011 4239 est
1028 4202 1240 4256 regnum
1256 4188 1382 4242 ctelo
1390 4204 1504 4242 rum
1517 4193 1691 4245 decem
1712 4193 2142 4266 virginibus,qtta:

562 4274 874 4343 accipientes
900 4275 1172 4345 lantpades
1204 4295 1329 4333 suas
1349 4317 1365 4345 ,
1390 4282 1630 4337 exierunt
1653 4284 1857 4339 obviam
1879 4302 2068 4356 sponso
2091 4296 2138 4341 et

558 4383 784 4435 sponsa.
807 4366 1049 4438 Quinque
1081 4382 1258 4424 autem
1295 4386 1362 4425 ea:
1381 4373 1458 4427 eis
1485 4386 1634 4428 erant
1658 4377 1823 4446 fama:
1843 4390 1891 4433 et
1914 4380 2140 4449 quinque

557 4462 859 4530 prudentes,
896 4471 952 4516 et
987 4464 1282 4535 reliqua".
1310 4466 1370 4520 ln
1410 4466 1667 4523 omnibus
1697 4469 1791 4539 qui
1829 4471 2136 4529 didicerunt

2253 3279 2306 3333 id
2333 3290 2418 3333 est
2447 3293 2653 3349 organa
2685 3293 2784 3333 sua
2810 3277 3099 3343 naturalia,
3129 3276 3243 3332 sive
3275 3276 3583 3331 secundum
3607 3275 3839 3330 verbum

2250 3372 2345 3427 Dei
2399 3377 2479 3427 uti
2524 3372 2767 3428 volentes
2788 3412 2803 3436 ,
2839 3372 2955 3428 sive
2986 3379 3178 3426 contra
3212 3370 3545 3425 voluntatem
3576 3366 3712 3432 Dei,
3752 3377 3840 3422 la-

2251 3482 2371 3519 men
2404 3466 2678 3535 accipiunt
2706 3480 2822 3528 eas,
2856 3466 3075 3535 quando
3104 3464 3366 3534 rccipiunt
3405 3478 3681 3533 sponsum
3717 3478 3838 3518 esse

2249 3553 2506 3610 Ecclesia:
2534 3552 2769 3610 Verbum
2801 3554 2929 3623 Dei,
2956 3564 3010 3610 et
3040 3553 3237 3609 Filium
3288 3551 3419 3619 Dei;
3450 3565 3509 3607 et
3542 3553 3834 3625 egrediun-

2250 3656 2338 3700 tur
2371 3646 2438 3701 de
2474 3650 2679 3702 mundo
2710 3655 2764 3701 et
2801 3648 2868 3703 de
2902 3648 3185 3703 erroribus
3219 3648 3447 3702 deorum
3488 3648 3831 3710 multorum,

2246 3748 2300 3793 et
2325 3738 2550 3793 veniunt
2577 3739 2630 3792 in
2657 3741 2872 3794 obviam
2907 3738 3200 3800 Salvatori,
3233 3740 3325 3809 qui
3354 3754 3581 3808 semper
3606 3749 3832 3809 paratus

2246 3838 2330 3885 est
2364 3831 2548 3885 venire
2591 3833 2656 3886 ad
2699 3833 2936 3904 virgines
2962 3847 3087 3896 eas,
3146 3840 3205 3885 ut
3254 3832 3419 3886 simul
3453 3832 3830 3902 ingrediantur

2247 3936 2372 3975 cum
2407 3921 2586 3993 dignis
2617 3937 2807 3977 eorum
2843 3922 2908 3977 ad
2945 3923 3156 3976 beatam
3207 3937 3466 3991 sponsam
3500 3919 3829 3977 Ecclesiam.

2248 4011 2352 4068 Sed
2397 4015 2634 4083 quandiu
2669 4014 2889 4084 quidem
2940 4025 3061 4084 post
3086 4015 3312 4071 verbum
3353 4020 3642 4084 receptum
3690 4015 3828 4070 lueet

2246 4103 2427 4158 lumen
2460 4104 2695 4159 fidelium
2719 4119 2903 4159 coram
2933 4104 3268 4169 hominibus,
3296 4113 3353 4158 ut
3382 4104 3637 4159 videntes
3664 4120 3832 4174 opera

2249 4210 2441 4252 eorum
2469 4196 2634 4264 bona,
2682 4197 2985 4268 gloriﬁcent
3010 4195 3224 4251 Patrem
3248 4212 3438 4251 eorum
3471 4198 3648 4266 quiin
3678 4198 3833 4252 caelis

2246 4288 2414 4353 est“,
2444 4288 2527 4343 hie
2558 4299 2613 4342 et
2660 4289 2954 4358 prudentes
2983 4298 3149 4351 sunt,
3185 4298 3239 4343 et
3279 4290 3616 4358 accipientes
3647 4291 3831 4346 oleum

2242 4382 2637 4438 nutrimentum
2670 4380 2908 4435 hominis
2950 4380 3034 4433 sui
3070 4380 3216 4450 quod
3262 4396 3481 4450 semper
3516 4379 3831 4436 infunditur

2242 4474 2453 4529 actibus
2490 4472 2669 4535 bonis,
2702 4472 2753 4528 id
2785 4482 2869 4527 est
2889 4471 3115 4526 verbum
3150 4473 3434 4536 doctrinae,
3461 4483 3517 4528 et
3547 4490 3677 4529 vasa
3701 4474 3830 4529 ani-

556 4554 783 4608 vcrhum
806 4552 1089 4625 Dei,881
1117 4572 1340 4627 regnum
1361 4560 1622 4614 cmlorum
1637 4561 2139 4637 assimilaturvirgi-
2173 4548 2215 4601 ί)
2246 4582 2457 4621 marum
2508 4580 2731 4620 suarum
2765 4565 2833 4619 ab
2861 4564 2962 4619 hoc
2998 4565 3164 4647 verbo
3215 4565 3504 4635 implentes
3530 4584 3562 4620 a
3589 4568 3830 4645 doctor}-

557 4643 720 4697 nihus
748 4644 954 4700 decem.
1000 4647 1065 4701 Et
1096 4648 1141 4703 si
1167 4649 1389 4719 quidem
1421 4651 1476 4705 in
1506 4652 1588 4708 eis
1617 4663 1746 4708 sunt
1772 4656 1866 4724 qui
1903 4665 2049 4712 recte
2083 4667 2137 4713 ct

555 4733 787 4788 credunt
806 4743 861 4788 et
886 4736 1094 4801 vivunt,
1113 4746 1161 4792 et
1185 4737 1307 4793 ideo
1323 4739 1472 4809 juste
1494 4743 1872 4799 assimilantur
1894 4748 2136 4817 quinque

556 4822 949 4893 prodeuntibus;
991 4826 1083 4896 qui
1103 4837 1283 4883 autem
1300 4829 1858 4902 profitenturquidem
1882 4834 2040 4891 ﬁdem
2077 4837 2133 4892 in

553 4912 720 4981 Jesu,
772 4931 881 4972 non
922 4926 1106 4973 autem
1147 4930 1460 4990 praeparant
1490 4938 1550 4979 se
1590 4924 1751 4981 bonis
1780 4928 2036 4997 operibus
2069 4932 2136 4985 ad

554 5008 784 5064 salutem
806 5051 824 5077 ,
886 5010 1114 5081 reliquis
1142 5013 1387 5086 quinque
1419 5016 1796 5073 assimilantur
1838 5020 2138 5091 virginibus

554 5098 756 5168 fatuis;
785 5118 893 5156 non
924 5103 1374 5162 irrationabiliter
1404 5108 1642 5163 dicimus
1671 5124 1868 5166 sensus
1889 5113 2135 5169 omnium

550 5197 642 5261 qui
675 5193 982 5251 didicerunt
1009 5197 1213 5266 divina,
1240 5200 1733 5272 quomodocuuque
1771 5204 1996 5259 verbum
2030 5205 2136 5259 Do-

552 5284 685 5336 mini
717 5298 1060 5357 reeepernnt,
1084 5290 1200 5346 sive
1228 5293 1541 5356 occasione.
1569 5294 1685 5349 sive
1710 5296 1960 5361 veritate,
1986 5299 2132 5369 quod

550 5375 791 5441 virgines
842 5387 973 5434 sunt
1027 5380 1401 5451 virginiﬁcatze
1455 5398 1551 5454 per
1596 5386 1821 5441 verbum
1873 5387 1970 5444 Dei
2040 5390 2128 5445 cui

548 5463 899 5521 crtdiderunt
927 5480 1018 5524 aut
1043 5471 1267 5527 credere
1296 5471 1507 5530 volunt.
1540 5470 1671 5529 Tale
1704 5483 1790 5530 est
1832 5478 1978 5532 enim
2004 5494 2130 5534 vcr-

547 5551 678 5607 bum
707 5553 828 5621 Dei,
858 5569 917 5613 ut
943 5559 1011 5615 de
1038 5576 1140 5617 sua
1171 5564 1444 5621 munditia
1468 5567 1846 5623 accommodet
1869 5570 2127 5626 omnibus

2244 4658 2347 4713 bus
2370 4667 2423 4712 et
2453 4656 2810 4711 traditoribus
2841 4656 2933 4726 qui
2968 4657 3099 4711 illud
3132 4660 3470 4724 venundant,
3509 4660 3656 4729 quod
3686 4660 3831 4713 satis

2244 4751 2316 4805 sit
2350 4750 2430 4803 eis
2456 4790 2470 4814 ,
2519 4749 2683 4801 etiam
2734 4747 2979 4801 tardante
3010 4751 3160 4803 exitu
3202 4758 3256 4803 et
3291 4761 3607 4804 remorante
3647 4747 3830 4803 Verbo

2244 4841 2495 4895 veniente
2520 4841 2586 4894 ad
2617 4840 3141 4895 consummationem
3173 4856 3362 4895 eorum
3383 4880 3399 4905 ,
3449 4850 3511 4893 ut
3562 4855 3815 4895 consum

2238 4941 2396 4986 mata:
2429 4940 2483 4986 et
2511 4942 2663 4987 extra
2690 4935 2951 4987 mundum
2989 4932 3144 4986 factae
3179 4932 3439 4988 festinent
3462 4932 3611 4987 illuc.
3634 4931 3827 4998 Quan-

2237 5026 2306 5079 tis
2329 5034 2510 5080 autem
2541 5041 2648 5079 non
2680 5025 2782 5079 fuit
2804 5042 2936 5080 cura
2968 5035 3093 5096 post
3121 5026 3533 5080 inchoationem
3550 5025 3823 5082 Christia-

2235 5115 2422 5170 nitatis
2468 5125 2674 5170 tantam
2725 5116 2972 5186 accipere
3012 5116 3160 5171 verbi
3210 5117 3562 5183 doctrinam,
3608 5127 3822 5187 quanta

2233 5207 2503 5263 sufficeret
2535 5210 2615 5262 eis
2647 5207 2846 5262 durare
2893 5223 3066 5278 usque
3115 5207 3181 5263 ad
3225 5207 3422 5275 ﬁnem,
3476 5209 3820 5280 negligentes

2234 5299 2380 5354 circa
2439 5299 2840 5368 susceptionem
2870 5298 3132 5354 doctrina:
3167 5315 3290 5370 quin
3332 5299 3605 5355 confortat
3646 5300 3820 5355 ﬁdem

2234 5399 2289 5443 et
2318 5390 2584 5444 bonorum
2611 5398 2833 5445 actuum
2865 5389 3046 5445 lumen
3095 5386 3370 5445 illuminat
3416 5390 3578 5461 (quid
3620 5400 3818 5444 autem

2234 5478 2313 5533 sic
2337 5477 2610 5533 confortat
2640 5478 2783 5533 sicut
2812 5481 3035 5534 moralis
3070 5495 3252 5534 sermo
3276 5521 3292 5547 ,
3337 5483 3481 5553 quod
3520 5480 3696 5535 oleum
3730 5480 3816 5535 lu-

2232 5570 2396 5626 minis
2428 5571 2811 5643 appellatur)?
2860 5572 2943 5627 hte
2994 5571 3159 5629 fatuae
3201 5586 3366 5645 sunt,
3398 5586 3451 5632 et
3483 5584 3813 5644 acceperunt

613 5823 659 5855 "
688 5819 824 5881 Dan.
852 5841 936 5894 ιιι,
972 5827 1060 5884 86.
1138 5831 1185 5865 ⁷⁸
1219 5831 1355 5891 Luc.
1382 5850 1459 5908 vt,
1489 5834 1580 5892 25.
1644 5837 1705 5918 ,⁷⁸
1735 5835 1929 5895 Matth.
1961 5851 2088 5909 xxv,
2118 5838 2140 5891 Ι

2249 5877 2254 5891 .
2324 5837 2369 5872 ⁸ο
2385 5836 2548 5895 Prov.
2587 5856 2646 5907 ιι,
2681 5842 2732 5898 5.
2813 5844 2853 5877 ⁸¹
2888 5842 3078 5900 Matth.
3108 5862 3158 5909 v.
3188 5846 3276 5901 iﬁ.
