4004 6544
89 0 1342 30 Μ

187 399 351 462 {70!

1347 385 2006 451 ῦυΜιιΕΝτΑΒιοιιυΜ
2049 389 2315 446 ΞΕΜΕΞ.

3328 401 3470 460 1701

180 518 488 592 lampades
531 519 586 573 in
638 517 829 590 primis
862 517 1082 590 quidem
1115 531 1404 582 accensas,
1437 517 1529 574 sed
1562 517 1629 572 ad
1664 523 1784 571 tau-
1813 518 1863 575 A
1889 511 2078 567 dentes
2105 511 2362 582 quoniam
2393 523 2498 565 non
2529 515 2741 566 tantum
2781 513 2995 582 oleum,
3043 515 3095 572 ld
3128 525 3212 574 est
3236 522 3463 580 verbum

182 623 326 668 tum
368 616 470 668 iter
517 610 734 667 obviam
778 610 1012 666 exeundi
1047 625 1251 680 sponso
1279 610 1457 664 oleum
1490 623 1600 662 non
1637 622 1788 663 accec

180 713 425 776 perunt.
449 703 657 758 Moram
685 711 860 756 autem
888 717 1076 772 sponso
1102 701 1346 771 faciente,
1366 700 1786 754 dormitaverunt

186 813 388 853 omnes
433 796 696 866 virgines,
740 803 789 848 et
835 795 1166 848 dormiebant
1196 793 1267 846 ".
1297 792 1376 848 lta
1418 808 1620 862 sponso
1670 801 1788 846 tar-

180 892 371 947 dante
392 931 409 956 ,
458 898 513 944 et
558 903 666 943 non
702 887 811 942 cito
853 886 1104 940 veniente
1139 884 1315 940 Verbo
1348 883 1416 938 ad
1444 897 1790 938 consumma-

186 986 416 1042 tionem
445 982 569 1037 vita:
616 996 845 1044 eorum,
895 980 1023 1035 hinc
1067 975 1350 1050 patiuntur
1379 977 1582 1047 aliquid
1629 975 1788 1047 quasi

185 1091 441 1140 sensus,
475 1082 530 1129 et
563 1072 722 1142 quasi
755 1072 808 1126 in
844 1081 1000 1126 nocte
1029 1071 1216 1126 mundi
1246 1080 1466 1141 agentes
1503 1079 1556 1124 et
1582 1067 1789 1123 dormi-

190 1175 411 1222 tantes.
443 1163 792 1218 Dormierunt
817 1161 1034 1231 quidem
1053 1202 1068 1224 ,
1101 1169 1290 1230 utputa
1311 1200 1326 1226 ,
1354 1159 1639 1214 remissius
1665 1173 1788 1229 ege-

187 1265 340 1312 runt
373 1271 406 1310 a
438 1269 602 1310 sensu
635 1251 786 1307 vitali
822 1269 836 1305 :
873 1267 983 1306 non
1015 1258 1195 1306 tamen
1241 1258 1296 1305 et
1339 1249 1616 1318 lampades
1662 1262 1788 1318 per-

193 1345 504 1407 diderunt,
561 1356 737 1411 neque
779 1340 1205 1411 desperaverunt
1251 1339 1320 1394 de
1375 1337 1790 1394 conservatione

191 1438 314 1492 v'ei
354 1438 457 1492 illa:
487 1437 800 1506 prudentes.

274 1529 372 1584 64.
416 1529 596 1584 Media
642 1537 816 1582 autem
863 1536 1012 1582 nocte
1049 1526 1251 1582 clamor
1289 1527 1464 1597 factus
1513 1534 1626 1592 est,
1675 1540 1791 1579 ecce

192 1637 433 1691 sponsus
460 1622 632 1688 venit,
655 1620 920 1691 exsurgite
942 1621 1146 1676 obviam
1174 1621 1244 1674 ei.
1274 1619 1420 1674 Tunc
1449 1625 1792 1672 surrexerunt

193 1716 439 1785 virgines
466 1713 579 1768 illae
603 1729 778 1768 omnes
796 1754 811 1780 ,
833 1724 884 1769 et
914 1721 1313 1783 composuerunt
1341 1710 1610 1781 lampades
1639 1726 1787 1764 suas.

196 1807 414 1866 Fatua:
446 1816 620 1862 autem
665 1805 1011 1877 prudentibus
1059 1805 1348 1859 dixerunt:
1372 1802 1508 1857 Date
1541 1803 1688 1857 nobis
1727 1802 1792 1856 de

193 1900 324 1954 oleo
369 1908 571 1965 vestro,
617 1900 742 1969 quia
791 1897 1061 1968 lampades
1107 1906 1302 1950 nostrae
1360 1895 1788 1965 exstinguuntur.

195 1989 610 2060 Responderunt
649 1997 823 2042 autent
868 1988 1178 2058 prudentes,
1212 1987 1441 2040 dicentes
1472 2001 1492 2039 .'
1526 1985 1610 2040 Nc
1658 1985 1792 2054 forte

196 2099 310 2138 non
337 2082 560 2152 sufﬁciat
588 2081 736 2136 nobis
756 2123 771 2147 ,
800 2089 850 2135 et
880 2080 1020 2134 vobis
1041 2121 1056 2146 ,
1090 2081 1159 2134 ite
1189 2081 1362 2149 potius
1389 2079 1459 2132 ad
1493 2077 1786 2142 vendentes,

196 2183 251 2228 et
296 2173 458 2227 emite
500 2170 663 2226 vobis.
710 2170 1036 2226 Abeuntibus
1065 2181 1238 2224 autem
1273 2169 1382 2223 illis
1419 2185 1622 2234 emere,
1653 2169 1791 2224 venit

199 2277 459 2332 sponsus,
483 2269 532 2316 et
564 2276 681 2331 qua:
701 2273 908 2331 parata:
933 2269 1105 2326 erant,
1133 2261 1460 2314 intraverunt
1484 2275 1605 2313 cum
1626 2276 1685 2314 eo
1720 2259 1790 2312 ad

197 2356 428 2426 nuptias
446 2394 459 2418 ,
501 2363 556 2408 et
571 2354 756 2407 clausa
784 2363 862 2407 est
883 2351 1078 2422 janua.
1107 2350 1406 2406 Nouissime
1436 2361 1614 2405 autem
1642 2367 1789 2405 vene-

199 2459 334 2502 runt
361 2457 409 2502 et
435 2448 650 2518 reliquae
674 2447 898 2517 virgines
927 2446 1156 2499 dicentes
1185 2461 1203 2499 :
1233 2443 1456 2500 Domine
1477 2483 1493 2509 ,
1542 2443 1789 2510 Domine,

199 2540 359 2610 aperi
402 2539 570 2594 nobis.
619 2542 685 2593 At
727 2539 817 2593 ille
849 2538 1164 2608 respondens
1195 2538 1270 2592 ait
1298 2551 1317 2590 :
1349 2538 1512 2591 Amen
1555 2536 1672 2590 dico
1703 2553 1793 2590 vo-

201 2631 311 2699 bis,
349 2632 523 2685 nescio
549 2647 636 2686 vos
653 2630 718 2683 ⁸³.
749 2629 924 2685 Media
955 2637 1134 2684 autem
1167 2639 1346 2694 nocte,
1380 2629 1433 2684 id
1461 2639 1544 2683 est
1573 2629 1628 2682 in
1665 2629 1790 2683 alti-

201 2725 400 2781 tudine
427 2724 786 2788 remissionis,
821 2731 875 2778 et
903 2723 957 2777 in
991 2723 1171 2778 medio
1199 2731 1446 2792 tempore
1471 2721 1584 2791 jam
1615 2731 1793 2777 trans-

203 2818 318 2872 acti
364 2817 588 2872 luminis
619 2815 944 2886 vespertini,
991 2823 1046 2870 et
1096 2814 1278 2869 adhuc
1324 2814 1528 2884 sperati
1571 2814 1788 2878 diurni,

200 2907 390 2964 factus
419 2918 501 2963 est
529 2907 734 2963 clamor
765 2923 956 2962 omnes
994 2907 1258 2962 suscitare
1283 2906 1577 2961 volentium
1600 2947 1614 2970 ,
1649 2907 1792 2962 sicut

201 3000 500 3064 existimo,
526 2999 840 3068 aligelorum
863 3039 877 3063 ,
915 2999 1009 3067 qui
1045 3014 1223 3051 omnes
1257 3005 1380 3051 sunt
1416 2997 1792 3051 ministratorii

203 3092 433 3162 spiritus
454 3132 468 3158 ,
499 3092 587 3161 qui
613 3093 894 3144 mittuntur
922 3088 990 3142 ad
1028 3088 1381 3142 ministerium
1419 3097 1631 3158 propter
1661 3106 1788 3159 pos-

1889 603 2182 670 doctrinze,
2213 613 2710 675 congregaverant,
2749 614 2806 660 ut
2839 607 3107 664 suliiceret
3135 620 3188 664 et
3227 611 3359 682 ipsis
3396 617 3465 672 ad

1891 697 2059 752 vitam
2086 705 2139 753 et
2167 696 2288 752 illas
2310 697 2571 752 docerent
2602 712 2801 752 ornare
2840 697 3117 768 lampades
3142 717 3290 760 suas.
3327 704 3394 761 Et
3423 709 3469 763 si

1891 788 2328 844 consideraveris
2349 788 2584 859 aliquem
2613 789 2932 858 aliquando,
2952 793 3096 860 quod
3122 799 3472 868 congregavit

1890 879 2108 950 quidem
2140 879 2443 935 doctrinam
2473 881 2623 936 verbi
2655 880 2800 951 quod
2835 881 2937 936 sibi
2973 884 3204 939 sufﬁciat
3232 887 3298 940 ad
3333 889 3472 944 bene

1890 970 2181 1025 vivendum
2208 1009 2222 1034 ,
2253 987 2361 1026 non
2394 980 2577 1026 tamen
2611 972 2857 1026 utetiam
2889 971 3080 1029 doctor
3122 977 3234 1029 lieri
3262 979 3469 1046 possit,

1889 1061 2099 1117 videbis
2131 1062 2278 1118 hunc
2316 1063 2476 1118 talem
2519 1063 2936 1134 respondentem
2971 1065 3281 1122 volentibus
3307 1069 3378 1123 ab
3405 1086 3474 1124 eo

1890 1152 2102 1209 discere
2133 1171 2255 1224 quae
2297 1163 2426 1210 sunt
2465 1155 2595 1221 Dei,
2645 1165 2696 1210 et
2740 1155 3047 1213 dicentem:
3083 1158 3165 1212 Ne
3195 1161 3331 1230 forte
3369 1179 3472 1217 non

1891 1248 2113 1317 suﬁiciat
2160 1248 2310 1302 nobis
2345 1259 2394 1302 et
2427 1249 2594 1308 vobis.
2645 1248 2984 1318 Sullicienter
3029 1254 3174 1308 enim
3216 1256 3348 1311 mihi
3403 1259 3472 1313 ad

1891 1342 2028 1398 bene
2057 1342 2346 1396 vivendum
2376 1342 2550 1397 habeo
2574 1343 2882 1397 doctrinam
2903 1386 2917 1410 ,
2968 1360 3076 1400 non
3107 1359 3286 1402 tamen
3330 1358 3388 1404 ut
3418 1359 3476 1405 et

1889 1434 2046 1490 vobis
2081 1434 2288 1504 possim
2333 1434 2748 1489 accommodare
2783 1435 3114 1492 doctrinam.
3148 1437 3214 1492 Et
3245 1456 3476 1509 respon-

1891 1525 2098 1580 debunt
2124 1524 2432 1580 volentibus
2455 1539 2484 1578 a
2522 1540 2581 1579 se
2615 1525 2827 1580 discere
2853 1544 2865 1580 :
2896 1524 2978 1580 Ite
3002 1531 3168 1599 magis
3198 1528 3269 1582 ad
3291 1531 3474 1586 vendi-

1893 1626 2028 1670 tores
2049 1654 2066 1680 ,
2108 1626 2155 1668 et
2201 1615 2356 1670 eruite
2387 1615 2565 1681 vobis,
2596 1615 2648 1671 id
2679 1625 2763 1671 est
2792 1616 2858 1671 ad
2886 1619 3139 1675 doctores
3162 1661 3178 1687 ,
3209 1622 3356 1676 etab
3387 1623 3469 1678 eis

1892 1706 2145 1777 accipite.
2175 1705 2242 1760 Et
2269 1705 2433 1761 fatuas
2471 1723 2578 1762 non
2619 1709 2839 1778 quando
2863 1712 3146 1780 oportebat
3173 1722 3365 1768 euntes
3399 1715 3468 1769 ad

1893 1798 2194 1854 doctrinam
2253 1799 2356 1854 sibi
2407 1799 2728 1866 emendata,
2775 1803 3010 1871 perdunt
3052 1812 3266 1875 tempus
3298 1805 3472 1862 intro-

1892 1889 2056 1944 eundi
2090 1905 2215 1945 cum
2242 1903 2446 1959 sponso
2473 1891 2540 1945 ad
2571 1890 2809 1962 nuptias.
2839 1890 2904 1946 Et
2934 1905 3016 1947 est
3038 1893 3222 1950 videre
3250 1911 3346 1951 eos
3374 1897 3471 1967 qui

1891 1981 2019 2036 talia
2066 1983 2382 2052 patiuntur,
2442 1982 2537 2048 qui
2602 1982 2822 2051 quando
2883 1983 3190 2040 debuerunt
3249 1987 3470 2057 quidem

1891 2073 2138 2138 discere,
2172 2073 2524 2142 neglexerunt
2564 2072 2777 2128 discere
2824 2073 3032 2144 aliquid
3069 2076 3198 2132 utile
3227 2093 3292 2132 ex
3323 2078 3404 2135 eis
3439 2096 3472 2134 a

1891 2165 2092 2237 quibus
2120 2165 2332 2220 discere
2361 2164 2691 2220 debuerunt.
2724 2162 2929 2235 ln’ipso
2958 2175 3139 2222 autem
3164 2169 3313 2224 exitu
3349 2171 3473 2226 vita:

1892 2271 2007 2311 sua:
2049 2257 2178 2312 dum
2223 2256 2523 2327 disponunt
2561 2258 2806 2324 discere,
2863 2263 3402 2332 comprehenduntur
3438 2279 3473 2320 a

1893 2356 2068 2432 morte
2093 2386 2108 2412 ,
2143 2356 2198 2401 et
2228 2357 2515 2418 propterea
2565 2365 2672 2404 non
2716 2349 3096 2421 ingrediuntur
3125 2368 3249 2407 cum
3295 2352 3475 2410 Verbo

1892 2439 1959 2494 ad
1991 2454 2250 2509 sponsam
2282 2437 2606 2506 Ecclesiam,
2635 2455 2737 2496 nec
2759 2457 2881 2497 cum
2903 2441 3125 2497 Christo
3155 2443 3221 2498 ad
3248 2458 3342 2499 eos
3375 2445 3473 2515 qui

1892 2531 2056 2586 simul
2105 2532 2161 2585 in
2209 2532 2397 2601 requie
2431 2541 2559 2587 sunt
2595 2531 2763 2586 futuri
2809 2540 2863 2587 et
2909 2533 2962 2587 in
3013 2533 3345 2589 beatitudine
3384 2553 3473 2591 res

1899 2621 2136 2692 gnaturi.
2168 2619 2458 2674 Clauditur
2485 2629 2667 2675 autem
2711 2632 2900 2692 postea
2938 2623 3143 2677 ostium
3185 2625 3363 2680 adhuc
3396 2625 3476 2680 fa-

1893 2711 2004 2766 tuis
2041 2709 2345 2780 virginibus
2371 2709 2549 2765 oleum
2583 2711 2890 2779 acceptoris
2923 2727 3045 2780 quae
3075 2720 3129 2766 et
3157 2713 3275 2768 sine
3305 2728 3476 2769 causa

1893 2810 2082 2872 postea
2134 2801 2351 2854 venient
2395 2799 2682 2855 dicentes:
2715 2799 2969 2867 Domine,
3021 2802 3277 2871 Domine,
3327 2805 3477 2873 aperi

1893 2893 2063 2946 nobis.
2124 2892 2311 2960 itaque
2363 2890 2700 2958 respondens
2750 2907 2986 2960 sponsus
3033 2895 3163 2949 dicit
3203 2911 3216 2945 :
3277 2893 3474 2950 Nescio

1892 2999 2003 3038 vos.
2035 2981 2221 3051 Itaque
2248 2980 2506 3050 quoniam
2552 2981 2810 3050 parabola
2840 2982 3097 3038 omnibus
3125 2985 3476 3041 audientibus

1891 3074 2208 3139 dicebatur,
2253 3073 2535 3144 subjungit
2586 3075 2652 3127 ad
2701 3074 2999 3143 discipulos
3030 3091 3196 3142 suos,
3231 3077 3418 3134 dicens
3451 3094 3467 3133 :

202 3201 448 3241 cessuros
492 3185 800 3248 salutem“,
849 3185 942 3254 qui
972 3194 1026 3237 et
1061 3183 1278 3238 solliciti
1312 3182 1534 3238 fuerunt
1563 3198 1660 3238 eos
1695 3183 1788 3254 qui
1817 3196 1860 3254 ο
1904 3163 2130 3236 Vigila“
2155 3179 2297 3234 9'90:
2330 3162 2454 3232 quia
2481 3162 2691 3216 ηεδείιίδ
2712 3163 2850 3217 diem
2883 3175 2932 3217 ει
2963 3165 3228 3221 horam“.
3261 3166 3478 3223 Ornan-

203 3284 340 3332 sunt
370 3269 686 3342 sensibiles,
734 3277 975 3331 excitare
1024 3276 1078 3329 in
1116 3274 1330 3329 obviam
1363 3290 1599 3346 sponso,
1629 3286 1682 3331 et
1713 3276 1795 3332 di-

204 3375 344 3421 cunt
393 3366 543 3421 intus
592 3366 892 3422 clamantes
949 3366 1004 3420 in
1064 3368 1318 3423 sensibus
1370 3370 1617 3422 omnium
1668 3367 1797 3422 dor-

203 3458 498 3513 mientium
525 3477 538 3512 :
567 3457 700 3512 Ecce
741 3475 963 3522 sponsus
997 3459 1168 3527 venit,
1224 3460 1424 3529 surgite
1469 3459 1678 3513 obviam
1725 3459 1792 3512 ei.

207 3550 276 3604 Et
322 3549 725 3620 suggestionem
781 3549 1000 3620 quidem
1043 3561 1298 3620 oportere
1345 3550 1398 3604 in
1449 3550 1665 3604 obviam
1716 3549 1796 3606 ire

206 3657 418 3713 sponso
477 3641 687 3708 Verbo,
737 3651 791 3696 et
854 3640 1112 3702 Ecclesia:
1161 3642 1555 3709 immaculata,
1604 3658 1796 3698 omnes

201 3733 431 3810 quidem
501 3731 792 3787 audierunt
856 3741 911 3788 et
983 3742 1398 3788 surrexerunt:
1453 3749 1562 3789 non
1611 3742 1793 3789 autem

205 3837 404 3877 omnes
435 3822 714 3877 decentem
749 3823 1130 3893 imposuerunt
1170 3823 1514 3892 lampadibus
1553 3823 1670 3879 suis
1707 3838 1797 3878 or-

207 3923 401 3968 natum
423 3953 437 3978 ,
470 3915 564 3968 sed
598 3929 720 3984 quae
767 3914 1059 3970 audierunt
1088 3914 1431 3986 prudentiam
1464 3929 1559 3971 eas
1591 3931 1796 3971 ornan-

207 4016 344 4061 tem.
388 4005 462 4061 lta
510 4022 618 4062 non
651 4007 705 4061 in
734 4015 979 4077 tempore
1014 4018 1320 4077 opportuno
1349 4006 1510 4062 fatua)
1541 4006 1797 4062 dixerunt

207 4096 570 4166 prudentibus
605 4112 620 4149 :
659 4095 796 4151 Date
837 4097 983 4152 nobis
1031 4097 1095 4151 de
1130 4097 1243 4151 oleo
1286 4107 1476 4159 vestro,
1510 4097 1669 4168 quasi
1702 4097 1796 4165 qui

207 4202 322 4240 non
359 4186 462 4241 sibi
515 4195 982 4258 congregaverant
1027 4198 1154 4242 ante
1196 4188 1538 4258 prudentiam
1562 4227 1577 4253 ,
1615 4195 1676 4242 ut
1713 4188 1798 4242 in-

209 4277 456 4346 telligant
503 4275 762 4346 quoniam
813 4292 922 4331 non
972 4277 1218 4331 omnium
1254 4275 1569 4330 habentium
1614 4274 1793 4329 oleum

207 4379 294 4425 est
327 4370 492 4425 etiam
523 4371 654 4425 dare
688 4385 755 4424 ex
807 4383 872 4424 eo
908 4368 1217 4424 volentibus
1261 4368 1415 4435 aliis,
1470 4368 1564 4423 sed
1603 4382 1794 4421 eorum

210 4467 590 4520 tantummodo
639 4464 732 4534 qui
779 4464 847 4518 ad
886 4463 988 4520 hoc
1025 4464 1202 4535 ipsum
1255 4464 1414 4535 positi
1456 4473 1585 4518 sunt
1617 4471 1676 4517 ut
1707 4476 1796 4516 ve-

1895 3268 1976 3314 tes
2025 3269 2205 3311 autem
2250 3256 2528 3327 lampades
2582 3271 2844 3310 sensuum
2901 3259 3228 3327 evangelicis
3280 3261 3478 3318 usibus

1895 3359 2058 3419 atque
2093 3347 2292 3415 rectis,
2323 3357 2382 3402 ut
2411 3347 2457 3402 si
2490 3346 2710 3416 quidem
2754 3347 3040 3402 oculorum
3090 3359 3478 3407 ornamentum

1894 3449 2075 3496 rectus
2106 3455 2239 3494 usus
2273 3439 2491 3493 videndi
2521 3479 2537 3505 ,
2574 3447 2633 3492 ut
2668 3437 2810 3492 oculi
2848 3438 3068 3495 videant
3112 3443 3332 3512 quidem
3375 3444 3478 3498 ad-

1897 3533 2206 3586 mirandum
2258 3530 2555 3597 factorem,
2608 3530 2932 3587 claudantur
2973 3542 3153 3588 autem
3191 3542 3251 3590 ut
3283 3551 3351 3589 ne
3393 3535 3478 3588 vi-

1895 3628 2059 3682 deant
2085 3626 2449 3696 iniquitatem.
2477 3623 2709 3678 Auditus
2746 3633 2926 3679 autem
2956 3635 3038 3680 est
3066 3635 3475 3690 ornamentum,

1894 3720 2116 3790 quando
2158 3721 2281 3790 quis
2329 3720 2662 3775 auditionem
2707 3736 2816 3774 non
2851 3719 3079 3787 suscipit
3109 3733 3342 3780 vanam,
3380 3718 3476 3771 sed

1896 3810 2130 3866 obdurat
2162 3826 2325 3864 aures
2369 3825 2498 3864 suas
2535 3819 2594 3864 ut
2637 3825 2746 3864 non
2789 3809 3014 3864 audiant
3055 3807 3320 3878 judicium
3350 3821 3480 3861 san-

1902 3902 2116 3974 guinis;
2167 3902 2318 3955 audit
2361 3913 2542 3956 autem
2605 3901 2790 3957 lesum
2822 3900 3088 3955 dicentem
3129 3898 3197 3952 ad
3228 3912 3287 3953 se
3320 3913 3332 3948 :
3369 3898 3481 3951 Ad-

1897 3993 2100 4061 aperire
2118 3991 2186 4058 ⁸⁶,
2213 4003 2272 4046 ut
2301 4000 2510 4046 tantum
2540 3992 2607 4046 ad
2628 3993 2792 4046 verba
2823 3990 3078 4047 salutaria
3097 3999 3148 4045 et
3171 3989 3477 4044 necessaria

1895 4087 2260 4154 praebeantur.
2314 4082 2405 4138 Sic
2445 4095 2498 4138 ct
2534 4084 2601 4138 de
2635 4091 2959 4138 ornamento
3008 4091 3200 4153 gustus
3235 4084 3359 4152 quis
3396 4082 3480 4136 di-

1895 4192 2018 4231 cere
2060 4185 2270 4244 potest,
2320 4184 2373 4230 et
2417 4175 2483 4228 de
2520 4175 2853 4230 odorationis
2886 4183 2940 4229 et
2990 4174 3358 4243 palpationis,
3391 4188 3481 4226 se-

1897 4269 2134 4323 cundum
2187 4284 2248 4323 ea
2299 4285 2422 4338 quae
2470 4268 2614 4322 dicta
2664 4276 2810 4321 sunt.
2862 4266 3131 4332 Quoniam
3191 4264 3286 4334 qui
3339 4264 3481 4319 male

1899 4371 2129 4415 utuntur
2159 4360 2414 4415 sensibus
2441 4359 2576 4424 suis,
2610 4373 2800 4412 eorum
2833 4358 3042 4412 nullum
3076 4366 3160 4411 est
3187 4372 3483 4411 ornamen-

1899 4463 2012 4509 tum
2049 4463 2143 4508 aut
2177 4453 2231 4507 in
2259 4455 2432 4508 oculis
2457 4493 2470 4517 ,
2522 4461 2616 4505 aut
2647 4451 2699 4503 in
2732 4452 2994 4513 auribus,
3036 4460 3130 4504 aut
3162 4450 3216 4502 in
3251 4449 3479 4520 reliquis

193 4558 492 4621 .nundent,
544 4565 598 4611 et
641 4556 922 4621 tribuant,
973 4565 1028 4610 et
1077 4557 1347 4626 accipiant
1400 4554 1636 4625 pretium
1687 4553 1788 4607 olei
1828 4543 1868 4597 D
1898 4548 2170 4604 sensibus.
2221 4547 2632 4603 Observandum
2664 4556 2748 4601 est
2792 4555 3006 4608 autem,
3045 4544 3306 4614 quoniam
3345 4543 3481 4599 scri-

207 4654 377 4725 882
415 4653 741 4716 venundati,
782 4653 941 4723 cujus
984 4653 1218 4724 pretium
1254 4659 1336 4707 est
1366 4650 1788 4720 perseverantia,

209 4757 263 4801 et
294 4747 586 4812 instantia,
617 4755 671 4801 et
697 4760 852 4801 amor
880 4745 1163 4812 discendi,
1194 4753 1247 4798 et
1280 4742 1556 4813 diligentia
1577 4783 1591 4808 ,
1621 4750 1676 4796 et
1708 4741 1789 4795 la-

211 4838 311 4894 bor
349 4841 684 4908 cupientium
722 4839 950 4894 discere.
991 4837 1127 4890 Date
1177 4835 1324 4890 nobis
1359 4835 1423 4889 de
1451 4839 1566 4889 oleo
1601 4842 1788 4896 vestro,

210 4933 461 4999 quoniam
505 4930 777 5000 lampades
824 4938 1020 4984 nostra:
1044 4928 1474 4997 exstinguuntur.
1519 4925 1653 4980 Nam
1689 4926 1790 4980 etsi

209 5020 376 5077 fatua:
420 5033 610 5087 erant,
659 5033 839 5078 tamen
905 5022 1012 5076 hoc
1062 5019 1468 5090 intelligebant,
1529 5019 1789 5090 quoniam

212 5125 335 5164 cum
384 5111 591 5165 lumine
634 5111 900 5165 debebant
940 5110 1156 5164 obviam
1199 5109 1278 5164 ire
1319 5124 1554 5178 sponso,
1598 5124 1792 5164 omnes

214 5200 490 5270 lampades
535 5217 797 5256 sensuum
829 5199 1163 5257 illuminatas
1204 5201 1487 5256 habentes.
1525 5198 1795 5254 Videbam

213 5302 393 5346 autem
423 5301 477 5347 et
508 5291 639 5347 illud
661 5333 676 5359 ,
721 5293 979 5363 quoniam
1010 5307 1078 5347 ex
1113 5308 1179 5346 eo
1205 5292 1350 5362 quod
1403 5291 1584 5345 minus
1629 5289 1791 5344 habe-

213 5383 342 5439 bant
391 5386 571 5442 oleum
619 5387 886 5442 rationale
929 5387 1040 5456 jam
1095 5383 1589 5455 propinquantibus
1637 5393 1790 5436 teneo

214 5474 346 5542 bris,
377 5478 654 5548 lampades
685 5495 872 5535 earum
905 5479 1122 5533 fuerant
1145 5476 1530 5533 obscurandze.
1564 5473 1669 5527 Sed
1698 5488 1790 5528 sa-

217 5570 421 5636 pientes
462 5573 837 5627 transmittunt
873 5572 1052 5628 fatuas
1083 5573 1148 5627 ad
1183 5571 1286 5625 olei
1323 5570 1631 5626 venditores
1653 5605 1670 5632 ,
1705 5566 1789 5619 vi—

289 5844 333 5876 "
364 5840 551 5896 Matth.
587 5857 712 5909 xxv,
756 5840 808 5895 5.
886 5840 930 5874 ⁸³
953 5840 1080 5896 ibid.
1114 5841 1147 5894 6
1178 5850 1229 5897 et
1264 5854 1414 5909 seqq.

1491 5837 1535 5870 “
1574 5834 1736 5892 llcbr.
1775 5851 1822 5901 ι,
1860 5834 1943 5889 Η.
2021 5834 2067 5867 ⁸³
2094 5831 2280 5888 Matth.
2317 5846 2456 5896 xxv,
2490 5827 2577 5884 l3.

1898 4653 2050 4712 ptum
2078 4651 2160 4698 est
2189 4643 2408 4712 quidem
2437 4641 2614 4696 fatuas
2640 4640 2991 4694 transmissas
3018 4637 3084 4692 ad
3117 4639 3299 4692 oleum
3327 4651 3479 4691 com-

1900 4735 2223 4804 parandum,
2272 4749 2381 4788 non
2412 4743 2592 4787 tamen
2623 4731 2934 4786 referuntur
2962 4731 3162 4786 emisse
3196 4739 3289 4784 aut
3322 4744 3480 4784 acce-

1899 4825 2044 4894 pisse
2089 4843 2102 4878 :
2156 4823 2249 4880 sed
2305 4825 2409 4879 hoc
2462 4824 2516 4877 in
2570 4823 2787 4879 silentio
2841 4821 3244 4893 praetermisso,
3289 4829 3477 4890 postea

1897 4917 2126 4982 dictum,
2146 4915 2404 4985 quoniam
2433 4923 2556 4984 post
2579 4915 2682 4969 hoc
2702 4914 2909 4966 veniunt
2937 4921 2986 4965 et
3013 4912 3228 4981 reliqua?
3253 4911 3477 4979 virgines

1898 5009 2128 5063 dicentes
2155 5023 2174 5062 :
2203 5007 2426 5060 Domine
2447 5046 2462 5070 ,
2509 5005 2728 5059 Domine
2749 5046 2763 5072 ,
2799 5003 2946 5073 aperi
2995 5002 3162 5055 nobis.
3208 5000 3342 5055 Cum
3374 5015 3476 5070 po-

1897 5101 2092 5156 tuisset
2134 5099 2318 5153 dicere
2359 5114 2371 5150 :
2419 5096 2610 5152 Postea
2652 5102 2913 5150 venerunt
2961 5100 3185 5160 accepto
3228 5091 3348 5143 oleo
3396 5090 3478 5142 vel

1896 5200 2215 5261 comparato
2239 5231 2254 5256 ,
2299 5189 2686 5244 convenienter
2714 5185 2898 5247 siluit,
2933 5192 2993 5238 ut
3033 5200 3100 5237 ne
3151 5181 3480 5236 habentibus

1899 5283 2113 5348 oleum,
2150 5282 2231 5336 vel
2272 5281 2324 5334 in
2361 5289 2607 5335 extremo
2647 5276 2973 5333 ornantibus
3019 5273 3298 5343 lampades
3349 5285 3482 5328 suas

1898 5376 2101 5431 diceret
2135 5389 2148 5426 :
2194 5371 2388 5426 Nescio
2419 5372 2509 5442 qui
2541 5371 2690 5426 estis.
2730 5367 2840 5423 Nec
2867 5367 3011 5423 enim
3044 5365 3304 5422 scribitur
3347 5367 3480 5435 quia

1899 5480 2157 5525 ornantes
2218 5467 2496 5536 lampades
2545 5479 2675 5519 suas
2732 5468 3020 5516 venerunt.
3089 5457 3299 5512 Tanton
3353 5455 3478 5513 linis

1899 5561 2049 5617 verbi
2089 5568 2171 5616 est
2224 5559 2361 5624 iste,
2412 5563 2470 5610 ut
2521 5556 2576 5610 iu
2617 5553 2764 5609 omni
2813 5563 3055 5623 tempore
3109 5563 3481 5622 praeparemus

2653 5828 2698 5860 ⁸⁵
2739 5822 2905 5882 Marc.
2935 5839 3032 5890 vn,
3066 5822 3155 5877 54.
