4004 6536
495 419 528 476 1
538 415 642 475 703

1663 406 1987 469 ORIGENIS
2019 408 2090 467 IN
2126 409 2543 470 MATTHEUM

3628 412 3760 468 nos

497 545 602 589 nos
635 545 703 586 ao
731 529 940 585 exitum
961 571 976 595 ,
1015 538 1078 586 ut
1119 545 1228 587 non
1257 527 1451 584 demus
1481 541 1735 584 somnum
1773 527 1950 583 oculis
1980 543 2077 584 no-
2105 532 2152 591 Α
2181 528 2446 601 scriptum
2478 528 2620 600 apud
2652 525 2919 585 Joannem
2963 543 2978 581 :
3017 525 3202 584 Omnis
3230 526 3454 598 spiritus
3488 527 3582 598 qui
3609 527 3764 582 saltis

498 621 651 684 stris,
683 634 857 690 neque
872 619 1148 690 palpebris
1171 617 1375 673 nostris
1403 614 1845 671 dormitationem
1863 615 1930 682 ",
1948 615 2076 684 quia

499 713 778 773 nescimus
812 711 957 768 diem
989 721 1042 768 et
1072 711 1263 766 horam
1290 710 1470 765 exitus
1501 708 1696 763 nostri.

569 805 661 860 63.
725 802 899 859 Homo
956 805 1172 876 quidam
1220 818 1429 872 peregre
1482 800 1819 871 proﬁciscens
1880 797 2080 854 vocavit

497 916 676 957 serves
715 913 860 963 suos,
901 908 950 952 et
988 897 1213 952 tradidit
1252 898 1329 952 eis
1364 897 1500 950 bona
1531 913 1663 958 sua,
1694 901 1746 948 et
1783 893 1988 963 reliqua
2011 889 2078 944 ⁸⁸.

501 993 570 1049 Et
613 992 854 1063 primum
905 993 1126 1062 quidem
1173 989 1457 1046 videamus
1507 1006 1677 1061 quare
1714 987 2080 1060 peregrinanti

505 1084 712 1140 homini
767 1082 1107 1139 assimilatur
1154 1079 1420 1136 Dominus
1451 1091 1662 1148 noster,
1699 1079 1790 1150 qui
1831 1095 1974 1134 unus
2000 1086 2084 1132 est

503 1175 769 1231 Dominus
797 1185 1005 1238 noster,
1037 1173 1103 1228 de
1127 1190 1236 1243 quo
1261 1173 1336 1228 ait
1362 1172 1658 1243 Apostolus
1679 1170 1724 1203 ⁸⁸
1750 1189 1763 1225 :
1799 1168 1964 1223 Nobis
1993 1185 2087 1221 au-

507 1279 609 1322 tem
645 1285 780 1321 unus
822 1265 1078 1320 Dominus
1101 1267 1254 1320 Jesus
1287 1265 1553 1326 Christus.
1586 1281 1677 1334 per
1699 1280 1849 1334 quem
1884 1263 2082 1326 omnia,

504 1369 554 1412 et
590 1374 683 1411 nes
712 1374 803 1427 per
836 1358 1005 1427 ipsum
1032 1399 1046 1423 ,
1091 1357 1136 1413 si
1165 1365 1344 1412 tamen
1377 1356 1446 1410 ab
1485 1371 1550 1409 eo
1580 1353 1954 1408 tantummodo
1987 1351 2084 1404 du-

505 1450 814 1515 mincmur,
863 1458 918 1504 et
969 1465 1146 1520 neque
1199 1463 1511 1503 mammona
1556 1447 1836 1501 dominum
1886 1445 2086 1499 habea-

507 1557 673 1606 mus,
724 1557 900 1612 ncque
974 1542 1211 1611 aliquem
1264 1539 1611 1594 dominorum
1661 1553 1848 1594 eorum
1879 1576 1893 1597 ,
1946 1552 2086 1604 quos

506 1635 710 1689 multos
741 1649 862 1689 esse
893 1634 1212 1703 signiﬁcans
1243 1632 1358 1702 ipse
1382 1631 1698 1701 Apostolus,
1725 1629 1947 1682 dicit“:
1971 1626 2088 1682 Sic-

507 1737 562 1780 ut
611 1728 748 1782 enitu
785 1737 908 1780 sunt
935 1727 1012 1780 dii
1043 1726 1232 1792 multi,
1274 1734 1323 1777 et
1366 1724 1566 1776 domini
1600 1721 1775 1776 multi.
1810 1720 1948 1790 Ergo
1979 1721 2090 1789 pri-

508 1836 656 1873 mum
705 1835 1013 1888 quaeramus
1041 1818 1108 1873 de
1136 1816 1570 1888 peregrinatione
1621 1815 1813 1885 ipsius,
1854 1816 2089 1867 maxime

505 1911 634 1980 quia
686 1911 1112 1981 peregrinationi
1160 1907 1280 1978 ejus
1325 1907 1539 1961 videtur
1583 1921 1706 1960 esse
1751 1904 2085 1960 contrarium
2122 1898 2161 1951 Β

507 2003 654 2072 quod
687 2004 802 2073 ipse
828 2003 895 2057 de
926 2019 984 2057 se
1020 2001 1308 2071 discipulis
1340 2000 1456 2055 suis
1489 1999 1774 2068 promittit,
1802 1996 1989 2050 dit-ens
2011 1995 2085 2048 υς

514 2095 615 2150 Ubi
657 2097 856 2165 fuerint
897 2095 1002 2147 duo
1034 2093 1111 2148 vel
1141 2101 1243 2148 tres
1289 2091 1592 2162 congregati
1622 2091 1674 2143 in
1713 2089 1920 2143 nomine
1955 2103 2088 2149 meo,

507 2187 583 2240 ibi
627 2203 742 2240 sunt
792 2185 844 2239 in
892 2184 1061 2238 medio
1117 2200 1321 2237 eorum.
1366 2181 1494 2236 Item
1545 2180 1675 2235 illud
1704 2181 1786 2231 νίς
1823 2178 1955 2233 Ecce
1997 2195 2089 2248 ego

506 2280 775 2334 vobiscum
803 2294 918 2330 sum
947 2275 1188 2330 omnibus
1220 2275 1428 2339 diebus,
1461 2289 1623 2344 usque
1655 2272 1723 2325 ad
1752 2287 2090 2325 consumma-

510 2374 702 2426 tionem
749 2370 955 2426 saeculi.
993 2367 1060 2423 Et
1089 2368 1234 2438 quod
1275 2367 1519 2436 Baptista
1566 2365 1699 2420 dicit
1727 2364 1793 2420 de
1825 2380 1925 2429 eo,
1970 2362 2092 2418 ulti-

508 2479 620 2534 que
652 2471 778 2518 eum
815 2477 938 2516 esse
986 2460 1404 2523 demonstrans,
1453 2457 1526 2512 ita
1554 2475 1567 2512 :
1598 2455 1665 2510 In
1701 2457 1871 2511 medio
1912 2465 2088 2510 autem

507 2563 739 2608 vestrum
771 2561 877 2606 stat
911 2567 1063 2622 quem
1095 2567 1179 2605 vos
1215 2550 1449 2615 nescitis,
1483 2549 1591 2618 ipse
1625 2558 1700 2602 est
1735 2549 1824 2620 qui
1853 2557 1968 2617 post
2013 2564 2091 2602 me

509 2643 731 2698 venit".
781 2642 1076 2712 Propterea
1103 2642 1249 2696 dicet
1272 2641 1472 2710 aliquis
1502 2658 1515 2694 :
1547 2638 1604 2694 Si
1632 2641 1684 2694 in
1718 2641 1897 2694 medio
1925 2640 2089 2695 etiam

511 2734 873 2792 nescientium
901 2749 965 2789 se
984 2742 1125 2799 stat,
1149 2733 1194 2788 si
1224 2733 1537 2804 ubicunque
1567 2732 1678 2788 duo
1705 2733 1786 2787 vel
1815 2743 1924 2787 tres
1957 2748 2089 2788 con-

511 2827 716 2899 gregati
755 2826 958 2881 fuerint
998 2826 1051 2880 in
1088 2826 1312 2881 nomine
1344 2825 1466 2895 ejus
1487 2866 1500 2889 ,
1533 2825 1675 2880 inter
1714 2841 1808 2881 eos
1838 2825 2088 2892 habetur,

509 2919 557 2975 si
609 2935 704 2989 per
738 2934 930 2976 omnes
978 2919 1094 2974 dies
1123 2919 1246 2974 vita:
1288 2919 1684 2989 discipulorum
1731 2934 1856 2974 cum
1897 2919 1977 2974 eis
2009 2929 2092 2974 est

506 3027 683 3082 usque
715 3011 782 3066 ad
807 3013 1340 3068 consummationem
1370 3011 1578 3076 saeculi,
1603 3011 1878 3082 quomodo
1902 3011 1955 3066 in
1987 3012 2090 3067 ista

508 3104 766 3174 parabole
789 3104 1114 3174 proponitur
1146 3103 1536 3174 peregrinaris?
1561 3102 1880 3159 Tractantes
1907 3112 2090 3159 autem

507 3213 793 3294 assumere
811 3199 1073 3294 debemus
1103 3206 1156 3252 et
1183 3197 1315 3251 illud
1337 3195 1485 3268 quod
1517 3195 1719 3251 Paulus
1753 3195 1829 3249 ait
1851 3195 1921 3250 de
1947 3196 2086 3294 se”:
2117 3236 2160 3294 α

511 3289 625 3359 bgo
651 3300 826 3343 autem
872 3290 1057 3343 absens
1097 3305 1339 3358 corpore,
1379 3303 1609 3357 praesens
1650 3295 1828 3340 autent
1872 3288 2087 3357 spiritu,

502 3381 622 3450 jam
653 3381 896 3450 judicavi
926 3389 980 3433 ut
1024 3395 1255 3450 prtcsens
1280 3419 1296 3443 ,
1335 3381 1664 3448 congregatis
1699 3380 1841 3434 vobis
1883 3389 1932 3434 et
1977 3395 2090 3434 meo

509 3471 726 3539 spiritu,
754 3487 874 3524 cum
902 3472 1093 3524 virtute
1124 3469 1340 3524 Domini
1373 3468 1524 3534 Jesu,
1567 3487 1683 3524 eum
1708 3471 1798 3541 qui
1833 3471 1956 3525 talis
1987 3483 2087 3536 est,

511 3561 717 3615 tradere
744 3559 962 3616 Satanae
990 3563 1045 3614 in
1076 3561 1348 3614 interitum
1392 3562 1602 3626 carnis,
1633 3571 1689 3616 ut
1726 3563 1945 3632 spiritus
1975 3565 2089 3634 ejus

505 3653 683 3708 salvus
706 3655 774 3708 sit
809 3653 862 3706 in
891 3654 977 3708 die
1009 3653 1223 3708 Domini
1249 3655 1418 3709 nostri
1443 3653 1576 3709 Iesu
1615 3655 1835 3711 Christi.
1862 3655 1920 3710 Si
1942 3657 2088 3711 enim

506 3744 685 3801 virtus
715 3744 844 3801 Jcsu
893 3757 1256 3820 congregatur
1286 3763 1415 3803 cum
1448 3747 1535 3803 bis
1566 3748 1656 3819 qui
1688 3758 2090 3820 congregantur

507 3837 564 3890 in
591 3837 812 3894 nomine
836 3840 986 3910 ejus,
1016 3856 1125 3896 non
1186 3843 1563 3912 peregrinatur
1585 3857 1617 3897 a
1645 3843 1782 3910 suis,
1822 3844 1916 3898 sed
1945 3859 2091 3899 sem-

505 3941 602 4000 per
633 3939 833 3999 prmsto
877 3940 960 3986 est
990 3932 1090 3988 eis.
1141 3933 1298 3999 Quod
1347 3933 1395 3988 si
1441 3949 1655 4004 semper
1682 3934 1938 3991 omnibus
1973 3936 2089 3992 suis

505 4031 593 4076 est
635 4037 876 4092 prtesens
896 4063 910 4088 ,
942 4027 1221 4094 quomodo
1253 4025 1608 4084 introducunt
1639 4043 1766 4084 eum
1817 4029 2090 4098 parabolze

501 4106 630 4180 ejus
689 4113 1170 4182 peregrinantem?
1217 4114 1354 4172 Vide
1417 4118 1465 4174 si
1517 4134 1810 4189 possumus
1878 4120 2090 4176 solvere

507 4203 612 4259 hoc
663 4205 829 4260 molle
875 4206 1022 4277 quod
1069 4210 1354 4279 quatritur.
1403 4209 1508 4278 Qui
1550 4213 1698 4267 enim
1743 4213 1878 4268 dicit
1924 4213 2090 4269 disci-

503 4298 649 4367 pulis
716 4299 893 4354 suis:
953 4299 1086 4355 Ecce
1147 4318 1242 4373 ego
1285 4304 1550 4358 vobiscum
1623 4322 1741 4359 sum
1799 4323 1962 4377 usque
2017 4307 2088 4360 ad

503 4392 1006 4446 consummationem
1070 4393 1293 4459 saeculi;
1352 4406 1406 4451 et
1475 4397 1602 4451 item
1659 4415 1673 4451 :
1729 4395 1830 4451 Ubi
1889 4398 2088 4467 fuerint

502 4483 612 4536 duo
660 4483 737 4537 uel
787 4493 893 4538 tres
943 4489 1246 4558 congregati
1309 4487 1367 4543 in
1417 4489 1622 4543 nomine
1682 4505 1834 4554 meo,
1894 4499 1944 4544 et
1993 4505 2084 4562 ego

2177 621 2380 684 Iesum,
2410 637 2512 676 non
2545 629 2622 676 est
2646 635 2712 675 ea:
2743 619 2848 674 Deo
2877 620 2956 688 "’;
2990 619 3083 675 sed
3106 620 3402 690 unicuique
3439 620 3766 675 substantia:

2179 714 2564 784 proprietatem
2606 727 2911 768 servamus.
2946 710 3003 766 Si
3042 712 3188 766 enim
3213 711 3396 766 omnis
3427 712 3600 765 homo
3639 710 3767 766 tide-

2182 807 2249 862 lis
2295 807 2387 876 qui
2433 805 2771 876 conjungitur
2817 803 3079 870 Domino,
3130 817 3267 857 unus
3313 801 3543 871 spiritus
3583 801 3764 867 est”;

2183 908 2389 970 quanto
2418 898 2592 969 magis
2625 899 2790 952 homo
2817 896 2907 951 ille
2943 910 3106 966 quem
3140 897 3443 950 secundum
3481 894 3770 964 dispensa-

2187 991 2386 1045 tionem
2413 989 2595 1044 earnis
2623 988 2879 1043 Christus
2913 988 3182 1057 suscepit.
3219 1002 3326 1041 non
3357 997 3442 1041 est
3473 987 3774 1041 solvendus

2185 1083 2253 1137 ab
2281 1098 2366 1148 eo,
2402 1098 2502 1137 nec
2531 1082 2667 1136 alter
2710 1090 2792 1136 est
2836 1079 3100 1135 dicendus
3131 1080 3199 1133 ab
3229 1079 3328 1134 eo?
3358 1077 3425 1132 Et
3456 1078 3586 1132 vid‘e
3629 1093 3774 1147 quo-

2187 1174 2352 1230 modo
2399 1175 2504 1240 ait,
2559 1175 2695 1228 sicut
2747 1174 2899 1225 homo
2953 1188 3164 1242 peregre
3204 1171 3454 1241 futurus;
3507 1171 3774 1241 quoniam

2189 1282 2296 1321 non
2349 1275 2467 1321 erat
2515 1267 2697 1330 homo,
2744 1265 2837 1320 sed
2877 1265 3020 1319 sicut
3067 1265 3260 1330 homo;
3307 1273 3358 1318 et
3395 1263 3562 1334 quasi
3608 1263 3775 1317 homo

2187 1359 2641 1432 peregrinabitur,
2691 1359 2784 1429 qui
2835 1367 2953 1412 erat
3000 1357 3201 1427 ubique
3243 1358 3553 1411 secundum
3576 1355 3774 1410 divini-

2189 1454 2314 1508 tatis
2349 1466 2618 1507 natuz‘am.
2655 1450 2828 1506 Simul
2867 1451 3152 1506 considera
3181 1451 3443 1520 quoniam
3476 1464 3590 1502 non
3623 1448 3776 1502 vide—

2189 1553 2279 1600 tur
2326 1546 2557 1600 redditio
2597 1543 2869 1598 sermonis
2901 1544 2973 1596 ita
3018 1542 3325 1611 conscripta
3365 1559 3379 1594 :
3411 1539 3571 1594 Sicut
3609 1539 3776 1592 homo

2188 1637 2562 1708 peregrinaris,
2595 1637 2676 1692 sic
2709 1645 2761 1690 et
2785 1634 2964 1701 Iesus,
2997 1643 3092 1688 aut
3134 1634 3206 1688 ita
3233 1649 3246 1686 :
3278 1636 3358 1687 sic
3380 1641 3436 1685 et
3470 1630 3649 1685 Filius
3679 1632 3778 1684 ho-
3821 1657 3826 1660 -

2191 1729 2354 1784 minis
2388 1749 2400 1782 :
2433 1729 2688 1800 quoniam
2731 1727 2845 1796 ipse
2880 1737 2965 1781 est
3017 1727 3109 1797 qui
3159 1726 3210 1778 in
3265 1722 3528 1795 parabola
3573 1737 3782 1792 propo-

2191 1819 2338 1872 nitur
2366 1819 2719 1889 peregriuans
2745 1817 2900 1887 quasi
2943 1819 3126 1870 homo.
3153 1813 3263 1869 Nec
3287 1815 3435 1868 enim
3465 1822 3552 1868 est
3586 1813 3777 1874 homo,

2191 1910 2284 1979 qui
2332 1917 2414 1964 est
2467 1911 2779 1978 ubicunque
2826 1909 2936 1962 duo
2985 1909 3068 1963 vel
3114 1918 3224 1963 tres
3278 1907 3331 1960 in
3391 1905 3619 1959 nomine
3656 1905 3782 1974 ejus

2193 2003 2386 2058 fuerint
2415 2002 2753 2073 congregati.
2787 1999 2971 2071 Neque
3014 2002 3179 2056 homo
3205 2001 3492 2055 nobiseum
3535 2006 3622 2052 est
3660 2013 3784 2050 om-

2191 2097 2353 2152 nibus
2383 2095 2573 2150 diebus
2611 2111 2784 2165 usque
2826 2095 2890 2150 ad
2931 2096 3463 2151 consummationem
3495 2091 3688 2146 saeculi
3713 2091 3781 2146 ”.

2192 2190 2302 2246 Nec
2349 2189 2694 2261 congregatis
2747 2189 2948 2259 ubique
3001 2187 3250 2242 fidelibus
3295 2187 3464 2240 homo
3503 2193 3593 2240 est
3643 2199 3784 2254 prato

2192 2297 2340 2346 sens,
2370 2281 2463 2337 sed
2492 2281 2664 2336 virtus
2691 2281 2870 2334 divina
2898 2295 3020 2348 qua:
3051 2286 3169 2333 erat
3203 2278 3256 2331 in
3281 2275 3433 2331 Jesu.
3469 2274 3785 2330 Possumus

2192 2377 2356 2432 etiam
2404 2375 2532 2431 talia
2568 2375 2750 2430 dicere
2799 2374 2864 2428 de
2915 2373 3018 2427 hoc
3061 2371 3231 2427 loco:
3273 2369 3405 2424 nihil
3435 2367 3783 2422 contrarium

2192 2485 2316 2526 eum
2363 2470 2543 2540 ipsum
2611 2466 2796 2523 Jesum
2855 2465 3157 2521 secundum
3211 2463 3510 2534 quemdam
3557 2461 3782 2531 quidem

2192 2562 2526 2617 intellectum
2567 2575 2689 2615 esse
2734 2558 2967 2628 ubique,
3023 2557 3324 2612 secundum
3376 2556 3548 2609 alium
3600 2563 3784 2608 autem

2192 2650 2544 2722 peregrinari.
2583 2647 2638 2702 Si
2664 2649 2808 2702 enim
2837 2663 2936 2702 nos
2963 2647 3089 2700 dum
3121 2662 3301 2700 sumus
3337 2647 3390 2698 in
3415 2660 3658 2713 corpore.
3692 2659 3786 2712 pe-

2194 2745 2525 2816 regrinamur
2555 2759 2586 2795 a
2627 2741 2853 2795 Domino
2889 2742 2940 2807 ¹;
2995 2755 3089 2810 per
3130 2738 3288 2793 ﬁdem
3332 2738 3486 2792 enim
3527 2737 3786 2791 ambula-

2193 2854 2339 2906 mus,
2379 2852 2486 2892 non
2527 2851 2622 2907 per
2668 2835 2906 2904 speciem
2957 2851 2967 2885 :
3020 2833 3073 2887 in
3108 2832 3366 2887 omnibus
3402 2831 3499 2901 qui
3549 2843 3684 2884 sunt
3731 2830 3788 2884 in

2191 2945 2421 3002 corpore
2453 2939 2507 2985 et
2552 2926 2970 3000 peregrinantur
3015 2941 3045 2980 a
3095 2923 3347 2990 Domino,
3399 2924 3787 2993 peregrinatur

2192 3025 2262 3080 ab
2281 3023 2362 3078 eis
2391 3032 2445 3077 et
2478 3021 2739 3077 Dominus
2765 3035 2859 3090 per
2901 3018 3057 3073 tidem
3085 3015 3520 3079 ambulantibus,
3554 3030 3668 3068 non
3693 3031 3789 3084 per

2193 3117 2450 3186 speciem.
2501 3114 2557 3169 Si
2591 3123 2774 3169 autem
2819 3111 3230 3182 peregrinantes
3280 3125 3307 3163 a
3367 3123 3608 3178 corpore
3659 3123 3784 3162 cum

2194 3208 2426 3262 Domino
2462 3205 2747 3274 fuerimus,
2776 3213 2827 3260 et
2855 3204 2971 3274 ipse
3001 3214 3130 3258 tunc
3151 3203 3254 3256 erit
3281 3200 3573 3255 nobiscqu
3605 3211 3662 3254 et
3691 3215 3788 3269 pro

2193 3315 2259 3356 eo
2285 3300 2428 3370 quod
2455 3315 2549 3369 per
2579 3299 2737 3354 ﬁdem
2771 3296 3197 3359 ambulavimus,
3233 3304 3290 3348 ut
3319 3303 3370 3347 et
3403 3310 3501 3362 per
3540 3293 3782 3362 speciem

2193 3401 2380 3463 postea
2408 3389 2770 3446 ambulemus.
2816 3388 3062 3459 Speciem
3105 3395 3283 3440 autem
3325 3386 3568 3440 dicimus
3592 3383 3781 3447 Verbi,

2191 3493 2245 3540 et
2291 3483 2587 3553 sapientia),
2635 3489 2692 3536 et
2733 3480 3001 3545 veritatis,
3049 3488 3102 3534 et
3133 3478 3383 3548 justitize,
3428 3485 3484 3532 et
3527 3477 3705 3547 pacis,
3731 3488 3782 3531 et

2192 3578 2436 3631 omnium
2485 3573 2748 3646 quidquid
2801 3581 2884 3628 est
2937 3570 3258 3644 Uuigenitns
3310 3569 3477 3624 Deus.
3529 3569 3778 3639 Speciem

2193 3676 2372 3721 autem
2402 3663 2588 3728 Verbi,
2629 3671 2682 3716 et
2723 3662 2958 3732 speciem
3005 3660 3285 3731 sapientize
3327 3659 3621 3730 intelliges.
3654 3674 3777 3713 cum

2192 3757 2525 3812 intellexeris
2567 3755 2713 3826 quod
2760 3755 2838 3810 ait
2883 3753 3179 3824 Apostolus
3211 3754 3230 3783 ¹
3268 3767 3280 3803 :
3319 3750 3453 3804 Filii
3487 3751 3592 3804 mei
3607 3792 3618 3812 .
3650 3767 3778 3820 quos

2191 3851 2384 3904 iterum
2418 3849 2686 3918 parturio,
2721 3846 2884 3900 donec
2932 3846 3190 3915 formetur
3225 3842 3469 3896 Christus
3517 3841 3570 3894 in
3609 3842 3774 3894 vobis.

2192 3944 2510 4000 Formatum
2538 3939 3000 4004 enim.Christum
3043 3935 3348 4006 intelligens
3373 3934 3429 3989 in
3455 3935 3664 4004 aliquo,
3701 3933 3779 3987 vi-

2190 4038 2346 4095 debis
2387 4043 2785 4106 consequenter
2822 4030 3122 4088 secundum
3159 4027 3540 4083 formationem
3582 4026 3778 4095 hujus-

2191 4130 2340 4186 modi
2385 4129 2546 4183 etiam
2599 4125 2836 4196 speciem
2879 4121 3108 4178 Christi.
3149 4121 3259 4174 lste
3299 4133 3428 4188 ergo
3467 4117 3561 4188 qui
3615 4115 3776 4186 quasi

2193 4221 2358 4276 homo
2389 4232 2611 4290 peregre
2653 4225 2739 4270 est
2779 4211 3079 4284 profectus,
3123 4208 3337 4265 vocavit
3379 4222 3572 4262 servos
3619 4222 3772 4270 suos,

2190 4322 2245 4370 et
2274 4310 2496 4367 tradidit
2522 4311 2602 4364 eis
2627 4307 2908 4378 probatam
2947 4304 3234 4373 pecuniam
3263 4316 3419 4355 suam
3447 4299 3500 4354 in
3538 4298 3774 4370 eloquiis

2190 4403 2377 4459 castis.
2420 4399 2693 4469 Quoniam
2729 4396 2939 4466 eloquia
2988 4394 3140 4466 ejus,
3167 4394 3375 4464 eloquia
3422 4401 3550 4445 sunt
3599 4403 3773 4458 casta,

2191 4505 2470 4568 argentum
2500 4493 2746 4564 ignitum,
2771 4487 3062 4556 probabile,
3093 4497 3378 4557 purgatum
3403 4486 3594 4554 septies
3621 4485 3660 4538 ³.

502 4590 624 4629 sum
651 4575 708 4628 in
752 4577 924 4631 medio
963 4594 1181 4647 eorum,
1217 4589 1273 4636 et
1316 4589 1541 4649 caetera;
1593 4591 1648 4637 et
1683 4583 1776 4653 qui
1818 4584 1872 4638 in
1919 4584 2086 4655 883
2119 4594 2164 4650 D
2261 4590 2350 4645 66.
2385 4588 2448 4642 Et
2479 4587 2570 4641 uni
2600 4585 2742 4639 dedit
2786 4584 3012 4653 quinque
3053 4580 3274 4643 talenta,
3307 4577 3405 4631 alii
3433 4590 3614 4631 autent
3644 4577 3766 4640 duo,

504 4665 688 4720 medio
752 4667 916 4722 etiam
976 4671 1336 4726 nescientium
1393 4689 1454 4729 se
1518 4675 1807 4742 consistit,
1874 4673 2080 4748 Unigc-

503 4756 654 4812 nitus
689 4756 784 4812 Dei
816 4767 920 4826 est,
950 4758 1094 4817 Deus
1123 4760 1380 4829 Verbum,
1418 4773 1472 4820 et
1514 4765 1804 4835 sapientia,
1827 4776 1881 4821 et
1918 4767 2084 4836 justi-

503 4851 611 4916 tia,
647 4862 703 4908 et
741 4855 949 4910 veritas
971 4893 986 4916 .
1038 4856 1133 4927 qui
1179 4873 1288 4913 non
1319 4867 1404 4915 est
1435 4873 1698 4930 corporeo
1737 4861 1944 4916 ambitu
1974 4861 2084 4916 cir-

501 4945 840 5002 cutnclusus.
866 4945 1178 5004 Secundum
1205 4949 1345 5006 hanc
1366 4949 1666 5009 divinitatis
1691 4968 1804 5008 suae
1827 4961 2080 5008 naturam

501 5052 611 5093 non
638 5038 1039 5109 peregrinatur,
1079 5041 1173 5096 sed
1219 5043 1598 5115 peregrinatur
1629 5043 1929 5098 secundum
1962 5045 2077 5099 dis-

500 5129 878 5200 pensationem
924 5134 1170 5201 corporis
1231 5134 1379 5204 quod
1441 5134 1700 5210 suscepit.
1762 5132 2076 5192 Secundum

500 5221 648 5290 quod
677 5231 732 5277 et
758 5221 1011 5280 turbatus
1054 5233 1158 5292 est,
1200 5236 1256 5281 et
1288 5226 1460 5283 tristis
1496 5225 1673 5283 factus
1697 5238 1800 5291 est,
1836 5227 2025 5285 dicens
2060 5245 2074 5282 :

502 5313 662 5369 Nunc
696 5317 878 5371 anima
904 5334 1020 5372 mea
1053 5317 1300 5372 turbatur
1325 5319 1396 5374 ’⁵.
1426 5318 1492 5374 Et
1515 5319 1710 5376 iterum
1741 5339 1752 5374 :
1782 5319 1974 5376 Tristis
2000 5330 2078 5376 est

499 5406 680 5460 anima
713 5424 828 5463 mea
851 5425 1013 5477 usque
1039 5410 1109 5464 ad
1137 5420 1355 5466 mortem
1377 5412 1445 5466 “.
1478 5410 1604 5468 Haec
1625 5421 1804 5469 autem
1833 5413 2076 5468 dicentes

499 5508 610 5548 non
641 5497 902 5553 solvimus
945 5501 1185 5572 suscepti
1229 5503 1474 5574 corporis
1518 5504 1816 5573 hominem,
1847 5521 1971 5562 cum
2007 5507 2080 5563 sit

570 5653 802 5734 '1Pr9v.
831 5674 908 5724 Vh
941 5662 1010 5728 4;
1037 5659 1185 5734 Psal.
1210 5678 1395 5734 cxxxr,
1427 5666 1482 5723 4.
1557 5667 1604 5701 ⁸⁸
1641 5667 1832 5724 Matth.
1860 5683 1990 5731 xxv,
2022 5667 2110 5722 14.

497 5729 545 5806 ῘῘ
567 5727 773 5806 Mam“
805 5727 1014 5806 “Villi
1061 5733 1156 5806 ξος
1188 5802 1219 5806 _
1246 5734 1293 5767 "
1328 5727 1489 5794 Joan.
1526 5755 1581 5806 ι,
1610 5739 1704 5805 26,
1755 5739 1847 5794 27.

496 5797 768 5880 f'lloan.
825 5797 1007 5880 IV,'5_._;
1055 5802 1306 5864 "lCor.
1354 5825 1433 5880 vr,
1461 5809 1550 5867 l6.

481 5868 520 5944 f
547 5868 739 5927 Matth.
768 5885 903 5943 x-xv,
939 5871 1008 5932 i5
1038 5881 1094 5931 et
1124 5887 1279 5947 seqq.

1958 5738 2007 5772 “
2047 5735 2066 5791 I
2097 5737 2226 5794 Cor.
2260 5753 2314 5801 ν,
2367 5736 2482 5790 5-5.

1625 5812 1689 5895 ῙῩ
1717 5809 1907 5870 Matth.
1960 5824 2156 5879 xxvut,
2193 5808 2284 5864 ‘20.

2185 4685 2279 4739 alii
2306 4700 2422 4738 vero
2457 4696 2638 4735 unum.
2672 4677 2963 4748 Unicuique
2983 4683 3160 4730 autent
3183 4672 3472 4726 secundum
3501 4670 3768 4738 propriam

2184 4775 2449 4830 virtutem.
2486 4770 2552 4824 Et
2598 4769 2865 4840 profectus
2913 4777 2990 4820 est
3028 4765 3233 4818 statim.
3277 4762 3423 4816 Abiit
3461 4771 3637 4813 autem
3674 4759 3766 4828 qui

2185 4866 2411 4937 quinque
2448 4862 2646 4915 talenta
2679 4866 2970 4928 acceperat,
3001 4866 3051 4911 et
3084 4865 3328 4925 operatus
3362 4865 3441 4906 est
3495 4853 3552 4905 in
3595 4852 3686 4912 eis,
3714 4860 3764 4902 et

2187 4959 2424 5012 lucratus
2454 4964 2530 5008 est
2562 4954 2672 5007 alia
2717 4953 2946 5024 quinque
2979 4949 3201 5004 talenta.
3232 4944 3497 5001 Similiter
3533 4944 3624 5014 qui
3657 4943 3762 4995 duo

2187 5049 2406 5118 accepit,
2434 5046 2670 5100 lucratus
2696 5055 2772 5099 est
2799 5045 2851 5096 in
2875 5043 2950 5097 eis
2981 5042 3086 5094 duo
3112 5040 3240 5094 alia.
3273 5038 3380 5103 Qui
3399 5046 3576 5090 autem
3603 5049 3758 5087 unum

2184 5143 2406 5211 accepit,
2435 5138 2615 5194 abiens
2664 5137 2799 5207 fodit
2847 5137 2898 5189 itt
2953 5144 3170 5197 terram,
3205 5144 3252 5186 et
3292 5129 3566 5184 abscondit
3601 5143 3753 5197 pecti-

2186 5234 2331 5288 niam
2359 5231 2558 5285 demitti
2597 5229 2680 5283 sui
2721 5227 2762 5280 ⁵.
2790 5225 2932 5295 Ergo
2976 5223 3020 5278 si
3065 5221 3285 5294 quando
3329 5221 3532 5275 videris
3573 5232 3749 5272 eorum

2187 5325 2281 5395 qui
2323 5330 2650 5393 acceperunt
2688 5337 2716 5374 a
2760 5317 2982 5374 Christo
3021 5313 3482 5385 dispensationem
3517 5310 3754 5379 eloquio-

2185 5433 2307 5472 rum
2357 5416 2472 5480 Dei,
2521 5414 2659 5469 alios
2709 5413 2927 5482 quidem
2982 5409 3184 5463 habere
3233 5406 3489 5474 amplius,
3522 5414 3571 5459 et
3614 5401 3748 5457 divi-

2185 5506 2332 5571 nius,
2371 5514 2424 5561 et
2452 5502 2838 5567 abundantius,
2876 5500 3012 5555 alios
3043 5509 3222 5554 autem
3257 5497 3460 5563 minus,
3483 5505 3551 5559 et,
3589 5502 3642 5548 ut
3672 5492 3744 5547 ita

3167 5656 3217 5686 ἰ’
3244 5653 3434 5710 Matth.
3465 5665 3588 5706 xvtu
3606 5690 3621 5714 ,
3648 5646 3738 5703 20.

3206 5726 3254 5757 ”
3277 5725 3465 5781 Matth.
3492 5735 3625 5782 xm,
3647 5719 3735 5771 58.

3211 5797 3264 5853 9.
3374 5796 3396 5827 ⁸
3423 5793 3560 5850 Psal.
3582 5806 3654 5856 ιι,
3683 5788 3733 5843 7.

2187 5667 2230 5699 ⁸⁸
2269 5663 2441 5721 lCor.
2471 5679 2568 5718 vui
2592 5702 2607 5724 ,
2639 5661 2694 5716 6.
2770 5659 2816 5691 ’°
2846 5657 2980 5712 ibid.
3013 5655 3065 5709 5.

2591 5733 2637 5766 ’⁸
2667 5732 2827 5788 Joan.
2855 5744 2953 5784 xu.
3005 5726 3094 5780 l7.

2401 5808 2416 5839 ¹
2444 5808 2460 5861 l
2485 5806 2614 5864 Cor.
2660 5823 2712 5874 v,
2750 5805 2804 5858 6.
2882 5801 2902 5830 ’
2930 5796 3048 5853 Gal.
3079 5812 3149 5863 Iv,
3179 5795 3264 5853 l9.
