4004 6568
294 418 436 474 I705

1437 413 1583 472 (ΞοΜ
1594 412 2106 472 MENTARIORUM
2149 414 2413 472 SERIES.

3412 429 3550 488 1706

291 541 492 606 dicam,
535 553 713 608 neque
764 538 821 594 in
866 535 1100 593 dimidio
1146 534 1512 608 intelligentes
1546 552 1731 593 rerum
1774 551 1868 592 ne-
1897 541 1944 597 Α
1974 534 2020 589 ei
2052 536 2445 593 sublimiorem.
2482 536 2609 594 Erat
2653 549 2831 597 autem
2881 543 3076 624 aliquis
3120 561 3403 603 servorum
3442 551 3549 604 mi-

290 634 438 706 gotia
461 630 867 703 comparatione
894 645 1085 686 eorum
1115 630 1208 700 qui
1240 630 1411 685 multo
1437 639 1565 685 sunt
1588 631 1866 696 meliores,

289 727 427 783 alios
454 736 633 782 autem
660 723 838 779 adhuc
875 723 1061 779 minus
1104 722 1335 791 habere;
1385 724 1595 781 videbis
1622 724 1871 781 differen-

288 821 394 875 tias
429 833 619 874 eorum
654 816 742 887 qui
778 815 996 886 eloquia
1034 814 1129 871 Dei
1165 827 1526 886 susceperunt
1555 831 1586 871 a
1618 815 1859 883 Christo,

287 909 545 980 quoniam
576 908 681 964 alia
730 907 833 962 fuit
865 907 1039 962 virtus
1066 921 1257 960 eorum
1308 906 1511 976 quibus
1562 907 1687 963 data
1738 919 1864 964 sunt

285 1003 530 1073 quinque
550 1001 771 1069 talenta,
802 999 904 1056 alia
935 998 1134 1070 quibus
1161 997 1291 1062 duo,
1314 998 1421 1053 alia
1443 999 1640 1070 quibus
1670 1017 1858 1065 unum,

283 1104 340 1148 et
371 1093 507 1147 alter
554 1091 777 1146 alterius
828 1106 937 1146 non
983 1088 1230 1159 capiebat
1281 1102 1614 1144 mensuram.
1661 1089 1728 1145 Et
1767 1091 1861 1161 qui

284 1184 495 1254 accepit
528 1183 789 1238 talentum
818 1197 1010 1248 unum,
1040 1180 1247 1251 accepit
1280 1180 1498 1252 quidem
1531 1182 1721 1241 datum
1752 1201 1861 1241 non

282 1273 692 1344 contemptibile
727 1291 740 1328 :
767 1272 999 1328 multum
1022 1279 1106 1328 est
1132 1272 1280 1328 enim
1314 1281 1369 1328 et
1396 1289 1564 1328 unum
1601 1276 1858 1331 talentum

282 1368 408 1424 talis
437 1366 664 1423 domini.
702 1365 907 1422 Tamen
952 1373 1064 1421 tres
1114 1373 1241 1421 sunt
1290 1366 1495 1436 proprii
1547 1368 1690 1423 servi
1741 1369 1861 1439 ejus

279 1459 375 1530 qui
406 1473 628 1530 peregre
662 1456 938 1528 profectus
960 1467 1044 1511 est
1072 1456 1230 1526 quasi
1264 1457 1449 1525 homo,
1491 1456 1635 1515 sicut
1678 1466 1733 1514 et
1757 1459 1859 1515 tria

279 1563 481 1618 genera
526 1557 651 1603 sunt
683 1560 871 1603 eorum
921 1547 1013 1616 qui
1061 1545 1299 1602 fructum
1350 1546 1578 1604 faciunt.
1611 1548 1857 1616 Quorum

278 1640 502 1709 quidam
554 1638 772 1710 quidem
822 1637 1029 1693 faciunt
1083 1650 1342 1707 centum,
1395 1640 1616 1710 quidam
1672 1654 1856 1698 autem

277 1731 584 1801 sexaginta,
612 1731 833 1801 quidam
880 1744 1012 1786 vero
1042 1731 1282 1803 triginta.
1319 1730 1426 1787 Sed
1464 1732 1537 1788 ibi
1571 1715 1733 1789 etiam
1767 1734 1857 1790 ille

276 1825 371 1894 qui
402 1824 619 1895 triginta
652 1824 799 1891 fecit,
827 1825 1103 1880 salvatur:
1133 1824 1221 1880 hic
1250 1833 1430 1882 autem
1466 1842 1649 1883 sermo
1678 1828 1856 1899 arguit

1976 643 2162 682 norem
2195 630 2453 701 colligens
2493 631 2596 686 sibi
2644 632 2920 702 virtutem,
2952 648 3171 708 propter
3195 656 3359 709 quam
3391 642 3550 711 quasi

1976 720 2158 776 minus
2190 722 2395 791 potenti
2428 739 2598 777 unum
2639 724 2899 780 talentum
2929 730 3316 796 paterfamilias
3345 732 3498 789 dedit
3531 750 3547 790 :

1973 812 2118 880 quod
2146 813 2419 884 accipiens
2443 829 2632 871 servus
2655 815 2863 872 habens
2889 818 3126 890 aliquam
3162 830 3358 877 terram
3388 822 3548 892 fodit,

1971 914 2026 958 et
2056 904 2108 958 in
2143 905 2455 973 altitudines
2488 907 2670 977 posuit
2695 907 2834 977 ejus.
2871 924 2993 963 cum
3026 909 3302 967 debuisset
3327 930 3545 970 sursum

1971 1003 2024 1048 et
2060 995 2111 1049 in
2159 1011 2377 1052 mensas
2422 999 2472 1052 id
2524 999 2755 1053 mittere.
2801 999 3069 1065 Quoniam
3123 1010 3303 1058 autem
3345 1006 3544 1075 proprii

1971 1089 2111 1142 servi
2137 1098 2246 1143 tres
2268 1088 2574 1144 referuntur
2599 1091 2743 1146 illius
2769 1092 3173 1160 patrisfamilias
3197 1110 3338 1158 esse,
3363 1112 3547 1166 qna-ro

1969 1181 2015 1234 si
2046 1189 2278 1249 possunt
2311 1190 2598 1257 postquam
2627 1184 2973 1239 crediderunt
3010 1196 3062 1240 et
3089 1187 3230 1242 servi
3265 1187 3391 1242 facti
3419 1200 3548 1242 sunt

1970 1273 2111 1341 ejus,
2144 1273 2301 1343 quasi
2331 1282 2579 1344 potentes
2607 1275 2895 1346 negotiari.
2936 1272 3130 1332 Postea
3162 1288 3489 1348 acceperunt
3512 1295 3545 1335 a

1967 1362 2360 1435 patrefamilias
2407 1366 2694 1436 pecuniam
2743 1368 2884 1438 ejus,
2938 1378 2997 1423 ut
3051 1369 3273 1439 quidam
3322 1370 3545 1440 quidem

1965 1465 2221 1525 operatus
2251 1456 2323 1512 sit
2349 1464 2405 1512 et
2434 1457 2701 1525 lucratus,
2727 1459 2867 1514 alius
2899 1468 3078 1515 autem
3112 1460 3377 1527 lucratus,
3402 1462 3545 1519 alius

1962 1564 2091 1604 vero
2121 1564 2233 1619 prae
2255 1550 2450 1607 timore
2478 1565 2586 1605 non
2617 1551 2750 1607 satis
2776 1551 2967 1617 ﬁdelis,
3001 1553 3206 1607 domini
3241 1553 3326 1609 sui
3351 1553 3544 1611 infodit

1961 1650 2015 1694 et
2048 1641 2335 1697 abscondit
2379 1643 2687 1712 pecuniam.
2728 1641 2796 1697 Et
2836 1653 3059 1714 apparet
3102 1644 3158 1699 in
3206 1644 3323 1715 ipsa
3349 1644 3541 1702 defen-

1960 1732 2114 1789 sione
2144 1748 2240 1803 per
2284 1749 2451 1804 quam
2500 1733 2759 1803 loquitur,
2801 1735 3060 1805 quoniam
3104 1735 3287 1790 timuit
3318 1737 3537 1807 quidem

1960 1825 2240 1880 dominum
2284 1825 2490 1881 habens
2532 1825 2627 1882 Dei
2674 1826 2922 1882 timorem
2948 1867 2963 1893 ,
2996 1827 3139 1882 sicut
3174 1827 3312 1881 alter
3361 1827 3537 1882 zelum

274 1931 404 1971 eum
448 1917 543 1985 qui
597 1932 763 1972 unum
816 1924 1100 1985 acceperat
1138 1916 1432 1985 talentum,
1475 1929 1531 1974 et
1571 1921 1853 1978 abscondit
1890 1899 1931 1954 Β
1961 1917 2089 1983 Dei,
2124 1933 2231 1974 non
2266 1926 2449 1973 autem
2492 1918 2791 1975 secundum
2825 1917 3108 1973 scientiam
3156 1920 3377 1986 timens,
3406 1919 3536 1974 abs-

277 2008 334 2061 in
385 2018 606 2063 terram.
650 2006 716 2063 Et
761 2024 947 2081 quaero
995 2007 1088 2077 qui
1119 2008 1360 2079 quinque
1405 2021 1728 2082 acceperant
1768 2022 1850 2070 ta-

273 2100 444 2164 lenta,
479 2101 524 2156 si
554 2111 783 2170 possunt
822 2100 1048 2170 intelligi
1075 2100 1446 2171 perfectiores,
1478 2104 1570 2173 qui
1613 2104 1849 2163 divinio-o

272 2208 389 2247 rem
424 2201 478 2248 et
510 2193 883 2249 sublimiorem
915 2203 1241 2263 acceperunt
1267 2209 1489 2251 sensum
1521 2196 1844 2269 Scripturaa;

271 2283 372 2353 qui
404 2283 512 2339 duo
545 2293 724 2339 autem
765 2295 1109 2355 acceperunt,
1150 2302 1313 2359 super
1340 2286 1576 2344 litteram
1604 2290 1845 2360 quidem,

272 2374 439 2444 paulo
472 2384 651 2431 autem
685 2377 935 2447 superius
964 2379 1346 2446 ascenderunt,
1385 2388 1441 2435 et
1487 2395 1598 2435 non
1634 2382 1704 2438 ad
1731 2399 1848 2439 ma-

271 2464 611 2536 gnitudinem
640 2467 783 2523 illam
812 2468 1103 2526 ascendere
1122 2479 1444 2539 potuerunt;
1476 2471 1618 2528 tertii
1641 2482 1845 2540 autem,

269 2555 369 2624 qui
399 2555 537 2610 nihil
566 2571 730 2626 super
763 2558 993 2614 litteram
1016 2574 1180 2630 quam
1208 2570 1534 2631 acceperunt
1558 2565 1611 2617 in
1635 2564 1845 2633 primis.

270 2644 373 2699 Est
398 2661 529 2714 ergo
557 2655 613 2702 et
654 2648 722 2703 de
767 2648 1008 2708 numeris
1051 2650 1274 2706 omnino
1314 2651 1368 2705 in
1411 2651 1495 2708 his
1526 2666 1647 2722 quae
1671 2653 1849 2725 loqui-

270 2752 401 2791 mur
428 2738 625 2809 dignus
672 2754 854 2796 sermo
898 2740 988 2796 tali
1033 2751 1223 2797 nostro
1270 2741 1501 2799 Domino
1545 2743 1845 2801 Salvatore.

270 2826 407 2884 Dico
441 2839 622 2886 autem
663 2831 730 2889 de
778 2834 1039 2904 quinque,
1084 2842 1140 2888 et
1184 2834 1428 2901 duobus,
1475 2846 1530 2893 et
1575 2853 1707 2894 uno.
1738 2837 1849 2896 Nos

268 2929 455 2975 autem
507 2923 707 2978 modici
762 2932 817 2979 et
881 2926 1007 2980 talia
1050 2925 1234 2981 minus
1285 2927 1559 2997 explicare
1599 2938 1850 2999 potentes

269 3010 678 3080 existimamus,
725 3030 794 3073 ne
834 3016 976 3072 forte
1015 3017 1143 3087 quia
1193 3018 1377 3073 omnia
1416 3019 1634 3089 quidem
1675 3023 1851 3078 sensi-

267 3106 402 3162 bilia
430 3106 836 3178 Scripturarum
865 3118 1097 3180 possunt
1144 3109 1413 3167 deducere
1442 3112 1509 3168 ad
1539 3126 1734 3169 sensus
1763 3114 1849 3170 di-

268 3197 514 3293 viniores
549 3215 689 3293 quos
730 3197 988 3256 Salomon
1019 3201 1040 3233 ⁸
1072 3200 1288 3293 divinos
1331 3203 1584 3273 appellat,
1619 3214 1674 3261 et
1710 3220 1850 3277 quos
1877 3230 1923 3293 ε

266 3290 406 3346 dicit
435 3289 701 3347 Jeremias
727 3293 748 3323 ⁶
779 3306 974 3348 sensus
1002 3292 1212 3359 cordis,
1246 3302 1299 3349 et
1330 3295 1424 3365 qui
1454 3296 1521 3350 ad
1550 3293 1806 3355 Hebraeos
1828 3299 1848 3331 '

267 3383 533 3439 dicuntur
555 3400 586 3439 a
612 3383 783 3440 Paulo
817 3399 1012 3440 sensus
1039 3385 1320 3441 exercitati
1349 3386 1415 3441 ad
1446 3387 1849 3446 discretionem.

267 3471 409 3529 Boni
457 3490 677 3546 quoque
718 3484 773 3531 et
801 3475 855 3531 bi
884 3484 1010 3531 sunt
1043 3476 1139 3546 qui
1179 3486 1335 3533 extra
1370 3477 1611 3550 quinque
1652 3481 1849 3536 talenta

264 3567 380 3625 alia
407 3569 649 3640 quinque
676 3577 806 3624 sunt
845 3569 1042 3627 lucrati
1063 3612 1078 3638 ,
1107 3578 1396 3639 operantes
1430 3572 1487 3626 in
1514 3573 1627 3639 eis,
1666 3582 1721 3628 et
1756 3588 1852 3644 per

266 3661 578 3718 doctrinam
626 3663 991 3719 exercitantes
1039 3664 1286 3734 seipsos,
1346 3672 1397 3719 et
1453 3664 1519 3719 ad
1583 3665 1847 3735 majorem

269 3753 558 3810 scientiam
601 3757 890 3827 erigentes.
916 3754 1236 3811 Conversati
1272 3753 1414 3810 enim
1455 3754 1769 3811 salutariter
1797 3764 1853 3812 et

266 3846 517 3902 studiose
540 3847 818 3912 docentes,
849 3848 1053 3917 operati
1081 3856 1210 3902 sunt
1251 3856 1306 3902 et
1344 3847 1540 3901 lucrati
1584 3857 1712 3902 sunt
1743 3847 1849 3903 alia

268 3937 717 4008 quinque;quia
767 3952 929 3992 nemo
978 3936 1138 3994 facile
1182 3938 1610 3993 additamentum
1644 3940 1852 4010 accepit

264 4029 490 4087 virtutis
521 4030 765 4097 alterius,
799 4029 903 4085 nisi
935 4028 1054 4100 ejus
1081 4046 1246 4100 quam
1278 4030 1441 4085 habet
1472 4046 1486 4083 :
1514 4038 1724 4102 utputa,
1758 4045 1843 4085 sa-

266 4120 429 4191 piens
471 4118 528 4174 in
560 4120 828 4190 sapientia
866 4120 1082 4185 crescit,
1116 4120 1289 4176 ﬁdelis
1329 4122 1385 4176 in
1421 4120 1547 4176 ﬁde.
1593 4120 1702 4176 Aut
1729 4121 1803 4177 ita
1833 4138 1846 4174 :

268 4211 392 4266 Alia
461 4212 748 4282 acquisivit
811 4212 1087 4282 quinque,
1155 4212 1414 4282 quoniam
1474 4211 1853 4283 unusquisque

268 4303 419 4374 quod
453 4302 567 4373 ipse
598 4305 722 4370 scit,
752 4303 858 4359 hoc
906 4304 1065 4359 docet
1105 4304 1335 4359 alterum
1356 4346 1371 4370 ,
1416 4314 1469 4359 et
1503 4315 1706 4374 quanta
1738 4303 1853 4373 ipse

270 4395 398 4460 scit,
428 4403 579 4450 tanta
627 4395 857 4450 alterum
895 4395 1073 4462 docet,
1114 4410 1221 4449 non
1258 4395 1513 4466 amplius.
1556 4394 1850 4466 Propterea

271 4486 538 4558 quidquid
568 4484 737 4558 884
789 4486 1042 4541 habuerit
1092 4486 1216 4556 quis
1265 4488 1319 4541 in
1358 4502 1449 4555 se,
1483 4487 1586 4542 hoc
1619 4488 1849 4541 alterum

1950 2010 2135 2067 condit
2180 2011 2441 2065 talentum
2492 2025 2652 2066 suum
2697 2011 2751 2065 in
2798 2020 2963 2067 terra.
2999 2009 3157 2068 Tales
3196 2022 3325 2067 sunt
3352 2020 3535 2068 autem

1950 2103 2047 2173 qui
2083 2118 2260 2173 neque
2294 2112 2532 2170 movent,
2562 2118 2739 2173 neque
2767 2102 3071 2159 discutiunt
3103 2119 3226 2174 quae
3249 2102 3533 2170 dicuntur,

1950 2209 2130 2264 neque
2158 2194 2368 2264 seipsos
2401 2194 2466 2249 ad
2490 2193 2889 2265 prodiﬁcandas
2915 2194 3128 2251 animas
3160 2195 3402 2263 tradunt,
3436 2198 3529 2253 scd
3570 2178 3579 2187 ’

1948 2285 2121 2343 latere
2164 2287 2355 2341 volunt
2400 2300 2523 2355 quae
2572 2293 2901 2357 acceperunt
2943 2296 2998 2343 et
3046 2285 3240 2342 crediti
3286 2299 3434 2343 sunt.
3473 2285 3533 2343 Si

1948 2378 2169 2450 quando
2201 2392 2335 2450 ergo
2364 2377 2569 2433 videris
2611 2378 2848 2448 aliquem
2884 2378 2981 2449 qui
3022 2377 3281 2435 virtutem
3308 2378 3531 2449 quidem

1950 2470 2192 2540 aliquam
2240 2469 2531 2540 acquisivit
2579 2477 2634 2524 et
2685 2469 2852 2524 habet
2899 2470 3154 2536 dicendi,
3210 2479 3266 2527 et
3320 2471 3535 2525 animas

1949 2571 2437 2634 quantumcunque
2488 2560 2924 2631 prodiﬁcantem,
2974 2570 3029 2616 et
3082 2563 3225 2617 hanc
3275 2563 3532 2619 virtutem

1950 2655 2229 2718 occultat,
2274 2662 2335 2707 ut
2386 2653 2763 2709 tantummodo
2815 2653 2995 2709 tradat
3043 2654 3269 2709 verbum
3323 2655 3535 2711 nudum

1950 2749 2099 2821 quod
2121 2748 2361 2805 creditus
2392 2755 2478 2811 est
2501 2755 2557 2803 et
2589 2747 2816 2817 accepit,
2841 2756 2897 2803 et
2926 2748 3237 2819 depositum
3273 2749 3395 2820 ejus
3427 2749 3532 2805 do.

1950 2840 2103 2895 mino
2132 2854 2256 2906 suo,
2284 2848 2339 2894 et
2365 2838 2500 2894 vivit
2522 2837 2579 2892 in
2612 2838 2849 2894 obscuro
2881 2839 3070 2895 multis
3103 2839 3327 2910 ignotus
3360 2840 3530 2896 etiam

1950 2943 2147 2999 magna
2201 2937 2423 2998 peccata
2470 2929 2828 2995 habentibus,
2881 2937 2936 2983 et
2984 2944 3091 2983 non
3137 2944 3198 2985 se
3234 2929 3443 3000 profert
3478 2931 3535 2986 in

1950 3018 2097 3075 bono
2123 3018 2269 3087 quod
2293 3032 2324 3072 a
2350 3016 2462 3072 Deo
2489 3017 2716 3088 accepit,
2743 3016 2995 3087 quamvis
3020 3018 3218 3073 habeat
3236 3019 3531 3088 quamdam

1951 3110 2266 3180 religionem
2298 3109 2733 3165 conversationis
2753 3125 2861 3164 non
2886 3110 3292 3178 vituperabilem
3319 3111 3526 3177 multis,

1954 3215 2063 3257 non
2104 3200 2320 3256 dubites
2359 3200 2540 3256 dicere
2586 3214 2711 3255 eum
2741 3200 2902 3255 talem
2936 3215 3059 3257 esse
3100 3200 3195 3271 qui
3237 3218 3411 3259 unum
3442 3212 3528 3259 ta-

1954 3292 2161 3347 lentum
2204 3291 2432 3362 accepit,
2475 3298 2530 3346 et
2563 3290 2850 3345 abscondit
2883 3290 2936 3347 id
2969 3291 3022 3345 in
3060 3301 3223 3349 terra.
3261 3291 3318 3347 Si
3344 3301 3527 3349 autem

1952 3391 2171 3453 propter
2198 3380 2333 3437 illud
2360 3380 2503 3451 quod
2529 3381 2791 3450 scriptum
2818 3390 2923 3447 est,
2950 3395 3075 3437 eum
3108 3382 3269 3439 talem
3302 3383 3444 3439 mitti
3472 3385 3530 3440 in

1954 3474 2210 3530 tenebras
2255 3472 2576 3541 exteriores,
2609 3472 2862 3544 displicet
2905 3474 3001 3530 tibi
3048 3464 3196 3545 quod
3226 3474 3448 3540 dicitur,
3485 3478 3532 3533 si

1952 3572 2235 3634 propterea
2267 3565 2412 3633 quod
2461 3577 2574 3618 non
2623 3563 2811 3620 docuit
2857 3565 3017 3634 quis,
3055 3565 3333 3636 judicatur
3373 3567 3534 3639 quasi

1952 3655 2047 3725 qui
2072 3654 2197 3711 data
2228 3654 2333 3711 sibi
2374 3655 2573 3711 virtute
2607 3655 2673 3710 ad
2713 3657 3183 3727 prodiﬁcationem
3220 3659 3529 3715 animarum

1954 3761 2064 3802 non
2097 3755 2182 3803 est
2225 3762 2380 3814 usus,
2416 3746 2707 3802 recordare
2748 3749 3107 3818 apostolicum
3146 3749 3350 3806 dictum
3381 3751 3530 3821 quod

1952 3839 2030 3892 ait
2059 3853 2074 3890 :
2118 3836 2209 3893 Va:
2239 3838 2376 3892 enim
2402 3838 2532 3891 mihi
2560 3846 2659 3905 est,
2692 3838 2740 3893 si
2764 3854 2864 3893 non
2892 3839 3311 3909 euangelizaeero
3343 3842 3385 3896 ⁸.
3408 3840 3531 3898 Non

1951 3928 2096 3984 enim
2144 3940 2362 4000 propter
2412 3929 2575 3985 aliam
2623 3945 3010 4002 quamcunque
3056 3934 3528 3991 conversationem

1953 4036 2109 4077 suam
2138 4020 2573 4092 vituperabilem,
2610 4023 2703 4079 sed
2727 4030 2947 4093 propter
2972 4022 3079 4079 hoc
3107 4024 3308 4092 solum,
3340 4023 3388 4081 si
3416 4039 3527 4081 non

1951 4111 2326 4181 praedicaverit
2355 4112 2733 4185 Evangelium,
2773 4128 2855 4169 va:
2898 4113 3004 4169 sibi
3052 4115 3339 4171 conﬁtetur
3380 4113 3531 4171 futu-

1952 4220 2095 4259 rum.
2128 4203 2415 4261 Manifeste
2441 4206 2587 4259 enim
2618 4213 2840 4276 apparet
2867 4206 3126 4276 quoniam
3166 4206 3256 4262 ille
3291 4208 3530 4278 speravit

1953 4295 2143 4350 audire
2169 4312 2185 4353 ς
2211 4294 2367 4351 Serve
2399 4297 2538 4351 male
2570 4307 2620 4351 et
2661 4298 2807 4368 piger
2834 4298 2877 4365 °,
2900 4306 2953 4352 et
2984 4305 3200 4365 cetera,
3221 4298 3325 4353 nisi
3358 4314 3528 4354 evan-

1953 4387 2261 4460 gelizasset,
2296 4389 2548 4459 quamvis
2597 4389 2701 4442 alia
2750 4390 2873 4443 vitae
2917 4388 3038 4458 ejus
3081 4397 3228 4445 recta
3272 4388 3523 4446 fuissent.

1956 4477 2083 4535 Haec
2110 4479 2256 4534 enim
2309 4488 2364 4535 et
2412 4479 2499 4534 his
2547 4478 2747 4535 similia
2791 4480 2989 4536 debent
3022 4479 3075 4534 in
3117 4488 3297 4535 mente
3326 4479 3529 4536 habere

271 4579 521 4635 docendo
576 4578 809 4648 acquirit
864 4578 917 4632 in
973 4578 1166 4645 altero,
1218 4576 1424 4634 faciens
1469 4591 1594 4633 eum
1649 4577 1849 4634 habere
1881 4581 1926 4636 ι)
1955 4569 2191 4626 maxime
2239 4568 2333 4639 qui
2379 4570 2598 4624 mittunt
2634 4584 2857 4625 manum
2902 4584 3092 4637 suam.
3122 4569 3175 4625 id
3206 4578 3525 4634 estactum.

271 4672 420 4742 quod
457 4670 621 4725 habet
654 4671 785 4740 ipse.
816 4668 1110 4738 Pr0pterea
1145 4671 1383 4740 quinque
1412 4669 1618 4733 habuit,
1651 4679 1706 4724 et
1735 4685 1843 4724 non

272 4765 512 4835 amplius
544 4762 1102 4834 acquisiissedicitur,
1146 4763 1249 4819 nisi
1294 4761 1534 4833 quinque
1580 4776 1703 4832 quae
1745 4761 1845 4816 ha-

274 4858 412 4913 buit.
450 4855 516 4910 Et
542 4855 637 4927 qui
668 4854 797 4919 duo,
828 4870 935 4909 non
961 4853 1194 4923 amplius
1220 4852 1326 4907 nisi
1353 4853 1462 4907 duo
1490 4866 1610 4920 qua:
1639 4850 1847 4905 habuit.

276 4950 337 5005 Si
388 4958 570 5003 autem
603 4947 865 5002 debemus
903 4953 960 5001 et
1005 4946 1072 4999 de
1120 4944 1335 4999 duobus
1386 4943 1602 4999 talentis
1645 4943 1846 5009 dicere,

274 5048 333 5097 et
365 5039 433 5095 de
466 5040 570 5096 illis
601 5039 855 5104 dicimus,
879 5036 1134 5107 quoniam
1164 5035 1257 5106 qui
1293 5050 1403 5091 non
1432 5042 1850 5105 permansemnt

276 5132 335 5188 in
365 5132 565 5196 littera,
592 5130 684 5186 sed
714 5136 1018 5201 quaerentes
1043 5128 1334 5183 ascendere
1356 5141 1522 5182 sensu
1552 5140 1654 5181 suo
1685 5138 1849 5194 super

275 5239 423 5289 eam,
454 5239 563 5278 non
594 5214 774 5278 autem
809 5231 1054 5293 potentes
1081 5218 1364 5290 pervenire
1405 5230 1568 5287 super
1599 5216 1848 5271 ordinem

273 5315 658 5386 praedictorum
686 5313 939 5377 duorum,
974 5312 1028 5365 hi
1056 5318 1184 5366 sunt
1217 5308 1309 5379 qui
1333 5308 1402 5363 ab
1432 5321 1498 5362 eo
1531 5305 1624 5376 qui
1657 5318 1853 5376 cogno-

276 5404 465 5462 scebat
516 5403 769 5458 virtutem
819 5416 1042 5466 eorum,
1087 5406 1416 5468 acceperunt
1464 5394 1660 5450 talenta
1708 5395 1849 5459 duo,

275 5496 615 5567 corporalem
673 5492 976 5548 doctrinam
1032 5490 1229 5545 edocti.
1281 5488 1399 5542 Duo
1444 5486 1588 5542 enim
1640 5484 1854 5540 videtur

276 5587 516 5643 carnalis
556 5599 819 5641 numerus
849 5598 969 5639 esse
1000 5599 1013 5637 :
1054 5590 1109 5637 et
1150 5596 1314 5652 super
1352 5581 1465 5635 haec
1504 5576 1699 5634 lucrati
1723 5583 1852 5632 sunt

276 5680 412 5748 duo,
442 5678 495 5734 ιιι
535 5687 619 5734 est
653 5674 985 5748 corporalem
1011 5674 1391 5739 eruditionem,
1421 5683 1474 5727 et
1501 5671 1661 5726 aliam
1691 5668 1853 5740 paulo

1951 4662 2018 4719 ad
2069 4671 2309 4717 aratrum
2345 4662 2574 4718 docendi
2613 4660 2917 4718 doctrinam
2958 4661 3198 4727 Christi,
3234 4671 3293 4717 ut
3325 4677 3529 4732 cogno-

1954 4762 2168 4809 scentes
2205 4753 2406 4824 quibus
2432 4763 2517 4809 est
2544 4767 2652 4819 vae,
2685 4769 2791 4810 non
2822 4761 3044 4822 propter
3082 4752 3227 4808 aliud
3266 4753 3370 4809 nisi
3399 4753 3530 4823 quia

1955 4860 2065 4899 non
2116 4845 2347 4909 docent,
2400 4845 2732 4914 repositum,
2780 4861 2887 4900 non
2948 4853 3336 4899 convertantur
3383 4854 3530 4900 retro

1954 4946 2245 5007 postquam
2277 4936 2445 4992 semel
2473 4935 2723 4991 miserint
2751 4951 2974 4991 manum
3005 4950 3163 4991 suam
3186 4936 3253 4991 ad
3283 4945 3526 4991 aratrum

1957 5033 2202 5081 arantem
2237 5025 2450 5080 animas
2499 5025 2804 5091 hominum,
2829 5034 2888 5081 ut
2919 5037 3042 5096 post
3087 5026 3193 5081 hoc
3224 5034 3280 5080 et
3319 5026 3528 5082 semina

1957 5117 2257 5188 suscipiant
2281 5118 2455 5173 verbi.
2482 5114 2587 5173 Iste
2614 5126 2793 5174 autem
2816 5118 2910 5188 qui
2937 5118 3079 5175 sicut
3104 5119 3269 5173 homo
3302 5130 3526 5188 peregre

1955 5207 2231 5278 profectus
2265 5209 2477 5265 vocavit
2511 5224 2699 5264 servos
2747 5223 2900 5272 suos.
2932 5209 3247 5265 et'tradidit
3268 5210 3349 5264 eis
3380 5208 3525 5264 bona

1954 5312 2087 5365 sua,
2117 5308 2254 5369 post
2286 5298 2516 5353 multum
2566 5298 2827 5368 temporis
2874 5299 3059 5366 venit,
3100 5310 3390 5369 postquam
3442 5298 3526 5353 di-

1955 5388 2106 5443 misit
2132 5396 2286 5456 aptos
2312 5387 2380 5442 ad
2413 5387 2796 5458 negotiandum
2825 5389 3127 5445 animarum
3162 5389 3392 5445 salutem
3426 5402 3440 5440 :
3473 5396 3528 5443 et

1956 5476 2083 5532 ideo
2128 5475 2356 5532 forsitan
2392 5493 2500 5532 non
2550 5476 2708 5531 facile
2750 5478 3023 5533 invenitur
3054 5478 3178 5548 quis
3210 5493 3279 5533 ex
3318 5478 3398 5532 eis
3429 5476 3526 5547 qui

1957 5569 2069 5640 apti
2103 5568 2305 5624 fuerint
2331 5568 2399 5623 ad
2428 5567 2739 5638 hujusmodi
2772 5583 2931 5638 opus,
2962 5579 3021 5625 ut
3044 5571 3153 5626 cito
3190 5578 3432 5627 transeat
3457 5568 3527 5622 de

1960 5663 2063 5718 hac
2092 5661 2202 5717 vita
2230 5660 2412 5717 :sicut
2434 5668 2519 5716 est
2550 5659 2899 5717 manifestum
2929 5677 2995 5718 ex
3029 5678 3095 5720 eo
3122 5664 3268 5734 quod
3299 5668 3353 5719 et
3390 5675 3526 5733 apo-

348 5855 372 5888 ⁸
398 5851 560 5910 Prov.
594 5871 654 5919 ιι,
680 5853 733 5921 5,
768 5848 853 5906 19.
929 5853 950 5885 ⁸
979 5849 1175 5904 Jerem.
1206 5864 1280 5913 iv,
1312 5848 1379 5905 l9
1474 5850 1493 5881 ⁷
1525 5864 1575 5915 v,
1608 5846 1691 5902 H.
1767 5846 1789 5878 ⁸
1824 5843 1846 5898 ι

1956 5859 1992 5901 r.
2026 5859 2102 5912 ix,
2140 5842 2221 5897 16.
2297 5842 2318 5874 ⁸
2348 5839 2540 5896 Matth.
2572 5855 2701 5907 xxv,
2729 5842 2818 5899 26.

650 5948 920 6006 Panos.
975 5942 1090 6003 Gtt.
1140 5940 1306 6010 XIII.

3086 5935 3164 5997 5!»
