4004 6586
547 439 684 495 1707

1730 437 2055 495 ORIGENIS
2095 436 2161 493 IN
2204 435 2621 492 MATTIIIEUM

3655 440 3791 494 1708

543 554 666 611 διοιί
702 559 1020 620 senuerunt,
1064 567 1133 608 ex
1179 551 1377 622 quibus
1421 552 1553 608 dicit
1585 552 1652 607 ad
1681 552 1902 608 Petrum
1932 569 1946 605 :
1980 551 2114 607 Cum
2150 565 2185 617 Α
2220 548 2413 605 Omnia
2436 551 2581 604 enim
2610 549 2682 605 ibi
2706 549 3039 606 delectabilia
3064 556 3117 605 et
3137 549 3317 605 omnia
3336 550 3793 621 gaudia,quando

542 644 796 711 senueris,
847 644 1088 699 extendes
1139 660 1355 698 manum
1399 654 1545 698 tuam
1584 647 1649 711 ¹⁰,
1692 654 1747 701 et
1791 655 2002 700 ett-tera.
2042 644 2115 699 Dc

477 765 482 769 -
542 732 714 788 Paulo
743 743 921 788 autem
955 734 1158 789 dictum
1190 742 1274 789 est
1298 735 1363 789 ad
1392 733 1762 789 Philemonem
1790 750 1803 785 :
1837 731 1992 786 Nunc
2018 749 2116 785 au-

544 837 645 882 tem
685 835 744 881 ut
778 826 984 881 Paulus
1030 842 1185 881 senex
1229 827 1291 893 ιι,
1322 842 1447 882 cum
1493 835 1637 883 esset
1680 825 2116 881 adolescentulus

543 920 763 990 quando
787 918 1099 989 Stephanus
1127 934 1226 989 pro
1259 919 1460 974 Christi
1491 918 1800 976 testimonio
1834 916 2114 987 lapidaba-

540 1022 665 1077 tur,
718 1019 773 1065 et
826 1011 940 1079 ipse
986 1010 1308 1065 vestimenta
1367 1011 1619 1065 servabat
1670 1008 2110 1065 interlicientiurn

540 1119 667 1160 eum
698 1106 761 1158 ι’.
792 1101 910 1157 Hoc
934 1112 1115 1157 autem
1146 1103 1384 1159 diximus
1405 1114 1689 1173 propterea
1713 1101 1857 1173 quod
1882 1101 2013 1156 dicit
2032 1100 2107 1152 ":

543 1196 670 1251 Post
712 1196 936 1250 multum
969 1196 1214 1265 temporis
1248 1198 1387 1250 venit
1424 1196 1668 1249 dominus
1696 1210 1963 1249 servorum
1986 1192 2112 1246 illo-

537 1302 676 1342 rum.
713 1286 779 1341 Et
806 1287 1034 1342 observa
1069 1288 1123 1341 in
1171 1287 1275 1343 hoc
1316 1287 1438 1341 loco
1477 1287 1733 1357 thoniam
1772 1302 1880 1339 non
1909 1285 1974 1338 ad
2008 1284 2111 1338 do-

538 1379 978 1433 minum‘radunt
1012 1378 1405 1449 utjudicentur
1436 1386 1490 1433 et
1531 1378 1693 1448 digna
1738 1377 1947 1432 artibus
1995 1375 2111 1430 suis

536 1469 825 1540 recipiant,
852 1470 951 1525 sed
982 1469 1238 1525 dominus
1262 1470 1406 1524 venit
1436 1469 1502 1523 ad
1535 1484 1630 1525 eos
1659 1484 1783 1524 cum
1817 1467 1981 1521 fuerit
2003 1466 2109 1519 im-

535 1562 737 1631 pletum
781 1561 926 1631 quod
976 1561 1183 1617 dictum
1229 1568 1332 1627 est,
1379 1561 1638 1632 quoniam
1682 1560 1829 1615 venit
1860 1569 2105 1630 tempus.

535 1650 773 1707 Veniens
800 1661 981 1706 autem
1014 1660 1177 1722 ponet
1199 1650 1467 1705 rationem
1498 1664 1622 1705 cum
1659 1649 1737 1704 eis
1764 1649 1830 1704 de
1855 1648 2109 1703 omnibus

534 1753 875 1809 quzecunque
915 1747 1174 1808 egerunt,
1224 1754 1585 1809 compensans
1635 1738 1801 1795 lucra
1840 1738 2106 1793 bonorum

535 1847 760 1901 operum
797 1841 852 1886 et
896 1832 1179 1902 dispendia
1209 1840 1580 1903 peccatorum,
1611 1840 1672 1887 ut
1706 1847 1915 1902 ponens
1940 1820 2108 1887 ratio-

534 1940 681 1989 nem,
711 1934 767 1980 et
796 1925 1083 1997 diligenter
1122 1925 1376 1981 universa
1421 1925 1741 1993 discutiens,
1774 1940 2105 1996 unoquoque
2140 1910 2179 1963 Β

533 2018 678 2073 sicut
706 2025 920 2088 oportet
948 2025 1151 2073 utatur.
1181 2016 1451 2072 Debemus
1493 2031 1624 2087 ergo
1667 2016 1826 2087 quasi
1856 2017 1946 2086 qui
1978 2032 2104 2086 pec-

432 2158 439 2167 .
533 2111 708 2166 cando
738 2109 998 2165 damnum
1033 2107 1295 2172 fecimus,
1329 2108 1469 2163 bona
1497 2116 1676 2163 autem
1704 2118 1992 2177 operantes
2020 2110 2100 2162 lu-

528 2216 769 2268 cremur,
800 2203 881 2258 sic
907 2201 1055 2256 omni
1086 2200 1332 2257 custodia
1362 2199 1527 2256 corda
1558 2208 1747 2256 nostra
1773 2216 2013 2266 servare,
2048 2211 2107 2256 ut

529 2309 656 2352 cum
684 2294 894 2349 venerit
936 2292 1200 2349 Dominus
1243 2301 1429 2348 noster
1455 2300 1510 2346 et
1550 2293 1794 2362 posuerit
1835 2294 2104 2348 rationem

532 2386 843 2451 nobiscum,
884 2399 990 2439 non
1022 2383 1364 2440 inveniamur
1389 2398 1489 2438 nec
1519 2397 1618 2454 pro
1647 2384 1823 2439 otioso
1855 2399 2106 2440 sermone

530 2479 789 2531 damnum
822 2476 1037 2531 iecisse.

601 2568 691 2623 67.
742 2567 810 2621 Et
845 2568 1094 2622 accedens
1147 2568 1237 2637 qui
1284 2568 1510 2638 quinque
1563 2565 1761 2620 talenta
1810 2577 2101 2636 acceperat,

529 2659 719 2713 obtulit
764 2660 876 2713 alia
918 2659 1177 2729 quinque,
1206 2659 1384 2712 dicens
1415 2673 1434 2711 :
1466 2657 1710 2723 Domine,
1741 2658 1967 2727 quinque
2016 2667 2103 2711 ta-

527 2749 675 2804 lenta
709 2750 838 2803 mihi
868 2749 1085 2813 dedisti,
1130 2765 1245 2803 ecce
1287 2749 1398 2801 alia
1441 2748 1669 2818 quinque
1711 2748 2101 2816 superlucratus

528 2856 669 2896 sum.
698 2839 792 2894 Ait
822 2841 870 2894 ei
891 2841 1135 2894 dominus
1172 2840 1286 2910 ejus
1314 2854 1333 2892 :
1361 2838 1528 2909 Euge,
1570 2855 1713 2892 serve
1742 2840 1871 2893 bone
1897 2849 1945 2893 et
1973 2840 2103 2906 ﬁde-

526 2934 594 2985 lis
627 2948 646 2987 :
670 2935 795 3003 quia
822 2948 977 3002 super
1020 2949 1192 3001 pauca
1232 2932 1384 3001 luisti
1429 2931 1623 3001 fidelis,
1654 2948 1816 3000 supra
1849 2932 2020 2985 multa
2054 2940 2102 2986 te

526 3029 868 3087 constituam,
917 3024 1059 3077 intra
1097 3025 1150 3077 in
1183 3022 1437 3094 gaudium
1465 3023 1668 3078 domini
1704 3024 1801 3079 tui.
1837 3024 2099 3079 Accedens

523 3126 703 3171 autem
738 3126 789 3171 et
828 3116 919 3186 qui
966 3116 1071 3170 duo
1114 3115 1315 3169 talenta
1362 3122 1663 3185 acceperat,
1692 3113 1769 3169 ait
1803 3130 1821 3168 :
1854 3114 2096 3181 Domine,

524 3208 630 3261 duo
684 3206 885 3262 talenta
934 3207 1065 3260 mihi
1112 3206 1343 3270 dedisti,
1376 3222 1491 3261 erce
1535 3205 1646 3260 alia
1701 3206 1806 3261 duo
1862 3206 2096 3260 lucratus

525 3313 665 3352 sum.
699 3298 790 3350 Ait
828 3296 913 3350 illi
953 3297 1197 3350 dominus
1227 3296 1341 3365 ejus
1372 3312 1390 3349 :
1420 3294 1593 3366 Euge,
1624 3310 1766 3350 serve
1799 3296 1926 3350 bone
1955 3305 2004 3350 et
2032 3297 2098 3366 ﬁ-

524 3387 657 3441 delis
693 3404 711 3441 :
737 3388 863 3458 quia
892 3402 1046 3455 super
1068 3402 1239 3455 pauca
1267 3386 1419 3455 fuisti
1449 3385 1641 3454 ﬁdelis,
1666 3402 1830 3454 supra
1858 3385 2025 3440 multa
2048 3395 2098 3440 te

524 3479 867 3546 constituam,
896 3480 1039 3534 intra
1060 3480 1113 3532 in
1132 3478 1387 3550 gaudium
1411 3478 1612 3531 domini
1644 3478 1720 3530 tui
1736 3477 1872 3533 “'7‘.
1903 3476 1978 3532 Ita
2005 3492 2097 3532 ac—

525 3568 691 3625 cessit
718 3569 927 3640 primus
951 3569 1107 3638 quasi
1155 3567 1250 3638 qui
1296 3566 1485 3621 habuit
1528 3566 1787 3621 tiduciam
1838 3580 1905 3623 eo
1948 3565 2093 3636 quod

524 3668 778 3731 operatus
804 3658 981 3715 fuerat
1020 3668 1074 3714 et
1112 3659 1373 3715 lucratus.
1411 3656 1545 3713 Nam
1588 3657 1783 3714 liducia
1824 3658 1940 3727 ipsa
1971 3656 2096 3711 fecit

523 3768 647 3807 eum
698 3751 929 3816 audere,
971 3759 1031 3806 ut
1068 3751 1136 3806 ad
1172 3751 1453 3806 dominum
1478 3750 1690 3821 primus
1711 3751 2010 3816 accederet,
2042 3759 2094 3804 et

523 3845 782 3901 audacter
809 3843 1013 3901 faceret
1050 3859 1358 3900 sermonem
1390 3846 1619 3901 dicens:
1658 3845 1907 3910 Domine,
1934 3845 2092 3915 quin-

521 3954 619 4008 que
651 3938 848 3993 talenta
892 3938 1023 3991 mihi
1064 3938 1281 4005 dedisti,
1323 3954 1437 3992 ecce
1479 3937 1591 3992 alia
1637 3938 1862 4008 quinque
1892 3936 2092 3990 talenta

519 4029 687 4100 385
716 4031 951 4084 lucratus
978 4046 1096 4084 sum
1117 4046 1273 4099 super
1307 4046 1390 4085 ea.
1413 4030 1493 4085 Ad
1527 4044 1688 4100 quem
1721 4030 1975 4084 dominus
2005 4030 2090 4084 dia

521 4122 602 4175 xit
630 4135 817 4175 vocem
848 4121 1104 4176 omnibus
1129 4121 1289 4176 nobis
1318 4121 1610 4190 optabilem
1630 4164 1660 4199 ,1
1689 4136 1812 4176 cum
1847 4124 2093 4191 posuerit

522 4213 788 4267 rationem
822 4212 987 4267 etiam
1013 4212 1298 4267 nobiscum
1334 4211 1599 4268 Dominus
1633 4220 1819 4268 noster
1850 4213 2037 4268 dicens
2074 4232 2086 4267 :

520 4304 689 4374 Euge,
726 4319 867 4357 sert'e
890 4303 1017 4356 bone
1039 4312 1086 4357 et
1116 4303 1325 4372 ﬁdelis;
1349 4304 1674 4358 contrariam
1701 4304 1748 4360 ei
1776 4304 1895 4358 voci
1924 4320 2086 4374 quam

520 4394 659 4447 dixit
696 4394 762 4447 ad
814 4393 1030 4448 tertium
1067 4411 1081 4448 :
1112 4392 1268 4448 Serve
1318 4393 1455 4446 male
1487 4401 1537 4447 et
1581 4394 1745 4463 piger.
1809 4392 1943 4460 Quis
1979 4411 2085 4448 non

518 4494 671 4554 optet
693 4485 1124 4540 exhortationem
1154 4483 1428 4552 accipiens
1452 4500 1519 4538 ex
1550 4484 1653 4539 ista
1688 4485 1956 4554 scriptura
1976 4525 1992 4550 ,
2029 4494 2087 4540 ut

2217 644 2309 712 qui
2344 643 2432 697 hic
2458 641 2607 701 llent.
2657 641 2732 697 ibi
2779 642 3068 709 ridebunt,
3117 651 3172 698 et
3209 641 3304 712 qui
3335 643 3683 698 laudabiliter
3709 645 3789 697 lu-

2216 741 2363 801 gent,
2387 733 2811 788 consolationem
2847 733 3117 803 accipient
3147 733 3388 804 dignam.
3418 732 3579 800 Quod
3609 745 3787 790 autem

2215 826 2346 880 dicit
2375 825 2455 879 vel
2485 824 2537 878 in
2567 839 2633 879 eo
2662 824 2756 894 qui
2788 824 3031 895 quinque
3058 824 3258 879 talenta
3286 834 3601 895 acceperat,
3625 826 3710 879 vel
3738 826 3789 879 in

2217 916 2322 971 isto
2350 917 2442 986 qui
2473 916 2580 972 duo
2600 956 2614 981 ,
2645 916 2894 970 accedens
2914 958 2930 982 ,
2968 916 3203 987 intelligo
3233 918 3364 971 mihi
3419 933 3708 973 accessum
3740 928 3794 974 et

2214 1010 2501 1063 transitum
2534 1008 2600 1064 de
2626 1008 2728 1063 hoc
2759 1009 2962 1063 mundo
2994 1009 3063 1063 ad
3092 1009 3266 1075 illum,
3288 1018 3343 1065 et
3368 1010 3497 1065 vide
3526 1011 3789 1080 quoniam

2214 1116 2320 1155 non
2364 1101 2524 1155 aliam
2576 1115 2760 1155 vocem
2806 1101 3061 1155 dominus
3091 1101 3315 1170 protulit
3359 1101 3430 1156 ad
3459 1102 3788 1163 secundum,

2214 1192 2319 1247 nisi
2345 1208 2508 1261 quam
2544 1192 2768 1261 prdtulit
2799 1193 2867 1247 ad
2906 1195 3140 1263 priorem
3171 1195 3359 1249 dicens
3394 1211 3408 1248 :
3450 1191 3622 1263 Euge,
3650 1210 3792 1248 serue

2214 1283 2341 1336 bone
2363 1292 2412 1337 et
2444 1284 2636 1353 ﬁdelis,
2678 1300 2834 1350 super
2860 1286 3067 1338 modica
3088 1285 3260 1354 fidelis
3280 1285 3457 1355 fuisti,
3482 1301 3643 1355 super
3677 1302 3792 1339 ma-

2211 1390 2314 1444 gna
2361 1384 2411 1428 te
2458 1376 2796 1431 constituam.
2862 1373 3061 1442 Qumro
3111 1376 3370 1446 quoniam
3402 1376 3599 1431 eadem
3644 1376 3787 1431 dicta

2212 1475 2337 1521 sunt
2363 1466 2653 1531 ambobus,
2689 1482 2757 1522 ne
2780 1466 2919 1523 forte
2944 1475 2998 1522 et
3025 1467 3119 1538 qui
3155 1468 3419 1522 minorem
3453 1454 3649 1521 habuit
3678 1468 3789 1521 vir-

2212 1568 2402 1622 tutem,
2429 1567 2482 1614 et
2511 1568 2675 1614 totam
2715 1559 2862 1613 illam
2896 1576 3059 1630 quam
3094 1560 3281 1614 habuit
3305 1559 3613 1613 secundum
3641 1560 3790 1629 quod

2209 1652 2495 1721 oportebat
2520 1653 2783 1717 exercuit,
2825 1653 2961 1708 nihil
3009 1655 3191 1709 minus
3222 1655 3510 1710 habiturus
3542 1654 3617 1709 sit
3641 1654 3788 1724 apud

2210 1742 2402 1808 Deum,
2444 1759 2606 1814 quam
2637 1744 2726 1799 ille
2751 1745 2844 1813 qui
2879 1743 2976 1799 fuit
3003 1744 3056 1799 in
3101 1745 3305 1815 majore
3336 1748 3561 1809 virtute,
3590 1755 3652 1800 ut
3680 1748 3789 1800 im-

2208 1834 2419 1905 pleatur
2449 1835 2501 1888 in
2528 1835 2608 1890 eis
2634 1835 2780 1904 quod
2812 1835 3015 1890 dictum
3045 1844 3128 1891 est
3142 1836 3222 1888 7‘:
3251 1835 3355 1900 Qui
3393 1835 3644 1901 multum,
3681 1852 3787 1890 non

2206 1927 2522 1991 abundauit,
2576 1936 2623 1980 et
2655 1928 2744 1998 qui
2783 1927 3082 1990 modicum,
3140 1944 3242 1981 non
3285 1929 3596 1983 minarat-it.
3649 1927 3788 1984 Tale

2206 2018 2408 2089 aliquid
2444 2018 2748 2073 ostenditur
2771 2028 2826 2074 et
2852 2019 2995 2074 circa
3028 2020 3342 2074 mandatum
3375 2020 3691 2076 dilectionis
3714 2023 3787 2076 ad

2208 2109 2397 2175 Deum,
2429 2110 2512 2163 vel
2542 2108 2606 2162 ad
2635 2109 2965 2177 proximum,
2984 2109 3169 2165 dicens
3199 2110 3269 2164 ila
3298 2110 3345 2141 "
3381 2127 3395 2164 :
3436 2110 3638 2181 Diliges
3666 2110 3789 2163 Do-

2204 2203 2405 2255 minum
2458 2201 2627 2255 Deum
2660 2211 2808 2255 tuum
2840 2217 2906 2255 ea:
2939 2210 3046 2255 toto
3089 2203 3246 2257 corde
3289 2211 3417 2269 tuo,
3454 2212 3505 2257 et
3550 2220 3620 2256 ea:
3667 2212 3788 2259 tota

2204 2292 2383 2346 anima
2430 2302 2555 2359 tua,
2587 2301 2637 2346 et
2662 2308 2727 2347 ea:
2764 2300 2876 2345 tota
2909 2301 3077 2346 mente
3106 2301 3219 2346 tua.
3275 2287 3405 2347 Sine
3433 2293 3606 2348 dubio
3632 2294 3785 2349 enim

2204 2402 2327 2441 cum
2355 2403 2420 2441 ex
2458 2396 2571 2443 toto
2605 2387 2768 2443 corde
2800 2402 2901 2443 suo
2942 2387 3066 2457 quis
3099 2386 3349 2441 dilexerit
3382 2384 3552 2440 Deum
3574 2424 3590 2449 ,
3624 2392 3681 2439 et
3713 2401 3786 2440 ex

2205 2489 2316 2535 tota
2349 2480 2529 2535 anima
2571 2495 2705 2546 sua,
2740 2488 2795 2534 et
2819 2495 2884 2534 ex
2910 2487 3023 2533 tota
3053 2476 3251 2533 virtute
3277 2493 3399 2541 sua,
3449 2477 3615 2531 talem
3644 2476 3787 2531 dile-

2203 2571 2400 2627 ctionis
2433 2572 2595 2627 habet
2621 2571 2946 2636 mercedem,
2976 2571 3193 2641 qualem
3223 2570 3309 2624 ille
3339 2572 3432 2640 qui
3466 2569 3651 2638 majus
3676 2569 3783 2623 ha-

2202 2663 2319 2718 buit
2343 2678 2458 2735 cor,
2508 2664 2593 2717 vel
2617 2663 2712 2733 qui
2737 2662 3150 2717 eminentiorem
3184 2661 3346 2716 habet
3375 2661 3646 2722 animam,
3693 2660 3784 2714 vel

2203 2755 2293 2824 qui
2350 2752 2607 2823 majorem
2643 2753 2851 2823 accepit
2893 2754 3169 2807 virtutem.
3231 2750 3345 2807 Hoc
3394 2752 3546 2806 enim
3596 2752 3782 2807 solum

2202 2844 2463 2913 quaeritur
2481 2882 2496 2907 ,
2526 2850 2589 2897 ut
2628 2841 2893 2913 quidquid
2914 2841 3166 2898 habuerit
3191 2844 3355 2898 homo
3382 2857 3451 2897 es
3478 2841 3614 2908 Deo,
3663 2852 3781 2898 toto

2201 2948 2267 2987 eo
2304 2942 2485 2987 utatur
2510 2934 2576 2987 ad
2602 2933 2831 3002 gloriam
2858 2932 2975 2987 Dei.

2271 3021 2360 3076 68.
2399 3021 2663 3076 Accedens
2695 3031 2869 3076 autem
2908 3031 2957 3076 et
2985 3023 3074 3094 qui
3103 3039 3267 3077 unum
3315 3023 3573 3078 talentum
3622 3038 3780 3076 acce—

2199 3124 2370 3185 perat,
2403 3114 2481 3167 ait
2507 3131 2525 3168 :
2551 3113 2792 3176 Domine,
2826 3115 2938 3168 scio
2963 3116 3086 3185 quia
3109 3114 3259 3167 homo
3284 3115 3453 3169 durus
3481 3131 3558 3182 es,
3595 3126 3647 3169 et
3673 3131 3778 3168 meo

2203 3206 2271 3258 tis
2307 3205 2397 3258 ubi
2423 3222 2527 3259 non
2560 3205 2852 3269 seminasti,
2880 3215 2929 3258 et
2974 3222 3256 3276 congregas
3289 3206 3379 3259 ubi
3424 3222 3534 3259 non
3570 3208 3782 3275 sparsi-

2200 3297 2314 3359 sti;
2362 3304 2413 3350 et
2460 3296 2646 3350 timens
2691 3297 2833 3360 abii,
2867 3307 2918 3351 et
2962 3298 3209 3350 abscondi
3250 3298 3509 3351 talentum
3536 3306 3692 3351 tuum
3724 3298 3780 3351 in

2200 3400 2361 3444 terra.
2398 3386 2532 3442 Ecce
2561 3388 2717 3442 habes
2745 3398 2915 3443 tuum.
2967 3387 3293 3457 Respondeas
3318 3399 3499 3443 autem
3527 3390 3776 3443 dominus

2196 3482 2344 3551 ejus,
2391 3481 2528 3534 dixit
2574 3481 2623 3534 ei
2667 3496 2686 3533 :
2735 3479 2878 3534 Male
2915 3496 3057 3534 serue
3096 3490 3147 3534 et
3191 3482 3365 3551 piger,
3401 3482 3607 3536 sciebas
3645 3484 3774 3553 quia

2198 3580 2332 3624 meto
2361 3570 2451 3625 ubi
2494 3586 2598 3624 non
2629 3570 2880 3624 seminavi
2899 3609 2913 3633 ,
2945 3578 2994 3624 et
3024 3586 3277 3641 congrege
3315 3571 3406 3625 ubi
3431 3589 3538 3625 non
3573 3574 3771 3641 sparsi.

2196 3661 2447 3731 Oportuit
2496 3677 2616 3732 ergo
2647 3670 2695 3714 te
2729 3662 3053 3715 committere
3079 3662 3350 3731 pecuniam
3394 3680 3567 3717 meant
3619 3680 3776 3719 num—

2194 3753 2468 3819 mulariis,
2513 3763 2570 3807 ut
2594 3754 2799 3808 veniens
2831 3754 3138 3821 recepissem
3163 3769 3277 3807 eam
3324 3770 3446 3807 cum
3483 3756 3665 3810 usuris
3702 3755 3769 3810 ⁷³.

2195 3843 2420 3899 Videtur
2443 3845 2576 3899 mihi
2601 3845 2705 3900 iste
2730 3846 2823 3915 qui
2852 3860 3019 3899 unum
3041 3845 3298 3899 talentum
3329 3847 3563 3915 accepit,
3599 3845 3772 3902 fuisse

2194 3934 2337 3989 inter
2382 3937 2665 3992 credentes
2713 3937 2952 4006 quidem,
3004 3952 3114 3990 non
3161 3944 3341 3990 autem
3391 3948 3448 3991 et
3500 3939 3773 3994 ﬁducialio

2193 4036 2275 4081 ter
2303 4037 2524 4099 agentes
2549 4028 2602 4082 in
2634 4028 2755 4096 lide,
2780 4029 2874 4084 sed
2902 4028 3071 4084 latere
3102 4028 3362 4094 volentes,
3393 4038 3446 4083 et
3469 4030 3660 4084 omnia
3684 4030 3769 4084 la-

2151 4161 2155 4164 ρ
2192 4119 2394 4175 cientes
2417 4127 2477 4174 ut
2503 4134 2610 4173 non
2637 4129 3038 4188 cognoscantur
3062 4121 3217 4190 quasi
3245 4119 3567 4176 Christiani.
3629 4119 3771 4177 For-

2191 4210 2330 4265 sitan
2352 4220 2531 4265 autem
2557 4221 2611 4266 et
2638 4212 2727 4265 alii
2756 4228 2932 4268 mores
2954 4228 3140 4267 eorum
3170 4227 3276 4266 non
3305 4212 3441 4273 satis
3465 4220 3624 4267 erant
3653 4214 3772 4268 cul-

2191 4299 2415 4368 pabiles,
2440 4308 2495 4354 et
2522 4301 2667 4370 quod
2694 4310 3018 4371 acceperunt
3040 4302 3351 4356 cusrodiunt
3375 4302 3621 4371 quidem,
3652 4318 3766 4358 non

2191 4398 2369 4444 autem
2405 4400 2459 4445 et
2492 4392 2729 4459 addunt,
2779 4408 2954 4462 neque
2987 4394 3361 4463 negotiantur,
3409 4409 3588 4463 neque
3616 4394 3767 4449 ﬁdu-

2188 4479 2397 4533 cialiler
2441 4490 2610 4551 agunt
2642 4482 2694 4534 in
2721 4496 2786 4537 eo
2816 4500 2829 4537 :
2867 4492 3147 4553 propterea
3180 4484 3403 4538 verbum
3444 4485 3501 4539 in
3538 4487 3619 4541 eis
3646 4502 3764 4541 non

519 4577 703 4630 audiat
733 4592 762 4629 a
806 4575 1034 4630 Domino
1069 4590 1171 4631 suo
1206 4593 1220 4630 :
1258 4574 1507 4630 Fidelis?
1551 4574 1708 4643 Quod
1757 4577 1934 4633 simile
1964 4593 2086 4634 esse
2117 4594 2160 4647 ι)
2190 4569 2422 4638 Ρνοίθοῖῑ
2451 4572 2516 4625 ad
2553 4573 2766 4641 malus.
2797 4588 2975 4642 neque
3018 4575 3152 4629 alios
3198 4576 3506 4647 acquisivit.
3564 4575 3762 4631 Adhuc

517 4661 770 4717 existimo
798 4662 846 4716 ei
875 4663 1016 4731 quod
1044 4663 1245 4718 dictum
1280 4674 1362 4720 est
1393 4665 1459 4721 de
1495 4665 1793 4732 Abraham,
1827 4668 2081 4738 quoniam

517 4751 741 4805 credidit
781 4751 1053 4806 Abraham
1080 4751 1190 4807 Deo
1214 4793 1229 4818 ,
1269 4763 1318 4808 et
1361 4764 1662 4825 reputatum
1711 4766 1788 4812 est
1824 4758 1872 4811 ei
1898 4758 1968 4811 ad
1991 4758 2087 4828 ju--

513 4842 724 4896 stitiam
748 4843 793 4874 ⁷⁸
816 4882 832 4906 ,
863 4842 1005 4898 sicut
1045 4854 1098 4899 et
1139 4845 1188 4898 ei
1230 4845 1323 4913 qui
1366 4846 1574 4901 audivit
1611 4862 1639 4900 a
1685 4848 1906 4903 domino
1932 4864 2033 4906 suo
2069 4868 2082 4903 :

516 4933 672 4988 Serve
697 4933 891 5004 ﬁdelis.
943 4933 1072 4990 Sine
1104 4935 1269 4991 dubio
1295 4937 1428 4992 tides
1461 4938 1580 5008 ejus
1602 4938 1668 4993 ad
1691 4938 1957 5008 justitiam
1992 4956 2081 4995 re-

514 5034 702 5096 putata
747 5036 834 5081 est
877 5027 961 5092 ei,
1008 5035 1069 5082 ut
1109 5035 1355 5096 reputata
1397 5037 1480 5083 est
1525 5030 1591 5083 ad
1629 5031 1896 5099 justitiam
1949 5031 2083 5086 tides

515 5119 689 5187 ipsius
723 5118 815 5187 qui
848 5117 902 5171 in
936 5118 1151 5174 modico
1173 5119 1274 5174 fuit
1300 5120 1491 5176 ﬁdelis.
1524 5120 1730 5177 Modica
1754 5131 1934 5176 autem
1958 5132 2087 5177 sunt

512 5209 697 5262 oinnia
745 5210 867 5264 vitae
899 5208 1096 5275 istius,
1143 5218 1203 5264 ut
1230 5225 1395 5265 omne
1428 5212 1842 5267 resurrectionis
1885 5222 2086 5285 myste-

514 5301 654 5355 rium
689 5302 738 5356 ei
768 5301 1023 5357 credatur
1056 5312 1109 5357 et
1145 5303 1546 5358 administratio
1595 5320 1955 5376 supernorum
1987 5306 2084 5360 bo-

513 5406 728 5448 norum.
786 5392 1080 5449 Videamus
1129 5404 1307 5450 autem
1338 5404 1391 5449 ct
1416 5412 1525 5466 quo
1552 5397 1852 5467 ingreditur
1890 5412 2082 5453 servus

515 5480 615 5534 iste
645 5481 823 5538 bonus
850 5492 905 5537 et
929 5484 1101 5539 lidelis
1125 5524 1139 5543 .
1175 5485 1268 5555 qui
1300 5485 1353 5539 in
1388 5486 1600 5540 modico
1630 5486 1753 5540 vita:
1797 5487 1954 5541 istius
1978 5485 2079 5541 fuit

515 5571 707 5625 lidelis.
790 5571 987 5639 Intra,
1039 5574 1252 5643 inquit,
1304 5577 1358 5628 in
1407 5576 1663 5645 gaudium
1721 5575 1923 5629 domini
1976 5578 2074 5631 tui.

579 5791 622 5825 ¹⁰
650 5793 805 5850 Joan.
838 5813 948 5864 ut,
984 5800 1070 5854 18.
1166 5802 1204 5832 ¹¹
1238 5803 1464 5856 Philam.
1502 5804 1555 5855 9.
1628 5804 1694 5847 ."
1727 5806 1846 5857 Act.
1874 5821 1975 5857 vn.
2013 5803 2097 5856 57.

507 5879 594 5930 xv,
630 5865 682 5921 6.
762 5869 805 5899 ⁷⁸⁵
833 5868 999 5925 Exod.
1034 5887 1143 5937 κεί,
1181 5875 1260 5929 18.
1339 5873 1381 5903 ⁷⁷
1414 5873 1596 5928 Matth.
1634 5889 1765 5937 χχιι,
1800 5875 1885 5927 57.

2190 4661 2444 4715 videntur
2491 4661 2625 4715 mihi
2655 4662 2750 4732 qui
2786 4662 3100 4732 hujusmodi
3154 4675 3311 4731 sunt,
3362 4665 3613 4720 timorem
3658 4664 3761 4721 Dei

2188 4749 2388 4805 habere
2427 4761 2481 4806 et
2524 4766 2715 4821 sapere
2761 4753 2827 4808 de
2875 4768 2942 4808 eo
2989 4755 3147 4824 quasi
3192 4755 3375 4825 aliquo
3422 4766 3664 4818 austero,
3702 4766 3764 4809 et

2185 4842 2343 4907 duro,
2379 4854 2431 4899 et
2463 4844 2812 4914 implacabili.
2887 4844 2977 4901 Sic
3005 4847 3150 4901 enim
3187 4848 3350 4903 verba
3386 4848 3503 4919 ipsa
3540 4847 3758 4919 signiti-

2185 4946 2308 4989 caut
2353 4936 2730 5005 respondentis
2750 4975 2766 5001 ,
2796 4945 2849 4992 et
2877 4937 3141 5001 dicentis,
3177 4939 3403 4993 sciebam
3434 4941 3560 5010 quia
3582 4947 3755 4994 durus

2181 5042 2255 5090 es,
2291 5037 2344 5080 et
2373 5028 2529 5095 quasi
2563 5027 2656 5097 qui
2685 5027 2891 5083 sciebat
2915 5044 3040 5083 eum
3068 5038 3271 5085 metere
3319 5030 3409 5085 ubi
3451 5046 3559 5086 uon
3586 5032 3757 5085 semi-

2182 5119 2332 5171 navit
2369 5128 2422 5173 et
2454 5133 2785 5190 congregare
2810 5120 2901 5175 ubi
2937 5135 3046 5175 non
3074 5122 3293 5191 sparsit.
3350 5121 3574 5192 Propter
3600 5123 3754 5192 quod

2182 5210 2516 5278 respondens
2542 5211 2592 5266 ei
2613 5211 2868 5268 dominus
2892 5213 3013 5283 ejus
3031 5253 3045 5280 ,
3091 5222 3143 5270 et
3171 5228 3405 5285 arguens
3437 5229 3558 5269 eum
3586 5216 3750 5284 quasi

2181 5303 2385 5357 malum
2421 5318 2639 5358 servum
2686 5313 2741 5358 et
2772 5305 2983 5376 pigrum
3007 5343 3022 5368 ,
3059 5319 3165 5359 non
3204 5305 3419 5374 quidem
3464 5304 3752 5359 confessus

2138 5432 2143 5439 ›
2179 5405 2263 5451 est
2288 5411 2347 5451 se
2373 5411 2493 5451 esse
2524 5395 2797 5451 hominem
2824 5398 3044 5460 durum,
3069 5398 3210 5452 sicut
3240 5397 3330 5451 ille
3356 5397 3746 5459 arbitrabatur,

2183 5486 2393 5540 trieteris
2441 5494 2619 5539 autem
2669 5485 3016 5540 sermonibus
3056 5485 3175 5555 ejus
3205 5488 3483 5541 consensit
3507 5486 3695 5540 dicens
3729 5505 3744 5537 :

2184 5575 2254 5629 Et
2288 5578 2487 5630 sciebas
2520 5577 2645 5646 quia
2677 5587 2813 5632 meto
2839 5576 2929 5631 ubi
2959 5570 3059 5631 non
3084 5578 3368 5645 seminari,
3406 5589 3455 5633 et
3493 5594 3745 5649 congrege

2195 5803 2721 5867 “Mettth.xxv,19.
2820 5801 2931 5844 ιλιι
2959 5801 3087 5859 ibid.
3116 5802 3187 5857 20
3212 5810 3268 5857 ct
3296 5816 3441 5872 seqq.
3527 5792 3749 5852 "Gen.

1964 5877 2008 5907 ⁷⁸
2038 5873 2227 5928 Matth.
2262 5890 2383 5938 xxv,
2410 5874 2479 5928 24
2509 5883 2563 5928 et
2590 5889 2737 5944 seqq.
