4004 6540
329 372 354 429 1
365 375 467 429 709

1484 379 2140 439 COMMENTARIORUM
2182 341 2444 439 saturas.

3408 398 3573 469 _mo

319 489 411 541 ubi
437 504 541 540 non
570 490 765 558 sparsi.
806 488 1092 557 Quomodo
1134 503 1314 549 autem
1356 494 1721 575 intelligamus
1749 499 1892 569 quod
1922 506 1970 563 Α
1997 510 2324 569 acceperunt
2371 516 2402 555 a
2457 500 2635 555 nobis.
2696 498 2885 559 Omnis
2917 506 3061 560 enim
3098 507 3328 576 pecunia
3350 551 3364 575 ,
3402 510 3457 565 id
3489 525 3574 587 est

318 591 444 632 vere
493 575 762 637 Dominus
809 590 996 659 n‘ostcr
1048 586 1201 640 metit
1231 586 1320 641 ubi
1349 602 1457 641 non
1485 589 1807 652 seminavit,
1843 598 1898 645 et

317 679 617 742 congregat
646 673 735 727 ubi
768 689 877 729 non
908 676 1145 745 sparsit?
1178 677 1310 732 Mihi
1333 678 1435 734 hoc
1462 680 1673 736 videtur
1698 681 1750 735 in
1775 681 1897 736 loco

322 760 425 816 isto
458 766 719 832 quoniam
762 765 945 835 justus
991 769 1223 824 seminat
1252 771 1307 826 in
1336 773 1529 842 spiritu
1555 813 1570 836 ,
1606 791 1673 828 ex
1702 790 1811 844 quo
1843 784 1898 830 et

320 862 487 908 metet
515 854 680 909 vitam
716 864 972 912 aeternam
1005 860 1072 914 ⁷³.
1135 858 1328 916 Omnia
1353 872 1532 919 autem
1566 881 1685 934 quae
1717 867 1784 921 ab
1815 867 1895 922 al-

323 957 461 1014 tero,
494 949 546 1004 id
577 962 656 1006 est
683 968 713 1006 a
736 953 888 1023 justo
914 954 1052 1022 viro,
1087 958 1425 1012 seminantur
1449 970 1503 1013 et
1528 970 1803 1016 metuntur
1824 962 1892 1017 ad

316 1039 483 1095 vitam
514 1050 795 1109 teter-nam,
827 1045 977 1100 metit
1008 1044 1184 1114 Deus;
1214 1046 1306 1102 Dei
1339 1050 1482 1104 enim
1507 1060 1590 1106 est
1618 1053 1892 1122 possessio

310 1133 498 1203 justus
520 1175 535 1201 ,
565 1136 658 1206 qui
695 1137 848 1192 metit
874 1138 965 1192 ubi
995 1153 1103 1192 non
1136 1140 1253 1209 ipse
1287 1142 1616 1211 seminavit,
1664 1148 1756 1198 sed
1804 1144 1893 1199 ille

309 1226 515 1296 justus.
574 1227 986 1298 Conscquenter
1029 1239 1083 1285 ct
1130 1232 1261 1286 illud
1310 1233 1585 1299 dicemus,
1632 1237 1891 1305 quoniam

309 1316 495 1384 justus
531 1317 808 1386 dispersit,
848 1320 994 1374 dedit
1026 1323 1372 1393 pauperibus.
1416 1324 1680 1381 Dominus
1708 1337 1887 1382 autem

316 1408 372 1461 in
419 1422 522 1462 suo
561 1410 776 1480 colliget
810 1414 1062 1469 universa
1107 1424 1529 1485 quantacunque
1568 1418 1748 1488 justus
1780 1419 1891 1473 dis-

315 1499 486 1566 persit
514 1508 568 1555 et
594 1501 742 1557 dedit
775 1506 1127 1574 pauperibus.
1167 1506 1375 1563 Metens
1410 1518 1593 1564 autem
1620 1526 1741 1579 qua:
1779 1527 1886 1565 non

311 1593 620 1660 seminavit,
640 1603 691 1649 et
718 1611 1056 1668 congregans
1084 1614 1205 1667 quae
1231 1614 1338 1654 non
1364 1602 1585 1670 sparsit,
1605 1602 1707 1657 sibi
1739 1618 1881 1658 com-

313 1692 466 1753 putat
513 1697 567 1740 et
606 1687 709 1741 sibi
762 1688 1061 1745 arbitratur
1096 1707 1218 1748 esse
1262 1693 1495 1758 collata,
1549 1710 1888 1766 quaecunque

311 1778 641 1847 pauperibus
664 1780 909 1836 ﬁdelibus
939 1780 1139 1838 fuerint
1161 1785 1427 1839 seminata
1456 1787 1537 1841 vel
1562 1802 1774 1856 sparsa,
1803 1788 1887 1841 di-

1997 606 2157 646 onme
2182 591 2404 647 verbum
2435 593 2579 662 quod
2612 592 2773 648 habet
2814 596 2867 649 in
2916 610 2975 651 se
3017 597 3249 654 formam
3289 600 3384 656 Dei
3417 620 3572 677 rega-

1997 680 2125 745 lem,
2159 691 2212 738 et
2246 682 2535 754 imaginem
2574 681 2729 738 Verbi
2754 684 2893 753 ejus,
2930 685 3227 757 legitimum
3257 700 3359 746 est.
3401 691 3573 749 Num»

1997 775 2244 831 mulariis
2270 791 2399 846 ergo
2426 776 2560 832 viris
2579 777 2733 846 jubet
2763 779 2985 833 credere
3024 783 3248 837 verbum
3274 824 3288 848 ,
3316 787 3410 854 qui
3441 802 3569 857 pos-

1995 878 2126 923 sunt
2171 869 2292 938 ejus
2338 868 2561 924 reddere
2611 885 2827 925 usuras.
2894 871 3089 926 Reddit
3133 885 3314 929 autem
3365 893 3566 934 usuras

1994 958 2142 1011 verbi
2167 958 2260 1027 qui
2289 960 2482 1014 iterum
2510 959 2729 1016 festinat
2758 961 2973 1017 salvare
3004 979 3126 1016 cum
3154 979 3241 1029 eo,
3277 966 3421 1021 sicut
3448 968 3563 1037 ipse

1995 1047 2237 1103 salvatus
2283 1058 2367 1105 est
2414 1066 2431 1105 :
2478 1051 2619 1106 sicut
2666 1051 2934 1119 Andreas,
2996 1051 3209 1118 Petrus,
3257 1054 3561 1126 Philippus,

1992 1131 2314 1202 Nathanael,
2345 1135 2631 1193 Matthaeus
2668 1140 3012 1209 publicanus.
3078 1141 3144 1197 Et
3178 1143 3281 1199 hoc
3310 1158 3391 1198 est
3423 1149 3564 1217 quod

1993 1224 2124 1279 dicit
2150 1226 2442 1295 Apostolus
2467 1228 2512 1258 ⁸⁸
2545 1247 2558 1281 :
2599 1229 2730 1293 Qua:
2753 1232 2953 1285 audisti
2979 1250 3010 1285 a
3037 1249 3117 1285 me
3146 1250 3237 1302 per
3266 1235 3457 1289 multos
3488 1245 3567 1290 te-

1991 1324 2094 1369 stes
2115 1357 2129 1378 ,
2176 1316 2289 1369 lia’c
2318 1320 2623 1372 commenda
2665 1320 2909 1388 ﬁdelibus
2936 1323 3236 1376 hominibus
3264 1326 3356 1395 qui
3387 1326 3565 1380 idonei

1991 1416 2144 1459 erunt
2171 1418 2219 1460 et
2248 1408 2382 1462 alios
2413 1409 2613 1464 docere.
2660 1409 2920 1467 Similiter
2952 1424 3004 1468 et
3038 1416 3301 1470 Dominus
3328 1416 3563 1472 dicit“:

1992 1494 2161 1551 Nemo
2208 1501 2443 1553 accendit
2487 1501 2795 1571 lucernam,
2844 1512 2894 1556 et
2949 1505 3095 1573 ponit
3141 1521 3256 1558 eam
3306 1506 3401 1558 sub
3453 1523 3567 1562 mo—

1989 1586 2110 1652 dio,
2144 1588 2235 1640 sed
2265 1603 2417 1657 super
2462 1591 2872 1661 candelabrum,
2908 1603 2965 1647 ut
3006 1595 3323 1649 introeuntes
3353 1597 3565 1652 videant

1988 1677 2184 1733 lumen.

2058 1770 2145 1826 69.
2193 1771 2383 1827 Tollite
2415 1774 2478 1827 ab
2507 1792 2566 1829 eo
2597 1778 2775 1848 itaque
2804 1778 3058 1833 talentum
3082 1823 3097 1847 ,
3138 1790 3187 1835 et
3215 1781 3371 1835 detur
3394 1781 3444 1834 ei
3466 1782 3560 1852 qui

312 1882 444 1924 cens
477 1869 544 1923 ad
578 1885 671 1926 eos
699 1874 791 1941 qui
830 1874 968 1929 bene
1003 1875 1265 1945 proximis
1296 1877 1412 1932 suis
1459 1872 1701 1933 feceram
1730 1898 1744 1934 ε
1795 1879 1885 1934 γε,
1916 1865 1955 1919 Β
1983 1859 2135 1914 habet
2162 1863 2334 1916 decem
2371 1865 2566 1919 talenta
2592 1867 2658 1920 ⁸⁷.
2721 1868 2881 1924 Vides
2907 1872 3032 1940 quia
3070 1870 3274 1926 tollitur
3297 1873 3558 1927 talentum

309 1961 448 2027 nite,
500 1962 758 2017 benedicti
789 1964 966 2019 Patris
994 1967 1092 2020 mei
1118 2008 1134 2033 ,
1165 1967 1472 2024 Itwreditate
1499 1987 1711 2041 regnum
1743 1973 1882 2038 quod

309 2050 453 2105 vobis
495 2066 745 2122 paratum
795 2066 894 2111 est.
957 2056 1170 2112 Esurivi
1212 2061 1382 2127 enim,
1415 2071 1465 2115 et
1503 2062 1726 2118 dedistis
1754 2065 1882 2118 mihi

310 2145 632 2203 manducare
653 2186 669 2211 ,
703 2156 757 2202 et
798 2157 996 2204 caetera
1026 2151 1093 2206 ⁸ο.
1136 2150 1202 2205 Et
1233 2153 1361 2222 quia
1392 2154 1508 2208 vult
1550 2164 1751 2211 metere
1790 2158 1879 2211 ubi

307 2250 418 2287 non
451 2236 772 2304 seminavit,
800 2249 854 2294 et
880 2257 1211 2312 congregare
1254 2244 1343 2298 ubi
1374 2260 1481 2299 non
1508 2245 1730 2315 sparsit,
1755 2262 1877 2301 cum

306 2341 416 2380 non
448 2326 750 2394 invenerit,
782 2331 926 2387 dicet
969 2334 1035 2388 ad
1068 2349 1163 2389 eos
1194 2336 1287 2404 qui
1320 2351 1426 2390 non
1457 2336 1805 2405 prwbuerunt
1830 2339 1879 2395 ei

304 2428 510 2473 metere
536 2430 589 2475 et
614 2436 941 2493 congregare
976 2443 989 2478 :
1024 2424 1288 2479 Discedite
1313 2445 1341 2480 a
1375 2444 1474 2493 me,
1506 2428 1793 2496 maledicti,
1825 2431 1880 2483 in

305 2506 477 2578 ignem
500 2500 764 2565 'a’ternum
789 2553 805 2580 ,
856 2530 1005 2583 quem
1030 2517 1348 2585 praeparavit
1382 2514 1547 2571 Pater
1588 2535 1731 2575 meus
1759 2521 1878 2573 dia-

307 2597 426 2652 bolo
458 2609 509 2653 et
537 2603 734 2671 angelis
762 2604 897 2673 ejus.
963 2605 1174 2661 Esuriri
1212 2609 1387 2674 enim,
1438 2618 1488 2662 et
1527 2626 1628 2664 non
1662 2610 1878 2664 dedistis

306 2691 438 2743 mihi
471 2693 793 2750 manducare
813 2739 828 2764 ,
861 2706 916 2751 et
947 2712 1140 2753 caetera
1168 2699 1234 2753 ⁸³.
1292 2698 1429 2754 Nam
1468 2708 1523 2756 et.
1560 2716 1686 2756 vere
1711 2702 1876 2756 durus

304 2791 408 2846 cst,
433 2785 733 2840 secundum
760 2789 901 2857 quod
927 2790 1003 2844 ait
1029 2789 1388 2860 Mattbaeus”,
1411 2800 1468 2848 et
1499 2801 1763 2858 austeras,
1785 2809 1876 2850 se-

301 2877 542 2931 cundum
569 2880 713 2948 quod
747 2881 824 2934 ait
851 2880 1029 2938 Lucas
1059 2884 1125 2938 υ.
1188 2882 1293 2940 Sed
1322 2884 1405 2939 his
1434 2886 1526 2954 qui
1564 2886 1875 2941 miscricor-

302 2968 393 3024 dia
421 2968 514 3025 Dei
542 2972 841 3028 abutuntur
891 2976 959 3030 ad
1008 2976 1389 3046 negligentiam
1436 2993 1630 3043 suam,
1669 2994 1777 3032 non
1804 2977 1875 3033 ad

301 3061 770 3118 conversationem
799 3080 981 3129 suam,
1009 3066 1152 3119 sicut
1183 3066 1257 3119 ait
1290 3066 1582 3135 Apostolus
1616 3067 1662 3098 ⁸⁵
1689 3085 1703 3120 :
1748 3065 1877 3120 Vide

301 3148 587 3206 sanitatem
617 3153 712 3208 Dei
742 3166 790 3209 et
819 3157 1171 3221 severitatem,
1206 3157 1259 3211 in
1285 3171 1379 3212 eos
1408 3158 1627 3228 quidem
1662 3159 1754 3228 qui
1785 3173 1872 3213 ce-

297 3245 546 3300 ciderunt
581 3248 947 3313 severitatem,
983 3249 1036 3303 in
1073 3257 1122 3303 te
1149 3258 1327 3303 autem
1356 3249 1649 3305 bonitatem
1679 3250 1721 3305 si
1748 3266 1872 3320 per-

299 3338 570 3393 manseris
621 3338 673 3392 in
730 3338 993 3394 bonitate.
1066 3338 1171 3405 Qui
1222 3340 1368 3395 enim
1420 3341 1619 3394 bonum
1665 3342 1876 3410 jodicat

298 3428 491 3496 Deum,
527 3430 754 3487 credens
776 3431 1165 3501 indulgentiam
1197 3432 1444 3499 accipere
1476 3433 1521 3487 si
1555 3432 1715 3488 luerit
1739 3449 1873 3489 con-

295 3529 491 3571 versus
515 3517 579 3571 ad
603 3533 751 3583 eum,
782 3518 856 3572 illi
887 3519 1064 3574 bonus
1093 3529 1176 3574 est
1208 3519 1368 3575 Deus.
1427 3520 1528 3587 Qui
1554 3533 1732 3577 autem
1759 3524 1874 3578 exi-

296 3608 483 3663 stimat
513 3624 636 3664 eum
668 3609 747 3664 sic
774 3610 1000 3677 bonum,
1049 3620 1109 3665 ut
1135 3612 1303 3684 886
1330 3629 1437 3666 non
1465 3627 1617 3669 curet
1649 3615 1713 3669 de
1743 3631 1872 3685 pec-

297 3701 439 3755 catis
471 3708 808 3770 pcecantium
831 3742 846 3767 ,
880 3704 954 3756 illi
987 3718 1095 3757 non
1128 3714 1210 3758 est
1239 3705 1412 3758 bonus
1439 3703 1611 3768 Deus,
1654 3706 1747 3761 sed
1773 3722 1871 3762 au-

297 3802 498 3849 steros.
564 3791 758 3850 Zelans
807 3802 891 3850 est
941 3795 1085 3850 enim
1123 3812 1287 3866 super
1327 3806 1547 3866 peccata
1584 3798 1869 3854 hominum

295 3888 765 3943 contemnentium
812 3904 891 3943 se.
953 3887 1156 3943 Tamen
1207 3891 1362 3959 quasi
1390 3890 1609 3946 Christo
1637 3902 1870 3949 metente

294 3994 420 4049 quae
462 3978 570 4033 non
620 3979 1045 4044 seminavimus,
1094 3989 1149 4035 et
1181 3989 1542 4052 congregantc
1588 3998 1710 4053 quae
1757 4000 1869 4039 non

296 4071 635 4139 sparsimus,
684 4070 1017 4127 scminemus
1065 4070 1120 4126 in
1163 4072 1392 4142 spiritu,
1443 4082 1498 4128 et
1548 4089 1868 4146 spargamus

294 4161 661 4232 pauperibus,
703 4172 755 4214 et
789 4161 1049 4215 talentum
1100 4161 1193 4216 Dei
1226 4179 1332 4217 non
1379 4164 1779 4221 abscondamus
1812 4166 1866 4220 in

294 4259 462 4306 terra.
522 4249 632 4306 Nec
654 4252 798 4305 enim
828 4252 1003 4307 bonus
1038 4253 1350 4323 bujusmodi
1379 4255 1542 4309 timor
1564 4296 1578 4321 ,
1609 4271 1709 4309 nec
1734 4256 1869 4310 libe-

293 4353 381 4399 rat
429 4358 532 4398 nos
580 4344 702 4398 talis
750 4342 914 4398 timor
964 4345 1033 4399 ab
1076 4346 1440 4401 exterioribus
1486 4347 1722 4403 tenebris
1761 4347 1867 4403 illis

293 4452 420 4492 cum
469 4435 735 4491 fuerimus
776 4434 1019 4489 damnati
1071 4436 1227 4504 quasi
1264 4436 1388 4490 mali
1420 4437 1561 4492 servi
1607 4446 1661 4493 et
1704 4439 1862 4509 pigri.

1985 1967 2015 2005 a
2051 1953 2195 2007 malo
2225 1970 2384 2009 servo
2409 1965 2463 2011 et
2494 1959 2648 2029 pigro
2669 2000 2683 2026 ,
2725 1970 2778 2014 et
2801 1961 2962 2015 datur
2988 1962 3036 2016 ei
3065 1964 3157 2032 qui
3185 1963 3345 2018 habet
3367 1964 3557 2019 decent

1987 2044 2208 2098 talenta.
2278 2043 2565 2111 Quomodo
2612 2058 2792 2103 autem
2841 2051 3048 2106 tollitur
3092 2052 3162 2106 ab
3200 2052 3382 2122 aliquo
3409 2052 3556 2123 quod

1983 2134 2169 2188 datum
2200 2135 2377 2192 fuerat
2405 2139 2478 2206 ei,
2512 2147 2565 2194 et
2591 2142 2748 2195 alteri
2784 2142 2944 2196 datur
2974 2143 3110 2198 bene
3137 2145 3337 2214 agenti,
3370 2154 3431 2200 ut
3460 2145 3557 2201 ha-

1982 2228 2107 2284 beat
2136 2230 2297 2285 etiam
2332 2232 2449 2287 haec
2473 2248 2637 2302 super
2674 2233 2763 2287 illa
2790 2250 2911 2303 quae
2941 2236 3253 2305 acquisivit,
3282 2253 3388 2290 non
3416 2239 3555 2292 satis

1983 2318 2138 2374 facile
2164 2330 2248 2376 est
2273 2323 2546 2392 explicare
2581 2341 2594 2378 :
2630 2330 2807 2379 tamen
2839 2327 3099 2394 possibile
3122 2336 3223 2383 est.
3281 2326 3553 2391 Quoniam

1982 2413 2070 2482 qui
2101 2413 2356 2469 idoneum
2402 2415 2534 2470 facit
2560 2414 2615 2468 in
2651 2416 2835 2486 aliquo
2866 2433 3088 2472 sensum
3130 2420 3183 2473 in
3211 2419 3553 2491 dogmatibus

1982 2505 2228 2560 veritatis
2250 2547 2266 2573 ,
2301 2515 2477 2576 potest
2511 2524 2611 2565 sua
2635 2509 2918 2564 divinitate
2951 2508 3095 2565 Deus
3119 2511 3373 2567 auferens
3404 2512 3554 2567 snﬁi-

1981 2597 2231 2651 cientiam
2263 2598 2330 2651 ab
2358 2613 2424 2652 eo
2453 2598 2545 2668 qui
2579 2600 2786 2670 pigrius
2809 2617 2871 2655 ea
2897 2612 2981 2657 est
3006 2618 3140 2657 usus
3160 2644 3174 2668 ,
3207 2605 3335 2658 dare
3376 2605 3427 2659 ci
3458 2605 3555 2675 qui
3646 2598 3650 2603 ’

1979 2701 2097 2741 eam
2130 2689 2530 2759 multiplicavit.
2602 2689 2759 2745 Omni
2790 2693 2930 2745 enim
2974 2692 3186 2746 habenti
3219 2693 3470 2761 dabitur,
3503 2706 3554 2748 et

1980 2779 2305 2845 abundabit;
2340 2782 2403 2834 ab
2433 2798 2492 2835 eo
2521 2792 2694 2836 autem
2729 2784 2819 2852 qui
2846 2785 3161 2851 "Ott/101181,
3207 2796 3256 2838 et
3286 2786 3422 2856 quod
3454 2785 3553 2839 Ita-

1980 2869 2058 2923 bet
2090 2873 2363 2940 auferetur
2390 2876 2454 2926 ab
2493 2888 2552 2925 eo
2577 2871 2643 2926 ⁸⁸.
2707 2872 2908 2944 Utputa
2929 2916 2946 2942 ,
2997 2876 3156 2931 ﬁdem
3187 2877 3406 2931 habenti
3432 2892 3556 2946 qua:

1977 2970 2060 3014 est
2092 2977 2157 3016 ex
2184 2964 2374 3030 nobis,
2406 2964 2625 3020 dabitur
2656 2967 2829 3037 gratia
2860 2966 2979 3021 ﬁdei
3009 2982 3131 3037 qua:
3159 2974 3241 3021 est
3270 2981 3367 3035 per
3391 2967 3554 3037 spiri-

1980 3062 2092 3107 tum
2124 3053 2281 3121 ﬁdei,
2312 3065 2366 3110 ct
2395 3056 2726 3125 abundabit;
2771 3070 2824 3113 et
2852 3058 3115 3129 quidquid
3147 3057 3398 3112 habuerit
3426 3059 3553 3129 quis

1975 3162 2042 3201 ex
2070 3148 2302 3202 naturali
2335 3149 2643 3215 creatione,
2687 3165 2810 3204 cum
2839 3149 3144 3206 exercuerit
3186 3165 3309 3205 cum
3342 3148 3547 3222 [illud],

1976 3240 2173 3309 accipit
2199 3240 2265 3293 ad
2303 3239 2402 3313 [id]
2439 3243 2615 3311 ipsum
2645 3250 2699 3296 et
2724 3257 2788 3297 ex
2834 3243 3005 3314 gratia
3039 3241 3167 3306 Dei,
3218 3252 3278 3296 ut
3310 3243 3550 3297 abundet

1973 3341 2028 3388 et
2054 3333 2261 3387 ﬁrmior
2289 3334 2360 3388 sit
2388 3334 2440 3388 in
2470 3349 2536 3389 eo
2562 3335 2681 3404 ipso
2729 3336 2873 3405 quod
2906 3336 3087 3390 habet.
3151 3333 3272 3389 Non
3305 3335 3447 3388 enim
3481 3336 3551 3389 de

1974 3428 2239 3499 sapientia
2290 3428 2405 3482 sola
2431 3469 2445 3494 ,
2481 3428 2574 3483 sed
2608 3428 2675 3482 de
2706 3427 2856 3483 omni
2902 3428 3101 3482 virtute
3137 3428 3547 3498 intelligendum

1973 3529 2057 3575 est
2086 3510 2247 3575 nobis
2295 3520 2439 3588 quod
2490 3520 2566 3574 ait
2612 3520 2867 3574 Salomon
2899 3520 2944 3553 ⁸⁸
2975 3537 2989 3574 :
3046 3519 3114 3573 Et
3145 3522 3191 3576 si
3220 3522 3384 3591 fuerit
3428 3527 3548 3595 quis

1972 3613 2233 3683 perfectus
2266 3614 2405 3666 inter
2430 3611 2570 3681 ﬁlios
2600 3612 2891 3678 hominum,
2914 3612 2961 3666 si
2989 3613 3217 3682 abfuerit
3248 3614 3313 3666 ab
3346 3614 3438 3667 illo
3461 3632 3549 3669 sa-

1971 3705 2166 3774 pientia
2197 3714 2312 3769 tua,
2341 3703 2395 3756 in
2429 3702 2651 3755 nihilum
2684 3700 3034 3771 reputabitur.
3095 3701 3186 3757 Sic
3212 3710 3265 3757 et
3301 3704 3393 3773 qui
3423 3718 3546 3772 per-

1970 3797 2146 3852 fectus
2170 3795 2333 3850 fuerit
2370 3794 2423 3848 in
2457 3793 2724 3857 castitate,
2753 3800 2847 3846 aut
2878 3792 2931 3846 in
2958 3789 3171 3861 jnstitia
3193 3833 3208 3858 ,
3244 3803 3338 3847 aut
3370 3793 3424 3846 iu
3451 3808 3544 3847 ve-

1971 3887 2153 3954 ritate,
2209 3895 2304 3942 aut
2357 3885 2575 3955 pietate,
2613 3898 2721 3937 non
2751 3882 2916 3937 fuerit
2959 3891 3140 3937 autem
3167 3883 3217 3936 ei
3249 3890 3343 3937 aut
3370 3884 3542 3938 casti-

1971 3989 2088 4043 tas,
2124 3988 2219 4033 aut
2256 3977 2502 4048 justitia,
2554 3984 2648 4030 aut
2673 3975 2867 4040 virtus,
2913 3984 3009 4028 aut
3041 3973 3216 4043 pietas
3244 3990 3365 4044 qua:
3394 3975 3543 4031 venit

1968 4088 2035 4127 ex
2084 4070 2254 4141 gratia
2306 4068 2439 4134 Dei,
2495 4068 2551 4121 in
2598 4067 2830 4134 nihilum
2886 4076 3169 4136 reputatur
3228 4067 3541 4137 bujusmodi

1971 4163 2154 4215 homo.
2206 4158 2501 4229 Pr0ptcrea
2533 4156 2578 4212 si
2610 4156 2861 4211 volumus
2894 4165 2950 4210 ut
2987 4157 3146 4211 detur
3176 4158 3333 4212 nobis
3362 4158 3542 4214 virtus

1968 4255 2277 4325 perfectior,
2312 4262 2366 4306 et
2395 4252 2633 4306 abundet
2660 4251 2713 4305 in
2740 4252 2918 4316 nobis,
2954 4251 3095 4320 quod
3128 4250 3425 4320 perlectum
3456 4257 3543 4306 es:

1969 4347 2110 4400 inter
2156 4344 2400 4400 homines
2451 4359 2545 4413 per
2576 4342 2906 4412 diligentiam
2941 4342 3257 4397 omnimodo
3281 4341 3538 4411 acquira-

1969 4451 2119 4502 mus;
2151 4446 2203 4488 et
2246 4445 2533 4503 p0stquam
2562 4433 3000 4502 acquisierimus,
3031 4433 3188 4503 quasi
3231 4432 3537 4504 intelligen-

294 4528 421 4583 Mali
448 4527 689 4597 quidem,
739 4526 868 4595 quia
898 4542 1005 4581 non
1039 4542 1230 4582 sumus
1264 4528 1350 4582 usi
1398 4530 1618 4598 probata
1649 4530 1736 4584 illa
1771 4546 1866 4600 pe-
1895 4549 1939 4603 ι)
1970 4537 2049 4582 tes
2082 4527 2339 4597 quoniam
2377 4527 2430 4579 in
2457 4525 2685 4579 nihilum
2712 4525 2828 4579 haec
2862 4533 3180 4594 reputantur
3209 4525 3327 4580 sine
3357 4526 3534 4593 gratia

292 4620 456 4676 conia
497 4618 904 4687 Domitiicmum
936 4618 1221 4673 verborum
1267 4635 1391 4674 cum
1432 4621 1632 4689 quibus
1659 4628 1868 4688 potera-

294 4732 420 4771 mus
465 4714 729 4785 negotiari
756 4723 808 4769 et
841 4713 1111 4769 discutere
1148 4711 1576 4767 Christianitatis
1623 4712 1861 4781 eloquia,

295 4816 353 4862 ct
398 4807 681 4875 acquirere
728 4805 988 4861 bonitatis
1025 4804 1114 4860 Dei
1155 4804 1348 4859 altiora
1379 4803 1656 4874 mysteria.
1715 4801 1860 4874 Pigri

293 4908 510 4965 autem,
554 4895 683 4966 quia
728 4912 833 4951 non
866 4895 1067 4951 luimus
1114 4899 1317 4966 operati
1351 4911 1474 4950 cum
1508 4895 1737 4966 eloquiis
1764 4895 1859 4950 Dei

292 4994 551 5056 salutem,
582 4995 666 5050 vel
694 5002 960 5057 nostram,
994 4991 1079 5046 vel
1103 4989 1356 5054 aliorum,
1392 5004 1515 5042 eum
1543 4987 1864 5042 deberemus

295 5083 512 5138 mittere
544 5085 828 5153 pecuniam
883 5080 1094 5136 Domini
1141 5079 1347 5143 nostri,
1402 5078 1452 5131 id
1501 5087 1584 5133 est
1624 5078 1860 5147 eloquia,

294 5174 639 5230 auditoribus
661 5172 1041 5230 nummulariis
1069 5169 1161 5241 qui
1190 5168 1373 5223 omnia
1405 5175 1636 5232 tentant,
1658 5177 1713 5223 et
1737 5184 1863 5238 pro-

295 5264 460 5330 bant,
510 5274 568 5319 ut
608 5265 810 5322 bonum
842 5264 1060 5335 quidem
1093 5262 1288 5331 dogma
1323 5269 1376 5316 et
1406 5275 1590 5314 verum
1624 5267 1859 5324 teneant,

292 5356 586 5424 reprobum
613 5365 792 5411 autem
819 5366 873 5411 et
899 5354 1094 5409 falsum
1124 5352 1406 5422 repellant,
1456 5359 1518 5405 ut
1541 5366 1665 5406 cum
1697 5366 1861 5405 vene-

296 5444 369 5499 rit
418 5445 720 5512 Dominus,
752 5446 967 5515 eloquia
1017 5445 1107 5499 illa
1150 5459 1273 5513 qua:
1309 5441 1686 5496 commisimus
1734 5455 1857 5504 nos,

294 5553 421 5593 cum
453 5538 631 5594 usuris
661 5539 908 5615 recipiat,
930 5545 984 5592 et
1012 5552 1134 5591 cum
1160 5534 1546 5590 additamentis
1572 5534 1641 5589 ab
1661 5533 1738 5588 eis
1763 5533 1857 5603 qui

366 5672 409 5703 ⁷⁹
441 5668 616 5725 Galat.
642 5687 718 5737 vi,
753 5671 807 5726 8.

329 5743 361 5778 -ι
460 5742 504 5772 su
531 5742 572 5778 ιι
607 5739 725 5778 'ri...
773 5757 807 5778 ..

289 5741 383 5795 2'3.
460 5742 504 5772 ⁸⁸
531 5742 575 5794 ll
607 5741 721 5794 Tim

288 5812 333 5845 ἰ
364 5813 385 5865 ι
412 5808 551 5867 Tini.
576 5827 614 5865 ιι
670 5812 721 5866 8.

899 5671 945 5703 ιο
972 5668 1163 5743 nanti.
1205 5682 1343 5731 xxv,
1373 5667 1462 5743 ss,
1494 5665 1583 5743 ss,
1607 5666 1701 5743 ηοι
1737 5664 1869 5743 ibid.

1989 5663 2130 5730 με.
2155 5664 2259 5743 η
2285 5663 2533 5743 ῇὶρὶάλβὸ.
2558 5663 2667 5743 ηεξ
2700 5663 2831 5712 Luc.
2861 5674 2974 5743 ιιι,
3162 5663 3411 5743 :‘Jﬂom.
3443 5670 3501 5743 ξι

460 5742 504 5772 ⁸⁸
531 5742 575 5794 ll
607 5726 747 5796 Tim.
773 5757 834 5810 ιι,
866 5740 921 5797 2.
997 5740 1045 5775 ”
1066 5737 1200 5796 Luc.
1226 5726 1345 5804 vni,
1374 5726 1460 5793 ιιιζ
1536 5736 1579 5767 ⁸⁷
1605 5734 1793 5791 Matth.
1822 5752 1875 5789 xi

1979 5726 2066 5789 es.
2154 5732 2199 5765 οε
2226 5731 2358 5788 ibid.
2393 5732 2484 5788 29.
2557 5730 2603 5764 εν
2632 5729 2759 5799 Sap.
2797 5744 2870 5795 ιι,
2903 5729 2958 5785 6.
3004 5728 3081 5760 ·οο
3115 5726 3133 5781 l
3162 5726 3310 5783 Petr.
3352 5742 3422 5796 ν,
3469 5726 3524 5787 ti.

1971 4614 2101 4680 Dei,
2157 4613 2509 4668 hutniliemus
2568 4613 2932 4683 nosmetipsos
2993 4616 3098 4668 sub
3149 4628 3313 4668 manu
3354 4614 3533 4669 valida

1970 4703 2062 4758 Dei
2091 4704 2135 4736 9°
2157 4743 2172 4767 ,
2205 4712 2258 4757 et
2286 4718 2507 4758 oremus
2535 4702 2647 4756 sine
2691 4702 2774 4755 ira
2824 4710 2873 4755 et
2907 4701 3281 4772 disceptatione
3305 4703 3533 4758 levantes

1963 4813 2125 4866 puras
2164 4812 2350 4849 manus
2377 4794 2421 4827 ’ί
2447 4836 2462 4861 ,
2490 4802 2547 4848 ιιι
2574 4794 2819 4848 omnium
2854 4795 3120 4849 honorum
3154 4810 3276 4866 quas
3319 4805 3448 4850 sunt
3477 4796 3531 4849 in

1966 4887 2124 4941 nobis
2147 4885 2408 4956 perfectio
2431 4884 2587 4939 detur
2614 4899 2680 4938 ex
2711 4883 2843 4949 Deo,
2871 4894 2924 4939 ct
2951 4884 3111 4939 faciat
3136 4900 3235 4940 nos
3261 4885 3531 4955 perfectos

1966 4989 2019 5033 et
2052 4977 2409 5047 acceptabiles
2436 4973 2543 5030 Deo
2571 4974 2728 5044 quasi
2755 4974 2897 5029 ﬁlios
2933 4973 3047 5029 Dei.
3090 4974 3193 5029 Iste
3223 4984 3404 5028 autem
3433 4973 3530 5043 qui

1968 5088 2134 5127 unum
2173 5076 2455 5139 acccperat
2493 5067 2751 5120 talentum
2799 5076 2853 5120 et
2879 5067 3236 5121 absconderat
3264 5066 3440 5134 ipsum
3471 5063 3530 5118 in

1967 5175 2128 5228 terra,
2157 5178 2263 5216 non
2294 5160 2467 5215 solum
2493 5158 2647 5228 quasi
2681 5156 2856 5214 malus
2884 5167 2937 5211 et
2965 5158 3115 5228 piger
3138 5158 3403 5226 arguitur,
3433 5154 3529 5211 sed

1965 5255 2120 5325 quasi
2171 5252 2376 5307 inutilis
2422 5252 2654 5305 mittitur
2687 5250 2739 5303 in
2771 5249 3024 5304 tenebras
3056 5248 3349 5302 exteriores
3370 5287 3385 5313 ,
3434 5244 3528 5300 ubi

1966 5345 2114 5401 nulla
2154 5340 2476 5398 illuminatio
2507 5350 2619 5409 est,
2667 5340 2891 5396 forsitan
2918 5333 3027 5395 nec
3045 5337 3353 5408 corporalis
3377 5380 3391 5404 ,
3427 5354 3528 5391 nec

1961 5446 2043 5492 est
2073 5432 2355 5503 respectiov
2379 5430 2471 5486 Dei
2502 5432 2610 5485 illic
2632 5473 2646 5498 ,
2695 5431 2787 5486 sed
2838 5430 2992 5500 quasi
3044 5428 3249 5499 indigni
3281 5429 3529 5496 specula-

1963 5528 2110 5583 tione
2150 5524 2242 5579 Dei
2289 5523 2380 5594 qui
2421 5523 2549 5577 talia
2579 5532 2973 5592 peccaverunt,
3009 5519 3444 5576 condemnantur
3470 5518 3528 5573 in
3566 5546 3575 5590 ι

2215 5664 2259 5695 ⁸³
2286 5662 2415 5718 ibid.
2441 5663 2533 5718 24.
2621 5659 2667 5691 ⁸³
2700 5658 2831 5712 Luc.
2861 5674 2974 5725 nx,
3007 5657 3096 5711 2t.
3171 5655 3217 5688 ⁸⁸
3252 5655 3411 5711 Rom.
3443 5670 3523 5718 ιι.
