4004 6540
520 381 648 433 17H

1721 376 2043 435 ORICENIS
2083 373 2148 429 IN
2189 372 2607 430 MATTIM‘IUM

3643 373 3777 428 i713

517 497 602 550 his
652 511 773 566 (ιιιαι
820 496 1116 550 exteriores
1165 496 1398 550 tenehra:
1441 496 1778 566 appellantur
1816 515 1826 549 :
1868 495 2094 549 forsitan
2128 499 2169 554 Λ
2201 493 2597 546 rationabiliter
2626 491 2956 563 intelligere,
3003 495 3230 549 multam
3265 494 3593 566 sapientiam
3630 493 3778 546 inve-

521 590 697 645 donec
733 591 1148 656 intellexerunt,
1185 600 1241 643 ut
1287 598 1669 645 convertantur
1711 598 1764 644 et
1808 589 1952 656 digni
1983 588 2095 642 eili-

518 680 732 734 ciantur
755 681 903 734 exire
938 681 1006 735 ab
1031 680 1110 735 eis
1140 699 1153 734 :
1184 680 1409 735 forsitan
1440 690 1493 736 et
1530 688 1748 750 propter
1773 682 1933 734 aliam
1967 696 2097 734 cau-

518 785 635 825 sam
679 786 842 840 quam
891 786 990 826 nos
1039 771 1398 842 ignoramus:
1442 771 1699 842 quoniam
1737 771 1966 841 legimus
1993 771 2095 825 ali-

517 881 678 934 quem
735 863 829 934 qui
877 863 979 918 fuit
1031 874 1154 918 ante
1201 879 1302 920 nos
1351 874 1703 934 exponentem
1752 865 1820 920 de
1859 865 2096 921 tenebris

519 957 722 1028 abyssi,
741 965 794 1010 et
819 956 1086 1012 dicentem
1116 958 1372 1028 quoniam
1398 958 1626 1028 abyssus
1652 968 1734 1013 est
1755 966 1907 1012 extra
1938 975 2097 1012 mun-

518 1048 646 1101 dum
683 1047 817 1104 foris
845 1064 899 1106 et
926 1049 1178 1104 tenebrze.
1243 1049 1667 1106 Consideremus
1694 1065 1824 1122 ergo
1856 1051 1901 1105 si
1920 1059 2098 1121 potest

520 1155 646 1194 vera
682 1155 802 1196 esse
830 1141 1098 1210 expositio
1124 1141 1262 1210 ejus,
1282 1152 1343 1196 ut
1370 1141 1664 1197 exteriores
1695 1142 1946 1197 tenebras
1975 1141 2096 1197 illas

520 1231 906 1301 intelligamus,
959 1241 1017 1286 ut
1061 1233 1282 1302 quidam
1331 1233 1487 1302 quasi
1517 1232 1720 1300 indigni
1748 1241 1861 1287 toto
1891 1233 2096 1287 mundo

522 1322 575 1375 in
613 1321 870 1391 abyssum
915 1323 1059 1376 illam
1090 1339 1252 1393 quam
1284 1324 1374 1379 ille
1405 1326 1657 1396 exposuit
1687 1323 1833 1380 foras
1867 1325 2094 1394 ejician-

520 1423 608 1467 tur
631 1455 646 1478 ,
679 1414 732 1467 in
761 1430 870 1484 qua
899 1425 1026 1468 sunt
1059 1416 1296 1470 tenehrze
1318 1458 1332 1481 ,
1369 1417 1586 1472 nemine
1614 1432 1707 1473 eas
1737 1417 2092 1485 illuminante,

519 1521 640 1559 cum
671 1505 779 1560 sint
802 1513 954 1559 extra
989 1514 1158 1558 totum
1191 1505 1474 1560 mtmdum.

593 1593 681 1648 70.
725 1595 858 1648 Cum
895 1595 1087 1648 venerit
1130 1593 1305 1648 Filius
1329 1596 1554 1649 hominis
1600 1596 1654 1649 in
1695 1595 1864 1666 gloria
1893 1612 2012 1661 sua,
2045 1605 2095 1650 et

517 1701 692 1740 omnes
719 1687 890 1755 angeli
941 1703 1058 1739 cum
1096 1704 1176 1751 eo,
1225 1697 1346 1741 tunc
1376 1687 1570 1742 sedebit
1595 1703 1752 1756 super
1783 1689 1954 1741 sedent
1983 1686 2095 1757 gle-

517 1779 613 1834 riz
641 1795 771 1845 sum,
803 1789 851 1832 et
883 1781 1340 1849 congregabantur
1377 1790 1496 1833 ante
1533 1797 1650 1834 eum
1679 1797 1854 1835 omnes
1897 1790 2092 1852 gentes,

2201 587 2312 638 niet
2341 593 2394 638 et
2421 585 2474 638 in
2510 585 2648 640 istis.
2671 583 2735 635 Et
2765 585 3130 652 periculosum
3161 589 3380 657 quidem
3397 588 3567 642 estde
3586 586 3775 655 hujus-

2201 675 2347 730 modi
2387 676 2548 730 rebus
2591 690 2900 743 exponere,
2952 678 3044 730 sed
3097 693 3164 732 ne
3208 688 3428 748 propter
3470 677 3776 732 intellectus

2198 769 2568 824 difficultatem
2596 769 2808 838 plenius
2833 778 3071 825 tacentes
3094 771 3545 839 derelinquamus
3567 785 3663 824 eos
3686 771 3774 838 qui

2199 869 2490 914 moventur
2517 860 2572 913 in
2604 859 2723 914 istis
2749 859 2814 913 ad
2847 857 3242 927 ﬂuctuandum,
3271 875 3444 931 pauca
3468 861 3540 915 de
3568 859 3775 923 multis,

2199 950 2499 1006 secundum
2525 951 2674 1020 quod
2704 950 2963 1020 possibile
2984 959 3086 1018 est,
3113 967 3474 1022 exponamus.
3509 949 3778 1006 Existimo

2197 1059 2326 1114 ergo
2361 1042 2620 1113 quoniam
2651 1045 2754 1098 erit
2777 1053 2989 1113 tempus
3013 1045 3277 1100 adventus
3299 1043 3532 1108 Christi,
3558 1043 3776 1112 quando

2199 1144 2350 1190 tanta
2384 1133 2757 1190 manifestatio
2800 1134 2985 1190 futura
3017 1145 3100 1191 est
3127 1135 3329 1191 Christi
3375 1145 3434 1191 et
3472 1135 3775 1191 divinitatis

2197 1228 2337 1298 ejus,
2371 1237 2431 1282 ut
2459 1242 2566 1281 non
2595 1227 2772 1282 solum
2798 1228 2982 1283 nullus
3007 1229 3304 1297 justorum,
3328 1229 3424 1284 sed
3449 1242 3554 1283 nec
3581 1228 3776 1297 aliquis

2197 1330 2550 1392 peccatorum
2585 1321 2796 1391 ignoret
2825 1320 3104 1376 Christum
3133 1322 3434 1377 secundum
3473 1321 3622 1390 quod
3654 1331 3736 1376 est
3759 1363 3774 1384 ,

2198 1410 2416 1480 quando
2446 1418 2500 1464 et
2545 1418 2865 1480 peccatores
2891 1423 3223 1479 cognOscent
3260 1412 3315 1466 in
3345 1421 3649 1480 conspectu
3679 1427 3776 1465 suo

2196 1516 2294 1556 sua
2344 1501 2575 1568 delicta,
2635 1509 2690 1556 et
2736 1500 2870 1571 justi
2927 1501 3215 1558 manifeste
3259 1503 3523 1557 videbunt
3567 1503 3775 1556 semina

2192 1594 2416 1665 justitia:
2443 1609 2588 1661 suae,
2622 1594 2687 1648 ad
2715 1593 2930 1662 qualem
2959 1609 3054 1649 eos
3081 1594 3433 1664 perduxerint
3477 1593 3668 1647 linem.
3708 1590 3775 1646 Et

2197 1688 2300 1742 hoc
2322 1694 2405 1740 est
2432 1687 2577 1756 quod
2603 1686 2739 1742 dixit
2765 1705 2777 1740 :
2808 1687 3276 1756 Congregabuntur
3301 1695 3422 1738 ante
3446 1701 3569 1738 eum
3592 1701 3772 1737 omnes

2197 1791 2390 1851 gentes.
2417 1779 2474 1834 Si
2497 1779 2642 1834 enim
2666 1781 2830 1836 modo
2849 1777 3069 1851 quando
3097 1792 3196 1833 nec
3217 1792 3412 1832 omnes
3434 1784 3778 1847 cognoscunt

515 1880 569 1924 et
600 1878 794 1925 caetera
822 1873 887 1923 θ’.
915 1870 1260 1926 lndiseussus
1281 1873 1500 1942 quidem
1528 1887 1708 1928 sermo
1732 1873 1947 1928 videtur
1974 1889 2092 1929 esse
2127 1840 2168 1898 Β
2195 1871 2474 1926 Christum
2503 1873 2804 1928 secundum
2836 1872 2984 1943 quod
3002 1877 3106 1935 est,
3143 1884 3243 1924 nec
3271 1868 3372 1938 ipsi
3397 1868 3493 1938 qui
3520 1868 3778 1922 videntur

517 1957 860 2021 manifestus,
889 1960 1044 2030 quasi
1075 1960 1370 2015 exhortans
1401 1961 1650 2017 homines
1675 1961 1743 2018 ad
1771 1963 2010 2018 dandum
2041 1973 2095 2019 et

515 2050 853 2120 largiendum
876 2093 890 2113 ,
944 2059 997 2106 et
1026 2061 1280 2106 avertens
1327 2053 1396 2107 ab
1425 2052 1570 2107 omni
1615 2053 2013 2110 inhumanitate
2041 2065 2096 2111 et

521 2142 796 2211 parcitate.
840 2140 1133 2196 Videamus
1160 2151 1338 2197 tamen
1370 2143 1499 2212 quid
1529 2157 1773 2212 quaerere
1791 2151 2004 2213 oportet
2039 2145 2092 2198 in

517 2248 582 2286 ro
609 2242 829 2303 propter
858 2248 952 2288 eos
986 2233 1079 2304 qui
1110 2235 1241 2288 nihil
1269 2234 1601 2290 arbitrantur
1631 2236 1775 2290 aliud
1811 2237 1864 2291 in
1895 2251 1960 2292 eo
1987 2237 2094 2292 nisi

515 2324 946 2380 exhortationem
983 2326 1356 2383 humanitatis.
1397 2325 1556 2382 Certe
1584 2329 1882 2383 secundum
1908 2339 1961 2384 et
1987 2329 2097 2398 glo-

515 2415 723 2470 riosum
769 2415 971 2472 Christi
1006 2418 1296 2473 adventum
1343 2417 1460 2474 fore
1502 2419 1670 2474 credit
1705 2419 1883 2475 omnis
1910 2419 2096 2475 Eccle-

518 2506 634 2568 sia,
683 2507 904 2576 quando
946 2517 1000 2562 et
1044 2507 1216 2563 Filius
1269 2509 1359 2564 Dei
1409 2509 1504 2580 qui
1555 2520 1870 2581 assumptus
1917 2520 2000 2567 est
2039 2514 2093 2566 in

517 2596 713 2663 gloria,
732 2597 812 2652 sic
836 2612 960 2652 cum
986 2599 1156 2669 gloria
1184 2599 1291 2655 huc
1318 2610 1618 2656 revertetur
1646 2602 1698 2655 in
1722 2601 1901 2672 specie
1923 2617 2020 2658 sua
2042 2612 2096 2658 et

516 2687 922 2760 pulchritudine
955 2705 1074 2754 sua,
1105 2698 1164 2744 ut
1189 2705 1388 2760 corpus
1414 2693 1533 2762 ejus
1558 2693 1628 2747 sit
1652 2693 1811 2762 quale
1839 2693 1940 2747 fuit
1969 2710 2091 2748 cum

518 2781 940 2840 transformalus
975 2780 1170 2838 fuisset
1207 2782 1259 2836 in
1292 2793 1476 2839 monte
1510 2799 1694 2839 coram
1723 2785 1899 2840 tribus
1928 2785 2096 2840 disci-

513 2875 658 2947 pulis
683 2877 1170 2934 coascendentibus
1186 2875 1233 2933 ei
1256 2897 1268 2932 :
1296 2884 1354 2931 nt
1370 2875 1483 2948 jam
1507 2892 1614 2933 non
1641 2867 1835 2942 tribus,
1853 2891 1953 2932 nec
1973 2875 2094 2932 aliis

515 2968 727 3037 paucis,
754 2969 846 3024 sed
880 2969 1150 3025 universis
1171 2971 1421 3041 gentibus
1445 2971 1786 3041 congregatis
1813 2978 1939 3024 ante
1967 2985 2092 3024 eum

516 3073 808 3132 appareat,
864 3071 918 3117 et
957 3063 1142 3118 sedeat
1187 3079 1349 3133 super
1402 3063 1584 3118 sedem
1634 3063 1822 3133 gloria:
1856 3076 2004 3128 sine,
2040 3070 2095 3116 et

2196 1977 2548 2032 cognoscere,
2572 1963 2752 2032 palam
2783 1979 2906 2020 eum
2933 1969 3286 2033 cognoscunt,
3319 1959 3412 2015 sed
3439 1959 3495 2013 in
3520 1958 3627 2013 ﬁde
3655 1969 3776 2013 tan-

2198 2065 2310 2109 tum
2354 2055 2560 2111 intrant
2601 2055 2852 2112 homines
2893 2055 2946 2110 in
2981 2065 3330 2124 conspectum
3375 2052 3528 2123 ejus,
3553 2052 3778 2122 quando

2197 2144 2529 2215 agnitionem
2562 2146 2682 2217 ejus
2710 2146 2986 2216 accipiunt
3007 2160 3102 2216 per
3125 2145 3304 2207 ﬁdem,
3334 2143 3481 2198 sicut
3505 2144 3774 2212 scriptu

2195 2247 2279 2293 est
2299 2257 2310 2291 :
2335 2237 2540 2292 Intrate
2556 2238 2611 2291 in
2629 2247 2903 2308 conspectu
2921 2237 3034 2306 ejus
3052 2239 3107 2290 in
3128 2234 3774 2304 exsuttatione”,quanto

2198 2331 2374 2400 magis
2418 2338 2564 2384 recte
2593 2329 2852 2384 dicuntur
2885 2343 3075 2383 omnes
3106 2336 3292 2398 gentes
3329 2334 3457 2380 ante
3481 2339 3613 2380 eum
3643 2340 3778 2380 con-

2197 2422 2484 2492 gregandte
2509 2430 2563 2476 et
2591 2420 3009 2487 constituendae,
3035 2419 3255 2489 quando
3276 2418 3459 2488 palam
3491 2416 3773 2477 omnibus,

2196 2531 2305 2573 tam
2337 2519 2498 2574 bonis
2525 2533 2686 2589 quam
2725 2517 2905 2583 malis,
2937 2526 3046 2572 tam
3071 2516 3319 2571 ﬁdelibus
3348 2529 3516 2585 quam
3541 2508 3776 2568 inﬁdeli-

2196 2612 2299 2665 bus
2345 2610 2508 2666 fuerit
2549 2609 2726 2665 factus
2771 2608 3125 2676 manifestus,
3159 2617 3284 2664 ante
3335 2608 3526 2664 oculos
3571 2606 3773 2661 mentis

2196 2715 2385 2754 eorum
2410 2699 2525 2769 jam
2555 2713 2664 2753 non
2705 2698 2827 2753 ﬁdei
2858 2708 2952 2753 aut
2985 2698 3279 2769 diligentia
3313 2697 3549 2768 alicujus
3583 2696 3773 2766 inqui-

2197 2791 2396 2846 sitione
2439 2799 2688 2861 repertus
2711 2831 2725 2855 ,
2761 2791 2854 2845 sed
2892 2791 3065 2860 ipsius
3111 2789 3412 2845 divinitatis
3441 2804 3556 2844 sua:
3586 2788 3772 2843 mani-

2195 2881 2484 2939 festatione
2514 2881 2803 2953 prolatus?
2827 2880 2945 2937 Non
2975 2883 3029 2936 in
3064 2882 3246 2952 aliquo
3274 2881 3494 2951 quidem
3522 2881 3646 2936 loco
3678 2895 3773 2951 ap-

2195 2973 2406 3041 parebit
2430 2971 2602 3027 Filius
2634 2971 2727 3027 Dei
2752 2986 2878 3026 cum
2914 2972 3124 3027 venerit
3149 2973 3202 3026 in
3236 2971 3408 3042 gloria
3440 2986 3562 3035 sua,
3597 2972 3654 3024 in
3683 2973 3771 3025 al-

2197 3073 2312 3118 tero
2338 3074 2522 3119 autem
2555 3079 2662 3118 non
2699 3063 3001 3132 apparebit,
3026 3063 3119 3118 sed
3150 3063 3289 3117 sicut
3315 3063 3430 3130 ipse
3462 3062 3770 3117 secundum

517 3164 646 3208 tunc
714 3155 1016 3224 segregabit
1083 3154 1256 3209 malos
1321 3169 1351 3208 a
1406 3155 1584 3210 bonis.
1667 3153 1858 3209 Utrum
1911 3162 2162 3237 autemc
2195 3155 2656 3225 comparationem
2695 3154 2925 3225 fulguris
2966 3155 3215 3210 exeuntis
3258 3154 3553 3208 adventum
3604 3168 3771 3208 suum

512 3260 708 3300 omnes
744 3247 812 3300 ab
844 3246 1098 3300 omnibus
1132 3249 1222 3316 qui
1259 3248 1312 3301 in
1353 3247 1607 3301 omnibus
1653 3247 2093 3318 generationibus

513 3337 680 3408 887
713 3336 952 3404 fuerint,
987 3348 1082 3393 aut
1107 3339 1210 3392 illa:
1251 3347 1464 3392 tantum
1507 3353 1627 3407 qua:
1659 3339 1712 3392 in
1743 3354 2094 3394 consumma-

515 3429 662 3482 tione
692 3428 898 3482 fuerint
929 3429 1199 3484 derelietze
1223 3468 1237 3494 ,
1269 3439 1364 3484 aut
1393 3431 1498 3485 illae
1527 3440 1736 3486 tantum
1767 3448 1888 3503 qua:
1918 3433 2094 3488 credi-

515 3519 714 3573 derunt
737 3520 790 3572 in
815 3518 982 3574 Deum
1006 3536 1101 3590 per
1125 3521 1424 3589 Christum,
1443 3533 1496 3577 et
1521 3524 1651 3593 ipsa!
1672 3534 1852 3579 utrum
1876 3539 2090 3592 omnes,

516 3625 587 3662 an
622 3626 732 3663 non
767 3625 992 3678 omnes,
1039 3627 1145 3666 non
1183 3613 1317 3667 satis
1355 3622 1440 3668 est
1477 3613 1850 3670 manifestum.
1884 3615 2089 3670 Tamen

518 3699 848 3770 quibusdam
880 3701 1092 3756 videtur
1123 3703 1189 3758 de
1215 3703 1517 3758 differentia
1550 3719 1738 3759 earum
1768 3720 1889 3776 quae
1914 3706 2091 3760 credi-

517 3789 738 3856 derunt,
764 3790 880 3845 haec
905 3804 1028 3846 esse
1053 3793 1214 3847 dicta.
1239 3791 1514 3859 Quantum
1539 3809 1668 3866 ergo
1693 3795 1760 3849 ad
1787 3796 2088 3866 simplicem

517 3888 750 3946 textum,
780 3897 880 3936 nec
904 3881 997 3952 qui
1028 3899 1058 3937 a
1088 3884 1294 3940 dextris
1316 3887 1622 3941 consistunt
1647 3886 1751 3940 alia
1777 3901 1942 3941 causa
1972 3887 2090 3940 lau-

513 3970 752 4038 dantur,
783 3981 840 4028 et
882 3973 936 4027 in
971 3986 1329 4045 praeparatum
1365 3993 1593 4046 regnum
1625 3987 1891 4032 vocantur
1914 4017 1929 4042 ,
1981 3977 2087 4032 nisi

515 4072 740 4134 propter
769 4064 941 4119 solam
985 4066 1418 4134 humanitatem;
1454 4082 1553 4123 nec
1576 4068 1670 4137 qui
1704 4076 1831 4122 sunt
1879 4085 1910 4122 a
1954 4068 2088 4123 sini-

518 4153 649 4208 stris
699 4153 804 4208 alia
851 4169 1018 4210 causa
1073 4155 1484 4212 confunduntur
1536 4167 1591 4212 et
1646 4156 1977 4228 deputantur
2031 4159 2084 4212 in

517 4244 697 4314 ignem
721 4286 737 4310 ,
776 4245 882 4300 nisi
913 4259 1134 4316 propter
1159 4249 1628 4303 inhumanitatem.
1657 4248 1797 4315 Quid
1821 4251 1994 4320 ergo?
2028 4249 2084 4305 Si

516 4334 604 4388 isti
635 4335 728 4404 qui
761 4337 984 4391 humani
1022 4337 1245 4394 fuerunt
1295 4340 1440 4394 circa
1471 4340 1699 4395 virtutes
1728 4349 1953 4396 exteras
1985 4355 2084 4395 ne-

515 4424 779 4492 gligentes
805 4425 1045 4494 fuerunt,
1067 4438 1470 4498 consequentur
1493 4431 1619 4484 talia
1640 4430 1756 4484 haec
1781 4430 2085 4499 promissa?

2194 3247 2367 3302 voluit
2417 3247 2824 3312 demonstrare,
2859 3246 3046 3302 dicens
3068 3246 3114 3280 ο*
3148 3265 3162 3300 :
3203 3245 3264 3300 Si
3302 3245 3537 3299 dixerint
3583 3246 3772 3300 nobis:

2194 3338 2329 3393 Ecce
2360 3339 2415 3391 in
2446 3339 2649 3392 deserto
2670 3377 2686 3404 ,
2733 3337 2897 3392 nolite
2924 3340 3106 3401 exire;
3145 3354 3259 3392 ecce
3289 3338 3344 3391 in
3376 3337 3535 3391 domo
3557 3380 3575 3402 ,
3609 3339 3773 3392 nolite

2193 3432 2402 3486 credere
2433 3431 2622 3486 :sicut
2647 3432 2785 3485 enim
2818 3431 3000 3501 fulgur
3042 3431 3309 3501 egreditur
3340 3430 3406 3483 ab
3441 3430 3679 3493 oriente,
3720 3440 3768 3483 et

2191 3533 2411 3593 apparet
2442 3539 2604 3591 usque
2633 3523 2703 3576 ad
2728 3523 3075 3586 occidentem,
3116 3522 3193 3574 sic
3223 3522 3324 3574 erit
3351 3520 3608 3574 adventus
3642 3518 3769 3572 Filii

2189 3615 2437 3668 hominis.
2473 3611 2628 3669 Sicut
2655 3615 2798 3670 enim
2822 3613 3004 3684 fulgur
3033 3613 3316 3683 egrediens
3343 3611 3414 3665 ab
3444 3612 3692 3676 oriente,
3716 3619 3768 3665 et

2189 3712 2470 3774 propterea
2499 3702 2647 3774 quod
2675 3703 2860 3757 omnia
2888 3703 3094 3772 implet,
3119 3713 3340 3772 apparet
3371 3717 3549 3770 usque
3578 3701 3646 3755 ad
3675 3716 3765 3755 oe-

2195 3797 2486 3860 cidentem,
2525 3797 2606 3852 sic
2635 3811 2760 3852 cum
2791 3796 3002 3850 venerit
3040 3795 3294 3849 Christus
3330 3794 3382 3847 in
3415 3793 3590 3864 gloria
3630 3809 3724 3849 sua
3747 3833 3762 3858 ,

2189 3897 2580 3959 preptereaque
2622 3888 2823 3957 ubique
2868 3885 3088 3940 futurus
3130 3893 3244 3948 est,
3279 3896 3333 3938 et
3361 3884 3482 3954 ipse
3533 3885 3588 3938 in
3633 3901 3762 3940 con-

2189 3989 2374 4050 spectu
2407 3978 2651 4034 omnium
2679 3978 2782 4032 erit
2816 3977 3039 4048 ubique,
3069 3983 3124 4030 et
3147 3990 3336 4031 omnes
3366 3976 3578 4046 ubique
3604 3986 3760 4031 erunt

2188 4071 2241 4124 ln
2269 4079 2563 4140 conspectu
2589 4069 2782 4139 ipsius,
2805 4078 2858 4123 et
2881 4069 2960 4123 sic
2987 4067 3387 4122 constituentur
3418 4077 3550 4121 ante
3583 4065 3760 4121 sedem

2187 4163 2370 4232 gloriae
2396 4162 2550 4231 ejus,
2581 4161 2684 4215 hoc
2734 4168 2819 4214 est
2859 4168 2985 4212 ante
3023 4172 3248 4227 regnum
3282 4155 3404 4224 ejus
3441 4165 3497 4210 et
3530 4164 3763 4225 potesta-

2189 4263 2292 4308 tem
2323 4250 2712 4307 dominationis
2737 4249 2932 4320 ipsius.
2959 4247 3128 4302 Sedes
3151 4255 3329 4301 autem
3351 4245 3474 4314 ejus
3497 4256 3595 4300 aut
3621 4255 3760 4302 certe

2187 4347 2410 4417 quidam
2437 4343 2790 4415 perfectiores
2817 4352 3129 4397 sanctorum
3166 4339 3445 4405 dicuntur,
3475 4337 3543 4392 de
3565 4339 3757 4408 quibus

2187 4439 2449 4508 scriptum
2476 4446 2560 4492 est
2584 4437 2630 4468 ⁸⁵
2665 4454 2678 4489 :
2717 4435 2980 4500 Quoniam
3015 4432 3128 4486 illic
3149 4431 3395 4485 sederunt
3416 4431 3566 4484 sedes
3599 4432 3655 4484 in
3670 4432 3758 4498 ju-

516 4523 609 4567 aut
632 4514 708 4568 illi
732 4517 825 4585 qui
853 4533 959 4571 non
986 4517 1206 4574 fuerunt
1227 4521 1474 4588 humani,
1497 4520 1542 4575 si
1573 4521 1708 4576 alias
1728 4522 2086 4591 impleverunt
2115 4523 2158 4579 D
2187 4531 2328 4584 dicio
2355 4546 2372 4594 ;
2401 4537 2496 4582 aut
2520 4527 2768 4598 quasdam
2795 4526 3025 4580 virtutes
3047 4523 3321 4595 angelice,
3351 4523 3418 4577 de
3444 4523 3653 4592 quibus
3674 4523 3755 4577 die

515 4603 767 4670 virtutes,
798 4609 1068 4662 maledicti
1099 4620 1260 4665 erunt
1291 4613 1534 4679 omnino,
1566 4623 1620 4669 et
1646 4614 1700 4668 in
1730 4614 1908 4684 ignem
1957 4626 2085 4669 sunt

517 4695 935 4762 condemnandi,
964 4707 1018 4753 et
1046 4701 1149 4756 hoc
1177 4718 1300 4758 cum
1325 4704 1445 4775 ipso
1468 4705 1684 4761 diabolo
1712 4706 1735 4759 ?
1767 4704 1928 4762 Vides
1952 4723 2083 4778 ergo

515 4785 640 4853 quia
698 4790 1064 4846 necessariam
1119 4793 1279 4850 habet
1327 4798 1647 4865 sapientiam
1697 4815 1896 4856 sermo.
1948 4801 2080 4856 Item

515 4877 856 4932 tractandum
886 4888 967 4935 est
991 4891 1172 4938 utrum
1204 4885 1256 4940 in
1280 4886 1400 4942 loco
1427 4887 1643 4945 futurus
1673 4900 1757 4946 est
1785 4891 2082 4948 Salvatoris

513 4967 779 5024 adventus
809 4969 862 5023 in
906 4973 1134 5042 gloriam
1163 5017 1177 5042 ,
1213 4992 1282 5031 an
1311 4979 1538 5035 alteram
1569 4982 1958 5052 expositionem
1990 4986 2083 5040 de-

512 5061 705 5117 bemus
738 5066 1044 5134 exquirere.
1084 5067 1220 5134 Quis
1260 5072 1406 5126 enim
1438 5073 1542 5128 erit
1573 5073 1726 5130 locus
1755 5075 1863 5141 ille,
1895 5083 1955 5129 ut
1986 5091 2079 5130 ca-

511 5153 626 5221 piat
648 5154 702 5207 in
730 5170 840 5209 uno
869 5168 1091 5226 aspectu
1118 5168 1172 5213 et
1194 5175 1385 5217 omnes
1409 5164 1629 5234 angelos
1654 5166 1932 5220 venientes
1956 5181 2078 5220 cum

510 5247 732 5304 Christo
776 5259 830 5305 et
875 5265 1065 5308 omnes
1109 5265 1294 5324 gentes
1328 5257 1437 5312 illic
1467 5259 1865 5329 congregatas?
1893 5257 1959 5313 Et
2014 5259 2081 5312 de

511 5339 638 5393 sede
655 5341 839 5409 gloria:
856 5343 974 5412 ejus
995 5346 1125 5414 quid
1150 5355 1234 5402 est
1256 5348 1546 5405 dicendum
1567 5351 1590 5404 ?
1610 5349 1776 5406 Putas
1799 5351 2081 5421 corporale

515 5429 735 5498 aliquod
769 5434 1087 5491 subsellium
1126 5439 1232 5493 erit
1255 5439 1279 5493 ἲ
1304 5440 1388 5495 An
1421 5441 1586 5496 etiam
1615 5442 1720 5497 hoc
1755 5457 1894 5511 opus
1927 5442 2088 5497 habet

518 5519 962 5592 interpretatione
989 5530 1311 5588 subtiliore?
1332 5530 1619 5604 Propterea
1641 5533 1735 5604 qui
1758 5534 1872 5589 vult
1901 5534 2083 5589 omnia

517 5736 626 5862 '6"
656 5735 846 5794 Mattb.
881 5754 1008 5807 xxv,
1040 5741 1128 5813 5t,
1160 5746 1246 5804 52.
1320 5750 1369 5783 *³³
1399 5749 1543 5808 Ptal.
1575 5767 1720 5818 xcnx,
1749 5750 1802 5805 2.

2187 4621 2329 4677 citur
2359 4621 2406 4652 ’°
2440 4637 2453 4672 :
2491 4618 2610 4673 Sive
2647 4618 2826 4680 sedes,
2875 4617 2981 4670 sire
3020 4615 3425 4670 dominationes.
3479 4613 3623 4686 Ergo
3661 4630 3749 4670 rex

2189 4713 2510 4770 szecnlornm
2552 4710 2697 4764 Deus
2738 4707 2974 4763 Verbum
2997 4747 3012 4770 ,
3048 4707 3140 4777 qui
3170 4707 3222 4761 in
3259 4706 3433 4760 forma
3466 4705 3641 4760 factus
3672 4715 3752 4760 est

2187 4804 2446 4869 hominis,
2465 4801 2673 4857 sedebit
2695 4816 2856 4868 super
2877 4798 3189 4868 hujusmodi
3208 4798 3388 4852 sedem
3413 4798 3600 4868 gloriae
3611 4811 3747 4856 suae;

2187 4905 2241 4952 et
2269 4893 2742 4964 congregabantur
2777 4891 2843 4944 ad
2879 4904 3004 4944 eum
3043 4903 3234 4942 omnes
3268 4895 3452 4956 gentes
3486 4887 3598 4956 jam
3641 4900 3744 4939 non

2183 4987 2444 5056 dispersae
2486 4986 2539 5037 in
2573 4981 2914 5052 dogmatibus
2959 4979 3111 5035 falsis
3143 4986 3200 5032 et
3239 4977 3425 5032 multis
3466 4978 3534 5031 de
3562 4991 3663 5039 eo;
3692 4983 3747 5027 et

2183 5077 2265 5132 sic
2306 5081 2469 5128 erunt
2518 5080 2644 5126 ante
2689 5086 2850 5135 eum,
2913 5079 2971 5124 ut
3021 5083 3126 5122 non
3178 5067 3425 5121 localiter
3469 5066 3744 5119 audiamus

2184 5179 2376 5220 omnes
2404 5171 2591 5233 gentes
2619 5161 2731 5215 fieri
2761 5165 2887 5212 ante
2907 5173 3055 5224 eum,
3083 5161 3224 5213 sicut
3254 5173 3355 5211 nee
3389 5156 3627 5210 localiter
3651 5169 3743 5204 au-

2183 5256 2365 5311 dimus
2386 5255 2566 5324 justos
2591 5266 2654 5306 ea
2683 5250 2926 5306 dicturos
2947 5265 3070 5318 qua:
3097 5258 3226 5306 sunt
3253 5247 3475 5304 dicturi.
3500 5242 3738 5312 Quamliu

2185 5362 2314 5417 ergo
2348 5345 2562 5400 confusi
2594 5353 2722 5399 sunt
2755 5342 2951 5411 iniqui,
2988 5356 3088 5397 nec
3115 5357 3176 5396 se
3208 5346 3614 5411 cognoscentes,
3645 5349 3739 5389 nec

2185 5437 2486 5502 Christum,
2519 5434 2616 5490 sed
2651 5434 2705 5488 in
2735 5433 3016 5488 erroribus
3045 5428 3425 5486 intenebricati
3454 5435 3688 5484 tenentur
3719 5441 3734 5476 :

2186 5538 2240 5585 et
2269 5527 2405 5600 justi
2450 5523 2692 5597 quandiu
2735 5537 2832 5593 per
2861 5521 3143 5592 speculum
3187 5531 3242 5577 et
3273 5520 3329 5576 in
3360 5519 3635 5589 enigmata
3660 5514 3732 5565 ri-

1901 5747 1949 5783 “
1974 5746 2163 5804 Matth.
2198 5758 2346 5818 xxiv,
2380 5739 2452 5797 26
2517 5745 2573 5794 et
2597 5747 2750 5803 seqq.
2827 5731 2873 5766 ’⁸
2898 5729 3043 5787 Psal.
3074 5744 3222 5798 cxxr,
3251 5729 3305 5784 5.
3383 5728 3433 5762 "
3461 5725 3654 5784 Coloss.
3686 5737 3726 5788 ι,
