4004 6594
248 509 390 566 1715

1402 507 2054 567 COMMENTARIORUM
2099 509 2364 569 SERIES.

3366 531 3500 586 1714

253 635 384 689 dent
406 631 474 698 θ’,
509 639 564 688 et
591 646 656 688 ex
685 642 838 702 parte
867 632 1076 703 seipsos
1107 644 1463 706 cognoscunt,
1491 652 1598 691 non
1627 650 1816 691 secun-
1853 637 1897 696 Α
1927 633 2054 688 teris
2081 651 2202 704 qua:
2234 645 2462 705 possunt
2491 645 2545 692 et
2576 637 2631 692 in
2669 654 2862 697 manus
2893 643 3174 702 hominum
3204 652 3344 706 male
3378 669 3498 708 mo-

253 727 384 780 dum
429 724 576 795 quod
619 739 746 780 vere
782 735 952 791 sunt;
1004 726 1191 781 tandiu
1237 743 1345 782 non
1387 737 1514 782 sunt
1560 728 1826 798 segregati

259 816 387 871 boni
419 831 450 869 a
481 815 683 882 malis;
720 831 843 870 cum
877 823 1058 870 autem
1088 824 1308 886 propter
1333 816 1824 872 manifestationem

256 907 350 962 filii
381 906 475 960 Dei
502 921 695 960 omnes
734 906 801 960 ad
833 907 1166 962 intellectum
1206 908 1455 964 venerint
1484 923 1666 972 suum,
1694 917 1827 962 tunc

257 1000 509 1055 Salvator
534 1000 839 1071 segregabit
863 1000 1035 1056 bonos
1062 1015 1092 1054 a
1119 1001 1295 1055 malis.
1330 999 1470 1056 Oves
1491 1009 1670 1056 autem
1697 1001 1823 1057 dicti

255 1103 384 1148 sunt
428 1093 523 1162 qui
572 1093 851 1148 salvantur
901 1101 1119 1162 propter
1156 1094 1627 1148 mansuetudinem
1661 1109 1822 1164 quam

256 1183 568 1239 didicerunt
597 1183 666 1238 ab
686 1198 752 1238 eo
773 1183 864 1253 qui
893 1183 1024 1239 dicit
1048 1183 1128 1234 ης
1158 1181 1356 1238 Discite
1378 1201 1410 1236 a
1434 1199 1512 1237 me
1531 1185 1657 1254 quia
1681 1185 1824 1239 mitis

255 1291 374 1328 sum
400 1283 450 1328 et
479 1274 694 1328 humilis
727 1274 904 1338 corde,
927 1283 981 1329 et
1006 1281 1223 1343 propter
1250 1275 1394 1343 quod
1424 1290 1598 1344 usque
1628 1276 1695 1330 ad
1725 1291 1823 1331 oc-

255 1363 518 1419 cisionem
547 1363 722 1432 parati
758 1362 977 1418 fuerunt
1008 1363 1191 1418 venire
1222 1363 1496 1419 imitantes
1520 1364 1822 1432 Christum,

254 1457 351 1528 qui
397 1457 539 1513 sicut
567 1457 684 1513 ovis
729 1457 795 1512 ad
835 1458 1164 1513 occisionem
1209 1456 1403 1512 ductus
1435 1467 1550 1523 est,
1586 1469 1638 1513 et
1685 1459 1826 1514 sicut

253 1565 430 1620 agnus
458 1564 645 1605 coram
681 1549 936 1605 tondente
968 1566 1028 1606 se
1058 1551 1176 1607 sine
1201 1567 1364 1619 voce;
1392 1561 1446 1607 et
1477 1569 1584 1606 non
1616 1553 1825 1622 simpli-

251 1642 391 1697 citer
425 1641 544 1696 sine
579 1656 742 1708 voce,
772 1642 867 1696 sed
901 1657 1082 1698 coram
1117 1643 1370 1699 tondente
1401 1659 1460 1698 se
1493 1644 1610 1698 sine
1655 1660 1819 1710 voce,

254 1735 308 1788 id
332 1743 412 1789 est
441 1749 624 1789 coram
650 1734 928 1789 auferente
950 1749 1072 1805 quae
1095 1746 1222 1790 sunt
1243 1735 1416 1806 ipsius
1437 1744 1490 1790 et
1514 1735 1819 1805 diripiente.

252 1825 402 1881 [laedi
425 1836 606 1881 autem
631 1825 886 1880 dicuntur
910 1825 1060 1890 mali,
1081 1828 1206 1896 quia
1232 1842 1423 1897 aspera
1447 1836 1501 1881 et
1521 1827 1659 1882 dura
1688 1843 1822 1882 saxa

253 1919 398 1974 male
430 1917 752 1983 ascendunt,
784 1927 838 1972 et
867 1934 963 1988 per
993 1919 1289 1989 praecipitia
1316 1935 1506 1974 eorum
1541 1920 1818 1975 incedunt.

253 2010 348 2068 Sic
374 2012 614 2082 intellige
643 2010 776 2066 mihi
809 2020 866 2066 et
895 2020 1117 2067 sanctos
1155 2028 1187 2067 a
1227 2012 1436 2068 dextris
1456 2053 1471 2078 ,
1508 2013 1600 2082 qui
1630 2012 1820 2067 dextra

250 2115 420 2172 opera
447 2102 657 2172 operati
685 2111 844 2167 sunt,
877 2111 931 2157 et
966 2103 1180 2172 plenius
1211 2113 1339 2159 sunt
1366 2104 1615 2159 conversi
1643 2105 1709 2159 ad
1733 2105 1822 2174 ju-

249 2192 490 2260 stitiam,
537 2208 659 2262 quae
699 2207 914 2262 semper
941 2209 972 2248 a
1009 2193 1214 2250 dextris
1255 2203 1338 2250 est
1368 2193 1483 2250 Dei.
1529 2193 1820 2266 Propterea

253 2284 558 2338 secundum
595 2283 910 2352 dignitatem
938 2291 1157 2339 actuum
1187 2301 1410 2340 suorum
1441 2285 1755 2342 dextrorum
1790 2304 1822 2342 a

249 2373 461 2429 dextris
487 2375 816 2441 consistunt,
845 2383 900 2430 et
927 2385 1250 2446 acceperunt
1276 2379 1576 2434 mercedem
1599 2394 1820 2434 suorum

251 2465 596 2534 dextrorum,
625 2467 870 2522 dextram
903 2468 1069 2538 regis,
1099 2469 1152 2523 in
1183 2484 1287 2539 qua
1323 2469 1540 2540 requies
1572 2479 1626 2525 et
1653 2471 1819 2542 gloria

249 2564 357 2610 est.
395 2555 497 2621 Qui
526 2565 704 2610 autem
740 2555 804 2610 ad
839 2557 1246 2628 perversitatem
1275 2558 1395 2614 vitae
1428 2560 1639 2630 seipsos
1667 2559 1824 2631 sepa-

252 2655 518 2701 raverunt
543 2663 574 2701 a
601 2647 804 2702 dextris
831 2658 1048 2718 pr0pter
1079 2664 1239 2718 opera
1281 2665 1376 2705 sua
1407 2653 1640 2721 pessima
1671 2663 1723 2707 ct
1749 2653 1824 2708 si-

251 2739 449 2804 nistra,
481 2739 796 2795 ceciderunt
827 2740 880 2794 in
917 2740 1224 2806 sinistram,
1258 2741 1309 2796 id
1339 2751 1422 2798 est
1461 2743 1513 2797 in
1545 2744 1820 2799 tristitiam

249 2840 650 2886 tormentorum
675 2833 938 2900 damnati,
965 2843 1184 2904 propter
1205 2836 1349 2905 quod
1373 2852 1402 2892 a
1430 2837 1668 2894 sinistris
1693 2855 1822 2894 con-

247 2922 475 2978 sistunt.
512 2919 665 2977 Tunc
695 2921 839 2977 dicet
871 2922 937 2977 ad
963 2937 1059 2978 eos
1083 2923 1178 2993 qui
1202 2933 1329 2980 sunt
1352 2941 1382 2979 a
1401 2925 1570 2998 888
1594 2928 1820 2996 dextris,

255 3013 500 3068 invitaus
533 3028 628 3068 eos
660 3013 725 3068 ad
755 3029 812 3068 se
845 3032 858 3068 :
896 3012 1098 3079 Venite,
1131 3022 1189 3069 ut
1215 3015 1476 3085 quidquid
1507 3017 1686 3071 minus
1707 3016 1821 3073 fue-

246 3112 340 3158 rat
365 3105 446 3159 eis
467 3145 481 3168 ,
533 3119 655 3160 cum
691 3104 983 3174 perfectius
1012 3106 1149 3160 uniti
1181 3105 1383 3160 fuerint
1409 3106 1648 3172 Christo,
1686 3125 1822 3164 cou-

249 3206 556 3266 sequantur
582 3198 862 3253 audientes
891 3217 902 3252 :
950 3197 1152 3268 Venite,
1180 3207 1234 3255 et
1264 3199 1542 3256 facientes.
1581 3199 1710 3257 Tale
1741 3213 1826 3258 est

245 3289 398 3359 quod
434 3289 566 3344 dicit
603 3291 744 3362 apud
773 3289 975 3346 Lucam
997 3292 1041 3324 "
1068 3309 1083 3348 :
1118 3292 1336 3362 Auferte
1359 3294 1613 3348 talentum
1643 3295 1707 3348 ab
1740 3311 1820 3361 eo,
1850 3323 1894 3380 ο

245 3392 298 3436 et
325 3382 448 3436 date
473 3383 520 3436 ei
547 3384 636 3454 qui
678 3382 828 3436 habet
871 3382 1065 3437 decem.
1107 3383 1292 3440 Omnis
1328 3386 1464 3439 enim
1507 3387 1596 3456 qui
1632 3387 1820 3456 habet,

247 3473 478 3527 addetur
503 3476 594 3529 ei:
633 3476 723 3545 qui
767 3484 943 3529 autem
974 3492 1077 3528 non
1124 3476 1299 3542 habet,
1342 3487 1392 3531 et
1435 3479 1574 3548 quod
1623 3479 1825 3533 videtur

248 3564 463 3633 habere,
499 3567 768 3636 auferetur
805 3567 868 3626 ab
911 3583 990 3622 eo.
1042 3565 1209 3624 Vocat
1239 3579 1417 3624 autem
1448 3571 1570 3626 illos
1602 3572 1823 3627 benedi-

249 3667 374 3713 ctos
405 3657 602 3725 Patris,
633 3658 817 3713 addito
847 3657 1105 3712 benedicti
1139 3659 1322 3714 Patris
1353 3663 1474 3727 mei,
1499 3671 1559 3718 ut
1583 3664 1827 3719 eminen-

253 3750 332 3805 tia
362 3751 755 3806 benedictionis
780 3767 970 3808 eorum
1000 3754 1402 3822 manifestetur,
1432 3757 1524 3824 qui
1560 3756 1826 3811 benedicti

250 3849 386 3914 sunt
431 3856 458 3892 a
512 3839 742 3897 Domino
799 3843 892 3912 qui
949 3842 1074 3899 fecit
1123 3845 1320 3899 coelum
1382 3855 1435 3898 et
1485 3853 1722 3910 terram;
1772 3856 1827 3900 et

251 3932 485 3988 forsitan
533 3934 661 4003 quia
704 3945 831 3990 sunt
880 3937 1046 4007 aliqui
1091 3936 1374 3992 inferiores
1423 3938 1515 4007 qui
1561 3938 1827 3994 benedicti

250 4026 475 4096 quidem
508 4038 655 4091 sunt,
686 4044 793 4083 non
830 4038 1009 4084 autem
1037 4027 1234 4084 Patris.

331 4118 418 4173 7i.
455 4119 691 4189 Accipite
725 4136 938 4190 regnum
973 4121 1110 4183 quod
1141 4121 1284 4175 vobis
1315 4124 1672 4191 prwparatum
1695 4134 1770 4177 est
1796 4141 1828 4177 a

253 4212 632 4266 constitutione
649 4214 828 4265 mundi
861 4213 899 4265 ¹.
925 4211 1078 4278 Quod
1115 4213 1168 4268 in
1202 4213 1397 4270 Latino
1427 4215 1608 4279 habet,
1638 4233 1671 4285 ᾳ
1699 4232 1827 4269 con-

251 4304 534 4358 stitutione
569 4304 773 4370 mundi,
805 4304 857 4359 in
889 4303 1076 4358 Graeco
1109 4306 1190 4361 sic
1219 4307 1381 4362 habet
1407 4326 1419 4361 :
1447 4324 1479 4360 α
1508 4307 1829 4373 depositione

255 4396 481 4462 mundi,
530 4409 583 4450 ct
604 4397 900 4451 secundum
948 4396 1197 4453 Graecum
1251 4411 1554 4454 sermonem
1611 4398 1832 4467 exponit

253 4503 382 4556 quae
411 4489 710 4543 secundum
735 4488 987 4544 Latinum
1019 4503 1128 4543 non
1157 4490 1512 4545 conveniebat
1536 4505 1827 4560 exponere.

253 4579 442 4646 Quare
487 4589 664 4635 autem
711 4582 933 4636 nomine
980 4581 1338 4651 depositionis
1379 4581 1446 4636 de
1492 4581 1695 4636 mundo
1724 4580 1832 4636 fre-

1929 739 2170 800 ratorum
2200 731 2403 795 venire,
2422 739 2476 787 et
2504 732 2978 803 calumniatorum,
2995 747 3048 793 et
3076 741 3329 798 novitatis
3349 759 3500 800 ama-

1929 827 2128 884 torum,
2165 836 2272 875 non
2312 831 2396 877 est
2425 824 2754 893 religiosum,
2799 835 2860 880 ut
2899 843 2967 882 ne
3009 833 3312 901 margaritae
3334 836 3496 892 nimis

1927 919 2230 978 exoperatae
2249 919 2376 967 ante
2403 927 2596 983 porcos
2624 915 2928 980 mittantur,
2947 931 3122 987 neque
3141 930 3330 976 sancta
3354 924 3498 978 cani-

1926 1001 2030 1056 bus
2057 1002 2252 1058 dentur
2274 1005 2318 1057 ⁸.

1997 1093 2087 1147 72.
2113 1093 2359 1162 Esuriui,
2394 1106 2443 1151 et
2473 1099 2695 1153 dedistis
2735 1100 2863 1154 mihi
2907 1102 3261 1166 manducare,
3298 1112 3352 1158 et
3392 1119 3498 1159 ca!-

1927 1193 2042 1238 tera
2071 1185 2112 1241 ⁸.
2147 1183 2374 1240 Videtur
2404 1188 2537 1242 mihi
2570 1204 2663 1256 per
2689 1189 2803 1243 hsce
2825 1230 2839 1253 ,
2864 1189 2990 1258 quia
3014 1205 3122 1244 non
3153 1192 3314 1247 unius
3343 1193 3497 1262 justi-

1929 1275 2016 1330 tiaa
2045 1275 2255 1345 species
2302 1289 2714 1342 remuneratur,
2767 1279 2909 1334 sicut
2955 1281 3271 1337 existimant
3316 1284 3493 1337 multi.

1927 1367 2239 1423 Absurdum
2289 1377 2372 1422 est
2397 1369 2541 1422 enim
2591 1369 2728 1424 nihil
2761 1371 2905 1425 aliud
2939 1371 3237 1442 intelligere
3283 1375 3494 1430 virtutis

1929 1461 1982 1514 in
2009 1475 2074 1515 eo
2098 1459 2190 1530 qui
2223 1459 2295 1514 ita
2328 1471 2725 1528 remuneratur,
2741 1462 2844 1516 nisi
2883 1470 3089 1516 tantum
3127 1465 3493 1519 communica-

1929 1551 2129 1605 tionem
2156 1551 2529 1607 humanitatis.
2554 1550 2670 1606 Non
2691 1552 2836 1607 enim
2864 1554 2966 1607 hoc
2989 1554 3221 1609 dicimus
3245 1565 3302 1610 ut
3326 1557 3493 1626 negli-

1926 1643 2143 1713 gentius
2171 1643 2488 1699 studeamus
2521 1644 2936 1708 humanitatem,
2975 1661 3096 1700 cum
3126 1647 3197 1700 sit
3238 1648 3492 1702 omnibus

1926 1733 2174 1788 fidelibus
2201 1735 2470 1804 praecipue
2499 1735 2858 1804 observanda,
2889 1736 2981 1790 sed
3015 1748 3072 1790 ut
3101 1738 3281 1792 omnia
3311 1753 3494 1809 aqua-

1926 1825 2049 1880 liter
2077 1835 2171 1881 aut
2201 1836 2258 1881 ut
2286 1842 2419 1896 pene
2447 1828 2726 1897 aequaliter
2756 1828 3092 1896 Studeamus,
3122 1840 3183 1883 ut
3209 1839 3495 1899 propterea

1925 1933 1991 1970 ex
2041 1917 2298 1972 omnibus
2329 1933 2544 1972 onmem
2581 1921 3010 1976 benedictionem
3042 1922 3403 1991 percipiamus
3437 1921 3490 1973 in

1927 2007 2241 2063 coelestibus
2276 2010 2329 2062 in
2373 2009 2592 2065 Christo
2621 2009 2770 2066 Jesu.
2818 2010 3058 2066 Primum
3090 2024 3268 2067 autem
3311 2013 3494 2068 scien-

1926 2098 2055 2152 dum
2087 2108 2168 2154 est
2202 2101 2487 2169 quoniam,“
2515 2103 2675 2167 sicut,
2710 2114 2971 2173 quantum
3005 2105 3072 2159 ad
3107 2115 3310 2160 textum
3334 2146 3349 2171 ,
3384 2119 3490 2158 non

1927 2190 2122 2245 sullicit
2137 2191 2203 2245 ad
2219 2197 2652 2262 consequendam
2677 2193 2824 2264 regni
2845 2194 3080 2250 caelestis
3103 2195 3494 2256 hereditatem,

1925 2281 2056 2336 dare
2081 2282 2451 2338 esurientibus
2487 2285 2836 2351 manducare,
2871 2286 2975 2340 nisi
3005 2295 3058 2340 et
3088 2274 3280 2340 czetera
3304 2285 3494 2341 feceri-

1927 2386 2050 2424 mus
2074 2385 2196 2440 quae
2217 2371 2645 2442 subsequuntur,
2671 2374 2750 2429 sic
2781 2390 2888 2428 non
2915 2375 3172 2444 possibile
3197 2376 3379 2430 omnia
3403 2377 3491 2429 illa

1927 2463 2226 2518 secundum
2260 2471 2464 2518 textum
2495 2465 2748 2535 implere,
2777 2467 2918 2522 sicut
2948 2469 3262 2526 existimant
3300 2469 3451 2524 multi
3475 2509 3490 2535 ,

1929 2552 2030 2605 nisi
2061 2567 2130 2606 ex
2158 2560 2312 2621 parte
2355 2553 2626 2623 egerimus
2666 2565 2855 2611 contra
2885 2556 2980 2611 Dei
3017 2558 3352 2617 mandatum.
3387 2558 3493 2614 Ne-

1925 2658 2078 2698 cesse
2107 2654 2190 2699 est
2231 2659 2356 2699 eum
2387 2653 2438 2698 et
2473 2655 2841 2714 quaestuosum
2871 2663 3025 2713 esse,
3069 2657 3128 2702 ut
3169 2648 3258 2704 det
3289 2650 3493 2714 cibum,

1927 2745 1980 2789 et
2015 2744 2199 2805 potum
2222 2777 2237 2802 ,
2267 2745 2321 2791 et
2343 2739 2727 2793 vestimentum
2757 2738 2978 2795 Christo
3009 2741 3294 2809 esurienti,
3327 2751 3381 2797 et
3418 2743 3496 2796 si-

1929 2829 2108 2895 tienti,
2145 2838 2198 2884 et
2228 2830 2425 2901 algenti
2461 2831 2513 2884 in
2547 2832 2783 2897 sanctis,
2820 2841 2880 2888 ut
2919 2833 3024 2890 hoc
3057 2835 3220 2889 modo
3253 2843 3306 2890 et
3339 2850 3496 2905 pere-

1926 2921 2136 2991 grinum
2168 2936 2290 2978 eum
2333 2922 2569 2991 colligat,
2600 2932 2654 2978 et
2683 2924 2956 2978 infirmum
2991 2925 3188 2989 visitet,
3226 2935 3279 2981 et
3304 2937 3392 2981 eat
3428 2927 3496 2981 ad

1928 3027 2054 3066 eum
2091 3013 2144 3066 in
2173 3027 2470 3068 carcerem.
2506 3011 2640 3068 Vere
2671 3023 2852 3068 autem
2889 3015 3003 3070 sive
3035 3016 3332 3070 secundum
3360 3016 3496 3070 sim-

1927 3103 2152 3171 pliciora
2191 3110 2246 3156 et
2279 3102 2584 3171 corporalia
2617 3102 2753 3157 bene
2786 3101 2926 3158 facta
2959 3103 3350 3173 intelligamus,
3381 3105 3498 3160 sive

1929 3193 2228 3248 secundum
2263 3193 2528 3262 spiritalia
2555 3233 2569 3258 ,
2597 3204 2800 3249 certum
2830 3204 2912 3250 cst
2941 3197 3197 3264 quoniam
3231 3196 3346 3250 sive
3372 3197 3496 3263 hoc,

1929 3285 2043 3339 sive
2087 3284 2178 3338 illo
2224 3289 2386 3340 modo
2433 3285 2558 3355 quis
2602 3283 2766 3340 faciat
2794 3300 2932 3355 opus
2962 3285 3164 3340 bonum
3197 3295 3252 3342 et
3295 3287 3500 3343 nutriat

1927 3377 2138 3434 animas
2154 3378 2488 3450 spiritalibus
2508 3379 2664 3446 cibis,
2681 3380 2795 3436 sive
2811 3381 3242 3451 qualemcunque
3264 3381 3496 3450 speciem

1928 3471 2055 3525 boni
2101 3471 2282 3540 operis
2325 3471 2450 3540 quis
2499 3470 2660 3528 fuerit
2709 3482 2962 3541 cperatus
3012 3483 3230 3542 propter
3282 3471 3450 3528 Deum
3479 3517 3495 3541 ,

1926 3560 2148 3615 Christo
2190 3560 2451 3615 esurienti
2501 3569 2555 3614 et
2582 3560 2786 3616 sitienti
2833 3562 2925 3616 dat
2974 3561 3154 3616 cibum
3199 3569 3253 3615 et
3285 3569 3496 3630 potum.

1929 3650 2056 3706 Sive
2085 3667 2207 3722 quae
2240 3651 2469 3707 facimus
2501 3652 2704 3708 sanctis
2736 3653 2830 3723 qui
2863 3663 2992 3708 sunt
3033 3653 3225 3708 divites
3254 3652 3495 3718 meritis,

1928 3758 2193 3814 pauperes
2220 3743 2402 3807 rebus,
2429 3743 2544 3799 sive
2567 3745 2619 3798 in
2650 3745 2983 3816 quibuslibet
3010 3743 3103 3813 qui
3129 3743 3339 3798 meritis
3363 3757 3498 3812 pau-

1929 3849 2087 3904 peres
2122 3843 2285 3900 sunt,
2317 3834 2420 3889 etsi
2451 3833 2654 3890 fuerint
2680 3835 2873 3890 divites
2905 3835 3088 3900 rebus,
3123 3834 3237 3889 sive
3274 3835 3328 3887 in
3362 3847 3500 3902 qua-

1930 3923 2296 3991 libuscunque
2325 3921 2508 3977 causis
2537 3921 2854 3976 mandatum
2892 3921 3092 3975 Christi
3126 3919 3250 3990 quis
3276 3922 3461 3975 fecerit
3481 3959 3495 3983 ,

1926 4013 2204 4069 Christum
2229 4013 2372 4068 cibat
2393 4021 2447 4067 et
2476 4021 2644 4083 potat,
2669 4012 2758 4082 qui
2786 4011 3024 4068 fidelium
3043 4011 3312 4082 justitiam
3332 4021 3386 4066 et
3406 4029 3499 4066 ve-

1928 4106 2146 4160 ritatem
2176 4105 2470 4159 manducat
2498 4111 2552 4158 et
2584 4103 2740 4158 bibit.
2770 4101 2901 4158 Item
2927 4102 3205 4158 Christum
3231 4102 3496 4172 algentem

1931 4201 2164 4254 teximus
2193 4198 2536 4264 vestimento,
2570 4195 2897 4266 accipientes
2924 4195 3203 4266 sapientiae
3235 4205 3495 4251 tecturam

1930 4306 1960 4344 a
2000 4289 2130 4357 Deo,
2160 4300 2218 4345 ut
2248 4305 2342 4360 per
2379 4289 2687 4346 doctrinam
2734 4288 2946 4358 aliquos
2974 4290 3268 4344 doceamus
3288 4329 3304 4354 ,
3332 4296 3387 4342 et
3417 4287 3500 4340 in-

1930 4385 2162 4438 duamus
2191 4398 2286 4438 eos
2311 4383 2522 4438 viscera
2549 4382 2960 4446 misericordiae,
2987 4381 3316 4444 castitatem,
3345 4395 3510 4434 matrs

1933 4471 2301 4539 suetudinem,
2327 4473 2710 4540 humilitatem,
2732 4482 3062 4542 caeterasque
3084 4471 3309 4527 virtutes
3335 4489 3348 4525 :
3379 4487 3504 4540 qua:

1933 4577 2124 4618 omnes
2151 4564 2379 4619 virtutes
2404 4563 2666 4633 spiritalia
2698 4574 2825 4620 sunt
2847 4564 3169 4619 vestimenta
3191 4578 3378 4619 eorum
3407 4563 3499 4631 qui

254 4680 491 4742 quenter
540 4680 766 4726 utuntur
809 4670 1142 4742 Scripturze,
1191 4671 1332 4728 sicut
1373 4679 1426 4726 et
1469 4671 1560 4727 hic
1593 4671 1826 4726 dicens:

1935 4655 2164 4710 audiunt
2187 4655 2490 4716 doctrinam
2521 4656 2831 4713 docentium
2870 4672 2997 4724 eas,
3043 4655 3342 4713 secundum
3375 4671 3500 4711 eum

253 4781 294 4818 α
325 4765 648 4834 depositione
669 4763 874 4827 mundi,
903 4771 1114 4833 quaerat
1135 4763 1228 4833 qui
1256 4770 1452 4832 potest,
1484 4761 1663 4817 sciens
1700 4761 1828 4830 quia

255 4872 369 4911 non
395 4871 556 4911 omne
582 4856 725 4926 quod
752 4869 993 4910 creatum
1022 4864 1125 4921 est,
1154 4855 1456 4923 depositum
1483 4853 1700 4917 dicitur,
1729 4869 1829 4909 nec

252 4949 524 5017 scriptum
559 4956 644 5003 est
666 4947 887 5010 alicubi,
922 4962 951 5000 a
979 4946 1314 5016 depositione
1347 4944 1582 5012 sedium,
1613 4953 1707 4998 aut
1732 4945 1830 5000 do-

253 5038 618 5094 minationum
641 5080 656 5104 ,
691 5048 783 5093 aut
809 5038 1230 5109 principatuum.
1271 5036 1616 5105 Congregaus
1648 5044 1827 5090 autem

252 5145 324 5185 ex
355 5130 611 5186 omnibus
654 5145 851 5184 nomen
884 5127 1258 5197 depositionis,
1293 5125 1340 5180 si
1384 5124 1524 5180 forte
1565 5126 1622 5180 in
1661 5127 1832 5180 altero

255 5222 446 5291 aliquo
486 5221 693 5276 dictum
723 5228 827 5286 est,
857 5229 912 5276 et
953 5234 1278 5288 comparans
1313 5234 1377 5273 ea
1425 5233 1549 5273 cum
1596 5218 1682 5273 his
1709 5233 1832 5288 quae

256 5314 521 5368 dicuntur
551 5313 618 5368 de
649 5313 838 5368 mundi
865 5312 1223 5383 depositione,
1254 5311 1556 5366 ascendens
1585 5325 1681 5380 per
1710 5325 1832 5365 ver-

257 5408 393 5462 bum
425 5407 490 5460 ad
516 5415 713 5461 caetera
745 5414 924 5462 creata
951 5405 1191 5476 quidem,
1217 5418 1325 5457 non
1351 5411 1532 5457 autem
1566 5403 1832 5472 deposita,

257 5515 328 5553 ex
359 5512 426 5551 eo
458 5497 600 5566 quod
630 5512 740 5552 non
769 5505 850 5552 est
878 5511 1070 5552 eorum
1106 5496 1248 5552 facta
1281 5494 1580 5565 depositio,
1627 5495 1834 5549 videbis

261 5604 485 5646 causam
512 5589 804 5643 nominata:
825 5589 1202 5658 depositionis,
1221 5589 1365 5658 quod
1390 5603 1588 5642 nomen
1625 5595 1834 5640 tantum

262 5684 334 5738 de
369 5682 572 5736 mundo
602 5682 916 5751 suscipitur.
955 5681 1188 5736 Credere
1219 5689 1398 5735 autem
1429 5681 1545 5734 haec
1581 5680 1709 5734 talia
1742 5679 1834 5732 lit-

373 5887 418 5917 ”
447 5884 463 5938 l
491 5886 619 5940 Cor.
651 5900 785 5949 xm,
813 5880 899 5935 l2.

271 5960 291 5989 ¹
315 5957 505 6012 Matth.
543 5972 636 6021 VII,
673 5957 726 6008 t5.

1011 5881 1055 5913 ⁰⁸
1089 5879 1275 5934 Matth.
1306 5895 1384 5945 xi,
1414 5877 1502 5932 29.

1613 5878 1660 5910 θ’
1693 5861 1825 5930 Luc.
1859 5889 1972 5938 xix,
2000 5873 2092 5935 24,
2122 5869 2226 5937 26;
2293 5869 2483 5924 Matth.
2509 5884 2638 5937 xxv,
2668 5867 2759 5932 28,
2789 5867 2880 5923 29.

806 5953 825 5984 ³
856 5951 1046 6006 Matth.
1085 5967 1217 6018 xxv,
1250 5949 1338 6004 55.
1373 5939 1381 5945 ’
1411 5949 1433 5982 δ
1455 5947 1667 6004 Coloss.
1707 5962 1801 6013 ιιι,
1838 5946 1924 6001 i2.
1993 5945 2013 5977 '
2042 5942 2202 6000 Rom.
2235 5957 2331 5997 xm
2355 5982 2368 6009 ,
2405 5939 2490 5997 14..

1935 4753 2029 4824 qui
2060 4753 2191 4810 dicit
2220 4771 2233 4807 :
2268 4751 2480 4807 Induite
2502 4769 2589 4807 vos
2615 4754 2813 4807 uiscera
2841 4753 3240 4817 misericordia,
3269 4752 3506 4822 benigni-

1939 4856 2136 4912 tatem,
2192 4843 2544 4898 humilitatem
2570 4883 2584 4908 ,
2618 4845 3106 4906 mansuetudinem,
3154 4851 3208 4898 et
3243 4853 3435 4898 caetera
3459 4843 3500 4895 ⁸.

1938 4937 2112 5008 Magis
2141 4945 2323 4992 autem
2353 4945 2407 4991 et
2432 4936 2612 5006 ipsum
2644 4936 2924 4992 Christum
2957 4935 3049 5004 qui
3088 4935 3204 4988 haec
3227 4934 3410 4988 omnia
3439 4933 3504 4985 li-

1937 5031 2150 5087 delibus
2179 5041 2284 5094 est,
2311 5031 2611 5085 secundum
2635 5045 2758 5084 eum
2781 5029 2873 5098 qui
2902 5028 3038 5082 dixit
3061 5027 3082 5060 ⁸
3112 5045 3124 5080 :
3154 5024 3368 5078 Induite
3396 5023 3506 5076 Do-

1938 5125 2140 5177 minum
2171 5123 2375 5179 Iesum.
2407 5123 2543 5177 Cum
2576 5136 2704 5191 ergo
2747 5119 3013 5190 ejusmodi
3043 5117 3381 5171 vestimentis
3415 5129 3506 5169 vc-

1939 5214 2218 5272 stierimus
2250 5229 2420 5269 unum
2451 5214 2518 5269 de
2542 5210 2786 5266 minimis
2806 5211 2858 5264 in
2888 5208 3107 5263 Christo
3137 5205 3504 5273 credentibus,

1939 5307 2118 5376 ipsum
2152 5305 2442 5360 Dominum
2474 5303 2719 5358 videmur
2747 5301 3083 5366 vestiisse,ut
3115 5314 3203 5364 ne,
3240 5305 3506 5369 quantum

1941 5399 2007 5453 ad
2048 5413 2167 5460 nos,
2206 5396 2410 5450 nudum
2451 5395 2524 5449 sit
2566 5393 2788 5447 verbum
2825 5389 2922 5445 Dei
2967 5390 3020 5443 in
3052 5387 3276 5444 mundo.
3315 5387 3419 5444 Sed
3456 5397 3510 5442 et

1941 5487 2286 5559 peregrinum
2322 5485 2417 5540 Dei
2448 5483 2646 5539 Filium
2679 5482 3064 5543 constitutum,
3101 5487 3156 5534 et
3181 5478 3510 5533 domesticos

1941 5579 2186 5650 corporis
2208 5579 2328 5649 ejus
2355 5578 2670 5647 peregrinos
2692 5575 2744 5628 in
2774 5573 2978 5629 mundo
3003 5572 3073 5627 ab
3095 5571 3348 5627 omnibus
3377 5569 3512 5623 acti-

1941 5675 2045 5728 bus
2073 5671 2468 5741 corporalibus,
2501 5671 2643 5724 sicut
2665 5668 2779 5737 ipse
2802 5675 2855 5722 et
2881 5666 2947 5721 de
2977 5679 3037 5720 se
3055 5673 3110 5720 et
3137 5663 3204 5719 de
3230 5661 3510 5730 discipulis

2993 5867 3009 5897 ¹
3043 5862 3234 5917 Matth.
3265 5876 3389 5930 xxv,
3418 5856 3506 5912 54.
