4004 6604
513 507 651 563 1715

1708 489 2030 550 οιιιοΕΝιε
2059 487 2128 546 IN
2165 484 2577 543 MATTHASUM

3538 456 3551 465 ’
3616 474 3757 529 me

506 632 623 687 suis
655 628 789 686 dicit
817 629 870 681 δε
900 626 966 681 Ει
1000 625 1091 679 isti
1127 640 1230 679 non
1254 629 1375 677 sunt
1405 621 1467 675 de
1494 620 1589 673 hoc
1615 617 1831 682 mundo,
1862 616 1999 669 sicut
2024 624 2071 668 et
2103 617 2145 675 Λ
2177 612 2398 666 istorum
2445 610 2676 681 fratrum
2711 623 2963 674 nieorum,
3014 606 3143 660 mihi
3186 604 3408 675 fecistis.
3460 599 3759 655 Videamus

505 740 599 792 ego
626 738 731 776 non
762 737 879 776 sum
902 720 966 773 de
998 719 1095 772 hoc
1128 718 1343 770 mundo.
1376 714 1439 769 Et
1463 712 1656 783 quaerit
1674 709 1924 765 Christus
1957 722 2080 785 cunt

507 816 625 871 suis
654 814 894 870 animam
946 811 1038 866 ubi
1073 804 1611 873 succedat.-Quando
1636 818 1766 873 ergo
1807 814 2079 870 praepara-

505 918 628 958 mus
659 919 755 959 cor
789 911 1037 957 nostrum
1068 900 1298 955 diverSis
1325 897 1617 952 virtutibus
1642 895 1709 948 ad
1753 901 2079 961 receptacu-

515 994 627 1048 lum
660 995 781 1063 ejus
809 992 894 1046 vel
918 992 1131 1046 illorum
1170 992 1261 1060 qui
1306 997 1433 1043 sunt
1468 986 1669 1055 ipsius,
1700 984 1877 1054 ipsum
1920 997 2076 1051 pere-

503 1086 807 1156 grinantem
845 1082 1174 1151 suscipimus
1232 1082 1289 1134 in
1321 1080 1542 1134 domum
1596 1076 1830 1147 pectoris
1883 1073 2074 1140 nostri,

505 1178 767 1233 facientes
809 1175 1150 1230 cmnaculum
1181 1187 1460 1241 magnum,
1491 1170 1809 1223 mundatum
1838 1174 1891 1221 et
1914 1180 2077 1219 orna-

505 1281 618 1325 tum
638 1269 702 1323 ad
722 1267 1119 1337 susceptionem
1137 1264 1336 1320 Christi
1355 1261 1748 1334 peregrinantis
1766 1261 1818 1313 in
1846 1257 2070 1321 mundo,

507 1370 939 1427 cieterorumque
982 1356 1372 1425 discipulorum
1408 1355 1599 1424 ipsius.
1647 1352 1888 1418 Quorum
1929 1350 2072 1404 enim

504 1445 730 1499 verbum
762 1443 1113 1513 suscipimus,
1146 1451 1199 1497 et
1232 1443 1380 1513 ipsos
1407 1442 1712 1510 suscepisse
1742 1440 1987 1494 videmur
2018 1439 2073 1492 in

502 1536 681 1602 nobis,
701 1544 754 1590 et
775 1551 869 1604 per
892 1536 1042 1605 ipsos
1062 1536 1363 1602 Christum,
1379 1536 1536 1605 cujus
1556 1533 1800 1604 bajulant
1823 1532 2068 1587 verbum.

502 1627 636 1681 Item
669 1627 723 1680 in
756 1626 1043 1682 inﬁrmatis
1070 1626 1410 1692 hominibus,
1445 1628 1562 1681 sive
1596 1642 1627 1680 a
1662 1626 1799 1691 ﬁde,
1835 1625 1951 1680 sive
2004 1624 2072 1678 ab

497 1716 682 1787 aliqua
706 1732 869 1787 opere
894 1718 1059 1781 bono,
1091 1731 1184 1771 aut
1202 1718 1516 1772 scandalum
1538 1718 1889 1788 patientibus,
1913 1718 2067 1772 Chri-

496 1818 616 1864 stus
645 1808 950 1862 inﬁrmatur
975 1819 1025 1863 et
1043 1808 1358 1865 scandalum
1390 1810 1612 1879 patitur,
1632 1809 1771 1865 sicut
1801 1810 1915 1879 ipse
1939 1810 2071 1864 dicit

495 1897 565 1952 ad
595 1895 815 1952 Petrum
849 1913 971 1968 quae
997 1900 1180 1954 carnis
1211 1908 1338 1954 sunt
1367 1901 1662 1970 sapientem
1692 1919 1704 1955 :
1745 1899 2065 1955 Scandalum

500 1987 629 2041 mihi
664 2004 717 2042 es
738 1990 781 2055 ",
812 1990 914 2043 hoc
945 1998 1047 2054 est,
1079 1989 1368 2045 inﬁrmitas
1408 1990 1540 2044 mihi
1560 2005 1640 2045 es.
1675 1990 1776 2045 Sed
1801 1998 1853 2044 et
1875 2005 2064 2044 omnes

494 2078 749 2149 discipuli
781 2081 902 2148 ejus
934 2080 1118 2136 dilecti
1149 2082 1312 2137 simul
1345 2098 1469 2137 cum
1498 2083 1695 2137 talibus
1718 2083 2067 2137 inﬁrmantur

494 2180 550 2224 ct
577 2172 894 2225 scandalum
937 2172 1217 2242 patiuntur
1239 2174 1515 2229 dicentes:
1556 2173 1691 2240 Quis
1725 2173 2061 2237 inﬁrmatur,

490 2270 547 2314 et
603 2277 710 2316 non
760 2264 1148 2317 inlirmamur?
1188 2264 1312 2334 quis
1366 2266 1797 2329 scandalizatur,
1853 2272 1907 2319 et
1955 2279 2063 2318 non

493 2352 707 2407 urimur
766 2354 971 2409 nos“?
1026 2354 1095 2409 Et
1152 2356 1196 2410 si
1257 2356 1507 2424 discipuli
1564 2356 1683 2422 ejus
1734 2354 2063 2409 conﬁrman-

492 2453 584 2497 tur
619 2443 873 2509 inﬁrmis,
911 2455 1119 2515 quanto
1172 2447 1345 2516 magis
1394 2447 1510 2515 ipse
1548 2443 1795 2504 Salvator
1851 2455 2065 2501 creator

488 2531 666 2603 889.
718 2535 999 2604 ipsorum?
1051 2535 1187 2590 Nam
1239 2551 1401 2606 quem
1460 2536 1635 2604 major
1690 2535 2062 2590 misericordia

490 2629 639 2675 tenet
673 2622 954 2676 hominum
987 2624 1352 2686 inﬁrmorum,
1389 2625 1603 2695 gravior
1632 2624 1956 2693 constringit
1981 2624 2064 2678 in—

491 2710 721 2766 ﬁrmitas
758 2712 902 2767 talis.
927 2712 1062 2768 Cum
1095 2729 1225 2784 ergo
1255 2730 1421 2768 unum
1456 2713 1688 2769 fratrum
1720 2714 2059 2771 inﬁrmorum

489 2801 915 2870 visitaverimus,
944 2815 1039 2860 aut
1082 2821 1177 2875 per
1215 2806 1542 2870 doctrinam,
1569 2816 1663 2862 aut
1695 2823 1787 2876 per
1809 2808 2059 2878 increpa-

490 2893 715 2962 tionem,
750 2904 847 2950 aut
886 2912 984 2966 per
1031 2899 1481 2961 consolationem,
1520 2908 1614 2953 aut
1654 2900 1929 2969 precibus,
1966 2910 2062 2956 aut

489 2993 699 3039 terrore
720 2985 935 3056 judicii,
965 2996 1059 3043 aut
1105 2989 1287 3057 aliqua
1329 2990 1470 3043 bona
1513 3005 1675 3059 opera
1710 2988 1970 3047 facientes
2004 2992 2058 3046 in

483 3092 632 3141 eum,
674 3077 965 3134 fecerimus
997 3080 1284 3135 meliorare
1322 3081 1377 3134 in
1408 3081 1647 3148 Christo,
1687 3082 1863 3151 ipsum
1895 3083 2057 3139 Chri-

486 3178 630 3225 stum
656 3170 1020 3233 visitavimus,
1053 3181 1108 3225 et
1150 3170 1581 3229 confortavimus
1612 3174 1971 3241 inﬁrmatam,
2002 3185 2057 3231 et

485 3264 714 3313 ett-toros
745 3258 1041 3328 discipulos
1071 3258 1276 3314 Christi
1318 3260 1519 3315 talibus
1543 3263 1893 3330 passionibus
1920 3279 2054 3319 con-
2082 3285 2123 3339 ε

481 3347 767 3405 ﬁrmantes
800 3348 1207 3418 rél‘rigeramus,
1248 3351 1391 3407 sicut
1432 3352 1634 3409 Paulus
1667 3354 1732 3408 ad
1778 3354 2054 3418 Philemo-

482 3453 608 3497 nem
640 3438 773 3493 dicit
810 3441 831 3471 ⁹
857 3456 871 3492 :
920 3437 1187 3493 Gaudium
1210 3444 1349 3496 enim
1382 3460 1631 3514 magnum
1675 3444 1974 3511 habuimus,
2004 3455 2054 3499 et

478 3528 891 3584 consolationem
912 3530 968 3583 in
983 3530 1239 3593 cltaritate
1266 3543 1378 3601 tua,
1395 3536 1520 3604 quia
1541 3537 1735 3590 viscera
1752 3546 2053 3591 sanctorum

482 3621 843 3690 requieverunt
888 3638 981 3691 per
1022 3630 1089 3689 te,
1132 3623 1318 3692 frater.
1356 3623 1422 3679 Et
1455 3642 1523 3679 ne
1551 3634 1709 3696 putes
1737 3642 1859 3683 esse
1901 3628 2050 3683 blas-

480 3713 763 3783 phemum,
792 3714 1066 3771 inﬁrmum
1110 3718 1290 3773 dicere
1332 3717 1633 3779 Christum.
1667 3721 1785 3791 lpse
1816 3723 1960 3777 enim
1984 3739 2051 3779 ex

480 3806 797 3864 infirmitate
824 3818 908 3865 est
936 3810 1230 3866 cruciﬁxus
1255 3820 1474 3882 propter
1514 3814 1968 3877 misericordiam,
1998 3825 2052 3870 et

480 3900 601 3969 ipse
621 3900 966 3959 inﬁrmitates
988 3913 1202 3961 nostras
1224 3914 1423 3975 portat,
1441 3915 1496 3961 et
1511 3922 1698 3963 omnes
1724 3909 1836 3963 noti
1854 3908 2044 3977 ipsius.

479 3989 686 4047 Deinde
715 4009 876 4049 omne
903 3994 1049 4064 quod
1106 3997 1194 4051 hic
1225 4005 1330 4058 est,
1372 4012 1557 4053 carcer
1611 4005 1695 4053 est
1741 3999 1945 4054 Christi
1995 4008 2047 4054 et

478 4096 669 4137 eorum
697 4084 791 4153 qui
816 4095 944 4141 sunt
969 4086 1162 4155 ipsius.
1189 4086 1480 4158 Propterea
1517 4104 1705 4146 eamus
1727 4090 1793 4145 ad
1821 4105 1916 4147 eos
1952 4092 2046 4161 qui

479 4174 535 4229 in
581 4175 746 4232 domo
787 4177 1127 4233 vinculorum
1191 4181 1421 4235 istorum
1481 4181 1746 4237 habentur
1789 4184 1944 4253 quasi
1990 4185 2044 4239 in

479 4280 717 4333 carcere,
755 4276 809 4321 et
835 4277 964 4323 sunt
993 4270 1045 4323 in
1074 4269 1179 4326 hoc
1211 4271 1415 4325 mundo
1438 4271 1716 4340 degentes,
1745 4274 1900 4343 quasi
1924 4289 2047 4329 car-

477 4371 601 4411 cere
647 4367 855 4412 naturae
897 4360 1219 4416 necessitate
1262 4363 1562 4418 constricti.
1596 4364 1732 4418 Cum
1766 4380 1893 4435 ergo
1931 4366 2046 4420 abi-

479 4449 685 4504 orimus
710 4450 774 4504 ad
801 4450 956 4515 tales,
986 4460 1040 4505 et
1066 4467 1227 4507 omne
1259 4468 1395 4522 opus
1433 4454 1637 4509 bonum
1672 4454 1959 4511 fecerimus
1987 4458 2041 4511 in

473 4548 578 4604 ets,
609 4541 951 4597 visitavimus
991 4559 1085 4598 eos
1116 4543 1168 4597 in
1196 4559 1431 4609 carcere,
1461 4555 1515 4600 et
1538 4545 1815 4601 Christum
1860 4548 1913 4601 in
1939 4549 2038 4604 eis.

2183 718 2328 757 nullo
2372 702 2517 772 quod
2567 700 2700 754 dicit
2737 700 2948 770 justis:
3009 696 3210 762 Venite,
3263 693 3528 748 benedicti
3571 690 3756 745 Patris

2180 793 2281 847 mei
2330 793 2400 858 ¹¹;
2442 791 2663 862 injustis
2702 799 2881 844 autem
2930 808 2944 842 :
2995 787 3256 841 Discedite
3299 803 3330 838 a
3375 800 3459 837 me
3504 782 3584 846 ¹⁸;
3632 796 3756 836 cum

2179 884 2411 941 fuissent
2439 885 2627 954 utique
2655 882 2860 947 ﬁdeles,
2896 890 2949 935 et
2978 879 3333 950 intelligimus
3376 875 3669 946 impletum
3701 873 3757 927 in

2179 975 2260 1030 eis
2283 974 2427 1042 quod
2455 973 2717 1042 scriptum
2748 980 2832 1026 est
2855 971 2898 1002 η
2933 988 2947 1024 :
2990 970 3146 1024 Omni
3179 967 3392 1021 habenti
3426 966 3671 1028 dabitur,
3705 973 3754 1016 et

2178 1063 2507 1127 abundabit;
2534 1061 2597 1114 ab
2629 1078 2687 1114 eo
2719 1073 2895 1115 autent
2935 1060 3022 1130 qui
3059 1075 3160 1111 non
3199 1056 3373 1119 habet,
3406 1056 3574 1108 etiam
3614 1054 3755 1123 quod

2175 1155 2381 1210 videtur
2420 1153 2606 1208 habere
2639 1153 2908 1222 auferetur
2932 1150 2995 1203 ab
3022 1166 3101 1204 eo.
3126 1147 3259 1202 Nam
3304 1146 3599 1218 propinqui
3626 1153 3755 1196 sunt

2178 1246 2376 1313 Verbo,
2415 1246 2511 1317 qui
2537 1253 2757 1300 servant
2789 1244 2878 1298 Dei
2922 1243 3262 1307 mandatum,
3304 1250 3359 1295 et
3386 1249 3662 1292 vocantur
3699 1247 3755 1289 ut

2175 1339 2353 1395 adhuc
2394 1338 2568 1407 magis
2594 1336 3016 1408 propinquiores
3053 1333 3357 1389 efﬁciantur
3403 1331 3697 1385 audientes
3737 1346 3751 1378 :

2188 1427 2383 1491 Venite,
2428 1426 2680 1480 benedicti
2729 1424 2909 1479 Patris
2952 1424 3075 1477 mei.
3123 1421 3304 1491 Longe
3348 1429 3532 1474 autem
3580 1419 3649 1471 ab
3690 1434 3756 1469 eo

2173 1529 2323 1585 sunt,
2369 1519 2473 1574 etsi
2527 1518 2812 1572 videantur
2851 1515 3105 1570 assistere
3153 1514 3225 1579 ei,
3255 1513 3350 1582 qui
3395 1526 3505 1564 non
3541 1509 3755 1563 faciunt

2173 1611 2427 1666 mandata
2464 1610 2654 1680 ipsius.
2679 1607 2904 1678 Propter
2938 1608 3041 1661 hoc
3067 1605 3281 1660 tolletur
3309 1605 3378 1658 ab
3407 1604 3491 1658 eis
3514 1612 3577 1656 et
3604 1601 3752 1669 quod

2172 1704 2273 1759 sibi
2302 1702 2626 1758 videbantur
2662 1700 2921 1755 assistere
2947 1698 3018 1762 ei,
3045 1697 3329 1752 audientes
3361 1713 3375 1749 :
3413 1693 3689 1747 Discedite
3718 1708 3753 1743 α

2171 1812 2292 1859 me;
2324 1803 2382 1848 ut
2408 1794 2500 1864 qui
2524 1792 2686 1848 modo
2710 1791 2791 1845 vel
2816 1790 3065 1846 videntur
3086 1804 3207 1844 esse
3231 1797 3356 1842 ante
3379 1801 3529 1848 eum,
3554 1795 3751 1854 postea

2169 1901 2269 1941 nec
2310 1885 2616 1940 videantur.
2668 1884 2893 1953 Propter
2930 1881 3075 1952 quod
3116 1891 3169 1935 et
3210 1894 3312 1934 nos
3344 1878 3612 1934 debemus
3647 1891 3752 1928 llus

2098 1954 2139 2010 Β
2168 1986 2512 2036 conservare,
2540 1986 2605 2024 ne
2627 1970 2914 2024 audiamus
2934 1976 2988 2024 et
3012 1968 3138 2038 ipsi,
3162 1976 3215 2022 et
3240 1967 3394 2038 quasi
3421 1967 3753 2036 elongantt-s

2166 2078 2267 2117 nos
2304 2064 2450 2133 ipsos
2485 2079 2515 2118 a
2540 2063 2768 2119 Domino
2799 2081 2812 2117 :
2851 2061 3113 2115 Discedite
3141 2078 3173 2113 a
3205 2077 3328 2125 me;
3354 2068 3409 2114 ct
3436 2060 3625 2123 omnia
3661 2061 3750 2113 fa-

2167 2156 2397 2220 ciamus,
2432 2164 2491 2209 ut
2523 2156 2668 2210 dicat
2701 2156 2770 2209 ad
2815 2169 2914 2208 nos
2948 2171 2961 2207 :
3022 2150 3221 2215 Venite,
3254 2152 3513 2205 benedicti
3562 2151 3750 2203 Patri;

2165 2249 2288 2303 mei.
2336 2248 2808 2303 Considerandum
2849 2256 2932 2302 est
2972 2255 3152 2300 autem
3202 2246 3463 2313 quoniam
3515 2244 3571 2302 in
3616 2259 3750 2298 san-

2166 2340 2268 2393 ctis
2302 2355 2409 2394 non
2452 2339 2627 2395 solum
2674 2339 2880 2393 dictum
2909 2346 3011 2403 est,
3041 2335 3320 2400 benedicti,
3358 2334 3453 2389 sed
3487 2349 3615 2389 cum
3647 2334 3752 2386 ad-

2164 2430 2482 2498 ditamento,
2515 2445 2623 2485 non
2671 2430 3106 2499 qualemcunque
3149 2427 3409 2481 honorem
3463 2426 3748 2489 habentis,

2164 2522 2217 2578 id
2255 2533 2338 2579 est
2369 2521 2634 2578 benedicti
2668 2536 2775 2576 non
2829 2520 3062 2591 alicujus
3094 2520 3342 2585 alterius,
3371 2519 3477 2574 nisi
3509 2516 3610 2573 Dei
3638 2516 3751 2571 Pa-

2163 2613 2281 2670 tris.
2311 2613 2545 2669 Econtra
2580 2620 2760 2677 autem
2810 2611 3009 2681 quibus
3049 2612 3269 2677 dicitur,
3296 2609 3595 2671 maledicti,
3640 2623 3746 2663 gen

2161 2706 2360 2761 dicitur
2412 2704 2683 2761 maledicti
2732 2702 2911 2758 Patris
2967 2702 3093 2757 mei.
3153 2701 3289 2756 Nam
3337 2701 3743 2757 benedictionis

2160 2796 2379 2865 quidem
2412 2794 2748 2848 ministrator
2773 2802 2857 2848 est
2890 2793 3069 2858 Pater,
3116 2793 3518 2847 maledictionis
3552 2802 3742 2845 autem

2160 2887 2542 2957 unusquisque
2568 2887 2674 2942 sibi
2696 2894 2778 2941 est
2809 2894 3020 2953 auctor,
3048 2886 3141 2955 qui
3167 2885 3549 2939 maledictione
3573 2883 3746 2954 digna

2158 2985 2243 3034 est
2280 2986 2555 3047 operatus.
2605 2977 2708 3044 Qui
2759 2985 2940 3032 autem
2989 2978 3252 3031 recedunt
3296 2977 3365 3030 ah
3398 2974 3553 3042 Jesu,
3588 2976 3747 3031 deci-

2158 3070 2295 3125 dunt
2316 3070 2373 3124 in
2403 3070 2579 3141 ignem
2623 3080 2906 3135 aeternum,
2935 3069 3027 3139 qui
3052 3069 3273 3125 alterius
3309 3069 3525 3139 generis
3551 3077 3639 3123 est
3670 3069 3745 3125 ab

2158 3161 2262 3216 hoc
2304 3162 2426 3233 igne
2458 3179 2618 3234 quem
2656 3163 2922 3218 habemus
2955 3162 3008 3216 in
3038 3178 3161 3219 usu.
3193 3163 3385 3217 Nullus
3412 3163 3559 3217 enim
3596 3163 3744 3233 ignis

2158 3255 2299 3309 inter
2324 3255 2572 3312 homines
2599 3265 2681 3310 est
2706 3266 2964 3322 aeternus,
2996 3255 3087 3310 sed
3125 3271 3225 3310 nec
3258 3254 3414 3308 multi
3447 3255 3741 3325 temporis.

2157 3347 2522 3414 exstinguitur
2564 3348 2707 3401 enim
2754 3348 2882 3402 cito.
2933 3345 3193 3401 Eternus
3238 3356 3421 3400 autem
3467 3346 3613 3417 ignis
3652 3356 3741 3401 est

2156 3436 2266 3501 ille,
2298 3438 2364 3492 de
2395 3454 2504 3509 quo
2541 3448 2594 3494 et
2626 3438 2795 3494 Isaias
2840 3438 2971 3493 dicit
3002 3439 3054 3491 in
3100 3438 3204 3493 ﬁne
3234 3439 3533 3509 prophetiae
3565 3454 3686 3493 sure
3720 3457 3736 3492 :

2165 3528 2364 3585 Vermis
2409 3546 2589 3584 eorum
2632 3548 2732 3585 non
2788 3533 3080 3595 morietur,
3116 3541 3165 3585 et
3209 3533 3344 3602 ignis
3394 3548 3575 3585 corum
3628 3549 3738 3586 ne:

2151 3625 2509 3695 exstinguetur
2538 3625 2600 3677 ⁸⁵.
2626 3623 2877 3681 Forsitan
2898 3627 3020 3682 talis
3045 3627 3363 3683 substantim
3384 3636 3490 3693 est,
3516 3636 3574 3681 ut
3601 3627 3735 3680 invi-

2153 3716 2331 3773 sibilia
2363 3717 2647 3772 comburat
2690 3717 2806 3787 ipse
2833 3719 3121 3773 invisibilis
3150 3720 3503 3783 constitutus,
3535 3735 3737 3776 serun-

2150 3808 2278 3862 dum
2311 3809 2455 3878 quod
2483 3808 2559 3862 ait
2586 3809 2878 3879 Apostolus
2916 3811 2978 3875 ¹⁶,
3012 3811 3267 3881 quoniam
3306 3827 3427 3881 quis
3456 3812 3731 3876 ridentur,

2152 3899 2460 3968 temporalia
2497 3909 2654 3966 sunt;
2694 3918 2812 3972 qua:
2851 3911 3026 3955 autem
3063 3920 3163 3955 non
3196 3903 3460 3969 videatur,
3502 3893 3729 3970 teter-ria.

2151 3990 2206 4046 Si
2235 4008 2365 4063 ergo
2409 4009 2529 4063 quae
2564 3994 2816 4049 videntur
2855 3994 3172 4064 temporalia
3207 4003 3355 4056 sunt,
3386 4010 3510 4065 qua!
3541 4008 3731 4050 autem

2147 4099 2255 4138 non
2291 4085 2540 4139 videntur
2569 4093 2770 4140 aeterna
2812 4094 2960 4150 sunt,
3007 4100 3228 4140 necesse
3268 4095 3350 4141 est
3396 4087 3443 4140 si
3491 4086 3733 4145 visibilis

2146 4185 2229 4230 est
2268 4176 2354 4230 ille
2398 4176 2560 4246 ignis,
2615 4184 2669 4230 et
2715 4176 3028 4246 temporalis
3067 4178 3156 4232 sit.
3214 4177 3270 4232 Si
3331 4188 3514 4232 autem
3565 4190 3734 4234 teter-

2146 4281 2250 4333 nus
2301 4275 2425 4341 est,
2484 4275 2538 4321 et
2591 4266 2877 4322 invisibilis
2934 4279 3054 4332 est,
3103 4283 3211 4338 quo
3259 4270 3563 4338 puniuntur
3627 4271 3731 4339 qui

2146 4359 2405 4414 recedunt
2432 4374 2463 4413 a
2508 4359 2805 4415 Salvatore.
2849 4357 2979 4413 Tale
3004 4363 3250 4430 estquod
3273 4362 3404 4416 dicit
3425 4372 3479 4417 et
3508 4362 3673 4416 Job”
3711 4383 3729 4419 :

2146 4450 2389 4504 Comedet
2433 4468 2552 4505 eum
2592 4453 2728 4521 ignis
2772 4453 2862 4522 qui
2903 4469 3003 4507 non
3038 4456 3359 4511 accenditur.
3406 4454 3485 4512 Nc
3534 4466 3731 4513 autem

2147 4546 2363 4600 mireris
2404 4547 2630 4601 audiens
2671 4562 2791 4602 esse
2829 4546 3158 4603 invisibilem
3189 4550 3364 4622 ignem
3398 4558 3452 4605 et
3484 4552 3731 4620 punien-

476 4628 774 4685 Videamus
814 4641 994 4687 autem
1025 4634 1130 4689 nisi
1158 4637 1477 4705 generaliter
1518 4638 1633 4692 haec
1668 4639 1955 4704 intellecta,
1990 4650 2044 4695 et
2076 4630 2121 4689 υ
2150 4647 2276 4702 tem,
2303 4653 2427 4692 cum
2456 4639 2638 4693 videas
2671 4639 2807 4694 inter
2838 4639 3088 4697 homines
3115 4643 3348 4697 calorem
3388 4645 3727 4712 corporibus

474 4721 543 4775 ad
589 4722 887 4791 simplicem
933 4724 1325 4782 humanitatem
1355 4745 1453 4783 nos
1495 4730 1870 4798 exhortantur,
1895 4743 1948 4788 et
1974 4735 2040 4788 ad

474 4814 659 4870 omnia
708 4815 1001 4871 laudabilia
1051 4816 1234 4882 facta,
1280 4828 1338 4873 ut
1385 4821 1812 4877 benedictionem
1864 4826 2042 4894 dignis

472 4904 741 4960 dicentem
791 4922 804 4961 :
858 4906 1057 4971 Venite,
1106 4910 1360 4964 benedicti
1403 4910 1581 4965 Patris
1631 4913 1752 4979 mei,
1783 4916 2042 4984 consequi

471 4998 598 5069 quis
620 4998 796 5053 valeat
822 5000 1002 5071 digne.
1028 4999 1145 5054 Non
1171 5012 1350 5055 autem
1372 5002 1507 5072 justi
1536 5004 1689 5059 obliti
1711 5021 1896 5061 eorum
1920 5024 2042 5078 quae

468 5100 683 5162 gerunt,
732 5102 861 5146 tunc
903 5094 1307 5163 respondebunt
1345 5096 1395 5148 ei
1433 5095 1673 5152 dicentes
1724 5116 1736 5151 :
1792 5097 2034 5165 Domine,

469 5184 687 5251 quando.
729 5193 776 5238 te
802 5183 1030 5238 vidimus
1075 5186 1429 5240 esurientem?
1472 5196 1526 5242 et
1569 5196 1762 5242 caetera
1797 5189 1838 5221 ¹⁰
1875 5211 1888 5245 :
1942 5192 2036 5245 sed

474 5272 799 5330 humilitatis
827 5290 992 5330 causa
1023 5275 1181 5331 laude
1203 5276 1608 5332 benefactorum
1631 5294 1854 5333 suorum
1893 5281 2036 5335 indi.

472 5378 609 5431 gnos
633 5381 693 5420 se
731 5367 1151 5435 proclamantes.
1176 5366 1296 5437 lpse
1326 5374 1505 5425 autem
1537 5370 1724 5424 volens
1749 5371 1830 5425 eis
1852 5380 2037 5429 osten-

471 5453 601 5508 dere
630 5469 786 5509 suam
818 5457 1247 5525 compassionem
1282 5458 1335 5512 in
1365 5459 1502 5523 suis,
1534 5459 1693 5514 etiam
1720 5476 1778 5516 se
1801 5478 2037 5531 pronun-

467 5544 568 5598 tiat
597 5560 719 5599 esse
750 5547 804 5600 in
835 5547 1037 5616 quibus
1068 5547 1271 5604 fuerint
1316 5548 1509 5606 fratres
1537 5550 1678 5621 ejus,
1706 5553 1893 5608 dicens
1935 5553 1976 5589 υ
2015 5572 2029 5608 :

467 5638 634 5689 Amen
658 5637 774 5689 dico
806 5638 969 5704 vobis,
1002 5655 1067 5693 ea:
1085 5656 1144 5693 eo
1171 5640 1309 5710 quod
1333 5641 1535 5709 fecistis
1570 5644 1661 5695 uni
1694 5643 2031 5699 minimarum

538 5837 557 5866 °
588 5834 742 5896 Joan.
790 5855 935 5900 xvtt.
981 5842 1067 5896 li.

468 5904 510 5942 ιι
533 5907 665 5969 ibid,
698 5909 783 5967 δι,
862 5911 906 5944 ιε
940 5912 1068 5967 ibid.
1106 5913 1195 5973 tt.
1273 5915 1315 5947 ιδ
1341 5916 1469 5970 ibid.
1501 5904 1592 5976 29.

1154 5843 1386 5899 ’Matth.
1444 5863 1570 5911 xvr,
1618 5849 1707 5905 25.
1775 5851 2008 5909 8llCor.
2056 5854 2248 5912 n.29.

1154 5913 1195 5966 Ι.
1273 5915 1592 5976 “ibid.29.
1670 5920 2016 5991 "ISJ.LX\'I,
2072 5923 2161 5978 Ἠ.
2242 5928 2248 5956 ¹

2146 4732 2498 4796 accidentem,
2521 4742 2574 4788 et
2597 4750 2700 4788 non
2731 4735 3073 4790 mediocriter
3092 4736 3452 4798 cruciantcm,
3477 4736 3731 4791 maxime

2145 4818 2239 4878 eos
2264 4824 2356 4893 qui
2384 4826 2453 4895 ab
2474 4840 2540 4879 eo
2569 4826 2899 4881 validissime
2928 4829 3305 4883 inoiestantur.
3335 4827 3399 4882 Et
3424 4828 3725 4883 considera

2144 4918 2400 4985 quoniam
2460 4933 2683 4987 regnum
2736 4919 2955 4989 quidem
3015 4935 3123 4975 non
3175 4921 3299 4975 aliis
3351 4933 3723 4991 praeparatum

2143 5006 2276 5061 dicit
2312 5022 2341 5061 a
2371 5009 2758 5063 constitutione
2788 5011 2972 5065 mundi
3009 5011 3110 5065 nisi
3136 5010 3320 5080 justis,
3348 5024 3401 5067 et
3437 5012 3559 5066 ideo
3587 5014 3721 5067 red-

2143 5097 2234 5151 det
2288 5097 2368 5151 eis
2408 5099 2582 5167 ipsum
2627 5115 2719 5152 rex
2762 5114 2950 5154 eorum
2989 5097 3260 5156 Christus.
3307 5099 3483 5171 Ignem
3525 5110 3720 5156 autem

2141 5197 2401 5244 teternum
2436 5207 2543 5245 non
2584 5191 2689 5246 illis
2721 5192 2920 5262 quibus
2957 5193 3156 5250 dicitur
3186 5213 3200 5249 :
3235 5195 3497 5250 Discedite
3525 5212 3560 5249 a
3601 5212 3717 5263 me,

2143 5281 2434 5350 maledicti,
2477 5291 2723 5352 paratum
2771 5271 3030 5346 ostendit,
3065 5286 3208 5341 sicut
3254 5303 3478 5359 regnum
3515 5287 3714 5356 justis,

2143 5375 2257 5429 sed.
2282 5374 2499 5430 diabolo
2527 5385 2581 5431 et
2625 5377 2829 5446 angelis
2873 5378 3013 5448 ejus,
3051 5378 3200 5448 quia,
3232 5391 3491 5450 quantum
3520 5381 3584 5435 ad
3620 5397 3714 5445 se,

2143 5466 2389 5525 homines
2424 5483 2530 5522 non
2563 5469 2628 5523 ad
2660 5470 3016 5539 perditionem
3048 5473 3272 5539 creavit,
3306 5476 3400 5530 sed
3428 5476 3492 5530 ad
3530 5475 3715 5533 vitam

2140 5570 2195 5612 ot
2217 5560 2496 5628 gaudium.
2517 5560 2811 5618 Peccantes
2831 5572 3009 5618 autem
3026 5564 3367 5635 conjungunt
3387 5582 3444 5622 se
3464 5566 3713 5635 diabolo,

2138 5658 2193 5704 ct
2219 5650 2362 5706 sicut
2394 5652 2487 5720 qui
2534 5654 2812 5711 salvantur
2849 5655 3053 5710 sanctis
3095 5658 3301 5726 angelis
3326 5668 3707 5727 coarquantur.

2325 5857 2346 5887 ⁹
2378 5855 2604 5913 Philem.
2629 5858 2679 5911 7.

2758 5861 2801 5894 ιθ
2833 5860 3020 5916 Matth.
3060 5878 3188 5931 xxv,
3217 5862 3305 5920 57.
3381 5865 3419 5899 ¹¹
3446 5861 3560 5921 ibid.
3592 5861 3704 5923 40.

2242 5925 2284 5957 ¹⁶
2307 5925 2347 5978 ll
2373 5928 2498 5982 Cor.
2540 5944 2610 5995 tv,
2654 5930 2739 5986 l8.

2816 5933 2857 5964 ⁸⁷
2892 5948 2983 6000 xx,
3013 5933 3102 5992 26.
