4004 6536
296 400 440 458 1717

1456 390 2110 453 COMMENTARIORUM
2150 356 2416 450 Senties.

3423 402 3558 455 ΠΗ

292 527 348 574 et
372 518 511 574 ﬁunt
534 517 626 573 lilii
654 516 1097 584 resurrectionis,
1133 524 1189 571 et
1212 514 1311 571 ﬁlii
1347 512 1466 582 Dei,
1492 523 1545 570 et
1567 513 1767 585 angeli,
1801 512 1881 566 sic
1911 514 1952 570 Α
1984 508 2212 575 fecistis,
2248 507 2327 563 illi
2379 516 2697 563 recusantes
2735 508 2942 578 dicant,
2987 526 3088 568 nee
3122 511 3249 578 hoc,
3292 527 3393 568 nec
3435 512 3560 577 hoc,

292 611 388 681 qui
439 617 701 682 pereunt,
746 609 950 667 diaboli
994 608 1204 681 angelis
1242 616 1598 679 coaequantur
1635 616 1690 665 et
1738 607 1875 663 ﬁunt

292 702 391 758 ﬁlii
423 701 567 773 ejus.

366 793 456 849 73.
490 791 707 849 Esurivi
743 793 905 857 enim,
928 801 977 848 et
1005 808 1107 847 non
1132 791 1354 847 dedistis
1379 791 1510 846 mihi
1532 790 1873 853 manducare,

292 893 349 941 et
373 893 570 940 caetera
603 885 669 940 "'.
710 882 989 955 Scriptum
1036 893 1122 939 est
1166 884 1231 938 ad
1263 882 1449 939 ﬁdeles
1479 885 1522 918 ¹⁹
1557 901 1572 938 :
1616 882 1716 938 Vos
1748 883 1875 936 estis

293 992 483 1047 corpus
507 974 731 1039 Christi,
752 984 802 1029 et
826 975 1059 1029 membra
1080 988 1145 1028 ea:
1166 982 1335 1043 parte.
1361 971 1516 1028 Sicut
1537 988 1669 1043 ergo
1694 973 1875 1027 anima

294 1067 552 1124 habitans
598 1066 655 1123 in
691 1082 922 1137 corpore
960 1082 1087 1122 cum
1117 1081 1229 1122 non
1257 1066 1466 1122 esuriat
1492 1074 1758 1137 quantum
1808 1064 1875 1119 ad

293 1171 452 1214 suam
490 1156 855 1213 substantiam
887 1157 1212 1227 spiritalem,
1240 1156 1414 1212 esurit
1458 1164 1642 1211 tamen
1677 1170 1876 1212 unum-

292 1264 571 1320 quemque
597 1250 848 1319 corporis
875 1249 1081 1315 cibum,
1108 1249 1237 1320 quia
1274 1248 1523 1319 copulata
1550 1256 1635 1303 est
1660 1247 1874 1316 corpori

293 1356 399 1396 suo
446 1358 461 1397 :
506 1341 586 1397 sic
627 1351 682 1396 et
726 1340 979 1397 Salvator
1029 1342 1231 1417 patitur
1270 1355 1392 1411 quae
1434 1342 1639 1410 patitur
1678 1354 1878 1409 corpus

291 1431 414 1501 ejus
437 1429 703 1496 Ecclesia,
728 1447 853 1487 cum
884 1432 957 1487 sit
985 1432 1104 1501 ipse
1129 1431 1488 1502 impassibilis
1516 1439 1783 1502 quantum
1809 1432 1878 1486 ad

293 1538 454 1578 suam
483 1522 848 1578 divinitatem.
886 1522 1107 1579 Sanctis
1152 1524 1299 1579 enim
1336 1522 1703 1592 indigentibus
1733 1522 1875 1587 cibo,

290 1623 347 1669 et
362 1614 477 1685 ipse
506 1615 696 1670 esurit.
732 1615 869 1670 Aliis
888 1625 1068 1670 autem
1092 1615 1354 1671 membris
1375 1615 1492 1670 suis
1512 1614 1878 1670 necessariam

291 1704 620 1761 habentibus
661 1705 1009 1771 medicinam,
1056 1713 1111 1760 et
1153 1706 1270 1776 ipse
1304 1705 1463 1775 quasi
1507 1704 1757 1759 inﬁrmus
1783 1719 1881 1759 ne-

1977 616 2079 656 nec
2120 601 2225 656 hoc
2264 598 2495 655 fecimus
2534 598 2651 653 tibi.
2686 597 2878 668 lnjusti
2917 615 3027 656 non
3074 602 3147 657 ita
3194 618 3290 673 per
3322 602 3561 675 singula,

1978 692 2071 747 sed
2100 691 2307 748 cursim
2335 691 2526 747 dicunt
2558 691 2604 721 ”
2644 707 2659 745 :
2698 689 2922 755 Quando
2966 701 3014 746 te
3052 694 3279 747 vidimus
3324 696 3563 748 esurien-

1979 766 2103 850 tem,
2135 793 2230 839 aut
2257 784 2545 850 sitientem,
2577 785 3053 855 autperegrinum,
3079 795 3170 839 aut
3214 785 3437 851 nudum,
3465 793 3561 839 aut

1977 870 2269 939 inﬁrmum,
2305 881 2397 925 aut
2425 872 2479 924 in
2507 887 2737 937 carcere,
2766 884 2815 928 et
2846 888 2950 926 non
2984 875 3402 932 ministravimus
3426 873 3559 928 tibi?

1977 962 2197 1017 verbam
2237 963 2658 1019 ministravimus
2693 966 2790 1020 tibi
2833 967 2899 1020 ad
2930 965 3115 1020 omnia
3158 964 3473 1031 referentes,
3507 977 3557 1021 et

1976 1056 2134 1125 quasi
2163 1055 2519 1125 praecidentes
2546 1066 2601 1111 et
2639 1065 3031 1126 praatereuntes
3057 1056 3290 1111 crimina
3320 1058 3558 1129 singula,

1978 1160 2038 1202 ut
2069 1163 2177 1202 non
2225 1149 2476 1219 graviora
2512 1148 2797 1204 vidcantur
2832 1150 3120 1221 diligenter
3147 1158 3202 1206 et
3246 1149 3561 1221 singulatim

1976 1250 2296 1295 enumerata
2330 1257 2343 1295 :
2380 1240 2509 1310 quia
2541 1242 2821 1311 proprium
2856 1241 3125 1296 malorum
3158 1241 3443 1297 hominum
3476 1248 3563 1297 est

1977 1332 2169 1401 culpas
2212 1346 2366 1396 suas,
2410 1334 2782 1390 excusationis
2824 1349 3015 1398 causa,
3056 1341 3150 1388 aut
3195 1334 3377 1390 nullas
3423 1334 3563 1389 velle

1978 1424 2285 1489 ostendere,
2320 1434 2414 1480 aut
2460 1426 2607 1481 leves
2653 1435 2707 1481 et
2751 1441 2977 1495 paucas.
3025 1426 3130 1481 Sed
3178 1434 3235 1482 et
3278 1427 3564 1497 responsio

1978 1516 2182 1571 Christi
2205 1525 2315 1570 tam
2349 1517 2415 1570 ad
2441 1516 2623 1585 justos
2657 1516 2821 1581 facta,
2846 1532 3008 1586 quam
3042 1517 3107 1572 ad
3132 1518 3387 1588 injustos,
3412 1518 3563 1573 hunc

1980 1606 2159 1677 ipsum
2190 1607 2463 1678 signiﬁcat
2489 1607 2844 1663 intellectum.
2882 1608 3081 1665 Volens
3104 1610 3251 1663 enim
3280 1608 3556 1679 justorum

1981 1697 2262 1754 benefacta
2308 1698 2594 1755 ostendere
2652 1700 2907 1770 grandia,
2968 1710 3315 1771 peccatorum
3376 1708 3556 1754 autem

291 1797 587 1852 cessariam
626 1797 811 1852 habet.
832 1795 961 1852 item
1002 1796 1124 1853 aliis
1141 1798 1489 1868 susceptione
1513 1812 1650 1868 opus
1672 1795 1876 1851 haben-
1976 1788 2162 1858 culpas
2181 1804 2292 1842 non
2318 1789 2566 1860 grandes,
2589 1789 2655 1843 ad
2678 1789 2850 1857 justos
2878 1788 3093 1857 quidem
3121 1787 3252 1842 dicit
3275 1786 3320 1819 "
3350 1783 3473 1841 :Ex
3491 1801 3569 1840 ee‘

289 1890 458 1957 tibus,
492 1890 608 1961 ipse
636 1890 791 1961 quasi
823 1890 1142 1962 peregrinus
1172 1891 1229 1946 in
1259 1891 1340 1946 eis
1366 1893 1561 1962 quam;
1588 1889 1683 1944 ubi
1711 1897 1875 1959 caput
1911 1868 1958 1922 Β
1976 1881 2113 1950 quod
2128 1880 2319 1951 fecistis
2348 1881 2441 1934 uni
2471 1896 2535 1934 ea:
2563 1880 2793 1936 minimis
2822 1879 2934 1933 istis
2965 1878 3214 1949 fratribus
3246 1879 3397 1945 meis,
3422 1878 3573 1932 mihi.

291 1996 454 2037 suum
504 1984 750 2039 reclinet.
791 1981 883 2038 Sic
912 1992 967 2038 et
999 1983 1054 2038 in
1089 1984 1252 2039 nudis
1287 1984 1448 2054 alget,
1479 1991 1534 2037 et
1576 1982 1629 2037 in
1661 1980 1873 2037 vestitis

290 2074 546 2129 vestitur.
592 2073 657 2129 Et
688 2074 734 2130 si
767 2089 832 2129 ex
875 2074 1169 2130 dilectione
1199 2073 1403 2129 Paulus
1432 2072 1566 2127 dicit
1597 2073 1644 2105 '°
1687 2090 1701 2127 :
1739 2069 1871 2135 Quis

287 2165 459 2237 89o
488 2166 814 2235 inﬁrmatur,
838 2176 890 2221 et
939 2183 1042 2221 non
1070 2167 1357 2235 inﬁrmor?
1383 2173 1439 2221 et
1466 2164 1570 2220 hoc
1594 2164 1770 2233 magis
1794 2163 1871 2218 .ad

288 2258 508 2314 laudem
542 2258 766 2329 respicit
797 2259 1043 2330 Apostoli
1079 2257 1414 2314 ostendentis
1440 2256 1868 2327 magnitudinem

288 2350 576 2407 charitatis
618 2366 730 2406 suae
770 2351 916 2407 circa
963 2351 1149 2407 ﬁdeles
1184 2368 1198 2405 :
1246 2349 1523 2420 quomodo
1556 2363 1666 2402 non
1696 2348 1871 2417 magis

288 2457 456 2512 quam
504 2440 709 2499 Paulus
758 2451 816 2498 et
867 2441 1049 2499 omnis
1097 2443 1263 2496 homo
1315 2440 1603 2498 dilectione
1644 2447 1871 2494 ornatus

287 2531 465 2587 Filius
496 2532 780 2587 charitatis
811 2531 905 2587 Dei
955 2531 1208 2587 Salvator
1240 2530 1421 2586 dicere
1457 2538 1635 2600 potest
1673 2543 1873 2604 conve-

282 2624 538 2679 .nienter:
568 2624 699 2689 Quis
721 2624 1027 2694 inﬁrmatur
1051 2632 1103 2678 et
1128 2638 1232 2676 non
1258 2622 1538 2692 infirmari
1559 2621 1676 2691 quis
1715 2636 1871 2675 scan-

288 2714 587 2779 dalizatur,
612 2725 661 2769 et
684 2731 786 2768 non
809 2731 903 2786 ego
927 2730 1054 2768 uror
1073 2716 1098 2768 ?
1123 2713 1351 2784 Propter
1383 2711 1529 2782 quod
1567 2711 1701 2766 dicit
1731 2731 1744 2766 :
1777 2710 1873 2764 In-

290 2806 479 2877 firmus
501 2806 603 2875 fui,
625 2806 705 2859 sic
722 2814 772 2860 et
795 2807 851 2860 in
873 2821 1081 2860 carcere
1099 2805 1201 2876 fui,
1223 2815 1270 2859 et
1296 2820 1397 2858 non
1420 2804 1681 2859 visitastis
1700 2819 1781 2857 me
1802 2804 1867 2856 “.

289 2896 351 2951 In
405 2913 626 2952 carcere
666 2897 813 2952 enim
864 2897 1112 2953 membro
1161 2895 1365 2952 Christi
1407 2896 1724 2961 constituto,
1756 2896 1872 2964 ipse

290 3005 404 3045 non
455 3000 539 3045 est
591 2991 807 3044 solutus
853 3004 884 3044 a
932 3003 1152 3044 carcere
1195 2988 1289 3059 qui
1332 2986 1466 3042 dicit
1498 2986 1567 3042 de
1594 2985 1744 3056 justo
1770 2987 1815 3018 "
1853 3003 1868 3040 :

288 3080 425 3136 Cum
454 3081 568 3151 ipso
603 3099 719 3135 sum
750 3081 806 3134 in
851 3080 1211 3145 tribulatione,
1268 3079 1373 3133 hoc
1415 3085 1502 3133 est
1531 3078 1872 3133 contribuior

288 3171 364 3227 ei.
390 3170 545 3229 Sicut
571 3172 715 3227 enim
746 3172 840 3243 qui
865 3187 1019 3227 meus
1056 3179 1159 3238 est,
1183 3171 1239 3225 in
1269 3168 1625 3224 tribulatione
1655 3184 1867 3224 mecum

1978 1972 2190 2044 fecistis.
2221 1971 2303 2028 Ad
2345 1972 2576 2043 injustos
2616 1981 2796 2027 autem
2830 1972 2908 2027 sic
2948 1972 2994 2003 “
3026 1987 3039 2022 :
3070 1969 3154 2024 Ea:
3184 1986 3243 2023 eo
3281 1968 3419 2039 quod
3448 1985 3552 2022 non

1979 2064 2171 2135 fecistis
2215 2065 2307 2118 uni
2342 2080 2406 2118 ea:
2446 2064 2679 2119 minimis
2718 2064 2851 2127 istis,
2893 2080 2984 2118 nec
3026 2063 3154 2117 mihi
3197 2061 3407 2133 fecistis,
3441 2076 3549 2114 non

1977 2156 2239 2226 adjiciens
2268 2157 2518 2227 fratribus
2544 2158 2692 2221 meis,
2727 2154 3180 2226 quemadmodum
3208 2170 3333 2209 cum
3363 2154 3555 2222 loqur-

1980 2257 2130 2304 retur
2144 2248 2212 2303 ad
2230 2248 2432 2319 justos.
2457 2235 2594 2302 Nam
2613 2248 2836 2303 abusive
2854 2247 3073 2318 quidem
3095 2261 3295 2301 nomen
3319 2245 3551 2317 [omnes]

1973 2334 2258 2391 credentes
2300 2334 2358 2387 in
2391 2332 2613 2389 Christo
2659 2332 2853 2388 fratres
2898 2341 3028 2388 sunt
3075 2332 3301 2388 Christi.
3348 2330 3557 2386 Revera

1972 2434 2153 2481 autem
2191 2424 2390 2480 fratres
2410 2424 2530 2495 ejus
2559 2434 2706 2488 sunt,
2735 2424 2828 2493 qui
2860 2423 3085 2493 perfecti
3114 2431 3263 2487 sunt,
3287 2428 3340 2477 et
3369 2421 3557 2476 imita-

1973 2528 2122 2574 tores
2150 2528 2280 2573 sunt
2305 2516 2445 2588 ejus,
2479 2518 2622 2573 sicut
2654 2516 2745 2570 ille
2774 2516 2865 2585 qui
2894 2516 3031 2569 dixit
3063 2532 3077 2569 :
3114 2513 3420 2568 Imitatares
3453 2513 3557 2566 mei

1971 2620 2154 2673 estote,
2181 2610 2319 2662 sicut
2360 2618 2409 2664 et
2441 2623 2536 2679 ego
2577 2606 2778 2663 Christi
2814 2607 2891 2673 '7;
2925 2607 3020 2677 qui
3053 2615 3287 2677 possunt
3312 2605 3494 2660 dicere
3540 2623 3558 2659 :

1974 2701 2139 2756 Pater
2182 2709 2361 2756 noster
2396 2701 2488 2771 qui
2521 2715 2576 2755 es
2609 2700 2667 2754 in
2694 2699 2838 2755 catis
2871 2699 2937 2754 ⁸⁸.
2987 2696 3208 2755 Gratius
3246 2706 3331 2756 est
3376 2706 3564 2753 autem

1973 2790 2116 2861 apud
2161 2788 2334 2845 Deum
2385 2804 2527 2859 opus
2557 2788 2763 2844 bonum
2813 2786 2961 2859 quod
2995 2787 3058 2842 iit
3100 2787 3157 2841 in
3194 2785 3563 2842 sanctioribus

1973 2899 2143 2955 quam
2173 2885 2226 2938 in
2259 2882 2506 2939 minimis
2539 2880 2768 2948 sanctis,
2791 2890 2847 2935 et
2872 2878 3047 2934 levior
3070 2878 3239 2947 culpa.
3261 2886 3347 2932 est
3389 2877 3575 2946 negti.

1972 2992 2100 3047 gere
2116 2975 2301 3030 minus
2325 2982 2543 3030 sanctos
2558 2986 2724 3042 quam
2749 2971 3071 3026 sanctiores.
3097 2967 3351 3023 Minimos
3377 2977 3557 3022 autem

1974 3067 2065 3122 hic
2089 3065 2245 3133 dicit,
2276 3074 2373 3119 aut
2394 3063 2551 3134 quasi
2584 3064 2640 3116 in
2665 3060 2872 3116 mundo
2906 3059 3164 3114 minimos
3195 3057 3575 3121 existimatos,

1972 3167 2068 3215 aut
2090 3158 2218 3229 quia
2246 3155 2391 3227 apud
2428 3155 2636 3224 seipsos
2667 3152 2882 3207 minimi
2910 3160 3086 3207 erant.
3130 3146 3388 3204 Veientes
3412 3148 3571 3202 enim-

289 3271 396 3332 est,
425 3263 505 3321 sic
531 3273 587 3320 et
624 3279 725 3335 ego
759 3220 813 3318 in
847 3220 1198 3319 tribulatiorie
1227 3277 1352 3318 cum
1386 3276 1452 3317 eo
1491 3276 1634 3316 sum.
1670 3259 1736 3316 Et
1766 3262 1872 3316 hoc
1899 3220 1941 3279 ϐ
1977 3250 2120 3322 apud
2144 3249 2316 3305 Deum
2357 3248 2471 3303 ﬁeri
2506 3247 2711 3317 magni,
2740 3245 2952 3315 seipsos
2979 3242 3237 3335 minimos
3268 3240 3559 3296 faciebant.

290 3357 420 3412 dico
460 3371 569 3410 non
601 3355 861 3425 ignorans
901 3353 1267 3425 vulgariorem
1313 3352 1459 3407 illam
1499 3350 1870 3406 traditionem.

290 3447 362 3504 Et
394 3449 501 3504 hoc
544 3448 852 3512 considera,
897 3448 1025 3516 quia
1075 3447 1398 3500 immoratur
1442 3445 1495 3499 in
1546 3458 1876 3514 unoquoque

295 3541 462 3595 verbo
495 3541 724 3610 loquens
749 3539 815 3594 ad
838 3539 1042 3610 justos,
1070 3545 1125 3593 et
1154 3537 1385 3593 laudans
1409 3551 1527 3604 eos,
1559 3546 1613 3591 et
1641 3551 1738 3606 per
1763 3537 1878 3591 sin-

292 3634 448 3702 gulas
479 3632 687 3701 species
728 3645 916 3685 eorum
951 3627 1235 3684 benefacta
1265 3628 1590 3683 dinumerat.
1622 3625 1876 3698 Loquens

293 3734 475 3780 autem
520 3723 587 3779 ad
627 3724 862 3792 injustos
901 3720 1147 3791 praecidit
1191 3720 1605 3790 compendians,
1650 3729 1704 3774 et
1741 3733 1874 3774 con-

292 3823 559 3892 colligens
597 3812 884 3875 maiel‘acta
921 3831 1109 3872 eorum
1146 3815 1200 3869 in
1235 3814 1397 3869 breve
1444 3832 1456 3867 :
1494 3814 1545 3868 id
1582 3824 1666 3870 est
1714 3813 1878 3884 justis

292 3914 511 3986 quidem
539 3917 607 3967 de
639 3910 954 3966 inﬁrmitate
981 3908 1111 3963 dicit
1141 3925 1154 3962 :
1186 3903 1443 3976 Inﬁrmus
1467 3905 1568 3974 fui,
1600 3914 1648 3959 et
1686 3906 1876 3958 visita-

290 4010 390 4063 stis
436 4022 547 4070 me;
593 4002 882 4075 separatim
926 4011 1106 4056 autem
1149 4002 1217 4057 de
1260 4012 1519 4055 carcere:
1573 3995 1649 4051 In
1670 4013 1878 4051 carcere

292 4100 405 4170 fui,
445 4108 494 4153 et
529 4098 745 4151 venistis
778 4094 847 4147 ad
879 4109 978 4147 me.
1017 4093 1099 4146 Ad
1140 4091 1375 4161 injustos
1412 4098 1591 4145 autem
1627 4104 1751 4144 cum
1776 4102 1876 4157 po-

296 4194 495 4248 tuisset
525 4190 780 4246 similiter
817 4188 995 4243 facere
1021 4205 1035 4241 :
1062 4186 1316 4240 inﬁrmus
1343 4182 1443 4250 fui,
1473 4191 1528 4237 et
1551 4196 1659 4236 non
1684 4181 1845 4235 visita
1870 4211 1878 4219 -

294 4286 396 4341 stis
429 4298 547 4348 me;
576 4283 628 4336 in
653 4295 874 4337 carcere
899 4279 1000 4339 fni.
1026 4287 1079 4333 et
1105 4291 1214 4331 non
1244 4275 1475 4330 venistis
1502 4274 1568 4328 ad
1598 4288 1708 4337 me,
1736 4287 1869 4342 pra:-

296 4375 483 4429 cidens
507 4369 1205 4436 narrationem,subunavit
1220 4376 1534 4436 utrumque,
1551 4365 1765 4420 dicens:
1786 4362 1880 4416 In-

300 4469 482 4539 ﬁrmus
506 4466 585 4536 fui
609 4475 657 4520 et
682 4465 737 4519 in
757 4478 982 4529 carcere,
1007 4473 1054 4515 et
1080 4477 1183 4514 non
1206 4458 1462 4514 visitastis
1491 4473 1589 4511 me.
1607 4455 1875 4523 Quoniam

1976 3344 2134 3415 quasi
2156 3341 2465 3398 charissimi
2493 3338 2747 3409 discipuli
2775 3338 2895 3407 ejus
2924 3336 3020 3405 qui
3047 3334 3185 3390 dixit
3215 3336 3258 3367 '9
3295 3352 3307 3387 :
3354 3333 3556 3386 Discite

1978 3455 2011 3492 α
2064 3453 2165 3501 me,
2205 3436 2335 3507 quia
2392 3430 2542 3485 mitis
2580 3443 2698 3483 sum
2734 3437 2784 3483 et
2824 3422 3042 3482 Immitis
3113 3427 3290 3481 corde.
3336 3424 3402 3480 Et
3457 3425 3561 3479 hoc

1978 3530 2197 3586 attende
2218 3528 2480 3600 quoniam
2514 3540 2638 3583 cum
2667 3524 2822 3595 prius
2849 3522 3081 3578 dixisset
3112 3536 3126 3573 ε
3173 3516 3370 3584 Venite,
3411 3517 3563 3570 bene.

1976 3623 2129 3689 dicti,
2167 3621 2362 3677 deinde
2393 3638 2408 3674 :
2442 3618 2727 3681 Discedite,
2766 3613 3076 3677 maledicti;
3119 3609 3379 3681 quoniam
3431 3620 3563 3677 pro-

1978 3716 2156 3785 prium
2192 3712 2319 3767 boni
2348 3710 2445 3765 Dei
2470 3718 2554 3766 est
2578 3707 2733 3779 prius
2768 3703 3045 3760 recordari
3071 3700 3357 3756 benefacta
3389 3697 3562 3751 bono-

1977 3823 2099 3861 rum
2128 3819 2311 3876 .quam
2355 3799 2645 3856 malefacta
2693 3796 2963 3851 maiorum
3016 3811 3029 3846 :
3082 3799 3270 3861 postea
3317 3789 3373 3843 in
3408 3786 3561 3841 exitu

1977 3909 2336 3966 utrorumque
2358 3894 2510 3964 prius
2533 3888 2782 3944 nominat
2807 3898 3022 3956 pinnam
3048 3881 3340 3944 malorum,
3364 3877 3561 3932 deinde

1977 3993 2148 4045 vitam
2178 3990 2446 4044 bonorum
2479 3983 2669 4037 dicens
2691 3978 2736 4012 ’°
2768 3996 2781 4032 :
2815 3975 2884 4029 Et
2922 3976 3137 4029 abibunt
3162 3971 3246 4025 illi
3272 3970 3328 4023 in
3354 3984 3562 4039 poenam

1979 4097 2251 4146 arternam,
2287 4080 2342 4133 hi
2382 4086 2559 4132 autem
2601 4074 2657 4128 in
2690 4073 2855 4127 vitam
2896 4076 3191 4130 wternam;
3220 4072 3280 4120 ut
3321 4065 3582 4139 primum

1979 4192 2102 4247 quae
2129 4174 2346 4229 timoris
2373 4180 2501 4227 sunt
2525 4167 2792 4224 evitemus
2818 4162 2982 4229 maia,
3012 4168 3199 4230 postea
3225 4172 3347 4229 quae
3388 4157 3560 4211 bono.

1980 4269 2057 4322 ris
2088 4273 2237 4329 sunt,
2272 4270 2594 4332 appetamus
2623 4257 2787 4312 bona.

2053 4355 2140 4410 74.
2174 4353 2244 4407 Et
2294 4353 2495 4423 factum
2542 4357 2619 4403 est
2655 4354 2932 4417 postquam
2977 4339 3359 4395 consummavit
3402 4336 3574 4390 Iesus.

1983 4464 2160 4506 omnes
2189 4458 2453 4501 sermones
2483 4442 2598 4506 hos,
2630 4438 2767 4492 dixit
2805 4434 3079 4504 discipulis
3124 4432 3327 4488 suis“.
3363 4429 3576 4487 Violenta;

299 4528 674 4628 misericordis
694 4557 898 4629 judicis
917 4528 1334 4610 eratbenefacta
1356 4549 1574 4620 quidem
1593 4549 1875 4603 hominum
1914 4553 1955 4606 ι)
1981 4539 2268 4597 ostendere
2314 4535 2459 4606 quod
2494 4532 2678 4629 omnia
2723 4530 2777 4583 in
2823 4528 3175 4629 ponderezet
3209 4537 3466 4629 numero-,-
3506 4531 3574 4629 et-

295 4653 506 4725 largius
552 4651 853 4723 prmdicare
905 4655 959 4701 et
1004 4643 1299 4713 ampliare,
1358 4638 1645 4694 malefacta
1695 4648 1873 4692 autem

295 4762 488 4801 eorum
538 4745 853 4799 transitorie
898 4756 1204 4799 memorare
1258 4749 1323 4789 ac
1366 4733 1632 4789 breviare.
1673 4732 1776 4787 Sed
1823 4738 1877 4785 et

294 4838 428 4910 justi
458 4838 821 4891 immorantur
851 4837 904 4889 in
936 4848 1265 4903 unoquoque
1295 4830 1483 4894 verbo,
1525 4826 1768 4881 dicentes
1791 4824 1872 4877 ²⁸ε

302 4933 530 4999 Quando
562 4942 611 4986 te
645 4931 868 4985 vidimus
909 4928 1219 4983 esurientem
1248 4934 1297 4979 et
1333 4922 1641 4983 cibavimus,
1670 4929 1761 4972 aut
1798 4917 1875 4971 si-

302 5027 515 5081 tientem
557 5033 605 5079 et
633 5022 950 5093 potavimus,
990 5027 1083 5072 aut
1118 5019 1315 5071 nudum
1348 5024 1396 5068 et
1427 5013 1745 5075 vestivimus,
1785 5018 1880 5062 aut

299 5116 631 5189 peregrinum
674 5122 723 5168 et
746 5110 1093 5181 collegimus?
1144 5107 1249 5160 Aut
1297 5104 1507 5174 quando
1562 5110 1608 5156 te
1654 5100 1878 5154 vidimus

299 5209 600 5278 inﬁrmant,
649 5213 743 5258 aut
783 5204 838 5257 in
883 5199 1130 5254 carcere?
1166 5195 1436 5264 Quoniam
1486 5190 1763 5262 proprium
1798 5197 1882 5242 est

298 5300 572 5371 justorum
606 5296 868 5352 beneﬁcia
912 5308 1010 5349 sua
1048 5292 1215 5347 relata
1253 5287 1356 5344 sibi
1382 5287 1434 5341 in
1469 5284 1628 5348 facie,
1653 5281 1881 5350 diligen-

282 5447 286 5463 1
305 5400 388 5446 ter
408 5399 463 5446 et
483 5405 576 5460 per
593 5389 802 5459 singula
823 5386 1059 5441 refutare
1075 5397 1240 5439 causa
1256 5377 1603 5435 humilitatis:
1622 5385 1880 5441 tanquam

281 5468 353 5540 ‘si
381 5484 593 5540 dicente
620 5481 872 5546 Domino,
908 5480 1035 5543 hoc,
1067 5483 1122 5532 et
1144 5476 1331 5540 hoc,et
1361 5473 1464 5528 hoc
1490 5471 1693 5527 bonum
1712 5467 1766 5521 in
1795 5478 1881 5519 me

266 5584 283 5699 ἱ
382 5706 424 5738 ³³
454 5704 644 5759 Matth.
672 5718 801 5763 xxv,
833 5701 922 5755 4%.
1029 5700 1069 5729 ¹⁹
1103 5699 1119 5751 Ι
1150 5696 1275 5751 Cor.
1305 5711 1401 5759 χιι,
1426 5693 1519 5748 27.

306 5777 377 5831 57
405 5758 465 5829 et
487 5758 640 5844 seqq.
716 5758 1058 5844 "intrati.
1115 5769 1181 5844 es
1211 5767 1342 5821 ibid.
1374 5758 1460 5844 to.
1507 5761 1744 5844 n‘iibid.
1797 5758 1884 5844 ιδ.

307 5848 354 5879 ⁸ο
393 5839 580 5901 Matth:
607 5839 737 5907 'xxv,
765 5841 832 5896 46
883 5840 953 5890 .³ι
982 5839 1166 5894 Matth.
1195 5850 1344 5903 xxvr,
1378 5839 1430 5890 i.

1627 5690 1670 5721 ὀ
1700 5687 1741 5741 Ii
1772 5686 1900 5741 Cor.
1926 5700 2001 5743 tu,
2030 5682 2122 5736 9.9.

1505 5833 1548 5864 ³³
1574 5830 1731 5884 loan.
1774 5844 1835 5893 ll,
1870 5832 1920 5881 vi.

1986 4645 2243 4687 mensura
2276 4624 2561 4684 constituit
2601 4621 2767 4683 Deus,
2804 4618 2937 4673 dicit
2965 4617 3017 4671 in
3054 4616 3239 4686 aliquo
3274 4614 3394 4668 loco
3423 4615 3466 4647 ³²
3492 4611 3563 4666 ad

1984 4737 2209 4780 matrem
2253 4734 2407 4778 suam
2452 4737 2463 4771 :
2513 4714 2763 4770 Nondum
2795 4711 2931 4766 venit
2969 4710 3098 4764 hara
3133 4724 3268 4764 mea.
3301 4706 3433 4761 item
3463 4704 3508 4736 ³³
3544 4721 3559 4758 :

1988 4817 2143 4871 Nunc
2177 4815 2357 4868 anima
2392 4827 2508 4865 mea
2539 4810 2802 4870 turbatur,
2845 4813 2895 4857 et
2942 4804 3069 4874 quid
3113 4802 3327 4856 dicant?
3374 4799 3572 4865 Pater,

1983 4912 2131 4964 salva
2158 4925 2237 4961 me
2268 4921 2334 4961 ex
2366 4905 2463 4957 hac
2496 4902 2646 4955 hara.
2682 4899 2783 4954 Sed
2819 4907 3031 4965 propter
3061 4895 3155 4948 hoc
3185 4895 3298 4947 veni
3342 4894 3398 4945 in
3425 4892 3563 4944 hanc

1985 5002 2191 5054 horam.
2222 4997 2354 5052 Item
2384 4994 2430 5026 ³³
2459 5011 2470 5047 :
2504 4991 2690 5053 Pater,
2728 4990 2862 5043 venit
2899 4988 3050 5047 liora,
3079 4982 3319 5051 clariﬁca
3358 4981 3561 5034 Filium

1987 5103 2154 5156 tuum,
2189 5098 2246 5142 ut
2270 5096 2319 5141 et
2352 5084 2531 5139 Filius
2564 5094 2684 5135 tuus
2715 5079 2975 5147 clari/iret
3008 5087 3076 5130 te.
3125 5072 3217 5128 Sic
3265 5082 3318 5127 et
3366 5073 3559 5125 horam

1987 5181 2274 5252 constituit
2322 5176 2594 5248 passionis
2624 5173 2746 5228 Filii
2792 5172 2897 5226 sui.
2930 5169 3057 5223 ideo
3103 5168 3203 5221 etsi
3248 5164 3562 5234 frequenter

1983 5272 2208 5329 insidias
2232 5282 2428 5340 passus
2455 5276 2539 5321 est
2562 5281 2593 5319 a
2622 5262 2847 5325 Judaeis,
2883 5259 3018 5314 nihil
3044 5258 3217 5328 potuit
3250 5257 3359 5327 pati
3384 5256 3562 5310 disce-

1982 5369 2144 5423 dente
2165 5365 2232 5419 ab
2259 5378 2326 5417 eo
2355 5359 2579 5416 diabolo
2611 5371 2787 5426 usque
2817 5355 2884 5409 ad
2916 5361 3129 5422 tempus
3164 5370 3176 5405 :
3205 5359 3260 5405 et
3284 5348 3418 5403 nihil
3446 5347 3561 5418 pati

1982 5464 2216 5531 poterat,
2246 5455 2420 5511 donec
2445 5458 2852 5508 consummaret
2880 5462 3071 5505 omnes
3103 5458 3382 5501 sermones
3405 5456 3560 5505 suos,

2228 5679 2269 5710 “
2309 5676 2503 5732 Matth.
2537 5689 2662 5735 xxv,
2699 5672 2786 5727 43.
2820 5674 2864 5705 “
2898 5669 3042 5725 Psal.
3074 5685 3161 5732 xc,
3187 5667 3272 5723 15.
3350 5666 3395 5699 ⁸³
3424 5666 3559 5724 ibid.

2002 5755 2043 5784 ’⁷
2078 5751 2091 5803 i
2126 5750 2255 5804 Cor.
2293 5763 2368 5810 xi,
2412 5747 2461 5800 l.
2575 5746 2618 5777 ’⁸
2644 5742 2831 5797 Matth.
2866 5757 2939 5805 vi,
2967 5742 3020 5795 9.
3050 5742 3095 5771 "
3127 5738 3317 5794 Matth.
3350 5753 3428 5801 XI,
3461 5737 3556 5797 29.

2000 5821 2217 5876 δτιιοςιιι.
2252 5818 2475 5893 κιι,’27,
2500 5816 2589 5871 28.
2666 5815 2708 5847 ³⁸
2735 5813 2893 5868 .ioan.
2929 5827 3058 5880 xm,
3087 5811 3138 5866 1.
