4004 6536
445 347 580 402 1719

1621 341 1945 398 ORIGENIS
1981 341 2050 396 IN
2093 341 2506 432 MATTIUEDM

3554 344 3578 398 Ι
3590 342 3694 399 790

442 481 583 538 quos
624 471 981 537 proposuerat
1011 463 1192 519 dicere
1230 463 1512 534 discipulis
1544 465 1678 520 suis.
1719 463 2011 535 Propterea
2045 469 2084 524 Λ
2115 462 2334 529 ludam,
2371 463 2592 520 tradidit
2624 478 2773 518 eum.
2810 463 2914 520 Sed
2950 473 3004 519 et
3033 464 3306 534 principes
3345 461 3692 519 sacerdotum

443 567 723 628 postquam
758 555 1139 610 consummavit
1179 571 1354 610 omnes
1393 572 1654 613 sermones
1707 557 1822 618 hos,
1887 568 2016 610 tunc

443 650 580 703 dixit
605 647 881 718 discipulis
909 648 1041 702 suis.
1086 645 1151 702 Et
1193 646 1315 702 vide
1343 647 1470 716 quia
1501 663 1610 703 non
1639 646 1774 702 dixit
1807 647 2016 717 simpli-

442 741 598 804 citer,
645 750 920 810 postquam
952 740 1335 794 consummauit
1365 756 1540 816 omnes
1589 755 1882 806 sermones,
1921 739 2016 795 sed

443 833 650 888 addidit
674 833 768 887 hos
816 849 1016 896 omnes,
1052 831 1105 884 id
1140 841 1224 886 est
1253 846 1392 901 quos
1414 831 1527 900 jam
1561 831 1775 886 locutus
1817 829 2013 895 fuerat,

443 941 554 980 non
579 941 717 994 quos
745 923 924 980 adhuc
950 924 1125 978 fuerat
1145 923 1447 978 locuturus.
1475 923 1667 979 Adhuc
1689 923 1832 978 enim
1856 938 2018 993 opor-

444 1017 594 1071 tebat
640 1031 764 1072 eum
815 1017 978 1070 etiam
1022 1017 1160 1072 alios
1207 1015 1358 1084 loqui
1391 1030 1694 1080 sermones,
1727 1024 2016 1085 postquam

444 1113 767 1178 traderetur,
801 1121 854 1168 et
896 1112 950 1167 in
1007 1111 1266 1167 Bethania
1319 1112 1374 1166 in
1421 1112 1583 1166 domo
1631 1109 1870 1166 Simonis
1913 1108 2016 1164 Le-

443 1206 590 1273 prosi
621 1205 688 1259 de
719 1205 945 1260 muliere
976 1205 1264 1260 accedente
1307 1204 1373 1259 ad
1410 1219 1468 1259 se
1503 1223 1515 1258 :
1555 1204 1679 1258 item
1709 1210 1764 1258 et
1806 1200 2015 1257 Pascha

441 1295 620 1351 facere
641 1311 764 1350 eum
790 1295 1073 1366 discipulis
1097 1296 1233 1359 suis,
1260 1303 1312 1351 et
1335 1295 1657 1351 convincere
1681 1294 2011 1364 proditorem

439 1387 716 1450 latentem.
747 1399 800 1446 et
842 1390 1043 1460 gratias
1070 1403 1250 1460 agere,
1283 1398 1337 1443 et
1371 1388 1646 1457 porrigere
1689 1386 1769 1441 eis
1821 1401 2013 1454 panem

437 1486 494 1534 et
532 1479 778 1535 calicem.
817 1478 1115 1550 Oportebat
1151 1495 1276 1535 eum
1314 1489 1368 1534 et
1413 1480 1704 1550 praedicere
1731 1478 2014 1548 discipulis

437 1570 554 1626 suis
587 1571 732 1640 quod
760 1581 944 1626 essent
979 1571 1420 1638 scandalizandi;
1455 1580 1510 1626 et
1539 1571 1718 1637 Petro,
1755 1570 2016 1640 quoniam

436 1669 561 1716 ante
591 1662 716 1730 galli
761 1671 980 1718 cantum
1015 1673 1097 1718 ter
1138 1663 1316 1719 fuerat
1343 1672 1660 1735 negaturus.
1692 1663 1884 1718 Adhuc
1917 1678 2014 1716 au-

437 1761 544 1807 tem
601 1756 886 1824 oportebat
938 1771 1064 1810 cum
1125 1758 1258 1811 hora
1318 1757 1791 1828 appropinquante
1839 1755 2013 1825 magis

435 1858 615 1912 orare,
667 1861 775 1901 non
829 1847 1016 1910 semel,
1064 1863 1162 1903 nec
1202 1848 1364 1920 891
1413 1849 1518 1912 bis,
1557 1849 1649 1905 sed
1695 1857 1796 1914 ter,
1843 1849 2015 1902 donec
2048 1823 2089 1879 Β

437 1935 571 1991 hora
602 1937 819 2007 plenius
843 1939 1140 1995 adveniret.

507 2027 596 2083 75.
638 2027 800 2084 Scitis
835 2031 959 2100 quia
985 2040 1100 2100 post
1133 2032 1352 2086 biduum
1376 2032 1583 2090 Pascha
1616 2035 1727 2104 ﬁet,
1753 2043 1800 2087 et
1840 2033 2012 2087 Filius

435 2118 662 2173 hominis
708 2121 952 2175 tradetur
1004 2122 1074 2175 ad
1126 2125 1561 2194 cruciﬁgendum,
1613 2135 1666 2179 et
1710 2125 1918 2195 reliqua
1945 2125 2010 2178 ⁸⁸.

439 2211 496 2264 Si
528 2225 660 2282 ergo
691 2214 855 2268 etiam
890 2217 1028 2269 hora
1054 2216 1233 2271 fuerat
1256 2207 1514 2280 detinita,
1545 2218 1842 2272 secundum
1868 2216 2012 2286 quod

434 2299 696 2365 diximus,
728 2313 788 2358 ut
820 2320 927 2358 non
963 2305 1266 2362 traderetur
1293 2315 1420 2362 ante
1449 2321 1665 2362 omnem
1687 2305 2010 2371 doctrinam,

434 2393 713 2460 quomodo
765 2412 874 2450 non
924 2399 1096 2468 magis
1127 2408 1183 2454 et
1215 2399 1331 2454 dies
1386 2397 1566 2454 fuerat
1621 2399 1910 2465 definitus,
1958 2409 2016 2455 ut

435 2485 637 2552 pascha
670 2496 918 2542 nostrum
965 2487 1217 2544 Christus
1260 2490 1669 2558 immolaretur,
1712 2491 2015 2546 dissolvens

434 2575 720 2631 Judaicum
766 2581 1004 2646 pascha,
1061 2591 1114 2634 ct
1183 2581 1403 2636 tradens
1450 2583 1747 2638 secundum
1803 2581 2014 2638 Novum

438 2663 851 2728 Testamentum
871 2668 1154 2737 discipulis
1184 2670 1334 2725 suis?
1357 2669 1653 2740 Oportebat
1675 2673 1837 2728 etiam
1863 2689 2015 2728 men-

437 2774 552 2814 sem
582 2773 705 2816 esse
737 2759 1021 2815 deﬁnitum
1064 2760 1308 2818 Pascha}.
1345 2763 1457 2833 Ego
1486 2775 1664 2820 autem
1695 2775 1827 2835 puto
1849 2765 2011 2821 etiam

437 2865 641 2904 annum
668 2892 684 2918 ,
717 2850 785 2906 de
834 2867 946 2922 quo
999 2863 1053 2907 et
1086 2855 1347 2923 propheta
1404 2855 1655 2911 dicebat:
1711 2855 2014 2914 Praedicare

436 2959 637 2995 annum
690 2943 908 2998 Domini
948 2954 1240 3015 acceptum,
1270 2957 1319 3000 et
1355 2947 1493 3002 diem
1539 2948 1730 3002 salutis
1757 2947 1823 3001 ³⁸.
1865 2946 2012 3003 Prat-

435 3036 575 3090 dicit
603 3051 732 3105 ergo
770 3035 1054 3106 discipulis
1101 3036 1245 3101 suis,
1279 3037 1644 3106 praemuniens
1673 3052 1788 3100 eos,
1828 3046 1888 3092 ut
1923 3053 2012 3105 ne,

438 3129 759 3198 priusquam
796 3128 1022 3184 audiant
1066 3145 1187 3199 quae
1232 3129 1446 3184 fuerant
1488 3139 1782 3195 eventura,
1831 3129 2012 3185 subito

437 3219 680 3274 videntes
711 3219 850 3274 tradi
885 3220 951 3274 ad
999 3235 1215 3275 crucem
1257 3219 1598 3290 Magistrum,
1628 3221 2013 3290 obstupescant

441 3326 639 3378 pavore
667 3323 888 3380 propter
917 3312 1224 3379 passionem
1253 3312 1483 3367 Domino
1511 3313 1863 3368 accidentem.
1889 3312 2013 3368 Ideo

441 3403 580 3456 dixit
607 3403 726 3456 eis:
783 3402 945 3456 Scitis
991 3403 1117 3471 quia
1151 3414 1266 3472 post
1301 3404 1516 3457 biduum
1552 3403 1758 3458 Pascha
1806 3407 1918 3472 ﬁet,
1962 3414 2012 3459 et

443 3492 618 3546 Filius
671 3494 896 3548 hominis
943 3494 1183 3548 tradetur
1237 3496 1304 3546 ad
1351 3495 1849 3563 cruciﬁgendum".
1894 3493 2011 3549 Non

441 3596 666 3652 autent,
727 3587 867 3641 sicut
915 3585 1320 3641 arbitrabantur
1370 3585 1589 3656 quidam
1617 3626 1630 3648 ,
1684 3587 1787 3641 hoc
1833 3586 2013 3641 dicere

445 3681 560 3735 vult
590 3679 713 3750 quia
761 3688 886 3749 post
937 3678 1162 3733 biduum
1194 3676 1417 3733 Pascha:
1459 3677 1576 3732 dies
1607 3676 1875 3741 adveniet,
1917 3677 2012 3731 sed

440 3773 569 3844 quis
611 3781 735 3842 post
788 3771 1013 3826 biduum
1073 3785 1271 3823 novum
1304 3767 1513 3822 Pascha
1560 3767 1670 3823 fiet.
1713 3766 1824 3824 Nec
1865 3769 2012 3824 enim

439 3864 596 3928 dixit,
633 3873 758 3934 post
790 3863 1015 3918 biduum
1065 3861 1277 3916 Pascha
1311 3861 1435 3926 erit,
1481 3868 1576 3914 aut
1613 3861 1813 3927 veniet,
1845 3870 1904 3914 ut
1947 3875 2014 3915 ne

439 3956 754 4012 ostenderet
781 3956 911 4010 illud
948 3955 1162 4010 Pascha
1192 3954 1435 4008 futurum
1468 3954 1610 4022 quod
1651 3953 1768 4006 fieri
1808 3952 2015 4006 solebat

439 4048 740 4112 secundum
774 4048 979 4117 legem,
1028 4048 1121 4103 sed
1172 4047 1380 4102 Pascha
1428 4049 1538 4118 ﬁet,
1578 4047 1681 4102 hoc
1729 4055 1813 4101 est
1855 4047 2016 4115 quale

442 4156 719 4210 nunquam
754 4139 932 4195 fuerat
959 4139 1184 4206 factum,
1219 4150 1280 4194 ut
1309 4157 1402 4210 per
1437 4142 1539 4197 hoc
1572 4157 1772 4196 novum
1803 4140 2014 4196 Pascha

442 4232 574 4287 illud
635 4232 878 4288 succidat
936 4234 1242 4304 antiquum.
1298 4232 1538 4302 Denique
1592 4233 1670 4289 sic
1722 4233 1910 4287 addit:
1944 4233 2014 4287 Et

444 4322 622 4377 Filius
647 4325 874 4377 hominis
906 4325 1147 4378 tradetur
1167 4325 1234 4376 ad
1265 4324 1695 4394 cruciﬁgendum.
1721 4323 1851 4379 Post
1878 4323 2014 4377 duos

442 4423 623 4469 autem
672 4416 788 4472 ὀὴ
834 4415 1034 4470 factum
1091 4425 1174 4470 est
1223 4414 1469 4481 Pascha,
1516 4418 1813 4470 secundum
1867 4415 2014 4485 quod

2116 569 2168 612 et
2195 559 2436 615 seniores
2469 558 2805 613 tradiderunt
2835 574 2984 613 eum.
3030 557 3318 627 Propterea
3354 557 3444 612 hic
3489 557 3694 626 imper-

2117 652 2377 705 sonaliter
2404 651 2587 721 posuit
2632 651 2889 716 tradetur,
2933 667 3040 706 non
3078 651 3312 706 dicensa
3355 663 3506 719 quo:
3549 649 3695 718 quod

2119 743 2340 796 verbum
2375 751 2550 811 potest
2585 744 2652 797 ad
2683 757 2876 798 omnes
2916 741 3184 811 respicere
3214 742 3309 812 qui
3351 741 3697 796 tradiderunt

2115 850 2263 890 eum.
2302 834 2406 889 Sed
2436 849 2543 888 non
2577 849 2770 888 omnes
2795 834 2984 888 eodem
3018 832 3298 902 proposito
3326 832 3694 886 tradiderunt.

2117 927 2261 982 Dens
2283 927 2425 982 enim
2451 927 2671 982 tradidit
2698 941 2821 980 eum
2846 935 3066 995 propter
3095 924 3526 980 misericordiam
3549 925 3697 980 circa

2117 1037 2286 1091 genus
2324 1022 2654 1084 humanum,
2693 1020 2836 1089 quod
2883 1021 3037 1073 unico
3086 1019 3229 1074 Filio
3274 1035 3378 1072 non
3421 1018 3697 1088 pepercit,

2115 1110 2204 1163 sed
2231 1126 2324 1180 pro
2368 1111 2514 1166 nobis
2563 1111 2803 1164 omnibus
2846 1111 3069 1164 tradidit
3110 1127 3248 1164 eum.
3290 1109 3484 1164 Caneri
3511 1117 3696 1163 autem

2117 1203 2458 1258 tradiderunt
2507 1217 2632 1257 eum
2692 1202 2877 1272 iniquo
2934 1203 3242 1272 proposito,
3308 1201 3698 1272 unusquisque

2117 1296 2417 1351 secundant
2466 1296 2728 1350 malitiam
2781 1310 2980 1350 suam:
3036 1294 3203 1350 Judas
3247 1305 3472 1364 propter
3517 1291 3697 1346 avari-

2116 1387 2246 1440 tiam
2267 1403 2280 1452 ;
2300 1387 2609 1442 sacerdotes
2632 1396 2850 1456 propter
2877 1386 3166 1452 invidiam;
3191 1386 3440 1441 diabolus
3469 1395 3696 1456 propter

2116 1479 2390 1543 timorem,
2439 1494 2506 1532 ne
2542 1479 2862 1534 avelleretur
2895 1477 2961 1532 de
3005 1493 3166 1532 manu
3202 1478 3321 1548 ejus
3371 1492 3547 1547 genus
3592 1477 3698 1532 hu-

2117 1584 2338 1624 manum
2371 1584 2466 1638 per
2497 1569 2800 1624 doctrinam
2839 1568 3030 1638 ipsius,
3080 1584 3184 1622 non
3227 1569 3518 1624 advertens
3549 1583 3694 1638 quo-

2117 1661 2261 1714 niam
2309 1661 2482 1730 magis
2538 1659 2876 1728 eripiendum
2942 1659 3122 1715 fuerat
3172 1675 3344 1730 genus
3402 1661 3692 1714 hominum

2117 1767 2210 1822 per
2247 1760 2475 1806 mortem
2523 1751 2713 1820 ipsius,
2746 1767 2908 1820 (luam
2956 1749 3132 1806 fuerat
3167 1759 3412 1820 ereptum
3447 1766 3546 1819 per
3591 1751 3698 1804 do-

2117 1841 2345 1898 ctrinam
2389 1850 2444 1898 et
2485 1842 2775 1896 mirabilia.
2812 1840 3071 1898 Traditus
3096 1851 3178 1897 est
3213 1843 3358 1896 enim
3401 1842 3469 1896 ad
3511 1843 3698 1897 cruci-

2117 1933 2412 2002 figendum,
2445 1941 2501 1988 ut
2531 1948 2736 1988 exuens
2765 1933 3101 2003 principatus
3129 1944 3180 1987 et
3205 1943 3523 2002 potestates,
3555 1935 3697 1989 liduv

2116 2027 2328 2082 cialiter
2357 2027 2654 2097 triumphet
2682 2041 2776 2082 cos
2805 2027 2858 2080 in
2883 2027 3052 2095 ligno.

2186 2117 2272 2170 76.
2319 2117 2462 2172 Tunc
2492 2117 2790 2188 congregati
2823 2126 2944 2172 sunt
2969 2117 3225 2186 principes
3250 2116 3610 2180 sacerdotum,
3642 2126 3697 2170 et

2117 2206 2336 2274 Scribae,
2359 2217 2408 2262 et
2437 2209 2666 2264 seniores
2691 2207 2872 2278 populi
2905 2207 2960 2260 in
2990 2209 3186 2260 atrium
3225 2209 3481 2276 principis
3512 2223 3698 2260 sacer-

2114 2300 2297 2353 dotum
2325 2302 2415 2369 qui
2443 2300 2716 2355 dicebatur
2755 2299 3005 2368 Caiphas,
3039 2309 3087 2352 et
3113 2301 3395 2354 consilium
3427 2299 3692 2367 fecerunt,

2115 2403 2172 2448 ut
2196 2393 2377 2448 Iesum
2402 2393 2522 2447 dolo
2546 2401 2771 2448 tenentes
2812 2396 3125 2449 occiderent.
3169 2393 3423 2448 Dicebant
3469 2401 3695 2446 autem:

2119 2483 2238 2538 Non
2280 2485 2334 2538 in
2374 2484 2458 2537 die
2498 2484 2652 2553 festo,
2688 2497 2743 2539 ut
2777 2501 2838 2540 ne
2880 2487 3136 2541 tumultus
3172 2487 3268 2554 ﬁat
3317 2487 3373 2540 in
3409 2486 3604 2554 populo
3625 2486 3692 2543 “.

2115 2577 2272 2643 Quod
2306 2577 2444 2631 dixit
2464 2575 2732 2646 Propheta
2758 2575 2801 2608 δι
2831 2595 2844 2631 :
2875 2575 2946 2630 Et
2972 2578 3230 2646 principes
3257 2588 3606 2630 conuenerunt
3638 2579 3695 2632 in

2116 2684 2276 2721 unum
2301 2669 2547 2722 advenas
2572 2667 2879 2735 Dominum,
2902 2679 2949 2722 et
2977 2668 3224 2722 adversus
3257 2666 3528 2722 Christum
3549 2669 3690 2737 ejus,

2115 2769 2244 2816 tunc
2302 2760 2581 2830 impletum
2613 2759 2826 2817 videtur
2866 2775 2991 2816 cum
3031 2759 3306 2830 principes
3340 2759 3690 2816 sacerdotum

2115 2862 2168 2907 et
2195 2853 2441 2910 seniores
2477 2852 2660 2922 populi
2689 2851 2999 2922 congregati
3041 2861 3166 2906 sunt
3201 2851 3251 2904 in
3287 2852 3512 2906 domum
3542 2851 3694 2921 prin-

2115 2941 2253 3011 cipis
2300 2942 2646 2996 sacerdotum
2677 2941 2939 2995 adversus
2991 2939 3282 2995 Dominum
3327 2950 3384 2996 et
3425 2943 3696 2996 adversus

2114 3031 2396 3086 Christum
2426 3031 2567 3102 ejus.
2601 3029 2719 3085 Non
2747 3031 2865 3085 veri
2896 3032 3226 3097 sacerdotes,
3261 3032 3353 3087 sed
3401 3033 3614 3101 populi,
3645 3044 3701 3088 et

2118 3127 2360 3184 seniores
2393 3143 2503 3184 non
2542 3127 2808 3192 aliorum,
2843 3127 2937 3183 sed
2976 3127 3126 3181 illius
3144 3127 3234 3196 qui
3263 3126 3553 3181 videbatur
3597 3142 3702 3195 po-

2115 3221 2276 3290 palus
2323 3219 2449 3288 Dei,
2499 3235 2626 3276 vere
2666 3230 2849 3275 autem
2904 3219 3136 3290 populus
3186 3228 3302 3274 erat
3345 3218 3698 3284 Gomorrban

2113 3311 2371 3381 quoniam
2398 3311 2688 3367 dixerunt:
2722 3310 3006 3381 Cruci/iga,
3050 3310 3296 3379 cruciﬁge
3332 3327 3451 3364 eum
3475 3311 3542 3375 δ’,
3595 3321 3653 3365 et
3682 3332 3695 3364 :

2117 3402 2263 3458 Tolle
2309 3403 2466 3458 talem
2504 3407 2567 3457 de
2608 3413 2748 3457 terra
2775 3402 2838 3457 ”.
2870 3401 2934 3456 Et
2974 3402 3117 3472 quod
3151 3401 3362 3456 dixerat
3409 3403 3582 3456 lsaias
3606 3403 3652 3433 “
3682 3421 3695 3457 :

2112 3497 2306 3549 Audite
2327 3495 2535 3549 verbum
2559 3494 2798 3559 Domini,
2824 3495 3084 3563 principes
3117 3491 3490 3556 Sodomorum,
3521 3503 3698 3548 atten-

2113 3589 2221 3640 dite
2245 3589 2405 3656 legem
2445 3585 2562 3648 Dei.
2607 3585 2750 3654 plebs
2785 3584 3114 3650 Gomorrlue,
3147 3585 3402 3640 convenit
3450 3585 3562 3640 illis
3611 3586 3698 3640 in-

2115 3679 2443 3733 sidiantibus
2475 3676 2676 3733 Judteis
2707 3677 2800 3746 qui
2837 3676 3059 3732 fuerunt
3087 3676 3141 3731 in
3181 3677 3533 3745 generatione
3557 3687 3697 3731 tem-

2115 3772 2264 3840 poris
2297 3770 2522 3826 Christi.
2560 3769 2625 3824 Et
2649 3769 2796 3840 quod
2840 3769 2973 3823 dicit
3006 3767 3256 3840 Ezechiel
3280 3769 3324 3800 “
3358 3769 3426 3822 ad
3469 3766 3697 3823 Jerusa-

2115 3864 2261 3918 lem:
2317 3862 2628 3932 Justiﬁcata
2674 3873 2750 3917 est
2788 3865 2956 3933 magis
3009 3862 3236 3918 Sodoma
3279 3878 3344 3914 ex
3385 3872 3465 3927 te,
3516 3862 3698 3931 magis

2115 3958 2367 4013 convenit
2394 3957 2503 4011 dici
2550 3957 2615 4011 ad
2666 3955 2965 4011 Jerusalem
3015 3971 3175 4024 super
3206 3970 3369 4023 quam
3425 3953 3696 4008 Dominus

2115 4049 2287 4114 ﬂevit,
2348 4064 2511 4118 quam
2576 4049 2642 4102 ad
2703 4057 2920 4118 tempus
2954 4047 3251 4117 prophetae.
3300 4045 3495 4115 Pejora
3544 4045 3692 4100 enim

2117 4140 2370 4194 Sodomis
2401 4148 2762 4209 peccaverunt
2806 4139 3080 4208 principes
3135 4137 3354 4208 populi,
3402 4138 3533 4206 quia
3583 4152 3692 4190 non

2116 4231 2475 4300 intelligentes
2529 4244 2805 4284 summum
2870 4228 3215 4283 Sacerdotem
3268 4227 3395 4293 Dei,
3448 4228 3694 4281 insidiati

2115 4331 2240 4377 sunt
2279 4323 2360 4388 ei;
2393 4330 2448 4376 et
2491 4321 2734 4376 seniores
2768 4321 2952 4390 populi
3003 4337 3108 4375 non
3155 4331 3550 4388 cognoscentes
3584 4321 3695 4388 pri-

2115 4413 2447 4484 mogenitum
2483 4413 2748 4466 universa:
2779 4421 3040 4466 creatura!
3066 4449 3081 4475 ,
3116 4421 3170 4464 et
3200 4409 3472 4464 seniorem
3514 4411 3694 4464 omni-

443 4507 620 4561 fuerat
665 4508 1045 4577 prOphetatum
1081 4511 1149 4562 ab
1193 4524 1276 4572 eo,
1312 4510 1530 4576 quando
1563 4509 1791 4563 traditus
1830 4518 1913 4563 est
1952 4509 2007 4562 in
2043 4521 2085 4576 ι’)
2113 4508 2216 4562 bus
2241 4505 2528 4571 creaturis,
2552 4501 2820 4558 consiliati
2853 4511 2981 4556 sunt
3003 4511 3192 4558 contra
3218 4499 3448 4557 eum.Et
3470 4509 3693 4570 propter

444 4605 623 4658 nocte,
667 4607 720 4648 et
759 4596 895 4648 dixit
919 4598 1185 4650 osculanti
1228 4612 1286 4650 se
1334 4596 1522 4651 Iudae:
1561 4599 1759 4661 Amice,
1794 4599 1861 4650 ad
1891 4598 2016 4668 quid

446 4688 632 4740 renisti
659 4688 737 4740 ’9?
764 4686 819 4740 Si
845 4698 1022 4742 autem
1050 4698 1171 4757 post
1193 4688 1416 4741 biduum
1446 4688 1651 4743 Pascha
1682 4689 1882 4744 factum
1911 4669 2015 4754 est,

448 4786 645 4846 quarta
685 4777 893 4831 decima
929 4777 1078 4843 luna,
1112 4777 1460 4832 manifestum
1499 4786 1582 4830 est
1625 4777 1752 4846 quia
1799 4779 2018 4846 quando

445 4871 549 4924 ista
575 4869 810 4932 dicebat,
843 4870 1140 4924 secundum
1165 4869 1382 4924 Iudaeos
1406 4870 1693 4924 undecima
1723 4879 1840 4924 erat
1866 4871 2015 4937 luna,

451 4962 671 5032 quando
711 4972 764 5017 et
811 4962 1098 5031 parabolas
1144 4963 1483 5032 supradictas
1511 4962 1779 5031 exposuit.
1819 4962 1862 5014 A
1902 4977 2011 5032 quo

447 5063 628 5109 autem
663 5053 897 5108 traditus
937 5063 1038 5118 est,
1076 5054 1162 5109 hic
1201 5069 1307 5108 non
1340 5062 1422 5108 est
1455 5053 1736 5122 scriptum.
1772 5052 2012 5122 Congre-

445 5146 600 5215 gabis
628 5155 810 5200 autem
836 5143 904 5199 de
954 5141 1268 5213 Scripturis,
1322 5143 1580 5213 quoniam
1611 5152 1665 5198 et
1716 5143 1874 5198 Pater
1903 5154 2012 5198 tra-

445 5237 581 5291 didit
623 5252 772 5302 eum,
828 5235 1126 5291 secundum
1173 5235 1316 5304 quod
1365 5236 1624 5304 scriptum
1668 5245 1752 5291 est
1773 5235 1860 5290 ’9:
1907 5235 2012 5300 Qui

447 5328 601 5380 unico
639 5327 780 5382 Filio
815 5343 910 5381 suo
943 5344 1040 5380 non
1075 5328 1321 5396 pepercit,
1351 5329 1440 5382 sed
1468 5346 1562 5397 pro
1599 5329 1745 5382 nobis
1773 5329 2012 5386 omnibus

449 5417 672 5470 tradidit
722 5418 897 5471 illam.
939 5416 1246 5473 Secumlum
1292 5418 1426 5473 alias
1471 5429 1651 5473 autem
1701 5419 2013 5488 Scripturas

448 5508 616 5564 .ludas
651 5509 870 5563 tradidit
896 5509 1068 5563 illum.
1105 5508 1209 5563 Sed
1241 5519 1292 5565 et
1327 5511 1558 5565 Satanas
1585 5512 1675 5580 qui
1705 5513 1922 5566 intravit
1958 5513 2010 5566 in

519 5710 560 5739 ³³
599 5708 784 5765 Matth.
810 5726 958 5773 χχιι,
1000 5710 1050 5763 2.
1130 5713 1172 5742 ³δ
1200 5712 1296 5766 lsa.
1331 5730 1438 5776 LXI,
1470 5714 1520 5765 2.

445 5781 472 5796 σ-

1600 5716 1640 5746 ³⁷
1679 5715 1864 5769 Matth.
1904 5735 2046 5782 χχιι,
2086 5719 2138 5771 2.

444 5781 476 5833 5
508 5782 557 5835 ὸ.
637 5781 675 5811 ’δι
706 5778 847 5836 l’sal.
881 5797 938 5846 ιι,
972 5783 1022 5834 2.
1100 5783 1144 5813 δ’
1174 5783 1301 5838 Luc.
1335 5800 1488 5850 χλιιι,
1543 5787 1629 5839 21.
1709 5787 1752 5818 "3
1784 5789 1911 5842 ibid.
1955 5778 2039 5842 l8.

2114 4598 2315 4652 atrium
2373 4604 2503 4665 puto
2557 4594 2687 4648 illud
2737 4594 2790 4646 in
2841 4608 2951 4662 quo
2999 4593 3284 4647 consilium
3329 4591 3580 4647 fecerunt
3635 4599 3691 4646 ut

2112 4687 2297 4743 Jesum
2320 4688 2446 4742 dolo
2478 4677 3022 4750 tenerentfdesolata
3054 4695 3136 4740 est
3159 4684 3484 4740 Jerusalem.
3512 4685 3690 4752 Opor-

2112 4781 2259 4834 tebat
2291 4779 2436 4833 enim
2460 4779 2571 4847 jam
2607 4793 2714 4831 non
2757 4792 2876 4832 esse
2929 4777 3198 4830 civitatem
3220 4815 3236 4840 ,
3280 4792 3401 4844 qua:
3427 4777 3686 4828 adversus

2113 4872 2284 4925 totius
2317 4871 2504 4924 mundi
2561 4877 2748 4938 egerat
2783 4865 3164 4922 fundatorem;
3205 4883 3327 4936 qua:
3387 4867 3538 4935 prius
3567 4866 3684 4934 qui-

2118 4964 2239 5019 dem
2276 4961 2551 5015 oeciderat
2597 4959 2918 5028 pr0phetas,
2975 4959 3319 5028 p0stmodum
3361 4967 3541 5011 autem
3588 4955 3684 5010 Do.

2120 5057 2328 5110 minum
2365 5052 2773 5123 prophetarum.
2836 5051 2902 5106 Ut
2955 5051 3075 5105 dolo
3103 5067 3218 5105 eum
3267 5060 3514 5104 tenerent.
3561 5048 3680 5102 ldeo

2118 5147 2506 5202 convenienter
2551 5145 2618 5198 de
2667 5142 2746 5198 eis
2794 5142 2933 5196 dixit
2979 5141 3348 5211 Pr0pheta“:
3407 5141 3679 5211 Disperdat

2115 5239 2374 5291 Dominus
2417 5237 2658 5290 universa
2706 5233 2850 5287 labia
2901 5234 3107 5289 dolosa.
3167 5233 3302 5288 Dolo
3332 5245 3513 5287 autem
3557 5247 3673 5287 eum

2114 5336 2298 5382 tenere
2330 5337 2383 5380 et
2411 5326 2659 5381 occidere
2690 5326 2999 5391 voluerunt,
3028 5333 3088 5378 ut
3124 5340 3190 5379 ne
3217 5325 3484 5378 tumultus
3511 5325 3597 5377 fiat
3622 5323 3673 5376 in

2114 5422 2314 5490 populo
2351 5419 2444 5474 illo
2477 5419 2568 5488 qui
2611 5418 2776 5472 multa
2810 5417 2964 5488 signa
3005 5425 3060 5472 et
3090 5417 3335 5487 prodigia
3373 5413 3559 5470 Jesum
3598 5413 3674 5466 vi-

2116 5513 2264 5567 derat
2300 5512 2609 5566 facientem.
2639 5510 2704 5565 Et
2739 5520 3020 5581 propterea
3051 5511 3203 5565 multi
3242 5510 3461 5581 quidem
3495 5525 3561 5565 ex
3591 5509 3666 5564 bis

2240 5719 2282 5748 ³⁸
2312 5717 2437 5773 ibid.
2477 5717 2562 5770 50.
2664 5717 2706 5748 ’9
2739 5716 2892 5772 Rom.
2931 5732 3047 5778 vm,
3075 5717 3160 5769 52.

2118 5789 2161 5822 ⁸⁵
2193 5805 2230 5854 ι,
2264 5789 2351 5845 t‘J.
2429 5789 2472 5821 ⁸⁵
2498 5804 2606 5857 xvi,
2638 5788 2726 5844 52.
2803 5789 2847 5820 ⁸⁸
2875 5785 3020 5843 Psal.
3055 5801 3127 5856 ιιι,
3153 5787 3204 5848 4.

3242 5717 3284 5748 ⁸⁸
3313 5717 3499 5775 Matth.
3530 5733 3661 5781 xxvi,

3437 6485 3796 6514 .___._.-aa-——*
3865 6483 3872 6486 '
