4004 6534
170 390 310 447 1711

1308 382 1967 444 COMMENTARIORUM
2005 385 2275 444 SERIES.

3285 393 3425 448 i729.

167 519 331 567 erant
355 525 455 582 pro
484 523 574 575 eo,
602 509 698 579 qui
730 507 870 565 forte
903 507 1177 576 dixerant,
1204 505 1333 577 quia
1369 523 1591 577 magnus
1618 522 1745 577 pro-
1780 510 1820 567 Λ
1848 508 2216 578 evangelista.
2246 522 2372 562 cum
2410 516 2595 565 essent
2623 510 2989 567 consummati
3029 511 3083 566 in
3115 510 3306 568 eodem
3342 514 3425 568 iu-

165 603 327 672 plicta
349 599 582 655 surrexit
621 599 676 652 in
713 597 882 653 Israel
905 598 971 653 ⁸⁷.
1013 596 1120 652 Alii
1151 603 1335 651 autem
1371 605 1530 651 erant
1556 597 1748 651 adver-

165 707 268 749 sus
305 706 469 756 eum,
510 689 605 760 qui
649 689 940 745 dixerant:
978 686 1079 742 Hic
1120 703 1222 742 non
1266 686 1413 756 ejicit
1460 687 1746 751 dwmonia,

163 784 278 839 nisi
305 784 359 838 in
394 781 684 837 Beelzebub
716 781 956 850 principe
1005 780 1388 835 dwmoniorum
1411 779 1477 835 ⁸⁸.
1514 777 1749 835 Necesse

164 890 305 948 ergo
355 883 474 931 erat
522 874 816 930 tumultum
873 872 990 929 ﬁeri
1049 872 1279 927 Domino
1332 870 1750 942 comprehenso,

164 976 396 1038 propter
434 966 655 1022 diversa
700 964 883 1021 studia
930 964 1114 1036 populi
1163 963 1439 1034 diligentis
1471 962 1751 1018 Christum

165 1068 231 1115 et
261 1058 558 1122 audientis,
587 1057 860 1113 credentis
883 1064 937 1111 et
961 1072 1069 1111 non
1095 1054 1388 1111 credentis.
1416 1052 1577 1109 Stetit
1607 1052 1752 1108 enim

167 1148 466 1205 consilium
501 1162 691 1204 eorum
719 1147 879 1218 quasi
927 1146 1164 1214 ﬁrmum,
1189 1161 1314 1202 cum
1347 1145 1453 1215 ipsi
1493 1146 1588 1216 qui
1623 1160 1756 1200 con-

169 1241 503 1297 siliabantur
534 1240 732 1296 staturi
768 1254 879 1295 non
908 1248 1123 1306 essent,
1153 1248 1214 1295 ut
1255 1254 1362 1293 non
1401 1239 1456 1293 in
1485 1240 1573 1295 die
1617 1238 1756 1294 festo

170 1332 538 1400 occideretur,
587 1332 684 1388 sed
725 1332 779 1386 in
825 1332 933 1387 alio
974 1332 1101 1387 die:
1153 1332 1405 1389 videlicet
1444 1342 1506 1388 ut
1550 1333 1753 1403 pascha

172 1431 430 1479 nostrum
492 1423 868 1481 immolaretur
921 1422 1217 1491 Christus,
1272 1433 1333 1480 ut
1388 1425 1756 1496 relinquentes

173 1530 371 1587 azyma
390 1514 700 1571 Judaaorum
736 1513 1059 1571 festinemus
1086 1516 1140 1571 in
1168 1516 1508 1587 spiritalibus
1545 1518 1755 1589 azymis

171 1614 232 1661 ct
263 1606 427 1661 veris.
455 1604 755 1661 Considera
791 1615 997 1671 autem,
1036 1607 1084 1662 si
1111 1616 1301 1676 potes,
1335 1622 1496 1664 omne
1529 1608 1758 1665 verbum

171 1697 323 1767 quod
348 1696 633 1767 proﬁtetur
661 1713 993 1768 quocunque
1029 1697 1194 1769 892
1236 1700 1404 1754 modo
1446 1698 1756 1756 doctrinam

170 1788 302 1857 Dei,
342 1790 527 1845 dicere
568 1789 869 1861 principem
905 1804 1028 1846 esse
1073 1790 1417 1847 sacerdotum
1469 1791 1584 1848 Dei.
1616 1792 1754 1848 Cum

170 1880 290 1937 sint
321 1890 502 1937 autem
534 1882 704 1936 multa
740 1881 1004 1938 falsorum
1047 1883 1360 1955 dogmatum
1396 1885 1560 1940 verba
1593 1887 1754 1955 quasi
1788 1864 1829 1919 Β

172 1973 490 2029 sacerdotes
519 1972 636 2038 Dei,
659 1990 767 2028 non
795 1983 976 2029 autem
1022 1973 1139 2041 Dei,
1178 1975 1272 2031 sed
1316 1976 1500 2046 populi
1528 1977 1623 2045 qui
1668 1991 1757 2033 se-

171 2066 377 2123 ductus
423 2066 491 2120 ab
521 2065 603 2121 eis
648 2074 753 2130 est,
783 2066 1149 2122 consiliantur
1191 2067 1455 2124 adversus
1494 2083 1662 2122 unum
1703 2076 1758 2123 et

171 2172 369 2212 verum
427 2155 524 2212 Dei
574 2155 832 2213 Verbum.
895 2156 1132 2213 Verbum
1184 2166 1367 2213 atttem
1418 2157 1513 2215 Dei
1554 2162 1759 2229 praebet

173 2248 399 2319 quidem
448 2262 508 2303 se
564 2248 989 2314 insidiantibus,
1043 2249 1398 2305 nihilominus
1448 2260 1630 2305 tamen
1666 2266 1754 2307 re-

174 2349 388 2407 surget,
422 2353 529 2394 non
563 2338 928 2405 immutatum,
960 2354 1137 2410 neque
1169 2350 1487 2411 corruptum
1530 2342 1601 2395 ab
1630 2342 1753 2409 eis;

172 2440 233 2485 et
273 2432 329 2485 in
360 2430 564 2485 cmlum
597 2431 874 2497 ascendet,
917 2441 978 2487 ut
1006 2430 1269 2501 suscipiat
1296 2445 1394 2488 eos
1417 2432 1512 2501 qui
1559 2432 1759 2489 tollunt

173 2536 397 2578 crucem
428 2537 586 2577 suam
616 2530 671 2576 ει
696 2530 1003 2592 sequuntur
1030 2536 1178 2578 eum.

249 2611 341 2666 77.
372 2611 504 2666 Cum
531 2621 707 2666 autem
741 2621 871 2666 esset
914 2610 1070 2667 Jesus
1107 2613 1161 2667 in
1195 2611 1476 2676 Bethania,
1513 2612 1568 2666 in
1602 2613 1758 2668 dante

175 2700 412 2760 Simonis
463 2701 705 2772 Leprosi,
755 2703 973 2759 accessit
1027 2703 1097 2757 ad
1151 2720 1271 2758 eum
1322 2703 1512 2758 mulier
1562 2704 1757 2758 habens

177 2794 513 2848 alabastrum
538 2795 791 2863 unguenti
828 2795 1068 2865 pretiosi,
1108 2804 1158 2850 et
1183 2795 1369 2865 e/fudit
1397 2811 1553 2864 super
1601 2802 1759 2864 caput

126 2930 133 2937 .
174 2885 318 2953 ejus,
350 2886 677 2941 recumbente
707 2902 787 2941 eo.
830 2885 1071 2941 Videntes
1116 2895 1290 2941 autem
1327 2885 1575 2955 discipuli
1621 2884 1756 2955 eius,

177 2976 452 3048 indignati
508 2985 669 3045 sunt,
724 2986 781 3035 et
812 2986 1011 3037 caeteri
1034 2978 1100 3032 ".
1129 2977 1282 3034 Multi
1317 2977 1536 3048 quidem
1570 2977 1761 3032 existi-

178 3074 339 3122 mant
382 3068 452 3123 de
482 3084 590 3125 una
621 3069 923 3139 eademque
976 3069 1206 3125 muliere
1251 3080 1487 3138 quatuor
1520 3084 1758 3141 evange-

177 3158 340 3215 listas
367 3160 715 3229 exposuisse,
748 3161 876 3230 quia
911 3159 1353 3230 conscripserunt
1400 3161 1509 3217 tale
1552 3160 1759 3232 aliquid
1786 3190 1829 3249 ο

176 3248 250 3305 de
283 3248 533 3314 muliere,
559 3257 614 3303 et
640 3263 832 3304 omnes
862 3248 1117 3305 similiter
1140 3249 1472 3306 alabastrum
1499 3252 1759 3322 unguenti

179 3338 623 3394 nominaverunt.
651 3336 892 3398 Joannes
922 3350 1102 3396 autem
1124 3342 1170 3374 ⁸⁰
1212 3358 1309 3413 pro
1346 3343 1622 3398 alabastro
1667 3359 1762 3412 po-

178 3428 295 3484 suit
324 3427 516 3482 libram
546 3430 817 3500 unguenti.
865 3430 970 3486 Sed
1012 3441 1066 3485 et
1106 3432 1251 3501 quod
1296 3432 1539 3487 dicitur:
1576 3430 1759 3488 Potuit

177 3521 279 3574 hac
307 3520 616 3585 renuntiari,
650 3532 701 3575 et
729 3522 1049 3591 pauperibus
1084 3523 1205 3577 dari
1229 3524 1296 3590 “,
1334 3524 1587 3579 dixerunt
1626 3523 1763 3580 Mat-

180 3613 383 3679 thazus,
412 3622 466 3668 et
504 3612 743 3679 Marcus,
772 3624 827 3669 et
868 3613 1147 3670 Joannes:
1192 3624 1246 3671 et
1282 3617 1543 3685 quoniam
1579 3616 1646 3670 ad
1678 3631 1765 3672 se-

179 3703 462 3774 pulturam
503 3718 659 3758 suam
685 3715 1024 3774 unguentum
1056 3704 1189 3760 illud
1226 3705 1479 3760 Christus
1517 3721 1765 3775 pronun-

181 3792 342 3847 tiavtt
362 3791 617 3859 elIusum,
645 3793 747 3863 ipsi
770 3802 1175 3863 exposuerunt;
1210 3794 1541 3864 etquoniam
1566 3795 1621 3849 in
1656 3794 1760 3851 Be-

179 3884 374 3939 thania
399 3884 453 3938 in
489 3884 653 3940 domo
674 3867 914 3940 Simonis
932 3884 1153 3956 Leprosi
1175 3884 1378 3941 factum
1403 3896 1505 3952 est,
1525 3886 1629 3956 ipsi
1651 3894 1762 3942 tres

179 3976 665 4045 conscripserunt:
692 3974 932 4033 Joannes
973 3989 1154 4034 autem
1197 3976 1517 4032 Bethaniam
1544 3977 1760 4047 quidem

178 4066 357 4131 dixit,
392 4067 486 4121 ubi
527 4066 760 4136 fecerunt
793 4071 842 4122 ei
875 4086 1075 4123 caenam
1096 4111 1113 4136 ,
1144 4078 1199 4125 et
1232 4068 1444 4123 Mart/ta
1483 4070 1763 4123 ministra-

180 4161 316 4224 bat,
366 4166 421 4213 ct
453 4157 693 4213 Lazarus
722 4177 857 4214 unus
909 4170 1025 4215 erat
1081 4177 1146 4217 ea:
1185 4161 1656 4227 discumbentibus,
1709 4170 1764 4217 et

181 4247 367 4303 Maria
426 4251 625 4319 accepit
668 4250 862 4303 libram
905 4252 1159 4319 unguenti
1223 4252 1383 4305 nardi
1429 4252 1604 4321 pistici
1645 4268 1763 4322 pre-

181 4338 333 4405 tiosi,
361 4346 416 4392 et
459 4349 651 4394 caetera
675 4340 740 4393 ⁸¹.
794 4339 873 4393 Ex
910 4340 1112 4410 quibus
1151 4351 1376 4411 apparet
1416 4342 1543 4412 quia
1579 4342 1680 4412 ipsi
1711 4342 1761 4398 ei

177 4428 441 4486 iecerunt
478 4444 713 4485 comam.
769 4429 947 4486 Lucas
990 4439 1194 4497 autem,
1225 4432 1476 4502 quamvis
1522 4449 1631 4487 non
1679 4433 1760 4488 le-

1857 598 2104 666 teliectu,
2155 608 2210 654 et
2260 599 2312 654 in
2365 601 2556 657 eodem
2600 603 2832 673 spiritu,
2874 614 2926 661 et
2972 607 3026 660 iu
3068 608 3257 663 eadem
3302 624 3426 663 scn-

1856 691 2045 757 tentia,
2071 691 2165 761 qui
2211 690 2427 747 fuerant
2473 694 2831 750 ministraturi
2882 698 3111 753 salutem
3157 698 3426 755 Ecclesia-

1852 799 2012 846 rum,
2065 784 2337 839 contraria
2398 785 2523 859 sibi
2558 786 2847 842 dixissent.
2892 789 2950 843 Si
3002 799 3183 844 autem
3229 791 3427 862 aliquis

1852 873 2151 929 arbitratur
2197 875 2371 944 ipsam
2419 874 2592 932 fuisse
2635 893 2758 947 quae
2804 880 2962 934 unxit
2996 889 3272 950 unguento
3320 881 3429 936 Do-

1851 963 1986 1017 mini
2020 964 2184 1033 pedes
2212 966 2353 1036 apud
2389 965 2594 1022 Lucam
2623 977 2677 1022 et
2706 966 2996 1035 Joannem,
3020 969 3167 1024 dicat
3192 971 3347 1025 nobis
3380 973 3426 1026 si

1852 1051 2021 1108 Maria
2051 1053 2166 1124 ipsa
2194 1064 2312 1110 erat
2331 1071 2454 1126 quae
2488 1056 2631 1126 apud
2660 1054 2862 1113 Lucam
2896 1056 3063 1112 fuisse
3090 1057 3347 1112 scribitur
3375 1057 3429 1110 iu

1852 1143 2073 1199 civitate
2094 1146 2389 1214 peccatrix,
2413 1163 2534 1217 quae
2570 1147 2790 1203 discens
2813 1148 3076 1218 quoniam
3101 1148 3352 1203 recubuit
3374 1148 3426 1201 in

1852 1235 2017 1291 domo
2059 1235 2354 1301 Pharisaei,
2405 1238 2588 1293 attulit
2638 1238 2974 1295 alabastrum
3028 1240 3330 1310 unguenti,
3372 1250 3427 1295 et

1855 1336 2009 1384 stans
2059 1340 2206 1385 retro
2259 1344 2419 1385 secus
2473 1330 2637 1399 pedes
2692 1331 2813 1401 ejus
2858 1332 3121 1402 plorans,
3175 1332 3432 1402 lacrymis

1857 1421 2071 1476 lavabat
2099 1421 2263 1490 pedes
2288 1421 2428 1492 ejus.
2454 1421 2565 1478 Nec
2602 1424 2748 1479 enim
2781 1424 3041 1480 credibile
3068 1436 3153 1480 est
3178 1434 3236 1479 ut
3263 1424 3432 1479 Maria

1855 1528 2019 1584 quam
2048 1512 2307 1583 diligebat
2332 1512 2514 1575 Jesus.
2542 1530 2702 1570 soror
2737 1514 2959 1571 Martha:
2988 1532 3112 1586 qua:
3146 1519 3428 1572 meliorem

1855 1604 2091 1677 elegerat
2112 1616 2341 1676 partem,
2369 1608 2643 1676 peccatrix
2668 1606 2721 1660 in
2750 1606 2970 1662 civitate
2994 1606 3166 1663 fuisse
3194 1608 3430 1663 dicatur.

1855 1695 1924 1752 Et
1953 1704 2113 1766 putas
2139 1697 2266 1766 quia
2293 1697 2490 1752 mulier
2517 1712 2641 1768 quae
2686 1698 2987 1754 secundum
3037 1697 3347 1753 Matthteum
3380 1708 3429 1752 rt

1859 1786 2099 1844 Marcum
2143 1786 2329 1843 eﬂudit
2379 1803 2541 1858 super
2592 1797 2755 1859 caput
2801 1789 2930 1845 Jesu
2980 1790 3282 1860 pretiosum
3329 1806 3431 1844 un.

1857 1886 2153 1948 guentum,
2195 1888 2392 1934 eventu
2438 1895 2545 1935 non
2593 1879 2854 1936 scribitur
2893 1878 3067 1937 fuisse
3116 1882 3431 1951 peccatrix?

1858 1971 1991 2038 Quae
2042 1979 2230 2027 autem
2281 1972 2581 2029 secundum
2617 1970 2820 2028 Lucam
2858 1974 3130 2044 peccatrix
3175 1973 3432 2042 refertur,

1858 2061 2094 2119 nonfuit
2121 2078 2255 2118 ausa
2289 2063 2357 2119 ad
2391 2072 2557 2134 caput
2580 2064 2785 2121 Christi
2812 2066 3018 2131 venire,
3043 2065 3138 2121 sed
3175 2066 3433 2138 lacrymis

1857 2155 2024 2223 pedes
2048 2154 2169 2224 ejus
2195 2154 2346 2219 lavit,
2376 2155 2533 2225 quasi
2558 2156 2647 2210 vix
2687 2157 2852 2212 etiam
2878 2157 3013 2228 ipsis
3058 2158 3282 2227 pedibus
3313 2157 3434 2226 eius

1857 2246 2042 2317 digna,
2068 2260 2180 2316 pra:
2207 2245 2427 2301 tristitia
2456 2247 2835 2316 paenitentiam
2876 2248 2933 2301 in
2974 2248 3151 2303 salute
3181 2247 3434 2302 stabilem

1859 2345 2139 2407 operante.
2173 2335 2241 2392 Et
2273 2353 2395 2406 quae
2438 2338 2744 2393 secumlum
2788 2337 2994 2394 Lucam
3018 2348 3132 2405 est,
3174 2340 3354 2408 plorat
3382 2347 3435 2393 et

1859 2428 2088 2482 multum
2144 2428 2408 2499 lacrymat
2457 2439 2519 2484 ut
2559 2429 2723 2499 pedes
2761 2428 2888 2485 Jesu
2938 2430 3193 2499 laerymis
3244 2430 3433 2484 lavet:

1858 2534 1982 2588 qua:
2019 2528 2200 2574 autem
2235 2520 2540 2574 secundum
2581 2518 2847 2575 Joannem
2886 2530 2969 2575 cst
3001 2519 3170 2575 Maria
3198 2560 3212 2581 ,
3261 2536 3435 2591 neque

1858 2608 2154 2678 peccatrix,
2194 2622 2370 2678 neque
2400 2608 2709 2679 lacrymans
2748 2607 3133 2662 introducitur.
3183 2607 3434 2661 Forsitan

1859 2712 1987 2768 ergo
2009 2699 2136 2769 quis
2161 2698 2305 2755 dicet
2342 2709 2579 2771 quatuor
2609 2698 2780 2755 fuisse
2824 2701 3099 2762 mulieres,
3125 2700 3192 2754 de
3234 2699 3437 2768 quibus

1859 2791 2305 2860 conscripserunt
2334 2791 2718 2861 evangelista:
2756 2806 2856 2861 ego
2883 2800 3063 2845 autem
3104 2791 3277 2860 magis
3299 2805 3432 2845 con-

1861 2878 2038 2933 sentio
2077 2888 2189 2935 tres
2217 2880 2410 2943 fuisse,
2433 2889 2487 2935 et
2519 2895 2683 2934 unam
2716 2881 2934 2949 quidem
2970 2880 3036 2934 de
3062 2895 3169 2948 qua
3197 2879 3429 2933 conscri-

1861 2981 2090 3042 pserunt
2134 2971 2423 3030 Matthzeus
2450 2982 2505 3028 et
2540 2972 2778 3039 Marcus,
2823 2974 3030 3031 nullam
3074 2972 3432 3027 dimerentiam

1859 3065 2220 3133 expositionis
2252 3082 2364 3122 suae
2386 3064 2648 3122 facientes
2678 3066 2734 3120 in
2764 3081 2874 3120 uno
2900 3063 3169 3134 capitulo;
3208 3063 3434 3118 alteram

1860 3164 2043 3212 autem
2076 3155 2249 3213 fuisse
2272 3157 2340 3212 de
2365 3172 2475 3228 qua
2512 3156 2735 3228 scripsit
2780 3155 2996 3222 Lucas;
3047 3156 3213 3210 aliam
3255 3164 3434 3210 autem

1863 3247 1930 3304 de
1955 3249 2327 3319 quascripsit
2354 3246 2635 3305 Joannes:
2678 3248 2939 3319 quoniam
2986 3247 3166 3303 dili‘ert
3195 3246 3265 3300 ab
3314 3246 3439 3301 aliis

1862 3339 2207 3407 mulieribus,
2246 3356 2358 3396 non
2390 3341 2569 3397 solum
2607 3340 2662 3395 in
2709 3340 2794 3396 his
2818 3356 2939 3410 quae
2978 3340 3178 3408 scripta
3214 3347 3343 3394 sunt
3369 3337 3439 3393 de

1863 3440 2180 3501 unguento;
2215 3432 2307 3487 sed
2347 3433 2608 3502 quoniam
2638 3438 2692 3487 et
2730 3432 2990 3503 diligebat
3023 3429 3181 3486 Jesus
3210 3430 3436 3484 Mariam

1861 3532 1916 3578 et
1943 3522 2212 3578 Martham
2240 3542 2253 3577 :
2281 3525 2532 3594 quamvis
2557 3533 2612 3579 et
2640 3524 2757 3593 ipsa
2797 3525 2850 3578 in
2881 3523 3138 3578 Bethania
3172 3522 3439 3578 referatur

1862 3611 2055 3678 fuisse,
2094 3615 2239 3668 sicut
2284 3621 2339 3668 et
2372 3614 2567 3668 mulier
2592 3614 2659 3668 de
2689 3629 2797 3684 qua
2824 3622 3106 3683 exponunt
3150 3612 3438 3668 Matthtcus

1862 3714 1917 3760 et
1943 3704 2177 3761 Marcus.
2203 3703 2386 3760 Tertia
2418 3705 2721 3761 diﬂ'erentia
2743 3713 2847 3771 est,
2866 3706 3125 3775 quoniam
3149 3704 3438 3760 Matthazus

1861 3797 2081 3868 quidem
2110 3806 2165 3852 et
2212 3796 2428 3852 Marcus
2470 3797 2527 3851 in
2577 3796 2741 3851 domo
2786 3796 3024 3851 Simonis
3075 3795 3299 3866 Leprosi
3334 3796 3438 3850 hoc

1861 3887 2068 3944 factum
2097 3886 2267 3943 fuisse
2298 3896 2615 3957 exponunt;
2652 3885 2889 3942 Joannes
2929 3895 3133 3952 autem,
3173 3885 3457 3955 quoniam-

1860 3976 2024 4033 Jesus
2054 3986 2182 4033 ante
2217 3992 2308 4033 sex
2342 3977 2458 4032 dies
2483 3975 2708 4032 Pascha:
2728 3976 2876 4030 venit
2909 3975 2961 4028 in
2990 3973 3310 4029 Bethaniam
3344 3975 3436 4030 ubi

1862 4060 1979 4121 erat
2012 4066 2253 4121 Lazarus
2279 4081 2441 4136 quem
2481 4065 2843 4121 suscitaverat
2870 4063 3051 4129 Jesus,
3086 4073 3141 4119 et
3193 4064 3438 4120 fecerunt

1862 4159 1913 4211 ci
1947 4173 2202 4213 cumam:
2252 4166 2307 4213 et
2352 4173 2461 4213 non
2497 4158 2691 4224 simul,
2737 4158 2829 4213 sed
2881 4156 3048 4211 Maria
3098 4168 3153 4212 et
3189 4157 3435 4221 Martha,

1863 4249 2004 4304 forte
2035 4258 2088 4304 et
2135 4247 2411 4317 Lazarus;
2447 4258 2501 4304 ct
2544 4248 2755 4304 Martha
2800 4250 3166 4316 ministrabat,
3196 4249 3438 4305 Lazarus

1863 4349 2042 4395 autem
2074 4349 2191 4394 erat
2225 4354 2369 4395 unus
2401 4354 2470 4393 ex
2505 4339 2991 4394 discumbenlibus.
3036 4339 3227 4393 Adhuc
3253 4347 3435 4393 autem

1865 4433 2161 4488 secundum
2198 4431 2463 4487 Joannem
2504 4444 2633 4487 ante
2664 4447 2758 4487 sex
2792 4432 2907 4487 dies
2948 4431 3169 4487 Pascha:
3205 4432 3349 4487 venit
3382 4432 3437 4487 iu

177 4534 408 4591 prosum
441 4522 622 4591 posuit
675 4521 979 4590 Simonem,
1033 4531 1212 4577 tamen
1246 4522 1579 4578 Pharisreum
1615 4523 1753 4579 dixit
1784 4529 1827 4584 D
1857 4525 2197 4591 Bcthaniam,
2237 4526 2458 4594 quando
2517 4534 2572 4579 et
2619 4522 2866 4579 fecerunt
2911 4525 2961 4579 ci
3019 4540 3229 4579 coenam
3266 4522 3436 4576 Maria

178 4613 378 4679 fuisse,
403 4613 495 4683 qui
522 4623 806 4683 rogaverat
829 4612 1016 4669 Jesum
1046 4622 1105 4669 ut
1131 4614 1485 4671 manducaret
1510 4630 1635 4670 cum
1668 4629 1755 4682 eo,

176 4705 327 4762 sicut
352 4704 420 4758 de
444 4704 667 4758 nomine
701 4704 821 4774 ejus
849 4704 1112 4761 Dominus
1145 4705 1261 4775 ipse
1287 4714 1539 4772 testatur,
1570 4706 1758 4762 dicens

177 4795 252 4851 ad
284 4810 412 4850 eum
448 4794 521 4848 ibi
546 4794 633 4849 ":
671 4795 877 4863 Simon,
928 4794 1142 4863 Simon,
1175 4797 1336 4851 habeo
1373 4798 1500 4867 quid
1545 4798 1638 4851 tibi
1676 4798 1761 4851 di-

178 4903 319 4943 cere.
357 4885 526 4942 Multa
562 4902 695 4959 ergo
721 4889 1023 4944 similitudo
1047 4900 1101 4945 et
1131 4890 1384 4960 cognatio
1414 4892 1661 4962 quaedam
1692 4892 1759 4947 de

179 4980 412 5035 muliere
447 4981 587 5049 apud
635 4991 871 5051 quatuor
922 4983 1306 5053 evangelistas.
1355 4982 1540 5039 Dicam
1575 4992 1755 5039 tamen

177 5072 247 5126 ad
285 5086 384 5126 eos
422 5073 516 5141 qui
562 5073 897 5128 arbitrantur
928 5089 1091 5128 unam
1142 5074 1314 5130 fuisse
1360 5075 1645 5130 mulierem
1690 5076 1758 5130 de

175 5178 290 5233 qua
338 5178 530 5218 omnes
561 5165 905 5234 evangelista:
960 5166 1338 5234 scripserunt:
1395 5164 1562 5223 Putas
1610 5167 1756 5237 quod

178 5255 299 5309 haec
347 5254 543 5308 mulier
595 5250 717 5325 qua:
776 5255 967 5310 eliudit
1013 5271 1179 5326 super
1236 5267 1401 5328 caput
1448 5255 1576 5313 Jesu
1634 5273 1758 5328 pre~

177 5344 385 5399 tiosum
440 5355 816 5416 unguentum,
890 5346 1034 5402 sicut
1082 5346 1368 5404 Matt'ueus
1426 5357 1481 5404 et
1542 5347 1767 5405 Marcus-

175 5444 594 5505 exposuerunt,
651 5435 766 5505 ipsa
809 5445 864 5492 et
917 5438 1139 5508 myrrha
1171 5439 1328 5493 unxit
1368 5438 1532 5509 pedes
1560 5439 1758 5509 ipsius,

179 5528 325 5584 sicut
361 5526 536 5583 Lucas
567 5535 623 5583 et
645 5528 883 5584 Joannes
924 5532 1334 5599 exposuerunt?
1383 5528 1504 5585 Non
1532 5539 1616 5585 est
1660 5546 1760 5586 au-

179 5628 289 5675 tem
349 5620 609 5689 possibile
663 5631 721 5676 ut
777 5623 845 5678 de
899 5624 1085 5679 eadem
1151 5624 1378 5679 muliere
1424 5633 1758 5694 exponentes

251 5730 302 5805 ‘1
330 5730 585 5805 Luc._vu,
616 5733 702 5787 16.
780 5734 827 5766 ⁸⁸
860 5735 1048 5795 Matth.
1080 5753 1179 5805 xu,
1217 5737 1307 5793 24.
1386 5737 1432 5771 ⁸³
1468 5736 1658 5794 Matth.
1687 5752 1833 5803 xxvr,
1866 5736 1981 5792 6-8.

178 5804 236 5869 2,
272 5803 325 5859 5.
400 5802 448 5835 ⁸³
481 5801 611 5859 Luc.
637 5820 731 5869 vu,
763 5805 851 5862 40.

1859 4624 1914 4671 et
1958 4614 2191 4670 Martha.
2243 4614 2341 4671 ilic
2382 4624 2564 4670 autem
2606 4617 2824 4686 quando
2882 4616 3232 4671 recumbente
3271 4630 3336 4669 eo
3384 4616 3437 4669 in

1859 4705 2025 4761 domo
2066 4703 2307 4761 Simonis
2361 4705 2585 4776 Leprosi
2612 4747 2627 4770 ,
2664 4708 2895 4762 accessit
2946 4708 3012 4762 ad
3053 4724 3176 4761 eum
3218 4708 3433 4769 mulier,

1861 4805 1986 4866 post
2034 4797 2260 4852 biduum
2308 4796 2518 4854 Pascha
2552 4808 2671 4853 erat
2706 4800 2985 4864 futurum,
3030 4800 3174 4854 sicut
3226 4800 3435 4854 dictum

1859 4899 1945 4944 est
1991 4905 2178 4960 supra.
2228 4890 2417 4946 licstat
2463 4899 2522 4946 ut
2567 4891 2765 4963 aliquis
2799 4893 2981 4946 dicat:
3039 4890 3095 4945 Si
3147 4891 3215 4946 de
3265 4891 3435 4944 altera

1862 4982 2087 5036 muliere
2125 4979 2409 5038 Matthmus
2444 4992 2498 5037 et
2532 4981 2749 5038 Marcus
2779 4984 3137 5052 scripserunt,
3170 4983 3236 5036 de
3267 4981 3433 5034 altera

1860 5085 2042 5129 autem
2073 5074 2337 5140 Joannes,
2371 5076 2438 5129 de
2466 5077 2621 5131 tertia
2660 5091 2787 5132 vero
2821 5075 3032 5141 Lucas,
3070 5072 3345 5143 quomodo
3378 5072 3431 5125 in

1860 5181 2093 5236 persona
2134 5167 2298 5220 unius
2353 5166 2597 5222 mulieris
2641 5166 2808 5223 semel
2844 5181 2873 5219 a
2919 5165 3138 5219 Christo
3172 5162 3435 5230 increpati

1860 5256 2111 5326 discipuli
2143 5256 2301 5326 quasi
2332 5256 2863 5328 maleindignantcs
2890 5256 2956 5310 de
2998 5254 3140 5309 facto
3170 5253 3434 5319 mulieres,

1861 5362 1970 5402 non
2002 5363 2061 5402 se
2100 5348 2549 5416 emendaverunt,
2583 5357 2640 5402 ut
2675 5363 2741 5401 ne
2778 5362 2941 5416 super
2977 5347 3203 5399 alteram
3243 5344 3437 5398 mulie-

1860 5455 1975 5495 rem
2025 5440 2275 5494 similiter
2313 5438 2601 5496 facientem
2654 5438 3098 5508 indignarentur?
3143 5435 3436 5506 Propterea

1860 5531 2000 5586 sciat
2031 5530 2160 5601 quia
2186 5531 2328 5600 apud
2355 5530 2666 5585 Matthteum
2700 5538 2755 5585 et
2787 5527 3030 5584 Marcum
3061 5527 3311 5598 discipuli
3352 5526 3437 5581 in-

1860 5622 2157 5692 dignantur
2186 5637 2251 5676 ex
2285 5622 2430 5677 bono
2461 5622 2768 5693 proposito;
2803 5620 2943 5691 apud
2963 5619 3225 5676 Joannem
3253 5629 3433 5674 autem

2088 5738 2134 5771 ⁸⁰
2160 5754 2256 5806 xu,
2290 5738 2343 5792 5.
2452 5738 2495 5769 ⁸¹
2531 5735 2717 5793 Matth.
2746 5753 2895 5806 xxw,
2926 5737 2978 5793 9.
3073 5738 3119 5769 ⁸⁸
3148 5735 3302 5792 Joan.
3338 5751 3430 5802 xu,
