4004 6540
585 373 723 429 1723

1776 365 2101 426 ORIGENIS
2142 365 2214 423 IN
2246 365 2661 424 MA'I‘Tll/EUM

3700 371 3829 428 ιτξι

580 501 733 553 solus
775 493 945 551 Judas
999 493 1217 550 furandi
1261 493 1485 562 all'ectu;
1535 494 1676 565 apud
1719 492 1922 550 Lucam
1972 500 2151 547 autem
2184 498 2226 551 Α
2258 490 2449 547 Adhuc
2476 493 2622 547 enim
2654 491 2837 547 minus
2870 490 3123 559 habebat,
3148 499 3209 547 ut
3232 490 3591 563 postmodum
3627 491 3829 547 iuveni—

579 594 893 641 murmttrat
918 600 1098 639 nemo.
1136 583 1211 638 Ex
1243 584 1328 639 his
1369 598 1499 654 ergo
1536 592 1591 638 et
1636 583 1755 639 aliis
1789 599 1909 653 qum
1932 591 1988 636 et
2038 582 2151 651 ipse

577 679 785 749 poteris
824 676 1150 739 observare,
1202 684 1407 730 certum
1458 686 1543 730 est
1589 674 1849 745 quoniam
1900 681 1995 728 aut
2047 673 2148 727 sibi

578 770 853 825 contraria
876 769 1064 823 dicunt
1088 766 1434 837 evangelista:
1457 775 1515 825 ut
1536 768 1757 837 quidam
1780 780 1969 821 eorum
1993 780 2149 819 men-

578 863 813 928 tiantur;
846 867 939 914 aut
970 861 1014 914 si
1046 860 1149 912 hoc
1174 858 1398 928 impium
1424 866 1505 913 est
1527 857 1772 922 credere,
1808 872 2031 913 necesse
2067 864 2152 911 est

577 942 760 1009 dicere
789 968 894 1007 non
927 952 995 1006 de
1036 952 1224 1007 eadem
1263 952 1489 1006 muliere
1516 965 1708 1006 omnes
1753 950 2151 1020 conscripsisse

580 1043 964 1113 evangelistas,
981 1042 1073 1097 sed
1106 1051 1200 1096 aut
1221 1042 1287 1097 de
1309 1042 1503 1108 tribus,
1529 1050 1619 1096 aut
1639 1043 1704 1097 de
1722 1051 1978 1110 quatuor.
2000 1040 2152 1096 Dicet

577 1144 759 1189 autem
798 1134 997 1204 aliquis
1028 1130 1190 1204 paulo
1217 1134 1515 1189 audacior:
1563 1131 1813 1189 Forsitan
1850 1134 2149 1188 secundum

574 1226 857 1282 historiam
894 1241 998 1280 una
1033 1226 1279 1296 quaedam
1318 1226 1514 1280 mulier
1539 1224 1784 1296 fuitquae
1812 1226 1917 1280 tale
1947 1225 2150 1293 aliquid

571 1318 739 1389 893
765 1317 910 1374 fecit.
940 1317 1083 1372 Pone
1102 1327 1281 1373 autem
1304 1327 1358 1372 et
1376 1318 1622 1380 alteram,
1639 1317 1683 1372 si
1706 1316 1881 1385 vis,et
1910 1318 2148 1381 tertiam,

575 1421 755 1464 tamen
794 1417 849 1463 et
895 1410 1268 1480 principaliter
1310 1410 1769 1482 evangelistarum
1812 1410 2149 1480 prapositum

574 1500 676 1555 fuit
711 1496 1011 1570 reSpiciens
1041 1501 1107 1555 ad
1134 1501 1411 1572 mysteria,
1445 1509 1499 1555 et
1528 1516 1633 1555 non
1664 1501 1798 1557 satis
1820 1511 2152 1557 curaverunt

572 1602 633 1647 ut
657 1593 957 1647 secundum
1001 1592 1278 1647 veritatem
1310 1600 1630 1647 enarrarent
1660 1592 1933 1658 historice,
1967 1593 2060 1647 sed
2093 1601 2151 1646 ut

573 1699 757 1737 rerum
792 1685 1048 1754 mysteria
1077 1700 1198 1754 quae
1223 1700 1287 1738 ex
1314 1683 1542 1738 historia
1570 1685 1953 1749 nascebantur,
1980 1697 2150 1751 expo-

572 1783 783 1831 nerent.
819 1775 1049 1847 Propter
1083 1776 1229 1847 quod
1266 1786 1319 1831 et
1350 1784 1698 1830 attexuerunt
1731 1775 1997 1846 quosdam
2039 1791 2151 1832 ser-

2255 593 2408 638 retur
2444 585 2499 639 in
2533 585 2698 639 domo
2747 585 3067 639 oliedientite
3108 584 3287 651 facta,
3323 595 3385 640 ut
3408 586 3528 656 jam
3572 602 3832 641 consumo

2252 685 2423 741 mata,
2454 692 2632 747 neque
2670 677 2939 748 peccatrix
2966 677 3240 732 diceretur
3258 719 3275 744 ,
3302 692 3405 732 nec
3432 678 3756 748 lacrymans
3783 688 3835 731 et

2252 771 2441 825 lavans
2466 768 2675 825 Domini
2700 771 2886 841 pedes,
2912 771 3007 826 sed
3032 781 3087 826 et
3121 771 3237 841 ipsa
3271 770 3566 826 eﬂ'undens
3591 786 3834 839 unguen-

2256 873 2370 917 tum
2406 878 2572 933 super
2621 872 2783 933 caput
2831 864 3023 934 ipsius.
3059 864 3162 919 Sed
3186 873 3238 918 et
3273 862 3465 918 Simon
3514 863 3837 918 ohedieutiz

2253 952 2570 1023 mysterium
2602 960 2707 1017 est,
2737 954 2995 1023 quoniam
3025 954 3107 1009 sic
3133 954 3555 1023 interpretatur,
3585 953 3687 1006 sed
3713 954 3837 1007 ohe-

2252 1045 2579 1100 dientialiter
2603 1045 2737 1115 (85),
2765 1060 2872 1099 non
2901 1046 3126 1115 spiritus
3154 1064 3167 1100 :
3198 1054 3423 1115 propter
3443 1045 3598 1115 quod
3627 1044 3834 1111 Simon,

2251 1137 2494 1191 elevatus
2517 1152 2547 1189 a
2575 1137 2752 1192 littera
2785 1137 2920 1207 legis
2946 1152 3042 1206 per
3066 1135 3250 1191 Jesum
3277 1138 3344 1191 ad
3376 1137 3558 1208 legem
3582 1137 3835 1207 spiritua-

2252 1227 2394 1290 lem,
2442 1227 2556 1297 jam
2591 1243 2700 1282 non
2741 1237 2859 1283 erat
2887 1227 3074 1283 Simon
3111 1238 3354 1293 tantum,
3396 1230 3492 1284 sed
3542 1228 3729 1284 factus
3756 1238 3837 1283 est

2252 1320 2415 1375 etiam
2442 1319 2654 1385 Petrus,
2683 1330 2735 1376 et
2757 1337 2857 1391 pro
2878 1321 3233 1377 aediﬁcatione
3252 1320 3486 1377 Iudaica
3508 1322 3719 1391 dignus
3742 1322 3835 1376 ha-

2254 1412 2399 1467 bitus
2438 1420 2522 1467 est
2563 1412 2922 1467 mdihcatione
2951 1411 3201 1468 Ecclesiae
3244 1428 3413 1482 super
3442 1422 3665 1482 petram
3714 1413 3836 1467 fun-

2251 1500 2463 1555 dandae.
2494 1499 2690 1556 Factus
2726 1511 2810 1556 est
2832 1515 2962 1571 ergo
2985 1499 3143 1557 Jesus
3165 1502 3220 1555 in
3250 1501 3422 1555 domo
3446 1500 3702 1557 Simonis
3725 1503 3834 1572 qui-

2253 1590 2375 1645 dem
2416 1591 2649 1660 allcujus
2691 1592 3027 1656 obedientis,
3073 1602 3251 1646 tamen
3282 1593 3521 1663 leprosi,
3565 1604 3621 1648 et
3652 1594 3831 1649 adhuc

2254 1697 2393 1751 opus
2424 1683 2677 1738 habentis
2702 1682 3052 1738 mundatione
3082 1685 3150 1738 ab
3175 1682 3327 1738 Jcsu.
3356 1683 3475 1738 Non
3508 1696 3699 1740 autem
3732 1702 3839 1741 me-

2255 1784 2523 1830 moratum
2554 1781 2637 1830 est
2677 1776 2820 1844 apud
2867 1774 3068 1829 Lucam
3098 1774 3166 1829 de
3209 1775 3435 1831 Simone
3463 1778 3736 1847 quoniam
3782 1789 3836 1832 et

571 1883 763 1923 mones
815 1868 1195 1939 mysteriorum
1248 1868 1611 1923 intellectibus
1666 1868 2053 1923 convenientes
2098 1877 2152 1921 et
2184 1840 2225 1894 Β
2256 1867 2503 1936 leprosus
2532 1874 2668 1921 erat.
2714 1864 2980 1921 Existimo
3017 1866 3274 1937 quoniam
3321 1866 3439 1937 ipse
3470 1868 3696 1923 debitor
3719 1878 3837 1923 era;

571 1975 865 2015 consonos.
914 1958 986 2015 De
1030 1959 1114 2013 bis
1144 1968 1325 2013 autem
1377 1974 1498 2029 qua:
1535 1958 1678 2027 apud
1710 1968 1947 2028 quatuor
1988 1972 2153 2028 expo.

572 2060 781 2107 nuntur
816 2051 1177 2122 evangelistas
1208 2066 1372 2106 causa
1412 2051 1699 2105 mulierum
1733 2050 1815 2105 vel
1843 2050 2004 2105 unius
2032 2065 2153 2105 mu.

570 2144 741 2206 lieris,
765 2144 907 2200 sicut
926 2144 1240 2199 existimant
1268 2143 1446 2207 multi,
1467 2142 1781 2212 diligentius
1798 2142 2151 2198 tractavimus

567 2245 898 2305 exponentes
926 2234 1273 2304 Evangelium
1300 2234 1597 2289 secundum
1621 2231 1884 2287 Joannem
1902 2274 1915 2296 ,
1934 2232 2152 2302 quaevi-

564 2327 835 2385 debantur
858 2327 1036 2393 nobis,
1062 2341 1185 2381 cum
1212 2326 1410 2383 similia
1436 2334 1617 2382 essent
1640 2334 1694 2380 et
1715 2334 1966 2396 cognata,
1991 2325 2148 2396 quasi

568 2419 849 2475 contraria
882 2428 935 2473 et
958 2418 1234 2473 distantia.
1267 2415 1422 2471 Nunc
1447 2426 1627 2471 autem
1656 2431 1717 2471 ea
1750 2416 1985 2471 breviter
2028 2432 2150 2486 per-

567 2512 925 2580 stringamus.
966 2509 1382 2564 Rationabiliter
1412 2522 1543 2578 ergo
1564 2507 1742 2561 Lucas
1767 2522 1891 2562 cum
1919 2507 1987 2562 de
2020 2522 2148 2575 pec-

567 2604 771 2658 catrice
805 2603 1037 2657 muliere
1069 2602 1407 2671 loqueretur,
1446 2597 1749 2654 introduxit
1776 2614 1896 2654 eam
1930 2597 2144 2653 ﬂentem

564 2694 967 2759 abundantius,
1004 2701 1063 2747 ut
1098 2692 1261 2747 etiam
1308 2690 1433 2746 Jesu
1473 2690 1636 2759 pedes
1680 2690 1921 2757 lavarct,
1952 2698 2007 2744 et
2039 2705 2145 2743 non

566 2786 941 2842 infundentem
968 2785 1187 2855 quidem
1214 2792 1573 2851 unguentum,
1591 2782 1684 2836 sed
1708 2789 1914 2835 tantum
1941 2795 2147 2851 ungen-

564 2890 676 2932 tcm
710 2892 819 2932 non
844 2888 1040 2946 caput,
1082 2876 1173 2932 sed
1206 2875 1391 2945 pedes.
1429 2873 1522 2928 Illa
1549 2882 1729 2928 autem
1762 2888 1883 2943 qum
1912 2888 2022 2927 non
2051 2888 2145 2926 ac-

563 2970 862 3026 cusabatur
890 2968 1189 3038 peccatrix,
1227 2982 1333 3020 non
1363 2966 1540 3029 unxit,
1579 2966 1671 3020 sed
1706 2964 1914 3027 eﬂudit,
1954 2972 2008 3019 et
2036 2979 2144 3017 non

561 3076 725 3131 super
748 3061 931 3129 pedes,
961 3059 1053 3113 sed
1086 3073 1252 3127 super
1280 3066 1465 3127 caput.
1492 3055 1549 3110 Si
1580 3066 1761 3112 autem
1785 3056 1912 3125 quis
1940 3063 1997 3109 et
2024 3069 2146 3123 qure

2252 1958 2648 2029 quinquaginta
2676 1958 3063 2022 denariorum,
3105 1970 3159 2014 et
3177 1961 3289 2029 jam
3317 1971 3608 2029 acceperat
3633 1964 3836 2018 remis-

2252 2050 2458 2103 sionem
2487 2064 2699 2113 eorum,
2722 2048 2980 2117 quoniam
3003 2048 3265 2104 dilexerat
3291 2050 3596 2107 modicum.
3624 2049 3834 2105 Tamen

2250 2141 2481 2211 diligens
2504 2140 2902 2210 aliquantulum
2928 2181 2943 2205 ,
2980 2140 3191 2211 rogavit
3221 2155 3347 2196 eum
3378 2151 3440 2197 ut
3467 2142 3835 2199 manducret

2251 2249 2374 2288 cum
2406 2248 2491 2288 eo.
2537 2233 2785 2288 Accessit
2816 2241 2997 2287 autem
3044 2233 3273 2298 mulier,
3300 2250 3408 2289 non
3436 2236 3722 2304 peccatrix
3751 2251 3837 2292 se-

2249 2321 2488 2377 cundum
2517 2320 2829 2377 Matthteum
2862 2331 2917 2378 et
2950 2322 3217 2390 Marcum,
3244 2324 3585 2379 alabastrum
3623 2322 3835 2393 habens

2251 2414 2514 2484 unguenti
2558 2414 2805 2484 pretiosi.
2856 2412 2926 2467 Et
2966 2414 3250 2470 considera
3283 2431 3449 2487 quam
3491 2426 3657 2472 caute
3688 2419 3833 2489 apud

2252 2508 2349 2560 hos
2369 2505 2461 2575 qui
2486 2506 2840 2575 peccatricem
2864 2521 2969 2562 non
2996 2507 3316 2574 retulerunt,
3339 2518 3687 2579 unguentum
3714 2511 3835 2578 ejus

2249 2598 2405 2667 quasi
2437 2599 2738 2668 pretiosum
2770 2599 3044 2655 laudatur.
3070 2599 3223 2668 Apud
3255 2598 3462 2655 Lucam
3492 2610 3706 2665 autem,
3741 2602 3833 2672 qui

2248 2690 2501 2758 exposuit
2536 2691 2891 2760 peccatricem
2916 2731 2931 2756 ,
2976 2702 3310 2763 unguentum
3355 2694 3698 2763 simpliciter”
3734 2710 3834 2753 uo-

2250 2780 2521 2845 minatur,
2553 2794 2653 2834 nec
2683 2780 3012 2849 pretiosum,
3047 2796 3147 2837 nec
3176 2782 3332 2836 nardi
3374 2784 3621 2853 pisticai,
3657 2794 3721 2839 ut
3767 2800 3831 2839 ex

2247 2872 2416 2927 odore
2456 2872 2576 2942 ejus
2616 2873 2933 2942 impleretur
2961 2875 3175 2931 domus.
3206 2876 3402 2931 Adhuc
3436 2878 3588 2931 enim
3626 2879 3834 2933 habere

2247 2977 2356 3015 non
2382 2971 2594 3032 poterat
2622 2972 2895 3034 unguenta
2923 2963 3231 3035 huiusmodi
3266 2985 3280 3034 ;
3311 2968 3408 3023 sed
3436 2968 3544 3024 hoc
3563 2978 3686 3024 erat
3713 2986 3832 3024 ma-

2247 3068 2443 3123 gnum,
2478 3056 2605 3124 quia
2646 3056 2728 3111 vel
2763 3065 3040 3127 unguento
3087 3068 3299 3127 poterat
3347 3076 3552 3132 ungere
3608 3060 3828 3116 Domini

560 3153 629 3208 de
660 3150 831 3206 Maria
869 3150 1061 3205 Lazari
1090 3164 1276 3206 sorore
1308 3149 1510 3219 scripta
1563 3156 1723 3214 sunt,
1764 3156 1989 3210 tractet,
2022 3162 2143 3215 quae
2170 3175 2212 3231 ρ
2248 3148 2429 3216 pedes.
2463 3146 2638 3218 Hujus
2670 3157 2850 3205 autem
2889 3150 3135 3206 mulieris
3166 3152 3467 3220 pretiosum
3508 3153 3688 3209 fertur
3723 3172 3823 3209 un-

537 3256 593 3301 ct
641 3249 754 3317 ipsa
789 3249 947 3302 unxit
981 3248 1193 3301 Domini
1225 3247 1388 3317 pedes
1410 3288 1423 3312 ,
1456 3253 1605 3300 notet
1637 3245 1739 3299 sibi
1778 3259 1900 3314 qua:
1938 3243 2137 3313 scripta

559 3348 683 3394 Sttttl
717 3339 812 3403 ibi,
838 3338 1097 3408 quoniam
1125 3339 1305 3391 omnis
1332 3336 1529 3391 domus
1555 3337 1758 3405 repleta
1780 3344 1864 3389 cst
1887 3350 1950 3387 ex
1973 3334 2139 3388 odore

560 3428 821 3497 unguenti
855 3445 869 3489 ;
902 3427 1044 3497 quod
1079 3443 1185 3479 non
1213 3436 1292 3479 est
1318 3426 1580 3493 scriptum
1604 3423 1671 3478 de
1692 3438 1755 3478 ea
1781 3438 1902 3492 quae
1928 3421 2140 3477 diccba-

559 3526 649 3570 tur
672 3532 795 3571 esse
831 3517 1124 3587 peccatrix.
1160 3514 1263 3570 Sed
1294 3531 1394 3570 nec
1421 3516 1488 3570 de
1514 3514 1744 3569 muliere
1781 3516 1846 3568 de
1869 3530 1972 3585 qua
2002 3515 2137 3569 scri-

557 3619 786 3679 pserunt
832 3608 1120 3664 Mattliarus
1152 3616 1205 3662 et
1246 3606 1497 3674 Marcus,
1546 3622 1667 3678 qua:
1704 3621 1812 3661 non
1854 3606 2137 3661 dicebatur

558 3702 729 3758 fuisse
766 3702 1085 3772 peccatrix,
1115 3699 1222 3754 tale
1271 3700 1475 3769 aliquid
1526 3700 1788 3769 scriptum
1838 3708 1956 3763 est,
2005 3701 2132 3770 quia

555 3795 738 3849 omnis
761 3794 957 3849 domus
977 3792 1177 3862 repleta
1200 3800 1280 3847 cst
1302 3807 1367 3847 ex
1394 3792 1559 3847 odore
1583 3792 1863 3863 unguenti.
1881 3791 2131 3847 Forsitan

555 3904 651 3959 per
682 3886 1015 3941 dili‘erentias
1053 3886 1279 3939 istarum
1320 3884 1641 3949 mulierum,
1693 3883 2008 3937 dilicrentire
2070 3884 2132 3937 li-

553 3981 757 4034 delium
787 3979 1230 4033 demonstrantur
1258 3995 1269 4030 :
1297 3991 1530 4046 quorum
1561 3976 1780 4045 quidam
1809 3975 2029 4046 quidem
2050 3974 2130 4029 cf-

559 4073 797 4128 fundunt
843 4085 1006 4139 super
1050 4077 1212 4138 caput
1243 4066 1369 4123 Jesu
1410 4068 1705 4137 pretiosum
1748 4076 2125 4136 unguentum;

551 4161 644 4217 alii
673 4170 850 4215 autem
877 4175 984 4213 non
1021 4167 1182 4229 caput
1206 4168 1435 4228 ungunt,
1459 4157 1551 4212 sed
1579 4156 1777 4226 pedes;
1811 4156 1903 4211 alii
1945 4168 2125 4211 autem

552 4270 661 4309 non
699 4253 994 4307 infundunt
1026 4251 1265 4320 largiter,
1292 4250 1383 4304 sed
1410 4259 1619 4318 ungunt
1644 4256 1871 4303 tantum.
1904 4247 2125 4319 Ungen-

552 4340 688 4394 tium
720 4354 849 4393 vero
882 4341 1101 4409 quidam
1143 4339 1233 4392 tali
1278 4348 1486 4408 ungunt
1511 4346 1823 4407 unguento,
1860 4347 1919 4392 ut
1945 4338 2125 4393 omnis

549 4431 748 4487 domus
789 4432 1079 4500 impleatur
1121 4446 1184 4484 ex
1222 4430 1388 4484 odore
1427 4428 1727 4484 divinitatis
1775 4429 1992 4499 ipsius;
2032 4430 2121 4483 alii

2250 3249 2533 3311 guentum.
2570 3239 2682 3296 Nec
2722 3244 2868 3296 enim
2919 3241 3144 3298 decebat
3186 3258 3308 3299 esse
3354 3260 3466 3299 non
3517 3248 3826 3315 pretiosum

2246 3332 2390 3401 quod
2422 3347 2583 3401 super
2618 3343 2783 3403 caput
2812 3332 3110 3389 Salvatoris
3142 3334 3541 3391 effundebatur.
3568 3337 3637 3391 Et
3661 3355 3827 3410 super

2247 3433 2580 3494 unguentum
2638 3425 2857 3494 quidem
2916 3426 3234 3496 peccatricis
3289 3430 3550 3498 ungentis
3603 3429 3823 3487 Domini

2244 3515 2428 3583 pedes,
2458 3526 2511 3569 et
2538 3530 2645 3569 non
2683 3515 3009 3571 elIundentis
3028 3559 3043 3585 ,
3076 3533 3251 3587 neque
3281 3520 3549 3589 indignati
3578 3532 3711 3576 sunt
3736 3524 3821 3577 di-

2243 3606 2471 3676 scipuli,
2514 3622 2692 3678 neque
2710 3607 3002 3663 doluerunt
3025 3649 3042 3675 ,
3082 3624 3182 3663 nec
3220 3609 3357 3663 dixit
3385 3608 3561 3667 Judas
3592 3631 3607 3665 :
3645 3610 3822 3676 Quare

2241 3712 2562 3770 unguentum
2587 3702 2683 3754 hoc
2704 3711 2897 3755 nonest
2918 3702 3267 3755 venundatum
3291 3704 3539 3757 trecentis
3557 3704 3815 3765 denariis,

2239 3801 2287 3845 et
2325 3793 2507 3845 datum
2531 3803 2604 3846 est
2637 3793 2951 3863 pauperibus
2976 3793 3067 3847 “1
3099 3792 3273 3862 Super
3299 3794 3593 3849 mulierem
3638 3806 3814 3850 autem

2239 3883 2380 3953 apud
2407 3883 2717 3939 Matthzeum
2742 3897 2792 3940 ct
2815 3885 3055 3941 Marcum
3082 3885 3344 3956 indignati
3369 3895 3503 3941 sunt
3534 3887 3811 3957 discipuli,

2239 3985 2293 4030 et
2314 3976 2609 4032 doluerunt
2630 3977 2989 4046 perditionem
3020 3976 3280 4048 unguenti
3310 3978 3457 4047 quod
3486 3978 3815 4033 decurrebat

2236 4083 2265 4121 a
2298 4068 2474 4138 capite
2494 4068 2613 4137 ejus
2641 4067 2711 4121 ad
2746 4077 3001 4122 ueterum
3034 4083 3250 4137 corpus.
3282 4066 3420 4121 Nam
3450 4071 3558 4123 etsi
3604 4080 3814 4139 poterat

2235 4161 2537 4217 venundari
2588 4170 2923 4231 unguerdum
2976 4160 3104 4215 illud
3152 4161 3323 4215 multo
3366 4162 3544 4230 pretio
3591 4172 3649 4217 et
3694 4162 3809 4216 dari

2233 4252 2585 4323 pauperibus,
2617 4261 2795 4306 tamen
2827 4266 2933 4305 non
2963 4251 3191 4306 debebat
3219 4251 3334 4305 lieri
3360 4252 3484 4317 hoc,
3511 4252 3646 4321 quia
3679 4268 3812 4307 eou-

2230 4344 2452 4400 veuiens
2474 4351 2591 4399 erat
2619 4358 2783 4412 super
2804 4353 2966 4412 caput
2991 4342 3192 4398 Christi
3215 4341 3602 4398 infunderetur
3621 4354 3807 4399 sancta

2230 4447 2283 4490 et
2311 4435 2521 4490 decenti
2561 4432 2856 4488 inlusione.
2890 4432 2991 4499 Qui
3017 4445 3196 4489 autem
3232 4429 3574 4489 contendunt
3609 4436 3807 4489 intelli-

551 4531 732 4577 autem
771 4536 880 4574 non
925 4522 1017 4575 tali
1056 4521 1313 4590 quidem,
1362 4528 1545 4574 tamen
1574 4528 1628 4575 et
1657 4518 1759 4589 ipsi
1805 4520 2121 4589 acceptabili
2158 4528 2198 4582 D
2228 4546 2353 4602 gere
2386 4530 2488 4585 ista
2519 4529 2817 4585 secundum
2848 4529 3149 4598 simplicem
3183 4537 3384 4583 textum
3404 4569 3419 4593 ,
3447 4527 3638 4582 dicant
3668 4527 3805 4583 εσυ-

551 4613 693 4683 apud
723 4612 1028 4675 Christum,
1065 4611 1321 4680 quoniam
1346 4619 1399 4665 et
1437 4610 1540 4680 ipsi
1570 4619 1781 4680 ungunt
1808 4612 1970 4680 pedes
2002 4611 2120 4681 ejus

550 4712 850 4772 unguento,
878 4718 1016 4771 quos
1036 4701 1344 4756 Pharisaeus
1367 4717 1466 4757 nec
1487 4703 1607 4757 oleo
1629 4702 1804 4757 unxit.
1829 4700 2121 4773 Oportebat

548 4800 731 4845 autem
762 4792 876 4845 haec
903 4791 955 4844 in
986 4791 1247 4845 Bethania
1289 4792 1424 4856 lieri,
1453 4808 1575 4862 qua:
1615 4792 2001 4862 interpretatur
2023 4793 2119 4845 do-

532 4900 663 4938 .mus
695 4883 1025 4947 obedienliw,
1054 4890 1107 4936 et
1139 4883 1207 4936 ab
1241 4883 1341 4937 hac
1373 4898 1493 4951 quae
1520 4897 1681 4952 super
1709 4891 1873 4953 caput
1896 4882 2113 4938 Domini

543 4976 736 5031 cll'udit
765 4984 1124 5045 unguentum,
1152 4989 1260 5030 non
1294 4984 1546 5030 accusata
1568 4976 1724 5046 quasi
1753 4979 2028 5047 peccatrix
2057 4980 2112 5033 in

542 5072 781 5134 civitate,
814 5078 870 5124 et
903 5086 932 5124 a
962 5068 1163 5136 Maria,
1201 5071 1342 5139 apud
1387 5085 1549 5140 quam
1585 5085 1708 5125 eum
1746 5072 1896 5127 fieret
1929 5074 2116 5128 convi-

539 5163 686 5216 vium
710 5160 861 5227 Jesu,
886 5161 1119 5215 accessit
1141 5160 1207 5214 ad
1234 5176 1357 5215 eum
1381 5169 1435 5215 et
1465 5162 1639 5216 unxit.
1672 5160 1902 5216 Domum
1933 5173 2112 5217 autem

538 5254 891 5320 obedientiae,
952 5252 1249 5307 Eeclesiam
1316 5252 1543 5323 intelligi
1598 5262 1845 5323 oportere
1904 5254 2116 5310 dubitat

538 5359 719 5398 nemo.
753 5345 849 5401 llla
886 5354 1067 5399 autem
1094 5360 1216 5414 qua:
1256 5345 1397 5414 apud
1430 5344 1633 5400 Lucam
1669 5346 1951 5402 dicebatur
1981 5364 2109 5418 pec-

537 5434 708 5487 catrix
736 5476 750 5499 ,
796 5436 975 5489 adhuc
1014 5451 1119 5489 non
1165 5444 1282 5490 erat
1325 5436 1485 5504 digna
1537 5436 1589 5490 in
1639 5435 1901 5494 Bethania
1948 5456 2107 5509 esse,

537 5526 787 5595 quamvis
826 5527 1201 5595 paenitentiam
1239 5536 1583 5597 peccatorum
1625 5544 1848 5586 suorum
1896 5520 2104 5604 agebat.

606 5665 654 5697 “
678 5664 834 5720 Joan.
867 5679 966 5731 xu,
998 5667 1054 5721 5.
1127 5669 1173 5700 ⁵³
1201 5667 1363 5723 Marc.
1402 5686 1516 5737 xtv,
1548 5670 1595 5726 6.

608 5776 721 5848 (85)
759 5778 897 5850 Lege
923 5780 1215 5838 obcdicntia
1240 5785 1448 5842 linem.

2226 4638 2346 4677 sum
2368 4630 2703 4694 unguentum
2740 4636 2905 4691 super
2929 4630 3091 4691 caput
3112 4619 3241 4676 Jesu
3271 4620 3638 4684 laudabiliter,
3667 4636 3803 4689 qua-

2226 4713 2327 4767 lem
2359 4713 2591 4768 habebat
2616 4712 2913 4768 secundum
2940 4720 3142 4767 textum
3167 4712 3438 4777 decorem,
3473 4719 3535 4766 ut
3560 4710 3799 4766 eﬂ‘undeo

2223 4817 2372 4859 retur
2415 4822 2577 4875 super
2616 4817 2779 4876 caput
2805 4806 2929 4861 talis
2962 4815 3017 4860 et
3044 4805 3178 4860 tanti
3210 4804 3482 4874 magistri.
3524 4803 3644 4859 Non
3678 4812 3798 4857 erat

2222 4913 2352 4968 ergo
2381 4906 2716 4969 unguentum
2743 4898 2873 4952 illud
2904 4898 3233 4967 pauperibus
3262 4897 3510 4967 dignum,
3535 4912 3636 4951 nec
3663 4911 3794 4951 cou-

2221 4990 2467 5051 venicns,
2492 4996 2756 5059 quantum
2782 4988 2848 5041 ad
2875 5002 3034 5042 suum
3063 4987 3350 5063 honorem,
3378 4994 3439 5040 ut
3457 4985 3792 5039 divideretur

2222 5082 2275 5134 in
2326 5078 2563 5146 multos,
2607 5079 2701 5135 sed
2743 5087 2800 5131 ut
2846 5078 3113 5147 integrum
3160 5092 3388 5131 manens
3425 5076 3791 5131 effunderetur

2220 5186 2383 5240 super
2411 5179 2572 5240 caput
2594 5168 2968 5223 tantummodo
2989 5166 3138 5221 Jesu.
3162 5166 3390 5236 Propter
3418 5166 3563 5236 quod
3590 5175 3642 5220 et
3666 5180 3787 5218 mu-

2221 5262 2406 5314 lierem
2429 5275 2550 5328 quae
2576 5258 2778 5315 fecerat
2803 5258 2928 5321 hoc,
2959 5259 3187 5326 suscipit
3212 5256 3394 5322 Jesus,
3419 5266 3475 5311 et
3504 5257 3784 5326 indignan-

2220 5351 2364 5405 tibus
2391 5350 2673 5420 discipulis
2694 5350 2824 5405 dicit
2851 5350 2899 5382 ⁸⁸
2925 5367 2940 5404 :
2971 5346 3141 5402 Sinite
3171 5365 3308 5412 eam,
3340 5359 3390 5401 et
3422 5347 3583 5401 nolite
3605 5348 3651 5398 ei
3669 5362 3781 5397 mo-

2216 5441 2337 5495 lesti
2368 5458 2511 5509 esse,
2552 5443 2801 5511 quoniam
2835 5441 3025 5493 bonum
3068 5455 3196 5508 opus
3226 5448 3444 5507 operata
3477 5448 3553 5491 est
3589 5437 3641 5489 in
3670 5450 3773 5488 me.

2220 5534 2399 5606 Usque
2430 5535 2564 5591 adeo
2592 5545 2771 5590 autem
2795 5532 2987 5589 efficax
3010 5543 3094 5589 est
3122 5530 3430 5602 ltujusmodi
3458 5530 3573 5583 laus
3596 5527 3772 5596 operis
