4004 6540
250 412 393 468 Ιῗὲὕ

1379 404 2035 463 COMMENTARIORUM
2074 403 2339 475 SENES.

3363 411 3501 464 1'32!)

248 527 502 595 honi,_ut
530 524 848 580 exhortetur
878 538 1071 579 omnes
1110 537 1211 579 nos
1236 518 1529 579 odoriferis
1558 532 1608 578 et
1643 522 1827 577 diviti-
1858 525 1900 583 Α
1928 518 2061 575 dicit
2104 528 2156 573 et
2201 518 2390 573 l’etrns
2421 520 2559 588 apud
2603 518 2939 576 Clementem
2965 563 2979 587 ,
3028 522 3287 593 quoniam
3334 539 3497 594 opera

245 624 350 677 bus
377 618 636 690 operibus
666 617 893 687 implere
929 613 1140 671 Domini
1173 625 1356 686 caput,
1393 627 1454 671 ut
1480 627 1533 672 et
1562 616 1628 671 de
1660 617 1828 691 894

243 713 410 769 nobis
431 711 647 767 dicatur
673 709 800 779 quia
827 709 1029 764 bonum
1052 724 1191 779 opus
1220 707 1448 764 fecimus
1471 725 1636 778 super
1665 720 1827 779 caput

240 807 452 876 Ipsius,
482 805 611 876 quia
644 817 860 873 semper
888 800 1106 873 quidem
1145 800 1410 856 habemus
1432 841 1445 863 ,
1480 802 1723 871 quandiu
1771 802 1823 855 in

242 900 354 955 hac
383 898 496 953 vita
526 894 886 953 consistimus
907 935 923 961 ,
967 906 1236 963 pauperes
1258 892 1576 957 nobiscum,
1607 902 1662 947 et
1687 908 1824 963 opus

241 992 509 1047 habentes
541 1004 674 1045 cura
718 1002 909 1042 eorum
961 985 1055 1056 qui
1097 984 1447 1055 proiecerunt
1490 985 1543 1039 in
1575 985 1745 1040 verbo
1771 993 1825 1039 et

237 1084 442 1139 divites
473 1082 599 1137 facti
633 1088 764 1136 sunt
800 1080 855 1135 in
893 1079 1154 1149 sapientia
1183 1077 1301 1145 Dei,
1339 1095 1447 1133 non
1487 1089 1665 1133 autem
1693 1093 1822 1148 pos-

239 1184 378 1231 sunt
406 1174 673 1240 suﬁicerc,
699 1182 759 1227 ut
787 1187 1001 1242 semper
1024 1172 1217 1227 diebus
1238 1181 1291 1227 et
1315 1172 1567 1226 noctibus
1590 1171 1825 1225 habeant

240 1284 434 1324 secum
467 1266 665 1321 Filium
700 1265 817 1330 Dei,
863 1263 1099 1320 Verbum
1134 1263 1256 1331 Dei,
1287 1272 1340 1319 et
1367 1263 1736 1333 Sapientiam,
1771 1273 1825 1320 ct

239 1362 433 1417 omnia
467 1360 729 1431 quidquid
765 1368 849 1415 est
877 1358 1140 1414 Dominus
1171 1365 1358 1413 noster
1388 1357 1654 1413 Salvator.
1690 1357 1824 1414 Vide

241 1466 297 1511 et
333 1454 478 1526 quod
507 1456 584 1509 ait
607 1456 690 1506 5°:
725 1453 931 1509 Bonum
972 1470 1103 1524 opus
1131 1462 1347 1522 operata
1368 1461 1443 1506 est
1474 1453 1529 1505 in
1559 1468 1659 1518 me,
1692 1452 1821 1522 quia

240 1563 356 1603 non
393 1547 530 1603 dixit
560 1546 627 1600 de
658 1547 960 1617 peccatrice
992 1554 1227 1616 ungente
1256 1546 1417 1615 pedes
1448 1546 1620 1615 ipsius
1641 1588 1656 1611 ,
1693 1546 1821 1616 quia

240 1640 451 1695 bonum
477 1654 617 1709 opus
646 1637 774 1694 fecit
804 1639 855 1692 in
887 1654 994 1693 me.
1031 1637 1087 1692 Si
1113 1646 1293 1692 autem
1319 1647 1532 1706 oportet
1553 1638 1824 1695 discutere

240 1740 301 1789 et
330 1732 481 1803 quod
502 1732 579 1786 ait
608 1733 677 1798 ⁸⁷,
708 1732 777 1785 ad
815 1731 1170 1800 sepeliendum
1203 1748 1282 1785 me
1311 1732 1465 1802 fecit,
1498 1747 1823 1801 comparans

239 1824 296 1881 ei
324 1824 468 1894 quod
497 1824 695 1879 dicitur
717 1823 763 1857 ⁸⁸
791 1842 804 1878 :
838 1822 1146 1892 Cousepulti
1174 1840 1356 1878 sumus
1386 1821 1597 1878 Christo
1612 1840 1706 1892 per
1731 1823 1824 1877 ba-

240 1916 521 1986 ptismum,
545 1925 593 1970 et
618 1917 1045 1971 consurreximus
1071 1916 1140 1982 ei,
1164 1917 1343 1971 adhuc
1362 1925 1542 1971 autem
1570 1916 1670 1971 hoc
1694 1931 1824 1971 con-

242 2007 428 2063 sidera
461 2008 721 2078 quoniam
754 2008 821 2063 de
865 2009 1095 2065 muliere
1136 2010 1436 2065 secundum
1478 2010 1681 2066 Lucam
1714 2028 1821 2066 non

241 2110 331 2156 est
354 2101 558 2156 dictum
587 2120 600 2155 :
627 2101 790 2156 Amen
811 2102 929 2156 dico
953 2103 1131 2157 vobis:
1160 2102 1462 2174 Ubicunque
1476 2105 1824 2174 pra'dicatum

243 2191 408 2262 fuerit
431 2190 775 2263 Evangelium
802 2194 895 2247 hoc
924 2194 978 2247 in
1009 2203 1117 2248 toto
1143 2194 1357 2259 mundo,
1385 2195 1589 2250 dicetur
1611 2205 1658 2250 et
1686 2196 1823 2267 quod

244 2284 371 2355 fecit
395 2285 506 2339 Iure
533 2287 588 2339 in
618 2287 1057 2357 memorianujus
1081 2289 1148 2341 ".
1175 2287 1247 2343 De
1273 2288 1500 2346 muliere
1533 2298 1711 2344 autem
1738 2306 1825 2345 se-

242 2377 489 2432 cundum
520 2376 835 2434 Matthaaum
883 2388 936 2434 et
965 2378 1204 2435 Marcum
1250 2380 1356 2437 hoc
1409 2382 1671 2451 scriptum
1716 2390 1819 2438 est.

242 2464 464 2523 Justum
497 2467 643 2522 enim
690 2476 809 2522 erat
835 2484 945 2523 non
985 2470 1051 2523 de
1087 2470 1173 2523 illa
1203 2488 1325 2540 quin
1357 2480 1589 2527 unxerat
1615 2473 1780 2542 pedes
1804 2513 1819 2538 ,

243 2562 341 2616 sed
370 2560 438 2615 de
479 2560 582 2616 hac
621 2578 743 2632 qua:
772 2570 1108 2632 unguentum
1158 2563 1424 2619 etl‘uderat
1468 2580 1633 2634 super
1659 2573 1824 2634 caput

244 2651 388 2721 ejus,
409 2652 515 2707 dici
547 2670 562 2708 :
594 2652 900 2723 Ubicunque
926 2654 1270 2723 praedicatum
1296 2654 1455 2724 fuerit
1482 2654 1822 2725 Euangelium

245 2745 345 2798 hoc
370 2746 425 2799 in
454 2756 563 2799 toto
607 2745 820 2811 mundo,
864 2746 1070 2800 dicetur
1090 2756 1139 2800 ct
1177 2747 1316 2817 quod
1346 2748 1469 2817 fecit
1497 2748 1605 2802 [nec
1634 2749 1688 2807 in
1718 2765 1823 2803 me-

246 2836 475 2889 moriam
501 2835 636 2905 ejus.
672 2834 726 2890 Si
752 2851 883 2906 ergo
906 2836 1161 2891 volumus
1188 2845 1248 2891 ut
1268 2846 1322 2891 et
1342 2837 1408 2893 de
1435 2837 1591 2893 nobis
1611 2838 1823 2894 dicatur

245 2929 394 3000 quod
432 2928 670 2984 facimus
712 2930 767 2983 in
811 2927 974 2994 Jesu,
1007 2929 1346 2985 etl‘uudentes
1391 2932 1684 2999 pretiosum
1720 2948 1823 2985 uu-

247 3030 512 3090 gucntum
553 3037 720 3092 super
765 3031 928 3091 caput
965 3020 1135 3089 ipsius
1160 3063 1176 3088 ,
1218 3020 1567 3091 proﬁciamus
1609 3023 1677 3077 ab
1715 3039 1821 3077 un-

246 3111 431 3166 ctione
461 3112 658 3181 pedum
700 3112 821 3182 ejus
850 3111 918 3166 ad
959 3111 1346 3166 effundendum
1381 3114 1680 3182 pretiosum
1715 3130 1818 3167 un-

247 3212 510 3273 guentum
539 3220 703 3274 super
733 3215 891 3274 caput
923 3206 1064 3275 ejus.
1100 3203 1241 3272 Quid
1283 3214 1463 3260 autem
1491 3216 1574 3261 est
1604 3207 1780 3263 oleum
1803 3248 1818 3273 ,
1848 3220 1889 3277 ο

246 3304 304 3351 et
335 3297 463 3366 quid
497 3298 879 3368 unguentum?
909 3296 1253 3368 Unguentum
1284 3308 1463 3353 autem
1492 3299 1636 3369 quod
1660 3300 1825 3370 proﬁ-

247 3388 322 3446 cit
347 3389 415 3444 ad
448 3405 649 3460 corpus
679 3390 881 3446 Christi
918 3392 1251 3462 ungendum,
1278 3401 1334 3448 et
1365 3392 1509 3462 quod
1541 3393 1605 3448 ad
1639 3402 1821 3463 caput,

247 3478 464 3535 diﬁicile
485 3491 570 3536 est
590 3482 886 3552 explicare.
914 3480 1117 3537 Tamen
1152 3483 1203 3537 id
1228 3483 1371 3552 quod
1402 3485 1561 3540 nobis
1590 3485 1822 3552 videtur,

246 3570 629 3628 demonstrare
657 3574 988 3628 tentabimus
1009 3614 1024 3637 ,
1052 3575 1356 3630 certissime
1391 3587 1780 3647 cognoscentes
1806 3618 1821 3643 ,

246 3664 376 3735 quia
409 3666 589 3720 oleum
630 3667 832 3735 ubique
859 3668 914 3722 in
949 3665 1283 3738 Scripturis,
1320 3678 1413 3722 aut
1440 3684 1578 3738 opus
1608 3670 1824 3724 miseri-

246 3758 446 3812 cordia:
479 3758 797 3829 intelligitur
818 3798 833 3823 ,
864 3775 976 3830 quo
1004 3761 1226 3817 lucerna
1267 3763 1415 3817 verbi
1443 3764 1677 3817 enutrita
1714 3765 1826 3818 cla-

248 3848 417 3902 rescit
449 3866 463 3901 :
501 3857 596 3903 aut
618 3849 865 3904 doctrina
889 3890 905 3914 ,
941 3850 1099 3919 cujus
1125 3851 1313 3916 auditu
1345 3853 1566 3907 assiduo
1598 3852 1823 3906 verbum

248 3938 372 3993 ﬁdei
395 3939 541 4009 quod
564 3949 648 3996 est
673 3956 963 3997 accensum
989 3942 1043 3996 in
1070 3943 1249 4009 nobis,
1281 3945 1519 3998 nutritur
1539 3953 1591 3998 et
1621 3944 1825 4000 clarius

246 4032 411 4086 lucet.
444 4031 598 4087 Sicut
622 4047 753 4103 ergo
776 4032 1097 4103 generaliter
1123 4048 1284 4089 omne
1306 4050 1413 4103 quo
1433 4035 1556 4103 quis
1582 4037 1820 4103 ungitur,

246 4126 431 4181 oleum
468 4125 805 4195 appellatur,
828 4125 933 4179 olei
960 4133 1140 4179 autem
1180 4127 1325 4181 aliud
1356 4136 1438 4181 est
1463 4138 1820 4198 unguentum,

247 4216 437 4289 [aliud
472 4232 579 4272 non
609 4214 628 4288 ]
659 4235 671 4270 :
697 4216 823 4271 item
856 4218 1115 4287 unguenti
1141 4218 1285 4271 aliud
1310 4228 1395 4274 est
1427 4220 1700 4274 mediocre
1725 4236 1826 4274 un-

244 4319 509 4380 guentum
529 4350 544 4375 ,
573 4309 718 4365 aliud
749 4310 1046 4380 pretiosum
1078 4329 1092 4366 :
1127 4313 1206 4366 sic
1237 4313 1419 4369 omnis
1464 4322 1618 4368 actus
1642 4314 1824 4382 justus

245 4417 389 4472 opus
420 4402 622 4458 dicitur
650 4402 875 4459 bonum.
916 4402 1110 4473 Operis
1142 4413 1325 4458 autem
1358 4403 1485 4459 boni
1507 4446 1521 4470 ,
1559 4405 1704 4459 aliud
1742 4414 1826 4460 est

245 4494 394 4563 quod
431 4493 664 4549 facimus
695 4504 917 4564 propter
954 4494 1237 4560 homines,
1280 4495 1362 4548 vel
1392 4494 1692 4549 secundum
1727 4495 1826 4550 ho-

1931 613 2073 666 bona
2125 627 2246 683 qum
2280 614 2415 666 ﬁunt
2452 612 2521 666 ab
2565 611 2874 668 inlidclibus
2897 652 2912 677 ,
2951 613 3005 667 in
3037 615 3143 669 hoc
3183 614 3386 671 saeculo
3419 615 3500 672 eis

1927 711 2189 772 prosunt,
2218 720 2328 758 non
2361 713 2415 759 et
2443 705 2494 758 in
2529 704 2619 757 illo
2649 703 2717 758 ad
2748 708 3186 774 consequendam
3224 709 3390 762 vitam
3428 723 3502 762 a2—

1930 802 2138 847 ternam
2159 813 2171 847 :
2196 804 2251 849 et
2271 796 2678 860 convenienter,
2698 797 2826 866 quia
2858 813 2955 852 nec
2982 798 3057 851 illi
3085 809 3303 869 propter
3327 804 3497 855 Deum

1928 885 2154 952 faciunt,
2188 889 2281 942 sed
2311 900 2531 959 propter
2558 889 2731 959 ipsam
2757 901 3011 947 naturam
3043 891 3360 948 humanam.
3392 892 3496 960 Qui

1926 990 2107 1035 autem
2142 990 2363 1052 propter
2392 981 2562 1037 Deum
2592 982 2836 1050 iaciunt,
2888 983 2941 1037 id
2989 992 3073 1037 est
3119 984 3336 1049 ﬁdeles,
3388 1001 3497 1039 non

1927 1073 2102 1129 solum
2132 1074 2187 1129 in
2214 1075 2318 1130 hoc
2359 1076 2558 1130 saeculo
2581 1076 2794 1146 prolicit
2822 1078 2923 1140 eis,
2966 1077 3058 1132 sed
3092 1077 3145 1130 in
3184 1078 3297 1142 illo,
3329 1078 3501 1148 magis

1925 1179 2105 1220 autem
2148 1167 2201 1221 in
2236 1168 2348 1223 illo.
2385 1168 2539 1234 Quod
2571 1178 2751 1224 autem
2801 1170 2986 1225 ﬁdeles
3030 1170 3239 1225 faciunt
3282 1179 3503 1241 propter

1927 1257 2116 1325 Deum,
2163 1259 2266 1314 hoc
2306 1266 2389 1316 est
2428 1271 2762 1330 unguentum
2793 1262 2921 1316 boni
2955 1261 3157 1316 odoris.
3185 1266 3296 1318 Hoc
3324 1262 3500 1332 ipsum

1924 1360 2104 1407 autem
2137 1366 2275 1423 opus
2324 1352 2563 1407 ﬁdelium
2611 1364 2832 1424 propter
2862 1356 3052 1420 Deum,
3097 1355 3359 1426 quodest
3401 1372 3503 1410 un-

1924 1452 2207 1513 guentum,
2247 1443 2391 1497 aliud
2430 1443 2486 1496 ﬁt
2516 1444 2581 1501 ad
2623 1445 2906 1499 utilitatem
2940 1446 3254 1513 hominum,
3285 1456 3498 1516 utputa,

1923 1534 2299 1606 elcemosyme,
2326 1535 2665 1589 inﬁrmorum
2697 1536 3057 1604 visitationes,
3087 1538 3498 1608 peregrinorum

1925 1627 2335 1697 susceptioues,
2370 1627 2673 1695 humilitas,
2699 1630 3090 1696 mansuetudo,
3123 1631 3454 1702 indulgentia
3482 1670 3497 1696 ,

1923 1727 1977 1773 et
2003 1728 2195 1773 caetera
2234 1719 2543 1790 hujusmodi
2581 1736 2703 1791 qua:
2739 1720 3052 1777 hominibus
3087 1731 3337 1792 prosunt.
3375 1720 3499 1777 lla'c

1924 1812 2029 1881 qui
2069 1810 2201 1865 facit
2247 1811 2298 1863 in
2339 1811 2683 1867 Christianos
2709 1853 2724 1876 ,
2761 1813 2925 1882 pedes
2960 1812 3174 1867 Domini
3207 1814 3361 1884 ungit
3394 1830 3497 1868 un-

1926 1907 2127 1967 guento
2153 1939 2168 1963 ,
2214 1900 2340 1969 quia
2379 1900 2481 1973 ipsi
2530 1909 2659 1955 sunt
2692 1901 2906 1956 Domini
2940 1902 3105 1973 pedes
3136 1919 3259 1957 eum
3299 1904 3497 1973 quibus

1927 1990 2169 2043 ambulat
2203 2006 2416 2059 semper
2443 2008 2455 2043 :
2492 1989 2636 2060 quod
2668 1991 2937 2060 praecipue
2969 1991 3142 2046 solent
3175 1991 3351 2047 facere
3384 2008 3500 2062 [KP-

1925 2081 2159 2136 nitentes
2211 2097 2311 2151 pro
2364 2082 2684 2136 remissione
2731 2091 3074 2153 peccatorum
3131 2099 3376 2139 suorum.
3433 2083 3501 2138 Et

1927 2173 2055 2225 illud
2084 2180 2168 2227 est
2193 2188 2332 2242 opus
2359 2172 2502 2241 quod
2542 2172 2743 2225 dicitur
2773 2182 3108 2242 unguentum
3156 2172 3493 2228 odoriferam

1926 2266 2176 2335 quidem,
2222 2280 2329 2319 nou
2364 2274 2544 2319 autem
2576 2279 2876 2319 summum.
2909 2264 3013 2331 Qui
3042 2277 3224 2320 autem
3260 2264 3499 2321 castitati

1926 2358 2144 2423 studet,
2176 2358 2230 2411 in
2258 2356 2484 2427 jejuniis
2517 2366 2571 2412 et
2603 2356 2944 2412 orationibus
2980 2365 3289 2427 permanet,
3318 2359 3372 2411 in
3402 2357 3500 2412 ad-

1924 2450 2099 2504 versis
2134 2449 2447 2519 patientiam
2476 2448 2638 2502 habet
2679 2449 2823 2503 sicut
2851 2447 2984 2515 Job,
3018 2449 3072 2503 in
3110 2450 3499 2504 teutationibus

1924 2542 2207 2596 veritatem
2242 2539 2332 2594 Dei
2360 2556 2467 2594 non
2507 2539 2661 2594 timet
2692 2539 2981 2606 conﬁteri;
3016 2556 3138 2609 qua:
3166 2541 3347 2595 omnia
3394 2557 3501 2597 ca:-

1925 2633 2058 2687 teris
2104 2631 2423 2686 hominibus
2451 2629 2587 2683 nihil
2615 2640 2881 2699 prosunt,
2910 2630 3006 2684 sed
3038 2640 3245 2686 tantum
3274 2633 3340 2685 ad
3384 2632 3501 2701 glo-

1926 2726 2063 2779 riam
2094 2723 2184 2777 Dei
2212 2721 2505 2793 proﬁciunt
2532 2740 2546 2788 ;
2576 2722 2679 2776 hoc
2702 2730 2785 2775 est
2815 2731 3147 2793 unguentum
3177 2723 3322 2792 quod
3348 2723 3502 2795 ungit

1924 2826 2089 2887 caput
2121 2814 2337 2869 Domini
2370 2813 2605 2876 Christi,
2651 2821 2705 2867 et
2732 2813 2925 2868 eximie
2968 2830 3061 2882 per
3097 2822 3268 2869 totum
3299 2829 3500 2885 corpus

1923 2909 2162 2975 Christi,
2199 2908 2250 2961 id
2283 2919 2365 2962 est
2402 2923 2498 2977 per
2534 2915 2704 2960 totam
2770 2908 3011 2962 decurrit
3050 2906 3346 2962 Ecclesiam
3380 2924 3394 2960 :
3446 2914 3501 2961 et

1925 3002 2029 3055 hoc
2053 3010 2136 3055 est
2165 3008 2502 3066 unguentum
2529 3000 2684 3053 valde
2713 3000 3037 3070 pretiosum,
3061 3013 3125 3052 ex
3150 2998 3308 3066 cujus
3329 2997 3499 3051 odore

1926 3103 2037 3149 tota
2069 3094 2306 3163 repletur
2346 3094 2573 3156 domus,
2605 3093 2711 3147 hoc
2751 3100 2833 3146 est
2880 3089 3120 3145 Ecclesia
3157 3088 3383 3143 Christi.
3433 3087 3499 3142 Et

1926 3186 2033 3239 hoc
2078 3201 2218 3255 opus
2247 3195 2327 3239 est
2356 3186 2637 3255 prOprium
2671 3200 2777 3239 non
2810 3183 3184 3253 pmnitentium
3207 3221 3222 3246 ,
3249 3180 3342 3236 sed
3377 3196 3498 3249 per-

1926 3276 2192 3332 fectorum
2220 3272 2557 3333 sanctorum.
2589 3279 2697 3332 Aut
2723 3285 2866 3332 certe
2890 3275 3134 3330 doctrina
3163 3289 3283 3345 quae
3312 3287 3501 3327 necesa'

1926 3368 2069 3422 saria
2098 3377 2182 3423 est
2216 3367 2530 3423 hominibus
2555 3408 2568 3433 ,
2616 3383 2711 3437 per
2738 3382 2901 3437 quam
2939 3366 3254 3420 nutriuntur
3302 3365 3500 3419 animae

1925 3474 2189 3531 pauperes
2220 3460 2273 3513 in
2303 3460 2647 3531 spiritalibus
2678 3461 2869 3527 bouis,
2906 3468 2999 3514 aut
3030 3458 3169 3513 forte
3200 3467 3254 3513 et
3294 3457 3499 3513 debiles

1926 3553 1977 3606 in
2004 3554 2259 3622 peccatis,
2288 3553 2391 3607 hoc
2414 3562 2496 3607 est
2521 3562 2858 3622 unguentum
2886 3551 3176 3615 mediocre,
3199 3565 3309 3620 quo
3335 3548 3500 3617 pedes

1925 3643 2139 3697 Domini
2178 3654 2476 3713 unguntur.
2513 3642 2734 3714 Agnitio
2756 3651 2937 3698 autem
2976 3642 3097 3696 ﬁdei
3125 3627 3267 3696 v'crte
3289 3655 3410 3709 qua:
3432 3639 3499 3694 ad

1924 3737 2099 3792 solum
2124 3738 2358 3806 pertinet
2382 3735 2574 3798 Deum,
2608 3746 2941 3805 unguentum
2967 3744 3048 3790 est
3069 3734 3365 3804 pretiosum
3390 3747 3499 3803 quo

1925 3830 2146 3899 ungitur
2178 3838 2339 3897 caput
2369 3826 2571 3882 Christi
2604 3825 2766 3880 Deus.

1993 3948 2082 4003 '78.
2114 3947 2257 4001 Tunc
2283 3948 2412 4000 abiit
2440 3963 2573 4000 unus
2596 3946 2659 4000 de
2674 3945 2968 4010 duodecim,
2990 3946 3079 4014 qui
3103 3945 3302 3998 dicitur
3322 3941 3495 4010 Judc:

1924 4044 2159 4104 Scariot,
2191 4040 2259 4095 ad
2284 4042 2544 4109 principes
2571 4040 2928 4103 sacerdotum,
2961 4048 3010 4092 et
3042 4039 3178 4091 dixit
3201 4038 3275 4091 eis
3303 4051 3321 4089 .'
3354 4034 3497 4100 Quid

1923 4137 2081 4191 vultis
2114 4136 2241 4188 mihi
2280 4135 2443 4197 dare,
2474 4145 2523 4187 et
2568 4150 2660 4202 ego
2690 4132 2831 4187 vobis
2862 4149 2980 4186 eum
3013 4131 3220 4184 tradam
3251 4132 3276 4184 7
3311 4133 3379 4183 At
3414 4128 3497 4182 illi

1923 4228 2312 4282 constituerunt
2337 4227 2385 4279 ei
2410 4226 2631 4294 triginta
2658 4234 2879 4280 statores
2907 4240 2926 4278 .'
2951 4234 3000 4279 et
3020 4224 3206 4279 exinde
3231 4222 3497 4294 quan-cbo!

1923 4319 2366 4388 opportunitatem
2409 4328 2464 4369 ut
2496 4333 2614 4369 cum
2662 4317 2888 4370 traderet
2919 4317 2993 4369 eis
3023 4316 3085 4370 “.
3120 4314 3286 4368 Judas
3330 4316 3499 4367 inter-

1929 4416 2176 4479 pretatur
2199 4407 2485 4475 confessor.
2517 4407 2651 4461 Cum
2686 4407 2796 4461 sint
2825 4421 2954 4473 ergo
2981 4404 3088 4457 duo
3114 4403 3364 4473 discipuli
3395 4404 3497 4458 hoc

1927 4499 2148 4554 nomine
2173 4498 2461 4559 nominati,
2479 4498 2779 4553 secundum
2804 4496 2949 4566 quod
2974 4495 3149 4549 Lucas
3166 4495 3495 4564 evangelista

246 4585 460 4649 mines,
493 4586 642 4640 aliud
666 4594 847 4640 autem
883 4586 1027 4657 quod
1060 4593 1279 4655 propter
1322 4584 1492 4639 Deum
1521 4596 1576 4640 et
1620 4600 1819 4642 secun-
1854 4572 1896 4627 Ῑ)
1925 4592 2233 4645 dinumerat
2271 4589 2411 4643 inter
2441 4589 2727 4643 duodecim
2758 4586 2928 4642 fuisse
2963 4586 3234 4657 apostolos
3254 4624 3269 4649 ,
3299 4584 3495 4639 Judam

243 4678 375 4732 dum
405 4677 592 4731 Deum.
636 4678 766 4731 ltem
800 4677 902 4731 hoc
944 4677 1120 4745 ipsum
1167 4676 1311 4747 quod
1342 4675 1573 4731 facimus
1600 4687 1819 4746 propter

247 4768 442 4832 Deum,
474 4767 620 4823 aliud
651 4777 736 4823 est
765 4768 909 4839 quod
957 4768 1173 4836 proﬁcit
1198 4769 1265 4821 ad
1299 4784 1458 4823 usum
1495 4769 1777 4822 hominum
1800 4808 1815 4832 ,

244 4865 393 4920 aliud
417 4864 561 4933 quod
600 4879 706 4917 non
736 4863 949 4932 proﬁcit
973 4862 1040 4915 ad
1066 4878 1222 4916 usum
1250 4863 1554 4928 hominum,
1580 4862 1675 4917 sed
1699 4872 1819 4916 tan-

246 4964 363 5009 tum
394 4954 460 5007 ad
488 4952 717 5024 gloriam
747 4951 806 5004 Dt
824 4953 860 5005 i.
894 4948 1115 5020 Utputa,
1143 4953 1279 5006 bene
1303 4952 1427 5021 quis
1455 4952 1585 5007 facit
1610 4952 1817 5007 homini

245 5044 485 5100 naturali
529 5044 744 5114 justitia
782 5051 999 5105 motus,
1032 5058 1137 5096 non
1181 5055 1398 5112 propter
1443 5042 1609 5099 Deum
1633 5085 1650 5107 ,
1683 5058 1821 5113 quo-

246 5135 415 5192 modo
436 5135 709 5191 faciebant
735 5133 1008 5188 interdum
1034 5141 1087 5187 et
1109 5143 1316 5204 gentes,
1341 5146 1395 5188 et
1427 5135 1580 5189 multi
1613 5135 1822 5191 faciunt

247 5231 541 5285 homines:
578 5246 717 5299 opus
746 5230 874 5285 illud
905 5230 1082 5285 oleum
1112 5237 1196 5284 est
1231 5230 1469 5298 vulgare,
1502 5246 1608 5285 non
1637 5231 1817 5300 magni

246 5322 466 5387 odoris,
500 5332 556 5377 et
595 5324 773 5391 ipsum
812 5334 994 5379 tamen
1038 5322 1368 5390 acceptabile
1413 5322 1556 5390 apud
1601 5319 1769 5375 Deum
1801 5338 1815 5375 :

244 5416 391 5470 sicut
443 5414 631 5470 Daniel
680 5416 948 5485 signiﬁcat
996 5415 1183 5471 dicens
1232 5415 1299 5468 ad
1351 5413 1634 5468 Balthasar
1682 5412 1817 5483 (86)

244 5506 418 5561 Deum
468 5523 575 5561 non
611 5518 1029 5577 cognoscentem
1062 5526 1074 5560 :
1109 5507 1252 5559 Audi
1293 5504 1572 5559 consilium
1605 5521 1775 5557 meum
1801 5542 1816 5567 ,

245 5614 363 5662 rex,
393 5608 608 5668 peccata
639 5610 731 5653 tua
762 5598 1102 5668 elecmosynis
1133 5598 1328 5651 redime
1359 5598 1425 5650 °°.
1456 5595 1584 5650 Tale
1613 5594 1819 5665 aliquid

318 5711 366 5743 “
395 5710 584 5766 Matth.
622 5727 747 5764 xxvt
771 5709 878 5775 ΛΟ.
956 5711 999 5742 ⁸⁷
1033 5710 1165 5763 ibid.
1204 5709 1286 5763 12.

247 5783 291 5815 ει
330 5780 518 5835 Matth.
550 5796 673 5836 xxvi
697 5822 710 5844 ,
741 5782 805 5833 li
840 5788 893 5834 et
924 5795 1079 5848 seqq.

321 5876 433 5945 (Bb)
466 5874 773 5946 Legenduui
809 5872 1318 5931 Nabuchodonosor.

1380 5708 1428 5740 ⁵⁸
1454 5705 1613 5765 Rom.
1648 5722 1725 5775 vr,
1751 5706 1787 5761 4
1816 5724 1831 5774 ;
1864 5707 2078 5766 Coloss.
2122 5726 2196 5777 tt,
2235 5712 2319 5768 1‘2.
2356 5712 2400 5744 "
2429 5710 2616 5765 Matth.
2661 5724 2825 5775 XXVI,
2860 5706 2947 5766 15.

1924 4680 2138 4747 Jacobi,
2165 4691 2217 4735 et
2244 4680 2440 4735 Judaei
2470 4681 2769 4736 Seariotam
2806 4698 2819 4733 :
2850 4694 2972 4733 cum
3000 4679 3132 4733 nihil
3162 4694 3290 4747 ergo
3318 4694 3346 4731 a
3379 4694 3497 4748 my-

1924 4776 2093 4830 sterio
2138 4790 2373 4829 vacuum
2423 4775 2493 4829 sit
2526 4775 2666 4844 apud
2706 4773 3023 4833 Christum,
3059 4771 3314 4826 existimo
3360 4770 3497 4824 duos

1923 4865 2223 4935 discipulos
2255 4863 2424 4920 Judas
2464 4866 2518 4919 in
2553 4864 2817 4935 mysterio
2861 4862 3031 4917 fuisse
3060 4860 3494 4916 Christianorum

1925 4959 2302 5015 conﬁtentium
2356 4959 2515 5013 ﬁdem
2564 4956 2812 5012 Christi:
2864 4969 3098 5024 quorum
3134 4968 3241 5007 una
3275 4951 3494 5021 quidem

1926 5068 2053 5121 pars
2074 5052 2303 5107 ﬁdeliter
2326 5058 2606 5119 permanet
2627 5047 2767 5117 apud
2792 5046 3095 5106 Christum,
3122 5042 3280 5111 cujus
3303 5050 3498 5110 myste-

1928 5144 2071 5197 rium
2097 5143 2199 5196 fuit
2214 5140 2387 5196 Judas
2405 5140 2590 5194 Jacobi
2613 5156 2626 5204 ;
2649 5139 2816 5193 altera
2840 5146 3016 5190 autem
3045 5149 3190 5204 pars,
3211 5144 3497 5201 postquam

1926 5233 2176 5296 credidit,
2203 5240 2256 5288 et
2277 5231 2526 5287 confessa
2553 5238 2635 5285 est
2657 5229 2814 5283 ﬁdem
2837 5226 3060 5290 Christi,
3080 5232 3297 5294 propter
3322 5223 3501 5276 avariu-

1926 5326 2056 5378 tiam
2090 5326 2310 5395 reliquit
2337 5324 2639 5387 Christum,
2674 5330 2728 5376 et
2763 5319 2902 5374 facta
2949 5318 3217 5389 proditrix
3255 5317 3500 5371 veritatis

1926 5416 2121 5485 ipsius,
2144 5417 2361 5471 transiit
2381 5417 2447 5471 ad
2476 5418 2708 5481 haereses
2730 5419 2782 5467 et
2805 5413 2869 5464 ad
2896 5409 3057 5465 falsos
3077 5408 3388 5466 sacerdotes
3403 5406 3500 5461 Ju-

1924 5504 2165 5558 dzeorum
2183 5503 2526 5571 falsorum,id
2544 5512 2628 5559 est
2642 5502 3020 5558 simulatorum
3034 5500 3499 5564 Christianorum,

1926 5594 2089 5665 895
2132 5606 2185 5651 et
2208 5597 2429 5653 tradidit
2458 5597 2539 5651 eis
2566 5594 2841 5650 Christum
2864 5634 2879 5659 .
2925 5600 3190 5664 quantum
3224 5591 3291 5647 ad
3318 5604 3416 5654 se,
3443 5588 3499 5645 id

3050 5705 3095 5737 ⁶⁰
3129 5705 3265 5760 Dan.
3295 5719 3368 5765 tv,
3402 5701 3498 5759 Ἃ.
