4004 6558
513 397 649 457 1727

1705 402 2025 462 ORIGENIS
2055 403 2125 461 IN
2161 403 2581 465 MAT'I’HA‘JUM

3627 404 3763 460 1728

509 529 593 575 est
635 518 861 574 verbum
906 519 1166 585 veritatis,
1213 528 1272 575 ut
1318 520 1665 594 crucillgatur
1704 532 1760 579 et
1801 525 2081 580 occidatur
2109 532 2156 586 Α
2186 527 2416 582 traderet
2441 526 2638 582 eum".
2666 525 2891 593 Qualem
2922 531 3102 581 autem
3125 522 3600 596 opportunitatem
3620 539 3767 595 qua.

509 611 737 666 verbum
768 612 1012 667 veritatis
1041 612 1109 667 ab
1139 613 1252 680 eis;
1302 614 1459 683 cujus
1488 615 1807 686 mysterium
1853 616 1953 672 fuit
1978 615 2078 672 Ju-

511 705 612 758 das
653 701 930 771 Scariota,
980 705 1074 775 qui
1101 705 1232 759 abiit
1255 707 1321 759 ad
1353 707 1666 763 sacerdotes
1687 749 1702 774 ,
1731 717 1785 762 et
1812 710 1878 764 de
1910 709 2079 765 tradi-

509 796 659 850 tione
686 794 889 851 Christi
934 805 1125 865 pactus
1148 806 1232 852 est
1258 799 1510 866 pretium.
1569 798 1762 855 Audivi
1789 803 2080 875 quemdam

508 897 869 958 exponentem
897 891 1124 958 patriam
1156 889 1452 958 proditoris
1480 889 1632 947 Judac
1667 896 1965 950 secundum
1994 895 2081 951 in-

510 983 952 1051 terpretationem
1025 982 1347 1040 Hebraicam
1420 991 1803 1059 casu/foculum
1879 988 2079 1045 vocari.

510 1076 664 1144 Quod
701 1077 745 1132 si
780 1079 852 1133 ita
882 1088 985 1142 est,
1033 1098 1226 1152 magna
1258 1084 1632 1140 convenientia
1683 1086 1953 1141 invenitur
1986 1100 2101 1141 no-‘

510 1168 676 1224 minis
704 1170 890 1239 patria:
917 1171 1035 1241 ejus
1062 1188 1184 1227 cum
1213 1175 1360 1229 exitu
1392 1176 1584 1231 mortis
1608 1176 1800 1247 ipsius,
1820 1176 2080 1246 quoniam

509 1267 566 1316 et
599 1259 714 1330 ipse
744 1261 938 1331 laqueo
982 1278 1041 1318 se
1086 1265 1426 1336 suspendens
1469 1269 1803 1339 prophetiam
1849 1268 2084 1324 nominis

509 1352 701 1421 patria:
737 1368 851 1408 suae
878 1353 1178 1412 suffocatus
1210 1358 1467 1429 implevit.
1525 1358 1624 1414 Hic
1660 1373 1788 1430 ergo
1815 1358 1983 1414 ludas
2015 1357 2083 1412 ad

509 1460 671 1514 quem
724 1446 930 1501 dietum
976 1456 1060 1503 est
1110 1464 1208 1518 per
1249 1448 1575 1520 Prophetam
1614 1452 1660 1483 ⁶²
1709 1468 1723 1505 :
1788 1449 1865 1505 Tu
1907 1460 2081 1505 autem

511 1536 665 1592 homo
691 1538 957 1592 unanimis
989 1540 1118 1594 mihi
1146 1540 1256 1594 dua:
1287 1558 1430 1595 meus
1458 1554 1508 1597 et
1537 1553 1693 1597 notus
1722 1524 1905 1606 Meus;
1939 1542 2083 1598 ceci-

510 1628 593 1684 dit
639 1643 762 1684 cum
797 1628 989 1687 fuisset
1030 1648 1175 1688 unus
1200 1648 1390 1688 eorum
1433 1649 1571 1705 quos
1607 1634 1859 1689 Christus
1888 1633 1955 1688 ad
1983 1633 2085 1689 du-

509 1730 693 1775 catum
720 1721 959 1791 suscepit
989 1724 1169 1793 populi
1197 1722 1513 1781 Christiani.
1568 1724 1636 1797 Et
1665 1726 1783 1781 vide
1806 1726 2086 1797 quomodo

510 1810 658 1880 quod
712 1811 975 1881 scriptum
1025 1822 1108 1868 est
1151 1814 1196 1845 "
1248 1832 1261 1870 :
1319 1813 1419 1869 Vos
1465 1824 1639 1870 autem
1679 1816 1817 1871 sicut
1851 1817 2085 1870 homines

513 1903 847 1969 moriemini,
888 1913 936 1957 et
964 1904 1101 1958 sicut
1123 1922 1259 1960 unus
1298 1907 1362 1961 de
1384 1907 1708 1978 principibus
1736 1908 1935 1962 cadetis
1954 1950 1969 1975 ,
2000 1925 2087 1964 re-
2118 1886 2159 1945 Β

511 1992 690 2048 fertur
732 1994 896 2050 modo
928 1996 998 2051 ad
1044 1996 1195 2051 illum
1252 1998 1549 2069 principem
1593 2000 1688 2072 qui
1737 2000 1933 2056 cecidit
1971 2009 2086 2056 tan-

511 2100 675 2155 quam
704 2084 885 2156 fulgur
910 2086 976 2142 de
1002 2089 1175 2156 coelo;
1208 2090 1370 2145 modo
1398 2090 1466 2145 ad
1494 2089 1711 2159 ludam,
1760 2092 1853 2163 qui
1885 2092 2088 2150 electus

510 2174 578 2229 ad
606 2174 971 2246 principatum
1017 2181 1354 2249 apostolatus
1375 2222 1389 2246 ,
1433 2190 1488 2237 et
1515 2183 1672 2253 quasi
1694 2173 1754 2237 in
1787 2183 1928 2239 coelo
1958 2201 2090 2249 con-

517 2264 763 2334 stitutus,
800 2276 854 2321 et
883 2267 999 2338 ipse
1022 2270 1178 2340 quasi
1228 2270 1409 2343 fulgur
1440 2282 1564 2328 ante
1592 2276 1923 2333 constitutus
1948 2277 2091 2335 ceci-

513 2356 594 2411 dit
640 2356 696 2411 in
748 2358 1074 2428 proditionis
1117 2363 1330 2418 ruinam
1379 2364 1579 2421 vadens
1616 2366 1877 2426 adversus
1918 2385 2089 2427 unum

510 2447 809 2519 principem
832 2451 1196 2522 sacerdotum,
1219 2455 1310 2524 qui
1335 2456 1390 2510 in
1418 2466 1678 2514 aeternum
1710 2458 1884 2515 factus
1915 2460 2091 2518 fuerat

512 2539 770 2596 sacerdos
824 2543 1120 2599 secundum
1194 2546 1442 2602 ordinem
1516 2546 1951 2617 Melchisedech,
2019 2553 2086 2609 ad

513 2628 718 2685 multos
768 2630 1040 2702 principes
1084 2636 1428 2691 sacerdotum
1461 2646 1514 2693 et
1541 2638 1883 2697 adversarios
1928 2641 2090 2699 unius

514 2724 816 2781 sacerdotis
847 2728 1068 2795 summi,
1119 2738 1181 2784 ut
1225 2724 1479 2788 venderet
1506 2734 1683 2802 pretio
1709 2733 1977 2801 volentem
2003 2751 2091 2792 re-

512 2814 722 2872 dimere
770 2825 941 2872 totum
974 2822 1236 2876 mundum
1273 2837 1305 2876 a
1346 2824 1727 2880 male-dictione
1770 2826 1904 2895 legis
1925 2836 1978 2881 ct
2010 2834 2091 2883 to-

512 2907 624 2961 tius
665 2908 903 2976 peccati,
942 2917 997 2964 et
1030 2911 1294 2967 redimere
1338 2929 1436 2969 nos
1485 2931 1593 2970 non
1643 2916 2091 2988 corruptibilibus

515 2997 798 3068 pecuniis,
851 2999 943 3054 sed
980 3003 1245 3070 sanguine
1282 3019 1382 3058 suo
1410 3005 1666 3075 pretioso.
1727 3005 1867 3073 Quid
1910 3016 2090 3061 autem

514 3090 652 3144 dixit
699 3089 869 3146 ludas
911 3092 976 3147 ad
1020 3095 1333 3160 sacerdotes
1380 3098 1709 3153 audiamus:
1748 3098 1890 3164 Quid
1933 3099 2091 3153 vultis

2186 620 2342 675 rebat
2370 618 2562 687 ludas,
2604 619 2782 676 Lucas
2811 618 3154 675 manifestius
3183 616 3501 688 explanavit
3527 617 3721 672 dicens
3749 636 3764 672 :

2189 709 2259 765 Et
2291 715 2557 783 quwrebat
2584 715 3044 784 opportunitatem,
3061 720 3120 764 ut
3151 709 3378 765 traderet
3404 725 3529 764 eum
3552 711 3636 764 eis
3657 710 3769 764 sine

2188 806 2438 874 turba";
2471 807 2522 862 id
2548 817 2631 864 est
2658 807 2879 881 quando
2896 808 3128 878 populus
3151 820 3257 860 non
3290 813 3410 859 erat
3437 803 3591 859 circa
3618 817 3766 867 eum,

2188 899 2283 955 sed
2311 909 2557 973 secretus
2583 908 2701 954 erat
2725 915 2847 954 cum
2878 899 3160 970 discipulis
3188 896 3323 953 suis.
3364 893 3528 961 Quod
3555 902 3617 949 et
3647 893 3771 948 fecit

2187 1004 2313 1045 eum
2354 990 2579 1047 tradens
2619 999 2743 1061 post
2784 1006 2997 1048 caenam
3044 1005 3169 1045 cum
3219 998 3469 1044 secretus
3516 991 3670 1040 esset
3717 985 3769 1038 in

2187 1082 2392 1154 praedio
2421 1081 2758 1141 Gessemani.
2797 1081 3179 1146 Arbitrabatur
3205 1081 3351 1137 enim
3371 1079 3553 1136 ludas
3579 1093 3772 1148 oppor-

2190 1174 2471 1229 tunitatem
2499 1173 2602 1228 sibi
2628 1187 2747 1229 esse
2772 1181 2896 1243 post
2920 1182 3138 1244 pactum
3173 1171 3320 1243 quod
3348 1164 3483 1227 fecit
3501 1211 3517 1234 ,
3545 1168 3771 1239 quando

2189 1279 2313 1323 cum
2339 1265 2684 1321 multitudine
2714 1279 2820 1319 non
2843 1271 2961 1319 erat
2988 1262 3169 1319 Jesus.
3198 1261 3261 1317 Et
3285 1260 3432 1330 vide,
3448 1261 3563 1317 nisi
3594 1272 3772 1328 usque

2190 1371 2337 1412 nunc
2376 1356 2756 1426 opportunitas
2801 1354 2904 1411 ista
2940 1354 3158 1410 videtur
3206 1340 3588 1424 proditoﬁbus
3618 1350 3771 1404 verbi

2189 1448 2454 1513 veritatis,
2490 1447 2583 1517 qui
2628 1447 2817 1500 volunt
2856 1446 3085 1516 prodere
3114 1444 3392 1500 Christum
3420 1442 3601 1498 Deum
3640 1440 3775 1496 Ver-

2189 1539 2317 1595 bum
2384 1539 2441 1594 in
2502 1547 2745 1609 tempore
2819 1537 3212 1608 persecutionis
3293 1537 3773 1597 Christianorum,

2189 1633 2409 1705 quando
2438 1633 2728 1689 multitudo
2754 1633 3087 1689 credentium
3118 1647 3225 1687 non
3249 1640 3333 1689 est
3354 1632 3503 1687 circa
3536 1630 3773 1686 verbum

2189 1727 2438 1783 veritatis
2459 1767 2478 1797 ,
2512 1741 2613 1783 nec
2640 1734 2817 1796 potest
2845 1725 3109 1796 impedire
3135 1732 3229 1778 aut
3255 1723 3553 1794 prohibere
3580 1736 3775 1791 perse-

2190 1826 2442 1884 cutores,
2488 1816 2723 1871 maxime
2769 1815 2861 1871 ubi
2908 1814 3064 1885 pauci
3122 1813 3306 1868 fideles
3351 1810 3651 1867 habentur.
3710 1808 3775 1863 Et

2188 1925 2312 1966 cum
2375 1910 2449 1965 sit
2503 1908 2750 1964 omnium
2792 1922 2973 1962 rerum
3033 1915 3285 1976 tempus,
3333 1902 3639 1959 Salomone
3690 1901 3776 1955 di-

2188 2011 2344 2059 cente
2367 2003 2413 2035 ⁸⁸
2448 2020 2460 2057 :
2498 2000 2719 2070 Tempus
2771 1999 3038 2070 patiendi,
3066 2007 3115 2053 et
3142 2009 3343 2068 tempus
3377 1994 3644 2050 moriendi
3670 2036 3689 2059 ,
3720 2004 3773 2049 et

2189 2104 2403 2159 extera,
2451 2102 2662 2164 tempus
2695 2091 3031 2162 proditorum
3064 2090 3305 2146 veritatis
3336 2088 3623 2159 proprium
3666 2087 3776 2139 hoc

2187 2195 2307 2250 est,
2361 2184 2580 2257 quando
2626 2198 2736 2238 non
2795 2191 2925 2238 sunt
2968 2184 3112 2238 circa
3157 2181 3438 2236 Christum
3487 2179 3654 2233 multi
3709 2179 3774 2232 ti—

2187 2276 2358 2422 dei'g’:
2392 2364 2580 2420 Prima
2602 2371 2777 2432 autem
2804 2362 3128 2433 Asymorum
3156 2367 3487 2414 accesserunt
3511 2354 3776 2424 discipuli

2190 2458 2261 2512 ad
2289 2457 2471 2513 Iesum
2506 2457 2734 2510 dicentes
2772 2455 2820 2510 ei
2862 2469 2883 2508 :
2920 2451 3020 2509 Ubi
3053 2452 3128 2506 vis
3158 2456 3402 2519 paremus
3449 2447 3549 2501 tibi
3570 2447 3776 2516 pascha

2190 2551 2551 2607 manducare?
2599 2548 2756 2603 Jesus
2782 2555 2956 2602 autem
2988 2546 3126 2599 dixit
3152 2561 3170 2598 :
3203 2542 3285 2598 Ite
3313 2543 3368 2595 in
3395 2542 3673 2595 ciuitatem
3700 2537 3773 2591 ad

2188 2643 2499 2714 quemdam,
2529 2649 2578 2695 et
2608 2641 2768 2694 dicite
2794 2638 2842 2692 ci
2860 2646 2959 2703 ,‘et
2981 2643 3175 2692 caetera
3202 2636 3270 2691 ".
3327 2633 3486 2703 Apud
3518 2630 3774 2685 Marcum

2191 2744 2375 2791 autem
2408 2734 2487 2790 sic
2517 2732 2718 2789 dicitur
2755 2749 2769 2786 :
2807 2727 2876 2784 Et
2901 2731 3073 2801 prima
3098 2729 3183 2782 die
3203 2729 3530 2798 Azgmorum
3552 2724 3776 2793 nando

2180 2827 2385 2901 pascha
2431 2824 2828 2890 immolabatur,
2877 2822 3063 2876 dicunt
3106 2821 3155 2875 ei
3180 2818 3431 2888 discipuli
3458 2817 3575 2885 ejus
3602 2833 3621 2870 :
3650 2814 3775 2881 Quo

2189 2922 2266 2975 vis
2297 2934 2478 2975 eamus
2528 2925 2577 2971 et
2615 2930 2969 2986 pra'paremus
3017 2912 3114 2966 tibi
3162 2922 3217 2966 ut
3263 2910 3647 2963 manducemus
3674 2922 3774 2975 pa-

2189 3011 2353 3065 scha?
2377 3008 2449 3067 Et
2483 3008 2625 3063 misit
2654 3007 2786 3062 dios
2812 3004 3181 3074 ex‘discipulis
3209 3002 3319 3056 suis
3344 3000 3527 3053 dicens
3550 3014 3572 3053 :
3606 2996 3693 3051 Ite
3717 2998 3774 3049 in

2189 3099 2492 3163 civitatem,
2544 3107 2593 3151 et
2639 3095 3048 3166 ingredientibus
3098 3091 3275 3155 vobis,
3326 3098 3568 3143 occurret
3628 3088 3776 3140 vobis

514 3182 644 3235 mihi
699 3182 863 3246 dare,
911 3192 961 3237 et
1004 3201 1097 3254 ego
1143 3186 1287 3240 vobis
1316 3204 1433 3242 eum
1480 3190 1696 3243 tradam
1729 3189 1813 3244 ειν
1864 3188 2159 3286 Volebatc
2191 3188 2697 3257 Itomo'ampltoram
2747 3202 2897 3256 aqua:
2938 3194 3191 3254 portans;
3241 3191 3291 3236 et
3340 3181 3643 3235 ubiemue
3689 3180 3776 3282 in-

515 3275 662 3328 enim
714 3276 958 3345 accipere
1007 3278 1313 3345 pecuniam,
1351 3292 1405 3334 et
1434 3280 1646 3335 tradere
1686 3280 1924 3335 Verbum
1970 3279 2085 3336 Dei.

515 3366 675 3436 Quod
706 3369 914 3425 faciunt
936 3387 1126 3426 omnes
1160 3372 1252 3441 qui
1282 3372 1561 3441 accipiunt
1601 3371 1802 3441 aliquid
1834 3388 2091 3442 corpora-

514 3461 652 3516 lium
689 3471 784 3516 aut
812 3462 1168 3517 mundialium
1201 3454 1404 3528 rerum,
1457 3471 1513 3516 ut
1551 3464 1766 3519 tradant
1796 3474 1845 3520 ct
1871 3464 2092 3534 ejiciant

517 3553 587 3608 ab
615 3553 796 3609 anima
828 3570 926 3610 sua
964 3555 1299 3612 Saivatorem
1329 3564 1383 3611 et
1411 3556 1633 3610 verbum
1664 3557 1906 3611 veritatis
1944 3560 2089 3628 quod

516 3655 636 3702 erat
685 3646 739 3700 iu
789 3647 887 3703 eis.
947 3647 1014 3703 Et
1052 3657 1354 3720 opportune
1386 3648 1489 3704 hoc
1539 3648 1707 3705 uteris
1750 3650 1997 3723 exemplo
2022 3650 2089 3707 ad

518 3750 710 3792 omnes
735 3737 827 3807 qui
871 3738 1237 3808 quodcunque
1267 3749 1548 3809 peccatum
1591 3738 1849 3796 facientes
1871 3748 2091 3811 propter

517 3830 825 3896 avaritiam,
859 3840 911 3886 et
954 3847 1175 3887 causam
1206 3832 1583 3902 pecuniarum,
1631 3839 1727 3887 aut
1749 3833 1979 3904 alicujus
2007 3834 2083 3888 lu-

514 3923 596 3978 cri
618 3965 633 3989 ,
680 3925 903 3979 verbum
938 3924 1029 3979 Dei
1064 3925 1282 3979 tradunt
1309 3933 1363 3981 et
1386 3933 1762 3981 contemnunt.
1817 3924 1953 3981 Nam
1988 3926 2092 3982 hu-

513 4009 755 4082 iusmodi
787 4013 1033 4068 homines
1062 4013 1218 4084 quasi
1251 4014 1537 4070 manifeste
1555 4014 1793 4070 clamare
1816 4015 2091 4080 videntur,

516 4112 571 4157 et
599 4102 779 4157 dicere
801 4104 1094 4158 virtutibus
1120 4103 1449 4159 adversariis
1474 4105 1856 4174 praestantibus
1878 4104 2086 4160 lucrum

517 4193 737 4263 aliquod
786 4209 883 4262 pro
928 4203 1145 4263 peccato
1178 4195 1504 4265 transgressi
1529 4195 1676 4251 verbi
1706 4214 1718 4250 :
1758 4194 1898 4261 Quid
1931 4195 2089 4251 uultis

517 4287 649 4342 mihi
675 4287 802 4340 dare
842 4296 890 4340 et
933 4303 1025 4357 ego
1051 4303 1168 4341 eum
1196 4287 1341 4341 vobis
1377 4289 1632 4343 tradam?
1667 4286 1820 4354 Quod
1851 4289 1950 4343 etsi
1980 4297 2090 4342 tra-

517 4383 665 4436 ditus
708 4380 904 4445 fuerit,
938 4380 998 4434 fit
1023 4380 1241 4452 quidem
1289 4390 1439 4436 extra
1479 4380 1826 4436 tradentem:
1864 4382 2089 4436 vincens

518 4479 698 4524 autem
743 4485 839 4525 eos
882 4471 975 4540 qui
1007 4486 1127 4526 eum
1168 4473 1477 4539 suscepisse
1508 4471 1789 4537 videntur,
1835 4480 2091 4541 operatur

2191 3297 2399 3350 gressus
2430 3280 2590 3350 fuerit
2613 3318 2627 3342 ,
2658 3278 2820 3333 dicite
2846 3275 3227 3346 patrifamilias
3253 3290 3272 3328 :
3310 3272 3568 3343 Magister
3591 3270 3726 3325 dicit
3753 3287 3774 3323 :

2196 3372 2296 3428 Ubi
2324 3383 2402 3427 est
2434 3371 2780 3426 diversorium
2824 3385 2996 3424 meum
3015 3410 3031 3435 ,
3058 3368 3148 3421 ubi
3182 3382 3301 3421 cum
3325 3364 3613 3434 discipulis
3641 3364 3773 3418 meis

2190 3464 2497 3518 manducent
2523 3461 2760 3532 pascha?
2813 3459 2882 3513 Et
2913 3461 3023 3530 ipse
3050 3458 3193 3514 vobis
3236 3457 3473 3511 ostendet
3511 3455 3690 3509 locum
3717 3454 3772 3506 in

2189 3555 2547 3623 superioribus
2591 3560 2817 3611 stratum
2867 3567 3137 3622 magnum,
3170 3557 3421 3619 paratum
3462 3563 3483 3601 :
3532 3547 3651 3601 illic
3677 3562 3773 3615 pa-

2189 3656 2304 3701 rate
2329 3647 2477 3700 nobis
2505 3646 2571 3700 ⁷ο.
2618 3644 2709 3699 Sic
2742 3659 2871 3714 ergo
2896 3651 3121 3713 apparet
3148 3640 3291 3712 quod
3323 3655 3435 3695 una
3463 3638 3770 3707 eademque

2189 3738 2307 3793 dies
2339 3746 2456 3792 erat
2480 3736 2722 3802 Pasclue,
2770 3735 2993 3805 quando
3035 3732 3320 3803 oportebat
3351 3730 3649 3785 immolare
3677 3744 3773 3798 pa-

2187 3831 2319 3888 scha
2362 3830 2729 3901 Azymorum,
2765 3838 2818 3884 et
2844 3827 3063 3898 quando
3103 3825 3389 3896 oportebat
3435 3824 3635 3878 tollere
3662 3820 3772 3877 fer-

2190 3933 2431 3979 mentum
2456 3932 2611 3978 vetus
2631 3963 2646 3988 ,
2676 3931 2731 3978 et
2754 3935 2944 3994 azyma
2983 3918 3314 3975 manducare
3350 3930 3478 3973 cum
3509 3915 3769 3971 carnibus

2187 4017 2334 4088 agni.
2369 4016 2438 4075 Et
2458 4016 2576 4087 dies
2602 4016 2824 4087 quidem
2850 4013 3077 4070 Pascha:
3110 4026 3221 4068 una
3242 4020 3396 4077 erat,
3431 4010 3767 4079 Azymorum

2187 4121 2368 4166 autem
2414 4119 2617 4178 septem
2640 4150 2656 4173 ,
2704 4092 3095 4163 connumerata
3134 4104 3381 4160 videlicet
3420 4102 3513 4157 die
3541 4100 3771 4154 Pascha

2188 4217 2311 4257 cum
2357 4202 2566 4259 caeteris
2607 4216 2721 4256 sex.
2782 4198 3094 4256 Secundum
3141 4198 3255 4251 haec
3304 4195 3535 4250 lorsitan
3572 4193 3771 4261 aliquis

2189 4291 2561 4363 imperitorum
2588 4290 2862 4360 requiret,
2891 4288 3092 4346 cadens
3117 4287 3170 4340 in
3195 4285 3580 4341 Ebionismum
3608 4299 3675 4338 ex
3704 4296 3771 4337 eo

2188 4385 2332 4455 quod
2359 4382 2518 4441 Jesus
2544 4383 2836 4440 celebravit
2880 4396 3030 4436 more
3068 4379 3297 4435 Iudaico
3325 4377 3537 4432 Pascha
3567 4391 3770 4446 corpo-

2188 4473 2394 4539 raliter,
2412 4473 2559 4529 sicut
2579 4481 2631 4527 et
2657 4471 2886 4541 primam
2910 4469 3051 4525 diem
3080 4471 3430 4540 Azymorum,
3450 4476 3508 4521 et
3528 4463 3769 4530 Pascha,

515 4561 758 4617 decentia
788 4576 847 4616 se
870 4602 885 4628 ,
917 4570 979 4615 ut
1001 4576 1268 4617 evacuare
1294 4561 1577 4631 cupientes
1604 4578 1728 4617 eum
1749 4562 1934 4643 ,’nibil
1959 4580 2088 4635 ope-
2116 4582 2165 4641 υ
2190 4567 2377 4627 dicens
2408 4566 2537 4638 quia
2562 4564 2815 4623 convenit
2837 4572 2891 4618 et
2922 4577 3021 4617 nos
3050 4561 3355 4616 imitatores
3374 4558 3583 4613 Christi
3612 4558 3768 4613 simio

519 4661 708 4707 rentur
739 4653 793 4705 in
824 4652 1023 4721 ipsum.
1097 4654 1165 4706 At
1194 4652 1277 4706 illi
1303 4662 1599 4707 statuerunt
1632 4655 1679 4707 ei
1716 4654 1939 4725 triginta
1974 4665 2089 4709 sta-

516 4752 650 4800 teres
679 4744 747 4811 “,
782 4752 983 4798 tantam
1010 4744 1057 4798 ei
1086 4744 1433 4799 donationem
1468 4745 1880 4809 constituentes,
1910 4762 2088 4816 quan-

517 4844 603 4891 tos
661 4846 845 4889 annos
899 4831 1148 4889 Salvator
1207 4836 1579 4907 peregrinatus
1647 4834 1841 4892 fuerat'
1868 4836 1925 4892 in
1986 4838 2090 4893 hoc

514 4926 741 4982 mundo.
800 4924 1043 4998 Triginta
1087 4929 1232 4981 enim
1269 4942 1535 4981 annorum
1577 4928 1881 4997 baptizatus
1923 4929 2091 4999 erepit

516 5019 862 5091 Evangelium
892 5020 1217 5089 prmdicare,
1248 5020 1401 5089 quasi
1427 5018 1624 5089 Joseph
1660 5019 1835 5075 factus
1864 5020 2085 5090 triginta

518 5124 786 5165 annorum
841 5120 1089 5181 erogaret
1138 5107 1718 5177 frutuentazfratribus
1749 5110 1884 5165 suis.
1948 5108 2085 5167 Nam

512 5201 662 5256 sicut
690 5211 819 5256 tunc
860 5209 1082 5270 propter
1117 5200 1259 5257 filios
1282 5201 1498 5272 quidem
1525 5200 1690 5256 Israel
1716 5217 1745 5256 a
1777 5199 1887 5255 Deo
1915 5200 2091 5261 fuerat.

514 5300 874 5357 praeparatum
924 5289 1256 5345 frumentum
1290 5291 1452 5357 illud,
1503 5302 1785 5363 erogatum
1814 5301 1899 5348 est
1924 5293 2087 5347 etiam

514 5374 817 5449 Egyptiis;
870 5380 950 5435 sic
989 5379 1335 5450 Evangeiium
1385 5384 1592 5438 sanctis
1638 5383 1857 5453 quidem
1912 5381 2091 5437 fuerat

515 5475 877 5533 praeparatum
897 5510 913 5537 ,
950 5477 1129 5527 tamen
1162 5471 1511 5542 praedicatum
1544 5483 1628 5529 θεν.
1656 5473 1820 5527 etiam
1853 5473 2085 5527 infideli-

516 5554 621 5611 bus
649 5566 704 5612 et
730 5558 951 5631 iniquis.
994 5562 1079 5619 Ea:
1105 5575 1228 5619 tunc
1249 5566 1515 5636 qurerebat
1549 5566 1991 5636 Opportunitatem
2024 5575 2082 5620 ut

591 5762 638 5794 "
670 5760 816 5836 Ps‘al.
842 5780 962 5832 Liv,
993 5766 1077 5822 Ui.
1175 5770 1218 5802 ⁵³
1245 5768 1387 5825 Psal.
1418 5785 1582 5826 Lxxxt
1602 5812 1617 5836 ,
1663 5769 1716 5827 7.

523 5846 676 5903 xxu,
722 5831 778 5891 6.
873 5836 915 5867 ⁸⁸
954 5835 1127 5894 Eccic.
1163 5855 1258 5908 ill,
1288 5841 1343 5897 ‘3.

1815 5769 1859 5802 “
1894 5768 2085 5823 Matth.
2119 5783 2244 5822 xxvi
2267 5809 2279 5831 ,
2318 5767 2404 5823 15.

1442 5842 1484 5874 σθ
1512 5839 1702 5898 Matth.
1755 5855 1881 5897 xxvi
1904 5880 1919 5907 ,
1956 5839 2022 5893 17
2048 5849 2101 5895 ct
2132 5854 2285 5911 seqq.

2189 4660 2314 4717 liter
2337 4658 2516 4714 facere
2546 4676 2560 4712 :
2592 4671 2701 4711 non
2732 4654 3089 4711 considerans
3127 4651 3384 4723 quoniam
3410 4647 3612 4712 Iesus,
3641 4664 3766 4702 cum

2188 4751 2427 4807 venisset
2448 4747 2707 4819 temporis
2729 4744 3011 4816 plenitudo
3036 4752 3093 4799 et
3113 4743 3317 4798 missus
3346 4739 3372 4793 f
3372 4740 3564 4804 uisset,
3589 4740 3766 4795 laetus

2189 4851 2274 4900 est
2299 4842 2366 4896 de
2390 4842 2616 4897 muliere
2636 4881 2652 4906 ,
2686 4839 2861 4894 factus
2888 4844 2970 4892 est
2999 4836 3102 4891 sub
3130 4835 3245 4905 lege
3273 4873 3290 4899 ,
3319 4848 3427 4887 non
3459 4844 3519 4887 ut
3548 4847 3646 4887 eos
3670 4831 3764 4901 qui

2189 4934 2294 4991 sub
2318 4934 2435 5003 lege
2457 4940 2613 4987 erant
2647 4931 2750 4987 sub
2775 4930 2891 4999 lege
2914 4928 3280 4998 relinqueret,
3306 4925 3399 4980 sed
3424 4935 3484 4979 ut
3509 4923 3765 4979 educeret

2188 5042 2283 5082 eos
2330 5041 2397 5080 ex
2438 5024 2557 5096 lege
2579 5025 2650 5079 ⁷⁸.
2712 5023 2769 5077 Si
2800 5036 2930 5093 ergo
2962 5020 3086 5076 ideo
3109 5019 3258 5073 venit
3288 5026 3350 5072 ut
3388 5017 3647 5072 educeret
3669 5029 3763 5069 eos

2185 5117 2465 5186 qui-erant
2493 5114 2593 5169 sub
2622 5114 2757 5183 lege,
2791 5121 2996 5182 quanto
3026 5108 3200 5180 magis
3226 5122 3335 5162 non
3359 5105 3621 5161 convenit
3644 5104 3761 5158 illos

2187 5191 2412 5262 introire
2447 5206 2499 5261 in
2542 5206 2712 5276 legem
2737 5246 2753 5271 ,
2786 5204 2878 5274 qui
2913 5202 3063 5272 prius
3114 5201 3333 5256 fuerant
3358 5207 3514 5254 extra
3549 5195 3761 5264 legem!

2187 5299 2330 5371 Ergo
2355 5300 2423 5355 de
2472 5299 2647 5354 littera
2691 5297 2909 5366 quidem
2943 5293 3257 5365 egredimur
3281 5291 3415 5363 legis
3444 5310 3458 5344 :
3487 5290 3657 5361 896
3681 5289 3760 5343 in-

2191 5389 2276 5446 fra
2323 5390 2576 5445 virtutem
2623 5397 2844 5451 autem,
2892 5384 3189 5456 spiritalem
3236 5383 3408 5452 legem
3460 5378 3755 5441 constituti,

2193 5480 2508 5552 spiritaliter
2557 5479 2892 5535 celebrantes
2941 5476 3231 5545 implemus
3275 5474 3460 5528 omnis
3496 5488 3620 5543 qua:
3652 5472 3755 5526 illic

2192 5566 2545 5639 corporaliter
2560 5564 2880 5620 celebranda
2902 5563 3246 5618 mandantur.
3264 5559 3598 5630 Expellimus
3615 5560 3753 5613 enim

2484 5766 2555 5799 -δδ
2586 5764 2714 5819 ibid.
2813 5764 2856 5796 “
2887 5762 3075 5817 Matth.
3137 5776 3264 5835 xxvi
3285 5801 3325 5835 ,_
3360 5759 3450 5835 16.
3552 5760 3596 5835 ξ’
3623 5760 3748 5835 [39¢-

2376 5838 2421 5870 τ’
2448 5836 2617 5893 Mare.
2651 5851 2762 5901 xlv,
2801 5835 2866 5889 i9.
2895 5845 2948 5889 et
2977 5848 3131 5904 seqq.
3207 5832 3254 5864 ⁷¹
3286 5830 3514 5895 Gala".
3549 5829 3604 5896 4.
3627 5829 3681 5885 δῖ
