4004 6562
181 396 320 452 1729

1303 390 1961 452 COMMENTARIORUM
2001 389 2269 450 SERIBS.

3290 400 3432 456 Πῗο

175 530 335 575 vetus
366 515 692 570 fermentum
724 514 944 570 malitiae
970 523 1023 570 et
1052 514 1336 585 nequitiae,
1376 526 1431 571 et
1458 517 1512 571 in
1540 517 1747 588 azymis
1778 521 1821 579 Α
1850 514 2325 570 catechizaverunt
2367 512 2838 584 patremfamilias,
2874 514 2927 570 id
2953 522 3038 572 est
3068 515 3431 583 intellectum,

173 606 514 661 sinceritatis
540 614 592 660 et
619 607 863 661 veritatis
897 608 943 638 "
973 606 1310 661 celebramus
1339 606 1569 675 Pascha,
1587 605 1749 662 Chri-

172 709 266 756 sto
313 698 600 754 nobiscutn
675 698 994 767 coepulante
1054 699 1352 753 secundum
1416 699 1748 753 voluntatem

171 788 314 859 Agni
343 789 574 844 dicentis
589 789 674 844 "z
706 787 829 843 Nisi
854 790 1300 844 manducaveritis
1321 784 1538 844 carnem
1574 806 1748 844 meam

171 891 222 935 et
271 880 505 936 biberitis
553 882 859 952 sanguinem
910 898 1103 947 meum,
1140 898 1241 936 non
1289 880 1544 936 habebitis
1591 882 1753 935 vitam

174 983 477 1030 manentem
504 976 559 1029 in
594 975 735 1029 vobis
756 991 776 1039 ;
815 976 907 1045 qui
951 976 1074 1029 tulit
1109 983 1387 1044 peccatum
1415 973 1607 1031 ιιιιιιόἰ
1629 1013 1644 1036 ,
1700 980 1755 1030 et

175 1067 433 1139 prohibet
463 1083 653 1122 verum
687 1066 1166 1123 exterminatorem
1214 1072 1322 1120 non
1372 1065 1544 1121 solius
1581 1064 1751 1137 Egy-

174 1161 281 1231 pti,
305 1159 399 1215 sed
430 1159 597 1215 totius
627 1159 839 1232 generis
870 1158 1092 1213 humani
1117 1158 1595 1214 exterminatorem
1632 1167 1754 1214 tan-

172 1269 306 1323 gere
358 1268 458 1307 nos
490 1252 828 1308 celebrantes
874 1250 1219 1307 festivitatem
1270 1250 1493 1306 Paschte
1541 1267 1749 1308 secum.

174 1344 244 1400 Et
282 1344 627 1401 ascendimus
673 1344 790 1414 ipso
844 1343 1075 1398 Domino
1120 1344 1404 1400 nobiscum
1454 1348 1753 1401 constituto

172 1436 247 1491 ab
284 1434 637 1490 inferioribus
666 1433 735 1489 ad
758 1433 937 1489 locum
968 1435 1329 1505 superiorem,
1356 1436 1410 1489 in
1441 1452 1552 1506 quo
1581 1437 1755 1493 diver-

172 1527 387 1582 sorium
420 1534 536 1590 est,
572 1525 719 1595 quod
759 1525 1166 1580 demonstratur
1214 1525 1284 1579 ab
1309 1526 1624 1591 intellectu,
1659 1528 1753 1597 qui

170 1626 263 1673 est
303 1616 357 1671 in
410 1630 741 1687 unoquoque
786 1615 1007 1671 homine
1042 1615 1435 1685 paterfamilias
1471 1617 1753 1688 discipulis

171 1710 404 1767 Christi.
466 1708 593 1765 Haec
622 1719 803 1765 autem
836 1709 1032 1764 domus
1074 1709 1324 1779 superior
1354 1712 1425 1766 sit
1450 1710 1610 1766 nobis
1634 1726 1753 1765 ma-

172 1819 283 1874 gna
306 1845 320 1869 ,
352 1812 413 1857 ut
440 1803 618 1874 capiat
654 1801 840 1857 Jesum
868 1800 1106 1857 Verbum
1145 1803 1274 1869 Dei,
1308 1812 1363 1858 et
1392 1802 1751 1874 Sapientiam,

1851 606 2036 660 veniat
2082 615 2137 660 et
2183 605 2440 661 divinitas
2484 603 2760 676 Unigeniti
2810 607 3106 677 coepulans
3152 607 3436 680 discipulis

1851 695 1967 753 suis
1994 698 2048 751 in
2078 698 2242 753 domo
2271 697 2551 768 praedicta.
2614 690 2768 751 Scire
2795 705 2975 753 tamen
3004 698 3272 757 debemus
3297 716 3437 769 quo-

1852 790 2000 845 niam
2030 790 2124 860 qui
2158 791 2211 844 in
2249 784 2653 861 epulationibus
2685 798 2740 845 et
2769 790 3229 849 sollicitudinibus
3262 809 3438 850 saecu-

1851 880 2063 936 laribus
2092 890 2242 949 sunt,
2269 896 2376 937 non
2404 882 2707 938 ascendunt
2734 882 2789 937 in
2813 882 3037 938 domum
3080 884 3229 939 illam
3275 900 3438 954 supe-

1854 971 2077 1036 riorem,
2128 988 2228 1027 nec
2257 974 2447 1029 vident
2489 973 2922 1045 magnitudinem
2952 973 3091 1044 ejus,
3122 989 3223 1030 nec
3258 978 3438 1030 consi-

1852 1061 2046 1116 derant
2075 1072 2306 1117 stratum
2330 1063 2478 1119 illius
2498 1073 2775 1119 ornatum.
2842 1063 3132 1134 Propterea
3158 1079 3261 1121 nec
3291 1066 3436 1119 cele-

1856 1153 2021 1208 brant
2049 1170 2172 1209 cum
2198 1154 2327 1210 Jesu
2359 1154 2590 1221 Pascha,
2620 1171 2720 1213 nec
2741 1155 3018 1226 accipiunt
3049 1170 3244 1225 panem
3276 1156 3442 1211 benc-

1856 1245 2113 1302 dictionis
2140 1247 2209 1301 ab
2233 1262 2321 1314 eo,
2350 1262 2453 1303 nec
2478 1248 2703 1303 calicem
2729 1248 2853 1303 novi
2881 1248 3217 1304 testamenti.

1925 1346 2015 1401 80.
2071 1344 2286 1417 Vespere
2321 1357 2496 1401 autem
2533 1348 2676 1418 facto
2720 1348 2987 1403 discubuit
3034 1365 3151 1401 cum
3199 1347 3438 1414 discipu-

1855 1436 1920 1490 lis
1970 1438 2116 1503 suis,
2162 1447 2209 1492 et
2250 1437 2520 1491 edentibus
2546 1439 2622 1491 eis
2677 1438 2812 1491 dixit
2855 1452 2874 1491 :
2902 1438 3065 1491 Amen
3106 1436 3226 1489 dico
3267 1434 3434 1501 vobis,

1854 1529 2103 1597 quoniam
2152 1544 2288 1581 unus
2331 1542 2396 1581 ea:
2440 1527 2581 1580 vobis
2645 1528 2816 1580 tradet
2867 1543 2948 1580 me
2991 1528 3059 1581 ⁷⁷.
3136 1524 3431 1594 Discipulis

1852 1619 2139 1675 edentibus
2182 1619 2385 1689 pascha
2427 1620 2725 1673 secundum
2762 1619 2895 1689 legis
2928 1619 3240 1673 mandatum
3289 1615 3427 1670 dixit

1854 1710 2016 1766 Jesus
2045 1712 2135 1778 qui
2165 1710 2359 1765 sciebat
2390 1711 2519 1783 quid
2545 1722 2675 1765 esset
2703 1713 2759 1765 in
2784 1712 2993 1765 homine
3011 1752 3026 1776 ,
3065 1719 3119 1765 et
3145 1718 3434 1780 propterea

1857 1819 1957 1856 non
1988 1800 2209 1855 habebat
2243 1818 2372 1870 opus
2399 1813 2455 1854 ut
2489 1800 2682 1871 aliquis
2720 1803 3076 1856 testimonium
3114 1803 3264 1857 daret
3290 1803 3340 1857 ei
3371 1801 3434 1855 de

171 1905 232 1950 et
261 1893 573 1962 Veritatem,
609 1904 661 1949 et
688 1908 849 1949 omne
876 1893 1020 1964 quod
1055 1903 1138 1949 est
1159 1893 1332 1950 Filius
1358 1894 1450 1949 Dei
1476 1936 1489 1958 ,
1515 1898 1606 1966 qui
1643 1863 1825 1951 ηυιι»Β
1855 1896 2064 1950 homine
2098 1895 2164 1959 ⁷⁸,
2198 1902 2254 1949 et
2276 1894 2413 1949 dixit
2442 1893 2510 1947 de
2531 1892 2670 1949 Juda
2698 1911 2821 1950 cum
2856 1906 3121 1950 consueto
3150 1894 3253 1951 sihi
3274 1894 3431 1966 jure-

173 1985 393 2055 capitur
434 1984 539 2040 nisi
586 2000 617 2039 a
650 1983 864 2055 magnis
909 1999 1095 2038 sensu.
1158 1982 1225 2037 Et
1272 1982 1343 2039 sit
1389 1985 1588 2041 domus
1639 1987 1753 2041 hazc
1851 1988 2131 2058 jurando:
2168 1989 2333 2041 Amen
2373 1986 2490 2042 dico
2532 1987 2697 2052 vobis,
2745 1989 2995 2057 quoniam
3039 2004 3175 2042 unus
3204 2003 3268 2041 ea:
3291 1986 3434 2041 vobis

175 2084 484 2147 praeparata
516 2091 547 2129 a
578 2074 967 2146 patrefamilias
1003 2076 1276 2132 intellectu
1303 2075 1440 2132 Filio
1469 2079 1562 2133 Dei
1586 2120 1600 2145 ,
1644 2094 1751 2133 non

176 2169 356 2222 solum
389 2167 441 2221 in
486 2167 607 2223 loco
636 2167 940 2237 superiori,
976 2183 1077 2224 nec
1114 2170 1496 2225 tantummodo
1533 2182 1749 2239 magna,

176 2258 276 2311 sed
310 2257 473 2312 etiam
508 2258 806 2323 mundata,
860 2258 1011 2311 nullo
1061 2258 1223 2313 modo
1274 2258 1480 2313 habens
1532 2260 1753 2313 malitiae

176 2349 392 2412 sordes,
441 2350 599 2421 quasi
641 2367 670 2405 a
701 2352 880 2421 scopis
909 2352 1045 2423 legis
1077 2354 1409 2407 coadunatas
1437 2359 1598 2421 atque
1628 2366 1754 2422 pro-

176 2441 372 2496 lectas.
434 2438 517 2494 Sit
544 2443 741 2497 domus
772 2442 874 2497 ista
908 2452 962 2496 et
1005 2442 1060 2497 in
1085 2444 1303 2498 civitate
1336 2442 1463 2508 Dei,
1501 2443 1555 2498 id
1582 2453 1665 2498 est
1698 2443 1753 2499 in

178 2534 446 2591 Ecclesia.
515 2533 599 2589 Sit
641 2542 824 2589 autem
868 2535 1063 2591 domus
1104 2536 1249 2591 illius
1304 2537 1594 2606 princeps,
1645 2551 1754 2591 non

178 2625 657 2695 qualibuscunque
706 2626 982 2696 cognitum
1012 2625 1218 2681 habens
1247 2639 1446 2678 nomen
1496 2641 1510 2679 :
1556 2624 1677 2678 ideo
1702 2630 1758 2679 et

178 2715 411 2784 mystice
440 2715 571 2769 dicit
597 2714 756 2769 Jesus
786 2734 799 2770 :
839 2712 921 2768 Ite
946 2716 1015 2769 ad
1042 2717 1321 2787 quemdam
1342 2716 1410 2770 ⁷⁸.
1480 2716 1547 2772 Et
1570 2717 1644 2771 illi
1674 2717 1758 2771 di-

177 2816 347 2873 cant,
371 2808 464 2876 qui
495 2806 715 2861 Christo
759 2817 1066 2877 praeparant
1111 2808 1310 2876 pascha
1339 2826 1352 2862 :
1390 2809 1649 2878 Magister
1674 2808 1758 2860 di-

175 2899 257 2952 cit
280 2914 299 2951 :
333 2896 486 2963 Apud
510 2907 557 2950 te
597 2898 795 2967 faciam
824 2898 1022 2967 pascha
1063 2915 1183 2951 cum
1212 2899 1488 2967 discipulis
1517 2900 1647 2953 meis
1672 2899 1755 2966 7';

177 2988 508 3042 annuntient
549 2989 712 3041 etiam
762 2986 1142 3057 patrifamilias
1175 2986 1250 3042 illi
1303 2998 1359 3042 et
1398 2988 1543 3057 quod
1577 2987 1754 3043 dicit:

181 3076 443 3147 Magister
480 3077 611 3130 dicit
644 3093 662 3132 :
704 3075 803 3132 Ubi
840 3086 917 3131 est
943 3078 1290 3133 diversorium
1318 3077 1407 3131 ubi
1449 3094 1569 3133 cum
1586 3077 1761 3133 disci-

1859 2095 1940 2134 me
1969 2077 2140 2134 tradet
2170 2080 2238 2134 τ’.
2279 2078 2416 2134 Cum
2449 2079 2593 2135 enim
2619 2080 2881 2148 potuisset
2902 2094 2932 2132 a
2961 2078 3227 2148 principio
3254 2077 3437 2148 prodi-

1854 2178 2026 2225 torem
2060 2169 2368 2241 specialiter
2396 2168 2802 2233 demonstrare,
2837 2169 2938 2225 hoc
2964 2169 3182 2239 quidem
3217 2184 3323 2222 non
3353 2166 3435 2222 fc-

1854 2262 1963 2329 cit;
1998 2260 2135 2314 dixit
2175 2270 2356 2315 autem
2393 2260 2751 2330 generaliter,
2802 2259 2949 2329 quod
3000 2275 3141 2314 unus
3184 2273 3253 2313 ex
3279 2257 3436 2313 vobis

1856 2366 1942 2405 me
1972 2350 2169 2416 tradet,
2200 2358 2262 2406 ut
2295 2366 2361 2405 ex
2391 2350 2704 2405 testimonio
2733 2350 2977 2417 percussi
3021 2349 3203 2403 cordis
3242 2349 3434 2420 singu-

1855 2442 2034 2499 lorum
2058 2442 2294 2512 qualitas
2319 2442 2674 2512 probaretur;
2700 2450 2759 2495 ut
2780 2450 2834 2495 et
2849 2440 3238 2512 discipulorum
3261 2449 3438 2495 osten-

1856 2534 2009 2589 deret
2035 2534 2360 2597 bonitatem,
2397 2534 2525 2602 quia
2557 2533 2678 2603 plus
2720 2531 3011 2587 credebant
3064 2531 3244 2586 verbis
3270 2529 3436 2585 Chri-

1857 2625 1927 2680 sti
1962 2636 2127 2695 quam
2156 2625 2505 2681 conscientia:
2534 2640 2648 2679 sua:
2672 2641 2685 2689 ;
2714 2632 2769 2679 et
2795 2623 2947 2678 Judte
2970 2623 3271 2686 malitiam,
3309 2623 3440 2693 quia

1859 2733 1961 2773 nec
1983 2717 2252 2789 cognitori
2286 2717 2645 2773 consiliorum
2669 2731 2895 2771 suorum
2921 2716 3197 2781 credebat,
3237 2723 3298 2769 ut
3321 2723 3442 2770 tur-

1857 2810 2079 2865 baretur
2111 2819 2205 2865 aut
2229 2811 2542 2865 tristaretur
2584 2826 2598 2863 :
2633 2810 2926 2875 existimo,
2972 2808 3102 2878 quia
3144 2808 3198 2863 in
3248 2808 3440 2877 primis

1857 2903 2066 2971 putavit
2092 2902 2258 2956 latere
2287 2900 2443 2971 quasi
2476 2901 2773 2955 hominem.
2838 2901 2940 2967 Qui
2974 2911 3271 2971 postquam
3304 2901 3439 2959 vidit

1858 2990 2249 3048 conscientiam
2302 3005 2457 3045 suam
2509 2999 2692 3045 notam
2737 2990 2990 3054 Christo,
3031 2993 3317 3060 amplexus
3359 2998 3445 3047 est

1858 3082 2281 3140 occultationem
2334 3081 2567 3150 positam
2620 3081 2677 3136 in
2730 3082 2908 3137 verbis
2961 3082 3165 3152 ipsius,
3208 3098 3441 3152 quorum

176 3171 325 3240 palis
355 3169 661 3223 mendacem
688 3170 884 3238 pascha
912 3169 1000 3223 ’σῖ
1030 3179 1089 3225 ιιι
1124 3167 1516 3238 paterfamilias
1548 3169 1637 3222 ille
1663 3169 1757 3240 qui
1786 3194 1833 3257 α
1862 3175 2098 3247 primum
2140 3172 2477 3230 infidelitatis
2510 3180 2661 3238 erat,
2711 3173 3011 3229 secundum
3044 3184 3223 3230 autem
3252 3175 3434 3245 impu-

180 3274 456 3337 przeparat
482 3263 845 3319 diversorium
871 3260 998 3317 Jesu
1028 3273 1083 3317 et
1105 3261 1390 3331 discipulis
1417 3260 1536 3323 eius
1566 3274 1759 3315 ascen-

181 3355 280 3414 dat
312 3356 491 3411 locum
518 3356 888 3427 superiorem,
918 3364 971 3412 et
994 3362 1226 3409 stratum
1252 3394 1266 3419 ,
1296 3364 1350 3409 et
1377 3362 1760 3423 praeparatum,

181 3458 241 3502 et
266 3461 546 3517 magnum,
588 3455 647 3501 ut
675 3445 899 3501 veniens
943 3444 1073 3500 illuc
1100 3442 1259 3500 Jesus
1286 3443 1499 3500 festivet
1522 3459 1645 3499 cum
1678 3444 1764 3499 di-

182 3539 414 3610 tcipulis
445 3537 582 3595 suis.
641 3538 752 3609 Ego
795 3545 974 3592 autem
1020 3545 1152 3607 puto
1186 3535 1333 3606 quod
1364 3535 1530 3590 homo
1556 3535 1649 3605 qui
1679 3535 1763 3592 in-

182 3631 562 3704 gredientibus
610 3630 895 3701 discipulis
926 3630 980 3684 in
1022 3627 1243 3683 civitate
1272 3628 1512 3684 occurrit
1539 3627 1619 3682 eis
1649 3642 1769 3681 amo

182 3724 416 3794 phoram
449 3737 605 3793 aquae
633 3731 873 3792 portans,
907 3736 1071 3792 quem
1097 3720 1268 3774 voluit
1288 3719 1449 3776 Jesus
1480 3716 1539 3773 bt
1569 3734 1764 3790 seque-

182 3825 381 3871 rentur
402 3815 655 3886 discipuli
696 3814 815 3886 ejus
844 3821 1062 3870 euntem
1097 3813 1151 3867 in
1178 3813 1402 3867 domum
1422 3850 1437 3877 ,
1474 3812 1569 3882 qui
1594 3811 1768 3866 subti-

183 3907 294 3962 lem
342 3907 488 3961 illam
524 3922 720 3977 aquam
757 3904 941 3959 domui
980 3903 1332 3975 apportabat,
1366 3912 1559 3958 utnon
1588 3903 1767 3959 solum

182 4005 336 4054 esset
364 3996 621 4052 mundata
641 4035 656 4061 ,
698 3992 794 4049 sed
819 3994 982 4049 etiam
1017 3994 1174 4063 aquis
1201 3992 1412 4064 plenius
1438 3991 1580 4046 eluta
1603 4033 1619 4057 ,
1649 4004 1768 4048 erat

185 4088 411 4160 quidem
454 4089 775 4143 ministrans
818 4084 1220 4158 patrifamilias,
1257 4085 1311 4141 id
1336 4093 1420 4140 est
1448 4078 1764 4151 intelbuui,

185 4190 420 4253 portans
437 4180 836 4236 mundatoriam
868 4193 1065 4248 aquam
1093 4178 1148 4232 in
1176 4176 1325 4233 ﬁctili
1356 4190 1485 4232 vase
1503 4216 1518 4241 ,
1553 4185 1614 4231 ut
1637 4175 1769 4230 sub-

188 4275 399 4330 limitas
438 4273 654 4329 virtutis
681 4273 751 4328 sit
780 4270 895 4327 Dei.
935 4271 1043 4325 Aut
1065 4277 1211 4326 certe
1247 4268 1536 4340 potabilem
1569 4283 1768 4338 aquam

186 4363 647 4421 subministrabat
678 4363 732 4417 in
759 4362 851 4418 illo
882 4361 1032 4417 iictili
1066 4376 1215 4428 vase,
1252 4370 1309 4415 ut
1352 4360 1523 4416 Filius
1548 4360 1767 4431 quidem

187 4453 288 4511 Dei
315 4454 713 4527 generationem
746 4452 982 4524 praebeat
1011 4451 1156 4507 vitis.
1226 4449 1317 4505 ille
1347 4456 1526 4505 autem
1558 4449 1771 4505 intelle-

1860 3266 2078 3322 (lentiae.

1934 3357 2027 3412 8i.
2071 3355 2135 3409 Et
2162 3356 2464 3411 contristati
2496 3356 2656 3410 nimis
2688 3364 2953 3426 ceperunt
2994 3355 3191 3427 singuli
3217 3356 3388 3410 dicere
3421 3372 3439 3410 :

1866 3448 2125 3521 Nunquid
2172 3466 2266 3519 ego
2314 3465 2429 3503 sum
2451 3490 2465 3513 ,
2516 3447 2740 3502 Domine
2765 3448 2849 3503 ⁸⁰ἳ
2886 3447 3103 3515 Quaeret
3131 3430 3439 3505 autenfali-

1862 3544 1990 3613 quis
2022 3542 2322 3613 quomodo,
2361 3541 2406 3597 si
2442 3541 2598 3595 bunzn
2631 3541 2978 3598 conscientia?
3002 3550 3159 3597 erant
3187 3542 3441 3599 undecim

1864 3635 2120 3707 apostoli,
2150 3633 2280 3703 quia
2320 3633 2507 3687 mundi
2546 3642 2703 3686 erant
2728 3632 2798 3687 ab
2824 3633 2971 3688 omni
3003 3633 3308 3702 proditione
3329 3634 3445 3690 Ma-

1866 3727 2020 3797 gistri
2043 3767 2059 3794 ,
2094 3724 2289 3794 utquid
2318 3722 2626 3778 contristati
2664 3724 2877 3778 suntde
2898 3723 3084 3778 auditu
3106 3765 3122 3788 ,
3162 3724 3318 3794 quasi
3345 3739 3447 3794 po-

1867 3817 2059 3871 tuisset
2103 3813 2231 3881 ﬁeri
2256 3821 2314 3868 ut
2342 3828 2486 3869 unus
2528 3821 2675 3867 esset
2719 3829 2785 3868 ex
2830 3813 2962 3883 ipsis
2989 3813 3057 3868 de
3085 3829 3196 3883 quo
3224 3815 3445 3870 diceba-

1866 3913 1957 3960 tur
1991 3901 2305 3959 ?Existitno
2333 3910 2514 3956 autem
2558 3902 2817 3972 quoniam
2853 3903 3232 3975 unusquisque
3281 3902 3449 3960 disci-

1867 3997 2120 4068 pulorum
2155 3994 2361 4051 sciebat
2387 4009 2454 4050 ex
2484 3994 2569 4050 his
2617 4010 2739 4065 quae
2780 3995 3043 4050 docuerat
3072 3993 3264 4063 Iesus,
3304 4011 3446 4067 quo-

1868 4091 2015 4145 niam
2053 4087 2328 4144 mutabilis
2363 4095 2419 4142 et
2466 4086 2533 4141 ad
2581 4087 2784 4141 malum
2831 4086 3096 4142 vertibilis
3133 4095 3217 4142 est
3247 4098 3447 4148 natura

1868 4181 2127 4245 humana,
2150 4189 2202 4233 et
2221 4177 2481 4249 quoniam
2508 4178 2561 4232 in
2586 4177 2969 4234 colluctatione
3001 4179 3266 4236 adversus
3295 4180 3450 4250 prin-

1869 4270 2079 4341 cipatus
2105 4310 2120 4335 ,
2153 4279 2207 4324 et
2234 4278 2569 4340 potestates,
2604 4279 2657 4325 et
2684 4279 2925 4325 rectores
2951 4269 3114 4341 hujus
3147 4271 3334 4325 mundi
3365 4280 3449 4326 te-

1834 4359 1843 4367 “
1871 4364 2186 4428 nebrarum,
2217 4352 2398 4434 potest
2420 4363 2533 4419 fieri
2564 4371 2623 4417 ut
2654 4363 2866 4418 decidat
2898 4360 3062 4417 homo
3086 4369 3181 4417 aut
3212 4364 3450 4419 circum-

1870 4464 2085 4520 ventus,
2118 4462 2219 4509 aut
2241 4440 2351 4509 vim
2378 4468 2576 4524 passus
2601 4454 2669 4509 ab
2704 4452 3030 4509 adversariis
3059 4452 3351 4510 virtutibus
3381 4456 3450 4509 ad

186 4557 315 4604 ctus
345 4545 595 4601 minister
614 4560 681 4601 ex
702 4545 821 4617 lege
848 4553 903 4599 et
921 4543 1197 4615 prophetis
1225 4556 1423 4612 aquam
1455 4532 1627 4610 p'ortet
1648 4556 1768 4611 qua:
1800 4539 1845 4596 D
1872 4546 2075 4600 malum
2106 4546 2517 4615 perficiendum.
2548 4544 2663 4601 Hoc
2693 4560 2824 4619 ergo
2850 4545 3260 4601 considerantes
3280 4562 3451 4604 unus-

189 4637 488 4692 misceatur
517 4650 642 4691 cum
674 4635 803 4689 vino
833 4633 1127 4705 evangelici
1156 4633 1328 4688 verbi.
1377 4630 1490 4687 Nos
1515 4646 1643 4702 ergo
1668 4632 1768 4702 qui

188 4736 450 4797 Optamus
478 4727 545 4781 de
568 4724 805 4781 Ecclesia
833 4739 975 4789 esse,
1000 4723 1242 4779 volentes
1263 4723 1538 4779 celebrare
1560 4721 1770 4778 Pascha

188 4834 320 4875 cum
347 4816 499 4882 Jesu,
536 4831 831 4887 sequamur
861 4814 1137 4871 hominem
1172 4816 1323 4872 illum
1370 4816 1465 4884 qui
1492 4830 1588 4870 vas
1616 4814 1771 4885 baju-

190 4914 269 4968 lat
297 4910 613 4983 hujusmodi
647 4926 836 4982 aquae,
882 4926 1042 4982 quem
1086 4919 1218 4982 puto
1245 4923 1368 4965 esse
1393 4907 1612 4981 Moysen
1638 4908 1772 4981 legis

187 5005 463 5070 datorem,
509 5003 807 5074 spiritalem
833 5003 1136 5058 doctrinam
1160 5010 1467 5073 portantem
1496 5001 1550 5055 in
1575 5014 1770 5070 corpo-

189 5097 404 5153 ralibus
454 5095 717 5152 historiis.
779 5093 882 5162 Qui
914 5102 1095 5148 autem
1130 5093 1396 5149 accedunt
1421 5092 1488 5148 ad
1515 5093 1687 5164 legem
1714 5100 1769 5147 et

192 5187 491 5260 prOphetas
530 5186 687 5257 quasi
726 5185 793 5240 ad
832 5184 1049 5254 eloquia
1080 5183 1251 5254 ipsius
1289 5182 1421 5251 Dei,
1448 5199 1557 5237 non
1586 5191 1773 5238 autem

192 5288 499 5351 sequuntur
547 5293 671 5333 eum
726 5278 1042 5347 spiritaliter
1098 5277 1190 5347 qui
1244 5291 1341 5331 vas
1368 5276 1575 5347 bajulat
1614 5288 1773 5346 aqua:

195 5373 361 5434 vivae,
396 5384 505 5423 non
532 5367 808 5423 celebrant
832 5366 1042 5423 Pascha
1068 5382 1192 5422 eum
1222 5365 1350 5422 Jesu
1369 5407 1387 5435 ,
1418 5381 1517 5421 nec
1547 5366 1769 5422 calicem

198 5462 393 5517 bibunt
426 5461 549 5515 novi
580 5459 914 5515 testamenti.
972 5456 1285 5528 Praeparent
1314 5467 1492 5513 autem
1522 5457 1775 5527 discipuli

196 5554 401 5624 pascha
429 5551 557 5610 Jesu
583 5571 599 5622 ;
626 5562 679 5609 et
706 5562 832 5624 post
859 5567 1140 5609 sermones
1159 5552 1551 5623 discipulorum
1577 5552 1775 5623 quibus

1867 4640 2104 4708 quisque
2125 4636 2547 4708 discipulorum,
2572 4652 2640 4691 ne
2665 4635 2805 4691 forte.
2828 4637 2942 4705 ipse
2964 4646 3108 4692 esset
3130 4637 3223 4708 qui
3251 4652 3453 4708 puero-

1870 4730 2052 4800 gnitus
2075 4736 2219 4784 esset
2236 4728 2498 4800 proditor,
2526 4726 2832 4782 contristati
2856 4735 2985 4782 sunt
3003 4728 3183 4793 valde,
3206 4737 3453 4799 propter-

1869 4836 1934 4877 ea
1953 4820 2097 4890 quod
2124 4820 2328 4879 dictum
2352 4819 2527 4901 fuerat
2563 4818 2645 4874 eis
2670 4837 2684 4873 :
2714 4817 2859 4873 Unus
2880 4833 2945 4874 ea:
2970 4818 3112 4874 vobis
3138 4835 3217 4875 me
3241 4819 3452 4887 tradet;

1872 4922 1927 4968 et
1952 4920 2236 4981 coeperunt
2258 4910 2440 4966 dicere
2462 4911 2619 4980 quasi
2644 4909 2949 4965 nescientes
2980 4908 3176 4979 singuli
3200 4907 3448 4963 futurum
3483 4939 3495 4964 ι

1872 5001 1941 5057 de
1963 5017 2054 5057 se:
2079 4999 2337 5072 Nunquid
2356 5016 2594 5071 egosum,
2611 4999 2873 5055 Domine?
2893 4996 2949 5053 Si
2974 5007 3153 5052 autem
3174 4996 3336 5052 habet
3354 5012 3446 5052 ra-

1871 5095 2101 5162 tionem,
2120 5094 2377 5165 quoniam
2406 5102 2626 5169 propter
2646 5091 2786 5146 hanc
2815 5106 3038 5146 causam
3064 5091 3260 5144 timens
3281 5102 3448 5143 unus-

1874 5189 2108 5259 quisque
2135 5184 2300 5257 897
2328 5201 2518 5241 eorum
2541 5184 2678 5240 dixit
2712 5199 2727 5236 :
2756 5182 3011 5252 Nunquid
3033 5198 3125 5252 ego
3163 5197 3301 5244 sum,
3331 5181 3444 5235 Do-

1875 5280 2058 5334 mine?
2094 5277 2167 5333 De
2191 5277 2446 5332 omnibus
2482 5275 2681 5331 futuris
2728 5274 3029 5330 timendum
3072 5282 3154 5328 est
3179 5273 3337 5329 nobis
3364 5274 3451 5328 in-

1876 5372 2069 5436 firmis,
2099 5368 2192 5441 qui
2219 5370 2461 5424 nondum
2503 5367 2823 5439 sapientiam
2857 5363 3204 5437 perfectionis
3228 5364 3447 5434 accepi-

1862 5474 2016 5525 .mus,
2047 5458 2344 5515 secundum
2375 5473 2540 5528 quam
2587 5458 2728 5512 dixit
2765 5456 3060 5527 Apostolus
3084 5455 3129 5488 ⁸⁸
3163 5474 3175 5510 :
3221 5455 3447 5525 Conﬁdo

1868 5553 2005 5607 enim
2033 5552 2159 5623 quia
2197 5567 2358 5621 neque
2389 5566 2548 5618 mors,
2579 5565 2740 5621 neque
2767 5550 2896 5615 vita,
2928 5557 2981 5604 et
3022 5555 3239 5616 caetera,
3276 5557 3447 5617 potest

269 5751 529 5808 "ICor.
564 5768 619 5822 v,
656 5754 708 5810 8.
783 5754 1113 5817 "Joan.vr,
1149 5752 1240 5809 ss.
1313 5746 1871 5822 "Mattb.xxvt,i8_.
1947 5745 2155 5822 (tibia.
2250 5745 2298 5783 τ·
2340 5743 2676 5822 Μέγα-διν,
2721 5714 2809 5801 l4.
2882 5738 3444 5813 "Mattb.xxv1,20,

200 5827 291 5882 ﬁt.
372 5825 419 5856 ⁷⁸
448 5821 612 5881 Joan.
646 5842 706 5898 tt,
734 5827 824 5883 25.
899 5827 945 5860 τ’
974 5825 1163 5883 Matth.
1198 5837 1346 5893 τινι,
1373 5822 1461 5878 21.

1550 5821 1594 5855 ⁸⁸
1625 5819 1757 5877 ibid.
1788 5819 1878 5875 22.
1953 5816 1996 5851 ⁸³
2024 5816 2183 5872 Rom.
2224 5830 2342 5883 vut,
2375 5815 2464 5883 38,
2499 5815 2588 5871 59.
