4004 6578
624 368 753 423 Πδι

1822 357 2141 420 ORIGENIS
2175 355 2246 414 IN
2281 356 2701 419 MATTHEUM

3736 356 3861 411 ηδε

618 506 711 543 nos
737 504 984 558 separare
1009 504 1042 540 a
1066 486 1328 542 charitate
1350 484 1468 553 Dei,
1487 500 1605 556 qua:
1627 493 1703 540 est
1731 485 1784 539 in
1812 482 2021 539 Christo
2042 481 2189 536 Iesu.
2223 482 2272 541 Α
2299 482 2495 551 gebant
2551 494 2744 536 carnes
2795 480 2997 551 pascha
3049 479 3292 536 edentes.
3348 476 3626 533 Existimo
3691 486 3858 532 autem

616 580 721 647 Qui
757 590 936 636 autem
968 581 1207 635 nondum
1245 579 1515 651 perfectus
1540 589 1642 643 est,
1673 577 1887 633 dubitat
1918 577 1982 631 de
2008 577 2186 644 scipso

613 674 769 743 quasi
812 674 988 742 possit
1016 681 1070 726 et
1096 673 1308 727 cadere.
1345 668 1655 727 Secundum
1687 686 1850 740 quam
1903 668 2187 723 inﬁrmita-

613 772 719 817 tem
746 763 1042 817 humanam
1066 761 1311 816 scribens
1331 761 1630 817 Corinthiis
1653 760 1854 816 Paulus
1873 760 2085 814 dicebat
2100 760 2143 790 δ’
2167 777 2179 812 :

612 851 716 907 Sed
757 854 956 922 castigo
1015 869 1203 921 corpus
1256 868 1448 916 meum,
1494 862 1544 907 et
1584 853 1825 906 servituti
1868 850 2069 920 redigo,
2119 865 2182 903 ne

611 947 746 1013 forte
780 962 897 999 cum
934 945 1055 998 aliis
1093 946 1511 1014 praedicaverim,
1540 946 1648 1014 ipse
1688 945 1934 1013 reprobus
1963 943 2177 1012 eﬂiciar.

608 1036 674 1090 Et
700 1036 820 1089 vide
853 1035 999 1104 quod
1035 1035 1184 1101 dicit,
1212 1051 1272 1087 ne
1300 1035 1433 1103 forte
1460 1050 1576 1086 cum
1606 1033 1729 1087 aliis
1761 1033 2176 1102 prwdicaverim,

606 1129 718 1196 ipse
746 1129 992 1197 reprobus
1016 1128 1231 1195 efﬁciar,
1263 1128 1341 1180 sic
1363 1127 1676 1195 pronuntiat
1700 1126 1854 1194 quasi
1885 1125 2082 1179 timens
2111 1139 2178 1179 ne

604 1218 745 1273 forte
771 1219 1043 1273 etcadere
1076 1219 1248 1288 possit
1278 1230 1331 1271 et
1355 1218 1618 1287 reprobus
1646 1217 1782 1271 ﬁeri.
1814 1215 1969 1282 Quod
1995 1227 2176 1272 autem

602 1311 761 1375 dixit,
814 1310 1045 1379 conﬁdo,
1098 1320 1151 1363 ct
1203 1319 1418 1374 uetera,
1456 1308 1776 1363 conlidentis
1832 1308 2068 1363 hominis
2123 1316 2176 1361 et

606 1401 745 1455 lirmi
773 1410 854 1456 cst
881 1412 1098 1472 propter
1123 1415 1273 1455 suam
1305 1399 1715 1470 perfectionem,
1743 1400 2002 1468 quoniam
2029 1398 2174 1453 mille

601 1494 876 1549 Contraria
913 1510 1167 1562 separare
1199 1510 1320 1547 cum
1359 1508 1387 1546 a
1414 1491 1678 1547 charitatc
1704 1490 1905 1546 Christi
1940 1506 2047 1545 non
2077 1506 2171 1546 va-

600 1584 766 1638 leant.
802 1583 956 1650 Quod
986 1593 1165 1639 autem
1214 1584 1442 1653 apostoli
1468 1583 1646 1637 adhuc
1676 1590 1831 1636 erant
1866 1582 2090 1647 inﬁrmi,
2117 1591 2171 1639 et

594 1675 741 1744 juste
768 1674 1049 1739 timebant,
1074 1677 1423 1730 manifestum
1448 1682 1531 1729 est
1558 1690 1624 1728 ex
1658 1688 1723 1727 eo
1756 1674 1899 1741 quod
1925 1673 2054 1726 dicit
2073 1671 2165 1740 qui

598 1767 805 1821 sciebat
828 1769 1162 1836 propositum
1198 1767 1560 1837 singulorum,
1589 1764 1844 1833 quoniam
1878 1779 2054 1816 omnes
2079 1779 2165 1816 vos

2288 574 2435 643 quod
2467 574 2727 627 malitiam
2757 573 2878 644 ejus
2912 573 3138 628 multam
3169 569 3518 626 manifestam
3550 569 3737 623 facere
3778 585 3861 622 vo-

2285 663 2423 729 lens,
2450 663 2556 718 hoc
2576 664 2715 719 dixit
2742 681 2756 718 :
2785 664 3041 734 quoniam
3072 677 3232 733 quem
3260 661 3501 730 suscepit
3525 660 3595 713 ad
3625 672 3860 711 mensam

2285 767 2650 820 communem,
2705 764 2757 809 et
2812 754 3285 810 commanducavit
3338 753 3409 816 ei,
3462 750 3611 805 forte
3660 750 3789 818 quia
3834 765 3860 803 a

2282 845 2549 915 principio
2591 846 2728 900 bene
2755 846 2967 916 agebat,
2998 845 3112 915 ipse
3158 843 3345 899 Jesum
3401 842 3650 913 prodidit
3699 841 3860 894 tantis

2282 938 2586 1009 honoribus
2614 953 2673 994 se
2703 938 3151 1008 complectentem
3196 956 3209 991 :
3240 945 3293 990 et
3326 950 3506 1004 neque
3539 934 3679 989 salis
3722 931 3862 1002 ejus-

2279 1025 2426 1092 dem,
2457 1043 2634 1098 neque
2666 1043 2888 1092 mensae,
2922 1042 3097 1097 neque
3129 1026 3284 1097 panis
3315 1024 3721 1080 communicati
3754 1039 3862 1077 me-

2279 1134 2400 1173 mor
2423 1127 2507 1174 est
2535 1118 2733 1183 factus,
2764 1120 2858 1174 sed
2879 1118 3063 1173 omnia
3088 1119 3176 1173 illa
3200 1118 3616 1189 transgrediens
3639 1125 3859 1186 propter

2279 1209 2496 1279 triginta
2532 1219 2792 1265 staterum
2822 1212 3264 1280 promissionem,
3294 1210 3515 1263 tradidit
3542 1209 3856 1279 largitorem

2277 1311 2551 1355 tantorum
2596 1303 2891 1375 bonorum,
2918 1302 2983 1357 Et
3012 1306 3125 1358 hzec
3169 1312 3252 1357 est
3288 1317 3412 1357 vere
3456 1302 3683 1372 propria
3732 1316 3858 1354 con-

2274 1382 2505 1448 suetudo
2559 1393 2841 1447 hominum
2876 1395 3042 1449 nimis
3090 1395 3381 1459 malorum,
3414 1401 3475 1447 ut
3506 1402 3638 1464 post
3689 1393 3853 1446 salem

2270 1495 2324 1539 et
2358 1502 2550 1555 panem
2586 1487 2912 1543 insidientur
2940 1488 3272 1549 hominibus,
3301 1488 3543 1541 maxime
3574 1486 3717 1539 nihil
3760 1500 3855 1539 no-

2240 1574 2243 1575 ⁷
2270 1577 2519 1632 centibus
2546 1578 2646 1644 eis,
2678 1593 2800 1633 cum
2843 1578 3041 1647 quibus
3080 1578 3627 1634 communicaverunt
3655 1590 3854 1645 panem

2268 1679 2323 1724 et
2347 1670 2538 1725 salem.
2578 1670 2818 1739 Denique
2849 1669 3034 1724 Daniel
3063 1671 3129 1724 de
3154 1668 3480 1740 quibusdam
3528 1666 3853 1738 bujusmodi

2279 1759 2594 1815 hominibus
2626 1760 2884 1815 feralibus
2914 1769 2969 1816 et
3012 1761 3167 1815 valde
3210 1761 3363 1815 malis
3397 1761 3469 1815 ita
3509 1761 3852 1829 prophetans

594 1857 907 1910 scandalum
934 1858 1209 1926 patiemini
1231 1859 1285 1910 in
1319 1873 1397 1911 me
1428 1858 1482 1909 in
1512 1857 1611 1909 hac
1650 1865 1797 1910 nocte
1822 1855 1889 1909 ⁸³.
1932 1854 1996 1907 Ει
2021 1853 2169 1933 quod
2196 1837 2238 1892 Β
2266 1850 2478 1905 dicebat
2506 1852 2550 1882 ⁹¹
2584 1870 2596 1904 :
2624 1849 2793 1921 Super
2832 1867 3061 1906 mensam
3092 1868 3251 1905 unum
3281 1851 3420 1921 falsa
3453 1852 3745 1921 loquentur
3793 1847 3849 1904 Si

595 1964 905 2017 proponens
958 1948 1080 2016 quis
1128 1950 1374 2014 meliora,
1427 1948 1714 2018 aliquoties
1777 1946 1843 2000 ad
1898 1946 2162 1999 malitiam

595 2041 976 2095 transrertitur
1019 2042 1193 2095 victus
1237 2042 1291 2093 in
1337 2040 1720 2095 colluctatione
1764 2037 2159 2093 contrariarum

592 2132 875 2198 virtutum,
901 2132 1246 2187 manifestum
1274 2140 1446 2186 estex
1482 2146 1548 2186 eo
1586 2131 1733 2200 quod
1776 2129 2034 2198 scriptum
2080 2135 2163 2181 est

592 2220 661 2275 de
682 2219 865 2285 Petro,
890 2223 1145 2292 quoniam
1181 2222 1295 2291 ipse
1332 2222 1551 2293 quidem
1578 2221 1929 2276 considerans
1962 2233 2161 2291 propo-

589 2309 755 2363 situm
786 2325 969 2377 suum,
1004 2312 1218 2381 qualem
1257 2312 1402 2366 circa
1446 2310 1718 2366 Christum
1765 2310 1987 2365 haberet
2028 2308 2158 2363 all‘e-

588 2406 760 2465 ctum,
793 2401 1070 2470 respondit
1099 2417 1204 2455 non
1239 2416 1360 2456 cum
1394 2401 1761 2465 simulatione,
1794 2402 1886 2456 sed
1914 2416 1980 2455 ex
2014 2400 2157 2454 veri-

589 2494 701 2542 tate
736 2489 913 2543 cordis
951 2490 1058 2554 sui,
1086 2501 1349 2560 quantum
1383 2491 1448 2544 ad
1481 2506 1558 2553 se,
1604 2490 1862 2559 quoniam
1898 2491 1945 2543 si
1982 2506 2157 2545 omnes

587 2581 948 2635 scandalizati
985 2582 1204 2652 fuerint,
1234 2600 1326 2652 ego
1353 2579 1495 2636 solus
1531 2598 1633 2634 non
1662 2580 2067 2639 scandalizabor
2088 2582 2153 2635 ⁸⁵.

589 2671 841 2725 Salvator
882 2682 1087 2740 autem,
1120 2674 1299 2728 sciens
1334 2673 1606 2726 iulirmum
1639 2689 1763 2726 οτεῐη
1799 2675 1849 2725 in
1885 2674 2000 2728 suis
2031 2687 2159 2742 pro-

589 2762 941 2817 missiouibus
965 2762 1101 2826 fore,
1126 2772 1178 2818 et
1217 2764 1473 2832 quoniam
1502 2763 1682 2818 brevis
1714 2762 1877 2817 timor
1920 2763 2156 2819 hominis

587 2851 830 2907 facturus
883 2863 1027 2909 esset
1059 2869 1181 2908 eum
1230 2854 1482 2909 recedere
1524 2869 1565 2912 a
1604 2853 1881 2923 proposito
1918 2852 2152 2917 meliori,

582 2944 722 2996 dixit
745 2945 810 2997 ad
839 2959 962 2999 eum
997 2961 1011 2997 :
1046 2943 1209 2997 Amen
1243 2944 1360 2996 dico
1386 2943 1479 2996 tibi
1512 2943 1762 3013 quoniam
1792 2943 1846 2995 in
1884 2943 1982 2995 hac
2006 2953 2154 2995 nocte

578 3033 886 3103 nriusquam
925 3033 1100 3103 gallus
1143 3043 1338 3098 cantet,
1371 3044 1448 3087 ter
1481 3050 1560 3087 me
1597 3034 1807 3104 negabis
1835 3033 1900 3086 ⁸⁸.
1940 3031 2004 3086 Et
2032 3032 2154 3086 tali-

579 3126 683 3182 bus
722 3142 828 3181 non
859 3138 943 3182 est
971 3128 1342 3198 importunqu
1376 3126 1554 3181 dicere
1598 3142 1814 3195 semper
1851 3144 1865 3181 :
1909 3123 1993 3180 Ne
2035 3126 2150 3197 glo-

2216 1978 2229 1995 .
2267 1951 2445 1997 autem
2470 1951 2623 2013 potes
2648 1942 2942 2013 spiritalem
2965 1958 3207 1998 mensam
3237 1952 3289 1997 ct
3309 1943 3490 1997 cibum
3516 1941 3846 2011 spiritalem,

2264 2043 2319 2090 et
2350 2034 2688 2089 Dominicam
2724 2034 3021 2104 intelligere
3067 2049 3299 2099 cautam,
3337 2033 3537 2102 quibus
3587 2032 3849 2086 omnibus

2262 2127 2611 2198 digniticatus
2661 2125 2841 2181 fuerat
2885 2142 2914 2182 a
2949 2126 3190 2189 Christo,
3231 2125 3607 2179 abundantius
3638 2124 3847 2178 ridebis

2263 2217 2665 2273 multitudinem
2717 2217 3046 2271 malitiarum
3082 2216 3223 2286 ejus,
3258 2216 3459 2286 quibus
3511 2216 3844 2284 magistrum

2261 2326 2384 2367 cum
2431 2310 2554 2367 cibo
2593 2309 2787 2364 divina:
2829 2324 3050 2373 mensae,
3086 2317 3141 2364 et
3180 2309 3386 2372 calic-‘s,
3413 2316 3468 2361 et
3509 2306 3621 2361 hoc
3658 2307 3716 2361 in
3761 2307 3846 2361 die

2260 2396 2484 2452 Paschaa
2516 2398 2739 2451 tradidit
2766 2397 3126 2460 Salvatorcm,
3165 2412 3273 2451 non
3306 2396 3636 2451 recordatus
3659 2412 3766 2451 nec
3790 2396 3842 2451 in

2260 2491 2638 2559 corporalibus
2691 2489 2851 2544 bouis
2905 2490 3147 2561 Magistri
3202 2489 3577 2552 dilectionem,
3635 2503 3737 2543 nec
3788 2490 3839 2540 in

2258 2582 2595 2652 spiritalibus
2648 2581 2955 2637 doctrinam
3011 2581 3131 2651 ejus
3182 2581 3298 2636 sine
3349 2579 3553 2634 invidia
3625 2594 3842 2650 semper

2258 2673 2735 2731 communicatam.
2769 2672 2927 2730 Tales
2961 2682 3090 2728 sunt
3130 2688 3323 2727 omnes
3366 2672 3421 2725 in
3463 2670 3611 2726 Eccl.
3635 2672 3715 2725 sia
3750 2671 3840 2740 qui

2258 2765 2586 2823 insidiantur
2634 2765 2895 2821 fratribus
2935 2765 3072 2829 suis,
3103 2763 3427 2834 quibuscum
3469 2761 3541 2816 ad
3585 2762 3837 2814 eamdem

2257 2871 2500 2910 mensam
2527 2857 2770 2926 corporis
2798 2855 3023 2922 Christi,
3046 2864 3099 2909 et
3119 2854 3183 2908 ad
3208 2852 3458 2908 eumdem
3490 2861 3685 2921 potum
3712 2866 3839 2904 san-

2252 2947 2436 3017 guinis
2484 2948 2602 3017 cjus
2652 2949 2960 3016 frequenter
3018 2945 3181 3000 simul
3230 2943 3469 2998 luerunt.
3533 2940 3596 2995 Si
3653 2951 3835 2995 autem

2254 3048 2469 3108 oportet
2509 3048 2563 3094 et
2609 3040 2779 3108 ipsius
2813 3036 3655 3109 paropsidisinterpretationem
3696 3037 3838 3089 acci-

2254 3144 2400 3199 pere,
2434 3147 2533 3185 nos
2560 3132 2775 3201 quidem
2817 3132 2886 3186 ab
2934 3130 3244 3200 hujusmodi
3286 3144 3387 3184 nos
3426 3128 3835 3192 abstineamus,

578 3219 734 3272 rieris
780 3219 834 3271 in
879 3220 1190 3283 crastinum,
1222 3236 1311 3272 nec
1360 3222 1500 3272 enim
1540 3220 1642 3272 scis
1668 3220 1793 3290 quid
1824 3220 2003 3288 pariat
2035 3220 2146 3273 dies
2170 3191 2221 3255 θ
2250 3237 2321 3276 ne
2361 3223 2565 3292 aliquid
2612 3222 2868 3293 frigidum
2912 3223 3238 3293 quibusdam
3285 3221 3472 3275 dicere
3525 3220 3833 3274 videamur.

577 3320 951 3375 superuentura
974 3309 1039 3362 ⁸⁸.
1065 3309 1129 3362 Et
1151 3310 1350 3363 Paulus
1383 3310 1633 3364 similiter
1663 3311 1707 3341 ’δ’
1735 3328 1748 3362 :
1782 3309 2024 3373 Fratres,
2061 3312 2147 3365 in-

577 3403 717 3469 quit,
746 3401 792 3452 si
820 3410 1215 3469 pra-occupatus
1245 3402 1403 3471 fuerit
1439 3402 1592 3457 homo
1622 3402 1678 3454 in
1718 3401 1896 3472 aliqua
1932 3402 2143 3470 delicto,

578 3507 664 3544 cos
687 3492 777 3561 qui
806 3492 1070 3560 spiritales
1103 3494 1250 3558 estis,
1284 3494 1592 3561 con/irmate
1620 3492 1924 3562 hujusmodi
1955 3495 2010 3548 in
2037 3495 2147 3564 spi-

576 3583 684 3635 ritu
718 3584 1171 3650 mansuetudinis,
1221 3586 1610 3640 considerantes
1650 3601 1713 3638 ne
1755 3596 1804 3639 et
1847 3602 1935 3639 uos
1984 3596 2146 3640 tente-

573 3676 725 3739 mini,
760 3675 963 3731 docens
990 3678 1247 3746 quoniam
1282 3678 1521 3734 incertus
1544 3685 1629 3733 est
1658 3679 1836 3734 exitus
1864 3689 2051 3734 noster
2077 3668 2143 3736 de

572 3767 751 3832 nobis,
787 3770 1038 3839 quamvis
1074 3769 1211 3824 forte
1238 3771 1523 3826 meliorum
1557 3773 1894 3842 propositum
1938 3773 2140 3830 habea-

570 3876 714 3916 mus.
747 3859 870 3917 Περί)
912 3870 1091 3917 autem
1127 3863 1307 3916 omnia
1349 3863 1720 3927 recordantes,
1754 3865 2012 3935 quoniam
2048 3882 2139 3921 ne-

569 3953 774 4006 scimus
794 3954 923 4023 quid
955 3954 1130 4022 pariat
1149 3955 1305 4009 nobis
1331 3955 1448 4009 dies
1477 3964 1891 4024 superventura.
1922 3973 2028 4011 non
2058 3958 2140 4012 iu-

567 4041 841 4109 llahimur,
886 4059 1062 4114 neque
1112 4046 1511 4115 superhiemus,
1565 4061 1740 4115 neque
1786 4047 2138 4114 gloriabimur

566 4135 884 4205 aliquando,
927 4137 1176 4207 quamvis
1219 4139 1457 4194 sciamus
1500 4154 1600 4193 nos
1637 4140 1811 4193 multa
1854 4141 1996 4194 bona
2042 4141 2139 4195 ha-

564 4223 690 4278 bere
727 4244 740 4278 :
774 4225 915 4280 sicut
941 4236 995 4281 et
1018 4224 1220 4282 Paulus
1252 4242 1374 4282 cum
1411 4228 1635 4282 dixis5et
1666 4229 1732 4282 de
1770 4246 1828 4283 se
1858 4231 1942 4284 ⁸⁸;
1981 4229 2137 4285 Nihil

561 4315 690 4367 mihi
715 4318 954 4370 conscius
977 4334 1117 4384 sum,
1145 4319 1478 4387 superaddit,
1521 4320 1612 4372 sed
1643 4320 1821 4373 nonin
1859 4321 2133 4390 hocjusti-

560 4408 751 4475 [iratus
797 4424 933 4472 sum,
972 4417 1227 4479 tanquam
1268 4411 1444 4465 sciens
1489 4415 1653 4466 Deum
1704 4414 2130 4475 satictjlicantem

2250 3312 2453 3367 Tamen
2483 3313 2575 3383 qui
2607 3314 2722 3369 vult
2748 3317 2911 3369 etiam
2960 3313 3015 3367 in
3052 3313 3156 3368 hoc
3182 3312 3384 3382 aliquid
3416 3311 3677 3367 invenire
3719 3327 3833 3367 mo-

2246 3405 2380 3463 rale.
2414 3405 2722 3460 consideret
2745 3404 2799 3459 in
2832 3406 2948 3476 lege
2982 3405 3075 3459 ubi
3112 3406 3252 3460 dona
3281 3420 3310 3458 a
3344 3404 3702 3474 principibus
3724 3405 3831 3458 sin—

2246 3499 2494 3569 gularum
2523 3499 2763 3553 tribuum
2815 3498 3118 3553 oderantur
3151 3498 3204 3552 in
3234 3498 3587 3553 dedicatione
3618 3498 3825 3552 altaris.

2246 3586 2408 3644 Forte
2450 3589 2723 3669 intelliget.
2760 3589 2832 3644 ibi
2870 3590 3034 3643 etiam
3074 3588 3417 3659 paropsidem
3464 3588 3680 3659 aliquid
3711 3600 3828 3643 esse

2245 3681 2668 3753 intelligendam.
2713 3680 2779 3734 In
2818 3684 3013 3752 prima,
3050 3682 3244 3752 inquit,
3278 3681 3366 3736 die
3394 3681 3595 3736 obtulit
3631 3683 3823 3736 dorum

2242 3792 2394 3828 suum
2414 3775 2661 3830 Naasson
2683 3776 2828 3846 ﬁlius
2851 3775 2891 3828 Α
2904 3775 3151 3828 minadab
3168 3775 3427 3844 principis
3451 3777 3626 3828 tribus
3644 3774 3787 3827 ludo
3803 3790 3822 3825 :

2240 3875 2289 3919 et
2315 3865 2502 3919 obtulit
2535 3866 2729 3920 donum
2754 3883 2907 3920 suum
2946 3866 3280 3935 paropsidem
3304 3876 3640 3934 argenteam,
3665 3866 3823 3919 sitio-

2241 3975 2358 4011 rum
2394 3961 2613 4028 triginta
2640 3970 2687 4011 et
2714 3970 2915 4012 centunt
2939 3958 3141 4028 pondus
3166 3957 3375 4021 ejus;et
3400 3957 3647 4026 phialam
3666 3973 3820 4010 tum

2239 4060 2545 4117 argentum-
2579 4050 2829 4104 siclorum
2882 4049 3236 4119 septuaginta,
3289 4049 3585 4108 secundum
3633 4048 3819 4103 siciaa

2236 4152 2479 4195 sanctum
2508 4142 2574 4195 θ’.

2306 4232 2393 4286 85.
2415 4231 2481 4285 Et
2507 4231 2679 4286 Filius
2702 4231 2909 4302 quidem
2930 4231 3158 4286 hominis
3188 4231 3356 4296 vadit,
3386 4231 3529 4286 sicut
3557 4231 3815 4300 scriptam

2235 4331 2311 4376 est
2342 4322 2405 4375 de
2433 4337 2490 4375 eo
2518 4336 2536 4373 :
2566 4337 2643 4387 pa:
2669 4330 2842 4374 autem
2868 4321 3067 4374 homini
3096 4321 3178 4374 illi
3202 4337 3294 4390 per
3314 4337 3468 4391 quem
3504 4319 3557 4374 F
3561 4322 3693 4377 ilius
3722 4322 3815 4374 Ito—

2234 4413 2392 4465 minis
2421 4412 2660 4466 tradetur
2688 4410 2756 4464 ⁸³.
2781 4408 2846 4463 Et
2873 4408 3033 4465 Jesus
3058 4410 3296 4480 quidem,
3329 4410 3634 4465 secundum
3666 4411 3814 4482 quod

559 4514 699 4567 quos
730 4503 1121 4570 praecognoscit
1152 4510 1205 4555 et
1230 4518 1369 4573 quos
1396 4504 1797 4573 praedestinavit
1822 4516 2126 4561 vocantem.
2158 4526 2210 4585 ο
2233 4503 2539 4569 videbatur,
2561 4503 2673 4557 ibat
2698 4517 2893 4572 passus
2915 4516 3013 4571 per
3030 4517 3269 4566 crucem;
3295 4503 3603 4558 secundum
3627 4515 3810 4559 autem

629 4591 718 4644 82.
751 4591 856 4657 Qui
899 4593 1115 4662 intingit
1154 4610 1350 4649 mecum
1382 4613 1594 4649 manum
1627 4599 1677 4651 in
1716 4600 2014 4669 paropside,
2043 4600 2129 4655 hic
2234 4595 2378 4671 quod
2409 4610 2530 4649 νοτε
2553 4603 2689 4660 eral,
2714 4602 2768 4649 el
2801 4593 2910 4649 ibi“
2935 4604 2990 4649 el
3014 4595 3324 4649 remanebat
3350 4596 3401 4648 in
3434 4594 3645 4650 mundo
3682 4611 3808 4651 cum

557 4697 639 4734 me
684 4683 853 4735 tradet
896 4683 963 4736 ⁸³.
1000 4682 1201 4739 Videns
1239 4701 1334 4741 eos
1378 4688 1444 4742 de
1484 4690 1677 4758 scipsis
1727 4691 2002 4759 timentes,
2032 4692 2128 4745 de-

466 4825 473 4836 ,
560 4774 883 4827 monstravit
945 4775 1271 4844 proditorem
1338 4778 1538 4833 indicio
1595 4783 1923 4851 propheticae
1975 4783 2124 4838 vocis

554 4862 785 4917 dicentis
829 4883 841 4918 :
893 4866 997 4930 Qui
1032 4866 1312 4920 manduca!
1337 4876 1522 4935 paneiu
1554 4887 1723 4925 meum
1753 4890 1974 4939 mecum,
2007 4892 2122 4928 am-

550 4955 809 5026 pliﬁcavit
841 4957 1088 5012 adrersus
1114 4975 1194 5012 me
1225 4959 1703 5029 supplantationem
1736 4963 1803 5017 ’°.
1835 4963 1944 5019 Nec
1973 4966 2116 5019 enim

549 5042 823 5118 discrepat
855 5049 982 5103 illud
1017 5050 1085 5105 ab
1113 5051 1216 5105 hoc
1240 5052 1385 5120 quod
1421 5052 1551 5107 dicit
1580 5072 1594 5109 :
1630 5054 1732 5119 Qui
1765 5056 1978 5127 intingit
2010 5074 2118 5110 mc-

547 5157 663 5196 cm
703 5159 919 5196 manum
963 5144 1015 5197 in
1065 5147 1365 5215 paropside,
1397 5146 1481 5200 hic
1530 5163 1609 5201 me
1661 5151 1850 5203 tradet.
1900 5148 1966 5202 Et
2010 5151 2116 5207 hoc

546 5249 763 5303 quoque
798 5236 1249 5290 considerandum
1281 5246 1384 5303 est,
1418 5239 1546 5308 quid
1578 5238 1763 5307 utique
1798 5254 1898 5294 nos
1928 5241 2115 5297 volens

547 5326 741 5381 docere
776 5325 1049 5395 Salvator,
1079 5329 1291 5398 signum
1321 5330 1412 5384 dat
1434 5330 1715 5399 discipulis
1741 5332 1806 5386 de
1826 5330 1963 5386 Juda
1990 5349 2114 5403 pro—

547 5416 744 5481 ditore,
775 5434 837 5472 ex
873 5435 939 5472 eo
982 5421 1124 5488 quod
1157 5436 1279 5475 cum
1325 5419 1452 5475 Jesu
1487 5437 1706 5476 manum
1745 5436 1899 5477 suam
1928 5425 1982 5478 in
2014 5441 2110 5494 pa..-

548 5509 818 5576 ropsidcm
863 5510 1133 5566 intulisset
1163 5513 1214 5569 in
1247 5528 1433 5583 quam,
1466 5513 1612 5569 sicut
1638 5514 1913 5578 existimo,
1956 5517 2113 5571 intin-

614 5638 660 5669 ⁸’
702 5641 715 5692 Ι
753 5641 880 5695 Cor.
913 5658 987 5707 ix,
1026 5643 1115 5699 27.
1227 5646 1273 5677 ⁸⁸
1299 5644 1488 5701 Matth.
1524 5663 1671 5709 xxvi.
1700 5648 1786 5702 51.

545 5712 592 5787 ff
623 5713 818 5787 [αφ’.
874 5728 945 5775 tv,
994 5713 1105 5787 4.”
1156 5716 1201 5748 ⁸³
1224 5715 1414 5771 Matth.
1468 5734 1616 5787 xxvr,
1663 5719 1752 5774 25.

542 5784 588 5815 νδ
621 5781 809 5836 Matth.
859 5798 1003 5847 sxw,
1043 5783 1134 5838 Ἦ.

1899 5647 1945 5680 ⁸⁸
1972 5650 2097 5707 ibid.
2130 5656 2219 5709 55.

1862 5719 1908 5751 ’°
1957 5719 2101 5777 Psal.
2163 5741 2251 5791 ιι,
2290 5726 2374 5782 10.

2232 4687 2514 4757 discipulis
2556 4688 2693 4754 suis,
2735 4686 3048 4741 custodiens
3091 4702 3185 4740 cos
3234 4687 3286 4740 in
3332 4686 3459 4741 lide.
3501 4684 3612 4742 Nec
3658 4688 3806 4741 enim

2232 4778 2534 4849 potuissent
2568 4793 2885 4848 permanere
2920 4778 2974 4831 in
3006 4777 3108 4831 (ide
3139 4778 3331 4846 ipsius,
3376 4778 3652 4847 praecipue
3680 4795 3804 4833 cum

2228 4882 2503 4927 mortuum
2556 4887 2678 4925 eum
2714 4871 2996 4937 vidissent,
3026 4871 3129 4925 nisi
3178 4871 3246 4924 ab
3292 4872 3412 4940 ipso
3460 4871 3807 4926 invisibiliter

2226 4963 2497 5019 Custodita
2527 4960 2754 5017 fuissent
2785 4962 2946 5016 corda
2977 4976 3187 5016 eorum.
3226 4960 3292 5014 Et
3318 4979 3425 5015 non
3470 4962 3611 5016 dixit
3643 4981 3657 5017 :
3710 4962 3804 5015 Vae

2223 5052 2422 5105 homini
2454 5051 2534 5105 illi
2579 5068 2609 5105 a
2641 5066 2748 5121 quo
2790 5052 3041 5115 traditur,
3072 5050 3167 5104 sed
3214 5066 3306 5118 per
3346 5067 3497 5120 quem
3542 5053 3796 5110 traditur.

2152 5178 2157 5181 -
2220 5141 2390 5210 898
2435 5142 2726 5195 ostendens
2749 5141 2977 5195 alterum
3013 5156 3040 5194 a
3069 5155 3176 5211 quo
3206 5139 3539 5203 tradebatur,
3573 5142 3624 5196 id
3652 5150 3734 5195 est
3761 5156 3793 5194 a

2223 5237 2461 5299 diabolo,
2490 5236 2665 5305 ipsum
2699 5234 2891 5290 Judam
2921 5246 3099 5291 autem
3133 5236 3443 5291 ministrum
3477 5252 3601 5291 esse
3627 5235 3794 5290 tradi-

2224 5330 2407 5384 tionis.
2477 5327 2566 5382 Vze
2615 5338 2795 5384 autent
2842 5344 2951 5383 non
2998 5330 3175 5385 solum
3231 5327 3417 5392 Judae,
3462 5329 3556 5384 sed
3609 5328 3786 5382 omni—

2221 5423 2323 5478 bus
2386 5422 2752 5491 proditoribus
2810 5420 3032 5476 Christi.
3107 5421 3429 5489 Quicunque
3487 5421 3630 5476 enim
3696 5421 3785 5474 di—

2221 5515 2458 5585 scipulos
2486 5512 2689 5569 Christi
2713 5513 2892 5579 tradit,
2923 5513 3097 5584 ipsum
3127 5513 3405 5568 Christum
3433 5514 3613 5568 tradit.
3647 5511 3785 5566 Pro-

2297 5655 2345 5729 fi":
2370 5654 2500 5709 ibid.
2726 5655 2771 5686 ⁸⁸
2797 5651 2972 5729 Prov;
2990 5650 3235 5729 xxvii,
3333 5651 3377 5684 ⁸⁷
3414 5650 3775 5729 (ἶριδςιτιηξ.

2490 5726 2535 5764 9‘
2574 5724 2710 5779 Dan.
2767 5740 2853 5792 XI,
2901 5722 2992 5777 27.
3100 5721 3330 5776 "Num.
3391 5738 3490 5781 vn.
3547 5723 3629 5786 l2,
3680 5721 3771 5775 £3.
