4004 6536
252 368 355 385 θ’--

222 368 358 423 1755

1352 374 2015 437 COMMENTARIORUM
2052 379 2317 439 SERIES.

3343 386 3481 443 1751

211 498 396 582 pterea
424 504 473 582 γε
518 488 734 546 diabolo
759 490 975 562 quidem
1006 492 1315 560 traduntur,
1348 505 1529 553 tamen
1572 515 1666 570 per
1696 500 1797 555 ho-
1826 509 1869 564 Α
1902 500 2134 555 forsitan
2169 511 2290 572 post
2307 502 2552 558 omnium
2575 505 2944 575 apostdorum
2963 510 3276 582 singillatim
3304 513 3473 570 inter-

210 580 390 634 mines
420 579 566 645 illos,
595 592 648 636 et
679 582 800 638 ideo
825 599 904 639 va:
948 585 1077 639 illis.
1109 584 1244 640 Nam
1289 588 1337 642 si
1384 603 1601 644 omnem
1632 592 1793 646 mali-

211 670 342 726 tiam
388 671 444 726 in
488 673 797 731 hominibus
825 677 1075 732 diabolus
1102 693 1197 748 per
1223 680 1474 736 homines
1509 693 1788 751 operatur,

206 772 263 818 ct
289 764 602 837 quicunque
623 768 943 824 interﬁcitur
967 771 1035 826 ab
1058 772 1263 842 aliquo,
1289 775 1390 829 etsi
1420 791 1525 837 non
1551 777 1620 831 ab
1646 776 1786 845 ipso,

207 865 389 911 tamen
411 873 506 928 per
530 858 707 929 ipsum
727 869 811 916 cst
836 862 1172 920 interfectus.
1200 863 1263 918 Et
1291 864 1335 920 si
1359 864 1525 935 judex
1549 868 1784 939 aliquem

206 945 560 1017 interfecerit,
616 950 818 1020 injuste
874 955 1067 1008 mortis
1119 955 1441 1010 sententiam
1498 956 1677 1013 ferens
1730 959 1784 1014 in

204 1036 466 1107 aliquem,
517 1040 800 1095 sciendum
864 1051 949 1096 est
1008 1042 1134 1113 quia
1182 1043 1297 1113 ipse
1346 1043 1523 1099 locum
1567 1045 1784 1104 diabolo

202 1126 345 1182 dans
378 1128 432 1182 in
464 1144 544 1196 se,
580 1129 896 1185 ministrum
931 1146 989 1187 se
1021 1131 1250 1201 praebuit
1278 1131 1495 1187 diabolo
1519 1133 1584 1189 ad
1616 1134 1783 1190 inter-

202 1218 493 1276 fectionem
521 1224 761 1281 hominis
794 1225 1118 1283 innocentis.
1148 1226 1353 1281 Bonum
1379 1240 1492 1282 erat
1520 1232 1590 1298 ei,
1615 1234 1661 1285 si
1693 1251 1783 1287 na-

202 1324 289 1370 tus
323 1332 425 1370 non
462 1316 646 1385 fuisse!
694 1321 847 1374 homo
882 1322 973 1375 ille
1021 1320 1114 1376 ’δε
1165 1323 1267 1377 hoc
1311 1331 1393 1377 est
1442 1324 1515 1377 illi
1575 1324 1777 1379 bonum

207 1416 328 1462 erat
356 1408 401 1463 si
433 1418 591 1464 natus
636 1426 743 1465 non
771 1411 994 1480 fuisset;
1023 1415 1146 1484 quia
1171 1430 1270 1470 nec
1294 1418 1395 1470 hoc
1425 1416 1569 1470 bono
1602 1415 1780 1471 fuerat

199 1500 400 1568 dignus
429 1510 489 1555 ut
523 1515 857 1558 nasceretur.
894 1503 998 1559 Sed
1033 1508 1291 1576 quoniam
1320 1516 1480 1576 aptus
1511 1505 1683 1562 fuerat
1709 1523 1775 1565 cx

200 1593 432 1648 arbitrio
470 1611 572 1650 suo
623 1606 680 1651 ut
728 1597 829 1653 hoc
878 1597 1238 1654 ministerium
1280 1599 1600 1670 proditionis
1640 1615 1775 1654 eon-

196 1695 569 1739 summaretur
597 1703 693 1756 per
722 1703 869 1750 eum,
904 1688 1022 1743 ideo
1056 1698 1217 1744 natus
1247 1699 1331 1744 est
1376 1691 1518 1744 malo
1560 1706 1683 1750 suo.
1715 1700 1775 1745 ut

193 1772 252 1827 in
285 1776 485 1829 malum
517 1780 660 1848 quod
693 1779 992 1834 secundum
1028 1781 1367 1851 propositum
1399 1797 1559 1837 suum
1592 1798 1770 1837 mere~

191 1864 279 1919 bat
292 1882 376 1931 ur,
411 1866 688 1923 incideret.

162 1986 173 1987 ί
263 1955 353 2012 84.
389 1956 721 2028 Respondeas
764 1971 940 2017 autem
974 1960 1148 2017 Iudas
1177 1962 1314 2017 dixit
1344 1980 1362 2017 :
1397 1962 1654 2034 Nunquid
1674 1979 1766 2030 eqo

187 2063 305 2101 sum
325 2087 342 2113 ,
385 2046 553 2104 Rabbi
595 2051 683 2105 ”?
711 2051 776 2106 Et
808 2053 927 2108 vide
954 2053 1211 2123 quoidam
1241 2065 1562 2124 exspectans
1597 2053 1766 2108 Judas

188 2147 400 2195 tantum
422 2157 727 2198 sermonem
753 2142 956 2199 Christi
976 2146 1043 2200 de
1068 2161 1145 2209 se,
1181 2160 1288 2199 non
1318 2145 1560 2214 prmeidit
1584 2161 1768 2200 narra-

188 2230 392 2286 tionem
427 2232 546 2302 ejus
578 2249 677 2289 sua
720 2236 1098 2305 responsione.
1131 2237 1224 2291 sed
1274 2245 1396 2305 post
1442 2252 1634 2291 omnes
1673 2252 1762 2291 re-

185 2323 406 2390 spondit
438 2323 623 2379 dicens
655 2342 669 2379 :
704 2323 959 2397 Nunquid
991 2344 1082 2398 ego
1123 2344 1261 2392 sum,
1300 2326 1507 2391 Rnbbi?
1536 2326 1654 2382 Non
1693 2343 1762 2382 ex

184 2413 381 2469 atl'ectu
420 2415 686 2479 discendi,
715 2418 808 2471 sed
843 2419 1141 2473 secundum
1180 2419 1630 2474 consuetudinem
1663 2434 1762 2473 no-

182 2505 427 2559 minandi
475 2504 815 2577 Magistrum,
852 2525 975 2563 cum
1020 2510 1232 2564 vocavit
1274 2509 1553 2580 Magister,
1602 2512 1760 2581 quasi

180 2596 532 2651 subsannans
563 2613 711 2661 eum,
739 2598 865 2669 quia
897 2600 1192 2654 vocabatur
1213 2600 1470 2670 magister
1495 2614 1619 2653 eum
1650 2614 1758 2654 non

178 2703 306 2744 esse
337 2689 440 2743 hoc.
468 2690 734 2744 vocabulo
766 2690 1012 2760 dignum.
1060 2690 1130 2745 Et
1173 2690 1310 2745 dixit
1338 2692 1388 2745 ei
1429 2689 1586 2745 Jeeus
1628 2706 1647 2744 :
1681 2690 1759 2744 Tu

177 2781 372 2836 dixisti
401 2782 467 2845 ",
495 2790 555 2836 ut
585 2797 651 2835 ex
682 2795 775 2835 ore
800 2781 972 2851 ipsius
991 2782 1261 2851 judicaret
1298 2797 1422 2837 cum
1449 2800 1463 2835 :
1498 2782 1756 2852 quoniam

178 2871 273 2926 ille
324 2872 479 2942 quasi
534 2872 790 2928 dubitans
841 2872 1053 2928 dixerat
1106 2892 1120 2928 :
1182 2872 1441 2944 Nunquid
1486 2891 1579 2942 ego
1615 2891 1753 2939 sum,

180 2962 346 3017 Rabbi
358 2965 383 3016 ?
402 2978 505 3018 nou
523 2966 738 3035 quidem
756 2967 1052 3023 secundum
1078 2965 1461 3021 conscientiam
1477 2965 1753 3029 dubitans.

176 3056 273 3112 sed
312 3057 519 3128 fingens
557 3073 617 3113 se
659 3058 726 3114 de
759 3060 857 3113 hoc
886 3058 1153 3113 dubitare.
1200 3057 1315 3112 Non
1345 3058 1489 3112 enim
1522 3058 1757 3114 habebat

177 3150 360 3220 ipsum
410 3151 658 3206 timorem
709 3168 868 3222 quem
902 3152 1081 3207 caeteri
1130 3149 1361 3220 apostoli
1407 3148 1752 3216 habuerunt;

1893 594 2225 662 rogationes,
2252 602 2307 649 et
2332 603 2455 664 post
2486 594 2689 651 Christi
2717 598 3085 655 narrationem
3116 601 3183 657 de
3213 603 3358 673 ipso,
3384 620 3470 661 vis

1891 683 2187 753 aliquando
2215 685 2400 755 etipse
2424 686 2966 758 iuterrogavit,quasi
2985 706 3049 746 ex
3068 694 3305 763 cogitatu
3330 711 3468 765 quo-

1889 773 2013 828 dam
2042 784 2097 830 et
2124 786 2346 831 versuto
2365 777 2617 843 consilio,
2645 785 2705 833 nt
2740 778 2937 833 similia
2965 783 3178 838 caeteris
3202 788 3467 855 apostolis

1889 867 2299 939 interrogando,
2327 870 2525 926 celaret
2557 870 2772 924 interim
2814 871 3140 941 proditionis
3180 890 3294 932 suae
3334 893 3469 933 con-

1887 958 2091 1013 silium.
2142 958 2275 1014 Nam
2335 975 2457 1015 vera
2510 962 2727 1016 tristitia
2772 971 2826 1015 et
2852 978 3052 1033 urgens
3099 981 3207 1019 non
3239 968 3469 1023 sustinet

1886 1066 2117 1113 moram.
2148 1052 2290 1106 sicut
2321 1068 2421 1107 nec
2453 1053 2829 1122 apostolorum
2870 1055 3154 1109 sustinuit.

1954 1141 2042 1196 85.
2083 1140 2372 1198 Edentibus
2415 1159 2588 1197 autem
2629 1146 2725 1211 eis,
2761 1145 3022 1215 accipiens
3054 1145 3212 1200 Jesus
3253 1164 3476 1218 panem,

1881 1240 1933 1285 et
1969 1234 2172 1302 gratias
2202 1250 2381 1302 agens,
2414 1235 2570 1304 {regit
2621 1245 2673 1289 et
2717 1236 2860 1290 dedit
2887 1238 3168 1307 discipulis
3201 1239 3335 1304 suis,
3391 1240 3476 1293 di-

1879 1339 1997 1377 cens
2030 1339 2049 1377 :
2078 1325 2334 1394 Accipite,
2373 1335 2425 1380 et
2459 1327 2793 1387 manducate.
2838 1329 2933 1382 hoc
2978 1338 3053 1382 est
3091 1331 3230 1384 enim
3276 1347 3473 1399 corpus

1880 1432 2071 1471 meum.
2112 1415 2177 1470 Et
2216 1417 2478 1485 accipiens
2506 1419 2742 1484 calicem,
2771 1431 2820 1472 et
2856 1421 3060 1489 gratias
3093 1436 3271 1491 agens,
3315 1421 3416 1474 ded
3429 1424 3470 1474 ἐξ

1875 1508 1973 1569 eis,
2004 1508 2184 1561 dicens
2216 1524 2234 1561 :
2261 1507 2434 1561 Bibite
2462 1524 2525 1561 ea:
2561 1509 2657 1563 hoc
2697 1527 2895 1570 omnes.
2925 1512 3009 1564 hic
3038 1521 3113 1565 est
3149 1513 3289 1565 enim
3326 1529 3457 1565 sauv

1875 1599 1993 1667 guis
2028 1599 2145 1652 novi
2178 1600 2492 1664 testamenti,
2520 1600 2610 1669 qui
2634 1615 2731 1669 pro
2759 1600 2938 1653 multis
2965 1601 3266 1668 e/I‘undetur
3288 1603 3345 1655 in
3374 1618 3459 1655 rc-

1876 1690 2178 1743 missionem
2225 1700 2558 1757 peccatorum
2610 1691 2676 1744 θ’.
2727 1688 2892 1744 Panis
2942 1690 3046 1745 iste
3095 1706 3256 1761 quem
3313 1694 3457 1747 Deus

1879 1777 2110 1832 Verbum
2138 1794 2339 1847 corpus
2370 1794 2528 1832 suum
2561 1795 2682 1833 esse
2710 1779 2931 1843 fatetur,
2965 1783 3189 1834 verbum
3229 1789 3314 1835 est
3345 1796 3452 1836 nur-

1802 1883 1840 1936 n
1874 1869 2147 1924 tritorium
2182 1869 2510 1935 animarum,
2548 1870 2772 1925 verbum
2802 1871 2868 1926 de
2901 1869 3009 1925 Deo
3041 1870 3221 1926 Verbo
3256 1886 3449 1942 proce-

1872 1961 2029 2027 dens,
2055 1969 2109 2017 et
2130 1962 2285 2032 panis
2307 1962 2374 2017 de
2394 1978 2534 2033 pane
2564 1962 2793 2027 emlesti,
2821 1964 2912 2034 qui
2940 1964 3152 2033 positus
3178 1975 3262 2020 cst
3286 1981 3454 2034 super

1873 2068 2116 2108 mensam
2168 2053 2238 2108 de
2290 2068 2397 2123 qua
2451 2055 2711 2123 scriptum
2768 2055 2930 2109 est”
2966 2075 2978 2109 :
3019 2055 3348 2126 Prwpurasti
3394 2059 3450 2111 in

1870 2154 2145 2213 conspectu
2193 2161 2305 2200 meo
2356 2161 2586 2199 mensam
2621 2146 2869 2201 adversus
2915 2163 3002 2202 eos
3049 2150 3139 2217 qui
3189 2148 3447 2202 tribulam

1870 2253 1970 2293 me.
2002 2236 2066 2291 Et
2116 2248 2279 2306 potus
2319 2237 2421 2293 iste
2449 2252 2610 2307 quem
2655 2236 2799 2293 Deus
2850 2238 3090 2294 Verbum
3126 2241 3443 2310 sanguinem

1868 2344 2028 2382 suum
2072 2327 2291 2394 fatetur,
2322 2329 2544 2383 verbum
2577 2336 2661 2383 est
2690 2339 2885 2398 potans
2917 2340 2969 2385 et
3001 2331 3278 2386 inebrians
3311 2347 3447 2400 pra:-

1867 2418 2014 2473 clare
2053 2421 2220 2475 corda
2281 2420 2602 2484 bibentium,
2642 2420 2735 2489 qui
2784 2428 2868 2475 est
2900 2420 2952 2474 in
2991 2422 3188 2490 poculo
3237 2422 3302 2476 de
3335 2438 3446 2491 quo

1867 2508 2128 2577 scriptum
2160 2516 2245 2564 est
2276 2508 2324 2539 °’
2357 2526 2370 2562 :
2404 2506 2472 2561 Et
2497 2509 2741 2574 poculum
2775 2518 2923 2562 tuum
2974 2510 3242 2564 inebrians
3284 2528 3445 2581 quam

1864 2598 2181 2666 praeclarum
2227 2608 2306 2654 est
2346 2598 2366 2652 !
2415 2598 2480 2653 Et
2522 2607 2606 2653 est
2649 2608 2811 2668 potus
2859 2600 2961 2654 iste
3007 2602 3285 2671 generatio
3320 2602 3447 2657 vitis

1866 2705 2006 2744 vene
2030 2705 2153 2760 qua:
2189 2690 2322 2745 dicit
2355 2690 2370 2721 ί
2416 2708 2429 2744 :
2470 2688 2582 2760 Ego
2606 2706 2721 2743 sum
2751 2691 2873 2743 vitis
2916 2708 3059 2745 nera.
3095 2691 3161 2746 Et
3190 2702 3274 2746 est
3312 2707 3446 2747 san-

1864 2781 1987 2850 guis
2030 2796 2150 2835 uva:
2194 2781 2364 2846 illius,
2406 2797 2529 2851 quae
2570 2782 2737 2836 missa
2786 2783 2839 2836 iu
2883 2784 3126 2838 torcular
3171 2784 3444 2852 passionis

1863 2874 2088 2943 protulit
2121 2883 2310 2942 potum
2338 2874 2503 2927 hunc.
2535 2872 2625 2928 Sic
2655 2884 2708 2929 et
2735 2875 2892 2943 panis
2917 2884 3001 2929 cst
3033 2876 3259 2929 verbum
3286 2874 3443 2929 Chri-

1861 2962 1929 3017 sti
1976 2960 2181 3017 factum
2232 2962 2300 3017 de
2348 2962 2526 3015 tritico
2562 2962 2656 3015 illo
2682 2961 2829 3031 qttod
2879 2964 3081 3017 cadens
3130 2964 3182 3017 in
3235 2972 3436 3017 terram

1862 3051 2092 3108 multum
2115 3051 2344 3107 reddidit
2360 3051 2737 3125 fructum.(87)
2758 3050 2875 3106 Non
2897 3056 3042 3107 enim
3068 3070 3261 3123 panem
3283 3056 3434 3109 illum

1861 3143 2128 3199 visibilem
2176 3158 2337 3213 quem
2381 3144 2598 3199 tenebat
2631 3145 2686 3198 in
2730 3146 3002 3210 manibus,
3037 3162 3235 3215 corpus
3270 3162 3433 3203 suum

173 3240 273 3295 sed
304 3239 394 3297 ille
426 3241 545 3296 sine
577 3241 791 3307 timore,
821 3240 980 3312 quasi
1018 3240 1214 3296 timens
1247 3239 1479 3294 dicebat.
1504 3236 1589 3293 'Et
1633 3239 1756 3295 ideo
1784 3222 1829 3285 ο
1860 3233 2077 3289 dicebat
2111 3232 2250 3289 Deus
2279 3232 2538 3300 Verbum.
2571 3235 2666 3290 sed
2694 3239 2918 3291 verbum
2956 3239 3010 3292 in
3038 3238 3198 3309 cujus
3232 3249 3434 3310 myste-

282 3418 333 3450 “
360 3417 547 3472 Matth.
588 3435 734 3483 xm,
786 3418 877 3472 ει.
996 3416 1041 3449 ⁸⁸
1084 3414 1214 3469 ibid.
1270 3415 1362 3470 25.
1472 3417 1520 3452 “
1567 3415 1698 3471 ibid.

189 3487 208 3515 ³
230 3486 386 3543 Joan.
423 3504 510 3555 xv,
541 3489 592 3543 l.

226 3645 339 3713 (87)
360 3644 483 3717 llaec
495 3645 805 3717 verbazNon
823 3648 960 3702 sirint
973 3644 1323 3717 pauemillum
1340 3641 1748 3717 visibilent,ott:.,

176 3711 353 3785 usque
398 3716 462 3770 ad
511 3716 623 3771 hate
662 3717 939 3782 inclusive,
973 3711 1024 3770 et
1067 3715 1275 3770 verbum
1326 3711 1467 3785 quod
1509 3712 1749 3783 lwtiﬁcat

172 3784 286 3846 cor,
309 3802 429 3855 quae
460 3786 546 3839 hic
582 3786 866 3841 intextum
900 3786 1149 3845 restituo.
1187 3785 1240 3837 in
1273 3784 1434 3855 editis
1466 3797 1574 3837 non
1600 3799 1752 3839 com-

171 3854 386 3926 parent,
405 3856 507 3926 sed
544 3856 795 3925 leguntur
844 3857 898 3911 in
929 3854 1415 3926 duobusantiquis
1442 3856 1748 3926 manuscri-

172 3922 280 3995 ptis
317 3922 630 3988 codicibus}
678 3927 851 3996 iisque
896 3926 1026 3996 solis
1074 3922 1426 3996 mihi‘no’tis;
1478 3922 1648 3996 altero
1695 3940 1747 3979 Ix

172 3993 357 4050 saeculi
405 4011 435 4049 e
468 3993 802 4052 monasterio
843 3997 899 4049 S.
947 3995 1178 4062 Remigii
1221 3993 1542 4059 Remensis;
1577 3995 1748 4050 altero

175 4065 358 4119 saeculi
410 4081 488 4118 xit
534 4079 566 4118 e
609 4067 938 4120 monasterio
986 4066 1424 4119 Cemmeticensi.
1457 4065 1512 4120 In
1568 4064 1748 4133 priore

170 4136 336 4188 verba
368 4135 454 4188 illa
492 4137 631 4205 stylo
662 4144 928 4205 expuncta
963 4144 1110 4198 sunt,
1143 4151 1264 4205 non
1286 4135 1358 4187 ita
1396 4134 1743 4205 tameugnin

167 4206 394 4259 alterius
417 4201 619 4260 codicis
653 4201 752 4274 ope
791 4207 893 4275 legi
925 4207 1103 4259 adhuc
1144 4203 1302 4258 facile
1332 4216 1553 4275 queant.
1593 4201 1745 4275 Unde

169 4275 356 4328 forsan
403 4276 656 4342 colligere
709 4274 1053 4331 licet’solum
1105 4275 1347 4328 codicem
1397 4274 1454 4329 S.
1512 4274 1740 4341 Remigii

168 4345 369 4399 vidisse
420 4344 725 4399 Mcrliuum.
775 4344 1034 4398 Videntur
1076 4345 1292 4412 quidem
1349 4348 1519 4413 prima
1566 4343 1744 4398 fronte

164 4430 361 4497 parum
413 4416 678 4497 catholice
735 4415 802 4497 de
854 4414 1197 4497 Eucharistia
1226 4429 1437 4497 sonare
1484 4424 1603 4497 :nat
1633 4429 1740 4493 non

165 4482 495 4539 insinceram
544 4484 713 4539 fuisse
759 4485 825 4539 de
875 4486 977 4539 hoc
1021 4483 1277 4554 mysterio
1308 4485 1463 4554 tidem
1494 4482 1742 4554 Origenis

164 4572 234 4609 ex
273 4558 390 4624 ipso
428 4556 548 4608 luco
578 4556 754 4621 palam
800 4555 910 4620 lict,
946 4553 991 4608 si
1020 4553 1222 4624 adtria
1246 4553 1742 4624 iattendagtfurfqua:

164 4622 522 4679 Adamantius
554 4641 677 4679 eutn
716 4625 988 4678 veteribus
1025 4622 1349 4692 quibusdam
1381 4622 1435 4675 in
1473 4622 1729 4679 Euchari-

164 4695 269 4748 stia
313 4695 599 4765 distinguit
637 4713 651 4749 :
680 4710 872 4761 nempe
901 4694 1132 4765 speciem
1164 4702 1440 4746 externam
1486 4694 1741 4765 sensibus

165 4763 507 4834 snbjectamj
536 4765 894 4819 substantiam
928 4765 1073 4817 intus
1103 4763 1354 4816 latentem
1396 4773 1450 4816 et
1476 4764 1592 4834 solo
1616 4763 1738 4817 lidei

162 4833 406 4888 contuitu
453 4836 874 4905 aspectabilem;
910 4842 963 4887 et
996 4833 1281 4905 mysticam
1328 4833 1617 4901 quamdam
1649 4848 1738 4905 sa-

1803 3416 1848 3448 "
1882 3415 2009 3471 ibid.
2070 3414 2139 3470 26
2186 3425 2236 3470 et
2295 3431 2451 3487 seqq.

2559 3416 2604 3448 "
2634 3415 2774 3472 Psal.
2839 3432 2976 3485 ml,
3034 3418 3090 3475 5.
3195 3419 3241 3453 ’δ
3296 3417 3431 3475 ibid.

1857 3652 2026 3698 totum
2056 3645 2345 3700 articulum
2372 3645 2611 3710 disserit,
2635 3647 2799 3701 verba
2829 3647 3188 3701 institutionis
3219 3647 3434 3706 Eucha-

1854 3714 2019 3799 ristize
2046 3716 2332 3799 allegorice
2373 3716 2780 3799 interpretando
2816 3718 2882 3771 de
2924 3720 3089 3799 verbo
3138 3717 3254 3781 Dei,
3285 3735 3433 3795 quoa

1853 3784 2024 3839 instar
2070 3785 2357 3854 cujusdam
2409 3784 2567 3854 panis
2615 3796 2668 3841 et
2698 3797 2856 3855 potus
2885 3788 3123 3841 caelestis
3162 3784 3328 3841 nutrit
3377 3800 3429 3843 et

1850 3854 2109 3922 ludificat,
2142 3865 2310 3923 potat,
2334 3865 2383 3908 et
2407 3858 2627 3910 inebriat
2651 3854 2905 3922 prrcclare
2932 3858 3091 3909 corda
3116 3857 3426 3914 bibentium.

1852 3923 1911 3979 S.
1952 3925 2289 3994 Augustinus
2336 3939 2501 3994 serm.
2539 3926 2665 3992 272,
2695 3927 2765 3978 ad
2794 3925 3043 3994 infantes,
3091 3928 3284 3980 eodem
3314 3926 3428 3983 fere

1848 3996 2015 4050 modo
2049 3993 2175 4063 ’quo
2209 3995 2296 4048 hic
2326 3993 2608 4065 Origenes,
2640 3993 2861 4050 disserit
2907 3997 2973 4049 de
3014 3995 3201 4050 altaris
3242 4010 3428 4051 sacra~

1849 4075 2052 4126 mento,
2081 4080 2204 4119 cum
2243 4065 2345 4118 hoc
2386 4074 2563 4119 tamen
2608 4065 2925 4120 discrimine
2953 4066 3095 4134 quod
3130 4067 3187 4118 S.
3232 4065 3424 4133 Augu-

1847 4136 2023 4207 stinus
2071 4134 2422 4207 symbolicam
2471 4136 2709 4207 mysterii
2756 4135 3102 4190 eucharistici
3153 4135 3426 4207 significa-

1849 4203 2048 4275 tionem
2105 4203 2174 4258 ad
2233 4203 2794 4261 unitatem'lidelium
2848 4208 2900 4259 in
2958 4220 3067 4258 uno
3120 4206 3424 4275 eodemque

1845 4271 2046 4326 Christi
2081 4288 2310 4341 corpore
2358 4278 2610 4341 mystico,
2650 4276 3008 4329 Adamantius
3041 4290 3170 4327 vero
3200 4277 3264 4327 ad
3303 4271 3426 4329 ven-

1846 4343 1972 4396 bum
2007 4342 2099 4415 Dei
2114 4334 2397 4415 deflectat.
2418 4334 2666 4414 Uterque
2696 4346 2867 4415 ipsam
2900 4345 3232 4400 sacramenti
3264 4353 3420 4397 natu-

1844 4428 1958 4484 ram
2005 4413 2253 4484 lidelibus
2298 4415 2432 4468 satis
2478 4413 2661 4469 notam
2699 4413 2916 4470 nonnisi
2952 4416 3138 4468 leviter
3177 4423 3229 4469 et
3260 4417 3417 4484 quasi

1845 4483 1897 4555 in
1927 4483 2157 4536 transitu
2180 4484 2627 4555 Aattirngit,‘unice
2673 4492 2911 4539 attentus
2944 4483 3295 4555 adAmysticas
3324 4498 3423 4555 ra-

1843 4553 2019 4633 tiones
2046 4551 2387 4634 aperiendas.
2432 4553 2648 4634 Interim
2679 4551 3267 4634 ob‘servabo‘prigcnis.
3286 4554 3418 4607 alle-

1841 4622 2050 4690 goriam
2080 4623 2349 4678 haereticis
2385 4625 2691 4679 nullatenus
2734 4622 2936 4679 favere.
2966 4622 3023 4678 Si
3046 4622 3192 4678 enim
3218 4623 3303 4677 hic
3323 4638 3420 4678 ex-

1842 4691 2090 4764 cludatur
2119 4693 2347 4764 quilibet
2375 4710 2567 4749 sensus
2607 4704 2796 4763 prmter
2828 4695 3201 4764 allegorieum,
3233 4694 3420 4764 exclu-

1842 4708 2090 4746 ctuuatur
2119 4708 2347 4816 quilibet
2375 4710 2567 4749 sensus
2607 4708 2796 4763 prmter
2828 4708 3201 4764 allegovteum,
3233 4708 3417 4748 exclu-

1840 4762 1990 4835 ditur
2024 4778 2120 4835 pro
2147 4771 2265 4816 ecto
2313 4765 2660 4819 Calviulanus
2706 4765 2772 4819 de
2813 4765 3008 4834 figura,
3038 4776 3185 4835 typo,
3222 4763 3417 4835 virtut:

1840 4841 1894 4885 et
1912 4831 2147 4887 emcacia
2177 4835 2420 4903 corporis
2442 4835 2663 4890 Christi.
2686 4834 2741 4887 Si
2767 4831 2894 4889 vero
2923 4831 3075 4888 alius
3092 4831 3419 4903 Supponitur

162 4906 424 4959 crarnenti
443 4903 913 4975 sig'nitieatiouem.
932 4903 1019 4975 Ad
1032 4911 1235 4971 partem
1260 4911 1541 4958 externam
1559 4904 1733 4959 oculis
1766 4908 1807 4961 D
1837 4917 2054 4975 sensus,
2089 4904 2274 4972 utique
2309 4919 2507 4975 sensus
2534 4905 2777 4960 litteralis
2802 4905 3413 4975 Catlrolicorum,quiem

160 4966 521 5044 apparenteni
539 4984 591 5028 et
619 4966 820 5028 Christi
859 4966 1109 5026 manibus
1143 4980 1528 5044 contrectatam
1559 4976 1733 5043 respi-

159 5042 258 5106 cit,
289 5059 413 5099 cum
441 5046 516 5099 ait
541 5063 555 5098 :
583 5044 704 5097 Non
726 5046 864 5097 enim
893 5058 1076 5109 panem
1110 5042 1263 5113 illum
1288 5043 1554 5113 visibilem
1581 5042 1733 5113 quem

160 5114 369 5169 tenebat
400 5117 455 5168 in
490 5114 753 5177 manibus,
787 5129 973 5182 corpus
1007 5128 1161 5166 suum
1188 5110 1391 5165 dicebat
1424 5110 1559 5167 Deus
1594 5110 1732 5165 Ver-

158 5187 399 5240 bum.....
428 5183 539 5238 Nec
561 5194 741 5253 potum
770 5182 922 5236 illum
948 5182 1213 5236 visibilem
1245 5184 1551 5253 sanguinem
1580 5198 1732 5235 suum

158 5256 387 5309 diccbat.
440 5252 812 5309 Santantiam
846 5254 948 5308 sub
984 5261 1206 5307 externa
1253 5252 1434 5321 specie
1476 5252 1730 5306 latentem

159 5334 346 5394 aperte
374 5327 622 5393 designat
649 5323 886 5394 tutn_bis
918 5322 1342 5391 p't'mcedentibus
1368 5322 1549 5376 verbis
1581 5341 1593 5376 :
1634 5321 1735 5375 Pu-

158 5392 241 5447 nis
268 5397 370 5449 iste
396 5392 547 5463 quem
576 5394 713 5447 Deus
775 5392 1007 5463 Verbum
1044 5409 1229 5463 corpus
1255 5409 1408 5463 suum
1450 5408 1559 5445 esse
1594 5394 1732 5460 [ate-

158 5477 316 5520 tur...
350 5461 416 5517 et
439 5474 593 5533 potus
642 5466 741 5517 iste
783 5479 933 5533 quem
981 5462 1115 5515 Deus
1159 5461 1378 5515 Verbum
1425 5463 1733 5533 sanguinem

155 5551 317 5587 suum
372 5530 571 5604 [aletur
593 5548 612 5586 :
659 5530 909 5587 tnm'his
940 5534 1322 5604 subsequentis
1356 5533 1569 5604 articuli
1603 5549 1615 5585 :
1661 5530 1732 5584 Et

153 5602 385 5659 ostendit
435 5603 636 5674 (Jcsus)
680 5604 893 5672 quando
940 5620 1024 5655 eos
1071 5602 1412 5674 (discipulos)
1460 5602 1555 5655 hoc
1597 5618 1731 5674 pane

154 5678 350 5740 nutrit,
376 5672 648 5745 proprium
676 5690 784 5728 esse
812 5689 1067 5739 corpus...
1098 5672 1540 5745 Deindedocebat
1572 5672 1730 5745 disci-

154 5746 331 5815 pulos,
374 5740 532 5816 qui...
571 5750 1014 5797 manducaverant
1046 5759 1234 5816 corpus
1276 5740 1454 5816 Verbi,
1480 5752 1584 5797 etc.
1620 5740 1725 5793 De-

155 5814 324 5887 nique
378 5814 446 5872 de
504 5816 732 5885 mystica
788 5814 1112 5874 sacramenti
1171 5814 1565 5886 significatione
1628 5828 1726 5883 per

1835 4973 1970 5027 satis
1989 4974 2134 5027 clare
2157 4976 2412 5042 exprimit
2431 4974 2787 5029 Adamantius
2806 4974 2984 5029 verbis
3009 4972 3171 5027 modo
3196 4972 3413 5037 citatis;

1839 5057 1944 5095 non
1980 5059 2176 5098 sensus
2207 5044 2674 5108 Calvinianorum,
2708 5044 2865 5112 cujus
2910 5044 2982 5098 ibi
3024 5057 3092 5096 ne
3125 5043 3411 5094 minimam

1837 5113 2055 5177 quidem
2114 5113 2424 5184 vestigium.
2475 5114 2657 5167 Alium
2721 5129 2882 5184 porro
2935 5126 3154 5184 sensum
3215 5120 3412 5184 praeter

1837 5184 2186 5251 allegoricum
2210 5180 2281 5253 de
2310 5184 2476 5253 verbo
2504 5184 2594 5238 Dei
2621 5180 2905 5253 agnovisse
2925 5180 3211 5253 Origenem
3244 5180 3413 5248 liquet

1836 5268 1899 5305 ex
1938 5253 2126 5307 homil.
2161 5252 2228 5309 16
2262 5253 2314 5306 in
2346 5251 2506 5306 Num.
2539 5251 2726 5307 Bibere
2754 5254 3004 5316 dicimur,
3044 5252 3239 5319 inquit,
3286 5266 3411 5301 sim-

1837 5322 2046 5390 guinem
2066 5322 2289 5386 Christi,
2313 5338 2415 5376 non
2435 5322 2605 5376 solum
2626 5331 3090 5378 sacramentorum
3110 5322 3240 5384 ritu,
3255 5320 3343 5372 sed
3356 5329 3411 5390 et

1842 5389 1956 5443 cum
1988 5407 2247 5445 sermones
2269 5393 2382 5459 ejus
2410 5394 2706 5461 recipimus,
2733 5394 2786 5445 in
2811 5396 2997 5461 quibus
3022 5392 3127 5443 cita
3151 5389 3408 5449 consistit,

1840 5463 1973 5514 sicut
2002 5472 2051 5514 et
2078 5463 2188 5531 ipse
2215 5464 2343 5515 dicit
2377 5480 2394 5517 :
2444 5462 2609 5517 Verba
2645 5479 2762 5532 qua!
2787 5463 2990 5514 locutus
3024 5477 3164 5524 sum,
3190 5462 3410 5532 spiritus

1837 5542 1883 5583 ct
1926 5532 2031 5584 rita
2069 5530 2167 5586 est.
2203 5534 2368 5586 Suam
2407 5535 2496 5588 hic
2526 5530 2737 5586 Iaudem
2773 5532 2856 5586 fas
2899 5533 2969 5585 sit
3020 5532 3258 5585 tribuere
3292 5530 3407 5582 cla-

1836 5602 2057 5656 rissimo
2088 5602 2207 5657 viro
2234 5596 2295 5656 Ι).
2328 5602 2532 5666 ltobbe,
2565 5603 2791 5671 hujusce
2838 5604 3016 5670 operis
3060 5598 3271 5655 censori
3325 5615 3410 5652 re-

1835 5671 1944 5739 gio,
1978 5672 2070 5740 qui
2096 5673 2228 5726 mihi
2258 5673 2480 5726 luerenti
2513 5682 2566 5726 ct
2592 5673 2799 5726 incerto
2825 5672 3119 5741 genuinum
3146 5670 3291 5741 hunc
3319 5683 3411 5720 ve-

1835 5738 2064 5811 rumque
2118 5743 2384 5797 intricatze
2434 5743 2598 5811 hujus
2650 5738 2920 5811 allegoriae
2975 5756 3195 5797 sensum
3249 5738 3408 5793 docte

1830 5813 1978 5869 solus
2005 5812 2146 5868 inter
2173 5813 2436 5885 plurimos
2470 5813 2702 5883 aperuit.
