4004 6548
606 373 746 430 I735

1795 357 2119 419 ORIGENIS
2149 356 2219 413 IN
2252 353 2671 415 ΜΑΤἸἩλΕυΜ

3728 364 3855 422 1736

603 490 686 544 rio
730 487 905 541 fuerat
944 484 1103 555 panis
1145 479 1611 551 illeirangendus.
1646 476 1758 534 Nec
1792 487 1982 549 potum
2012 476 2167 531 illum
2195 477 2245 537 Α
2272 472 2339 528 Ει
2385 472 2535 543 quod
2579 471 2712 528 dicit
2739 472 2802 549 °_:
2834 472 3108 543 Accipiens
3157 471 3317 529 Iesus
3345 491 3566 546 panem,
3611 477 3859 538 simium

541 565 573 589 κ’
603 578 871 634 visibilem
907 574 1230 644 sanguinem
1275 585 1435 624 suum
1469 568 1703 634 dicebat,
1734 567 1830 623 sed
1859 567 2082 622 verbum
2126 565 2181 619 in

602 669 762 739 cujus
811 664 1071 736 mysterio
1099 672 1262 733 potus
1292 661 1382 716 ille
1407 659 1585 715 fuerat
1630 656 2009 713 effundendus.
2045 653 2180 710 Nam

601 775 805 829 corpus
844 757 935 811 Dei
960 754 1125 810 Verbi
1160 752 1295 827 (88),
1321 762 1416 807 aut
1453 750 1698 821 sanguis,
1733 750 1865 820 quid
1893 748 2037 803 aliud
2062 761 2183 803 esse

602 860 799 921 potest,
850 849 954 903 nisi
994 847 1222 903 verbum
1266 845 1412 915 quod
1450 843 1642 906 nutrit,
1674 851 1729 897 et.
1775 841 2003 895 verbum
2036 839 2180 910 quod

604 942 839 997 lzetilieat
869 939 1006 994 cor?
1041 939 1151 993 Cur
1177 944 1360 991 autem
1398 951 1509 989 non
1544 934 1683 988 dixit
1719 950 1733 988 :
1776 931 1875 988 llic
1905 939 1989 987 est
2024 930 2183 1001 panis

602 1035 728 1089 novi
762 1030 1096 1097 testamenti,
1141 1030 1285 1085 sicut
1319 1028 1456 1083 dixit
1486 1045 1499 1082 :
1540 1025 1644 1080 llic
1679 1035 1756 1080 est
1792 1024 2009 1095 sanguis
2061 1023 2182 1077 nari

605 1128 949 1184 testamenti?
998 1125 1267 1191 Quoniam
1324 1122 1483 1193 panis
1531 1129 1616 1176 est
1666 1119 1889 1175 verbum
1935 1117 2182 1187 justitizn,

601 1236 765 1291 quam
793 1219 1187 1273 manducantes
1211 1215 1405 1269 animm
1430 1214 1747 1267 nutriuntur
1775 1229 1788 1266 :
1816 1218 1977 1280 potus
2002 1216 2182 1263 autem

600 1321 684 1369 est
707 1312 931 1365 verbum
964 1308 1257 1380 agnitionis
1278 1306 1503 1369 Christi,
1529 1304 1828 1359 secundum
1862 1301 2181 1374 mysterium

599 1404 719 1474 ejus
774 1402 1071 1457 nativitatis
1116 1410 1170 1456 et
1217 1398 1508 1469 passionis.
1546 1396 1818 1464 Quoniam
1852 1409 1985 1465 ergo
2018 1402 2184 1448 testa-

600 1503 845 1550 mentum
882 1492 981 1548 Dei
1017 1493 1071 1546 in
1109 1492 1376 1561 sanguine
1406 1489 1679 1559 passionis
1709 1487 1909 1542 Christi
1943 1486 2180 1556 positum

599 1595 683 1641 est
714 1586 781 1641 ad
818 1600 941 1651 nos,
980 1593 1037 1639 ut
1065 1584 1348 1637 credentes
1393 1579 1590 1635 Filium
1626 1580 1717 1633 Dei
1748 1588 1933 1635 natum
1969 1587 2023 1633 et
2055 1593 2180 1648 pas—-

601 1694 721 1733 sum
755 1678 1054 1733 secundum
1094 1691 1340 1741 carnem,
1371 1674 1506 1730 salvi
1553 1673 1851 1728 efﬁciamur
1880 1672 2048 1743 899
2072 1688 2180 1726 non

598 1770 653 1823 in
681 1768 916 1838 justitia,
952 1768 1005 1822 in
1051 1783 1158 1837 qua
1195 1768 1308 1822 sola
1345 1768 1465 1822 sine
1510 1767 1614 1821 llde
1665 1765 1933 1835 passionis
1977 1763 2180 1819 Christi

600 1862 751 1917 salus
797 1876 920 1916 esse
973 1875 1081 1913 non
1119 1869 1363 1929 poterat;
1396 1860 1517 1915 ideo
1547 1867 1755 1913 tantum
1786 1858 1855 1913 de
1898 1857 2066 1914 calice
2096 1857 2180 1913 di-

600 1959 747 2005 ctum
775 1959 860 2005 est
887 1968 902 2004 :
934 1949 1033 2003 llic
1056 1959 1133 2003 est
1168 1950 1313 2003 calix
1350 1951 1470 2004 novi
1501 1949 1821 2003 testamenti.

670 2042 758 2096 86.
792 2042 953 2094 Amen
984 2041 1101 2094 dico
1130 2040 1295 2108 vobis,
1346 2041 1485 2112 quod
1524 2041 1714 2094 amodo
1763 2056 1864 2095 non
1913 2040 2087 2094 bibam
2115 2040 2180 2094 de

598 2134 930 2204 generatione
970 2133 1093 2186 vitis
1135 2134 1317 2203 hujus,
1359 2134 1465 2187 uisi
1501 2149 1619 2187 cum
1650 2132 1822 2185 bibam
1849 2131 1983 2185 illud
2011 2131 2180 2185 vobis-

596 2241 716 2278 cum
749 2240 937 2277 novum
987 2224 1042 2277 in
1081 2239 1238 2294 regno
1270 2222 1453 2277 Patris
1491 2223 1591 2276 mei
1637 2222 1677 2274 ’.
1715 2219 1820 2276 Sed
1858 2229 1912 2275 et
1940 2220 2007 2274 de
2041 2235 2179 2290 pane

594 2317 800 2371 dictum
833 2324 917 2370 est
969 2316 1111 2386 apud
1154 2314 1357 2369 Lucam
1395 2314 1647 2370 similiter
1678 2332 1691 2367 :
1736 2311 2008 2367 Desiderio
2038 2313 2180 2367 desi-

594 2409 772 2463 deravi
803 2410 897 2462 hoc
943 2408 1140 2479 pascha
1171 2407 1494 2461 manducare
1522 2406 1811 2460 vobiscum.
1847 2404 1979 2458 Dico
2010 2404 2175 2469 vobis,

593 2502 732 2571 quod
767 2503 956 2555 amodo
992 2517 1096 2554 non
1142 2500 1472 2554 manducabo
1504 2499 1662 2564 iilud,
1695 2499 1799 2552 nisi
1822 2497 2090 2568 impletum
2119 2498 2177 2551 in

595 2608 751 2661 regno
803 2591 898 2646 Dei
945 2592 987 2645 ³.
1016 2590 1159 2661 Ergo
1207 2590 1561 2645 manducabit
1612 2587 1880 2656 Salvator,
1911 2580 2173 2653 et‘bibet,

591 2697 787 2752 panem
841 2685 1016 2751 illum,
1053 2695 1107 2738 et
1151 2692 1339 2753 potum
1391 2681 1702 2751 paschalem
1751 2689 2070 2735 renovatum
2120 2680 2172 2734 in

592 2789 761 2846 regno
802 2776 927 2842 Dei,
961 2785 1016 2831 et
1054 2774 1406 2830 mandueahit
1433 2782 1488 2829 et
1531 2773 1681 2829 bibet
1722 2787 1846 2827 cum
1890 2771 2175 2843 discipulis

592 2868 728 2924 suis.
769 2867 923 2924 Sicut
949 2870 1094 2924 enim
1128 2885 1231 2929 nou
1265 2869 1510 2938 rapinam
1556 2869 1848 2922 arbitratus
1877 2876 1955 2921 est
1978 2883 2089 2921 esse
2120 2882 2174 2921 se

589 2958 849 3027 aqualem
884 2959 1013 3026 Deo,
1041 2960 1132 3012 sed
1176 2960 1512 3029 semetipsum
1556 2957 1858 3011 Itumiliavit
1904 2971 2066 3027 usque
2103 2955 2172 3009 ad

588 3061 811 3104 mortem
837 3051 878 3117 ⁴,
912 3052 994 3106 sic
1036 3051 1387 3106 mandueabit
1411 3064 1632 3121 panem,
1667 3059 1720 3105 et
1746 3049 1895 3104 bibet
1918 3048 1985 3104 de
2011 3061 2172 3117 gene-

522 3184 530 3195 .
587 3142 800 3196 ratione
832 3142 980 3205 vltis,
1027 3151 1081 3196 et
1128 3142 1274 3196 bibet
1307 3156 1538 3207 novum,
1581 3148 1635 3195 et
1674 3148 1895 3211 propter
1941 3139 2168 3193 multam
2196 3169 2239 3229 ο

588 3232 889 3287 bonitatem
942 3248 1095 3286 suam
1146 3242 1200 3287 et
1231 3232 1578 3286 dilectionem
1614 3231 1899 3285 hominum
1932 3229 2166 3283 mandu-

587 3325 735 3377 cabit
760 3333 814 3376 et
850 3323 995 3377 bibet
1026 3338 1149 3377 cum
1202 3323 1486 3392 discipulis
1538 3322 1689 3389 suis,
1721 3337 1845 3377 cum
1887 3320 2169 3375 tradiderit

587 3430 813 3484 regnum
848 3414 957 3469 Deo
1009 3424 1065 3469 et
1112 3414 1281 3468 Patri.
1329 3412 1561 3470 Attende
1606 3416 1749 3469 enim
1796 3415 1941 3485 quod
1989 3413 2164 3469 dicit:

588 3504 724 3559 Cum
768 3505 943 3559 bibero
990 3506 1163 3576 ipsum
1210 3505 1475 3559 vobiscum
1512 3522 1723 3574 novum,
1760 3521 1867 3561 non
1899 3505 2004 3561 alio
2033 3512 2170 3560 tem-

587 3613 742 3669 pore,
779 3598 882 3652 nisi
915 3599 967 3651 in
996 3614 1151 3669 regno
1182 3596 1363 3651 Patris
1394 3597 1516 3652 mei.
1548 3596 1615 3651 Et
1643 3597 1778 3653 alias
1810 3607 1990 3652 autem
2012 3597 2033 3628 ⁸
2064 3611 2169 3650 non

586 3707 804 3761 regnum
834 3689 930 3744 Dei
967 3707 1085 3744 esca
1115 3699 1166 3743 et
1202 3699 1375 3759 potus.
1410 3689 1776 3759 Corporaliter
1796 3689 1965 3753 enim,
1998 3696 2053 3745 et
2080 3704 2168 3744 se-

587 3782 823 3836 cundum
852 3780 1263 3836 similitudinem
1304 3781 1588 3851 praesentis
1623 3780 1727 3834 cibi
1757 3787 1811 3834 et
1838 3788 2021 3849 potus,
2056 3793 2165 3833 non

584 3882 669 3927 est
690 3888 915 3943 regnum
944 3872 1037 3927 Dei
1060 3887 1186 3928 esca
1213 3881 1267 3927 et
1294 3881 1453 3942 potus
1478 3872 1562 3926 his
1587 3872 1682 3942 qui
1711 3872 2079 3927 exhibuerunt
2107 3887 2167 3927 se

582 3967 777 4036 dignos
811 3981 950 4036 pane
974 3965 1184 4020 caelesti
1207 3975 1261 4019 et
1294 3978 1434 4033 pane
1459 3964 1802 4034 angelorum,
1830 3973 1885 4018 et
1910 3978 2037 4018 esea
2073 3963 2164 4023 illa

582 4059 649 4113 de
677 4074 783 4128 qua
816 4058 947 4113 dicit
991 4056 1241 4111 Salvator
1270 4072 1282 4108 :
1335 4054 1454 4110 Mea
1484 4072 1601 4109 esca
1647 4064 1723 4109 est
1757 4064 1814 4108 ut
1845 4055 2040 4124 faciam
2070 4072 2163 4109 voc

582 4149 839 4202 luutatem
869 4148 982 4217 ejus
1005 4149 1095 4218 qui
1131 4164 1212 4201 me
1244 4147 1411 4212 misit,
1439 4156 1487 4200 et
1518 4147 1790 4216 perﬁciam
1824 4162 1953 4216 opus
1987 4146 2101 4216 ejus
2118 4145 2159 4199 ⁸.

581 4241 853 4310 Quoniam
903 4251 1082 4295 autem
1132 4241 1187 4295 in
1252 4256 1421 4309 regno
1470 4239 1565 4294 Dei
1616 4239 2068 4296 manducabimus
2109 4248 2164 4294 ct

581 4334 857 4401 bibemus,
893 4348 959 4388 ex
996 4333 1181 4389 multis
1216 4333 1352 4388 locis
1382 4332 1787 4404 Scripturarum
1816 4342 1900 4387 est
1935 4332 2162 4387 demon-

580 4436 777 4486 strare.
812 4423 1082 4494 praecipue
1108 4439 1175 4479 ex
1203 4440 1270 4479 eo
1298 4424 1446 4493 quod
1475 4424 1737 4493 scriptum
1765 4422 1890 4477 est"
1922 4440 1935 4477 :
1959 4420 2158 4475 Beatus

2282 573 2338 618 et
2384 564 2646 633 accipiens
2693 543 2934 625 calicem.
2967 565 3062 635 qui
3110 543 3370 636 parvulus
3415 568 3650 638 quidem
3690 580 3776 626 est
3812 574 3860 629 in

2281 654 2535 723 Christo,
2582 663 2638 710 et
2681 653 2738 709 in
2793 655 3016 711 Christo
3062 656 3239 712 adhuc
3287 658 3565 722 carnalis,
3620 659 3864 733 intelligit

2281 747 2650 826 communiter
2679 765 2695 803 :
2737 748 3055 818 prudentior
3087 757 3265 804 autem
3294 762 3541 821 quaerat,
3568 768 3600 807 a
3636 769 3749 823 quo
3778 771 3865 811 ae-

2282 840 2492 910 eipiens
2521 837 2699 895 Jesus.
2738 838 2849 895 Deo
2897 841 3042 895 enim
3092 843 3254 897 dante
3302 844 3501 914 accipit
3549 855 3607 901 et
3653 845 3752 902 dat
3793 851 3864 906 eis

2283 932 2378 1001 qui
2423 930 2572 1001 digni
2626 940 2754 987 sunt
2796 946 2825 986 a
2874 930 2985 987 Deo
3024 934 3268 1003 accipere
3296 949 3493 1004 panem
3525 945 3585 992 et
3620 938 3859 996 calicem.

2283 1018 2568 1085 Quomodo
2600 1028 2781 1075 autem
2810 1022 2905 1077 dat
2929 1020 3072 1078 Deus
3115 1038 3331 1095 panem,
3380 1025 3666 1095 signiﬁcat
3694 1039 3752 1083 et
3783 1029 3863 1086 Ja-

2285 1109 2388 1163 cob
2418 1109 2606 1165 dicens
2637 1109 2680 1142 ¹⁰
2710 1125 2723 1161 :
2757 1108 2818 1165 Si
2863 1111 3021 1180 fuerit
3071 1111 3324 1168 Dominus
3362 1133 3512 1170 meus
3562 1135 3797 1183 mecum.
3818 1133 3862 1176 et

2282 1199 2485 1265 dederit
2521 1200 2652 1253 mihi
2681 1217 2871 1270 panem
2898 1202 2967 1255 ad
3002 1204 3452 1272 manducandum,
3480 1217 3535 1262 et
3580 1213 3859 1267 aestima—

2285 1300 2396 1344 tum
2425 1293 2495 1345 ad
2520 1293 2862 1361 vestiendum,
2886 1294 3063 1347 omnia
3089 1311 3407 1367 quiscunque
3431 1300 3588 1364 mihi,
3623 1300 3857 1367 Domine,

2282 1383 2511 1450 dederis,
2546 1383 2803 1438 decimam
2843 1384 3113 1439 decimabo
3156 1386 3270 1440 tibi.
3303 1386 3436 1441 Item
3478 1388 3756 1458 scriptum
3785 1403 3859 1448 δι

2283 1475 2337 1530 in
2374 1474 2664 1546 Evangelio
2695 1476 2994 1533 secundum
3042 1476 3305 1533 Joannem
3352 1479 3392 1511 ¹¹
3425 1498 3438 1533 :
3472 1479 3604 1535 Non
3654 1482 3858 1554 lngus

2282 1568 2425 1623 dedit
2456 1568 2597 1622 vobis
2630 1584 2839 1639 panem,
2873 1568 2964 1623 sed
2991 1567 3156 1623 Pater
3185 1586 3329 1625 meus
3359 1571 3453 1626 dat
3495 1574 3646 1627 vobis
3678 1592 3860 1644 panem

2283 1661 2347 1715 de
2380 1661 2507 1716 ctelo
2537 1678 2733 1717 verum.
2762 1660 2830 1715 Et
2862 1676 3075 1731 semper
3111 1661 3272 1719 Jesus
3301 1663 3386 1719 his
3412 1667 3508 1735 qui
3541 1682 3737 1722 secum
3768 1685 3860 1739 pa-

2284 1753 2416 1808 riter
2444 1763 2611 1824 agunt
2661 1752 3028 1818 festivitatem,
3069 1753 3341 1825 accipiens
3381 1772 3583 1826 panem
3625 1775 3657 1813 a
3704 1758 3861 1815 Patre

2283 1846 2483 1917 gratias
2512 1845 2640 1918 agit,
2672 1855 2726 1902 et
2765 1845 2986 1917 frangit,
3017 1854 3073 1901 et
3110 1847 3202 1902 dat
3241 1848 3526 1919 discipulis
3554 1854 3857 1907 secundum

2281 1937 2427 2006 quod
2458 1937 2838 2007 unusquisque
2862 1951 3052 1993 eorum
3082 1938 3227 2007 capit
3259 1940 3540 2009 accipere;
3572 1950 3629 1995 et
3659 1942 3762 1996 dat
3783 1942 3860 1996 di-

2281 2044 2413 2085 cens
2446 2048 2460 2085 :
2492 2030 2748 2099 Accipite,
2774 2038 2823 2083 et
2848 2028 3162 2083 manducata
3191 2031 3266 2096 “;
3295 2038 3352 2085 et
3374 2032 3621 2087 ostendit
3643 2035 3859 2102 quando

2279 2138 2375 2179 eos
2428 2123 2531 2178 hoc
2579 2139 2719 2193 pane
2765 2124 2959 2189 nutrit,
2993 2124 3271 2193 proprium
3317 2137 3440 2178 esse
3474 2138 3709 2194 corpus,
3737 2142 3855 2181 cum

2280 2214 2352 2270 sit
2398 2214 2515 2284 ipse
2555 2213 2812 2281 Verbum,
2839 2215 2985 2286 quod
3018 2224 3072 2271 et
3101 2230 3247 2271 nunc
3277 2214 3657 2269 necessarium
3696 2216 3857 2285 habe-

2279 2322 2424 2373 mus,
2456 2316 2510 2362 et
2555 2322 2679 2362 cum
2728 2307 2892 2362 fuerit
2942 2308 2997 2363 in
3047 2321 3212 2377 regno
3252 2305 3345 2362 Dei
3381 2307 3670 2378 impletum
3722 2311 3855 2366 :sed

2278 2411 2426 2452 nunc
2472 2398 2692 2468 quidem
2737 2397 2979 2453 nondum
3029 2398 3307 2468 impletum
3334 2438 3350 2465 ,
3379 2406 3514 2455 tunc
3540 2410 3733 2456 autem
3763 2402 3856 2457 im-

2280 2488 2507 2558 pletum,
2536 2504 2660 2545 cum
2692 2504 2793 2546 nos
2825 2490 3113 2560 praeparati
3140 2490 3403 2547 fuerimus
3429 2491 3498 2545 ad
3528 2494 3854 2564 capiendum

2277 2582 2484 2650 paSe‘ba
2540 2582 2795 2652 plenum,
2844 2583 2988 2652 quod
3032 2584 3180 2639 venit
3226 2594 3285 2640 ut
3328 2586 3594 2656 impleat,
3627 2588 3727 2658 qui
3754 2604 3857 2644 non

2278 2674 2425 2728 venit
2468 2674 2678 2730 solvere
2720 2674 2916 2745 legem,
2956 2675 3049 2730 sed
3100 2676 3415 2748 adimplere.
3453 2677 3526 2733 Et
3558 2695 3713 2734 nunc
3741 2683 3858 2752 qui-

2274 2763 2397 2817 dem
2433 2763 2657 2834 implere
2686 2764 2844 2834 quasi
2880 2779 2975 2834 per
3022 2767 3301 2837 speculum
3342 2768 3397 2822 in
3440 2768 3743 2840 aenigmate
3766 2770 3859 2824 im-

2274 2855 2577 2925 pletionis:
2628 2864 2761 2912 tunc
2812 2870 2994 2913 autem
3041 2857 3182 2915 facie
3229 2860 3285 2914 in
3342 2859 3544 2916 faciem
3611 2862 3857 2934 implere,

2273 2962 2399 3002 cum
2425 2948 2634 3003 venerit
2661 2949 2805 3019 quod
2845 2948 3142 3020 perfectum
3167 2950 3355 3018 est..Si
3387 2968 3521 3024 ergo
3549 2963 3607 3008 et
3632 2969 3738 3010 nos
3770 2969 3859 3010 vo-

2273 3038 2456 3097 lumus
2506 3056 2702 3111 panem
2752 3041 3143 3098 benedictionis
3193 3042 3438 3111 accipere
3481 3045 3554 3100 ab
3598 3043 3731 3102 Jesu
3770 3046 3858 3119 qui

2273 3143 2567 3190 consuetus
2595 3143 2679 3190 est
2707 3150 2830 3191 eum
2856 3135 3006 3202 dare,
3040 3150 3228 3192 eamus
3257 3135 3309 3190 in
3350 3137 3635 3193 civitatem
3673 3139 3732 3196 in
3758 3142 3855 3197 do-

2272 3241 2422 3280 mum
2449 3226 2756 3296 cujusdam,
2792 3225 2887 3280 ubi
2915 3225 3045 3281 facit
3083 3223 3240 3282 .lesus
3286 3228 3493 3296 pascha
3527 3244 3659 3284 cum
3697 3231 3857 3286 disci-

2269 3318 2413 3388 pulis
2470 3318 2587 3373 suis
2634 3317 3067 3388 prteparantibus
3116 3320 3289 3388 ipsum
3338 3320 3487 3375 notis
3540 3321 3761 3391 ipsius,
3808 3333 3856 3377 et

2270 3410 2628 3465 ascendamus
2654 3408 2721 3463 ad
2752 3409 3087 3477 superiorem
3119 3416 3323 3477 partem
3348 3409 3553 3465 domus
3577 3426 3851 3483 magnam,

2269 3508 2324 3557 et
2368 3509 2619 3565 stratam,
2649 3508 2704 3553 et
2747 3507 3128 3569 praeparatam,
3164 3499 3255 3553 ubi
3296 3500 3580 3569 accipiens
3625 3517 3659 3556 a
3700 3501 3852 3556 Patre

2268 3592 2515 3658 calicem,
2560 3600 2615 3646 et
2656 3591 2859 3663 gratias
2910 3586 3111 3661 agens,
3158 3591 3249 3646 dat
3290 3592 3371 3647 eis
3422 3593 3523 3663 qui
3569 3609 3702 3649 cum
3741 3596 3851 3666 ipso

2268 3683 2639 3749 ascenderint,
2671 3684 2858 3737 dicens
2892 3700 2904 3736 :
2953 3681 3157 3749 Bibite,
3198 3683 3326 3752 quia
3367 3684 3454 3736 Iu'c
3502 3694 3583 3738 est
3636 3688 3849 3755 sanguis

2266 3793 2410 3832 meus
2456 3778 2573 3830 novi
2624 3775 2921 3830 testamenti
2945 3776 3008 3841 “,
3035 3776 3129 3846 qui
3176 3784 3232 3830 et
3270 3775 3478 3830 bibitur
3519 3786 3579 3831 et
3618 3775 3847 3833 eﬂ'undi-

2268 3879 2354 3926 tur
2383 3888 2396 3924 :
2428 3870 2626 3924 bibitur
2659 3869 2878 3939 quidem
2931 3884 2962 3923 a
3016 3869 3318 3939 discipulis,
3343 3870 3651 3925 effunditur
3670 3881 3841 3926 antea)

2266 3961 2321 4015 in
2352 3961 2730 4017 remissionem
2756 3970 3104 4030 peccatorum
3141 3961 3567 4016 commissorum
3599 3963 3674 4017 ah
3707 3963 3787 4019 eis
3814 3978 3843 4016 a

2264 4053 2465 4124 quibus
2489 4052 2695 4106 bibitur
2718 4060 2771 4106 et
2809 4051 3124 4107 etl‘unditur.
3154 4051 3213 4106 Si
3241 4061 3424 4107 autem
3463 4054 3677 4123 quaeris
3711 4070 3844 4124 quo-

2262 4148 2427 4201 modo
2470 4146 2635 4200 etiam
2688 4144 3015 4208 etl‘unditur,
3070 4145 3281 4200 discute
3337 4160 3460 4199 eum
3518 4146 3630 4200 hoc
3682 4146 3843 4201 verbo

2261 4238 2423 4291 etiam
2458 4236 2605 4306 quod
2637 4236 2898 4305 scriptum
2935 4245 3019 4291 est
3047 4236 3092 4268 ¹¹⁶
3131 4255 3142 4291 :
3177 4235 3445 4301 Quoniam
3475 4237 3719 4291 charitas
3749 4236 3841 4293 Dei

2258 4323 2428 4392 effusa
2456 4336 2531 4377 est
2561 4325 2615 4378 iu
2643 4324 2890 4377 cordibus
2936 4326 3154 4380 nostris.
3184 4325 3242 4379 Si
3287 4337 3469 4380 autem
3508 4329 3745 4398 sanguis
3767 4338 3840 4384 te.

2259 4414 2515 4469 stamenti
2544 4413 2759 4470 infusus
2781 4415 2941 4469 estin
2971 4417 3133 4470 corda
3164 4425 3349 4472 nostra
3378 4417 3432 4471 in
3458 4420 3839 4476 remissionem

579 4517 669 4586 qui
714 4515 1113 4570 manducauerit
1164 4532 1352 4585 panem
1378 4517 1433 4568 in
1469 4531 1623 4586 regno
1656 4515 1769 4569 Dei.
1797 4514 1939 4584 Ergo
1966 4514 2158 4584 imple-
2186 4520 2237 4580 Ι)
2262 4516 2608 4576 peccatorum
2642 4516 2978 4573 nostrorum,
3001 4506 3174 4563 etl‘uso
3206 4523 3273 4563 ρο
3310 4508 3532 4578 potabili
3574 4512 3838 4582 sanguine

579 4607 725 4660 bitur
748 4606 803 4660 in
835 4620 1004 4677 regno
1034 4606 1125 4661 Dei
1155 4607 1261 4661 hoe
1302 4607 1534 4678 pascha,
1566 4616 1620 4661 et
1645 4606 1997 4661 manducabit
2026 4620 2153 4661 cum

578 4697 739 4752 Jesus
790 4714 914 4753 cum
962 4698 1249 4769 discipulis
1297 4701 1433 4765 suis,
1464 4709 1534 4757 .et
1581 4699 1756 4766 bibet;
1801 4707 1855 4754 et
1895 4698 2154 4769 quoniam

575 4790 724 4860 quod
748 4790 877 4845 dicit
899 4789 1193 4860 Apostolus
1214 4791 1236 4821 ⁸
1261 4807 1274 4843 :
1323 4790 1490 4845 Nemo
1518 4807 1604 4844 vos
1632 4791 1836 4860 judicet
1866 4792 1922 4843 in
1955 4806 2073 4844 esca
2104 4801 2154 4845 et

577 4884 631 4934 in
669 4892 818 4948 potu,
847 4890 902 4936 et
938 4890 1163 4947 caetera,
1194 4898 1311 4953 quin
1339 4894 1459 4937 sunt
1497 4882 1684 4935 umbra
1713 4883 2032 4951 futurorum,
2068 4897 2153 4936 re-

575 4974 902 5029 velationem
951 4973 1112 5028 habet
1161 4976 1227 5029 ad
1273 4973 1456 5028 futura
1503 4973 1761 5044 mysteria
1809 4974 1876 5028 de
1916 4973 2056 5028 eScis
2101 4983 2154 5027 et

574 5063 793 5134 potibus
818 5063 1173 5132 spiritalibus,
1208 5077 1442 5133 quorum
1472 5064 1664 5118 umbra
1691 5063 1911 5117 fuerunt
1935 5077 2055 5131 quae
2086 5061 2154 5117 de

573 5155 715 5211 escis
745 5163 799 5211 et
833 5156 1051 5226 potibus
1078 5155 1134 5209 in
1166 5155 1282 5226 lege
1310 5153 1529 5210 inierant
1557 5157 1777 5226 scripta.
1805 5153 2152 5209 Manifestum

571 5257 656 5303 est
680 5256 860 5303 autem
888 5247 1147 5318 quoniam
1181 5262 1364 5301 veram
1411 5262 1592 5302 escam
1640 5256 1696 5302 et
1730 5262 1919 5301 verum
1963 5255 2149 5316 potum

574 5339 1028 5395 manducabimus
1060 5349 1115 5394 et
1141 5339 1390 5395 bibemus
1423 5339 1477 5393 in
1516 5354 1681 5409 regno
1711 5338 1839 5405 Dei,
1873 5338 2147 5394 aedifican-

575 5441 656 5485 tes
688 5446 784 5499 per
814 5446 878 5485 ea
909 5443 963 5487 et
993 5431 1364 5487 confer-tantes
1402 5432 1744 5486 verissimam
1774 5430 1919 5485 illam
1952 5431 2141 5485 vitam.

643 5547 666 5578 ³
694 5544 882 5602 Matth.
918 5547 1176 5611 xxvt,29.
1255 5549 1276 5581 ³
1305 5547 1436 5603 Luc.
1475 5564 1610 5613 χχιι,
1647 5547 1733 5602 15.
1809 5546 1830 5578 ⁸
1858 5546 2054 5617 Philip.
2090 5562 2149 5610 ll,
2180 5545 2290 5602 6-8.
2371 5546 2393 5577 ⁸
2419 5543 2577 5599 Rom.
2608 5542 2833 5609 x1v,l7.
2909 5543 2930 5574 °
2952 5541 3202 5613 Joan.tv,
3228 5545 3315 5599 54.

643 5614 834 5670 lotoss.
868 5634 927 5673 ιι.
985 5619 1072 5673 16.
1108 5619 1194 5672 17.
1297 5620 1318 5650 θ
1352 5619 1541 5672 Matth.
1578 5633 1727 5673 xxvi.
1756 5616 1847 5673 26.
1895 5616 1986 5672 27.
2101 5619 2143 5649 ίο
2178 5617 2312 5673 Gen.
2355 5631 2547 5673 xxvnt.
2580 5614 2770 5668 20-22.
2880 5614 2922 5646 “
2957 5630 3030 5673 vt.
3056 5616 3146 5670 32.
3255 5617 3298 5648 ⁹²

2226 5634 2312 5672 en.
2355 5634 2547 5681 xxvm,
2581 5634 2770 5668 zu-zz.

1360 5689 1404 5721 ¹⁸
1432 5688 1589 5743 Rom.
1622 5704 1677 5755 v,
1706 5688 1759 5743 5.
1836 5689 1878 5720 ιδ
1902 5687 2092 5742 Matth.
2126 5704 2271 5755 xxvi,
2293 5686 2383 5742 27.

571 5614 595 5648 ⁸
621 5614 834 5670 Coloss.
868 5634 927 5682 Il,
985 5619 1072 5682 16,
1108 5619 1194 5672 17.

572 5684 618 5718 ⁸³
642 5684 835 5740 Matth.
868 5702 1015 5753 xxvr,
1047 5688 1135 5753 27,
1168 5688 1258 5745 28.

1297 5620 1318 5650 ⁸
1352 5619 1541 5672 Matth.
1578 5633 1727 5679 xxvi,
1756 5616 1847 5681 26,
1895 5616 1986 5672 27.

2261 4596 2316 4652 in
2341 4597 2505 4652 corda
2538 4608 2746 4662 nostra,
2780 4598 3128 4653 remittuntur
3151 4608 3205 4654 et
3232 4599 3483 4655 delentur
3503 4604 3695 4658 omnia
3721 4617 3837 4674 qua

2262 4692 2534 4762 gessimus
2561 4702 2686 4747 ante
2717 4702 2959 4762 peccata.
2990 4693 3109 4762 Ipse
3145 4703 3328 4749 autem
3366 4694 3461 4765 qui
3491 4707 3721 4767 accepto
3747 4711 3835 4752 α-

2262 4780 2364 4836 lice
2391 4780 2525 4841 dicit
2551 4782 2594 4812 "
2619 4798 2631 4833 :
2670 4780 2845 4836 Bibite
2871 4798 2937 4837 ex
2968 4784 3064 4837 hoc
3092 4800 3299 4851 omnes,
3326 4786 3488 4841 nobis
3523 4786 3835 4843 bibentibus

2262 4889 2369 4927 non
2394 4860 2623 4929 discedit
2646 4866 2684 4928 a'
2714 4874 2890 4939 nobis,
2921 4878 3016 4931 sed
3061 4876 3197 4931 bibit
3225 4892 3350 4932 eum
3392 4877 3681 4933 nobiscum
3708 4894 3827 4934 cum

2257 4966 2328 5021 sit
2378 4967 2431 5020 in
2484 4967 2714 5037 singulis
2744 4968 2858 5037 ipse
2903 4970 3203 5038 :quoniam
3245 4974 3354 5024 non
3400 4985 3695 5039 possumus
3728 4971 3827 5026 soli

2254 5067 2308 5113 et
2336 5058 2457 5113 sine
2499 5072 2564 5112 eo
2605 5058 2691 5114 vel
2738 5059 3069 5114 manducare
3108 5060 3178 5134 de
3216 5076 3357 5131 pane
3388 5062 3505 5129 iilo,
3533 5063 3619 5117 vel
3648 5063 3825 5117 bibere

2255 5150 2324 5205 de
2346 5150 2695 5219 generatione
2742 5151 2888 5205 illius
2926 5152 3053 5207 vitis
3080 5167 3239 5208 verte.
3272 5150 3384 5209 Nec
3426 5154 3644 5210 mireris
3685 5168 3820 5224 quo-

2255 5243 2402 5298 niam
2434 5243 2549 5312 ipse
2579 5251 2665 5298 est
2693 5251 2747 5297 et
2773 5244 2964 5313 panis,
3003 5252 3059 5299 et
3094 5244 3388 5300 msttducat
3415 5246 3699 5302 nobiseum
3725 5259 3822 5315 pa-

2253 5352 2401 5401 nem,
2436 5338 2553 5407 ipse
2574 5344 2658 5392 est
2679 5346 2732 5392 et
2754 5345 2913 5407 potus
2942 5338 3309 5408 generationis
3335 5338 3404 5394 de
3437 5340 3565 5406 vite,
3598 5352 3652 5394 et
3688 5338 3819 5394 bibit

2254 5429 2563 5484 nobiseum.
2608 5425 2966 5497 Omnipotens
3011 5438 3096 5483 est
3143 5429 3289 5484 enim
3336 5427 3575 5485 Verbum
3620 5429 3732 5498 Dei,
3762 5438 3817 5485 et

3393 5546 3414 5578 ⁷
3439 5544 3571 5601 Luc.
3600 5541 3809 5609 nnis.

2880 5614 2922 5646 “
2957 5630 3030 5681 vt,
3056 5616 3146 5670 32.
3255 5617 3298 5648 “
3331 5614 3521 5671 Matth.
3555 5631 3693 5681 uvt,
3715 5613 3803 5668 ξε.

653 5798 757 5847 ’θαι
789 5798 1024 5869 Uterque
1064 5818 1165 5860 ms.
1214 5803 1383 5860 codex
1416 5801 1817 5871 habet,'currus
1862 5801 1960 5857 Dei
2014 5799 2273 5866 Verbum;
2329 5798 2424 5857 sed
2452 5797 2739 5871 legendum
2775 5797 2989 5855 videtur
3028 5815 3041 5851 :
3077 5813 3264 5868 corpus
3288 5797 3390 5854 Dei
3430 5799 3600 5856 Verbi.
