4004 6530
339 474 478 530 1737

1510 489 2169 555 COMMENTARIORUM
2213 497 2480 558 SERIES.

3479 517 3618 574 1758

334 601 569 660 diversis
607 606 1062 678 appellationibus
1104 625 1474 687 nuncupatur,
1511 628 1566 675 et
1605 620 1922 680 innumera-
1951 624 2154 690 Adum
2205 625 2545 700 Scripturam
2600 646 2701 701 pro
2754 631 2912 688 nobis
2967 634 3224 692 omnibus
3275 634 3438 694 Pater
3480 639 3623 697 Filio

337 695 465 753 bilis
512 708 598 755 est
638 699 758 771 ipse
814 705 1116 762 secundum
1169 709 1574 768 multitudinem
1631 715 1920 783 virtutum,

333 805 462 874 eum
488 791 560 848 sit
589 795 771 852 omnis
792 797 967 855 virtus
1003 816 1146 858 unus
1191 813 1246 858 et
1296 803 1432 874 ipse.
1462 805 1667 863 Deinde
1696 809 1925 867 docebat

331 866 634 958 discipulos
671 891 765 961 qui
808 891 1160 952 festivitatem
1201 898 1611 956 celebraverunt
1649 919 1772 958 cum
1810 903 1922 960 Ma-

334 979 529 1050 gistro,
557 987 611 1036 et
633 997 960 1055 acceperant
999 989 1394 1048 benedictionis
1433 1009 1652 1064 panem,
1685 1005 1739 1051 et
1762 1013 1922 1052 man-

334 1068 670 1128 ducarerant
699 1089 900 1146 corpus
933 1075 1119 1146 Verbi,
1161 1089 1215 1134 et
1250 1080 1499 1139 biberant
1540 1085 1763 1142 calicem
1797 1103 1923 1159 gra-

333 1160 532 1216 tiarum
565 1164 833 1233 actionis,
884 1185 984 1238 pro
1020 1170 1105 1226 his
1135 1173 1394 1231 omnibus
1445 1176 1708 1248 hymnum
1741 1180 1921 1236 dicere

328 1248 498 1317 Patri,
530 1262 583 1308 et
610 1254 676 1309 de
713 1257 822 1312 alto
856 1261 1089 1316 transire
1115 1261 1170 1316 in
1209 1263 1377 1318 altum
1405 1283 1418 1320 :
1452 1267 1579 1336 quia
1611 1267 1782 1323 fidelis
1810 1286 1918 1325 non

327 1350 506 1411 potest
551 1344 848 1416 aliquando
894 1351 1101 1422 aliquid
1147 1369 1307 1424 agere
1354 1357 1411 1412 in
1461 1360 1739 1428 convalle;
1789 1378 1917 1432 pro-

325 1443 512 1504 pterea
545 1440 906 1498 ascenderunt
936 1444 989 1500 in
1025 1455 1265 1502 montem
1292 1447 1510 1520 Olivcti,
1547 1452 1601 1507 in
1631 1469 1741 1524 quo
1777 1471 1916 1512 una-

324 1542 557 1600 quaeque
602 1532 744 1588 oliva
779 1536 939 1605 quasi
984 1539 1152 1595 arbor
1201 1540 1407 1599 faciens
1456 1543 1694 1610 fructum
1735 1548 1916 1605 dicere

325 1629 550 1688 potest:
590 1621 701 1694 Ego
730 1637 909 1682 autent
942 1631 1082 1686 sicut
1130 1633 1270 1688 oliva
1315 1635 1601 1708 fructifera
1653 1641 1708 1695 in
1757 1643 1914 1698 domo

327 1709 425 1765 Dei
449 1713 514 1768 “.
548 1713 606 1770 Et
645 1717 738 1787 qui
766 1721 1006 1777 nondum
1040 1735 1170 1781 sunt
1200 1726 1330 1784 facti
1363 1733 1522 1802 quasi
1553 1734 1694 1791 oliva
1721 1735 1914 1794 fructi-

324 1800 435 1859 {era
463 1805 629 1877 900
657 1810 712 1864 in
758 1810 923 1868 domo
977 1815 1090 1883 Dei,
1137 1821 1231 1875 sed
1266 1800 1396 1878 sunt
1423 1824 1603 1882 adhuc
1633 1831 1789 1898 quasi
1817 1849 1913 1886 no-

323 1899 458 1954 uella
492 1903 752 1961 olivarum
797 1910 852 1964 in
891 1911 1120 1968 circuitu
1172 1933 1367 1973 mensa:
1412 1920 1456 1952 ¹⁷
1497 1922 1759 1992 spiritalis
1806 1924 1911 1981 Pa-

2030 719 2192 776 unico
2231 736 2340 776 non
2388 723 2648 793 pepercit,
2683 723 2776 778 sed
2824 724 3045 780 tradidit
3074 739 3199 780 eum
3236 742 3338 798 pro
3381 730 3540 788 nobis
3573 734 3623 767 “

2028 806 2082 861 in
2134 810 2466 879 passionem,
2503 820 2564 866 ut
2612 810 2679 866 ad
2733 813 3006 868 modicum
3060 814 3444 889 dispergantur
3485 839 3618 880 oves

2024 902 2204 972 gregis
2236 904 2554 959 scandalum
2588 905 2754 974 passi,
2787 915 2910 976 post
2940 907 3042 962 hoc
3070 918 3251 964 autem
3279 927 3619 984 congregetu-

2023 998 2114 1044 tur
2137 1007 2168 1046 a
2203 1005 2520 1066 resurgcnte
2546 996 2785 1064 Christo,
2819 1009 2872 1054 et
2901 1000 3240 1069 pmcedente
3266 1018 3360 1058 eos
3385 1007 3439 1058 in
3470 1005 3618 1062 Gali-

2023 1083 2202 1151 laeam,
2237 1087 2331 1157 qui
2365 1104 2424 1145 se
2465 1091 2619 1160 sequi
2650 1091 2925 1147 voluerint
2962 1092 3018 1147 in
3063 1091 3367 1162 Galilaram,
3396 1109 3456 1152 ut
3484 1115 3616 1170 gen-

2023 1177 2158 1234 tium
2189 1181 2421 1250 populus
2457 1183 2549 1252 qui
2579 1185 2804 1240 sedebat
2833 1186 2885 1242 in
2919 1185 3179 1250 tenebris,
3221 1187 3401 1244 videat
3432 1191 3616 1247 lumen

2021 1286 2305 1342 magnum,
2337 1284 2391 1329 et
2423 1277 2518 1346 qui
2570 1277 2624 1332 in
2675 1279 2896 1351 regione
2942 1290 2996 1336 et
3031 1281 3225 1337 umbra
3265 1283 3483 1349 mortis,
3523 1286 3618 1340 lux

2018 1363 2100 1418 eis
2131 1365 2342 1420 oriatur
2372 1369 2439 1424 ".

2089 1455 2178 1511 88.
2211 1456 2542 1529 Respondens
2585 1474 2765 1518 autem
2798 1461 2988 1520 Petrus
3036 1466 3176 1521 dixit
3208 1469 3258 1523 ei
3291 1485 3310 1522 :
3344 1469 3404 1524 Si
3434 1487 3612 1526 omnes

2017 1547 2374 1603 scandalisnti
2423 1551 2653 1619 fuerint,
2701 1571 2796 1625 ego
2856 1573 3126 1628 nunquam
3176 1561 3610 1619 scandalizabor.

2015 1636 2167 1691 Dixit
2197 1640 2246 1692 ei
2277 1641 2434 1695 Iesus
2466 1658 2484 1696 :
2513 1647 2675 1700 Amen
2706 1648 2824 1700 dico
2869 1649 2986 1716 tibi,
3014 1651 3267 1720 quoniam
3293 1654 3348 1707 in
3374 1655 3477 1709 ista
3511 1673 3608 1710 no-

2010 1739 2113 1794 cte,
2145 1731 2458 1803 priusquam
2504 1737 2680 1807 gallus
2729 1750 2925 1806 cantet,
2963 1751 3044 1797 ter
3078 1759 3160 1798 me
3193 1747 3426 1816 negabis.
3453 1747 3611 1804 Dixit

2011 1825 2062 1886 ei
2099 1824 2289 1882 Petrus
2322 1845 2341 1882 :
2382 1828 2499 1883 Etsi
2547 1835 2840 1902 oportuerit
2887 1853 2968 1890 me
2997 1846 3166 1891 tecum
3212 1839 3370 1906 mori,
3415 1856 3521 1894 non
3557 1852 3608 1896 te

2013 1913 2232 1986 negabo.
2290 1919 2552 1978 Similiter
2595 1937 2644 1980 et
2702 1945 2879 1982 omnes
2927 1930 3181 2001 discipuli
3234 1932 3485 1988 dixerunt
3533 1935 3600 1990 ".

320 1991 420 2046 tris
449 1994 556 2061 sui,
587 2012 814 2066 possunt
836 2017 959 2058 esse
997 2005 1050 2059 in
1082 2015 1266 2062 monte
1290 1991 1618 2077 Oliveti,ide
1646 2031 1756 2086 quo
1785 2032 1908 2086 pro-
1945 2003 1984 2057 Β
2015 2008 2154 2066 υἱοὶι
2186 2014 2481 2082 Apostolus
2510 2016 2563 2072 in
2601 2018 2838 2090 Epistula
2875 2021 2941 2076 ad
2980 1991 3255 2080 Rotnanos
3283 2026 3326 2055 "
3360 2043 3378 2081 ε
3410 2023 3473 2080 δί
3506 2043 3606 2081 αα-

317 2082 506 2152 phetat
531 2098 584 2141 et
617 2087 929 2150 Zacharias.
956 2094 1020 2150 Et
1054 2113 1217 2167 quam
1248 2111 1372 2170 apte
1410 2118 1568 2160 mons
1597 2082 1909 2162 misericor-

318 2175 423 2231 dia:
454 2187 538 2234 est.
576 2182 779 2240 elecws
800 2228 815 2253 ,
847 2188 938 2242 ubi
978 2192 1430 2258 pronuntiaturus
1464 2194 1641 2252 fuerat
1675 2200 1904 2256 scanda-

318 2267 430 2324 lum
479 2271 815 2333 infirmitatis
858 2279 1253 2351 discipulorum
1304 2302 1530 2343 suorum
1567 2308 1580 2344 :
1615 2293 1745 2360 quia
1795 2309 1902 2349 non

314 2364 538 2431 optabat
572 2376 632 2422 ut
667 2369 838 2439 fieret,
878 2373 970 2428 sed
1003 2377 1394 2444 pronuntiabat
1424 2382 1570 2452 quod
1603 2393 1721 2438 erat
1753 2383 1900 2440 futu-

313 2471 459 2524 rum,
486 2458 600 2529 jam
645 2471 774 2519 tunc
809 2477 1148 2537 praeparatus
1176 2487 1284 2526 non
1328 2483 1387 2529 ut
1425 2477 1707 2546 repelleret
1737 2479 1904 2536 disci-

312 2549 473 2618 pulos
501 2551 913 2622 descendentes,
955 2561 1050 2616 sed
1093 2573 1152 2618 ut
1199 2565 1466 2636 reciperet
1499 2579 1899 2627 convertentes.

382 2641 473 2699 87.
509 2643 654 2700 Tunc
684 2649 813 2704 dicit
848 2653 925 2707 eis
957 2652 1115 2710 Iesus
1155 2673 1174 2711 :
1205 2656 1397 2714 Omnes
1444 2677 1532 2715 vos
1583 2665 1898 2718 scandalum

308 2735 588 2803 patiemini
618 2741 670 2793 in
702 2758 781 2796 me
812 2743 910 2798 hac
941 2756 1108 2802 nocte.
1141 2747 1409 2821 Scriptum
1435 2767 1512 2808 est
1545 2756 1684 2809 enim
1707 2773 1726 2812 :
1765 2756 1899 2813 Pcr-

309 2828 511 2883 cutiam
541 2843 831 2900 pastorem,
867 2848 913 2892 et
943 2839 1311 2912 dispergentur
1354 2861 1470 2900 oves
1518 2849 1712 2917 gregis.
1763 2847 1898 2903 Cum

306 2927 487 2974 autent
535 2937 844 2994 surrexere,
897 2931 1196 2997 prwcedam
1249 2949 1337 2988 eos
1393 2935 1446 2988 in
1504 2935 1786 2992 Galilaeam
1830 2940 1894 2992 “'.

310 3009 414 3077 Qui
443 3015 907 3088 scandalizantur,
942 3037 1050 3076 non
1093 3023 1146 3078 in
1177 3024 1264 3081 die
1301 3027 1762 3098 scandalizantur,
1799 3033 1894 3089 sed

311 3100 366 3156 in
404 3115 584 3173 nocte,
609 3118 663 3164 et
692 3109 744 3164 in
775 3120 933 3167 nocte
977 3113 1069 3169 illa
1107 3116 1160 3171 in
1195 3119 1588 3188 qua.proditur
1617 3121 1891 3179 Christus.

308 3194 402 3250 Sic
433 3197 578 3253 enim
617 3209 671 3255 et
702 3199 898 3260 Petrus
931 3205 1240 3278 denegans,
1283 3225 1392 3265 non
1428 3211 1481 3267 in
1522 3213 1609 3268 die
1640 3214 1890 3286 denegat,

301 3287 399 3343 sed
438 3289 494 3344 in
531 3303 712 3360 nocte,
743 3303 798 3350 et
829 3295 884 3350 in
919 3307 1080 3354 nocte
1123 3301 1210 3356 cui
1255 3303 1499 3358 nondum
1549 3305 1886 3376 propinqua-

2013 2110 2116 2156 tem
2167 2103 2303 2158 Deus
2335 2122 2515 2174 verax,
2561 2112 2731 2164 omnis
2751 2122 2955 2167 Δ,(ιιιιεηι
3002 2112 3156 2168 homo
3187 2115 3436 2183 mendax,
3466 2117 3604 2172 sicut

2010 2194 2266 2264 scriptum
2319 2207 2446 2263 est;
2500 2215 2607 2254 non
2662 2202 2986 2274 praecipiens
3041 2219 3260 2261 omnem
3323 2207 3600 2264 hominem

2009 2286 2125 2341 fieri
2159 2288 2498 2356 mendacem,
2547 2293 2642 2348 sed
2684 2297 3047 2365 pronuntians
3095 2313 3219 2353 esse
3250 2299 3599 2369 'mendacem,

2006 2379 2220 2447 psalmo
2254 2382 2468 2439 dicente
2491 2386 2537 2417 ’⁸
2564 2403 2577 2439 :
2613 2385 2722 2457 Ego
2754 2387 2870 2441 dixi
2894 2389 2946 2442 in
2974 2405 3188 2444 excessu
3212 2391 3402 2445 mentis
3433 2407 3598 2447 mea:

2011 2471 2199 2528 Omnis
2234 2473 2389 2529 homo
2435 2477 2683 2531 mendax.
2721 2476 2822 2534 Hic
2865 2487 3046 2534 autem
3091 2477 3318 2546 Petrus,
3369 2482 3600 2538 audiens

2007 2557 2344 2619 Salvatorem
2377 2565 2646 2621 dicentem
2678 2585 2691 2620 :
2731 2566 2923 2622 Omnes
2955 2585 3043 2624 vos
3083 2570 3398 2626 scandalum
3428 2573 3599 2641 patie-

2005 2655 2137 2709 mini
2163 2655 2220 2708 in
2251 2671 2330 2710 me
2361 2658 2462 2711 hac
2491 2667 2660 2726 nocte,
2695 2658 2988 2715 Dominum
3017 2670 3266 2716 nostrum
3308 2662 3596 2732 proﬁteba-

2001 2757 2092 2804 tur
2118 2749 2297 2806 facere
2327 2753 2643 2808 mendacem
2678 2768 2774 2822 per
2805 2769 2868 2809 ea
2903 2769 3026 2825 qua:
3053 2755 3157 2810 sibi
3201 2756 3482 2812 conlidens
3507 2757 3596 2812 di-

1998 2840 2158 2896 cebat
2191 2859 2204 2894 :
2239 2840 2300 2896 Si
2326 2858 2505 2896 omnes
2539 2844 2895 2899 scandalizati
2933 2846 3155 2912 fuerint,
3181 2863 3273 2917 ego
3303 2864 3407 2902 non
3441 2854 3594 2903 scan;

2001 2927 2314 2995 dalizabor,
2368 2945 2478 2985 non
2524 2934 2880 2990 considerans
2925 2938 3186 3006 quoniam
3249 2939 3342 3008 qui
3392 2940 3531 2996 dixit
3576 2959 3589 2995 :

2002 3018 2114 3091 Ego
2161 3037 2279 3074 sunt
2322 3023 2518 3077 veritas
2568 3025 2634 3090 ⁸⁸,
2668 3027 2886 3080 tnentiri
2921 3042 3029 3082 non
3077 3038 3307 3098 poterat.
3361 3028 3593 3100 Propter

2001 3115 2125 3178 hoc,
2161 3116 2322 3171 sicuti
2347 3117 2623 3185 existimo,
2652 3133 2845 3176 omnes
2875 3123 3094 3192 quidem
3135 3122 3391 3194 discipuli
3426 3138 3589 3180 scan-

1996 3206 2216 3267 dalirati
2251 3218 2381 3264 sunt
2426 3218 2639 3265 tantum
2683 3211 2738 3265 in
2781 3211 3007 3280 Jesum;
3038 3212 3231 3272 Petrus
3259 3224 3462 3283 autem,
3492 3215 3590 3286 qui

1997 3299 2332 3356 existimavit
2368 3303 2684 3358 mendacem
2728 3320 2887 3373 posse
2933 3305 3111 3362 facere
3141 3307 3446 3376 veritatem,
3477 3324 3587 3364 non

301 3391 456 3438 verat
509 3385 624 3450 lux,
659 3396 787 3443 ante
819 3400 1041 3446 cantum
1091 3393 1240 3449 enim
1293 3395 1418 3466 galli
1463 3369 1669 3470 "eg-at:
1683 3398 1740 3454 Si
1765 3369 1889 3470 quis
1919 3369 1963 3432 Ο
1996 3400 2206 3448 tantum
2239 3396 2644 3453 scandalizatus
2671 3369 2776 3464 est,
2802 3398 2896 3455 sed
2924 3400 3089 3455 etiam
3127 3401 3421 3460 derelictus
3456 3418 3587 3474 pro-

298 3487 483 3534 autem
514 3491 723 3552 quierat
750 3488 1026 3556 quomodo
1055 3499 1178 3560 post
1212 3502 1358 3548 tanta
1384 3501 1438 3550 et
1466 3494 1594 3551 talia
1624 3496 1802 3567 signa,
1838 3508 1893 3554 et

301 3572 568 3646 prodigia,
595 3584 650 3630 et
673 3592 956 3635 sermones
981 3596 1091 3636 non
1121 3599 1185 3639 ex
1217 3583 1466 3641 inferiori
1497 3587 1697 3644 virtute
1722 3605 1889 3660 quam

299 3677 366 3718 ex
395 3680 501 3735 qua
524 3666 665 3726 faeta
700 3669 917 3728 fuerant
949 3675 1105 3746 signa
1130 3679 1468 3749 etprodigia,
1499 3679 1697 3747 dictos,
1723 3699 1888 3738 scan-

296 3758 608 3818 dalizentur
632 3764 882 3836 discipuli
916 3783 929 3820 :
967 3769 1106 3824 sciat
1148 3771 1278 3840 quia
1322 3773 1436 3828 vult
1478 3775 1765 3833 ostendere
1793 3794 1890 3849 per

300 3853 416 3912 haec
441 3872 644 3924 sermo,
667 3861 928 3930 quoniam
961 3863 1103 3917 sicut
1125 3880 1273 3918 nemo
1303 3875 1472 3935 potest
1501 3868 1672 3924 dicere
1703 3869 1889 3926 Domi-

297 3964 422 4002 num
447 3948 666 4019 Iesum,
700 3952 803 4008 nisi
847 3955 899 4008 in
937 3954 1142 4026 Spiritu
1175 3969 1356 4012 sancto
1390 3960 1453 4026 ι’,
1485 3960 1565 4015 sic
1600 3977 1760 4018 nemo
1791 3979 1889 4035 po-

299 4046 403 4097 test
434 4042 554 4098 sine
587 4046 847 4102 seandalo
873 4063 996 4103 esse
1030 4049 1150 4104 sine
1185 4048 1391 4121 Spiritu
1417 4062 1632 4109 sancto.
1653 4054 1886 4122 Quando

295 4141 480 4188 autem
515 4135 842 4206 implebatur
884 4139 1028 4208 quod
1074 4140 1286 4196 dixerat
1327 4141 1488 4199 Jesus
1521 4162 1535 4200 :
1577 4145 1769 4204 Omnes
1798 4166 1885 4212 uos

296 4228 611 4282 scandalum
645 4232 923 4300 patiemini
951 4233 1007 4287 in
1038 4251 1118 4290 me
1142 4235 1242 4290 hac
1265 4246 1433 4305 nocte,
1459 4241 1691 4296 nondum
1727 4243 1884 4298 datus

295 4330 412 4377 erat
442 4321 679 4392 Spiritus
707 4334 921 4380 sanctus
955 4328 1162 4394 adhuc,
1186 4333 1435 4400 quoniam
1465 4333 1622 4389 Iesus
1653 4337 1885 4390 nondum

294 4413 470 4483 fuerat
511 4415 892 4485 honori/iectus
920 4418 988 4471 '°.
1026 4417 1139 4475 Nos
1182 4430 1364 4478 autem
1411 4433 1700 4496 postquam
1751 4442 1885 4483 con-

295 4504 424 4562 fessi
459 4505 727 4563 fuerimus
762 4507 1055 4566 Dominum
1103 4510 1290 4569 Iesum
1335 4515 1389 4570 in
1429 4516 1635 4588 Spiritu
1671 4531 1881 4589 sancto,

291 4599 553 4668 quoniam
584 4601 674 4671 qui
707 4599 912 4672 Spiritu
939 4603 1036 4658 Dei
1067 4615 1317 4674 aguntur,
1340 4607 1395 4661 lii
1415 4609 1518 4678 ﬁlii
1548 4610 1644 4665 Dei
1673 4616 1880 4682 sunt“,

1994 3493 2115 3556 pter
2144 3487 2407 3544 audacem
2450 3505 2608 3546 suam
2660 3493 3119 3562 promissionem,
3165 3495 3322 3565 juxta
3354 3497 3590 3552 scanda-

1993 3579 2106 3634 lum
2133 3581 2298 3637 etiam
2325 3582 2630 3656 denegavit.
2664 3584 2728 3640 Et
2759 3587 3020 3656 quoniam
3049 3603 3157 3642 non
3185 3589 3362 3644 solum
3392 3590 3588 3645 incon-

1994 3673 2251 3742 siderate,
2288 3675 2381 3731 sed
2415 3691 2553 3746 pene
2585 3678 2751 3732 etiam
2788 3677 2954 3748 impie
2990 3677 3174 3734 dixit:
3208 3677 3279 3732 Et
3317 3680 3364 3734 si
3407 3695 3585 3736 omnes

1993 3766 2358 3822 scandalizati
2404 3769 2604 3838 fuerint
2652 3772 2707 3823 in
2754 3779 2823 3836 te,
2872 3786 2964 3841 ego
2995 3787 3100 3824 non
3146 3771 3584 3838 scandalizabor,

1995 3873 2095 3915 nec
2119 3859 2370 3931 cogitans
2397 3861 2664 3917 lubricam
2695 3872 2946 3917 naturam
2977 3863 3297 3929 humanam,
3322 3878 3583 3934 magnum

1992 3952 2220 4023 protulit
2257 3953 2506 4021 verbum,
2545 3953 2670 4010 ideo
2701 3969 2801 4009 nec
2840 3954 2907 4010 ad
2941 3955 3218 4010 modicum
3254 3966 3339 4012 est
3381 3957 3582 4015 dereli-

1989 4053 2134 4113 ctus,
2170 4054 2230 4100 ut
2259 4045 2468 4102 scilicet
2489 4047 2803 4118 denegaret,
2834 4048 2914 4103 vel
2939 4048 3107 4105 semel
3141 4050 3454 4121 denegaret,
3487 4051 3583 4107 sed

1989 4139 2360 4195 abundantius
2411 4140 2848 4211 derelinquitur,
2893 4150 2957 4196 ut
3011 4151 3094 4199 ter
3141 4142 3433 4214 denegaret
3475 4153 3585 4199 :ut

1989 4242 2253 4302 arguatur
2294 4233 2524 4289 audacia
2568 4234 2949 4304 promissionis
2986 4234 3107 4304 ejus
3149 4251 3245 4306 per
3281 4252 3447 4291 unam
3478 4253 3582 4292 an-

1987 4326 2190 4393 cillam,
2221 4336 2275 4382 et
2304 4327 2408 4382 hoc
2432 4328 2654 4381 verbum
2686 4328 3109 4398 interrogantem
3139 4337 3192 4382 et
3215 4328 3484 4385 dicentem
3499 4331 3576 4385 '°:

1989 4420 2058 4475 Et
2089 4429 2146 4474 tu
2177 4437 2295 4474 cum
2327 4419 2458 4474 Iesu
2502 4419 2729 4475 Galilwo
2761 4425 2900 4475 era's.
2949 4419 3020 4474 Et
3070 4421 3347 4492 denegavit
3397 4439 3579 4478 coram

1986 4513 2229 4568 omnibus
2255 4514 2477 4571 dicens:
2510 4512 2700 4568 Nescio
2726 4514 2854 4585 quid
2899 4515 3057 4570 dicis.
3092 4514 3162 4568 Et
3193 4518 3384 4570 iterum
3420 4515 3580 4571 dene-

1987 4609 2152 4680 gauit,
2183 4623 2291 4663 non
2320 4607 2664 4678 simpliciter,
2703 4607 2797 4663 sed
2829 4623 2948 4662 cum
2969 4608 3301 4677 juramento.
3328 4607 3394 4663 Et
3420 4608 3579 4664 tertia

293 4691 341 4748 si
377 4702 502 4763 post
540 4692 806 4765 Spiritum
853 4705 1106 4753 sanctum
1151 4701 1469 4756 scandalum
1519 4704 1668 4773 passi
1714 4705 1883 4761 fueri-
1915 4716 1958 4771 [ι
1987 4700 2104 4756 Vicc
2138 4714 2246 4754 non
2287 4700 2466 4756 δοιυῐη
2503 4714 2639 4778 ,οιιηι
2669 4701 3006 4771 juramento.
3039 4702 3134 4757 8εά
3179 4717 3305 4758 cum
3346 4701 3580 4758 δάπεδ’

293 4800 422 4840 mus
449 4794 547 4841 aut
569 4787 1044 4858 denegaverimus,
1077 4806 1186 4846 non
1225 4792 1489 4851 habemus
1510 4798 1883 4856 excusationis
1984 4793 2150 4860 ιὶοηθ,
2178 4794 2304 4864 quia
2335 4793 2510 4848 ηεδείο
2539 4793 2824 4848 hominem
2856 4791 2959 4849 Ρθι·
2995 4794 3102 4850 hoc
3139 4802 3323 4851 autem
3350 4795 3578 4851 ins‘mi‘

293 4876 499 4944 locum,
535 4881 693 4950 quasi
727 4882 1081 4938 scandalizati
1130 4885 1251 4940 sine
1277 4885 1497 4957 .Spirilu
1545 4898 1756 4954 sancto,
1787 4900 1885 4948 aut
1981 4901 2126 4954 mur,
2163 4894 2223 4942 υι
2251 4901 2532 4958 nunquam
2579 4885 2695 4954 δὶἐὶθ
2730 4885 3168 4942 consuler-"mone
3201 4885 3407 4957 aliquid
3447 4901 3578 4956 Pm‘

293 4971 623 5040 denegantes
679 4975 800 5030 sine
855 4974 1060 5046 Spiritu
1117 4987 1324 5034 sancto.
1388 4977 1456 5036 Et
1516 4980 1593 5036 illi
1659 4983 1880 5054 quidem
1980 4979 2265 5036 mittamus
2314 4995 2480 5050 super
2527 4978 2905 5034 habitudinem
2954 4989 3202 5034 nostram
3249 4979 3573 5045 humanam,

293 5063 648 5118 seandalizati
679 5073 809 5119 sunt
839 5066 999 5136 quasi
1031 5067 1212 5123 adhuc
1235 5069 1596 5127 consistentes
1620 5073 1677 5127 in
1699 5082 1879 5139 nocte,

291 5150 453 5206 nobis
478 5161 659 5206 autem
677 5153 795 5222 jam
823 5170 929 5209 nos:
961 5166 1163 5212 remota
1198 5167 1296 5224 est,
1327 5158 1438 5213 dies
1481 5170 1660 5216 autem
1683 5179 1880 5234 appro-

290 5244 564 5315 pinquavit
597 5247 666 5301 ".
699 5245 928 5317 Propter
956 5248 1101 5319 quod
1133 5248 1334 5306 dicitur
1361 5269 1374 5306 :
1401 5249 1552 5307 Sicut
1582 5254 1636 5308 in
1669 5254 1754 5310 die
1782 5255 1876 5310 ho-

290 5345 434 5392 neste
467 5337 794 5392 ambulemus
819 5340 888 5393 ³³.
921 5339 1025 5407 Qui
1056 5349 1238 5396 autem
1268 5342 1496 5400 honeSte
1524 5346 1788 5415 ambulat,
1820 5349 1876 5404 in

289 5425 412 5481 luce
456 5435 569 5494 est,
613 5443 724 5483 non
767 5428 1000 5502 denegat
1043 5430 1357 5501 Christum,
1399 5435 1526 5506 quia
1564 5453 1672 5492 non
1703 5448 1788 5495 est
1819 5441 1876 5496 in

289 5529 470 5576 nocte.
515 5520 708 5578 Adhuc
762 5530 945 5578 autem
991 5523 1115 5580 ideo
1159 5526 1234 5582 illi
1273 5527 1628 5586 scandalizati
1658 5541 1787 5588 sunt
1819 5534 1874 5589 in

289 5617 471 5680 nocte,
495 5611 639 5668 sicut
669 5610 936 5670 Dominus
964 5613 1080 5687 ipse
1106 5623 1358 5686 testatur,
1385 5621 1642 5690 quoniam
1678 5638 1877 5680 secun-

1981 5072 2143 5144 quasi
2188 5071 2286 5142 qui
2335 5072 2613 5128 valeamus
2656 5070 2862 5128 Christi
2902 5071 3128 5142 implere
3165 5069 3571 5126 confessionem

1986 5179 2054 5220 ex
2084 5163 2265 5230 nobis,
2301 5170 2397 5220 aut
2436 5163 2640 5235 aliquid
2669 5173 3064 5235 praeceptorum
3097 5161 3213 5230 Dei,
3246 5160 3576 5217 admonente

1986 5271 2087 5312 nos
2124 5256 2388 5326 Apostolo
2429 5267 2486 5314 et
2513 5258 2728 5314 dicente
2763 5257 2806 5290 “
2836 5277 2848 5312 :
2883 5255 3012 5311 Noli
3041 5256 3212 5311 altum
3251 5271 3456 5327 sapere,
3481 5255 3573 5326 sed

1987 5347 2128 5402 time.
2161 5347 2434 5405 Debuerat
2471 5350 2637 5413 enim,
2662 5359 2951 5421 postquam
2985 5348 3216 5414 audivit,
3241 5348 3371 5420 quia
3393 5364 3573 5404 omnes

1984 5455 2073 5494 vos
2090 5439 2406 5495 scandalum
2423 5442 2700 5514 patiemini
2717 5443 2772 5496 in
2790 5458 2869 5497 me
2886 5441 2984 5496 hac
3002 5449 3172 5510 nocte,
3190 5448 3246 5498 et
3263 5440 3574 5512 postulasse

1987 5530 2304 5597 Dominum,
2348 5541 2404 5589 et
2445 5534 2695 5591 dixisse:
2738 5532 2807 5588 Et
2857 5533 2905 5590 si
2958 5548 3150 5590 omnes
3215 5531 3573 5591 scandalizati

1986 5623 2186 5682 fuerint
2215 5627 2271 5681 in
2306 5634 2380 5698 te,
2419 5635 2540 5684 esto
2579 5627 2636 5683 in
2677 5643 2798 5696 me,
2826 5635 2890 5684 ut
2919 5642 3028 5683 non
3053 5641 3156 5711 ego
3180 5625 3519 5684 scandalizer
3551 5641 3565 5677 :

365 5781 410 5815 ¹⁶
432 5781 576 5839 Psal.
609 5799 684 5868 Ern,
723 5783 822 5868 ll)_._
853 5785 935 5868 __"
965 5783 1114 5841 Psal.
1141 5803 1345 5868 cx_x_vn,
1378 5789 1490 5868 _3_._
1513 5788 1559 5823 ¹⁸
1579 5789 1771 5848 Matth.
1807 5811 1897 5868 xxi

2008 5797 2073 5851 51
2113 5805 2166 5853 et
2195 5812 2349 5868 seqq.
2430 5799 2474 5831 ¹⁹
2505 5796 2676 5868 ICor.
2707 5813 2809 5863 xu,
2839 5799 2895 5854 5.
2971 5797 3018 5830 ³ο
3042 5794 3234 5868 Matth:
3271 5810 3423 5860 xxvr,
3460 5794 3566 5868 3l_;

287 5851 448 5927 Joan.
487 5870 582 5922 vn,
612 5856 701 5910 '59.
781 5857 826 5927 ’ἦ
853 5855 1013 5914 Rom.
1037 5874 1159 5927 vin,
1185 5859 1270 5913 M.

364 5925 553 6002 Matth.
611 5942 761 6002 ιξῖιν
811 5926 882 5982 53
923 5937 978 5985 ει
1013 5924 1164 6002 seqq;

288 5997 333 6028 "
364 5997 528 6056 Rom.
554 6012 633 6066 xi,
660 5995 751 6053 20.
786 6046 794 6060 ,

568 6095 845 6161 ΡΔτιιοι.
882 6097 998 6160 Gn.
1029 6097 1203 6161 XIII.

1377 5860 1423 5892 ³³
1450 5859 1612 5919 Rom.
1653 5880 1773 5931 xm,
1799 5866 1887 5921 12.

1245 5931 1290 5963 ³⁷
1339 5947 1420 6002 tu,
1467 5933 1524 5990 ι.

1603 5935 1648 5970 ³⁸
1681 5952 1806 6008 cxv,
1853 5938 1944 5995 ll.

1997 5864 2350 5934 "ibid.,l3.
2428 5869 2475 5902 “
2523 5867 2681 5926 Rom.
2739 5885 2860 5935 vtu,
2916 5869 3006 5924 32.
3111 5868 3157 5899 “
3211 5866 3318 5921 lsa.
3370 5864 3564 5935 ηυξ.

2021 5940 2067 5974 ’⁸
2093 5937 2250 5996 Joan.
2306 5955 2416 6010 xiv,
2467 5939 2522 5998 6.
2625 5941 2670 5974 ³ο
2697 5933 2887 5998 Matth.
2915 5956 3066 6012 xxvr,
3102 5937 3196 6010 69,
3225 5935 3428 6005 70,71,
3474 5933 3564 5990 7i.

3205 6100 3285 6164 55
