4004 6530
440 480 590 540 ἰ7ζ9

1643 476 1967 537 ORIGENIS
2005 476 2073 533 IN
2114 464 2532 534 MATTIUEUM

3573 477 3715 532 1740

441 611 498 656 et
527 600 668 655 dona
696 597 829 654 mihi
858 598 1127 669 praecipue
1153 598 1382 670 gratiam
1413 598 1575 663 hanc,
1606 608 1666 654 ut
1693 599 1746 653 in
1784 607 2026 670 tempore
2053 602 2097 657 Δ
2125 605 2177 653 et
2211 613 2372 651 unum
2408 594 2544 650 Elite
2565 596 2591 648 .9
2620 595 2853 651 nesciens
2886 595 3012 666 quid
3045 595 3365 667 loqueretur,
3391 595 3540 651 sicut
3564 593 3719 651 Scri-

443 706 567 746 cum
612 705 805 745 omnes
840 690 1092 760 discipuli
1139 690 1215 744 tui
1262 689 1465 745 fuerint
1506 690 1821 747 scandalum
1850 692 2019 761 passi,

438 798 540 854 ego
564 783 617 837 in
648 782 1056 854 denegationem
1090 798 1198 837 non
1237 783 1427 838 cadam
1457 799 1557 839 nec
1578 784 1647 839 ab
1680 784 1836 839 initio
1866 800 2025 840 scan-

440 875 661 931 dalizer.
702 875 758 930 Si
792 890 917 931 eum
948 877 1293 944 postulasset,
1338 874 1587 943 forsitan,
1622 876 1820 932 amotis
1852 877 1920 931 ab
1955 892 2023 932 eo

441 965 654 1021 ancillis
683 966 1005 1036 eazterisque
1053 966 1320 1022 ministris
1340 1009 1355 1033 ,
1402 982 1509 1022 non
1542 969 1881 1040 denegasset.
1914 966 2022 1023 Nec

440 1055 587 1111 enim
619 1064 830 1124 poterat
860 1056 977 1110 fieri
1006 1065 1098 1124 ut,
1132 1055 1273 1112 facta
1319 1058 1776 1130 interrogatione,
1810 1059 2022 1129 potuis-

441 1154 524 1199 set
551 1144 733 1200 dicere
768 1142 1059 1200 Dominum
1090 1143 1275 1200 Jesum
1328 1145 1381 1199 in
1434 1144 1641 1216 Spiritu
1680 1153 1890 1209 sancto,
1927 1152 2022 1198 aut

440 1236 727 1294 confessus
774 1236 987 1303 fuisset,
1035 1253 1159 1293 cum
1205 1236 1441 1308 Spiritus
1492 1245 1717 1293 sanctus
1777 1237 2017 1291 nondum

440 1330 635 1388 fuisset
660 1331 841 1388 datus.
875 1331 1095 1398 Quaeres
1125 1344 1327 1390 autem.
1351 1332 1396 1387 si
1434 1331 1693 1401 possibile
1724 1338 1921 1384 eratut
1955 1345 2021 1385 ne

438 1427 902 1486 scandalizaretur
947 1427 1113 1481 semel
1151 1426 1430 1481 Salvatore
1463 1426 1697 1490 dicente,
1728 1427 1855 1496 quia
1902 1442 2018 1478 om.—

437 1535 529 1573 nes
563 1534 653 1572 vos
685 1519 999 1572 sctmdalum
1024 1521 1301 1590 patiemini
1331 1521 1383 1573 in
1420 1536 1520 1575 me.
1562 1518 1643 1573 Ad
1673 1534 1835 1588 quam
1865 1533 2017 1586 qua:-

436 1614 668 1669 stionem
713 1613 908 1683 aliquis
946 1613 1294 1683 respondebit
1330 1612 1590 1682 quoniam
1644 1626 1866 1666 necesse
1901 1617 2020 1665 erat

431 1704 595 1777 901
638 1721 733 1762 ore
770 1706 1060 1762 verissimo
1098 1705 1446 1777 przedicente,
1495 1704 1624 1775 quia
1685 1718 1874 1759 omnes
1900 1718 2017 1759 .vos

436 1798 965 1865 scandalizabimini,
996 1798 1113 1854 fieri
1137 1798 1282 1869 quod
1306 1796 1620 1869 prazdictum
1638 1805 1755 1850 erat
1776 1795 1844 1850 ab
1863 1793 2013 1853 Jesu.

436 1890 591 1948 Alius
615 1899 796 1946 autem
841 1890 1021 1947 dicet:
1057 1891 1316 1961 quoniam
1347 1889 1441 1961 qui
1466 1897 1726 1944 exoratus
1758 1903 1786 1942 a
1809 1884 2018 1941 Ninivi-

434 1983 529 2051 tis,
557 1998 677 2054 quae
721 1982 1046 2052 praedixerat
1092 1998 1186 2053 per
1235 1981 1427 2037 Jonam
1461 1997 1569 2036 non
1622 1980 1748 2035 fecit
1795 1989 2016 2050 propter

436 2075 810 2146 pmnitentiam
842 2073 1232 2141 Ninivitarum,
1272 2075 1352 2129 sic
1389 2073 1646 2144 possibile
1689 2071 1791 2127 fuit
1832 2079 1891 2126 ut
1929 2087 2016 2127 re-

433 2168 662 2239 pelleret
692 2166 855 2221 etiam
883 2181 913 2219 a
946 2164 1107 2220 Petro
1139 2164 1456 2220 scandalum
1480 2163 1830 2235 deprecante.
1860 2158 2018 2216 Nunc

436 2268 619 2314 autem
680 2256 971 2327 promissio
1015 2256 1135 2326 ejus
1201 2256 1381 2311 audax
1433 2270 1498 2310 ex
1556 2254 1752 2310 effectu
1791 2253 2014 2324 quidem

428 2357 712 2421 prompto,
742 2364 850 2403 non
882 2360 1060 2403 tamen
1085 2348 1360 2419 prudenti,
1396 2346 1536 2403 facta
1559 2356 1645 2402 est
1671 2347 1722 2403 ei
1755 2362 1920 2402 causa
1956 2354 2018 2401 ut

430 2458 544 2497 non
570 2444 747 2499 solum
778 2443 1267 2508 scandalizaretur,
1294 2456 1482 2496 verum
1529 2441 1693 2495 etiam
1745 2450 1826 2495 ter
1853 2440 2019 2494 dene-

421 2541 604 2603 garet.
640 2532 861 2600 Quaeres
897 2533 1096 2597 adhuc,
1153 2533 1197 2587 si
1235 2525 1523 2602 postquam
1582 2531 1794 2586 audivit
1827 2530 2016 2585 Jesum

434 2627 706 2682 dicentem
740 2643 755 2680 :
792 2625 957 2680 Amen
982 2624 1100 2678 dico
1136 2625 1250 2688 tibi,
1284 2624 1593 2693 priusquam
1633 2622 1808 2693 gallus
1841 2632 2015 2676 cantet

428 2720 491 2772 in
519 2718 617 2774 hac
651 2727 919 2785 nocte,cter
951 2734 1032 2771 me
1054 2717 1265 2789 negabis
1301 2717 1381 2781 ",
1407 2730 1518 2770 non
1557 2715 1856 2770 addidisset
1892 2733 1905 2770 :
1956 2712 2015 2769 Si

437 2811 600 2880 fuerit
626 2811 755 2865 mihi
782 2812 918 2865 mori
951 2819 1141 2877 tecum,
1170 2826 1272 2862 non
1306 2818 1354 2863 te
1382 2806 1578 2878 negabo
1607 2808 1652 2839 ³⁸
1675 2825 1688 2873 ;
1716 2807 1810 2863 sed
1832 2807 2019 2878 depre-

435 2912 591 2961 catus
624 2902 816 2959 fuisset
840 2911 900 2957 ut
929 2903 1282 2972 repelleretur
1304 2901 1374 2956 ab
1394 2914 1460 2966 eo
1487 2900 1815 2971 praecognita
1844 2899 2017 2969 ipsius

422 2995 743 3065 denegatio,
777 2995 824 3051 si
855 2992 994 3049 forte
1024 3009 1133 3050 non
1159 2994 1501 3065 denegasset.
1540 2992 1606 3047 Et
1650 2993 1849 3063 aliquis
1893 2994 2017 3064 qui-

424 3088 556 3143 dem
587 3087 721 3143 dicit
763 3088 1022 3158 quoniam
1067 3087 1250 3142 locum
1290 3086 1512 3156 quidem
1558 3086 1791 3142 habebat
1824 3086 2017 3155 depre-

424 3181 579 3236 ~catio
604 3179 751 3236 Petri
776 3222 790 3244 ,
822 3195 946 3234 cum
982 3177 1214 3234 dixisset
1252 3197 1264 3233 :
1315 3178 1508 3233 Omnes
1559 3194 1648 3232 vos
1700 3177 2015 3232 scandalum

2127 696 2287 758 plura
2332 687 2377 718 ³⁵
2420 694 2651 741 testatur
2685 685 2752 740 de
2784 700 2871 751 eo,
2908 686 2988 741 sic
3033 693 3087 740 et
3135 687 3223 741 hic
3272 687 3529 742 nesciens
3582 687 3719 756 quid

2127 778 2461 847 loqueretur,
2496 776 2669 831 dixit:
2712 773 2772 831 Si
2817 776 2979 846 fuerit
3032 778 3167 831 mori
3212 779 3342 831 mihi
3381 788 3577 842 tecum,
3614 793 3721 831 non

2126 880 2174 924 te
2202 868 2418 940 negabo.
2449 868 2587 923 Cum
2615 867 2744 924 Jesu
2775 870 2921 923 enim
2955 869 3095 924 mori
3133 884 3232 940 pro
3265 871 3429 926 nobis
3455 870 3722 926 omnibus

2126 962 2390 1017 moriente
2412 971 2472 1016 ut
2504 976 2606 1017 nos
2642 961 3231 1027 vivamus,‘hominum
3267 979 3375 1018 non
3411 975 3556 1028 erat,
3580 980 3719 1034 quo-

2096 1056 2270 1110 niam
2309 1071 2501 1111 omnes
2528 1053 2745 1110 fuerant
2768 1055 2824 1108 in
2857 1055 3116 1125 peccatis,
3139 1064 3195 1111 et
3222 1072 3418 1112 omnes
3445 1072 3590 1126 opus
3612 1055 3718 1109 ha-

2124 1149 2323 1204 bebant
2371 1157 2432 1203 ut
2485 1162 2583 1217 pro
2614 1146 2694 1202 eis
2741 1147 2885 1202 alius
2929 1156 3255 1216 moreretur,
3298 1164 3408 1202 non
3469 1147 3579 1219 ipsi
3616 1163 3723 1217 pro

2123 1243 2266 1297 aliis.

2193 1334 2279 1388 89.
2324 1332 2467 1387 Tunc
2513 1334 2647 1387 venit
2686 1331 2843 1387 Iesus
2870 1349 2989 1387 cum
3032 1332 3145 1387 illis
3175 1334 3230 1387 in
3258 1334 3524 1403 praedium
3573 1335 3719 1405 quod

2121 1427 2319 1480 dicitur
2347 1423 2681 1480 Gethsemani
2710 1424 2773 1479 ³⁸.
2834 1422 3038 1480 Scienti
3095 1423 3485 1481 llehraicorum
3534 1427 3720 1480 nomi-

2122 1531 2254 1569 num
2288 1514 2819 1585 interpretationem,
2863 1513 3030 1568 etiam
3075 1529 3274 1568 nomen
3314 1514 3483 1585 hujus
3519 1517 3716 1584 pmdii

2121 1609 2268 1681 quod
2298 1617 2498 1664 vocant
2532 1607 2886 1665 Getbsemani
2937 1609 3161 1678 prodest
3199 1608 3266 1663 ad
3302 1608 3716 1665 manifestatio~

2122 1717 2245 1758 nem
2272 1702 2377 1758 loci
2406 1702 2596 1768 istius,
2628 1701 2891 1771 quoniam
2931 1715 3040 1754 non
3092 1701 3211 1757 sine
3254 1716 3423 1756 causa
3459 1704 3712 1771 positum

2119 1804 2203 1852 est
2231 1796 2374 1866 apud
2402 1795 2715 1850 Matthaeum
2734 1806 2787 1849 et
2811 1792 3054 1848 Marcum
3078 1794 3241 1849 etiam
3266 1795 3455 1864 prmdii
3478 1811 3712 1853 nomen.

2121 1884 2233 1942 Nos
2267 1894 2474 1951 autem,
2507 1885 2985 1955 praetermittentes
3008 1883 3174 1951 illud,
3202 1884 3310 1940 hoc
3338 1885 3519 1941 solum
3578 1901 3715 1957 sug-

2047 1958 2089 2013 B
2119 1980 2360 2051 gerimus
2407 1978 2684 2049 quomodo
2737 1975 2897 2032 Jesus
2948 1990 3074 2031 cum
3105 1976 3392 2048 discipulis
3432 1977 3584 2033 venit
3640 1980 3711 2034 ad

2120 2073 2383 2142 praedium
2411 2072 2516 2127 hoc
2549 2070 2694 2141 quod
2740 2080 2971 2127 vocatur
2997 2071 3346 2128 Getbsemani
3368 2112 3384 2139 ,
3427 2072 3713 2142 accipiens

2116 2176 2212 2217 eos
2241 2178 2309 2217 ex
2339 2162 2461 2218 loco
2486 2162 2598 2227 illo,
2624 2162 2678 2216 in
2710 2178 2820 2232 quo
2843 2164 3045 2233 pascha
3067 2179 3191 2219 cum
3218 2164 3298 2219 eis
3325 2164 3707 2219 manducavit.

2116 2251 2226 2307 Nec
2259 2251 2403 2307 enim
2442 2251 2798 2308 conveniebat
2824 2268 2951 2307 eum
2980 2255 3323 2323 proderetur,
3356 2254 3426 2309 ab
3455 2254 3550 2309 illo
3581 2255 3707 2323 capi

2116 2343 2240 2399 loco
2265 2344 2358 2399 ubi
2390 2360 2513 2400 cum
2542 2344 2826 2414 discipulis
2859 2347 3282 2402 manducaverat
3312 2347 3543 2417 pascha.
3563 2345 3711 2401 Con-

2117 2437 2372 2493 veniebat
2407 2450 2588 2492 autem
2614 2446 2669 2493 et
2697 2438 3017 2508 priusquam
3051 2438 3373 2509 proderetur
3397 2478 3414 2502 ,
3439 2453 3626 2505 orare,
3655 2450 3711 2494 et

2118 2532 2312 2587 orandi
2351 2532 2551 2602 eligere
2576 2531 2756 2586 locum
2787 2530 3053 2586 mundum
3088 2531 3155 2586 ad
3186 2529 3520 2585 orationem.
3545 2529 3707 2586 Scie-

2116 2623 2209 2680 bat
2246 2623 2391 2679 enim
2422 2625 2679 2694 quoniam
2730 2623 2873 2679 sicut
2916 2623 3097 2679 differt
3134 2639 3227 2678 aer
3260 2624 3329 2679 ab
3368 2638 3497 2678 aere
3535 2639 3705 2679 mun-

2117 2717 2290 2784 diore,
2324 2717 2404 2772 sic
2432 2723 2576 2771 terra
2620 2716 2793 2771 sancti
2826 2716 2931 2772 loci
2965 2725 3018 2771 et
3048 2715 3361 2781 sanctioris,
3390 2715 3537 2772 sicut
3564 2717 3707 2772 scri-

2115 2816 2268 2879 p'um
2297 2816 2381 2883 est
2403 2808 2446 2838 ³⁷
2473 2825 2488 2861 :
2524 2806 2695 2861 Locus
2743 2808 2798 2861 in
2818 2824 2921 2878 quo
2957 2818 3013 2862 tu
3042 2817 3179 2872 stas,
3215 2818 3357 2863 terra
3390 2818 3581 2863 sancta
3601 2820 3702 2864 est.

2116 2889 2184 2955 Et
2209 2914 2420 2971 quatras
2445 2900 2491 2954 si
2521 2907 2717 2970 praeter
2745 2899 2997 2955 affectum
3021 2900 3249 2966 orantis,
3282 2900 3449 2954 etiam
3492 2917 3559 2955 ex
3583 2901 3707 2956 loco

2115 2993 2379 3050 orationis
2423 2992 2478 3046 in
2528 3008 2639 3062 quo
2681 2992 2806 3062 quis
2845 3001 2986 3057 orat,
3017 2992 3076 3046 fit
3126 2995 3303 3049 oratio
3337 2994 3603 3048 mundior
3650 3003 3705 3047 et

2116 3084 2523 3155 areeptabilior,
2553 3084 2853 3143 secundum
2885 3084 3033 3154 quod
3056 3084 3317 3153 scriptum
3346 3093 3431 3138 est
3464 3084 3511 3116 ³⁸
3544 3102 3560 3139 :
3590 3084 3704 3139 Do-

2118 3192 2234 3231 mus
2282 3192 2418 3240 utea,
2476 3176 2661 3229 domus
2721 3175 2981 3228 orationis
3037 3173 3328 3229 vocabitur.
3377 3172 3455 3229 De
3492 3190 3604 3245 qua
3649 3184 3706 3229 et

432 3272 713 3340 patiemini
753 3272 808 3325 in
847 3288 928 3324 me
952 3270 1019 3335 “,
1051 3269 1316 3323 auxilium
1355 3269 1601 3338 accipere
1640 3276 1700 3322 ut
1739 3283 1808 3323 ne
1855 3263 2014 3323 scan-
2042 3304 2086 3363 Ο
2118 3268 2246 3323 alibi
2283 3269 2326 3300 ³⁸
2354 3268 2554 3323 dicitur
2590 3284 2604 3320 :
2655 3266 2722 3320 Et
2747 3267 3018 3321 exaudivit
3044 3267 3109 3321 de
3146 3266 3336 3337 templo
3364 3277 3554 3320 sancto
3606 3282 3706 3320 suo

434 3361 789 3417 dai’zaretur.
826 3358 936 3416 Nec
961 3362 1104 3415 enim
1144 3376 1269 3417 eum
1302 3376 1454 3414 auten
1498 3359 1767 3429 prolatum
1816 3359 2009 3421 fuerat.

433 3451 643 3506 dictum
674 3458 759 3505 est
788 3466 800 3502 :
841 3451 1033 3505 Omnes
1059 3466 1146 3505 vos
1177 3450 1492 3504 scandalum
1523 3451 1825 3520 patiemini.
1856 3449 2014 3506 Post-

438 3555 602 3611 quam
626 3548 806 3595 autem
833 3554 956 3595 cum
981 3540 1340 3597 afﬁrmatione
1367 3541 1663 3612 juramenti
1694 3542 2014 3612 pronuntia-

439 3635 536 3700 vit,
571 3648 678 3687 non
717 3643 835 3689 erat
862 3633 1121 3703 possibile
1149 3643 1208 3688 ut
1244 3648 1351 3688 non
1382 3634 1689 3705 denegaret.
1753 3634 1809 3689 Si
1864 3635 2011 3690 enim

382 3786 389 3795 ,
435 3724 801 3795 juramentum
833 3734 953 3779 erat
980 3720 1183 3779 Christi
1220 3740 1395 3789 amen,
1424 3724 1682 3780 mentitus
1708 3721 1902 3779 fuisset
1930 3726 2013 3780 di-

436 3831 614 3877 cens:
668 3815 833 3871 Amen
873 3814 992 3871 dico
1044 3816 1159 3879 tibi,
1212 3815 1259 3871 si
1293 3831 1479 3870 verum
1526 3814 1756 3873 dixisset
1797 3816 2010 3880 Petrus,

437 3908 567 3979 quia
615 3925 721 3966 ηωι
756 3918 804 3965 te
840 3905 1058 3978 negabo.
1110 3905 1379 3961 Videntur
1426 3915 1607 3962 autem
1654 3908 1786 3963 mihi
1832 3909 2011 3963 caeteri

436 4000 689 4071 discipuli
720 3999 848 4057 Jesu
872 4015 996 4054 eum
1020 4009 1313 4072 prospectu
1350 4009 1405 4055 et
1430 4000 1692 4071 cogitatu,
1723 4000 1869 4071 quod
1900 4001 2012 4071 pri-

437 4107 588 4147 mum
626 4092 844 4162 quidem
872 4090 1050 4147 fuerat
1079 4090 1283 4146 dictum
1317 4107 1330 4144 :
1362 4090 1553 4146 Omnes
1578 4108 1663 4147 vos
1697 4092 2011 4148 scandalum

435 4184 713 4253 patiemini
734 4183 832 4237 hac
854 4192 1023 4252 nocte,
1062 4183 1198 4238 nihil
1232 4175 1471 4249 dixisse,
1507 4200 1685 4255 neque
1732 4184 2010 4255 professos

436 4275 605 4333 fuisse
658 4276 815 4346 quasi
864 4291 972 4332 non
1016 4284 1200 4331 essent
1260 4275 1707 4331 seandalizandi:
1757 4276 2012 4333 videbant

435 4367 581 4422 enim
604 4382 851 4422 veraeem
877 4384 998 4423 esse
1035 4365 1217 4423 Jesum
1243 4368 1359 4422 haec
1380 4368 1779 4438 pnedicentem.
1809 4369 1888 4425 Ad
1908 4372 2011 4426 hoc

435 4470 616 4514 autem
651 4460 797 4529 quod
827 4460 929 4514 soli
955 4458 1161 4514 dictum
1186 4468 1270 4514 est
1307 4457 1469 4514 Petro
1501 4479 1515 4515 :
1547 4460 1712 4515 Amen
1734 4461 1858 4516 dico
1890 4462 2008 4525 tibi,

433 4559 713 4621 antequam
742 4550 916 4620 gallus
948 4559 1156 4617 cantet,
1191 4560 1267 4604 ter
1314 4567 1392 4605 me
1438 4551 1691 4621 negabis;
1742 4553 2008 4622 promise-

2118 3378 2291 3417 vocem
2342 3378 2530 3417 nteant.
2582 3360 2648 3415 Et
2683 3361 2769 3416 vir
2804 3361 3023 3432 quidem
3047 3358 3307 3415 Iudaicus
3352 3374 3455 3414 nec
3482 3359 3701 3414 dubitat

2116 3452 2184 3508 de
2217 3452 2527 3523 hujusmodi
2554 3467 2567 3505 :
2598 3453 2690 3521 qui
2722 3461 2902 3506 autem
2929 3460 3145 3521 propter
3167 3449 3371 3506 Christi
3392 3451 3701 3506 doctrinam

2116 3543 2344 3598 receSsit
2373 3559 2402 3597 a
2428 3542 2672 3597 Judaieis
2690 3542 2889 3597 fabulis
2921 3552 2975 3596 et
3005 3542 3074 3596 ab
3101 3542 3358 3597 omnibus
3402 3558 3530 3612 quae
3580 3557 3704 3598 cor-

2116 3637 2378 3708 poraliter
2401 3636 2468 3690 ab
2494 3637 2574 3691 eis
2606 3636 3004 3706 intelliguntur,
3033 3634 3166 3690 dicit
3198 3650 3307 3688 non
3350 3644 3575 3706 propter
3618 3636 3702 3688 lo-

2115 3744 2240 3783 cum
2265 3728 2381 3783 lieri
2406 3728 2711 3782 orationem
2738 3726 3033 3782 distantem
3058 3727 3127 3781 ab
3152 3727 3425 3797 oratione,
3454 3728 3553 3783 sed
3575 3731 3704 3799 quia

2116 3820 2311 3876 melius
2339 3827 2424 3875 est
2446 3835 2570 3874 cum
2605 3819 2754 3874 nullo
2784 3833 2942 3873 orare
2969 3834 3133 3889 quam
3169 3834 3293 3874 eum
3323 3820 3485 3874 malis
3515 3835 3700 3877 orare.

2114 3910 2197 3965 Ad
2218 3911 2738 3967 demonstrationem
2764 3920 2947 3965 autem
2980 3910 3293 3966 traditionis
3325 3911 3487 3968 istius
3518 3922 3705 3969 utetur

2115 4006 2388 4073 exemplo,
2428 4004 2572 4073 quod
2609 4002 2768 4059 Jesus
2799 4003 2854 4056 in
2883 4004 3045 4059 domo
3077 4002 3536 4062 Jairisacerdotis
3578 4022 3707 4062 ora-

2115 4104 2274 4151 turus
2304 4112 2403 4166 pro
2428 4106 2643 4151 mortua
2677 4097 2784 4151 tilia
2810 4098 2950 4167 ejus,
2985 4112 3176 4152 omnes
3223 4097 3387 4167 ejecit
3422 4097 3575 4155 foras
3603 4141 3621 4165 ,
3651 4110 3704 4154 et

2119 4194 2231 4241 tres
2263 4194 2472 4240 tantum
2508 4186 2669 4258 elegit
2697 4202 2908 4252 secum,
2927 4187 3020 4257 qui
3042 4196 3097 4242 et
3121 4198 3553 4256 super_montem
3572 4188 3703 4245 faeti

2117 4277 2333 4333 fuerant
2368 4288 2535 4334 testes
2579 4279 3076 4350 transfigurationis
3106 4280 3298 4351 ipsius.
3342 4280 3572 4351 Propter
3600 4283 3705 4337 hoc

2114 4372 2258 4426 enim
2291 4380 2346 4426 et
2370 4373 2424 4426 in
2447 4371 2708 4428 Eeclesiis
2733 4371 2938 4428 Christi
2968 4375 3309 4430 consuetudo
3341 4376 3519 4430 tenuit
3553 4377 3702 4439 talis,

2114 4474 2173 4518 ut
2210 4464 2306 4532 qui
2340 4462 2613 4518 manifesti
2647 4472 2775 4517 sunt
2806 4462 2860 4517 in
2887 4465 3100 4535 magnis
3125 4464 3339 4521 delictis
3364 4510 3380 4533 ,
3407 4466 3705 4537 ejiciantur

2114 4555 2182 4608 ab
2205 4555 2452 4609 oratione
2484 4555 2784 4621 communi,
2818 4570 2885 4610 ne
2916 4558 3192 4611 modicum
3222 4557 3556 4614 fermentum
3589 4575 3699 4614 non

434 4648 561 4693 runt
585 4638 839 4694 similiter
871 4646 927 4693 et
959 4637 1119 4693 Petro
1151 4657 1166 4694 :
1197 4637 1264 4692 Et
1299 4640 1345 4694 si
1381 4638 1725 4697 fueritnobis
1760 4642 1898 4695 mori
1933 4651 2008 4696 te-
2044 4645 2084 4699 D
2113 4657 2180 4698 ex
2215 4645 2380 4699 corde
2418 4645 2622 4699 mundo
2651 4646 2926 4700 orantium
2962 4655 3129 4702 totam
3174 4649 3397 4703 unitatis
3439 4664 3704 4719 consper-

416 4744 580 4795 ‘eum,
614 4743 721 4783 non
749 4737 801 4784 te
830 4728 1173 4798 negabimus.
1203 4729 1360 4796 Quod
1392 4727 1586 4787 Petrus
1630 4732 1846 4801 quidem
1899 4749 2007 4788 non

432 4816 817 4874 convenienter
862 4816 996 4872 facit
1033 4826 1156 4888 post
1206 4819 1407 4874 Christi
1453 4821 1793 4891 prophetiam
1829 4822 1895 4877 de
1943 4839 2009 4879 eo

429 4918 696 4983 negaturo
722 4919 801 4964 ter
823 4918 952 4965 ante
976 4910 1101 4980 galli
1133 4922 1375 4966 cantum.
1402 4912 1596 4968 Carteri
1625 4924 1829 4981 autem,
1850 4918 2007 4986 quasi

429 4999 523 5068 qui
548 5012 657 5054 non
690 5008 846 5054 erant
892 5000 1276 5070 comprehensi
1324 5000 1379 5054 in
1434 5001 1525 5056 illa
1557 5004 1859 5072 prophetia,
1909 5020 2010 5060 nec

431 5091 756 5147 tenebantur
801 5092 855 5146 in
900 5091 1012 5147 illis
1058 5108 1180 5163 quae
1217 5093 1283 5149 ad
1317 5092 1537 5149 Petrum
1573 5092 1787 5151 fuerant
1820 5096 1964 5152 dicta
1989 5137 2005 5163 ,

430 5184 833 5255 responderunt
891 5184 1288 5256 promittentes,
1356 5201 1466 5241 non
1544 5189 2007 5257 promissionibus

428 5274 546 5330 Suis
598 5275 913 5330 mendaeem
946 5274 1239 5330 Dominum
1280 5275 1460 5333 facere
1496 5271 1813 5348 cupientes,
1865 5280 2009 5334 sicut

432 5363 611 5420 facere
638 5365 811 5420 voluit
838 5365 1052 5421 Petrus.
1088 5366 1245 5421 Sicut
1271 5368 1418 5427 enim
1444 5383 1568 5423 cum
1592 5368 2006 5438 transfiguratus

430 5453 625 5510 fuisset
662 5454 715 5508 in
750 5465 935 5523 monte
978 5458 1230 5525 excelso,
1282 5459 1668 5529 apparentibus
1725 5458 1778 5512 in
1833 5460 2005 5529 gloria

432 5545 597 5600 simul
627 5561 750 5600 cum
773 5546 899 5603 Jesu
934 5548 1118 5622 Moyse
1169 5563 1223 5606 et
1264 5550 1379 5605 Elia
1403 5592 1417 5617 ,
1454 5552 1591 5607 dixit
1626 5571 1639 5607 :
1709 5551 1797 5607 Vis
1836 5552 2010 5621 [acia-

431 5652 546 5691 mus
567 5635 652 5690 hic
681 5640 786 5692 tria
816 5640 1174 5705 tabernacula,
1201 5658 1363 5697 unum
1393 5643 1506 5711 tibi,
1538 5654 1587 5698 et
1611 5661 1773 5699 unum
1807 5642 2004 5715 Moysi,

2114 4740 2321 4793 sionem
2367 4747 2422 4792 et
2447 4753 2750 4794 consensus
2797 4752 3132 4810 corrumpat.
3171 4738 3344 4797 Habet
3402 4754 3590 4798 autem
3643 4754 3699 4799 et

2115 4830 2203 4885 hic
2228 4845 2444 4897 sensus,
2481 4831 2624 4901 quod
2645 4832 2794 4901 juste
2817 4831 3113 4901 objiciatur
3147 4833 3231 4889 his
3267 4834 3362 4904 qui
3412 4850 3523 4889 non
3556 4851 3695 4905 quo-

2114 4924 2278 4978 modo
2306 4922 2505 4978 debent
2525 4924 2609 4978 sie
2643 4924 2986 4995 intelligunt,
3029 4926 3356 4996 accipientes
3412 4928 3495 4981 sic
3536 4942 3694 4982 oeca-

2113 5009 2323 5063 sionem
2358 5018 2417 5064 ut
2474 5010 2659 5066 dicant
2717 5013 2971 5082 proximo
2997 5028 3097 5069 suo
3131 5033 3143 5068 :
3174 5013 3251 5069 Ne
3290 5017 3693 5086 appropinques

2114 5100 2269 5166 mihi,
2307 5100 2437 5170 quia
2471 5102 2711 5158 mundus
2749 5119 2893 5159 sum.
2928 5105 3083 5171 Quod
3117 5105 3243 5161 fecit
3286 5116 3340 5161 et
3384 5105 3692 5163 Pharismus

2111 5196 2178 5246 ad
2214 5193 2567 5261 publicanum
2595 5195 2753 5267 longe
2786 5207 3057 5263 orantem,
3079 5207 3133 5253 et
3154 5208 3347 5267 pectus
3379 5216 3541 5254 suum
3573 5215 3692 5270 per-

2110 5284 2407 5337 eutientem
2434 5325 2449 5351 ,
2494 5295 2548 5340 et
2585 5287 2900 5343 dicentem:
2965 5289 3206 5353 Domine,
3257 5293 3521 5359 propitius
3584 5302 3687 5346 esto

2112 5376 2240 5429 mihi
2269 5378 2532 5445 peccatori
2564 5379 2631 5430 ⁸ο.
2668 5378 2978 5436 Mensurate
3004 5396 3135 5451 ergo
3169 5381 3352 5437 facere
3382 5383 3490 5438 hoc
3530 5383 3683 5438 debe-

2110 5480 2255 5531 mus,
2282 5473 2339 5518 ιιι
2371 5480 2474 5521 nee
2501 5481 2629 5521 eum
2656 5467 2897 5541 indignis
2925 5482 3148 5524 oremus
3171 5480 3396 5540 propter
3427 5473 3683 5525 honorem

2110 5556 2402 5624 orationis,
2456 5559 2757 5613 secundum
2813 5575 2939 5613 cum
2975 5560 3068 5630 qui
3108 5560 3246 5614 dixit
3275 5560 3319 5592 δι
3350 5580 3365 5612 :
3410 5558 3469 5614 Si
3500 5564 3603 5615 duo
3631 5560 3683 5614 is

2110 5650 2256 5702 vobis
2295 5652 2628 5706 convenerint
2670 5652 2724 5705 in
2754 5652 3009 5722 idipsum,
3037 5653 3101 5707 de
3133 5653 3277 5707 omni
3314 5670 3370 5708 re
3398 5669 3679 5724 quamcum

498 5820 770 5944 3:91am}..-
800 5850 1096 5944 senuit;
1138 5852 1373 5944 'fﬂibidw
1397 5855 1541 5944 δὲῃ
1564 5857 1794 5944 ³⁶1ἰὺίε1η
1829 5859 1918 5944 5-1.
1997 5860 2059 5944 ’ᾗ
2096 5859 2288 5944 μηιιὴ.
2316 5865 2566 5944 xvn,_;t;
2588 5862 2824 5944 an.__tx
2849 5887 2878 5944 ,-_
2927 5866 3016 5921 53.
3094 5868 3362 5944 {‘_Matth.
3399 5884 3548 5939 XXVI,
3580 5867 3673 5944 .56.

428 5914 471 5947 ³⁷
511 5916 682 5974 Exod.
713 5933 795 5988 Ill,
819 5919 872 5976 5.
934 5914 995 5955 ’³⁸
1019 5922 1119 5979 lsa.
1152 5938 1259 5993 va,
1303 5914 1370 5978 7.’
1430 5926 1476 5959 ³³
1500 5924 1644 5983 Psal.
1679 5914 1810 5996 XVlf,
1856 5931 1899 5985 7.

2016 5931 2060 5964 ⁴⁰
2093 5931 2225 5989 Luc.
2260 5949 2415 6003 xvnt,
2457 5933 2544 5990 15.
2650 5937 2695 5969 δ’
2727 5931 2920 5994 Matth.
2955 5954 3071 6011 nx,
3100 5938 3187 5997 i9.
