4004 6544
391 521 532 579 1745

1604 513 1932 574 ORIGENIS
1971 513 2041 571 lN
2078 514 2498 573 MATTHIEUM

3539 516 3684 574 1744

387 636 590 700 Pater,
623 633 672 688 si
698 629 950 702 possibile
979 639 1079 700 est,
1115 637 1353 686 transeat
1391 631 1535 687 caltx
1561 631 1712 688 istea
1744 649 1856 698 me;
1888 632 1980 688 sed
2009 636 2052 695 Α
2085 641 2265 690 autem
2303 633 2450 688 hunc
2488 632 2582 703 qui
2634 632 2841 688 bibitur
2887 631 3180 702 passionis,
3219 632 3276 688 in
3311 633 3501 692 multis
3541 636 3684 693 locis

388 747 490 786 non
518 730 660 784 sicut
685 745 778 801 ego
808 727 946 795 calo,
969 727 1059 782 sed
1085 728 1224 782 sicut
1254 736 1332 782 tu.
1363 725 1678 783 Secundum
1705 727 1849 798 quod
1876 743 1980 782 coe-

385 824 466 894 pit
489 835 687 893 pavere
707 829 761 877 et
779 819 1007 888 tristari,
1033 821 1336 877 secundum
1369 819 1498 875 illud
1519 830 1574 880 et
1599 827 1722 874 orat
1752 819 1978 875 calicem

386 915 662 988 passionis
692 913 930 969 transire
955 929 984 968 a
1017 928 1105 977 se;
1132 912 1224 968 sed
1251 929 1359 968 non
1386 911 1527 968 sicut
1555 911 1689 977 vult,
1711 911 1804 966 sed
1836 911 1981 966 sicut

387 1007 695 1064 vultPater.
719 1005 1040 1077 Suscipicns
1060 1006 1206 1062 enim
1229 1017 1480 1060 naturam
1500 1007 1680 1060 carnis
1705 1006 1976 1071 humanm,

387 1115 581 1156 omnes
604 1099 964 1170 proprietates
991 1098 1254 1169 implevit,
1294 1112 1351 1152 ut
1373 1098 1552 1152 nonin
1574 1098 1861 1168 phantasia
1883 1098 1980 1152 ha-

388 1191 574 1249 huissc
603 1206 824 1247 carnem
851 1191 1282 1255 existimaretur,
1305 1191 1397 1246 sed
1417 1190 1471 1245 in
1492 1189 1748 1257 veritate;
1778 1207 1979 1246 secun-

385 1287 515 1342 dum
534 1284 683 1356 quod
706 1285 759 1339 in
779 1285 882 1341 hoc
902 1285 1024 1340 loco
1053 1293 1176 1340 orat
1196 1286 1421 1340 calicem
1445 1285 1719 1356 passionis
1745 1285 1981 1343 transire

387 1395 417 1432 a
445 1375 702 1450 se,903
732 1377 826 1455 sed
852 1393 960 1433 non
981 1377 1122 1433 sicut
1145 1379 1257 1433 vult
1292 1378 1426 1448 ipse,
1456 1378 1549 1432 sed
1573 1378 1715 1434 sicut
1741 1379 1854 1432 vult
1878 1377 1997 1433 Pao'

387 1476 490 1525 ter.
541 1466 815 1536 Quoniam
867 1467 1148 1538 proprium
1180 1477 1262 1524 est
1290 1469 1470 1524 omnis
1513 1469 1752 1526 hominis
1783 1470 1978 1535 fidelis,

390 1561 624 1631 primum
652 1561 871 1632 quidem
907 1561 1050 1617 nolle
1101 1561 1212 1631 pali
1240 1561 1446 1632 aliquid
1479 1563 1708 1627 doloris,
1743 1563 1982 1619 maxime

389 1651 533 1725 quod
565 1653 716 1708 ducit
744 1668 922 1722 usque
949 1653 1015 1708 ad
1053 1663 1286 1708 mortem
1311 1693 1326 1718 ,
1377 1655 1503 1724 quia
1543 1654 1710 1711 homo
1744 1664 1828 1710 est
1859 1671 1982 1710 car-

389 1745 563 1814 nalis;
589 1746 635 1800 si
664 1755 846 1800 autem
879 1745 960 1802 sic
983 1747 1217 1802 voluerit
1246 1747 1410 1814 Deus,
1437 1747 1789 1818 acquiescere
1815 1749 1980 1803 etiam

297 1887 302 1891 .
390 1846 579 1894 contra
621 1839 956 1894 voluntatem
1009 1855 1187 1907 suam,
1223 1842 1352 1912 quia
1388 1841 1564 1897 lidelis
1605 1851 1709 1908 est,
1746 1857 1813 1897 ne
1860 1843 1982 1913 plus

391 1930 636 1985 videatur
678 1932 732 1986 in
781 1947 842 1987 se
885 1932 1176 2004 desperare
1215 1949 1379 2004 quam
1417 1934 1470 1988 in
1517 1932 1689 1990 Deum
1737 1950 1977 2004 sperare.

2084 725 2334 784 nominat
2366 723 2674 796 Scriptura,
2699 724 2973 796 praecipue
2998 726 3092 796 qui
3125 741 3154 780 a
3186 727 3523 799 martyribus
3554 743 3687 798 pro-

2083 817 2200 889 prie
2235 819 2459 884 bibitur,
2505 819 2648 874 sicut
2683 827 2766 874 est
2808 818 2879 873 ibi
2915 819 2960 851 ⁸⁷
2999 836 3013 873 :
3061 817 3204 884 Quid
3244 820 3538 880 retribuam
3575 821 3687 877 Do-

2083 911 2226 968 mino
2258 926 2354 980 pro
2394 909 2636 964 omnibus
2666 925 2784 980 qua:
2828 908 3074 963 retribuit
3114 908 3290 963 mihi?
3318 908 3561 964 Calicem
3590 928 3685 965 sa-

2084 1001 2278 1056 lutaris
2303 1003 2589 1072 accipiam,
2614 1012 2661 1056 et
2690 1017 2875 1055 nomen
2909 997 3122 1055 Domini
3150 1001 3425 1057 invocabo.
3457 1003 3516 1056 Si
3546 1019 3686 1072 ergo

2082 1095 2225 1149 calix
2261 1094 2522 1150 salutaris
2563 1093 2706 1149 calix
2762 1093 3011 1165 martyrii
3059 1102 3166 1158 est,
3220 1109 3446 1149 necesse
3494 1104 3584 1150 est
3623 1106 3688 1151 ut

2083 1185 2357 1242 salvemus
2390 1185 2616 1240 calicem
2644 1184 2818 1250 illum,
2853 1192 3026 1238 totum
3059 1183 3212 1238 illum
3240 1183 3515 1252 bibentes,
3547 1187 3686 1254 quia

2083 1279 2226 1335 calix
2264 1286 2348 1334 est
2378 1277 2663 1344 salutaris,
2694 1288 2753 1332 ut
2783 1276 2921 1331 nihil
2955 1274 3253 1333 ittitdamus
3297 1293 3364 1334 ex
3408 1293 3496 1334 eo.
3531 1278 3688 1336 Bibit

2083 1385 2213 1443 ergo
2263 1370 2489 1426 calicem
2543 1379 2752 1440 totum,
2801 1369 2896 1441 qui
2952 1369 3158 1437 patitur
3201 1385 3302 1440 pro
3354 1371 3687 1428 testimonio

2085 1463 2345 1535 quidquid
2370 1461 2536 1518 fuerit
2558 1463 2606 1518 ei
2635 1462 2869 1518 illatum.
2899 1460 3138 1518 Edundit
3165 1472 3346 1518 autem
3370 1464 3683 1535 accipiens,

2084 1553 2180 1624 qui
2210 1562 2438 1609 vocatus
2470 1553 2536 1608 ad
2587 1553 2910 1625 martyrium
2958 1555 3186 1625 denegat
3220 1568 3288 1608 ne
3320 1553 3530 1625 aliquid
3579 1570 3686 1625 pa-

2088 1647 2273 1702 tiatur.
2305 1644 2402 1702 Est
2430 1653 2484 1702 et
2509 1646 2732 1702 alterius
2761 1645 2977 1714 generis
3003 1646 3142 1702 calix
3177 1645 3478 1712 inebrians,
3507 1661 3686 1718 quem

2087 1735 2223 1792 bibit
2251 1735 2379 1806 quis
2407 1746 2699 1807 postquam
2724 1734 3138 1792 manducaverit
3165 1746 3531 1808 praeparatam
3571 1738 3685 1794 sibi

2086 1843 2334 1884 mensam
2371 1843 2400 1882 a
2429 1826 2539 1883 Deo
2566 1828 2829 1883 adversus
2858 1827 2981 1884 illos
3018 1829 3112 1900 qui
3151 1829 3681 1901 tribulantjustum.

2086 1920 2396 1977 Notandum
2427 1930 2512 1978 est
2562 1930 2743 1977 autem
2784 1923 3046 1992 quoniam
3094 1913 3309 1979 Marcus
3358 1924 3585 1993 quidem
3625 1934 3684 1978 et

388 2019 525 2076 Nam
555 2023 697 2079 sicut
737 2025 969 2080 multum
1001 2026 1275 2082 conlidere
1308 2041 1414 2080 non
1458 2026 1742 2088 debemus,
1771 2045 1837 2082 ne
1878 2045 1977 2081 no-
2016 2007 2054 2061 Β
2088 2015 2265 2070 Lucas
2295 2015 2399 2070 ιιοο
2438 2014 2618 2083 ipsum
2650 2015 3009 2086 scripserunt,
3049 2015 3145 2086 qui
3179 2025 3234 2070 ει
3268 2023 3538 2070 “malum
3584 2031 3682 2069 οι·

391 2123 560 2168 stram
585 2113 839 2169 virtutem
874 2117 1160 2172 videamur
1188 2117 1455 2187 proﬁteri,
1505 2117 1586 2172 sic
1609 2118 1840 2172 multum
1877 2136 1978 2188 pttc

391 2204 737 2261 sillanimiter
762 2224 944 2279 agere,
975 2219 1029 2265 et
1059 2210 1302 2265 ditlidere
1335 2227 1442 2264 non
1476 2210 1762 2278 debemus,
1794 2228 1859 2266 nc
1887 2211 1980 2265 Dei

390 2293 662 2367 adjutoris
684 2299 859 2353 nostri
886 2299 1265 2370 impotentiam
1289 2300 1577 2356 videamur
1599 2303 1976 2372 pronuntiare.

391 2386 518 2444 llaec
562 2405 692 2461 ergo
724 2391 980 2448 voluntas
1015 2410 1180 2464 quam
1234 2394 1369 2449 dicit
1414 2411 1430 2450 :
1479 2392 1538 2448 Si
1569 2395 1823 2465 possibile
1878 2405 1979 2457 est,

394 2491 626 2536 transeat
656 2484 800 2538 calix
830 2485 928 2540 iste
955 2503 987 2539 a
1025 2503 1135 2548 me;
1176 2490 1265 2540 sed
1301 2504 1403 2540 non
1435 2487 1571 2540 sicut
1599 2504 1692 2558 ego
1728 2487 1868 2552 volo,
1893 2489 1983 2542 sed

391 2573 532 2627 sicut
563 2581 641 2642 tu,
673 2591 783 2631 non
816 2585 899 2632 est
931 2578 1233 2633 secundum
1268 2580 1628 2634 substantiam
1663 2579 1903 2634 divinam
1932 2590 1985 2635 et

393 2667 813 2739 impassibilem,
855 2671 951 2725 sed
1017 2672 1320 2727 secundum
1382 2683 1632 2728 naturam
1687 2673 1983 2728 humanam

392 2759 514 2831 ejus
558 2770 612 2817 et
655 2760 950 2817 infirmam.
986 2763 1168 2818 Altera
1219 2776 1400 2819 autem
1455 2763 1834 2836 interpretatio
1877 2764 1984 2819 loci

394 2851 561 2924 hujus
587 2863 673 2910 est
697 2855 842 2923 talis,
869 2855 1129 2928 quoniam
1162 2858 1318 2927 quasi
1353 2856 1522 2913 Filius
1552 2857 1833 2914 charitatis
1867 2855 1982 2923 Dei,

391 2944 698 3001 secundum
744 2947 1147 3018 przescientiam
1197 2948 1416 3018 quidem
1467 2949 1725 3021 diligebat
1761 2965 1856 3006 eos
1889 2949 1984 3020 qui

391 3051 458 3093 ex
489 3038 742 3110 gentibus
776 3038 992 3094 fuerant
1014 3040 1307 3107 credituri;
1350 3039 1567 3097 Judaros
1595 3054 1796 3107 autent,
1827 3043 1984 3112 quasi

390 3144 577 3185 semen
609 3141 824 3201 patrum
858 3139 1198 3195 sanctorum,
1235 3148 1468 3202 quorum
1505 3133 1747 3205 adoptio,
1782 3145 1834 3190 et
1870 3137 1984 3206 glo-

391 3222 495 3290 ria,
537 3229 595 3278 et
650 3231 1006 3289 testamenta,
1066 3232 1122 3278 et
1185 3225 1665 3293 repromissiones,
1728 3227 1982 3298 diligebat

393 3313 548 3385 quasi
585 3330 770 3370 ramos
809 3316 964 3370 home
991 3315 1169 3370 olivae.
1217 3314 1454 3387 Diligens
1496 3327 1672 3372 autem
1709 3334 1803 3373 eos
1836 3319 1982 3374 vide-

390 3402 484 3458 bat
514 3404 696 3474 qualia
733 3415 888 3459 erant
924 3406 1137 3475 passuri
1173 3416 1418 3477 petentes
1451 3424 1576 3463 eum
1608 3411 1674 3463 ad
1711 3419 1978 3478 mortem,

391 3503 447 3550 et
476 3494 779 3551 Barabbam
820 3497 1084 3567 eligentes
1120 3499 1188 3554 ad
1230 3500 1431 3566 vitam;
1471 3500 1593 3556 ideo
1637 3501 1851 3556 dicebat
1885 3504 1982 3558 do.

393 3589 510 3645 lens
549 3589 615 3644 dc
656 3588 735 3644 eis
770 3607 783 3644 :
833 3588 1020 3658 Pater,
1055 3592 1103 3646 si
1140 3593 1390 3662 possibile
1418 3605 1519 3660 est,
1567 3603 1803 3648 transeat
1837 3595 1981 3649 calix

393 3679 494 3734 iste
521 3697 553 3734 α
585 3696 683 3734 me.
714 3679 927 3736 Rursus
951 3697 1218 3739 revocans
1240 3683 1572 3740 desiderium
1605 3701 1789 3752 suum,
1817 3695 1872 3741 et
1900 3686 1982 3741 vi-

393 3773 530 3828 dens
567 3782 769 3844 quanta
814 3775 1022 3830 utilitas
1054 3775 1244 3830 mundi
1283 3777 1450 3831 totius
1476 3787 1622 3831 esset
1658 3776 1840 3831 futura
1887 3792 1983 3846 per

393 3865 705 3935 passionem
745 3865 936 3936 ipsius,
971 3867 1187 3922 dicebat
1223 3885 1237 3922 :
1269 3865 1373 3922 Sed
1406 3885 1507 3922 non
1540 3869 1677 3921 sicut
1712 3885 1806 3937 ego
1839 3868 1976 3932 volo,

392 3957 484 4011 sed
523 3957 661 4010 sicut
698 3967 773 4011 tu.
809 3959 1038 4014 Videbat
1075 3960 1256 4015 adhuc
1297 3969 1521 4031 propter
1563 3961 1717 4015 illum
1748 3961 1978 4016 calicem

390 4048 688 4118 passionis,
712 4049 874 4105 etiam
907 4049 1100 4105 Judam
1129 4052 1220 4122 qui
1245 4067 1313 4106 ex
1343 4051 1629 4107 duodecim
1664 4069 1806 4108 unus
1839 4061 1978 4118 erat,

393 4141 564 4196 lilium
609 4140 726 4221 fore
767 4143 1107 4212 perditionis.
1141 4143 1356 4198 Rursus
1409 4144 1743 4214 intelligebat
1776 4161 1871 4216 per
1910 4147 1976 4200 il-

389 4234 503 4291 lum
560 4235 782 4291 calicem
832 4237 1129 4307 passionis,
1191 4237 1526 4307 principatus
1574 4247 1627 4292 et
1681 4247 1978 4308 potestates

392 4323 811 4396 triumphandas
866 4326 919 4380 in
967 4341 1198 4397 corpore
1247 4343 1368 4383 suo.
1417 4325 1646 4398 Propter
1696 4329 1798 4384 hos
1845 4344 1976 4399 ergo

389 4432 530 4488 quos
569 4418 621 4472 in
655 4418 914 4488 passione
944 4433 1045 4472 sua
1084 4417 1305 4473 nolebat
1339 4418 1533 4487 perire,
1565 4419 1778 4474 dicebat
1812 4437 1824 4474 :
1867 4418 1978 4473 Pa-

391 4519 489 4575 ter,
525 4509 572 4562 si
611 4508 861 4578 possibile
893 4518 992 4572 est,
1030 4517 1265 4563 transeat
1316 4509 1460 4562 calix
1492 4511 1588 4564 iste
1638 4528 1669 4564 a
1707 4528 1820 4572 me;
1849 4526 1976 4581 pro-

387 4609 508 4669 pter
533 4600 764 4656 salutem
793 4610 973 4654 autem
1009 4601 1176 4654 totius
1209 4601 1430 4654 humani
1461 4603 1699 4671 generis,
1729 4620 1852 4674 qua:
1879 4619 1976 4674 per

2085 2118 2294 2179 ponunt
2327 2125 2358 2163 a
2386 2107 2608 2164 diabolo
2641 2105 2850 2164 Jesum.
2876 2106 3118 2164 Joannes
3147 2118 3326 2164 autem
3357 2108 3680 2178 passionem

2082 2203 2302 2275 quidem
2337 2201 2586 2272 exponit,
2614 2200 3077 2272 quemadmodum
3113 2202 3238 2266 alii;
3287 2211 3534 2257 orantem
3589 2198 3686 2258 Je-

2083 2313 2206 2353 sum
2241 2303 2300 2350 ut
2329 2295 2589 2350 transiret
2627 2294 2698 2350 ab
2741 2308 2810 2349 eo
2845 2293 2990 2349 calix
3027 2308 3136 2348 non
3174 2293 3499 2361 introducit,
3532 2293 3686 2349 sicut

2085 2403 2185 2443 nec
2215 2395 2481 2442 tentatum
2511 2386 2735 2458 exponit
2761 2401 2792 2441 a
2819 2385 3041 2440 diabolo
3066 2383 3276 2441 Jesum.
3304 2385 3546 2441 Causam
3579 2400 3684 2440 au-

2086 2492 2194 2539 tem
2231 2483 2371 2538 hanc
2406 2483 2646 2537 arbitror
2674 2497 2817 2548 esse,
2855 2481 3115 2552 quoniam
3160 2480 3212 2536 hi
3241 2480 3464 2552 quidem
3500 2481 3682 2550 magis

2086 2577 2388 2632 secundum
2422 2577 2720 2630 humanam
2752 2575 2873 2646 ejus
2904 2583 3158 2630 naturam
3192 2582 3478 2643 exponunt
3504 2572 3576 2627 de
3611 2586 3680 2634 eo

2086 2685 2251 2740 quam
2277 2669 2578 2724 secundum
2604 2667 2880 2735 divinam;
2905 2664 3144 2722 Joannes
3171 2675 3353 2720 autem
3382 2664 3559 2734 magis
3591 2679 3682 2719 se-

2088 2761 2329 2818 cundum
2363 2761 2606 2816 divinam
2637 2763 2814 2832 quam’
2839 2759 3140 2817 secundum
3176 2758 3472 2812 humanam
3505 2756 3681 2810 inter-

2086 2856 2407 2926 pretahatur
2450 2863 2742 2921 naturam;
2784 2852 3045 2908 divinitas
3095 2860 3276 2906 autem
3328 2847 3678 2905 intentabilis

2087 2961 2223 3004 erat.
2253 2949 2379 3004 Ideo
2408 2959 2516 3003 tres
2540 2947 2760 3018 quidem
2788 2945 3134 3018 evangelista:
3159 2935 3532 3015 exposuerunt
3559 2952 3683 2998 ten-

2087 3052 2258 3096 latum
2291 3059 2304 3096 :
2351 3039 2592 3096 Joannes
2627 3053 2806 3094 autem
2848 3038 3148 3096 secundum
3182 3037 3328 3107 quod
3373 3041 3623 3106 coeperat
3660 3051 3677 3088 :

2090 3134 2153 3188 In
2207 3136 2465 3204 principio
2512 3143 2628 3190 erat
2685 3131 2931 3198 Verbum,
2984 3141 3035 3186 et
3093 3129 3317 3185 Verbum
3369 3137 3488 3183 erat
3533 3127 3680 3197 apud

2091 3226 2279 3293 Deum,
2326 3237 2373 3279 et
2406 3225 2550 3279 Deus
2589 3235 2700 3279 erat
2745 3223 2975 3279 Verbum
3005 3223 3088 3290 ⁸⁸,
3119 3222 3293 3277 nescit
3333 3219 3508 3276 Deum
3540 3219 3679 3275 Ver-

2089 3319 2216 3374 bum
2251 3336 2408 3391 posse
2433 3319 2654 3375 tentari.
2693 3317 2783 3374 Sic
2811 3326 2865 3373 et
2891 3317 2979 3374 hic
3011 3325 3120 3372 tres
3147 3315 3366 3386 quidem
3396 3313 3491 3370 isti
3520 3322 3677 3368 retu-

2086 3413 2266 3467 lerunt
2297 3410 2483 3467 Jesum
2516 3411 2826 3482 postulasse
2855 3427 2886 3465 a
2928 3411 3088 3466 Patre
3125 3420 3185 3466 ut
3233 3409 3498 3465 transiret
3530 3408 3674 3464 calix

2085 3503 2153 3557 ah
2174 3518 2258 3563 eo.
2287 3503 2546 3573 quoniam
2570 3510 2624 3557 et
2647 3503 2926 3573 preprium
2960 3501 3200 3556 hominis
3227 3507 3366 3563 erat,
3400 3509 3673 3570 quantum

2085 3596 2151 3650 ad
2186 3595 2558 3650 inﬁrmitatem
2592 3596 2827 3666 pertinet
2857 3594 3064 3658 carnis,
3103 3593 3240 3649 velle
3279 3592 3514 3648 evadere
3546 3606 3672 3661 pas-

2084 3687 2330 3753 sionem;
2363 3686 2603 3743 Joannes
2633 3696 2814 3742 autem
2836 3726 2851 3752 ,
2887 3686 3228 3757 propositum
3262 3684 3474 3740 habens
3501 3698 3674 3753 expo-

2083 3796 2213 3836 nere
2237 3779 2425 3836 Jesum
2455 3781 2624 3836 Deum
2656 3779 2917 3843 Verbum,
2945 3778 3128 3834 sciens
3151 3777 3278 3848 quia
3309 3776 3426 3846 ipse
3444 3773 3670 3831 estvita

2081 3884 2136 3932 et
2169 3874 2533 3943 resurrectio,
2571 3872 2747 3930 nescit
2781 3871 2952 3927 Deum
2989 3869 3385 3941 impassihilem
3421 3865 3672 3939 refugere

2081 3967 2412 4038 passionem.

2152 4059 2243 4114 93.
2285 4057 2352 4112 Et
2387 4057 2522 4111 venit
2552 4055 2620 4109 ad
2647 4054 2938 4124 discipulos
2961 4070 3104 4120 suos,
3131 4062 3180 4108 et
3207 4051 3403 4106 invenit
3424 4066 3514 4105 eos
3542 4060 3670 4104 aer-

2081 4149 2319 4204 mientes.
2351 4147 2421 4201 Et
2452 4147 2589 4201 dixit
2623 4145 2784 4200 Petro
2811 4161 2830 4199 :
2863 4143 2958 4201 Sic
2990 4161 3090 4199 non
3120 4142 3368 4213 potuistis
3401 4157 3510 4194 una
3535 4140 3670 4192 hora

2081 4241 2302 4312 vigilare
2326 4241 2568 4295 mecum?
2601 4236 2853 4308 Vigilate,
2877 4245 2928 4289 et
2956 4244 3125 4301 orate,
3154 4251 3216 4287 ne
3239 4233 3448 4288 intretis
3476 4233 3531 4286 in
3555 4241 3670 4284 ten-

2081 4335 2334 4388 tationem
2371 4332 2439 4386 ³⁸³.
2472 4329 2727 4398 Quandiu
2767 4329 2989 4400 quidem
3022 4325 3197 4382 adluit
3232 4324 3394 4380 Jesus
3421 4323 3670 4395 discipu-

2079 4425 2148 4482 lis
2177 4426 2315 4492 suis,
2349 4440 2457 4480 non
2500 4422 2877 4488 dormierunt;
2910 4420 3169 4491 pusillum
3209 4428 3395 4482 autem
3433 4432 3664 4488 progre-

2078 4516 2262 4572 diente
2288 4530 2354 4570 eo
2385 4514 2456 4569 ab
2485 4513 2586 4578 eis,
2627 4527 2731 4567 nec
2775 4527 2883 4567 una
2917 4512 3046 4565 hora
3095 4518 3390 4581 potuerunt
3432 4507 3666 4578 vigilare

2078 4625 2146 4666 eo
2172 4608 2420 4664 absente.
2460 4605 2689 4677 Propter
2717 4605 2865 4674 quod
2905 4619 3127 4659 oremus
3158 4611 3218 4658 ut
3249 4618 3350 4658 nec
3384 4601 3662 4657 modicum

388 4700 622 4747 mortem
657 4691 782 4762 ejus
821 4692 932 4747 Deo
971 4691 1150 4747 fuerat
1185 4694 1535 4763 acquirenda,
1571 4695 1788 4750 dicebat
1813 4695 1973 4766 quasi
2006 4706 2054 4765 ι)
2079 4699 2375 4773 aliquando
2407 4698 2567 4755 Jesus
2597 4697 2980 4770 prOgrediatur
3009 4713 3041 4750 a
3075 4695 3257 4762 nobis,
3307 4694 3402 4749 sed
3439 4693 3663 4763 impleat

386 4781 701 4851 recogitans
735 4799 748 4835 :
781 4781 884 4837 Sed
921 4799 1025 4836 non
1058 4784 1195 4836 sicut
1222 4802 1313 4855 ego
1343 4785 1479 4850 volo,
1510 4785 1600 4840 sed
1633 4787 1771 4839 sicut
1804 4795 1890 4851 tu;
1917 4786 1972 4842 id

386 4884 491 4941 est,
528 4873 574 4930 si
605 4875 864 4946 possibile
888 4884 971 4931 est
999 4885 1056 4930 ut
1086 4877 1203 4932 sine
1237 4879 1492 4947 passione
1519 4893 1638 4933 mea
1668 4879 1850 4934 omnia
1879 4879 1971 4935 illa

384 4966 529 5022 bona
571 4967 913 5037 proveniant,
965 4983 1088 5039 quae
1134 4985 1230 5039 per
1278 4969 1588 5040 passionem
1632 4985 1811 5026 meam
1843 4981 1974 5028 sunt

385 5070 738 5131 proventura,
771 5070 1015 5116 transeat
1053 5062 1238 5133 passio
1263 5063 1377 5119 haec
1405 5078 1435 5117 a
1479 5078 1589 5132 me,
1621 5072 1681 5118 ut
1719 5074 1774 5119 et
1807 5080 1970 5119 mun-

386 5154 492 5211 dus
521 5155 779 5222 salvetur,
806 5163 856 5210 et
883 5152 1054 5211 Judaei
1078 5155 1131 5210 in
1164 5156 1416 5226 passione
1441 5173 1562 5212 mea
1591 5173 1699 5213 non
1723 5169 1968 5228 pereant.

387 5244 447 5301 Si
481 5256 660 5302 autem
713 5247 832 5303 sine
881 5247 1188 5318 perditione
1241 5250 1629 5319 quorumdam,
1672 5251 1970 5308 multorum

387 5337 536 5396 salus
569 5354 679 5394 non
715 5348 896 5410 potest
943 5340 1242 5404 introduci,
1288 5351 1554 5412 quantum
1601 5343 1669 5398 ad
1694 5343 1968 5412 justitiam

383 5441 557 5497 tuam,
589 5447 697 5486 non
724 5439 968 5487 transeat
996 5433 1140 5488 sicut
1170 5448 1271 5505 ego
1299 5435 1444 5500 volo,
1475 5435 1570 5490 sed
1601 5438 1747 5491 sicut
1781 5445 1858 5489 tu.
1889 5436 1968 5491 Ac

384 5523 432 5578 si
464 5521 656 5578 dicat:
689 5521 794 5578 ista
829 5523 1048 5592 quidem
1087 5533 1173 5580 est
1211 5540 1330 5580 mea
1375 5526 1651 5596 voluntas,
1699 5527 1793 5581 sed
1837 5542 1970 5596 quo-

383 5615 532 5670 niam
563 5624 656 5670 tua
684 5615 940 5671 voluntas
973 5617 1147 5672 multo
1186 5617 1514 5674 eminentior
1545 5629 1651 5684 est,
1685 5620 1842 5690 quasi
1877 5621 1967 5674 in.

382 5709 550 5778 geniti
593 5707 722 5776 Dei,
752 5710 911 5778 quasi
941 5708 1121 5767 Patris
1153 5713 1424 5777 omnium,
1455 5723 1737 5784 propterea
1788 5715 1963 5782 magis

382 5801 507 5856 \olo
537 5809 686 5856 tuam
718 5800 1055 5857 voluntatem
1101 5803 1220 5860 fieri
1262 5821 1428 5875 quam
1477 5820 1675 5861 meam.
1719 5805 1957 5861 Calicem

453 5917 498 5949 "
539 5916 684 5974 Psal.
720 5933 843 5982 cxv,
871 5918 969 5983 ΔΞ,
1003 5920 1089 5977 15.

1166 5921 1214 5957 ⁸⁸
1251 5918 1411 5978 Joan.
1443 5938 1495 5988 I,
1529 5923 1576 5978 1.

383 5989 427 6022 ⁶¹
464 5987 655 6048 Matth.
691 6005 842 6056 χιιι,
875 5991 963 6046 40.

1656 5922 1701 5956 ⁸⁸
1743 5919 1930 5976 Matth.
1969 5938 2116 5990 xxvi,
2149 5922 2238 5991 £0,
2262 5923 2352 5979 41.

2078 4794 2226 4865 quod
2266 4791 2520 4862 promisit
2549 4791 2602 4846 in
2635 4791 2814 4854 nobis,
2842 4790 3031 4844 dicens
3058 4807 3072 4842 :
3111 4786 3248 4841 Ecce
3276 4802 3368 4857 ego
3394 4784 3662 4840 vobiscum

2075 4903 2165 4942 ero
2196 4886 2436 4940 omnibus
2471 4883 2678 4950 diebus,
2712 4897 2874 4952 usque
2904 4880 2974 4934 ad
3016 4879 3525 4934 consummationem
3561 4893 3664 4931 sc-

2077 4979 2184 5033 culi
2212 4976 2281 5034 “’.
2312 4977 2402 5031 Sic
2425 4975 2571 5030 enim
2595 4972 2944 5045 vigilabimus
2976 4985 3043 5024 eo
3072 4969 3382 5025 excutiente
3402 4981 3657 5023 somnum

2076 5070 2146 5124 ah
2176 5069 2359 5124 anima
2392 5077 2601 5132 nostra,
2628 5069 2747 5121 sine
2775 5079 2885 5136 quo
2909 5061 3169 5133 possibile
3192 5076 3302 5116 non
3325 5070 3410 5116 est
3432 5059 3659 5130 implere

2075 5160 2391 5216 mandatum
2421 5159 2564 5230 quod
2595 5157 2729 5214 dicit
2758 5175 2771 5212 :
2803 5155 2916 5211 Nec
2947 5158 3036 5211 des
3068 5169 3310 5210 somnum
3333 5151 3504 5207 oculis
3529 5153 3657 5217 tuis,

2077 5265 2171 5310 aut
2197 5253 2460 5326 palpebris
2487 5253 2590 5308 tuis
2619 5252 3074 5316 dormitationem,
3102 5260 3161 5304 ut
3181 5248 3374 5304 evadas
3400 5247 3541 5300 sicut
3569 5246 3660 5298 da-

2075 5349 2221 5402 mula
2253 5363 2318 5402 επ
2359 5345 2556 5401 retibus
2597 5355 2646 5400 ct
2682 5346 2819 5400 sicut
2863 5345 2974 5399 aris
3015 5361 3081 5398 ea:
3115 5343 3304 5412 laqueo
3344 5341 3411 5394 “.
3449 5337 3656 5393 Tamen

2071 5439 2298 5495 veniens
2323 5439 2391 5494 ad
2413 5438 2736 5508 discipulos,
2765 5447 2820 5492 et
2841 5437 3126 5492 inveniens
3150 5435 3512 5499 dormientes,
3538 5447 3655 5488 sus-

2071 5532 2206 5587 citat
2226 5547 2321 5588 eos
2343 5530 2512 5587 verbo
2535 5531 2602 5586 ad
2631 5529 2986 5594 audiendum,
3015 5535 3073 5582 ut
3095 5529 3208 5598 jam
3231 5526 3391 5598 quasi
3421 5527 3650 5582 audien-

2074 5624 2220 5679 tibus
2261 5624 2408 5679 dieat
2455 5623 2600 5695 quod
2643 5623 2787 5678 dicet
2829 5621 2912 5676 sic
2950 5620 2996 5652 "
3027 5637 3041 5674 :
3072 5619 3196 5674 Non
3237 5619 3488 5690 potuistis
3545 5635 3649 5673 una

2071 5714 2204 5768 liora
2243 5715 2463 5786 vigilare
2499 5713 2742 5769 mecum?
2779 5711 3032 5783 Praacipit
3068 5720 3251 5766 autent
3296 5709 3543 5781 vigilare,
3592 5715 3649 5762 ut

2069 5807 2359 5879 vigilantes
2405 5822 2650 5864 oremus.
2703 5803 2906 5876 Vigilat
2946 5811 3130 5860 autem
3163 5803 3259 5875 qui
3309 5801 3443 5860 facit
3484 5816 3646 5874 Opera

2432 5924 2476 5958 '°
2512 5921 2704 5978 Matth.
2736 5934 2931 5988 xxvi",
2959 5917 3050 5973 20.
3129 5918 3176 5950 ἰ
3212 5915 3372 5972 Prov.
3400 5933 3474 5984 vi,
3508 5917 3562 5984 4,
3592 5916 3643 5974 5.
