4004 6586
314 311 453 369 ms

1479 301 2139 365 COMMENTARIORUH
2176 303 2436 361 SERIES.

3438 308 3460 364 i
3471 307 3573 365 746

312 427 487 492 bona:
523 421 710 494 vigilat
753 419 848 492 qui
880 419 1112 478 sollicite
1147 419 1258 492 agit
1288 419 1355 478 de
1385 420 1510 477 ﬁdei
1542 420 1788 484 veritate,
1825 434 1893 476 ne
1922 425 1968 484 Α
1997 418 2161 475 fuerit
2202 435 2333 476 caro
2376 417 2581 490 ipsius,
2611 427 2670 475 ut
2715 433 2827 474 non
2872 418 3119 491 perﬁciat
3163 433 3329 490 opera
3353 423 3572 493 carnis,

314 518 369 573 in
409 513 630 586 aliquod
671 513 1023 569 tenebrosum
1068 511 1265 579 dogma
1312 512 1576 568 incurrat.
1609 511 1714 579 Qui
1744 512 1891 567 enim

311 608 394 664 sic
423 606 661 676 vigilans
682 616 838 672 orat,
869 604 1018 661 illius
1057 604 1352 659 exauditur
1377 606 1572 660 oratio.
1607 603 1721 662 lloe
1742 605 1888 661 enim

313 699 582 771 signiﬁcat
609 699 801 754 dicens
824 698 870 730 ⁸³
894 716 908 752 :
952 695 1181 767 Vigilate
1410 707 1462 750 et
1490 707 1668 754 orate:
1695 706 1755 753 ut
1783 696 1893 767 pri-

313 808 463 847 mum
492 792 803 862 vigilemus,
838 798 892 844 et
923 790 1003 844 sic
1036 788 1322 860 vigilantes
1349 804 1590 845 oremus.
1628 787 1695 843 Ut
1722 805 1784 844 ne
1810 789 1894 841 in-

313 885 464 940 tretis
508 884 564 937 in
607 883 968 938 tentationem.
1011 880 1126 938 Hoc
1153 924 1168 947 ,
1201 882 1502 938 secundum
1550 880 1696 951 quod
1737 879 1892 935 multi

313 975 643 1047 intelligunt,
685 976 792 1032 tale
832 984 916 1032 est
954 991 1021 1033 ac
1054 978 1099 1032 si
1132 976 1303 1039 dicat,
1340 987 1400 1029 ut
1434 990 1542 1030 non
1586 973 1889 1030 tentemiui.

313 1068 371 1125 Si
401 1079 584 1125 autem
617 1070 697 1127 sic
731 1071 999 1141 placuerit
1028 1071 1171 1132 Deo.
1204 1069 1537 1140 acquiescite
1567 1067 1706 1132 Deo,
1749 1067 1895 1122 sicut

311 1177 400 1217 nte
432 1162 667 1219 audistis
698 1174 968 1221 orantem.
1003 1163 1307 1220 Considera
1341 1172 1522 1217 autem
1556 1161 1600 1218 si
1632 1159 1894 1231 possibile

309 1263 394 1308 est
429 1256 508 1307 sic
550 1255 851 1326 intelligere
883 1255 1077 1327 magis,
1111 1255 1374 1326 quoniam
1409 1254 1518 1309 vita
1553 1263 1741 1309 nostra
1776 1252 1891 1322 ipsa

313 1347 542 1401 tentatio
564 1358 649 1403 est
682 1349 986 1403 secundum
1015 1347 1118 1403 Job
1142 1348 1221 1416 “;
1252 1347 1457 1402 intrare
1486 1354 1667 1402 autem
1700 1345 1755 1399 in
1780 1351 1893 1399 ten-

310 1442 594 1506 tationem,
630 1450 725 1496 aut
756 1441 959 1498 venire.
981 1442 1035 1496 in
1069 1440 1450 1505 tentationem,
1484 1447 1569 1495 est
1611 1439 1808 1494 radere
1835 1436 1891 1492 in

312 1531 685 1596 tentationem,
718 1540 773 1588 et
803 1532 946 1590 vinci
976 1533 1045 1588 ab
1078 1548 1163 1589 ea.
1205 1532 1269 1587 Et
1293 1543 1426 1602 puto
1457 1531 1583 1603 quia
1616 1545 1776 1586 nemo
1800 1545 1894 1585 ve—

311 1624 392 1678 nit
418 1623 485 1678 ad
512 1622 698 1679 Jesum
733 1625 899 1681 simul
924 1634 982 1680 et
1015 1626 1068 1684 in
1098 1625 1482 1691 tentationem;
1510 1623 1556 1678 si
1588 1630 1769 1677 autem
1803 1637 1894 1678 ve-

311 1715 390 1768 nit
427 1713 482 1769 in
523 1715 903 1783 tentationem,
944 1730 1051 1769 non
1085 1716 1229 1769 venit
1261 1715 1328 1769 ad
1359 1713 1568 1768 Jesum.
1599 1712 1677 1769 Ad
1703 1710 1891 1767 desum

309 1806 456 1861 enim
482 1822 644 1861 nemo
669 1808 838 1875 venit,
869 1808 975 1863 nisi
1014 1824 1177 1878 quem
1206 1808 1373 1863 trahit
1394 1806 1556 1863 Pater
1589 1808 1655 1863 ad
1682 1805 1893 1874 Jesuut,

310 1906 373 1954 ut
408 1898 767 1955 resuscitetur
797 1901 867 1956 ab
908 1916 995 1956 eo.
1021 1899 1101 1955 Ad
1133 1899 1325 1957 Jesum
1365 1915 1497 1973 ergo
1520 1900 1795 1969 venimus,
1837 1909 1897 1957 ut

309 1998 367 2046 et
406 1990 453 2045 si
478 1998 720 2046 teutator
766 2006 868 2047 nos
900 1989 1064 2047 fuerit
1103 2002 1445 2063 persecutus,
1476 2000 1531 2047 et
1553 1991 1695 2047 mala
1715 2006 1781 2048 ex
1805 2006 1892 2058 eo,

311 2098 420 2139 non
451 2084 988 2155 comprehendantur
1006 2085 1076 2141 ab
1101 2085 1204 2150 eis,
1233 2085 1377 2142 sicut
1400 2085 1666 2156 scriptum
1701 2094 1786 2141 est
1806 2086 1851 2118 "
1876 2103 1892 2141 :

309 2172 699 2244 Persequentur
748 2184 796 2229 te
837 2174 1015 2240 mala,
1060 2184 1111 2230 et
1163 2191 1265 2230 non
1316 2176 1769 2246 comprehendent.
1812 2174 1892 2232 Ad

307 2275 646 2337 peccatorem
681 2275 863 2322 autem
893 2267 1155 2323 dicitur“
1181 2286 1194 2322 :
1228 2266 1624 2339 Consequentur
1652 2280 1702 2325 te
1725 2269 1893 2337 mala,

305 2367 358 2415 et
394 2360 826 2429 comprehendent
851 2369 920 2415 te.

378 2451 470 2507 9i.
520 2448 755 2521 Spiritus
782 2450 994 2522 quidem
1040 2462 1338 2524 promptus,
1375 2470 1499 2509 caro
1521 2461 1696 2509 autent
1742 2453 1896 2523 inﬁr-

304 2560 394 2597 ma
419 2543 485 2608 ",
517 2543 732 2599 sicutet
762 2551 911 2610 tuus,
939 2560 973 2600 ο
1000 2544 1179 2615 i’etre,
1210 2548 1437 2619 spiritus
1469 2547 1567 2603 fuit
1609 2556 1894 2618 promptus

307 2637 859 2713 ad.promittendum,
892 2655 1024 2695 caro
1063 2650 1247 2696 autem
1279 2641 1494 2696 infirma
1525 2642 1593 2696 ad
1632 2640 1895 2696 conﬁten-

307 2729 460 2785 dum.
523 2728 628 2785 Sed
680 2731 787 2787 hoc
833 2739 917 2787 est
969 2733 1474 2802 considerandum,
1526 2746 1711 2791 utrum
1753 2734 1895 2790 sicut

307 2821 556 2876 omnium
610 2822 896 2878 hominum
938 2840 1067 2881 caro
1095 2826 1311 2882 inﬁrma
1355 2837 1468 2894 est,
1515 2828 1597 2883 sic
1645 2827 1892 2883 omnium

304 2915 545 2984 spiritus"
562 2926 848 2987 promptus
872 2927 957 2973 est
987 2936 1001 2973 :
1050 2933 1116 2974 an
1150 2922 1394 2975 omnium
1447 2921 1731 2976 hominum
1762 2935 1894 2977 caro

304 3009 526 3079 quidem
561 3010 777 3065 inﬁrma
819 3020 923 3075 est,
958 3008 1065 3067 non
1112 3022 1294 3069 autem
1341 3022 1394 3069 et
1422 3015 1667 3069 omnium
1714 3014 1893 3069 homi-

1994 513 2089 570 sed
2131 512 2336 569 habitet
2376 512 2548 571 virtus
2576 511 2779 569 Christi
2827 513 2883 569 in
2911 526 2996 570 ea.
3039 511 3192 570 Unde
3244 511 3574 571 dicebat":

1995 605 2086 664 Sic
2111 618 2249 663 certe
2284 623 2536 679 repugno,
2560 614 2615 661 et
2643 606 2845 676 castigo
2868 622 3058 676 corpus
3097 622 3291 671 meum,
3313 617 3359 662 et
3383 607 3437 662 in
3468 624 3577 663 ser-

1993 700 2209 754 vitutem
2240 699 2440 771 redigo.
2486 696 2755 766 Quoniam
2805 712 2902 768 per
2936 699 3137 755 multas
3190 699 3578 771 castigationes

1993 791 2124 849 facit
2157 793 2323 848 homo
2354 807 2576 849 carnem
2608 807 2764 849 suam
2808 790 3082 846 inﬁrmam
3124 776 3420 863 proficiens
3466 792 3578 867 spi-

1995 886 2125 955 ritu,
2155 895 2210 943 et
2241 886 2581 942 mortiﬁcans
2626 900 2793 956 opera
2827 885 3035 941 carnis.
3062 883 3176 940 lloc.
3222 901 3353 959 ergo
3394 886 3578 951 dicere

1993 981 2110 1037 vult
2143 979 2209 1036 ad
2243 980 2548 1053 discipulos
2604 996 2735 1038 suos
2767 978 3073 1037 secundum
3124 980 3285 1036 istam
3323 981 3576 1037 traditio—

1993 1088 2153 1128 nem:
2194 1072 2438 1145 Vigiiate,
2465 1083 2515 1130 et
2541 1082 2710 1140 orate,
2740 1090 2804 1129 ne
2826 1073 3037 1129 intretis
3066 1073 3120 1127 in
3146 1074 3487 1128 tentationem
3505 1073 3574 1144 η,

1992 1182 2094 1224 vos
2126 1181 2361 1238 quorum
2418 1166 2646 1237 spiritus
2696 1166 2915 1238 quidem
2972 1173 3257 1237 promptus
3295 1173 3401 1232 est,
3447 1180 3578 1225 caro

1994 1266 2176 1313 autem
2212 1256 2451 1313 inﬁrma.
2487 1257 2759 1325 Quoniam
2804 1257 2897 1328 qui
2949 1256 3252 1329 spiritalior
3294 1263 3349 1313 et
3401 1254 3579 1327 perte.

1994 1346 2133 1405 etior
2166 1358 2272 1414 est,
2297 1348 2587 1405 sollicitior
2621 1363 2744 1405 esse
2773 1348 2932 1405 debet
2972 1364 3042 1405 ne
3075 1363 3337 1421 magnum
3370 1347 3576 1405 bonum

1994 1440 2171 1512 ipsius
2196 1436 2416 1513 gravem
2448 1439 2649 1496 habeat
2672 1440 2909 1510 lapsum.

2067 1535 2156 1592 95.
2202 1532 2406 1591 Iterum
2450 1534 2647 1590 vadens
2688 1531 2883 1598 Iesus,
2930 1531 3101 1587 oravit
3150 1530 3370 1588 dicens:
3416 1530 3581 1588 Pater

1992 1645 2162 1694 meus,
2190 1628 2238 1682 si
2262 1643 2365 1681 non
2401 1634 2573 1696 potest
2611 1624 2708 1680 hoc
2742 1624 2973 1679 transire
2996 1641 3030 1677 α
3062 1637 3144 1678 me
3186 1622 3291 1677 nisi
3318 1622 3455 1677 illud
3498 1623 3579 1677 bi-

1996 1722 2137 1787 bant,
2161 1722 2259 1791 ﬁat
2293 1717 2535 1775 voluntas
2560 1726 2652 1772 tua
2664 1714 2899 1777 "._Petit
2924 1722 3107 1771 autem
3134 1730 3283 1771 nunc
3308 1722 3369 1769 ut
3397 1722 3579 1770 trans-

1997 1826 2088 1872 eat
2120 1813 2262 1870 calix
2294 1813 2363 1869 ab
2388 1827 2473 1881 eo,
2513 1819 2568 1868 et
2607 1812 2651 1867 si
2684 1823 2793 1865 non
2818 1808 2899 1865 sic
2923 1807 3202 1880 quomodo
3231 1806 3403 1863 voluit
3439 1806 3577 1877 ipse,

2001 1916 2244 1964 transeat
2284 1904 2564 1977 quomodo
2598 1902 2713 1959 vult
2748 1900 2931 1957 Pater.
2974 1898 3076 1957 llic
3121 1899 3235 1970 jam
3273 1896 3578 1957 secundum

1996 2000 2144 2072 quod
2173 1986 2469 2070 possumus
2499 1993 2822 2066 intelligere,
2843 2006 3201 2064 exponemus,
3232 1999 3292 2046 ut
3318 2003 3446 2047 cum
3474 1987 3582 2053 hoc

1996 2093 2158 2148 etiam
2195 2090 2558 2163 praecedentia
2599 2088 2885 2145 videamur
2936 2085 3281 2158 exposuisse.
3312 2081 3582 2147 Existimo

1994 2188 2141 2242 enim
2167 2185 2427 2256 quoniam
2458 2184 2600 2239 calix
2647 2183 2736 2239 ille
2770 2182 3044 2254 passionis
3074 2180 3322 2241 omnium
3356 2178 3577 2251 quidem

1996 2279 2065 2333 ab
2092 2277 2223 2333 Jesu
2250 2276 2429 2333 fuerat
2468 2276 2824 2339 transiturus,
2858 2273 2952 2331 sed
2981 2289 3108 2330 cum
3140 2271 3446 2329 differentia
3473 2288 3488 2326 :
3520 2279 3582 2333 ut

1996 2371 2043 2427 si
2077 2369 2302 2442 quidem
2356 2369 2567 2424 biberet
2594 2382 2744 2432 eum,
2783 2375 2839 2422 et
2884 2364 2953 2421 ab
2978 2365 3099 2436 ipso
3132 2364 3391 2429 transiret
3428 2370 3582 2434 post-

1997 2465 2239 2529 modum,
2268 2462 2414 2517 etab
2439 2461 2695 2519 universo
2726 2474 2925 2531 genere
2958 2459 3283 2525 hominum;
3320 2456 3368 2514 si
3393 2464 3578 2512 autem

1998 2572 2105 2612 non
2136 2556 2348 2611 biberet
2373 2569 2522 2620 eum,
2542 2561 2598 2608 et
2628 2553 2699 2608 ab
2730 2553 2849 2620 ipso
2883 2550 3104 2621 quidem
3137 2548 3366 2607 forsitan
3398 2557 3582 2606 trans-

1996 2647 2119 2712 iret,
2152 2645 2220 2700 ab
2266 2643 2583 2700 hominibus
2625 2651 2807 2699 autem
2844 2656 2953 2697 non
2981 2640 3278 2705 transiret,
3320 2639 3413 2696 sed
3458 2653 3582 2695 tua--

1997 2747 2154 2794 neret
2190 2737 2332 2808 apttd
2377 2751 2506 2804 eos,
2555 2736 2732 2792 donec
2767 2735 3054 2805 perﬁceret
3096 2748 3213 2790 eos.
3260 2729 3419 2788 Hunc
3448 2746 3582 2804 ergo

1995 2832 2221 2888 calicem
2255 2829 2528 2900 passionis
2552 2828 2930 2899 principaliter
2953 2826 3176 2897 quidem
3212 2825 3428 2883 volebat
3458 2839 3493 2880 a
3521 2838 3583 2880 se

1995 2923 2263 2987 transire,
2300 2921 2381 2977 sic
2435 2929 2492 2975 ut
2538 2919 2765 2975 omnino
2814 2932 2993 2987 neque
3032 2925 3276 2989 gustaret
3314 2916 3583 2972 amaritu-

1994 3011 2176 3068 dinem
2207 3010 2360 3082 ejus,
2401 3009 2450 3066 si
2491 3017 2675 3064 tamen
2713 3006 2976 3078 possibile
3007 3017 3154 3063 esset
3200 3014 3469 3076 quantum
3509 3004 3581 3062 ad

304 3115 439 3155 num
466 3102 694 3171 spiritus
724 3112 1009 3173 promptus
1038 3112 1142 3171 est,
1171 3104 1265 3160 sed
1308 3114 1517 3161 tantum
1548 3115 1887 3162 sanctorum.
1918 3136 1962 3196 ο
1993 3104 2263 3177 justitiam
2293 3102 2409 3160 Dei.
2433 3100 2594 3170 Quod
2626 3099 2773 3157 enim
2803 3099 3042 3164 dicebat,
3069 3099 3117 3154 si
3141 3097 3393 3170 possibile
3411 3104 3489 3154 est
3509 3097 3578 3167 ⁷⁸,

306 3193 449 3266 Ergo
482 3196 549 3250 ad
585 3197 731 3252 solos
758 3198 1060 3267 apostolos,
1090 3200 1172 3253 vel
1205 3199 1271 3255 ad
1294 3216 1390 3255 eos
1429 3201 1523 3271 qui
1560 3201 1768 3258 similes
1811 3204 1891 3258 eis

304 3288 660 3344 inveniuntur
682 3329 696 3355 ,
736 3289 889 3354 dicit,
936 3291 1193 3360 quoniam
1243 3293 1462 3360 spiritus
1490 3302 1762 3362 promptus
1788 3302 1889 3359 est,

306 3396 434 3436 caro
465 3390 644 3436 autem
691 3382 927 3452 inﬁrma.
985 3381 1290 3439 lnﬁdelium
1347 3394 1528 3438 autem
1562 3393 1611 3439 et
1666 3385 1892 3455 spiritus

305 3472 491 3542 segnis
521 3480 604 3528 est
638 3482 691 3527 et
720 3488 852 3528 caro
889 3473 1127 3528 inﬁrma.
1167 3472 1223 3529 Si
1249 3490 1381 3544 ergo
1411 3474 1477 3529 ad
1517 3486 1737 3531 sanctos
1772 3485 1893 3531 tan-

304 3574 424 3620 tum
452 3564 734 3620 Christum
783 3566 963 3621 dicere
1011 3566 1116 3620 hoc
1156 3566 1436 3636 procedit,
1484 3580 1744 3637 provocat
1790 3584 1892 3625 nos

304 3666 364 3710 ut
389 3671 704 3726 quaeramus
726 3657 983 3728 quoniam
1007 3664 1093 3711 est
1121 3657 1244 3712 aliis
1275 3671 1405 3710 caro
1434 3656 1669 3723 iulirma,
1699 3676 1889 3714 eorum

306 3759 488 3803 tamen
520 3749 762 3803 solorum
798 3764 1033 3819 quorum
1059 3750 1287 3819 spiritus
1316 3759 1604 3821 promptus
1641 3760 1743 3807 est.
1780 3751 1891 3823 Ego

304 3850 488 3899 autem
528 3841 653 3897 dico
693 3857 913 3896 carnem
969 3841 1241 3896 inﬁrmam
1288 3858 1411 3898 esse
1454 3843 1602 3900 illius
1644 3845 1737 3915 qui
1781 3861 1890 3901 non

304 3934 473 3987 habet
502 3944 809 4005 peccatum,
843 3947 944 3988 nec
969 3934 1153 3990 carnis
1189 3934 1514 4005 sapientiam
1546 3933 1767 4000 fortem,
1796 3937 1891 3991 sed

303 4024 614 4093 defectam,
644 4026 739 4098 qui
792 4042 916 4082 cum
964 4027 1157 4098 spiritu
1199 4036 1454 4098 prompto
1504 4028 1688 4084 carnis
1727 4044 1892 4098 Opera

305 4118 678 4184 mortiﬁcavit,
710 4127 765 4174 et
812 4117 1137 4189 sapientiam
1187 4118 1371 4174 carnis
1415 4118 1481 4173 ad
1533 4119 1763 4173 nihilum
1803 4137 1892 4174 re-

305 4210 500 4278 duxit,
531 4219 593 4266 ut
646 4226 864 4281 semper
898 4220 1129 4266 mortem
1182 4209 1384 4266 Christi
1442 4211 1795 4268 circumferat
1836 4212 1890 4268 in

307 4317 540 4374 corpore
560 4317 683 4369 suo,
712 4302 1041 4374 praevalente
1078 4302 1333 4359 videlicet
1362 4305 1556 4375 spiritu
1591 4308 1648 4361 in
1689 4321 1896 4361 concu-

306 4396 590 4466 piscentiis
642 4398 780 4464 suis,
843 4396 1109 4452 adversus
1152 4397 1627 4468 concupiscentias
1670 4399 1889 4456 carnis:

1994 3214 2104 3254 non
2155 3196 2223 3252 ad
2252 3196 2553 3268 potentiam
2602 3192 2699 3251 Dei
2749 3191 3023 3250 referebat
3055 3192 3252 3261 solam,
3284 3190 3380 3248 sed
3410 3189 3579 3249 etiam

1993 3293 2061 3349 ad
2087 3291 2359 3361 justitiam
2398 3289 2559 3361 ejus:
2592 3288 2852 3359 quoniam
2890 3285 2946 3342 in
2983 3294 3249 3358 quantum
3286 3284 3359 3342 ad
3389 3292 3582 3357 poten-

1992 3386 2123 3443 tiam
2154 3384 2376 3457 quidem
2404 3381 2521 3451 Dei,
2550 3381 2735 3438 omnia
2771 3380 3059 3453 possibilia
3090 3385 3240 3447 sunt,
3265 3376 3383 3434 sive
3405 3376 3577 3449 justa,

1992 3478 2109 3534 sive
2138 3476 2343 3547 injusta
2365 3492 2389 3542 ;>
2420 3484 2689 3547 quantum
2712 3482 2895 3529 autem
2920 3473 2987 3530 ad
3009 3471 3280 3544 justitiam
3307 3468 3451 3543 ejus,
3481 3470 3580 3541 qui

1991 3586 2101 3625 non
2130 3570 2309 3625 solum
2357 3576 2553 3639 potens
2587 3578 2693 3631 est,
2738 3567 2834 3623 sed
2879 3566 3046 3623 etiam
3072 3565 3279 3637 justus,
3309 3574 3422 3621 non
3449 3571 3582 3620 stult

1992 3661 2177 3717 omnia
2225 3658 2542 3731 possibilia,
2594 3657 2688 3713 sed
2732 3671 2798 3714 ea
2843 3657 2957 3714 sola
3005 3670 3130 3727 quae
3152 3656 3301 3727 justa
3334 3663 3483 3712 sunt.
3518 3653 3579 3710 Si

1991 3762 2177 3810 autem
2202 3766 2310 3807 non
2349 3759 2563 3822 poterat
2604 3749 2744 3816 ﬁeri,
2789 3746 2967 3820 magis
3008 3748 3226 3804 volebat
3267 3754 3329 3804 ut
3368 3745 3582 3803 biberet

1990 3861 2116 3902 eum
2140 3887 2156 3912 ,
2188 3853 2244 3901 et
2277 3844 2358 3901 sic
2390 3844 2650 3899 transiret
2679 3842 2748 3898 ab
2781 3856 2850 3899 eo
2882 3849 2938 3898 et
2967 3841 3039 3897 ab
3080 3840 3339 3897 universo
3380 3853 3580 3912 genere

1993 3940 2304 4005 hominum,
2338 3952 2504 4009 quam
2532 3944 2593 3992 ut
2632 3935 2840 3993 faceret
2882 3942 3078 3992 contra
3106 3935 3445 3991 voluntatem
3473 3948 3577 4006 pa-

1991 4043 2228 4102 ternam,
2250 4031 2574 4088 bibitionem
2619 4029 2740 4101 ejus
2778 4026 3066 4100 eﬂ'ugiens.
3100 4025 3331 4098 Propter
3365 4026 3576 4084 exitum

1991 4139 2123 4195 ergo
2156 4123 2360 4179 bonum
2406 4120 2501 4193 qui
2529 4128 2653 4175 erat
2686 4116 2909 4175 futurus
2938 4126 3064 4189 post
3100 4116 3332 4174 bibitam
3372 4116 3583 4174 amari-

1990 4215 2237 4271 tudinem
2288 4212 2498 4281 calieis,
2530 4220 2649 4268 orat
2679 4213 2799 4268 vice
2843 4209 3365 4268 secundae-dicens:
3414 4205 3579 4264 Pater

1992 4324 2138 4363 meus
2162 4347 2178 4375 ,
2214 4306 2261 4361 si
2310 4322 2417 4360 non
2464 4314 2540 4359 est
2587 4302 2839 4375 possibile
2877 4310 2937 4357 ut
2975 4309 3212 4356 transeat
3251 4300 3359 4357 nisi
3398 4300 3578 4358 bibere

1991 4416 2133 4468 eum,
2156 4399 2254 4471 ﬁat
2284 4397 2529 4454 voluntas
2556 4405 2652 4451 tua
2665 4393 3114 4461 ".:Manife’stum
3139 4402 3226 4450 est
3241 4393 3427 4466 itaque
3444 4394 3576 4466 quia

305 4489 566 4561 quoniam
591 4504 715 4544 caro
741 4489 1065 4559 concupiscit
1086 4491 1335 4546 adversus
1369 4492 1638 4562 spiritum,
1671 4496 1889 4564 spiritus
1922 4507 1967 4565 ι)
1998 4493 2181 4550 bibere
2236 4507 2363 4548 eum
2409 4491 2644 4549 volebat.
2671 4487 2949 4560 Quantum
3004 4487 3073 4544 ad
3114 4487 3576 4559 comparationem

305 4592 483 4637 autem
509 4582 758 4636 adversus
779 4598 991 4636 carnem
1009 4583 1077 4640 ".
1105 4580 1172 4637 Et
1191 4585 1304 4639 haec
1329 4585 1382 4638 in
1402 4584 1735 4655 imperfectis
1766 4586 1889 4656 qui-

304 4677 430 4731 dem
464 4676 824 4731 adversantur
867 4677 1128 4743 invicem,
1168 4677 1222 4732 in
1260 4676 1515 4748 perfectis
1552 4687 1733 4734 autem
1773 4680 1886 4751 jam

305 4785 420 4825 non
453 4770 773 4826 adversatur
804 4784 957 4837 caro,
1009 4770 1103 4826 sed
1147 4770 1471 4827 mortiﬁcata
1499 4780 1604 4837 est,
1652 4781 1707 4828 et
1732 4772 1886 4827 inﬁr-

305 4869 454 4916 mata
496 4870 583 4917 est
622 4862 889 4932 sapientia
942 4861 1127 4918 carnis
1165 4861 1221 4917 in
1268 4876 1462 4929 carne,
1512 4872 1567 4919 et
1593 4864 1887 4935 concupis-

308 4953 488 5008 centia
520 4955 641 5025 ejus
667 4954 936 5011 exstincta
968 4963 1082 5022 est;
1115 4954 1248 5011 vivit
1280 4963 1463 5011 autem
1493 4955 1546 5011 in
1585 4972 1646 5012 ea
1672 4957 1889 5028 sapien-

308 5050 387 5104 tia
419 5049 672 5120 spiritus,
706 5050 841 5105 vivit
877 5058 1057 5105 autem
1084 5057 1138 5104 et
1175 5059 1454 5121 operatur.
1484 5049 1559 5105 De
1593 5067 1701 5121 qua
1737 5049 1892 5106 inlir~

308 5143 501 5198 mitate
535 5155 589 5198 et
618 5142 883 5199 Dominus
909 5144 975 5198 ad
1005 5143 1326 5215 Apostolum
1362 5143 1494 5199 dicit
1526 5143 1592 5208 ",
1630 5145 1887 5214 quoniam

306 5234 476 5288 virtus
506 5235 561 5288 in
601 5234 913 5305 inﬁrmitate
940 5236 1236 5306 perﬁcitur,
1260 5234 1315 5289 id
1361 5243 1444 5291 est
1473 5234 1527 5290 in
1552 5234 1890 5297 infirmitate

306 5326 493 5384 carnis
522 5337 577 5383 et
612 5328 892 5399 sapientiae
923 5329 1062 5400 ejus.
1103 5328 1330 5400 Propter
1356 5329 1499 5400 quod
1539 5328 1616 5384 ait
1648 5329 1885 5401 Aposto—

307 5418 397 5475 lus
416 5421 462 5454 '°
489 5439 503 5475 :
537 5420 670 5477 Cum
695 5424 834 5478 enim
866 5423 1131 5493 inﬁrmor,
1170 5430 1293 5476 tunc
1315 5430 1495 5492 potens
1518 5438 1656 5476 sum.
1687 5421 1889 5478 Potens

306 5514 454 5569 enim
480 5522 613 5570 tunc
632 5514 696 5570 ﬁt
733 5514 1114 5586 unusquisque
1138 5525 1386 5572 nostrum
1408 5556 1422 5582 ,
1455 5530 1581 5571 cum
1616 5515 1889 5570 inﬁrmata

376 5631 422 5663 ⁸³
462 5630 651 5687 Matth.
689 5646 841 5698 xxvi,
895 5630 984 5687 4i.
1063 5630 1109 5664 “
1147 5642 1246 5694 vn,
1298 5633 1350 5689 Ι.

304 5702 351 5737 ⁸⁸
384 5700 595 5773 ΙΙγοοικ
624 5718 736 5773 ιιι,
772 5704 828 5761 9.
934 5702 979 5737 "°
1020 5700 1156 5760 ibid.
1190 5702 1275 5757 10.

303 5774 353 5806 ’⁸
377 5772 509 5832 ibid.
543 5772 633 5829 42.

1457 5632 1501 5667 ⁵⁸
1535 5629 1699 5687 Prov.
1755 5647 1895 5698 xm,
1942 5629 2032 5685 2i.

1372 5702 1415 5736 "
1458 5701 1479 5756 l
1518 5699 1646 5759 Cor.
1678 5719 1758 5773 ιι,
1790 5697 1886 5769 26,

1995 5703 2020 5757 '.
2098 5703 2143 5737 "
2181 5700 2370 5759 Matth.
2408 5717 2560 5771 xxvi,
2605 5699 2693 5757 il.
2770 5698 2817 5732 "
2854 5698 2988 5757 ibid.
3037 5698 3128 5758 42.
3202 5700 3252 5734 ’⁸
3302 5697 3444 5760 ibid.
3482 5697 3573 5760 39,

1995 4586 2166 4654 enim,
2190 4584 2388 4642 melius
2409 4591 2529 4641 erat
2556 4592 2615 4639 ut
2642 4593 2867 4655 propter
2903 4580 3227 4638 bibitionem
3247 4580 3370 4653 ejus
3395 4588 3580 4638 trans-

1996 4678 2120 4745 iret,
2149 4691 2315 4748 quam
2348 4686 2411 4731 ut
2456 4689 2567 4731 non
2599 4673 2862 4729 transiret
2904 4680 3126 4744 propter
3162 4669 3309 4743 quod
3342 4685 3454 4727 non
3488 4671 3578 4728 bi-

1996 4769 2154 4826 berat
2181 4783 2331 4826 eum.
2358 4767 2508 4824 Pone
2532 4767 2682 4823 enim
2724 4764 3017 4822 Dominum
3055 4777 3168 4820 non
3203 4761 3411 4820 bibisse
3442 4762 3580 4820 eali-
3606 4832 3633 4855 4

1995 4876 2115 4918 cem
2145 4861 2322 4929 illum,
2348 4869 2403 4917 et
2436 4866 2656 4933 propter
2694 4857 2799 4914 hoc
2828 4872 2957 4914 eum
3001 4871 3110 4914 non
3135 4856 3442 4923 transiisse,
3457 4856 3578 4912 sine

1996 4956 2165 5014 dubio
2220 4972 2321 5014 nec
2365 4971 2395 5012 s
2446 4969 2643 5030 genere
2685 4953 3302 5013 humanotransiissent
3349 4952 3577 5024 spiritus

1994 5059 2285 5123 operantes
2313 5058 2555 5121 peccata.
2575 5047 2977 5104 Convenienter
2995 5055 3175 5103 autem
3201 5060 3379 5117 neque
3399 5058 3577 5118 pana
3606 5070 3614 5088 ε

1995 5143 2473 5214 transiissentqure
2512 5140 2852 5197 debebantur
2896 5138 3154 5211 peccatis.
3224 5134 3370 5210 Ergo
3411 5150 3605 5216 expc:

1995 5237 2176 5301 diebat
2203 5220 2463 5291 omnibus
2507 5241 2569 5290 ut
2597 5234 2854 5289 transiret
2893 5231 3036 5288 calix
3065 5231 3135 5287 ab
3175 5234 3262 5298 eo,
3289 5235 3598 5302 propterea

1995 5327 2140 5400 quod
2192 5326 2407 5383 biberat
2457 5340 2583 5382 eum
2641 5322 2929 5390 Salvator,
2961 5332 3022 5379 ut
3066 5336 3168 5378 nos
3213 5335 3406 5377 omnes
3449 5335 3572 5376 cre-

1995 5421 2185 5478 dentes
2241 5420 2297 5475 in
2349 5435 2475 5476 eum
2528 5418 2621 5491 qui
2667 5417 2883 5474 biberat
2934 5430 3098 5484 eum,
3149 5430 3257 5472 non
3321 5414 3579 5490 bibamus

1998 5514 2153 5571 illum
2184 5513 2410 5571 calicem
2458 5511 2572 5569 vini
2624 5510 2796 5580 meri,
2842 5509 2936 5582 qui
2994 5518 3146 5583 potat
3190 5518 3248 5568 et
3289 5518 3581 5584 potaturus

2130 5631 2177 5665 σο
2220 5630 2355 5687 ibid.
2432 5630 2477 5663 οτ
2524 5626 2719 5686 Matth.
2765 5642 2930 5692 XXVI,
2974 5625 3067 5684 tt.
3143 5627 3188 5662 ιο
3225 5627 3345 5687 Gal.
3398 5590 3587 5698 v.17;
