4004 6614
450 318 596 385 ΓΙΓῘ

1626 323 1951 381 ORIGENIS
1985 323 2054 378 iN
2090 322 2509 381 MATTHZEUM

3566 322 3712 379 1748

444 453 533 501 est
590 455 781 499 omnes
845 450 1030 515 gentes
1063 481 1080 508 ,
1174 452 1233 498 ut
1316 444 1562 500 bibentes
1637 445 1978 502 inebrientur
2003 488 2017 512 ,
2049 444 2095 502 A
2121 458 2228 500 non
2271 442 2588 513 simpliciter
2635 441 2899 507 dormire,
2942 441 3035 497 sed
3077 439 3219 497 θωπί
3238 441 3451 512 requie.
3475 441 3708 498 Multum

443 534 608 607 905
651 544 707 590 et
751 544 1042 602 evomant,
1084 544 1139 591 et
1184 536 1424 591 insanire
1458 536 1722 592 desistant
1766 538 1832 589 ⁷⁸.
1867 535 2021 592 Sicut

444 628 593 683 enim
639 642 740 697 pro
791 627 949 683 nobis
993 629 1248 684 omnibus
1297 637 1546 685 mortuus
1595 638 1716 697 est,
1750 638 1811 685 ut
1841 640 2021 686 trans-

444 727 534 772 eat
562 732 665 773 nos
707 731 858 772 mors
902 717 1122 773 inimica
1161 716 1398 784 Christi,
1454 718 1534 773 sic
1578 734 1676 788 pro
1709 720 1868 773 nobis
1897 733 2019 772 om-

445 808 638 876 nibus,
682 809 776 879 qui
805 808 1076 864 debitores
1117 823 1336 864 eramus
1378 810 1518 863 utin
1569 819 1832 864 aeternum
1879 809 2023 864 bibe-

444 916 651 968 remus,
679 901 903 955 calicem
938 901 1089 955 illum
1125 902 1281 958 bibit.
1313 910 1373 956 ut
1405 917 1500 972 per
1530 903 1636 958 hoc
1663 903 1842 973 ipsum
1875 903 2022 973 quod

446 992 644 1047 transit
674 990 743 1048 ab
774 1006 841 1045 eo
880 991 1041 1056 calix,
1070 1000 1310 1047 transeat
1355 1003 1409 1047 et
1437 1009 1466 1047 a
1503 993 1658 1048 nobis
1688 1008 1797 1047 non
1836 993 2025 1048 biben-

443 1084 589 1138 tibus
622 1082 795 1137 illum.
836 1081 908 1137 De
949 1098 1058 1151 quo
1104 1084 1272 1139 calice
1296 1085 1429 1138 dicit
1455 1083 1788 1139 Jeremias"
1824 1102 1836 1137 :
1875 1083 2023 1138 Dixit

444 1174 706 1227 Dominus
751 1172 893 1227 Deus
937 1173 1111 1229 Israel
1159 1176 1227 1229 ad
1276 1193 1356 1229 me
1385 1191 1404 1228 :
1432 1176 1622 1246 Accipe
1652 1176 1869 1230 calicem
1915 1176 2021 1230 vini

444 1266 577 1321 meri
607 1264 766 1335 Itujus
813 1264 878 1320 de
928 1283 1089 1320 manu
1134 1285 1248 1321 mea
1270 1310 1283 1329 ,
1313 1278 1361 1323 el
1404 1269 1610 1337 potabis
1646 1284 1821 1322 omnes
1847 1278 2021 1340 gentes

444 1357 515 1412 ad
549 1374 682 1429 quas
727 1374 821 1425 ego
852 1359 1006 1413 mitto
1043 1368 1131 1423 te;
1174 1369 1222 1413 et
1268 1358 1464 1421 bibent,
1492 1372 1541 1414 et
1574 1370 1829 1426 evoment,
1860 1369 1909 1415 et
1939 1362 2020 1414 in-

442 1449 622 1502 sanire
666 1447 918 1502 desistant
953 1464 985 1502 a
1030 1448 1169 1517 facie
1207 1448 1378 1519 gladii
1425 1466 1576 1520 quem
1623 1466 1716 1521 ego
1762 1450 1913 1504 mitto
1970 1452 2025 1504 in

441 1538 614 1592 medio
646 1554 850 1592 eorum.
884 1537 988 1604 Qui
1040 1553 1169 1610 ergo
1216 1539 1445 1594 audiunt
1489 1538 1779 1595 Dominum
1802 1581 1817 1607 ,
1862 1551 1912 1596 et
1946 1542 2021 1595 vi-

439 1636 576 1684 vunt
603 1630 905 1686 secundum
933 1629 1154 1684 verbum
1193 1630 1333 1701 ejus,
1366 1638 1421 1686 et
1466 1639 1593 1687 sunt
1624 1630 1902 1686 emundati
1931 1646 2026 1700 per

444 1720 602 1776 ﬁdem
632 1720 828 1790 ipsius,
854 1720 969 1791 jam
1003 1735 1112 1775 non
1146 1736 1287 1791 opus
1314 1722 1631 1776 habent-illa
1673 1722 2026 1779 mundatioue

2121 537 2266 591 enim
2296 535 2475 592 diﬂ‘ert
2518 536 2817 592 secundum
2846 545 3171 607 praeceptum
3204 536 3407 593 Christi
3445 538 3710 600 dormire,

2121 635 2177 682 et
2219 625 2563 697 requiescere
2612 641 2643 681 a
2688 626 3070 681 dormitatione
3127 636 3317 682 contra
3368 627 3711 682 voluntatem

2123 716 2298 786 ipsius
2343 716 2614 772 dicentis:
2660 715 2869 771 Manete
2898 718 3014 781 hic,
3047 726 3097 771 et
3146 718 3360 788 vigilate
3391 734 3598 772 mecum
3625 719 3710 783 3‘;

2123 819 2177 863 et
2202 808 2621 878 improperantis
2650 818 2870 879 propter
2907 824 3182 873 somnum,
3211 817 3267 863 et
3298 809 3537 864 dicentis
3571 828 3587 863 :
3618 809 3713 865 Sic

2125 915 2229 954 non
2255 900 2505 969 potuistis
2536 916 2644 954 una
2676 899 2806 953 liora
2840 900 3059 970 vigilare
3082 912 3285 953 mecum
3315 900 3397 953 ‘3’?
3425 899 3549 955 Non
3579 915 3715 973 ergo

2123 990 2397 1047 contraria
2449 990 2553 1046 sibi
2604 990 2776 1059 dixit,
2818 990 3007 1047 dicens
3038 991 3149 1047 illic
3189 1010 3203 1045 :
3237 992 3453 1061 vigilate
3484 1009 3715 1055 meeum,

2125 1086 2215 1141 hic
2250 1096 2453 1150 autem,
2494 1085 2723 1140 dormite
2748 1094 2800 1138 et
2830 1087 3167 1156 requiescite;
3198 1086 3291 1141 sed
3335 1095 3398 1140 ut
3428 1087 3567 1141 ordo
3597 1101 3717 1140 ser-

2126 1187 2301 1245 vetur,
2328 1187 2389 1233 ut
2411 1178 2647 1248 primum
2674 1178 2891 1248 quidem
2928 1179 3217 1248 vigilemus
3240 1186 3485 1241 orantes,
3513 1188 3576 1231 ut
3602 1192 3715 1230 non

2126 1270 2392 1325 intremus
2436 1271 2490 1324 in
2538 1272 2920 1334 tentationem,
2946 1279 3000 1324 et
3048 1278 3235 1340 postea
3276 1270 3624 1325 dormiamus
3663 1281 3721 1322 et

2128 1363 2535 1431 requiescamus
2607 1361 2905 1416 secundum
2975 1359 3069 1416 Dei
3129 1370 3480 1431 praeceptum.
3536 1360 3716 1427 Quem

2128 1468 2381 1509 somnum
2430 1452 2687 1508 Salomon
2744 1452 2897 1521 ponit
2950 1452 3001 1506 in
3049 1453 3412 1522 promissione
3456 1453 3598 1507 bene
3633 1451 3721 1506 vi—

2127 1546 2400 1612 ventibus,
2436 1546 2624 1601 dicens
2654 1546 2707 1599 in
2734 1543 3044 1599 Proverbiis
3084 1546 3200 1600 suis
3230 1546 3278 1585 ἰ
3310 1563 3325 1597 :
3351 1543 3413 1599 Si
3454 1545 3602 1598 enim
3631 1560 3721 1597 se-

2127 1637 2289 1705 deris,
2318 1638 2430 1692 sine
2458 1639 2644 1690 timore
2672 1636 2811 1700 eris;
2838 1636 2888 1688 si
2919 1644 3094 1689 autem
3137 1635 3443 1704 dormieris,
3477 1638 3722 1690 suaviter

2127 1728 2377 1794 dormies,
2401 1737 2451 1783 et
2483 1744 2588 1782 non
2620 1728 2827 1781 timebis
2855 1742 3097 1795 pavorem
3125 1727 3594 1794 supervenientem,
3621 1743 3718 1780 nec

439 1828 562 1884 quae
591 1813 653 1867 ﬁt
682 1827 780 1883 per
807 1812 1030 1868 calicem
1068 1812 1218 1868 illum
1262 1813 1376 1869 me.
1413 1812 1567 1868 Sicut
1608 1814 1752 1869 enim
1787 1815 1879 1885 qui
1928 1814 2022 1869 Ιοιί
2059 1791 2101 1847 Β
2128 1791 2371 1892 impetus
2403 1822 2685 1893 impiorum
2741 1791 3020 1875 irruentes.
3076 1818 3145 1874 Et
3191 1791 3409 1885 iDavid,
3459 1821 3718 1875 diversas

440 1914 571 1962 sunt
620 1921 728 1960 nun
784 1920 923 1976 opus
972 1905 1169 1961 habent
1219 1906 1408 1974 lavari,
1457 1909 1586 1978 quia
1635 1917 1763 1963 sunt
1796 1908 2021 1973 mundi,

439 1999 569 2069 quia
603 1997 803 2055 Christi
837 1998 1092 2069 discipuli
1122 2007 1281 2066 sunt;
1313 2001 1392 2055 sic
1417 2000 1510 2071 qui
1540 2016 1647 2056 non
1674 2010 1803 2055 sunt
1834 2002 2024 2056 mundi

441 2090 811 2147 necessarium
873 2091 1074 2146 habent
1127 2093 1351 2150 calicem
1404 2093 1598 2160 illum,
1651 2092 1885 2148 Domino
1930 2108 2025 2150 eos

443 2184 697 2240 hortante
726 2198 740 2235 :
775 2182 972 2250 Bibite,
999 2192 1049 2237 et
1076 2184 1436 2248 inebriamini,
1470 2195 1519 2240 et
1551 2187 1770 2240 evomite
1789 2185 1854 2238 ⁷⁸.
1884 2184 2024 2240 Audi

439 2278 585 2332 enim
634 2276 911 2347 quomodo
961 2276 1202 2345 loquitur
1260 2275 1547 2345 Jeremias,
1612 2277 1788 2348 magis
1842 2286 2022 2332 autem

442 2369 584 2425 Deus
624 2368 680 2423 in
722 2366 980 2433 Ieremia,
1031 2369 1330 2424 exhortans
1362 2384 1459 2425 eos
1510 2369 1604 2439 qui
1653 2369 2023 2425 necessarium

441 2461 645 2516 habent
693 2457 917 2515 calicem
970 2460 1123 2516 illum
1174 2460 1368 2526 talem;
1416 2460 1674 2530 quoniam
1723 2460 2026 2516 voluntarie

440 2554 639 2610 debent
669 2568 793 2609 eum
826 2552 1031 2619 bibere,
1067 2552 1160 2623 qui
1207 2554 1575 2609 necessariam
1628 2552 1830 2608 habent
1860 2553 2025 2609 talem

442 2646 874 2703 inundationem.
905 2645 1173 2712 Quoniam
1202 2653 1382 2700 autem
1410 2644 1706 2701 exhortans
1738 2646 1807 2700 ad
1835 2646 2027 2702 biben-

439 2742 569 2796 dum
621 2742 735 2795 hac
786 2738 919 2794 dicit
964 2736 1129 2803 Deus,
1179 2736 1465 2792 considera
1517 2736 1660 2807 quod
1707 2735 1842 2791 dicit
1889 2735 2026 2793 infe-

439 2832 557 2886 rius
582 2832 627 2863 τ’
658 2849 672 2886 :
706 2828 777 2883 Et
804 2829 926 2893 erit,
959 2827 1154 2897 inquit,
1184 2842 1303 2881 cum
1331 2825 1599 2882 noluerint
1640 2825 1903 2896 suscipere
1931 2844 2021 2882 ca-

440 2925 593 2979 licem
639 2922 705 2979 de
756 2940 918 2978 manu
974 2931 1068 2977 tua
1114 2921 1185 2975 ad
1223 2919 1522 2988 bibendum,
1554 2920 1696 2975 dices
1739 2920 1816 2975 eis
1846 2936 1865 2974 :
1897 2917 2028 2974 Haec

438 3016 572 3070 dicit
605 3014 859 3070 Dominus
893 3016 1152 3070 virtutum
1181 3029 1199 3067 :
1228 3012 1474 3067 Bibentes
1521 3012 1733 3080 bibetis,
1773 3011 2027 3084 quoniam

434 3107 495 3161 in
522 3107 733 3162 civitate
758 3123 918 3177 super
943 3121 1105 3178 quam
1137 3105 1438 3160 invocatum
1479 3113 1558 3160 est
1611 3121 1798 3159 nomen
1826 3120 2022 3172 meum,
2052 3132 2096 3191 ο

438 3212 595 3266 super
645 3198 816 3264 ipsam
861 3198 1115 3267 incipiam
1162 3212 1255 3267 ego
1295 3195 1544 3250 inducere
1601 3194 1786 3260 mala,
1834 3204 1882 3249 et
1932 3211 2021 3248 vos

440 3288 786 3343 mundatione
843 3288 1254 3342 mundabimini.
1318 3286 1454 3341 Vide
1516 3293 1697 3341 autem
1759 3285 2020 3355 quoniam

442 3385 568 3447 post
600 3378 834 3448 primam
869 3378 1173 3435 orationem
1202 3378 1345 3433 venit
1390 3378 1457 3432 ad
1497 3377 1826 3447 discipulos,
1856 3386 1909 3432 et
1940 3377 2023 3431 in-

441 3468 593 3524 venit
621 3483 718 3524 eos
748 3469 1112 3536 dormientes;
1149 3469 1399 3524 similiter
1442 3477 1565 3539 post
1604 3470 1898 3524 secundam
1934 3485 2022 3523 vc-

442 3557 600 3613 niens
632 3557 839 3613 invenit
869 3573 967 3615 eos
1008 3558 1361 3625 dormientes,
1405 3560 1660 3628 quoniam
1701 3567 1850 3613 erant
1883 3558 2023 3613 oculi

439 3662 623 3702 eorum
662 3650 869 3719 gravati
896 3650 966 3706 ‘°.
1009 3648 1150 3704 Puto
1194 3657 1375 3704 autem
1426 3665 1532 3705 non
1580 3659 1790 3706 tantum
1826 3666 2024 3721 corpo-

441 3754 565 3794 rum
595 3754 781 3794 eorum
814 3740 959 3795 oculi
989 3749 1254 3811 quantum
1308 3740 1614 3795 animarum
1650 3756 1862 3796 eorum.
1910 3741 2021 3796 Ad—

444 3831 551 3888 huc
581 3833 726 3888 enim
754 3833 994 3888 nondum
1031 3840 1312 3887 amoverat
1338 3831 1407 3887 ab
1430 3833 1605 3888 oculis
1627 3832 2019 3904 discipulorum

440 3940 666 3982 suorum
694 3940 984 3995 gravamen
1025 3925 1364 3995 impositum,
1396 3941 1499 3981 nec
1536 3926 1682 3981 enim
1720 3926 1897 3981 fuerat
1927 3927 2023 3982 ad-

443 4016 553 4071 huc
585 4015 1000 4071 honoriﬁcatus.
1050 4015 1118 4069 Et
1158 4017 1300 4070 sicut
1342 4015 1582 4070 nondum
1633 4024 1752 4071 erat
1785 4014 2022 4085 Spiritus

440 4107 625 4173 datus,
659 4107 917 4178 quoniam
965 4105 1126 4161 Jesus
1174 4106 1416 4161 nondum
1462 4116 1579 4162 erat
1607 4107 2019 4173 honoriilcatus,

444 4204 526 4258 sic
552 4200 698 4255 oculi
727 4214 918 4254 eorum
952 4198 1194 4253 nondum
1239 4198 1455 4253 fuerant
1497 4198 1720 4253 revelati
1768 4214 1796 4253 a
1832 4214 2023 4270 grava-

442 4292 609 4360 mine,
640 4291 901 4362 quoniam
931 4289 1092 4347 Jesus
1118 4290 1358 4346 nonduin
1398 4288 1579 4345 fuerat
1605 4290 2019 4346 honoriticatus.

441 4382 599 4440 Unde
625 4399 733 4439 non
758 4398 854 4440 eos
878 4384 1247 4454 reprehendit,
1276 4384 1371 4441 sed
1403 4384 1604 4439 vadens
1632 4384 1827 4439 iterum
1866 4383 2022 4439 tertia

2126 1915 2307 1970 sciens
2337 1914 2550 1983 vigilias
2581 1922 2637 1969 et
2666 1913 3111 1977 dormitationes,
3153 1912 3360 1982 juravit
3386 1911 3627 1966 Domino
3658 1922 3720 1967 et

2125 2015 2310 2062 votum
2343 2008 2488 2063 vovit
2517 2007 2627 2062 Deo
2648 2006 2836 2073 Jacob,
2862 2021 2968 2060 non
2993 2005 3284 2061 ascendere
3314 2020 3480 2074 supra
3508 2003 3716 2058 lectum

2127 2110 2335 2154 stratus
2364 2099 2470 2166 sui,
2505 2115 2607 2154 nec
2647 2099 2780 2155 dare
2822 2114 3073 2154 somnum
3100 2096 3273 2151 oculis
3302 2096 3419 2152 suis
3459 2112 3562 2151 nec
3593 2097 3717 2167 pal-

2127 2192 2308 2260 pebris
2353 2192 2469 2247 suis
2514 2191 2983 2255 dormitationem,
3017 2199 3071 2245 et
3124 2190 3228 2244 hoc
3269 2189 3455 2243 tandiu
3508 2188 3719 2254 facere,

2125 2284 2300 2338 donec
2348 2283 2587 2337 inveniat
2630 2282 2806 2336 locum
2840 2280 3104 2346 Domino,
3153 2279 3570 2334 tabernaculum
3605 2278 3720 2334 Deo

2125 2375 2296 2431 Jacob
2325 2376 2410 2433 "z
2450 2382 2509 2429 ut
2540 2390 2664 2428 cum
2701 2373 2969 2429 invenerit
3009 2373 3187 2428 locum
3230 2371 3487 2437 Domino,
3516 2387 3718 2427 usuen-

2126 2468 2220 2521 dat
2256 2479 2421 2535 supra
2447 2465 2645 2519 lectum
2669 2472 2873 2520 stratus
2898 2462 3005 2526 sui,
3038 2472 3093 2518 et
3121 2463 3212 2517 det
3247 2478 3506 2518 somnum
3539 2464 3720 2520 oculis

2128 2560 2244 2613 suis
2276 2556 2667 2612 renovantibus
2690 2570 2769 2622 se,
2803 2564 2859 2610 et
2903 2564 3025 2625 post
3066 2554 3307 2624 requiem
3350 2556 3720 2624 pra‘paranti-

2129 2650 2231 2705 bus
2268 2648 2334 2703 ad
2366 2663 2562 2703 novam
2598 2655 2650 2702 et
2684 2645 3009 2701 diviniorem
3052 2646 3474 2712 surrectionem,
3510 2640 3716 2702 secuit-

2126 2743 2259 2798 dum
2305 2741 2450 2812 quod
2500 2741 2639 2797 solet
2688 2738 3068 2809 corporalibus
3122 2738 3444 2794 hominibus
3493 2739 3719 2794 evenire

2127 2842 2251 2905 post
2280 2847 2532 2888 somnum
2562 2829 2865 2885 naturalem
2899 2837 2953 2883 et
2985 2844 3202 2885 sanum.
3234 2827 3491 2883 Forsitan
3528 2838 3717 2885 autem

2130 2934 2183 2978 et
2216 2922 2397 2976 anima
2423 2936 2532 2975 non
2573 2928 2767 2990 potens
2801 2932 3017 2987 semper
3048 2916 3276 2973 sufferre
3308 2917 3532 2975 labores
3554 2921 3721 2989 quasi

2128 3023 2308 3072 creata
2341 3023 2394 3069 et
2421 3013 2722 3079 incarnata,
2750 3022 2804 3066 et
2839 3025 2948 3065 non
2977 3008 3251 3066 suiliciens
3277 3010 3397 3065 sine
3428 3010 3720 3067 intermis-

2127 3108 2284 3162 sione
2328 3119 2545 3161 servare
2594 3103 2822 3169 bonum,
2864 3102 3215 3157 remissiones
3246 3101 3367 3156 sine
3411 3103 3719 3172 reprehen-

2126 3200 2282 3254 sione
2324 3196 2508 3266 aliqua
2552 3203 2949 3265 consequetur,
2998 3209 3121 3265 qua:
3161 3193 3444 3249 moraliter
3497 3196 3719 3251 somnia

2124 3300 2289 3361 atque
2314 3287 2727 3343 dormitationes
2772 3286 3048 3352 dicuntur,
3087 3292 3144 3339 ut
3188 3301 3362 3356 usque
3390 3286 3716 3357 aliquantu-

2124 3383 2236 3436 lum
2267 3380 2529 3450 temporis
2578 3378 2787 3435 habens
2835 3379 3212 3435 remissionem
3235 3421 3251 3447 ,
3287 3395 3523 3449 surgens
3551 3395 3720 3436 reno-

2125 3479 2248 3526 vata
2297 3470 2671 3526 resuscitetur.
2705 3469 2762 3525 Si
2812 3478 2993 3526 autem
3039 3471 3145 3526 hoc
3190 3470 3296 3525 erit
3337 3487 3590 3541 semper,
3643 3488 3713 3527 au

2124 3578 2257 3628 non,
2287 3560 2657 3616 abundantius
2705 3568 2915 3630 quaerat
2956 3561 3051 3629 qui
3099 3567 3277 3630 potest
3311 3558 3381 3614 de
3426 3560 3633 3614 talibus
3661 3571 3715 3615 et

2123 3668 2368 3724 quaerere
2399 3662 2454 3708 et
2494 3652 2795 3723 intelligere
2825 3650 2894 3707 de
2921 3650 3121 3707 divinis
3153 3649 3477 3721 Scripturis,
3505 3659 3561 3705 et
3594 3636 3716 3707 sine

2124 3743 2368 3814 periculo
2392 3743 2767 3813 pronuntiare.

2193 3835 2283 3890 97.
2315 3833 2447 3889 Ecce
2477 3832 2915 3904 appropinquavit
2960 3832 3093 3886 liora
3113 3874 3129 3900 ,
3175 3840 3226 3886 et
3273 3830 3452 3889 Filius
3484 3833 3713 3887 hominis

2126 3927 2366 3981 tradetur
2393 3926 2446 3979 in
2492 3940 2678 3979 manus
2716 3933 3049 3993 peccatorum
3077 3923 3144 3976 ⁸⁸.
3181 3921 3412 3993 Propter
3440 3925 3588 3979 bane
3615 3924 3713 3978 bo-

2123 4034 2238 4072 ram
2273 4026 2406 4088 puto
2448 4027 2499 4072 et
2528 4015 2594 4071 ad
2627 4024 2855 4071 matrem
2888 4030 3042 4070 suam
3085 4013 3299 4069 dicebat
3323 4014 3410 4066 "z
3457 4013 3713 4068 Nondum

2124 4109 2267 4163 venit
2290 4108 2424 4161 hora
2454 4123 2588 4161 mea.
2627 4104 2691 4160 Et
2738 4105 2827 4159 hic
2868 4104 3014 4159 enim
3060 4102 3217 4158 docet
3263 4102 3529 4173 quoniam
3577 4103 3715 4159 born

2124 4199 2454 4270 apprOpians
2490 4198 2592 4252 hoc
2622 4196 2816 4267 agebat
2843 4204 2903 4249 ut
2933 4192 3105 4249 Filius
3132 4192 3371 4248 hominis
3405 4193 3716 4249 traderetur

2126 4291 2182 4345 in
2216 4304 2412 4345 manus
2444 4294 2820 4358 peccatorum.
2843 4283 3062 4339 Utinam
3093 4294 3147 4339 ct
3170 4283 3226 4338 in
3262 4283 3485 4339 illorum
3521 4300 3716 4356 pecea-

2126 4389 2307 4436 torum
2338 4376 2715 4435 tantummodo
2739 4392 2936 4431 manus
2957 4375 3118 4431 Jesus
3142 4375 3375 4431 traditus
3410 4384 3543 4432 tunc
3578 4376 3718 4431 fuis-

439 4478 558 4532 vice
604 4475 1071 4545 oravit'idipsum,
1103 4475 1306 4530 docens
1339 4483 1393 4529 et
1441 4488 1542 4531 nos
1582 4490 1676 4545 per
1704 4476 1810 4530 hoc
1841 4476 2019 4546 ipsum
2055 4476 2102 4536 D
2129 4475 2241 4530 set!
2271 4488 2419 4529 nunc
2448 4483 2627 4528 autem
2662 4471 2901 4527 arbitror
2943 4484 3158 4539 semper
3184 4469 3238 4523 in
3285 4483 3484 4543 manus
3521 4484 3718 4539 pecca-

441 4577 502 4623 nt
531 4582 641 4622 non
664 4566 982 4622 deﬁciamus
1008 4566 1061 4619 in
1096 4567 1364 4632 oratione,
1395 4567 1489 4621 sed
1525 4581 1941 4635 permaneamus
1963 4568 2019 4625 in

441 4660 563 4729 ipso
604 4657 773 4713 verbo
821 4658 1120 4726 orationis,
1166 4659 1341 4713 donec
1387 4659 1739 4728 impetremus
1789 4674 1855 4715 ea
1899 4675 2022 4731 qua“:

440 4751 719 4823 postulare
743 4750 856 4820 jam
884 4750 1171 4820 cmpimus.

512 4842 603 4898 96.
641 4841 786 4897 Tunc
837 4842 1043 4895 veniens
1094 4841 1234 4895 dixit
1264 4841 1540 4911 discipulis
1573 4844 1682 4897 suis
1716 4861 1734 4898 :
1780 4843 2020 4901 Dormite

440 4952 600 5005 nunc,
628 4944 678 4991 et
698 4935 1043 5008 requiescite;
1071 4951 1185 4989 ecce
1218 4936 1496 5005 appropiat
1524 4939 1614 5007 qui
1647 4954 1727 4993 me
1752 4939 1923 4994 tradet
1951 4941 2016 4994 3‘.

442 5030 599 5087 Tunc
644 5029 763 5086 sine
815 5027 980 5084 dubio
1028 5035 1154 5099 post
1200 5028 1520 5084 orationem.
1556 5027 1670 5083 Non
1718 5040 1898 5085 autem
1938 5040 2023 5087 est

442 5123 535 5178 ille
578 5123 693 5193 ipse
739 5136 967 5177 somnus
998 5135 1161 5191 quem
1204 5120 1360 5191 jubet
1403 5130 1533 5176 tunc
1564 5122 1863 5193 discipulos
1891 5138 2021 5179 suos

442 5215 711 5280 dormire,
767 5223 821 5270 et
869 5214 959 5269 ille
1002 5214 1097 5285 qui
1137 5215 1220 5270 bis
1265 5216 1517 5287 superius
1558 5216 1818 5271 scribitur
1849 5217 2024 5271 conti-

442 5305 589 5373 gisse
619 5303 920 5373 discipulis.
968 5302 1082 5361 lllic
1129 5305 1273 5360 enim
1323 5306 1655 5362 dormientes
1699 5307 1928 5372 invenit,
1968 5315 2021 5362 et

443 5410 553 5449 non
606 5397 1051 5465 requiescentes:
1098 5405 1153 5451 et
1203 5398 1397 5453 iterum
1441 5398 1775 5453 dormientes
1819 5399 2023 5454 invenit

440 5496 695 5557 gravatos
720 5490 913 5545 oculos
948 5490 1239 5557 habentes;
1275 5505 1420 5545 nunc
1456 5500 1637 5545 autem
1667 5492 1920 5562 prrecepit
1943 5476 2051 5547 eis.

514 5652 561 5683 "
582 5650 693 5707 Jer.
726 5668 853 5717 xxv,
892 5654 987 5717 15,
1019 5652 1106 5708 l6.

444 5723 491 5755 ι·
526 5722 659 5796 ibid.
690 5720 821 5796 ξει-
856 5724 1068 5796 “ibid.
1105 5723 1194 5777 to.
1237 5726 1316 5796 κει
1368 5727 1528 5783 Prov.
1572 5727 1803 5796 ttt,21,
1853 5727 1940 5783 es.

462 5808 531 5863 ιι,
557 5793 611 5848 4.
689 5793 734 5824 ⁸⁸
772 5790 965 5848 Matth.
999 5809 1145 5857 xxvi,
1183 5795 1268 5849 46.

2131 4575 2307 4622 torum
2360 4565 2593 4620 traditur
2634 4561 2814 4629 Iesus,
2849 4560 3069 4632 quando
3125 4560 3181 4615 bi
3233 4559 3326 4631 qui
3363 4560 3623 4615 videntur
3661 4562 3715 4614 in

2125 4657 2311 4716 Jesum
2347 4658 2587 4725 credere,
2618 4656 2819 4712 habent
2846 4653 3032 4710 Jesum
3061 4655 3116 4709 in
3151 4655 3406 4709 manibus
3437 4654 3559 4709 suis
3588 4668 3712 4707 cum

2125 4753 2235 4809 sint
2254 4758 2587 4821 peccatores.
2616 4747 2721 4803 Sed
2751 4756 2803 4802 et
2829 4747 3269 4818 quotiescunque
3292 4745 3480 4816 justus
3506 4744 3715 4799 habens

2128 4845 2183 4899 in
2220 4859 2278 4899 se
2319 4841 2506 4898 Jesum
2548 4842 2603 4896 in
2639 4848 2907 4913 potestate
2955 4839 3136 4895 factus
3169 4838 3707 4908 lueritpeccatornm

2131 4935 2447 4991 facientium
2477 4934 2526 4990 ei
2560 4934 2706 5005 quod
2759 4941 3011 5004 possunt,
3059 4930 3221 4988 Jesus
3258 4937 3344 4985 est
3391 4928 3628 4985 traditus
3655 4930 3706 4983 iu

2129 5043 2325 5083 manus
2355 5036 2720 5097 peccatorum.

2197 5121 2287 5176 98.
2321 5119 2554 5191 Surgite,
2585 5134 2789 5185 eamus,
2816 5134 2931 5172 ecce
2971 5116 3302 5187 appropiavit
3343 5116 3437 5186 qui
3480 5130 3562 5168 me
3599 5121 3709 5166 tra-

2129 5216 2214 5268 det
2243 5213 2313 5266 ⁸⁸.
2340 5211 2636 5282 Postquam
2666 5212 2950 5267 suscitavit
2981 5225 3076 5267 eos
3103 5212 3173 5266 ab
3204 5209 3298 5265 illo
3318 5222 3515 5263 somno
3545 5220 3702 5277 quem

2128 5305 2390 5371 diximus,
2408 5310 2804 5374 consequenter
2828 5302 2962 5357 dicit
2981 5301 3262 5373 discipulis
3288 5299 3406 5355 suis
3432 5315 3445 5350 :
3471 5296 3701 5367 Surgite,

2130 5412 2334 5450 eamus.
2365 5394 2434 5450 Et
2458 5395 2651 5451 videns
2676 5395 2731 5448 in
2758 5392 2925 5464 906
2957 5393 3150 5463 spiritu
3181 5391 3699 5461 appropinquantem

2130 5488 2326 5544 ludam
2376 5488 2673 5554 traditioni,
2722 5488 2817 5559 qui
2865 5485 3106 5541 nondum
3148 5484 3436 5540 videbatur
3481 5498 3511 5537 a
3545 5480 3699 5536 disci-

1192 5655 1236 5687 "
1275 5654 1405 5711 ibid.
1482 5658 1528 5690 ⁷⁸
1568 5656 1695 5712 ibid.
1738 5655 1828 5712 27.
1906 5658 1950 5688 ⁷⁸
1986 5657 2022 5712 il

2160 5653 2264 5721 es,
2293 5654 2384 5709 29.
2459 5652 2503 5686 εο
2538 5653 2726 5709 Matth.
2771 5652 3039 5711 “th5.
3114 5650 3158 5681 ει
3192 5648 3321 5721 ibid.
3354 5648 3427 5703 45
3457 5654 3510 5721 et
3551 5657 3694 5721 seqq.

2023 5728 2066 5761 ⁸³
2106 5719 2258 5781 ΡεςιΙζ
2299 5741 2495 5792 cxxxr,
2551 5726 2659 5781 5-5.
2736 5725 2781 5756 ⁸⁸
2820 5721 3007 5778 Matth.
3061 5737 3229 5790 xxvi,
3268 5719 3359 5775 45.

3463 5718 3507 5751 ⁸⁷
3542 5716 3693 5773 Joau.
