4004 6582
300 327 440 386 1749
487 361 494 367 -

1429 326 2082 387 COMMENTARIORUM
2123 301 2387 384 saniizs.

3420 326 3558 383 1Ἶέιο

297 445 442 514 pulis
465 443 621 514 ejus,
662 442 799 500 dixit
838 461 852 499 :
893 442 1027 500 Ecce
1060 445 1388 515 appropiavit
1432 448 1521 517 qui
1566 465 1644 503 me
1678 448 1869 502 tradet.
1903 450 1946 508 Α
1980 444 2164 499 Rabbi.
2202 443 2269 499 Et
2306 441 2576 498 osculatus
2620 449 2697 496 est
2747 458 2886 498 eum.
2923 442 3007 502 ,Αι
3062 442 3216 499 Iesus
3261 444 3401 499 dixit
3443 446 3492 500 ei
3533 460 3554 501 :

300 536 413 608 Ego
446 545 624 591 autem
654 544 783 606 puto
813 550 923 591 non
949 551 1072 593 esse
1105 536 1363 608 idipsum,
1388 555 1517 596 ecce
1542 540 1878 610 appmpiavit

299 627 456 693 mihi,
486 635 541 682 et
581 643 699 681 ecce
733 629 1061 698 appropiavit
1086 630 1177 700 qui
1219 648 1296 686 me
1336 637 1525 686 tradet.
1577 632 1686 687 Nec
1728 632 1874 686 enim

293 719 395 789 ipsi
436 718 564 775 Jesu
595 720 1066 789 appmpinqnabat
1096 724 1324 779 traditur
1353 725 1491 794 ejus,
1523 727 1615 794 qui
1644 740 1702 779 se
1724 725 1877 779 elon-

293 820 518 881 gaverat
562 811 801 881 peccatis
842 813 956 867 suis
1005 813 1073 867 ab
1117 813 1244 870 Jcsu
1271 857 1287 884 ,
1330 827 1380 870 et
1436 817 1740 885 proditione
1768 833 1874 887 qua

296 902 514 957 tradere
566 917 688 956 eum
746 904 1066 959 consiliatus
1116 918 1230 973 est;
1285 910 1377 963 sed
1421 908 1761 979 appropiavit
1808 909 1874 963 ad

305 993 630 1047 tradendum
683 993 881 1048 Filium
922 994 1009 1050 Dei
1058 1013 1218 1066 quem
1261 998 1372 1069 jam
1407 1000 1734 1071 prodiderat.
1770 1002 1875 1057 Sed

300 1090 355 1137 et
375 1098 567 1141 omnes
608 1092 1037 1158 transgressores
1084 1088 1236 1159 prius
1276 1092 1513 1162 produnt
1548 1089 1755 1159 Jesum,
1780 1108 1875 1163 po-

295 1185 410 1230 stea
440 1176 679 1231 tradunt.

366 1267 454 1322 99.
509 1265 577 1319 Et
609 1268 780 1321 adhuc
830 1285 889 1323 eo
943 1270 1206 1340 loquente,
1258 1288 1373 1326 ecce
1425 1272 1596 1327 ludas
1646 1289 1780 1327 unus
1810 1290 1875 1328 ea:

294 1358 570 1413 duodecim
602 1361 761 1426 venit,
795 1371 844 1414 et
876 1377 991 1414 cum
1026 1377 1086 1414 eo
1117 1363 1273 1416 turba
1322 1365 1492 1418 multa
1524 1382 1643 1419 cum
1676 1365 1871 1435 gladiis

291 1462 341 1506 et
381 1451 612 1522 fustibus
657 1454 808 1508 missi
838 1471 870 1506 a
897 1453 1222 1523 principibus
1253 1458 1583 1512 sacerdotum
1615 1468 1663 1512 et
1703 1461 1874 1513 senio-

293 1542 439 1598 ribus
465 1545 647 1614 populi
666 1546 732 1599 ⁸⁸.
760 1544 976 1612 Quaeret
1004 1555 1185 1601 autem
1220 1548 1419 1619 aliquis
1453 1550 1616 1605 etiam
1646 1566 1869 1606 causam

291 1653 392 1692 cur
423 1638 595 1692 multa
637 1639 794 1693 turba
842 1639 1007 1696 fuerit
1053 1651 1379 1712 congregata
1424 1658 1548 1698 cum
1599 1644 1791 1714 gladiis
1818 1652 1873 1699 et

292 1728 530 1785 fustibus
564 1744 728 1799 super
769 1746 915 1786 eum.
964 1731 1093 1788 Erat
1128 1741 1332 1800 autem,
1374 1735 1671 1790 secundum
1703 1734 1871 1790 Joan-

1983 540 2179 603 Antice,
2225 537 2296 615 ad
2348 536 2476 607 quid
2527 536 2713 592 venisti
2758 538 2837 592 9’?
2889 537 3118 609 Dignum
3174 545 3259 594 est
3311 554 3557 610 quaarere

1978 644 2140 699 quam
2173 630 2243 684 ob
2280 643 2525 690 causam,
2553 643 2678 682 cum
2722 628 2898 698 palam
2951 630 3227 686 docuisset
3263 628 3424 686 Jesus
3459 647 3561 702 per

1977 721 2222 791 singulas
2247 722 2518 787 civitates,
2543 729 2596 775 et
2627 721 2790 785 vicos,
2816 729 2869 775 et
2899 736 3220 793 synagogas,
3252 724 3554 793 prazdicans

1976 814 2256 887 Evangelii
2292 814 2542 881 verbum,
2573 813 2647 868 ita
2691 823 2751 868 ut
2799 812 2942 868 fama
2987 817 3106 884 ejus
3150 817 3323 872 exiret
3357 818 3410 872 in
3435 833 3555 874 om-

1976 924 2099 963 nem
2149 907 2448 980 regionem,
2494 916 2547 961 et
2592 906 2894 962 secundum
2941 905 3134 962 faciem
3174 908 3553 967 manifestatus

1974 1010 2121 1058 esset
2156 1003 2412 1058 omnibus
2460 999 2835 1057 habitantibus
2887 1001 2943 1056 in
2989 1001 3209 1069 Iudaea,
3250 1005 3407 1073 quasi
3445 1021 3553 1059 nun

1975 1094 2428 1164 cognoscentibus
2475 1094 2701 1166 eﬂigiem
2754 1093 2875 1165 ejus
2928 1094 3076 1150 dedit
3130 1094 3344 1163 signum
3385 1094 3554 1154 ludas

1975 1186 2160 1241 missis
2212 1202 2242 1241 a
2293 1187 2632 1257 principibus
2669 1187 3012 1243 sacerdotum
3036 1229 3051 1253 ,
3089 1187 3276 1244 dicens
3307 1206 3320 1242 :
3355 1186 3550 1252 Quem-

1974 1295 2175 1349 cunque
2199 1278 2467 1333 osculatus
2494 1280 2666 1349 [πει-ο,
2696 1280 2805 1349 ipse
2833 1290 2931 1335 cst.
2969 1279 3124 1347 Quod
3154 1290 3335 1335 autem
3366 1289 3419 1335 et
3452 1279 3553 1350 ipsi

1973 1371 2067 1441 qui
2097 1381 2358 1427 venerant
2383 1386 2506 1427 cum
2535 1371 2674 1427 Juda
2705 1373 2772 1428 ad
2802 1373 3373 1443 comprehendendum
3402 1387 3553 1438 eum,

1974 1460 2288 1531 frequenter
2324 1477 2450 1517 eum
2490 1460 2777 1528 vidissent,
2809 1461 3191 1517 manifestatur
3221 1477 3288 1517 ex
3315 1477 3381 1516 eo
3406 1460 3553 1530 quod

1973 1549 2088 1620 ipse
2118 1550 2278 1606 .lesus
2301 1551 2434 1606 dicit
2468 1552 2535 1608 ad
2567 1551 2758 1607 turbas
2788 1571 2800 1606 :
2832 1552 3001 1616 Quasi
3029 1551 3099 1605 ad
3121 1551 3379 1606 latronem
3413 1552 3556 1606 veni-

1973 1643 2070 1698 stis
2099 1660 2217 1698 cum
2252 1643 2448 1715 gladiis
2481 1654 2529 1698 et
2561 1643 2792 1713 fustibus
2819 1643 3250 1713 comprehendere
3283 1658 3382 1696 me.
3416 1640 3556 1707 Quo-

1975 1733 2102 1788 tidie
2138 1735 2403 1789 vobiscum
2455 1736 2696 1789 sedebam
2745 1735 2797 1787 in
2850 1734 3041 1803 templo
3078 1734 3303 1801 docens,
3347 1742 3396 1790 et
3450 1749 3554 1787 non

288 1836 412 1875 nem
443 1822 513 1889 ”,
539 1822 708 1877 multa
743 1822 857 1878 haec
899 1825 1056 1880 turba
1096 1828 1296 1882 cohors
1336 1827 1594 1895 militum,
1626 1838 1677 1883 et
1705 1829 1867 1896 mini-
1901 1805 1944 1860 Β
1976 1827 2219 1880 tenuistis
2251 1843 2331 1880 me
2361 1825 2428 1879 ”.
2458 1823 2722 1879 Similiter
2753 1832 2806 1879 et
2836 1822 3077 1880 Joannes
3110 1822 3277 1880 refert
3308 1839 3431 1877 eum
3468 1822 3553 1877 di-

289 1912 386 1966 stri
414 1926 444 1967 a
470 1912 811 1983 principibus
840 1916 1183 1972 sacerdotum
1226 1919 1555 1974 transmissi.
1594 1919 1661 1974 Et
1692 1928 1871 1990 potest

287 2004 470 2060 dicere
496 2005 693 2075 aliquis
717 2006 972 2075 quoniam
1005 2019 1223 2080 propter
1247 2010 1646 2079 multitudinem
1677 2027 1865 2067 eorum

287 2096 380 2165 qui
408 2096 520 2167 jam
549 2098 898 2154 crediderant
927 2100 980 2154 in
1009 2117 1131 2157 eum
1167 2119 1231 2157 ex
1274 2104 1505 2173 populo,
1538 2105 1673 2158 tanti
1705 2121 1868 2160 vene-

285 2196 418 2242 runt
446 2189 710 2246 adversus
757 2207 905 2258 eum,
945 2195 1199 2250 timentes
1253 2211 1319 2249 ne
1366 2196 1535 2250 multa
1574 2196 1868 2252 multitudo

283 2277 622 2332 credentium
672 2282 738 2334 de
784 2282 1037 2338 manibus
1081 2298 1270 2338 eorum
1321 2293 1534 2354 raperet
1576 2300 1723 2340 eum.
1756 2284 1870 2356 Ego

283 2375 465 2422 autem
490 2368 744 2425 existimo
784 2371 1010 2426 alteram
1042 2388 1263 2428 causam
1312 2384 1652 2447 congregatae
1683 2377 1869 2431 multi-

282 2458 490 2515 tudinis
514 2469 704 2516 contra
732 2479 879 2529 eum,
913 2465 1171 2533 quoniam
1219 2467 1311 2535 qui
1347 2467 1610 2535 putabant
1653 2484 1776 2523 eum
1811 2470 1864 2523 in

282 2549 583 2607 Beelzebub
626 2553 823 2624 ejicere
879 2556 1055 2611 solere
1114 2558 1412 2626 daemonia,
1459 2560 1868 2615 arbitrabantur

283 2656 409 2696 eum
438 2657 503 2697 ex
534 2645 862 2714 quibusdam
899 2648 1161 2703 maleticis
1205 2648 1509 2720 disciplinis
1556 2661 1609 2706 et
1640 2652 1867 2723 magicis

282 2747 445 2803 posse
481 2734 716 2806 effugere
744 2737 811 2792 de
851 2739 1029 2792 medio
1060 2738 1355 2794 volentium
1398 2756 1520 2795 eum
1568 2750 1770 2797 tenere.
1805 2742 1867 2797 Et

286 2825 516 2881 forsitan
574 2827 796 2897 quidam
856 2843 1044 2884 eorum
1095 2831 1384 2886 audierant
1429 2833 1707 2902 quomodo
1769 2834 1870 2887 ali»

283 2916 506 2986 quando
539 2932 663 2973 cum
696 2918 808 2989 jam
855 2919 1277 2990 prmcipitandus
1319 2921 1513 2976 fuisset
1564 2922 1631 2976 de
1677 2937 1868 2991 super—

278 3010 410 3066 cilio
445 3011 669 3077 montis,
696 3011 887 3082 effugit
932 3028 1123 3067 manus
1157 3011 1268 3082 jam
1308 3014 1603 3069 tenentium
1649 3030 1728 3078 se,
1758 3031 1865 3068 non

1973 1916 2162 1971 lisse:
2201 1913 2311 1985 Ego
2355 1914 2536 1984 palam
2581 1913 2788 1968 locutus
2839 1931 2958 1969 sum
3015 1913 3136 1969 huic
3189 1914 3409 1980 mundo,
3460 1930 3554 1983 ego

1970 2024 2172 2077 semper
2217 2008 2375 2061 docui
2409 2008 2463 2061 in
2492 2024 2763 2078 synagoga
2791 2016 2839 2061 et
2884 2007 2940 2061 in
2986 2005 3212 2077 templo,
3254 2006 3344 2059 ubi
3376 2021 3553 2059 omnes

1968 2098 2148 2154 Judaei
2192 2100 2504 2153 conveniunt
2547 2098 2613 2153 ".
2668 2098 2825 2154 Venit
2854 2115 2985 2167 ergo
3030 2098 3255 2154 traditio
3306 2097 3431 2152 talis
3485 2096 3553 2151 ad

1970 2206 2070 2247 nos
2101 2191 2167 2246 de
2199 2206 2286 2257 co,
2315 2190 2578 2261 quoniam
2634 2206 2743 2245 non
2792 2192 2970 2247 solum
3014 2191 3137 2245 duae
3185 2189 3374 2245 forma:
3401 2187 3455 2242 in
3488 2203 3554 2242 eo

1967 2283 2209 2351 fuerunt,
2238 2300 2346 2340 una
2377 2285 2598 2355 quidem
2646 2284 2947 2341 secundum
2998 2298 3165 2354 quam
3205 2297 3396 2337 omnes
3425 2295 3552 2336 eum

1966 2376 2244 2441 videbant,
2288 2376 2458 2430 altera
2499 2384 2680 2430 autem
2716 2376 3017 2430 secundum
3053 2389 3218 2443 quam
3261 2370 3560 2441 transﬁgu-

1970 2476 2122 2522 ratus
2170 2476 2255 2522 est
2301 2482 2485 2522 coram
2521 2467 2805 2536 discipulis
2839 2466 2954 2522 suis
2984 2466 3039 2519 in
3088 2472 3294 2530 monte,
3330 2462 3558 2535 quando

1967 2570 2020 2614 et
2060 2558 2396 2627 resplenduit
2443 2558 2609 2613 facies
2648 2557 2768 2627 ejus
2814 2565 3073 2626 tanquam
3108 2554 3227 2619 sol,
3262 2552 3357 2610 sed
3386 2553 3553 2609 etiam

1971 2650 2269 2721 unicuique
2292 2650 2589 2722 apparebat
2623 2647 2925 2704 secundum
2955 2646 3100 2717 quod
3134 2646 3311 2701 fuerat
3334 2646 3553 2717 dignus.

1972 2742 2039 2797 Et
2070 2759 2193 2798 cum
2230 2742 2423 2799 fuisset
2452 2744 2590 2814 ipse,
2629 2740 2789 2812 quasi
2823 2755 2930 2796 non
2971 2738 3086 2810 ipse
3114 2738 3372 2794 omnibus
3400 2736 3553 2793 vide-

1967 2836 2148 2890 batur.
2202 2835 2516 2889 Sccundum
2564 2833 2711 2904 quod
2754 2833 2823 2888 de
2876 2846 3078 2886 manna
3130 2838 3217 2903 est
3264 2830 3555 2901 scriptum,

1965 2925 2184 2995 quando
2240 2923 2384 2980 Deus
2428 2924 2555 2980 ﬁliis
2611 2924 2781 2980 Israel
2836 2938 3031 2994 panem
3084 2922 3236 2977 misit
3294 2922 3361 2977 de
3413 2922 3555 2978 etelo

1968 3035 2186 3077 omnem
2226 3018 2638 3075 delectationem
2674 3017 2994 3076 habentem,
3025 3023 3081 3070 et
3110 3014 3180 3069 ad
3211 3029 3428 3070 omnem
3455 3029 3555 3084 gu-

278 3101 407 3171 fuga
455 3102 689 3173 simplici
736 3112 792 3159 et
844 3104 1117 3171 humana,
1150 3106 1243 3161 sed
1280 3106 1384 3159 alia
1431 3106 1665 3176 quadam
1712 3115 1863 3160 extra
1893 3148 1934 3206 C
1969 3122 2115 3170 stum
2160 3112 2574 3169 convenientem
2627 3128 2641 3164 :
2679 3107 2901 3180 quando
2959 3104 3233 3162 desiderio
3276 3104 3552 3160 offerentis

279 3204 531 3249 naturam
578 3197 895 3253 humanam.
946 3198 1174 3269 Propter
1217 3200 1358 3256 hanc
1405 3201 1604 3255 ctenim
1633 3215 1858 3255 causam

278 3287 443 3341 etiam
486 3288 628 3357 apud
660 3287 902 3344 Marcum
946 3288 1115 3345 Judas
1148 3290 1364 3346 dicebat
1401 3292 1574 3346 turba:
1616 3307 1738 3362 quae
1771 3307 1864 3347 ve-

279 3377 465 3432 niebat
498 3392 623 3433 cum
656 3379 774 3450 ipso
797 3396 919 3436 cum
949 3381 1145 3452 gladiis
1170 3393 1223 3437 et
1257 3380 1531 3438 fustibus:
1565 3382 1862 3448 Quemcun-

277 3484 379 3538 que
405 3469 676 3524 osculatus
704 3471 853 3540 [uero
883 3473 993 3542 ipse
1025 3482 1125 3540 est,
1166 3483 1333 3528 tenete
1367 3491 1508 3542 eum,
1539 3484 1587 3528 et
1616 3474 1863 3531 adducite

278 3561 565 3633 diligenter
590 3564 633 3595 ⁹¹
659 3581 673 3630 ;
704 3564 939 3635 maligne
978 3574 1033 3620 et
1070 3581 1195 3621 cum
1228 3566 1625 3638 significatione
1653 3570 1863 3624 videtur

280 3653 509 3724 dixisse,
556 3662 817 3724 tanquam
856 3656 900 3711 si
941 3657 1114 3723 dicat,
1157 3659 1264 3714 nisi
1311 3660 1596 3730 diligenter
1627 3676 1750 3716 eum
1785 3671 1862 3717 te-

281 3752 473 3823 nentes
508 3745 865 3815 adduxeritis,
906 3764 1030 3804 cum
1085 3751 1320 3806 voluerit
1363 3751 1583 3823 cﬂ‘ugict
1630 3768 1747 3809 vos.
1778 3754 1862 3808 Illi

279 3846 494 3906 autem,
544 3839 827 3895 audientes
869 3843 1167 3898 secundum
1210 3843 1667 3901 existimationem
1710 3844 1863 3901 Iudae

278 3934 441 4006 quasi
492 3948 599 3988 non
648 3943 873 4003 paterna
917 3935 1200 3991 divinitate
1243 3937 1488 4007 adjutum
1534 3943 1639 3993 hoc
1671 3954 1857 4010 agere,

279 4027 365 4081 vel
414 4025 521 4080 alia
556 4026 749 4089 multa,
791 4026 976 4081 omnia
1014 4026 1283 4083 faciebant
1324 4039 1382 4084 ut
1419 4030 1704 4102 diligenter
1735 4046 1859 4086 eum

278 4126 531 4174 tenerent
568 4125 624 4172 et
666 4118 1026 4173 custodirent.
1065 4118 1217 4173 Multi
1260 4120 1435 4193 [sunt]
1470 4131 1524 4176 et
1558 4136 1704 4178 nunc
1735 4138 1859 4178 cum

283 4201 624 4279 apiritalibus
659 4211 873 4280 gladiis,
903 4211 1083 4281 specie
1118 4213 1506 4281 malignorum,
1539 4224 1591 4270 et
1625 4213 1863 4271 fustibus

280 4302 535 4358 similiter
571 4311 760 4357 contra
799 4301 984 4357 Jesum
1033 4303 1348 4372 militantes,
1399 4303 1861 4377 quemadmodum

278 4394 358 4449 illi
415 4412 430 4449 :
475 4410 709 4466 quorum
762 4395 976 4451 insidiis
1032 4397 1257 4452 omnino
1308 4400 1503 4455 melior
1562 4402 1619 4455 ﬁt
1678 4399 1860 4468 Jesus,

1970 3207 2300 3277 obsequens,
2346 3203 2414 3259 ad
2461 3203 2608 3275 quod
2661 3201 2790 3272 quis
2835 3198 3084 3254 voluerat
3116 3197 3448 3254 vertebatur.
3486 3197 3557 3251 Et

1969 3312 2079 3353 non
2134 3295 2267 3351 mihi
2318 3293 2532 3349 videtur
2578 3290 2913 3347 incredibilis
2966 3302 3089 3344 esse
3137 3286 3359 3343 traditio
3400 3288 3555 3357 haec,

1971 3390 2085 3446 sive
2114 3386 2475 3459 corporaliter
2506 3394 2726 3455 propter
2769 3383 2948 3454 ipsum
2993 3380 3179 3437 Jesum
3202 3419 3218 3445 ,
3262 3388 3323 3435 ut
3352 3380 3467 3436 alio
3498 3391 3553 3436 ct

1968 3479 2078 3534 alio
2147 3477 2311 3532 modo
2378 3475 2652 3531 videretur
2713 3471 3079 3537 hominibus;
3150 3470 3265 3526 sive
3331 3478 3551 3541 propter
3648 3545 3660 3557 ‘

1969 3566 2145 3638 ipsam
2178 3565 2341 3623 Verbi
2385 3573 2666 3630 naturam,
2714 3562 2860 3634 quod
2902 3577 3012 3617 non
3054 3559 3306 3617 similiter
3339 3560 3550 3615 cunctis

1966 3668 2214 3731 apparet.
2263 3657 2322 3713 Si
2370 3666 2548 3711 autem
2597 3654 2701 3711 hoc
2740 3656 2816 3710 ita
2858 3670 2916 3710 se
2959 3653 3143 3719 habet,
3180 3652 3440 3722 possibile
3467 3663 3551 3708 est

1970 3752 2296 3809 solutionem
2332 3749 2450 3819 ejus
2499 3747 2747 3802 invenire
2774 3746 2920 3817 quod
2965 3744 3249 3815 quaeritur.
3276 3742 3546 3809 Quoniam

1967 3852 2021 3899 et
2053 3842 2100 3899 si
2139 3841 2448 3911 frequenter
2482 3853 2607 3894 eum
2641 3838 2894 3893 viderunt
2924 3837 3095 3891 turba:
3123 3838 3400 3890 venientes
3420 3846 3547 3889 cum

1967 3932 2143 3999 Juda,
2189 3931 2546 3986 nihilominus
2593 3944 2731 3999 opus
2776 3927 3083 3993 habebant,
3117 3937 3338 3996 propter
3372 3936 3549 3982 trans-

1969 4025 2323 4084 formationes
2356 4024 2509 4094 ejus,
2542 4024 2634 4091 qui
2678 4036 2802 4075 eum
2839 4019 3150 4074 ostenderet
3196 4020 3307 4085 eis,
3339 4019 3548 4076 habens

1968 4123 2220 4178 notitiam
2253 4120 2372 4191 ejus
2409 4118 2817 4173 l'amiliariorem
2850 4129 2943 4185 per
2971 4113 3201 4170 multam
3237 4129 3545 4169 commora-

1969 4216 2172 4270 tionem
2224 4230 2347 4268 cum
2404 4226 2505 4279 eo,
2555 4221 2615 4265 ut
2664 4208 2988 4279 intelligeret
3038 4204 3546 4262 transformationes

1969 4306 2086 4375 ejus
2134 4302 2437 4358 secundum
2489 4314 2629 4371 quas
2673 4301 2789 4355 suis
2837 4310 3102 4368 apparere
3144 4296 3393 4352 solebat:
3443 4295 3549 4351 hoc

1971 4398 2112 4453 idem
2146 4395 2485 4467 signiﬁcatur
2509 4394 2674 4448 etiam
2715 4407 2808 4462 per
2833 4389 3098 4446 Joannem
3133 4388 3545 4460 evangelistam,

281 4489 535 4557 quamvis
572 4504 670 4559 pro
701 4498 944 4559 tempore
979 4489 1243 4559 suscipiat
1267 4491 1319 4545 in
1362 4507 1421 4546 se
1461 4507 1650 4547 eorum
1679 4494 1864 4549 incur-
1895 4513 1938 4568 ι)
1970 4489 2058 4544 ubi
2090 4488 2269 4543 sciens
2296 4484 2456 4541 Jesus
2482 4500 2603 4555 qua:
2641 4489 3037 4553 superventura
3064 4490 3220 4536 erant
3241 4482 3314 4548 ei,
3351 4494 3547 4551 proce-
3627 4507 3631 4511 ν

234 4576 237 4577 ⁷
281 4595 402 4648 sus,
433 4588 494 4634 ut
524 4580 853 4650 impleantur
890 4590 1109 4651 peccata
1145 4582 1520 4639 insidiantium
1554 4584 1625 4652 ei,
1666 4594 1719 4640 et
1747 4601 1865 4640 ma-

280 4674 539 4729 nifestata
594 4673 687 4727 ﬁat
742 4674 951 4729 malitia
999 4675 1300 4731 voluntatis
1358 4692 1548 4731 eorum
1601 4677 1862 4736 adversus

281 4767 563 4822 veritatem
604 4766 868 4837 unigeniti
897 4765 1082 4823 Verbi.
1126 4765 1231 4834 Qui
1270 4775 1450 4823 autem
1488 4768 1569 4825 sic
1592 4784 1717 4823 cum
1748 4769 1862 4839 gla-

280 4858 390 4914 diis
438 4867 493 4915 et
538 4857 775 4914 fustibus
825 4856 1062 4913 militant
1107 4865 1298 4914 contra
1348 4858 1558 4925 .lesum,
1604 4860 1768 4915 variis
1807 4868 1863 4915 et

280 4950 515 5007 diversis
543 4950 888 5021 dogmatibus
928 4950 1229 5017 venientes,
1259 4952 1508 5023 exposito
1542 4950 1629 5024 [ex
1666 4966 1866 5022 prepo-

280 5041 412 5114 sito]
445 5042 774 5098 insidiantur
802 5042 954 5099 Jesu.
990 5042 1130 5099 Sunt
1160 5053 1341 5100 autem
1380 5056 1435 5101 et
1458 5046 1552 5116 qui
1587 5061 1617 5101 a
1646 5047 1866 5120 presby-

282 5135 415 5189 teris
466 5134 619 5206 impii
673 5136 757 5190 sui
808 5137 1119 5192 transmissi
1170 5136 1355 5208 populi
1404 5146 1593 5194 contra
1633 5139 1861 5196 verbum

280 5227 522 5282 militant
556 5228 823 5292 veritatis,
853 5231 996 5300 quod
1026 5240 1109 5285 est
1138 5231 1191 5286 in
1222 5230 1380 5287 Jesu.‘

357 5318 479 5374 100.
529 5318 635 5384 Qui
668 5329 846 5374 autem
896 5320 1119 5376 tradidit
1165 5339 1305 5390 eum,
1349 5322 1494 5377 dedit
1541 5323 1615 5378 cis
1654 5324 1862 5395 signum

282 5410 459 5464 dicens
486 5425 505 5463 :
538 5409 911 5483 Quemcunque
941 5413 1213 5468 osculatus
1250 5414 1398 5484 [uero
1429 5415 1540 5484 ipse
1569 5425 1666 5481 est,
1701 5425 1864 5471 tenete

283 5518 424 5555 eum.
457 5499 527 5554 Et
561 5502 839 5572 confestim
882 5507 1132 5561 accedens
1172 5504 1241 5559 ad
1278 5504 1460 5560 losum
1509 5508 1698 5563 dixit:
1726 5509 1859 5573 Ave,

1969 4585 2105 4641 deus
2134 4582 2283 4637 foras
2325 4580 2462 4634 dixit
2492 4595 2505 4630 ε
2542 4578 2708 4643 Quem
2739 4577 3014 4647 qutcritis?
3058 4574 3128 4628 At
3160 4573 3238 4629 illi
3269 4574 3545 4639 dixerunt,

1967 4674 2149 4730 Jcsum
2184 4670 2550 4725 Nazarenam.
2581 4667 2644 4721 Et
2670 4668 2809 4721 dixit
2835 4667 2916 4722 eis
2949 4686 2963 4721 :
3000 4664 3109 4737 Ego
3144 4680 3281 4721 sum.
3315 4663 3379 4718 Et
3405 4664 3549 4717 abie-

1970 4776 2092 4822 runt
2126 4776 2174 4821 et
2203 4765 2502 4820 ceciderunt
2536 4771 2823 4815 retrorsum
2845 4760 2911 4814 ’5.
2939 4758 3105 4815 Vides
3125 4758 3253 4829 quia
3287 4772 3395 4811 non
3419 4769 3546 4811 eum

1971 4859 2379 4933 cognoscebant
2423 4871 2549 4911 cum
2602 4853 2916 4925 frequenter
2972 4850 3269 4913 vidissent,
3326 4856 3546 4918 propter

1972 4949 2481 5022 transﬁgurationes
2506 4945 2698 5016 ipsius.
2746 4942 2801 4998 Si
2834 4952 3014 4998 autem
3044 4942 3209 4997 etiam
3240 4939 3386 4993 illam
3411 4953 3546 4994 cau-

1971 5059 2089 5100 sam
2131 5049 2341 5111 qumrat
2374 5039 2594 5109 aliquis,
2629 5051 2728 5093 cur
2758 5035 2950 5090 osculo
2990 5033 3159 5089 Judas
3200 5030 3423 5086 tradidit
3456 5029 3548 5084 Je-

1971 5152 2118 5199 snm,
2150 5135 2291 5188 hanc
2324 5131 2578 5186 dabimus
2613 5127 2903 5193 rationem,
2931 5138 3214 5195 quoniam,
3242 5120 3544 5178 secundum

1970 5227 2235 5301 quosdam
2264 5222 2482 5294 quidem
2503 5263 2519 5289 ,
2553 5220 2729 5277 voluit
2765 5217 3123 5274 reverentiam
3153 5214 3444 5285 quamdam
3477 5213 3547 5268 ad

1969 5317 2131 5390 907
2160 5318 2480 5386 magistrum
2511 5326 2765 5375 servare,
2797 5324 2903 5363 non
2942 5307 3151 5362 audens
3178 5306 3464 5360 manileste
3489 5304 3546 5359 in

1970 5426 2093 5466 eam
2130 5409 2340 5464 irruere
2367 5416 2422 5462 et
2455 5405 2799 5477 impudenter
2831 5401 3071 5475 proﬁteri
3117 5414 3178 5455 se
3211 5399 3545 5471 proditorem

1970 5502 2243 5577 magistri.
2272 5499 2583 5556 Secundum
2608 5497 2744 5554 alios
2772 5504 2976 5562 autem,
3014 5495 3119 5550 hoc
3145 5492 3268 5550 ideo
3292 5490 3545 5565 fecitJu—

359 5700 405 5733 ⁸⁸
434 5697 625 5779 Matth.
653 5716 804 5768 xxvr,
835 5701 931 5779 47.
966 5706 1045 5779 A“
1085 5723 1248 5775 xvm,
1286 5708 1339 5764 5.
1417 5711 1459 5743 ⁹¹
1502 5709 1668 5768 Marc.
1701 5728 1811 5779 xlv,
1842 5711 1866 5767 4

2010 5711 2054 5743 ³³
2098 5709 2288 5765 Matth.
2333 5723 2493 5772 xxvi,
2538 5701 2708 5760 43—50
2805 5695 3100 5759 “ibidﬁb'.
3142 5697 3542 5759 “Joandvut,

287 5768 377 5824 ευ.
455 5772 499 5803 ’⁸
532 5770 689 5826 Joan.
718 5789 873 5835 xvtu,
905 5771 1008 5828 4-6.
