4004 6540
446 303 582 359 i751

1650 296 1978 354 ORZGENIS
2010 297 2078 354 IN
2121 297 2542 357 MATTHZEUM

3589 303 3738 362 1759

446 430 568 492 das,
599 426 803 483 timens
828 441 897 483 ne
933 424 1093 494 forte,
1119 425 1168 482 si
1193 423 1542 480 manifestum
1575 440 1634 481 se
1664 425 2033 482 adversarium
2066 428 2108 486 Α
2139 424 2403 483 adversus
2446 423 2754 492 Christum,
2804 425 3155 484 adversarius
3201 424 3408 482 Christi
3470 425 3738 498 princeps

444 519 771 588 praebuisset
817 526 873 574 et
917 518 1251 590 proditorem
1310 517 1580 588 magistri,
1632 517 1751 588 ipse
1781 520 1830 573 ei
1882 517 2035 573 ﬁeret

445 624 614 665 causa
665 609 964 676 evasionis,
1018 625 1142 665 cum
1174 617 1381 679 posset,
1436 616 1702 678 quantum
1753 608 1822 664 ad
1865 608 2036 680 ipsius

447 703 844 775 Opinationem,
874 720 939 759 ex
965 703 1293 776 quibusdam
1317 703 1706 758 secretioribus
1731 703 2036 773 disciplinis

445 791 706 865 effugere,
759 803 815 850 et
837 794 1017 848 facere
1044 807 1103 848 se
1132 794 1186 848 in
1213 807 1464 862 parvum.
1503 789 1573 846 Ut
1602 807 1733 863 ergo
1753 792 1892 847 nihil
1929 793 2036 849 tale

445 887 737 957 suspicans
787 883 970 950 Jesus,
1013 883 1315 941 secundum
1369 883 1518 954 quod
1560 881 1730 938 Judas
1764 883 2033 953 epinaba-

447 983 556 1041 tur,
598 976 690 1031 sed
721 983 923 1046 putans
952 990 1076 1031 eum
1113 976 1374 1040 amicum,
1421 974 1701 1046 quomodo
1739 975 1915 1031 nescit
1953 975 2034 1030 sic

445 1071 721 1140 insperate
745 1069 1246 1140 comprehendatur
1277 1112 1292 1137 ,
1341 1071 1462 1126 ideo
1491 1069 1595 1125 hoc
1618 1069 1766 1125 dedit
1790 1069 2028 1140 signum,

365 1167 372 1174 '
445 1161 627 1216 sciens
651 1160 766 1230 jam
789 1160 1048 1230 quoniam
1078 1161 1122 1215 si
1151 1161 1416 1217 noluisset
1445 1161 1857 1231 comprehendi,
1891 1177 2034 1216 nun-

443 1269 610 1323 quam
659 1255 1092 1325 comprehensus
1123 1253 1339 1322 fuisset,
1367 1255 1462 1312 sed
1492 1255 1684 1312 volens
1711 1255 1942 1327 praebuit
1973 1271 2033 1311 se

445 1346 703 1402 manibus
745 1354 1115 1417 peccatorum.
1162 1346 1276 1416 Ego
1303 1356 1487 1402 autem
1522 1357 1655 1418 puto
1687 1347 1836 1418 quod
1865 1348 2030 1403 etiam

443 1455 634 1494 omnes
657 1439 966 1510 proditores
995 1440 1263 1504 veritatis,
1289 1454 1476 1496 amare
1503 1441 1788 1495 veritatem
1825 1440 2032 1511 fingen-

442 1541 547 1595 tes,
597 1541 652 1587 ct
701 1533 874 1588 osculi
921 1533 1082 1604 signo
1132 1544 1344 1589 utentes
1368 1533 1527 1604 quasi
1557 1535 1794 1603 quadam
1821 1534 2032 1589 indica—

441 1627 592 1680 tione
645 1625 948 1692 charitatis,
1001 1625 1238 1694 produnt
1295 1624 1530 1681 Verbum
1587 1625 1683 1680 Dei
1721 1626 2030 1682 volentibus

443 1718 622 1789 ipsum
659 1727 840 1773 tenere
871 1718 1204 1774 adversariis
1247 1719 1389 1789 ejus,
1444 1718 1578 1773 nihil
1621 1720 1906 1790 pacificum
1940 1718 2026 1774 in-

441 1810 611 1878 dutis,
656 1809 883 1864 bellicos
935 1819 1115 1864 autem
1149 1810 1380 1882 gladios,
1411 1820 1466 1866 et
1499 1812 1749 1882 injurias,
1779 1821 1832 1867 et
1859 1811 2030 1868 fustes

441 1903 789 1959 habentibus.
842 1902 909 1958 Et
955 1904 1089 1959 dicit
1120 1904 1367 1974 proditor
1399 1903 1527 1960 Jesu
1559 1923 1571 1960 :
1605 1903 1789 1960 Rabbi.
1827 1904 2030 1962 Omnes

439 1997 585 2050 enini
619 1996 892 2065 haeretici,
928 1999 1390 2067 quemadmodum
1421 1996 1592 2052 Judas
1617 2039 1632 2065 ,
1679 2000 1758 2053 sic
1786 1997 1912 2054 Jesu
1947 1998 2031 2055 di-

440 2099 571 2144 cunt
600 2107 614 2143 :
641 2088 833 2156 Rabbi,
857 2090 950 2159 qui
989 2098 1043 2144 et
1074 2091 1398 2146 osculantur
1427 2107 1552 2146 cum
1589 2091 1728 2147 sicut
1760 2101 1812 2147 et
1838 2089 2026 2148 Judas.

438 2181 519 2235 Ad
574 2197 716 2252 quos
765 2183 952 2238 omnia
1006 2183 1297 2255 placabilia
1355 2184 1484 2240 dicit
1513 2183 1699 2250 Jcsus,
1755 2199 1880 2240 cum
1920 2185 2031 2240 sint

437 2287 630 2329 omnes
656 2273 825 2330 Judas
859 2275 1104 2345 proditor
1141 2293 1154 2330 :
1190 2273 1357 2343 Iuda,
1393 2275 1575 2331 osculo
1624 2274 1829 2330 Filium
1861 2275 2030 2330 lmini—

439 2367 520 2419 nis
549 2366 719 2420 tradis
743 2367 825 2422 ³σῖ
857 2367 998 2423 Dicit
1027 2378 1208 2423 autem
1233 2369 1282 2423 ei
1316 2370 1696 2440 improperans
1717 2371 2026 2426 simulatio—

437 2475 562 2514 nem
607 2460 860 2516 amicitia:
898 2461 1018 2532 ejus
1050 2481 1063 2516 :
1097 2462 1300 2527 Amice,
1340 2466 1408 2516 ad
1444 2445 1572 2534 quid
1598 2464 1888 2517 venisti"?
1915 2463 2028 2520 Hoc

436 2552 585 2606 enim
611 2553 831 2608 nomine
871 2555 1144 2608 neminem
1199 2555 1468 2610 bonorum
1512 2556 1566 2610 in
1615 2555 1915 2626 Scripturis
1937 2573 2028 2612 co-

438 2645 758 2715 gnoscimus
787 2646 1140 2717 appellatum.
1174 2647 1254 2701 Ad
1292 2649 1496 2703 malum
1523 2649 1692 2715 enim,
1719 2660 1772 2704 et
1801 2665 1910 2704 non
1939 2651 2026 2704 in-

436 2739 630 2795 dutum
696 2741 1034 2810 nuptialibus
1085 2741 1427 2796 vestimentis
1472 2742 1606 2797 dicit
1649 2743 1696 2775 ⁹⁸
1747 2762 1760 2798 :
1816 2743 2021 2809 Amice,

435 2832 565 2903 quid
591 2830 693 2886 huc
717 2833 904 2888 venisti
933 2850 1035 2888 non
1071 2835 1266 2889 habens
1289 2845 1478 2891 vestem
1501 2836 1792 2906 nuptialem
1811 2837 2026 2893 ?Ma|us

436 2934 618 2980 autem
660 2925 857 2995 estqui
887 2936 939 2982 et
974 2927 1027 2981 in
1053 2928 1314 2998 parabola
1351 2929 1560 2984 denarii
1597 2930 1787 2985 audit:
1819 2930 2021 2997 Amice,

434 3032 540 3072 non
578 3017 670 3072 tibi
699 3017 840 3088 facio
877 3018 1152 3088 injuriam.
1201 3019 1393 3076 Nonne
1428 3021 1498 3075 ad
1528 3022 1804 3077 denarium
1843 3038 2026 3078 conre-

2140 523 2489 577 sacerdotum
2525 517 2787 588 Caiplias.
2818 517 3047 574 Videtur
3077 527 3262 574 autem
3292 518 3428 574 mihi
3459 518 3736 589 quoniam

2141 611 2234 681 qui
2264 628 2335 666 ex
2375 611 2632 683 gentibus
2673 611 3027 666 crediderunt
3051 651 3068 676 ,
3101 625 3292 666 omnes
3317 625 3464 666 unus
3490 611 3742 682 populus

2137 704 2418 760 constituti
2453 704 2504 758 in
2531 703 2783 769 Christo,
2818 718 2915 774 per
2949 703 3054 758 hoc
3095 703 3274 773 ipsum
3303 704 3450 772 quod
3475 703 3742 757 credide-

2137 803 2268 850 runt
2295 794 2348 849 in
2382 794 2688 860 Christum,
2729 792 2855 848 facti
2891 801 3020 848 sunt
3043 807 3210 848 causa
3250 801 3310 846 ut
3339 791 3738 862 praecideretur

2135 887 2450 943 Iudaeorum
2493 886 2702 942 auditio
2749 885 2940 940 dextra
2964 926 2981 953 ,
3038 884 3338 940 secundum
3371 883 3518 954 quod
3552 881 3739 936 fuerat

2136 981 2523 1052 prophetatum
2578 979 2645 1035 de
2677 980 2802 1036 cis‘
2839 998 2854 1036 :
2892 979 3068 1035 Grava
3119 995 3276 1034 aures
3321 976 3504 1048 populi
3546 975 3738 1046 hujus,

2133 1086 2181 1128 et
2224 1075 2402 1129 oculos
2448 1089 2627 1128 eorum
2653 1073 2906 1142 deprime,
2945 1082 3005 1127 ut
3039 1089 3103 1127 ne
3145 1071 3376 1128 videntes
3407 1070 3646 1134 rideant,
3683 1078 3738 1122 et

2135 1166 2407 1220 audientes
2434 1165 2757 1236 intelligant,
2790 1174 2840 1218 et
2883 1173 3276 1230 convertantur,
3315 1173 3364 1216 et
3389 1176 3576 1215 sanem
3618 1175 3735 1214 eos.

2207 1257 2331 1312 102.
2372 1256 2520 1313 Tunc
2560 1257 2637 1312 ait
2671 1255 2831 1311 Jesus
2877 1257 2926 1310 ei
2951 1272 2970 1309 :
3000 1254 3252 1310 Comerte
3290 1253 3532 1324 gladium
3583 1260 3736 1304 tuum

2134 1352 2188 1405 in
2211 1351 2384 1405 locum
2411 1367 2565 1404 suum
2589 1351 2631 1405 ³.
2661 1348 2780 1404 Mox
2816 1346 2981 1404 Jesus
3012 1347 3079 1402 ad
3109 1363 3235 1402 eum
3267 1347 3360 1418 qui
3397 1344 3582 1400 fuerat
3611 1342 3740 1414 gla-

2134 1443 2227 1498 dio
2265 1457 2402 1498 usus
2426 1483 2442 1509 ,
2483 1451 2537 1497 et
2571 1441 2872 1496 abstulerat
2903 1439 3206 1495 auriculam
3238 1437 3377 1494 servi
3410 1437 3560 1491 illius
3598 1435 3744 1490 dex-

2135 1543 2299 1599 tram,
2335 1549 2446 1590 non
2487 1534 2626 1590 dixit
2671 1556 2683 1590 :
2729 1532 2921 1588 Exime
2968 1531 3204 1602 gladium
3230 1572 3245 1597 ,
3280 1530 3373 1586 sed
3409 1544 3426 1583 :
3473 1527 3742 1582 Converte

2133 1627 2374 1698 gladium
2402 1627 2457 1680 in
2489 1626 2664 1681 locum
2692 1643 2872 1682 suum.
2925 1623 3021 1681 Est
3054 1638 3186 1696 ergo
3217 1621 3382 1694 gladii
3415 1621 3621 1692 aliquis
3651 1621 3741 1673 lo-

2133 1737 2252 1789 cus,
2281 1735 2349 1775 ex
2383 1734 2493 1791 quo
2537 1735 2648 1775 non
2690 1719 2818 1774 licet
2869 1719 3122 1788 accipere
3172 1731 3297 1772 eum
3338 1714 3433 1786 qui
3465 1728 3578 1768 non
3614 1711 3744 1767 vult

2137 1813 2315 1884 perire
2337 1853 2354 1882 ,
2392 1812 2632 1867 maxime
2663 1813 2716 1867 in
2747 1811 2952 1882 gladio.
2984 1808 3247 1864 Pacificos
3285 1806 3430 1862 enim
3464 1806 3582 1861 vult
3609 1820 3743 1860 esse

2133 1903 2295 1962 Jesus
2345 1905 2649 1977 discipulos
2697 1920 2850 1972 suos,
2910 1912 2970 1958 ut
3001 1902 3255 1959 bellicum
3290 1901 3530 1973 gladium
3583 1898 3743 1954 hunc

2132 1998 2488 2068 deponentes,
2539 1997 2770 2054 alterunt
2812 1998 3100 2067 paciticum
3151 1995 3420 2065 accipiant
3462 1991 3738 2063 gladium,

2132 2106 2295 2162 quem
2323 2090 2458 2146 dicit
2483 2089 2767 2160 Scriptura
2802 2090 2822 2122 °
2847 2089 3086 2161 gladium
3125 2087 3376 2158 spiritus.
3405 2084 3604 2140 Simile
3628 2099 3741 2138 au-

2131 2194 2239 2238 tem
2275 2183 2412 2237 mihi
2444 2183 2662 2238 videtur
2704 2181 2850 2254 quod
2884 2183 3018 2238 dicit
3059 2199 3074 2238 :
3112 2180 3305 2236 Omnes
3339 2179 3430 2248 qui
3457 2178 3738 2247 accipiunt

2130 2276 2393 2347 gladium,
2427 2276 2608 2347 gladio
2632 2285 2683 2330 et
2714 2276 3035 2347 peribunt";
3066 2274 3119 2329 id
3150 2282 3256 2342 est,
3283 2287 3480 2328 omnes
3502 2271 3600 2342 qui
3623 2286 3740 2325 non

2131 2377 2260 2424 sunt
2287 2369 2523 2440 paciﬁci,
2557 2369 2651 2425 sed
2679 2369 2806 2424 belli
2831 2368 3222 2432 concitatores,
3259 2367 3312 2422 in
3343 2380 3412 2421 eo
3443 2364 3592 2421 bello
3617 2379 3742 2434 per-

2132 2463 2287 2517 ibunt
2331 2462 2475 2532 quod
2521 2462 2822 2530 concitant,
2869 2471 2928 2518 ut
2965 2462 3036 2518 sit
3077 2461 3130 2515 in
3165 2461 3246 2516 eis
3283 2458 3501 2530 gladius
3530 2466 3740 2528 mysteo

2131 2557 2273 2612 rium
2314 2557 2438 2612 belli
2465 2564 2519 2611 et
2548 2556 2684 2611 litis.
2720 2555 2787 2610 Et
2819 2565 2953 2626 puto
2983 2553 3128 2628 quod
3167 2569 3360 2609 omnes
3399 2549 3739 2608 tumultuosi

2129 2659 2182 2704 et
2215 2648 2588 2704 concitatores
2627 2647 2896 2702 bellorum
2923 2687 2941 2715 ,
2988 2654 3042 2700 et
3088 2643 3484 2699 conturbantes
3515 2641 3742 2696 animas

2131 2737 2441 2803 hominum,
2478 2736 2717 2792 maxime
2748 2734 3144 2801 Ecclesiarum,
3173 2733 3454 2804 accipiunt
3484 2731 3736 2802 gladium

2130 2830 2183 2884 in
2213 2847 2323 2900 quo
2356 2840 2410 2886 et
2444 2830 2547 2901 ipsi
2583 2830 2870 2901 peribunt;
2919 2829 3181 2899 quoniam
3203 2827 3294 2898 qui
3320 2826 3461 2895 fodit
3499 2825 3739 2894 foveam,

2129 2926 2239 2997 ipse
2263 2925 2451 2980 incidit
2482 2925 2536 2979 in
2561 2941 2678 2979 eam
2704 2924 2758 2992 3;
2789 2922 3053 2994 quoniam
3084 2929 3414 2976 convertetur
3439 2919 3601 2972 dolor
3638 2933 3740 2973 eo-

2128 3036 2251 3075 rum
2296 3019 2351 3074 in
2391 3028 2552 3090 caput
2590 3018 2858 3088 ipsorum,
2891 3026 2941 3071 et
2972 3016 3227 3087 iniquitas
3265 3027 3462 3070 eorum
3494 3013 3550 3066 in
3583 3027 3740 3066 cere-

435 3109 563 3162 uisti
589 3112 829 3167 mecum?
863 3113 1051 3182 Accipe
1085 3114 1226 3184 quod
1265 3124 1416 3170 tuum
1448 3124 1572 3184 est,
1608 3124 1660 3169 et
1694 3115 1846 3170 vade.
1889 3113 2019 3170 Volo
2049 3129 2096 3193 ς
2129 3116 2281 3167 brum
2326 3126 2519 3168 eorum
2559 3109 2837 3164 descendet
2859 3111 2902 3164 ’.
2931 3108 3037 3165 Sed
3070 3116 3125 3164 et
3158 3105 3481 3178 simpliciter
3507 3102 3742 3160 audien-

434 3209 611 3254 autem
646 3212 694 3256 et
726 3203 848 3256 huic
877 3205 1160 3259 novissimo
1195 3205 1326 3259 dare
1346 3205 1484 3260 sicut
1519 3215 1567 3260 et
1603 3207 1699 3260 tibi
1721 3207 1787 3260 9’.

506 3291 631 3348 101.
675 3292 819 3347 Tunc
843 3297 1168 3364 accedentes,
1205 3314 1393 3352 manus
1433 3298 1722 3364 iniecerunt
1753 3301 1806 3353 in
1841 3298 2025 3355 Iesum

436 3393 485 3437 et
532 3393 810 3439 tenuerunt
850 3403 968 3440 eum
1002 3388 1042 3442 '.
1095 3386 1229 3444 Post
1275 3389 1526 3446 osculum
1574 3392 1836 3449 continuo
1889 3393 2026 3448 nihil

346 3481 358 3494 ‘
435 3476 750 3534 differentes
780 3480 937 3535 turb’a
969 3481 1084 3546 illa,
1143 3480 1372 3536 forsitan
1397 3483 1650 3541 timentes
1683 3499 1754 3540 ne
1795 3485 1863 3541 de
1903 3501 2022 3540 ma-

435 3569 601 3627 nibus
649 3586 838 3628 eorum
871 3573 1096 3645 effugiat
1137 3573 1322 3641 Jesus,
1371 3591 1570 3633 manus
1619 3576 1928 3649 injecerunt
1967 3581 2024 3636 in

435 3678 583 3718 eum.
609 3661 678 3718 Et
695 3680 811 3719 ecce
824 3681 955 3720 unus
973 3682 1037 3720 ea:
1051 3667 1136 3721 liis
1153 3667 1404 3738 quierant
1432 3684 1552 3722 cum
1574 3667 1726 3734 Iesu,
1744 3673 2023 3729 extendens

435 3772 674 3825 manum,
699 3759 891 3814 exemit
919 3760 1160 3831 gladium
1190 3777 1367 3830 suum,
1403 3770 1455 3818 et
1483 3765 1783 3834 percutiens
1817 3783 2024 3821 servum

433 3850 690 3921 principis
740 3852 1099 3922 sacerdotum,
1157 3857 1452 3926 amputavit
1505 3858 1805 3913 auriculam
1839 3859 1952 3930 ejus
1977 3863 2020 3914 ’.

437 3942 596 4002 Unus
635 3955 820 4002 autem
852 3963 1042 4005 eorum
1075 3950 1170 4021 qui
1203 3962 1512 4009 erantcum
1541 3952 1670 4012 Jesu
1705 3997 1721 4023 ,
1777 3957 2023 4014 nondum

435 4037 725 4096 manifeste
771 4042 1088 4112 concipiens
1128 4046 1271 4115 apud
1303 4061 1362 4101 se
1401 4050 1768 4122 evangelicum
1813 4051 2025 4121 patien-

354 4207 360 4216 Ι
435 4132 566 4187 tiam
595 4132 744 4188 illam
779 4135 1032 4191 traditam
1054 4138 1157 4193 sibi
1189 4155 1220 4195 a
1243 4138 1487 4209 Christo,
1519 4158 1618 4199 nec
1639 4158 1828 4214 pacem
1856 4159 2023 4214 quam

334 4221 353 4237 ⁸
433 4225 584 4280 dedit
615 4227 902 4298 discipulis
931 4230 1069 4296 suis,
1103 4232 1198 4287 sed
1231 4235 1534 4291 secundum
1567 4245 1894 4308 potestatem
1927 4237 2025 4292 da-

433 4324 546 4371 tam
575 4315 780 4375 Judaeis
810 4336 906 4390 per
934 4321 1107 4392 legem
1134 4323 1203 4379 de
1233 4323 1472 4384 inimicis
1496 4369 1512 4396 ,
1562 4329 1865 4386 extendens
1910 4345 2026 4384 ma-

433 4423 567 4462 num
595 4412 806 4481 accepit
838 4413 1078 4484 gladium
1099 4454 1114 4482 ,
1171 4425 1225 4472 et
1258 4419 1531 4487 percussit
1562 4434 1780 4476 servum
1814 4423 2018 4492 princi-

2127 3216 2208 3262 tes
2247 3205 2393 3276 quod
2438 3203 2612 3260 dicit:
2651 3202 2757 3269 Qui
2795 3203 3063 3273 accipiunt
3095 3201 3332 3274 gladium
3367 3199 3554 3270 gladio
3605 3213 3738 3267 per-

2128 3301 2301 3366 ibunt,
2333 3313 2527 3356 cavere
2553 3313 2655 3354 nos
2691 3297 2969 3364 convenit,
3009 3305 3070 3351 ut
3109 3311 3177 3350 ne
3206 3291 3498 3349 occasione
3519 3290 3742 3346 militia:

2127 3404 2223 3449 aut
2283 3391 2540 3448 vindictae
2605 3389 2952 3462 propriarum
3022 3385 3346 3457 injuriarum
3414 3383 3739 3439 eximamus

2127 3485 2392 3558 gladium,
2423 3483 2604 3540 autob
2631 3483 2872 3553 aliquam
2902 3479 3273 3544 occasionem,
3303 3492 3470 3548 quam
3504 3490 3738 3530 omnem

2127 3578 2440 3650 evangelica
2472 3577 2820 3632 abominatur
2847 3575 2963 3630 huic
2978 3572 3187 3629 Christi
3219 3571 3494 3635 doctrina,
3532 3568 3742 3639 praeci-

2125 3673 2282 3745 piens
2314 3680 2376 3728 ut
2401 3672 2728 3742 impleamus
2767 3669 2912 3741 quod
2955 3669 3220 3739 scriptum
3243 3673 3328 3720 cst
3355 3665 3401 3698 ¹⁰
3428 3684 3442 3720 :
3474 3663 3613 3720 Cum
3646 3663 3736 3719 liis

2126 3763 2218 3834 qui
2272 3764 2496 3818 oderunt
2542 3777 2726 3832 pacem
2783 3777 2930 3815 eram
2965 3759 3244 3830 paciﬁcus.
3305 3755 3361 3811 Si
3413 3771 3547 3828 ergo
3599 3768 3738 3814 cum

2127 3855 2440 3911 odientibus
2481 3869 2670 3926 pacem
2702 3853 2968 3910 debemus
3009 3866 3134 3907 esse
3175 3847 3411 3922 pacifici,
3458 3849 3738 3908 adversus

2128 3947 2403 4004 neminem
2453 3947 2635 4019 gladio
2683 3946 2762 4002 uti
2811 3945 3096 4001 debemus.
3149 3943 3223 3998 lta
3249 3942 3463 4009 volens,
3495 3943 3565 3998 ad
3597 3957 3731 3999 eum

2126 4039 2221 4111 qui
2256 4054 2366 4094 non
2396 4039 2664 4095 didicerat
2685 4038 2918 4110 loquens
2944 4078 2958 4104 ,
3009 4052 3111 4092 nos
3136 4035 3334 4092 docere
3368 4050 3564 4091 omnes
3588 4051 3732 4109 quo-

2126 4132 2274 4187 niam
2295 4133 2485 4188 volens
2502 4131 2726 4188 tradidit
2747 4131 3109 4201 semetipsum
3134 4144 3232 4200 pro
3254 4129 3418 4186 nobis
3438 4129 3732 4195 omnibus,

2125 4224 2335 4280 addidit
2367 4233 2422 4280 et
2458 4224 2592 4281 dicit
2619 4226 2660 4257 “
2697 4243 2712 4280 :
2751 4224 2832 4278 An
2873 4233 3032 4294 putas
3069 4223 3318 4294 quoniam
3368 4240 3473 4277 non
3507 4240 3732 4294 possunt

2127 4317 2284 4372 modo
2317 4332 2504 4388 ragare
2531 4315 2754 4372 Patrem
2792 4333 2989 4384 meum,
3018 4327 3067 4371 et
3104 4315 3365 4370 exhibebit
3415 4315 3551 4370 mihi
3587 4315 3733 4385 plus-

2127 4427 2292 4480 quam
2349 4410 2632 4465 duodecim
2694 4409 2923 4482 legiones
2988 4409 3639 4481 augelorum?tanquam
3681 4408 3730 4464 si

433 4500 520 4571 pis
549 4504 898 4560 sacerdotum
924 4515 979 4560 et
1017 4484 1323 4579 amputavit
1361 4513 1664 4568 auriculam
1693 4484 1833 4584 ejus:
1869 4513 2022 4569 Sicut

2131 4501 2274 4556 dicat
2304 4520 2317 4556 :
2347 4498 2430 4556 Tu
2458 4502 2680 4573 quidem
2712 4503 2791 4558 sic
2819 4501 3059 4574 gladium
3091 4499 3364 4564 exemisti,
3407 4509 3463 4555 et
3491 4515 3730 4570 percus-

434 4602 613 4649 autem
645 4595 780 4651 dicit
814 4596 1056 4656 Joannes
1089 4602 1132 4671 ³,
1166 4603 1215 4658 ei
1262 4603 1510 4660 dextram
1552 4605 1858 4662 auriculam
1900 4623 2020 4661 am-

433 4685 665 4755 putavit,
718 4689 862 4758 apud
911 4706 1074 4760 quem
1127 4702 1184 4750 et
1217 4710 1415 4751 nomen
1449 4697 1592 4752 servi
1620 4698 1842 4764 dicitur,
1892 4698 2022 4770 quia

431 4774 680 4834 Malchus
709 4780 1027 4838 vocabatur.
1060 4783 1126 4839 Et
1155 4785 1383 4842 forsitan
1411 4790 1554 4858 quod
1582 4789 1772 4861 agebat
1801 4789 2019 4858 Petrus,

434 4872 758 4941 mysterium
790 4884 930 4943 erat,
953 4877 1214 4946 quoniam
1243 4877 1462 4936 Judaici
1489 4881 1674 4952 populi
1705 4881 1895 4937 dextra
1921 4898 2019 4938 au-

433 4962 569 5019 ditio
632 4962 813 5020 fuerat
859 4969 1197 5038 amputanda
1253 4979 1478 5042 propter
1519 4973 1784 5028 malitiam
1829 4988 2023 5030 eorum

432 5054 860 5114 demonstratam
900 5060 955 5115 in
985 5059 1194 5117 Jesum.
1236 5063 1374 5120 Nam
1411 5065 1514 5122 etsi
1545 5065 1800 5122 videntur
1831 5067 2024 5124 audire

425 5148 605 5220 legem
635 5152 823 5221 modo,
857 5170 982 5210 cum
1017 5163 1245 5215 sinistro
1275 5158 1469 5216 auditu
1503 5161 1735 5217 audiunt
1769 5163 2022 5217 umbram

431 5243 741 5302 traditionis
785 5246 853 5303 de
905 5248 1042 5320 lege,
1097 5266 1208 5306 non
1233 5253 1542 5320 veritatem,
1577 5269 1703 5311 cum
1740 5255 1852 5310 sint
1876 5254 2022 5310 servi

433 5339 703 5394 sermonis
733 5342 1040 5410 profitentis
1075 5344 1364 5400 servitium
1402 5345 1520 5412 Dei,
1553 5365 1664 5403 non
1695 5357 1878 5404 autem
1907 5363 2024 5404 ser-

431 5424 629 5482 vientis
659 5430 710 5482 in
740 5431 986 5488 veritate.
1035 5432 1212 5506 Hujus
1243 5438 1515 5493 sermonis
1549 5438 1872 5510 mysterium
1904 5448 2021 5494 erat

742 5676 876 5749 XX":
910 5662 999 5720 48.
1076 5665 1336 5749 "Ilii-iub.
1364 5684 1516 5749 sxvt,
1552 5667 1693 5749 50.”
1721 5667 1768 5700 ⁸⁸
1803 5665 2025 5749 δξτιιιιιτι

2135 5684 2172 5730 ι,
2209 5666 2300 5722 12.
2340 5739 2368 5749 Μ

1823 5740 1844 5770 ⁸
1880 5736 2070 5792 Matth.
2129 5754 2291 5803 xxvr,
2337 5739 2427 5793 52.
2507 5739 2527 5770 ⁸
2567 5737 2608 5791 Ε
2652 5741 2765 5795 bes.
2803 5755 2876 5805 vt,
2908 5740 2998 5795 l7.

1823 5825 1870 5864 ιι
1897 5850 1911 5876 ,
1941 5810 1994 5862 7.
2076 5810 2114 5840 ¹¹
2157 5809 2349 5865 Matth.
2387 5825 2547 5876 xxvi,
2582 5756 2672 5866 δξ.
2753 5811 2797 5842 θ’
2836 5827 2911 5876 ιι,
2945 5811 2998 5866 li

431 5725 452 5802 ξ
486 5726 618 5802 ibid.
659 5729 748 5784 51.
853 5734 872 5764 ³
912 5750 1079 5802 xuii,
1114 5736 1197 5790 ill.
1301 5740 1321 5768 ⁸
1362 5737 1466 5793 lsa.
1503 5725 1592 5800 'n,
1632 5738 1716 5791 10.

428 5795 451 5827 ι
485 5795 662 5852 Eccle.
695 5816 760 5867 Χ,
795 5802 846 5856 8.
925 5807 945 5838 ο
985 5795 1130 5862 Psal.
1167 5824 1276 5874 vn,
1317 5809 1400 5865 t7.
1482 5809 1524 5841 ιο
1563 5795 1709 5866 Psai.
1745 5825 1870 5864 οιιι
1897 5850 1911 5876 ,
1941 5810 1994 5862 7.

2127 4593 2248 4650 sisti
2282 4591 2547 4666 principis
2577 4610 2820 4660 servum,
2872 4594 3034 4666 quasi
3079 4593 3216 4649 mihi
3261 4593 3530 4648 auxilium
3583 4607 3729 4663 pra:-

2127 4695 2317 4757 stans;
2343 4701 2447 4757 ego
2475 4695 2658 4744 autem
2691 4687 2739 4744 si
2763 4688 3084 4756 voluissem,
3113 4698 3361 4758 poteram
3393 4701 3601 4760 rogans
3627 4684 3730 4743 Pa-

2127 4790 2263 4837 trem
2301 4797 2408 4836 non
2448 4781 2751 4836 humanum
2789 4780 3056 4835 auxilium
3093 4780 3422 4851 impetrare,
3467 4778 3567 4835 sed
3602 4793 3721 4834 meo

2124 4875 2348 4943 liorum,
2381 4873 2432 4930 id
2461 4884 2545 4931 est
2570 4874 2888 4946 angelorum
2913 4915 2927 4940 ,
2961 4889 3062 4929 nec
3091 4874 3275 4941 unius,
3304 4873 3398 4928 sed
3424 4873 3718 4944 plusquam

2129 4968 2416 5024 duodecim
2439 4967 2739 5039 legionum.
2771 4965 2852 5022 Ex
2885 4966 2991 5023 hoc
3012 4966 3427 5022 demonstratur
3453 4966 3718 5036 quoniam

2129 5062 2431 5118 secundum
2474 5059 2644 5132 908
2685 5060 3092 5116 multitudinem
3131 5059 3450 5130 angelorum
3499 5056 3718 5131 [simili-
3751 5065 3759 5072 '

2127 5155 2371 5210 tudinem
2403 5154 2706 5228 legionum]
2732 5154 2939 5210 militiae
2961 5153 3278 5221 mundialis,
3313 5162 3444 5210 sunt
3470 5161 3524 5208 et
3554 5166 3713 5225 ange~

2129 5249 2304 5305 lorum
2339 5249 2582 5320 legiones
2615 5249 2825 5305 militia:
2851 5249 3114 5318 caelestis,
3147 5247 3500 5304 militantium
3526 5255 3710 5302 contra

2124 5343 2366 5414 legiones
2409 5343 2723 5399 daemonum
2765 5343 3136 5400 habitantium
3177 5343 3232 5398 in
3261 5340 3549 5412 sepulcris.
3581 5337 3709 5394 Nam

2121 5445 2174 5492 et
2206 5435 2347 5507 apud
2387 5435 2594 5493 Lucam
2649 5437 2694 5468 ι’
2736 5435 3034 5492 multitudo
3078 5435 3285 5492 militia:
3333 5434 3576 5491 caelestis
3613 5448 3707 5488 au-

2386 5667 2432 5700 ”
2472 5665 2662 5723 Matth.
2709 5683 2780 5722 xx
2805 5709 2821 5732 ,
2855 5669 2942 5731 15,
2971 5669 3062 5724 ill.
3139 5660 3386 5724 "Matth.
3422 5681 3550 5721 uri
3572 5705 3589 5730 ,
3619 5662 3698 5718 50.

2386 5739 2427 5792 ξ.
2507 5739 2527 5770 ⁸
2567 5737 2765 5792 Enbes.
2803 5740 2998 5792 v1.17.
3101 5746 3121 5780 τ
3160 5737 3353 5792 Matth.
3413 5752 3574 5792 xm.
3616 5733 3698 5792 5!.

2753 5780 2765 5794 .
2803 5755 2876 5805 vi,
2908 5740 2998 5795 l7.
3101 5746 3121 5780 ⁷
3160 5737 3353 5795 Matth.
3413 5752 3574 5804 nrt,

2753 5811 2797 5842 "
2836 5827 2911 5880 ιι,
2945 5811 3033 5868 l3.

2567 6531 2784 6540 -—.--____-
