4004 6552
239 267 386 325 1755

1379 272 2042 334 COMMENTARIORUM
2082 274 2348 334 SERIES.

3365 288 3390 343 1
3400 287 3506 344 τδι

237 385 355 443 dita
388 394 472 444 est
492 367 832 444 laudantium
867 387 1038 446 Deum
1071 363 1294 461 propter
1335 390 1540 450 Christi
1567 393 1822 448 nativita-
1849 392 1897 450 Α
1926 391 2276 448 manifestum
2312 399 2394 449 est
2425 393 2681 452 omnibus
2718 399 3175 468 c0gnoscentibus
3202 415 3312 458 me.
3347 400 3504 468 Quo-

242 488 379 536 tem.
408 477 464 534 Si
497 487 679 536 autem
719 481 1010 536 multitudo
1043 481 1250 536 militiae
1277 485 1517 541 emlestis
1548 495 1667 541 erat
1703 486 1823 540 lau-

239 572 490 628 dantium
526 572 721 640 Deum,
752 573 943 629 militia
968 583 1150 630 autem
1181 577 1362 633 omnis
1389 587 1607 648 propter
1631 577 1823 634 adver-

240 665 421 720 sarios
465 665 788 736 intelligitur
836 667 1158 730 constituta,
1216 678 1615 740 consequenter
1643 679 1696 724 et
1731 669 1820 723 illa

239 757 437 812 militia
467 766 688 827 propter
715 757 1060 814 adversarios
1091 759 1284 814 militat
1321 760 1450 815 Deo.
1502 759 1606 816 Sed
1655 762 1818 816 etiam

237 847 413 904 Jacob
458 848 639 903 locum
697 849 932 919 aliquem
987 850 1196 905 vocavit
1242 861 1422 905 castra
1491 850 1706 905 Domini
1752 851 1816 916 ³³,

237 940 500 1009 quoniam
537 940 786 994 militiam
818 941 929 996 illic
957 941 1169 1012 aspexit
1205 943 1547 1011 angelorum.
1604 942 1668 996 Et
1702 942 1822 997 ubi-

237 1046 459 1102 cunque
492 1041 622 1087 sunt
659 1030 827 1087 Deum
857 1032 1145 1101 timentes,
1181 1034 1327 1089 circa
1360 1048 1455 1089 eos
1487 1042 1616 1089 sunt
1642 1043 1822 1089 castra

235 1123 577 1193 angelorum.
615 1121 876 1178 Imminet
909 1125 1054 1181 enim
1104 1125 1320 1196 angelus
1367 1125 1583 1179 Domini
1622 1128 1680 1180 in
1710 1128 1820 1181 cir-

237 1217 387 1269 cuitu
411 1217 712 1270 timentium
735 1233 876 1284 eum,
895 1227 944 1272 et
972 1219 1153 1285 eripiet
1179 1235 1264 1271 eos
1298 1218 1369 1284 “;
1395 1218 1538 1272 sicut
1566 1218 1734 1273 fuisse
1764 1227 1818 1274 et

235 1308 384 1362 circa
419 1306 672 1363 Elisaeum
695 1308 860 1364 refert
886 1309 1020 1364 liber
1040 1308 1351 1380 Regnorum
1378 1311 1440 1364 ¹³.
1468 1309 1530 1365 Ει
1553 1310 1768 1364 attende
1805 1327 1818 1362 :

236 1411 400 1471 putas
433 1401 592 1471 quasi
620 1402 827 1473 angelis
859 1403 1087 1457 inferior
1121 1403 1394 1467 Salvator,
1446 1412 1541 1458 aut
1573 1404 1822 1475 indigens

234 1497 442 1550 auxilio
469 1496 787 1566 angelorum
816 1497 1034 1552 dicebat
1063 1515 1075 1551 :
1111 1497 1191 1551 Au
1225 1507 1382 1566 putas
1413 1497 1540 1566 quia
1569 1513 1674 1549 non
1701 1512 1823 1564 pos-

234 1605 354 1642 sum
389 1603 573 1658 rogare
596 1587 812 1642 Patrem
859 1605 1052 1653 meum,
1099 1599 1148 1643 et
1201 1589 1467 1644 exhibebit
1511 1588 1642 1642 mihi
1671 1588 1821 1658 plus-

234 1696 396 1750 quam
425 1679 701 1734 duodecim
746 1679 976 1750 legiones
1017 1681 1370 1751 angelorum?
1401 1680 1512 1734 Aut
1552 1679 1692 1734 forte
1732 1696 1821 1735 se-

236 1772 480 1826 cundum
526 1772 991 1827 existimationem
1025 1771 1169 1828 Petri
1197 1773 1429 1828 volentis
1461 1773 1509 1826 ei
1551 1774 1816 1827 auxilium

237 1866 404 1932 ferre,
453 1874 508 1920 et
557 1865 794 1937 gladium
821 1866 1152 1936 proferentis
1177 1909 1191 1933 ,
1220 1874 1274 1920 et
1303 1868 1637 1935 amputantis
1671 1867 1821 1922 auri-

235 1959 417 2013 culam
467 1958 632 2021 servi,
685 1959 814 2013 talia
859 1967 942 2014 est
986 1957 1437 2030 loeutus?Magis
1465 1962 1608 2014 enim
1643 1960 1820 2030 angeli

235 2065 378 2120 opus
428 2050 628 2104 habent
668 2051 874 2104 auxilio
906 2051 1169 2121 unigeniti
1201 2050 1324 2104 Filii
1356 2051 1472 2119 Dei,
1517 2067 1682 2122 quam
1707 2053 1822 2122 ipse

237 2141 480 2196 illorum.
536 2141 764 2212 Propter
810 2143 913 2198 hoc
941 2153 996 2198 et
1026 2145 1170 2209 quod
1210 2144 1470 2199 scribitur
1504 2164 1517 2198 :
1553 2145 1822 2210 Quoniam

239 2233 442 2304 angelis
471 2236 581 2287 suis
610 2234 880 2288 mandavit
911 2236 974 2287 de
999 2244 1079 2299 te,
1112 2243 1170 2288 ut
1203 2236 1505 2289 custodiant
1536 2244 1584 2289 te
1618 2237 1670 2290 in
1704 2253 1820 2290 om-

239 2327 394 2381 nibus
421 2327 516 2380 viis
556 2328 659 2380 tuis
686 2328 754 2393 ¹⁶,
787 2343 895 2381 non
931 2327 997 2381 de
1030 2325 1168 2380 Filio
1193 2327 1284 2381 Dei
1315 2329 1596 2398 unigenito
1620 2327 1819 2382 intelli-

235 2420 384 2488 gitur
431 2421 658 2486 dictum,
709 2420 803 2475 sed
855 2428 951 2473 aut
990 2420 1043 2472 in
1076 2434 1309 2490 persona
1339 2419 1544 2474 Christi
1573 2421 1638 2474 de
1667 2419 1816 2474 omni

236 2515 360 2568 viro
389 2514 541 2583 justo
579 2528 740 2582 quem
783 2512 1038 2583 Christus
1065 2512 1313 2582 portabat
1348 2512 1402 2566 in
1433 2527 1664 2581 corpore
1693 2527 1817 2578 suo,

235 2616 333 2662 aut
361 2607 427 2661 de
457 2606 678 2660 Christo
720 2606 1020 2660 secundum
1067 2605 1362 2660 humanam
1398 2605 1518 2674 ejus
1542 2613 1818 2658 naturam.

238 2698 484 2767 Denique
531 2707 584 2752 ct
638 2697 781 2766 quod
809 2697 941 2752 dicit
976 2698 1016 2728 ³⁷
1048 2714 1062 2752 :
1095 2695 1363 2750 Liberabit
1407 2708 1456 2750 te
1504 2713 1536 2749 a
1567 2697 1722 2749 ruina
1771 2703 1822 2748 et

237 2793 501 2847 damonio
552 2792 892 2856 meridiano,
959 2806 1308 2860 nequaquam
1365 2790 1619 2844 convenit
1685 2787 1822 2842 Filio

237 2887 356 2942 Dei.
392 2886 497 2941 Sed
519 2895 574 2942 ct
607 2885 754 2957 quod
784 2885 916 2940 dicit
949 2884 992 2916 ⁸⁸
1025 2903 1038 2939 :
1077 2883 1200 2937 Non
1228 2884 1433 2937 timebis
1460 2901 1490 2936 a
1521 2885 1705 2936 timore
1728 2898 1823 2934 no-

237 2993 450 3047 cturno,
483 2997 514 3034 a
547 2981 743 3050 sagitta
767 2979 978 3034 volante
1005 2994 1098 3046 per
1119 2977 1254 3030 diem
1277 3018 1292 3042 ,
1323 2993 1354 3029 a
1381 2977 1588 3046 negotio
1611 2990 1824 3044 peram-

237 3074 454 3128 bulante
497 3074 553 3126 in
602 3072 848 3136 tenebris,
876 3070 1048 3142 magis
1070 3070 1322 3123 convenit
1346 3069 1461 3122 viro
1481 3067 1632 3137 justo
1655 3081 1817 3137 quam
1847 3098 1892 3157 ε

238 3164 381 3219 Filio
411 3163 528 3218 Dei.
581 3164 716 3218 Cum
765 3178 896 3232 ergo
943 3169 1131 3230 posset
1157 3159 1402 3230 accipere
1437 3159 1696 3230 legiones,
1726 3174 1823 3212 no-

237 3257 385 3311 lebat
418 3256 684 3326 accipere,
727 3264 785 3309 ut
817 3268 915 3324 per
938 3253 1254 3322 patientiam
1303 3252 1421 3322 ejus
1466 3251 1824 3320 implercntur

240 3348 541 3419 Scripturae
588 3347 978 3417 prophetantes
1007 3347 1074 3401 de
1117 3346 1266 3416 ipsoj,
1299 3344 1560 3415 quoniam
1593 3343 1666 3396 ita
1694 3357 1820 3398 eum

237 3440 351 3510 pati
373 3439 751 3495 conveniebat.
1109 3433 1112 3435 i

318 3531 440 3586 105.
473 3531 538 3586 In
569 3531 666 3586 illa
699 3532 830 3585 liora
858 3531 995 3584 dixit
1017 3527 1176 3584 Iesus
1204 3528 1272 3581 ad
1308 3527 1488 3580 turbas
1517 3542 1536 3578 :
1572 3524 1722 3580 Sicut
1752 3524 1822 3579 ad

245 3627 510 3681 latronem
547 3627 731 3680 existis
764 3642 884 3679 cum
919 3625 1111 3694 gladiis
1141 3631 1189 3677 et
1223 3621 1452 3692 fustibus
1491 3620 1825 3689 comprehen-

241 3720 366 3773 dere
394 3735 509 3783 me;
559 3719 794 3788 quotidie
840 3717 981 3787 apud
1022 3733 1109 3770 vos
1134 3717 1186 3768 in
1230 3714 1420 3782 templo
1452 3713 1695 3767 sedebam
1728 3712 1824 3762 do-

241 3827 385 3877 cens,
438 3820 484 3864 et
532 3825 634 3862 non
688 3809 931 3861 tenuistis
973 3824 1054 3860 me
1083 3807 1146 3861 ¹⁹.
1189 3803 1452 3859 Voluntas
1487 3817 1674 3856 eorum
1703 3815 1823 3870 qua:

241 3904 297 3959 in
333 3903 437 3958 hoc
469 3903 590 3956 loco
619 3900 896 3966 dicuntur,
929 3900 1054 3953 talis
1083 3898 1217 3952 mihi
1249 3897 1482 3962 videtur,
1513 3895 1656 3965 quod
1693 3894 1824 3949 dicit

243 3997 496 4051 Salvator
536 3995 602 4050 ad
644 3995 834 4049 turbas
870 4012 882 4048 :
922 3991 978 4046 Si
1017 3993 1142 4061 quis
1166 3991 1434 4045 latronem
1469 3990 1582 4043 vult
1617 3998 1820 4054 tenere,

244 4106 354 4144 non
389 4101 472 4144 est
503 4089 866 4157 incongruum
897 4101 1022 4141 cum
1057 4085 1251 4156 gladiis
1284 4093 1338 4139 et
1375 4083 1612 4138 fustibus
1638 4081 1826 4135 venire

242 4185 310 4239 ad
356 4198 504 4248 eum,
549 4181 676 4252 quia
729 4179 852 4234 talis
903 4189 987 4233 cst
1040 4187 1093 4232 et
1127 4179 1264 4232 latro
1299 4185 1358 4232 ut
1391 4177 1573 4230 omnia
1607 4176 1823 4244 a‘..leat,

241 4276 543 4332 dummodo
577 4273 713 4328 nihil
745 4272 868 4326 mali
897 4271 1170 4342 patiatur;
1225 4279 1277 4324 et
1329 4271 1373 4324 si
1418 4277 1618 4338 potest,
1661 4283 1825 4337 para-

243 4381 330 4423 tus
359 4377 441 4421 est
480 4365 659 4436 gladio
689 4366 767 4420 uti
803 4374 858 4419 et
888 4363 1030 4418 fuste
1064 4363 1328 4418 adversus
1366 4363 1828 4432 comprehendere

1923 485 2087 539 modo
2121 495 2301 540 autem
2335 496 2389 542 et
2433 503 2540 542 non
2568 489 2700 545 estis
2743 490 2935 559 placati
2961 493 3206 561 quotidie
3244 509 3503 565 perman-

1924 575 2135 630 sionem
2160 592 2340 631 meam
2371 578 2615 633 videntes
2641 579 2692 632 in
2718 582 2919 650 templo
2950 581 3062 649 Dei,
3089 595 3142 639 et
3173 587 3503 655 praebentem

1924 682 2011 722 me
2037 669 2294 724 omnibus
2321 670 2628 726 volentibus
2662 688 2750 726 me
2777 673 2987 739 audire,
3021 683 3083 730 ut
3110 678 3501 748 eonjungerem

1922 774 2016 815 eos
2048 761 2179 814 mihi
2225 763 2290 816 ad
2331 764 2800 832 prodilicationem
2843 782 3032 822 eorum
3063 783 3159 838 per
3191 769 3416 825 verbum
3453 779 3508 826 et

1923 853 2090 908 vitam
2131 857 2197 910 ad
2245 857 2636 912 beatitudinem
2688 857 2820 913 Dei?
2850 861 2958 914 Aut
2983 870 3108 916 tunc
3137 863 3358 931 quidem
3395 879 3502 919 non

1923 947 2177 1003 tenuistis
2222 966 2310 1004 me
2355 951 2596 1008 videntes
2645 952 2932 1008 docentem
2959 963 3012 1009 et
3048 955 3505 1013 nihiliacientem

1921 1038 2145 1109 dignum
2199 1043 2391 1109 reatui,
2449 1059 2594 1098 nunc
2650 1056 2830 1100 autem
2889 1047 3047 1116 quasi
3102 1057 3370 1104 mutatum
3419 1065 3508 1107 me

1923 1132 2270 1199 existimatis,
2309 1146 2367 1189 ut
2403 1137 2560 1205 quasi
2593 1137 2859 1193 latronem
2890 1139 3089 1196 debere
3119 1143 3508 1210 comprehendi

1924 1226 2166 1294 putetis?
2222 1225 2326 1281 Sed
2356 1244 2455 1283 nec
2479 1231 2530 1283 in
2566 1231 2668 1286 hoc
2700 1232 3052 1287 occasionem
3086 1234 3325 1303 aliquam
3358 1236 3510 1289 inve-

1927 1316 2080 1381 nitis,
2118 1319 2275 1387 quasi
2313 1320 2378 1373 ad
2412 1321 2637 1375 verbum
2669 1335 2938 1378 mutatum
2966 1326 3034 1379 ab
3068 1327 3148 1381 eis
3169 1343 3291 1396 quae
3319 1328 3373 1382 in
3397 1328 3506 1398 pri-

1924 1408 2028 1463 mis
2074 1425 2464 1480 proposueram
2509 1415 2766 1483 prodesse
2795 1418 3107 1474 volentibus
3135 1421 3315 1475 verbis
3339 1431 3390 1476 et
3418 1421 3502 1475 la-

1923 1503 2045 1556 ctis.
2097 1500 2164 1555 Et
2197 1504 2315 1557 vide
2345 1513 2632 1574 postquam
2663 1506 2800 1562 dixit
2834 1511 2899 1562 ad
2935 1508 3155 1564 Petrum
3197 1527 3213 1566 :
3259 1511 3508 1567 Reconde

1923 1594 2160 1664 gladium
2190 1605 2335 1650 tuum
2361 1598 2413 1650 in
2439 1602 2640 1652 thecam
2665 1616 2818 1653 suam
2838 1602 2904 1665 ’°,
2927 1606 3070 1671 quod
3097 1612 3180 1658 est
3200 1604 3504 1673 patientia:

1927 1696 2212 1756 postquam
2251 1687 2554 1742 auriculam
2583 1691 2824 1745 restituit
2852 1700 3214 1760 amputatam,
3251 1694 3392 1748 sicut
3422 1695 3509 1748 al-

1927 1785 2006 1830 ter
2036 1777 2169 1831 dicit
2197 1778 2552 1848 evangelista,
2599 1780 2744 1849 quod
2785 1789 2836 1833 et
2880 1796 3110 1836 summa:
3157 1783 3507 1852 benignitatis

1927 1867 2188 1922 indicium
2226 1869 2404 1924 fuerat
2433 1869 2639 1940 pariter
2665 1880 2720 1927 et
2748 1872 2945 1928 divinae
2971 1874 3207 1941 virtutis,
3248 1885 3377 1932 tunc
3400 1877 3506 1933 ista

1923 1960 2087 2013 verba
2123 1960 2338 2015 loeutus
2387 1973 2490 2025 est,
2542 1972 2602 2016 ut
2644 1962 2823 2018 lidelia
2871 1964 3184 2020 viderentur
3208 1981 3272 2020 ex
3307 1981 3509 2036 prince-

1924 2049 2177 2105 dentibus
2208 2051 2391 2106 verbis
2421 2060 2475 2106 et
2507 2051 2688 2120 factis,
2743 2062 2801 2108 ut
2839 2055 2884 2109 si
2912 2058 3184 2126 prseterita
3225 2057 3508 2113 benefacta

1925 2158 2033 2198 non
2066 2150 2448 2212 recordantur,
2479 2146 2562 2200 vel
2588 2148 2878 2215 praesentia
2906 2158 3328 2219 recognoscant.

1995 2235 2120 2290 104.
2170 2235 2284 2290 Hoc
2315 2247 2492 2291 autem
2530 2248 2695 2292 totum
2721 2239 2921 2308 factum
2947 2252 3045 2306 est,
3081 2251 3137 2296 ut
3165 2243 3510 2313 implerentur

1925 2325 2217 2397 Scriptura:
2269 2330 2645 2399 prop/telarum
2692 2332 2757 2385 de
2809 2332 3113 2402 Itujusmodi
3162 2337 3226 2389 “.
3278 2335 3506 2390 Multum

1924 2430 2106 2474 autem
2156 2430 2239 2476 est
2279 2438 2425 2477 nunc
2457 2423 2659 2493 eligere
2697 2424 2764 2478 de
2805 2427 3126 2494 prophetis,
3167 2427 3348 2496 qualia
3387 2442 3510 2497 qua:

1923 2522 2054 2569 tunc
2097 2515 2318 2584 impleta
2380 2525 2508 2571 sunt
2560 2517 2775 2586 eloquia
2831 2519 3245 2587 prophetarum,
3287 2520 3508 2589 quando

1925 2607 2040 2661 haec
2079 2622 2138 2661 se
2181 2608 2289 2676 pati
2323 2607 2578 2663 Christus
2611 2608 2828 2664 dicebat
2867 2629 2879 2664 :
2909 2619 2964 2664 et
3000 2611 3231 2666 studiosi
3269 2611 3511 2667 hominis

1922 2707 2006 2754 est
2037 2708 2089 2754 et
2117 2701 2286 2754 multa
2317 2701 2542 2756 scientis
2565 2715 2900 2772 congregare
2923 2703 3088 2756 verba
3118 2702 3507 2773 prophetarum

1924 2807 2047 2860 quae
2085 2801 2213 2846 sunt
2246 2791 2487 2860 impleta.
2539 2790 2605 2845 Et
2652 2792 2706 2845 in
2740 2793 3042 2848 centesimo
3071 2807 3265 2849 octavo
3295 2794 3510 2864 psalmo

1924 2883 2065 2938 forte
2079 2884 2335 2953 pleraque
2351 2883 2592 2938 invenies
2608 2883 2986 2938 convenientia
3007 2885 3126 2940 istis
3139 2884 3231 2954 qui
3248 2893 3511 2939 venerunt

1923 2990 2049 3030 cum
2095 2973 2233 3027 Juda
2274 2973 2737 3042 comprehendere
2765 2971 2976 3037 Jesum,
3023 2974 3164 3028 sicut
3207 2983 3261 3028 et
3308 2973 3411 3028 alia
3441 2973 3510 3029 de

1925 3066 2062 3122 Juda
2097 3066 2150 3119 in
2182 3065 2371 3120 eodem
2408 3065 2552 3119 dicta
2581 3073 2712 3120 sunt
2741 3065 2953 3134 psalmo
2983 3084 2996 3120 :
3040 3065 3184 3119 Tunc
3212 3062 3374 3119 simul
3395 3081 3510 3120 om-

1926 3175 2012 3212 nes
2041 3157 2290 3212 derelicto
2307 3173 2365 3210 eo
2396 3156 2642 3226 fugerunt
2667 3159 2733 3209 ²².
2769 3154 3049 3211 Timentes
3070 3171 3200 3226 ergo
3229 3156 3421 3210 turbas
3452 3163 3510 3212 et

1925 3249 2224 3322 principem
2253 3264 2443 3303 eorum
2471 3245 2692 3313 Judam,
2720 3246 2992 3317 fugerunt.
3019 3245 3129 3302 Nec
3160 3247 3306 3302 enim
3340 3247 3512 3303 habe.

1925 3342 2057 3397 bant
2087 3340 2267 3394 adhuc
2305 3338 2592 3409 Spiritum,
2617 3339 2868 3408 quoniam
2891 3337 3046 3392 Jesus
3075 3339 3306 3393 nondum
3332 3339 3508 3408 fuerat

1925 3433 2391 3503 Itonori/icatus”,
2426 3447 2526 3485 nec
2563 3431 2830 3501 Spiritum
2858 3431 3078 3487 virtutis
3113 3441 3167 3486 et
3201 3431 3505 3488 eharitatis.

1924 3524 2096 3592 Quem
2122 3526 2167 3580 si
2204 3523 2527 3578 habuissent
2547 3561 2561 3585 ,
2593 3539 2700 3576 non
2728 3532 2915 3578 essent
2947 3523 3206 3578 inﬁrmati
3227 3565 3243 3590 ,
3273 3539 3376 3580 nec
3407 3524 3510 3579 ali-

1923 3619 2053 3688 quid
2081 3617 2228 3670 aliud
2256 3624 2410 3670 extra
2446 3615 2686 3670 divinam
2725 3615 3046 3670 charitatem
3076 3615 3334 3685 egissent.

1995 3707 2118 3762 105.
2151 3707 2219 3760 Et
2245 3707 2326 3760 illi
2355 3716 2587 3760 tenentes
2614 3703 2826 3770 Iesum,
2849 3705 3116 3758 duxerunt
3154 3705 3223 3757 ad
3250 3703 3510 3775 Caipltant

1924 3801 2212 3871 priucipent
2240 3799 2598 3863 sacerdotum,
2637 3797 2724 3852 ubi
2754 3795 2956 3851 Scriba:
2988 3806 3036 3850 et
3060 3798 3290 3851 seniores
3327 3813 3505 3851 conve-

1928 3894 2139 3947 niebant
2168 3889 2233 3944 “.
2265 3889 2516 3944 Arbitror
2542 3890 2721 3954 enim,
2752 3889 3011 3956 quoniam
3048 3903 3231 3942 sermo
3268 3887 3510 3943 deservi-

1927 3985 2091 4042 tionis
2125 3983 2401 4046 Iudaicae,
2438 3997 2548 4051 quo
2584 3997 2729 4035 nunc
2759 3979 3001 4035 derelicti
3034 3979 3312 4036 deservire
3339 3979 3507 4051 proli-

1927 4085 2130 4139 tentur,
2172 4074 2409 4143 Caiphas
2433 4083 2535 4137 est,
2565 4072 2658 4142 qui
2692 4071 2966 4128 adversus
2998 4071 3279 4128 veritatem
3310 4073 3508 4129 militat

1925 4167 2054 4223 Jesu
2087 4167 2178 4238 qui
2207 4166 2406 4221 dicitur
2435 4165 2690 4234 princeps
2713 4164 3083 4218 sacerdotum.
3108 4162 3268 4219 Jesus
3295 4173 3502 4230 autem,

1927 4261 2228 4317 secundum
2277 4258 2600 4323 veritatem,
2658 4254 2911 4310 sacerdos
2959 4262 3043 4310 est
3096 4253 3334 4309 Verbum
3385 4253 3507 4321 Dei,

1928 4354 2032 4410 sub
2073 4367 2183 4422 quo
2229 4347 2512 4406 constituti
2563 4354 2692 4401 sunt
2738 4359 2932 4398 omnes
2979 4345 3072 4414 qui
3107 4345 3508 4415 acceptabiliter

241 4479 302 4518 se
347 4435 612 4526 volentes,
658 4458 836 4528 potius
865 4472 1028 4528 quam
1065 4465 1125 4510 ut
1157 4456 1299 4510 ultro
1329 4455 1510 4511 tradat
1531 4472 1589 4511 se
1619 4456 1672 4510 in
1707 4471 1824 4510 ma-
1856 4461 1898 4521 ι)
1929 4445 2174 4501 εεΐνὶτιηῑ
2209 4443 2320 4497 οθο
2345 4440 2516 4494 Ρδιΐίο
2545 4437 2651 4493 ΗΜ
2677 4443 2858 4491 amem
2887 4435 3122 4507 ϐαίνιιθε
3151 4445 3235 4492 εει
3256 4438 3508 4508 Princeps

241 4571 349 4610 nus
379 4569 587 4608 eorum.
624 4551 735 4622 Ego
771 4559 952 4606 autem
983 4549 1127 4621 quod
1161 4564 1267 4604 non
1299 4564 1419 4603 sum
1448 4548 1600 4616 talis,
1631 4563 1822 4603 omnes

241 4648 336 4720 qui
378 4656 506 4702 sunt
533 4646 587 4700 in
617 4644 802 4700 Iudaea
839 4645 1043 4708 sciunt,
1072 4642 1164 4697 alii
1207 4640 1427 4712 quidem
1457 4641 1704 4697 videntes
1727 4642 1824 4697 do-

241 4741 477 4797 ctrinam
510 4755 684 4794 meam
722 4745 776 4793 et
823 4752 987 4807 opera
1025 4750 1165 4795 mea.
1213 4733 1304 4788 alii
1359 4743 1540 4787 autem
1574 4733 1821 4788 auditum

241 4834 506 4890 habentes
532 4832 598 4886 de
621 4846 728 4898 me,
761 4839 856 4884 aut
887 4826 1355 4884 conversationem
1387 4839 1563 4879 meam
1593 4839 1825 4894 sequen-

243 4935 356 4992 tes;
384 4923 644 4996 quoniam
679 4922 926 4993 quotidie
951 4921 1145 4976 sedens
1172 4920 1226 4974 in
1261 4920 1380 4974 loco
1411 4917 1582 4972 sancti
1615 4915 1822 4985 templi,

243 5019 403 5090 quasi
444 5031 682 5087 congruo
713 5015 780 5069 ad
805 5015 1083 5070 doctrinas
1117 5012 1363 5078 divinas,
1399 5008 1820 5064 inanil‘estabam

243 5127 365 5183 qua:
416 5109 742 5182 pertinentia
779 5118 934 5162 erant
964 5107 1031 5161 ad
1059 5107 1312 5177 pietatem
1341 5113 1396 5158 et
1434 5104 1601 5158 vitam
1631 5117 1820 5158 sanam

244 5202 544 5258 secundum
582 5201 752 5271 legem
791 5197 918 5266 Dei,
969 5207 1024 5253 et
1072 5212 1166 5268 per
1218 5196 1319 5250 hoc
1374 5193 1824 5249 commendabam

243 5293 534 5365 paciﬁcum
577 5308 662 5346 me
684 5306 828 5347 esse.
857 5289 1011 5357 Quod
1036 5297 1212 5344 autem
1233 5285 1436 5341 nullam
1464 5285 1627 5340 habet
1658 5285 1826 5338 ratio-

245 5403 370 5442 nem
401 5386 652 5441 idoneam
688 5399 866 5455 neque
897 5382 1174 5438 insidiatio
1207 5392 1386 5436 vestra
1419 5378 1682 5433 adversus
1715 5392 1822 5444 me,

245 5495 422 5551 neque
463 5478 656 5534 militia
696 5485 878 5535 vestra
919 5491 1044 5531 cum
1072 5475 1265 5547 gladiis
1288 5482 1342 5530 et
1371 5471 1610 5528 fustibus
1639 5469 1779 5526 facta
1803 5508 1824 5538 ,

323 5623 368 5656 ¹³
407 5621 542 5678 Gen.
580 5636 771 5677 xxvut.
851 5619 895 5652 “
931 5617 1074 5674 Psal.
1112 5633 1305 5680 χχχιιι,
1338 5615 1391 5669 8.

241 5710 394 5756 x-xvt.
443 5693 533 5746 55.
639 5694 684 5727 ²⁰
721 5690 880 5749 Joan.
914 5705 1070 5758 xvm,
1115 5689 1202 5743 ll.

243 5766 292 5799 "
309 5764 439 5820 ibid.
459 5762 551 5818 58.

1473 5613 1518 5648 “
1555 5611 1624 5668 1V
1661 5611 1794 5682 Reg.
1829 5627 1906 5666 vt.

1307 5687 1349 5718 ἰ
1388 5684 1557 5741 Matth
1615 5699 1764 5752 xxvi,
1791 5683 1879 5739 56.

1925 4537 2294 4602 sacerdotum,
2339 4534 2415 4589 ibi
2463 4541 2864 4603 congregantur
2902 4529 3128 4595 Scribae,
3161 4529 3213 4584 id
3247 4538 3332 4585 est
3367 4530 3510 4586 litte-

1925 4630 2051 4697 rati,
2100 4629 2195 4700 qui
2246 4636 2486 4698 praesunt
2528 4624 2719 4681 litterae
2754 4622 3044 4678 occidenti.
3096 4621 3161 4677 Et
3207 4623 3504 4678 secundum

1923 4724 2120 4778 litterae
2154 4719 2321 4790 909
2352 4718 2669 4787 qualitatem
2703 4713 3021 4769 Scribarum
3053 4723 3183 4770 sunt
3219 4715 3466 4771 seniores
3489 4757 3504 4782 ,

1927 4815 2019 4885 qui
2050 4830 2160 4868 non
2191 4815 2242 4866 in
2276 4811 2582 4876 veritatem,
2605 4807 2700 4863 sed
2723 4807 2778 4860 in
2804 4816 3124 4862 vetustatem
3154 4809 3348 4863 littera:
3371 4806 3506 4862 sim-

1929 4907 2085 4977 plicis
2113 4914 2242 4960 sunt
2272 4904 2652 4960 recumbentes
2681 4914 2736 4959 et
2776 4903 2912 4959 nihil
2961 4901 3196 4971 amplius
3238 4899 3507 4969 negotiari

1927 4999 2192 5053 volentes.

1999 5089 2123 5145 106.
2167 5089 2357 5143 Petrus
2398 5096 2573 5139 autem
2606 5086 2921 5156 sequebatur
2940 5100 3059 5138 eum
3084 5080 3148 5134 de
3170 5079 3321 5151 longe
3344 5095 3508 5151 usque

1927 5187 1981 5238 in
2016 5184 2214 5237 atrium
2247 5181 2503 5251 principis
2535 5181 2892 5232 sacerdotum.
2934 5175 3002 5229 Et
3029 5176 3296 5245 ingressus
3333 5174 3505 5240 intra,

1925 5275 2136 5332 sedebat
2175 5289 2292 5327 cunt
2334 5271 2594 5324 ministris
2621 5280 2676 5323 ut
2705 5269 2899 5323 videret
2932 5267 3131 5322 exitum
3155 5265 3231 5319 rei
3251 5265 3320 5318 ".
3363 5264 3506 5320 Cum

1929 5369 2219 5423 duceretur
2248 5373 2430 5419 autem
2462 5361 2743 5432 Magister,
2774 5361 3106 5431 sequebatur
3135 5351 3352 5432 quidem
3393 5356 3502 5414 Pe-

1930 5471 2087 5518 trus:
2131 5472 2240 5512 non
2273 5464 2456 5511 autem
2497 5463 2712 5526 poterat
2753 5454 2820 5509 de
2853 5452 3108 5526 proximo
3154 5465 3280 5508 eum
3323 5449 3505 5522 sequi,

1996 5608 2040 5639 ¹⁶
2075 5603 2222 5660 Psal.
2259 5617 2323 5657 xc
2347 5643 2361 5666 ,
2395 5599 2483 5652 Η.
2554 5597 2598 5629 ¹⁷
2639 5597 2769 5652 ibid.
2799 5596 2852 5651 6.
2929 5593 3140 5666 “ibid.
3219 5589 3264 5624 ”
3308 5588 3501 5666 Matth.

1981 5681 2026 5713 ἰ
2067 5677 2200 5732 ibid.
2275 5660 2358 5748 δι’·
2391 5686 2543 5730 .oan.
2578 5683 2680 5734 vn,
2723 5669 2811 5724 59.
2897 5667 2942 5698 ει
2980 5664 3169 5720 Matth.
3205 5677 3370 5732 xm,
3411 5660 3480 5717 51
