4004 6540
554 236 695 295 1⁸155

1724 236 2048 295 ORlGENlS
2088 236 2155 293 IN
2194 220 2611 295 nummum

3667 238 3802 294 I756

554 361 649 416 sed
678 359 745 414 de
767 356 1087 427 longinquo,
1123 371 1221 411 nec
1256 354 1481 410 omnino
1514 356 1772 413 recedens
1801 358 1982 425 abeo,
2017 374 2116 413 nec
2146 360 2191 417 Α
2223 356 2295 426 pli
2330 372 2437 411 non
2485 357 2601 427 ipse
2629 356 2879 426 promisit
2924 355 3122 423 facere,
3154 357 3250 413 sed
3296 357 3406 414 iliis
3455 358 3553 429 qui
3590 357 3807 414 fuerant

550 465 677 505 cum
714 463 781 504 eo
818 447 1111 510 incedens,
1156 463 1256 501 nec
1294 446 1451 516 juxta
1494 463 1658 514 eum;
1717 449 1811 504 sed
1855 449 1921 504 de
1967 449 2123 520 longe

550 555 789 612 s‘quens
821 540 1070 610 pervenit
1109 539 1174 592 ad
1206 539 1404 593 atrium
1451 540 1713 610 principis
1752 542 2118 597 sacerdotum.

547 630 613 687 L'
665 632 944 702 ingressus
986 629 1181 684 Petrus
1240 630 1387 685 intus
1430 632 1682 699 sedebat,
1739 648 1915 703 neque
1977 635 2120 704 quod

545 726 624 784 illi
661 724 901 781 ministri
938 723 1281 790 ministrans,
1314 737 1493 795 neque
1539 724 1746 781 faciens
1772 741 1895 796 quae
1919 726 2120 781 docue-

544 827 631 874 rat
652 816 833 881 Iesus,
860 813 953 870 sed
985 814 1354 884 exspectabat,
1389 816 1593 871 exitum
1633 819 1879 873 omnium
1923 821 2119 876 horum

544 908 736 962 volens
787 903 973 961 videre
1020 920 1035 957 :
1081 906 1339 974 quoniam
1383 906 1563 961 adhuc
1614 922 1720 961 non
1769 908 2119 980 iutclligebat,

545 1013 725 1068 neque
767 997 987 1052 videbat
1038 997 1246 1051 exitum
1279 996 1747 1067 dispensationum
1776 998 1979 1055 Christi
2010 1016 2121 1072 quo

542 1088 847 1144 tenderent.
909 1085 1021 1142 Nec
1071 1088 1215 1142 enim
1274 1096 1360 1142 est
1402 1089 1581 1144 exitus
1625 1104 1814 1144 eorum
1876 1092 1929 1145 in
1982 1094 2121 1148 atrio

539 1177 782 1248 Caiphte.
823 1193 923 1233 nec
964 1178 1056 1232 ubi
1102 1176 1308 1232 Scrilne
1356 1186 1411 1231 et
1450 1178 1697 1233 seniores
1740 1168 1923 1249 populi
1973 1181 2120 1238 illius

539 1279 961 1341 congregantur.
994 1270 1050 1325 Si
1089 1279 1268 1324 tamen
1298 1270 1518 1339 proprie
1547 1270 1674 1338 quis
1701 1271 1881 1326 videat
1911 1272 2117 1327 exitum

540 1362 753 1432 ipsum,
799 1361 1005 1416 videbit
1042 1360 1281 1416 Verbum
1325 1360 1415 1415 Dei
1450 1369 1505 1417 et
1548 1361 1883 1431 Sapientiam
1928 1364 2115 1419 dicen-

537 1462 647 1511 tem
673 1455 720 1486 ¹⁶
745 1470 758 1505 :
786 1453 898 1525 Ego
932 1471 1049 1509 sum
1081 1461 1125 1508 Α
1163 1464 1212 1507 ct
1239 1457 1306 1517 Ω,
1335 1455 1654 1524 principium
1687 1463 1736 1509 et
1762 1456 1905 1525 ﬁnis.

612 1546 732 1606 l07.
772 1546 1050 1617 Principes
1088 1555 1264 1599 autent
1308 1548 1665 1614 sacerdotum,
1701 1557 1750 1602 et
1777 1549 2025 1614 seniores,
2066 1558 2116 1604 et

536 1641 837 1694 universum
893 1639 1175 1695 concilium
1207 1642 1508 1710 quaerebant
1534 1641 1730 1712 falsum
1762 1641 2116 1695 testimonium

537 1744 724 1787 contra
750 1730 955 1795 Iesum,
995 1742 1051 1785 ut
1080 1736 1203 1786 eum
1235 1736 1394 1787 morti
1432 1734 1722 1798 traderent,
1759 1742 1807 1787 et
1844 1750 1945 1786 non
1974 1735 2115 1788 inve-

535 1834 723 1878 rerunt
742 1839 762 1888 ;
806 1834 854 1878 et
899 1823 1053 1877 multi
1081 1824 1211 1893 falsi
1248 1834 1399 1879 testes
1430 1836 1780 1891 accesserunt,
1814 1838 1863 1881 et
1894 1845 1997 1882 non
2032 1830 2115 1882 in-

534 1922 780 1968 venerunt
813 1914 879 1968 ".
925 1913 991 1968 Et
1028 1930 1125 1983 per
1169 1917 1281 1971 lnrc
1320 1916 1670 1972 manifestum
1716 1927 1797 1973 est
1852 1920 2109 1989 quoniam

532 2011 815 2071 peccatum
864 2018 971 2057 non
1019 2004 1146 2059 fecit
1191 2002 1371 2069 Jesus,
1404 2021 1506 2061 nec
1550 2006 1652 2061 fuit
1700 2007 1860 2062 dolus
1914 2008 1967 2062 in
2017 2025 2112 2064 ore

531 2092 674 2162 ejus.
712 2092 1129 2149 Mundissimam
1182 2106 1360 2151 autem
1405 2096 1573 2153 fuisse
1616 2100 1782 2153 vitam
1825 2100 2020 2168 ipsius,
2058 2111 2111 2155 et

530 2185 760 2238 omnino
809 2186 1367 2256 irreprebensibilem,
1398 2198 1451 2244 et
1482 2189 1821 2244 auferentem
1856 2193 2103 2247 occasio-

531 2290 630 2331 nes
651 2291 843 2331 eorum
873 2279 966 2347 qui
994 2289 1247 2348 quaerunt
1272 2281 1612 2347 occasiones,
1649 2297 1714 2336 ex
1744 2282 1849 2338 hoc
1878 2283 2108 2338 demou-

531 2375 761 2435 stratur,
795 2369 923 2438 quia
955 2385 1065 2425 non
1106 2372 1452 2427 inveniebant
1483 2374 1780 2429 adversarii
1813 2375 1934 2445 ejus
1963 2378 2107 2447 quod

533 2458 719 2512 dicere
764 2470 990 2528 possent
1037 2463 1300 2518 adversus
1339 2478 1487 2529 eum,
1538 2465 1619 2519 vel
1672 2465 1918 2521 colorare
1955 2486 1968 2521 :
2013 2469 2106 2524 sed

533 2550 853 2620 quaerebant
889 2566 1082 2607 omnes
1124 2556 1436 2610 sacerdotes
1465 2564 1520 2610 et
1544 2556 1835 2611 concilium
1880 2558 2105 2613 univcr-

527 2656 676 2705 sum,
710 2650 766 2697 et
794 2644 929 2698 nihil
962 2655 1212 2713 poterant
1242 2646 1508 2701 invenire.
1542 2645 1812 2713 Quoniam
1847 2647 1979 2703 falsa
2016 2657 2097 2704 te-

528 2733 789 2789 stimonia
828 2744 960 2793 tunc
1006 2737 1187 2794 locum
1225 2739 1448 2808 habent,
1490 2742 1711 2811 quando
1752 2758 1879 2798 cum
1922 2745 2106 2801 colore

523 2826 710 2898 aliquo
755 2828 1152 2898 proferuntur:
1198 2832 1460 2889 adversus
1520 2833 1707 2890 Iesum
1771 2846 1951 2892 autem
2003 2853 2104 2895 nec

524 2920 682 2975 color
722 2920 1105 2979 inveniebatur
1143 2925 1236 2995 qui
1277 2935 1462 2996 posset
1505 2938 1695 2984 contra
1724 2928 1909 2985 Jesum
1946 2932 2103 3001 adju-

2226 448 2337 517 apti
2371 448 2437 503 ad
2463 448 2773 519 bujusmodi
2820 465 2957 519 opus
3004 450 3300 515 commisit,
3335 452 3529 506 dicens
3567 450 3809 505 :Solsite

2227 536 2474 607 templum
2503 539 2619 592 hoc.
2646 538 2761 593 Sibi
2791 548 2972 593 autem
3004 539 3146 609 quod
3178 541 3481 595 reservavit
3511 543 3564 596 id
3595 551 3686 597 est
3712 560 3730 596 :
3760 548 3811 598 εὶ

2224 629 2277 680 in
2306 628 2483 681 triduo
2512 629 2778 683 suscitabo
2806 630 3001 700 ipsum.
3035 628 3098 683 Et
3129 630 3274 699 quod
3296 631 3387 686 ille
3405 630 3542 685 dixit
3575 631 3649 686 de
3676 638 3812 686 tem-

2222 719 2315 789 plo
2337 720 2585 790 corporis
2608 722 2716 789 sui,
2747 719 2940 786 Judaei,
2965 722 3241 792 praepediti
3269 723 3506 788 malitia,
3542 732 3808 779 transsu-

2222 811 2443 867 dierunt
2487 821 2543 867 et
2603 813 2990 868 intellexerunt
3040 813 3107 868 de
3157 814 3357 884 templo
3408 814 3507 868 illo
3571 814 3807 885 lapideo.

2222 900 2378 968 Quod
2443 901 2795 959 manifestum
2842 912 2926 959 est
2973 919 3040 959 ex
3090 918 3158 958 eo
3205 905 3348 974 quod
3406 904 3810 973 respondentes

2221 994 2475 1048 dixerunt
2496 994 2537 1025 ³¹
2567 1012 2581 1047 :
2608 993 2977 1066 Quadraginta
3003 1004 3050 1049 et
3080 1010 3172 1049 sca:
3197 996 3350 1050 annis
3375 996 3717 1065 aediﬁcatum
3737 1008 3812 1051 est

2224 1085 2470 1153 templum
2516 1087 2634 1151 hoc,
2671 1097 2719 1141 et
2755 1094 2810 1139 tu
2854 1087 2910 1139 in
2942 1086 3111 1140 tribus
3143 1087 3325 1140 diebus
3364 1089 3602 1141 suscitas
3638 1087 3811 1143 illud!

2222 1175 2289 1231 Et
2327 1177 2615 1232 considera
2655 1178 2913 1248 quoniam
2949 1193 3057 1233 non
3090 1192 3234 1233 unus
3277 1176 3452 1234 falsus
3486 1179 3654 1233 testis
3686 1195 3807 1248 pro-

2224 1270 2393 1325 cessit
2450 1269 2502 1323 in
2560 1270 2930 1325 testimonium
2984 1270 3111 1335 hoc,
3161 1284 3263 1324 nec
3300 1270 3447 1324 enim
3505 1269 3811 1325 sufﬁciebat

2222 1377 2367 1417 unus
2398 1361 2708 1416 volentibus
2755 1360 3061 1416 interﬁcere
3088 1358 3297 1429 Iesum,
3334 1361 3605 1432 quoniam
3657 1361 3743 1415 lex
3766 1362 3808 1395 ³⁸

2218 1451 2569 1523 praecipiebat
2597 1471 2610 1506 :
2653 1450 2775 1505 Non
2812 1452 3044 1507 manebit
3092 1455 3238 1507 testis
3270 1470 3406 1507 unus
3437 1454 3808 1508 testimonium

2219 1545 2340 1598 dari
2371 1543 2618 1597 adversus
2648 1545 2930 1599 hominem.
2965 1544 3070 1599 Sed
3098 1561 3198 1601 nec.
3239 1556 3350 1601 tres
3380 1556 3545 1602 erant
3574 1564 3588 1600 :
3617 1547 3811 1601 multis

2219 1637 2364 1691 enim
2399 1635 2787 1693 accedentibus
2833 1637 3062 1693 testibus
3104 1637 3284 1704 falsis,
3314 1640 3403 1693 vix
3446 1641 3561 1695 duo
3600 1641 3808 1697 inventi

2217 1738 2383 1795 sunt,
2444 1732 2538 1801 qui
2606 1730 2810 1801 aliquid
2876 1730 3057 1785 dicere
3124 1731 3458 1789 viderentur.
3539 1732 3649 1787 Sed
3710 1750 3811 1789 nec

2216 1821 2461 1891 ipsorum
2507 1822 2821 1877 testimonia
2857 1822 3234 1877 convenientia
3264 1832 3441 1890 erant,
3476 1826 3629 1880 sicut
3660 1825 3807 1880 Mar-

2214 1928 2315 1968 cus
2364 1913 2587 1983 esponit
2616 1914 2703 1967 ”:
2749 1913 2883 1969 dicit
2914 1913 3071 1980 enim
3126 1914 3231 1969 hoc
3278 1916 3483 1982 modo,
3538 1917 3805 1986 quoniam

2211 2004 2470 2073 principes
2507 2003 2838 2058 sacerdotum
2899 2016 2947 2059 et
2982 2005 3265 2059 concilium
3314 2008 3626 2061 universum
3659 2026 3808 2078 quc.

2213 2094 2395 2147 rebant
2446 2102 2632 2147 contra
2675 2093 2859 2149 Iesum
2913 2097 3307 2163 testimonium,
3355 2104 3414 2150 ut
3465 2114 3591 2151 eum
3644 2100 3805 2153 morti

2214 2185 2513 2249 traderent,
2562 2195 2610 2239 et
2660 2202 2761 2239 non
2814 2187 3141 2241 invenerunt.
3201 2187 3363 2241 Multi
3407 2190 3555 2241 enim
3607 2189 3801 2257 [alsiu-

2212 2278 2568 2332 testimonium
2597 2277 2848 2331 dixerunt
2881 2279 3131 2335 adversus
3163 2296 3303 2347 eum,
3340 2290 3388 2335 et
3431 2283 3801 2337 convenientis

2211 2384 2313 2422 non
2340 2377 2491 2422 erant
2524 2370 2823 2422 testimonia
2849 2386 3053 2423 eorum.
3096 2370 3204 2425 Alii
3248 2380 3425 2427 autem
3454 2383 3801 2444 exsurgentes

2210 2461 2405 2531 falsum
2437 2461 2795 2514 testimonium
2825 2460 3067 2515 dicebant
3089 2463 3336 2518 adversus
3363 2481 3509 2529 eum,
3545 2468 3799 2536 quoniam

2210 2569 2302 2607 nos
2339 2550 2641 2605 audivimus
2683 2567 2799 2603 eum
2841 2551 3096 2607 dicentem
3133 2570 3152 2607 :
3199 2552 3465 2619 Quoniam
3513 2572 3614 2625 ego
3658 2556 3801 2610 salte

2209 2644 2459 2711 templum
2509 2644 2605 2698 hoc
2642 2643 2885 2698 manibus
2927 2644 3161 2712 factum,
3200 2652 3249 2698 et
3290 2644 3344 2697 in
3395 2644 3574 2698 tribus
3618 2646 3800 2700 diebus

2207 2731 2358 2786 aliud
2394 2751 2497 2787 non
2524 2734 2767 2789 manibus
2796 2734 3000 2804 factum
3035 2734 3255 2803 faciam.
3287 2733 3393 2789 Sed
3420 2752 3520 2789 nec
3544 2737 3629 2790 sic
3664 2753 3792 2791 coa-

2208 2822 2472 2879 venientia
2520 2836 2671 2880 erant
2717 2841 2898 2879 eorum
2945 2826 3269 2880 testimonia.
3326 2825 3487 2881 Tunc
3523 2828 3677 2883 enim
3716 2837 3799 2885 εςι

2204 2915 2538 2972 conveniens
2586 2916 2999 2978 testimonium,
3046 2916 3265 2986 quando
3311 2917 3506 2972 eadem
3555 2919 3793 2987 dicunt;

521 3025 651 3066 vare
693 3014 974 3069 mendacia
1008 3033 1021 3069 :
1057 3024 1112 3070 et
1141 3016 1265 3085 hoc,
1295 3034 1419 3074 cum
1445 3031 1632 3077 essent
1682 3023 1835 3077 multi
1855 3024 2098 3081 volentes

2204 3022 2315 3061 non
2368 3016 2548 3062 autem
2601 3016 2731 3064 sunt
2778 3008 3180 3073 convenientia,
3228 3008 3450 3078 quando
3497 3009 3796 3066 dissonsnt

519 3104 752 3174 gratiam
795 3107 1037 3164 tribuere
1076 3108 1317 3179 Caiphaa,
1364 3120 1416 3165 et
1455 3112 1795 3184 principibus
1836 3116 2092 3171 sacerdo—

519 3203 658 3262 tum,
686 3205 741 3252 et
765 3198 994 3265 Scribis,
1037 3209 1090 3255 et
1120 3203 1452 3268 senioribus,
1488 3214 1542 3259 et
1574 3206 1831 3261 universo
1859 3208 2095 3263 concilio

518 3287 623 3343 hoc
657 3288 833 3358 ipsum
872 3292 1063 3346 audire
1091 3294 1448 3349 desideranti.
1484 3295 1551 3350 Et
1580 3297 1695 3353 inec
1723 3299 1815 3369 qui
1844 3300 2095 3356 conside-

516 3385 623 3443 rat,
654 3378 947 3433 masimam
998 3382 1211 3437 laudem
1260 3385 1483 3439 exhibet
1509 3384 1636 3441 Jesu
1670 3397 1893 3458 propter
1920 3390 2091 3445 vitam

514 3468 656 3537 ejus,
687 3480 739 3524 et
763 3471 1067 3527 doctrinam
1100 3474 1294 3543 ipsius,
1318 3479 1410 3547 qui
1437 3478 1517 3532 sic
1538 3479 1722 3533 omnia
1753 3480 2094 3551 irrepreben—

515 3554 749 3617 sibiliter
789 3573 843 3619 et
872 3565 1120 3633 dixit,'et
1151 3566 1297 3632 fecit,
1334 3577 1391 3624 ut
1433 3570 1635 3625 nullam
1665 3572 2093 3630 verisimilitudi-

513 3666 637 3707 nem
669 3656 1110 3724 reprehensionis
1139 3659 1445 3716 invenirent
1472 3662 1525 3716 in
1555 3678 1643 3731 eo,
1673 3679 1775 3720 nec
1803 3666 1954 3735 mali,
1993 3683 2093 3724 nec

514 3745 696 3812 multi,
725 3762 825 3803 nec
860 3749 995 3806 tales
1023 3752 1189 3806 astuti
1222 3753 1592 3825 ct'ingeuiosi.

581 3835 704 3891 108.
752 3837 1053 3895 Novissime
1092 3853 1266 3898 autem
1298 3842 1607 3903 accedentes
1633 3849 1739 3903 dno
1768 3851 1894 3920 falsi
1937 3860 2090 3909 testes

506 3924 756 3983 dixerunt
805 3945 824 3983 :
872 3933 972 3985 Hic
1017 3934 1203 3990 dixit:
1250 3935 1475 3991 Possum
1520 3941 1787 3995 destruere
1841 3946 2090 4013 templum

511 4015 630 4083 Dei,
662 4028 711 4073 et
745 4031 861 4090 post
896 4024 1133 4078 triduum
1186 4025 1322 4079 illud
1368 4029 1691 4097 remdiﬁcare
1716 4031 1780 4085 ⁸⁸.
1835 4030 1953 4086 Non
2002 4049 2092 4087 ar-

512 4108 733 4167 bitreris
764 4114 1071 4170 Mattharum
1103 4118 1242 4172 duos
1269 4118 1369 4175 bos
1398 4129 1560 4177 testes
1581 4124 1698 4177 sine
1725 4139 1890 4179 causa
1922 4124 2089 4181 falsos

505 4201 732 4271 dixisse,
757 4220 880 4260 cum
912 4223 1038 4263 vera
1069 4210 1383 4265 viderentur
1406 4227 1527 4267 esse
1555 4215 1866 4271 testimonia
1894 4232 2086 4272 eorum

501 4310 571 4350 ex
617 4311 683 4351 eo
718 4298 864 4367 quod
911 4302 1136 4368 exponit
1163 4300 1402 4357 Joannes
1435 4306 1479 4337 ’θ
1510 4305 1789 4361 Christum
1841 4309 2083 4367 dixisse:

2204 3101 2335 3167 sibi,
2377 3102 2559 3173 qualia
2600 3110 2756 3157 erant
2804 3101 3114 3157 testimonia
3152 3102 3347 3159 borum
3385 3104 3480 3174 qui
3524 3105 3795 3161 adversus

2200 3191 2386 3248 Iesum
2416 3192 2728 3248 testimonia
2763 3190 3133 3263 proferebant.
3177 3192 3243 3247 Et
3277 3194 3322 3248 si
3351 3210 3546 3250 verum
3597 3195 3788 3253 dicunt

2196 3285 2481 3340 Matthazus
2504 3294 2558 3340 et
2573 3284 2810 3349 Marcus,
2830 3286 2973 3356 quod
3001 3287 3221 3341 credere
3238 3300 3338 3342 nos
3361 3296 3602 3357 oportet,
3625 3298 3774 3344 tente

2196 3397 2319 3436 mus
2347 3380 2631 3436 ostendere
2659 3380 2935 3451 quomodo
2966 3397 3074 3434 non
3102 3390 3257 3435 erant
3277 3382 3666 3438 convenientia
3691 3399 3787 3439 ne-

2195 3488 2303 3544 que
2315 3474 2547 3528 duorum
2566 3473 2808 3542 ipsorum
2831 3472 3163 3538 testimonia,
3178 3473 3438 3542 quoniam
3462 3489 3575 3528 non
3595 3475 3785 3530 eadem

2195 3566 2557 3636 protulerunt.
2584 3562 2894 3619 Secundum
2916 3563 3225 3618 Matlhaaum
3251 3564 3295 3595 ³⁸
3315 3566 3461 3619 enim
3479 3566 3745 3621 dixerunt
3765 3609 3778 3621 .

2200 3656 2299 3711 llic
2327 3657 2464 3710 dixit
2487 3673 2504 3710 :
2527 3656 2753 3710 Possum
2782 3656 2978 3712 solvere
3006 3656 3255 3727 templum
3288 3656 3405 3723 Dei,
3433 3667 3485 3711 et
3514 3660 3573 3712 in
3607 3660 3779 3713 tribu

2193 3749 2375 3804 diebus
2413 3748 2736 3818 rewdiﬁcare
2770 3747 2927 3802 illud.
2976 3746 3288 3803 Secundum
3323 3746 3573 3806 Marcum
3604 3749 3655 3782 ³⁸
3682 3764 3781 3805 aa-

2194 3850 2299 3895 tem
2339 3856 2352 3892 :
2401 3841 2663 3905 Quoniam
2699 3855 2791 3892 nos
2821 3840 3124 3893 audivimus
3156 3856 3274 3892 eum
3314 3839 3598 3907 dicentem,
3650 3857 3781 3912 quo-

2194 3936 2338 3987 niam
2377 3948 2470 4003 ego
2501 3932 2644 3987 solvo
2681 3932 2775 3985 hoc
2811 3931 3061 4000 templum
3097 3932 3340 3984 manibus
3381 3931 3609 4000 factum,
3646 3946 3698 3987 et
3725 3934 3778 3988 iis

2193 4025 2361 4078 tribus
2384 4024 2566 4078 diebus
2594 4024 2744 4078 aliud
2779 4023 3115 4092 rewdiﬁcabo
3139 4039 3239 4076 non
3269 4022 3514 4077 manibus
3547 4025 3775 4094 factum.

2194 4116 2320 4170 Sive
2358 4130 2489 4186 ergo
2521 4115 2606 4170 bis
2643 4115 2891 4170 dicentes
2928 4114 3078 4177 tunc,
3120 4114 3379 4184 quoniam
3432 4130 3542 4169 non
3582 4116 3777 4171 eadem

2190 4207 2463 4270 dixerunt,
2498 4220 2606 4260 non
2635 4198 2765 4260 ‘sunt
2806 4205 3023 4259 inventa
3057 4203 3364 4258 testimonia
3404 4220 3599 4259 eorum
3635 4221 3770 4261 con-

2189 4298 2462 4353 venientia
2535 4296 2670 4362 sibi;
2726 4296 2841 4351 sive
2902 4305 3085 4351 autem
3140 4295 3305 4366 910
3353 4311 3497 4352 unus
3548 4297 3770 4368 quidem

502 4385 700 4443 Solvite
725 4391 975 4460 templum
1006 4392 1120 4455 hoc,
1155 4404 1203 4447 et
1232 4412 1324 4464 ego
1351 4396 1402 4449 in
1431 4397 1600 4451 tribus
1626 4399 1809 4453 diebus
1835 4403 2075 4456 excitabo
2110 4407 2152 4462 ι)
2178 4396 2316 4453 dixit
2344 4392 2489 4463 quod
2525 4388 3068 4459 exponitMatthzeus,
3088 4388 3221 4442 alter
3242 4397 3424 4443 autem
3464 4391 3769 4445 secundum

500 4479 682 4543 illud;
734 4482 954 4551 quando
1003 4492 1057 4537 et
1107 4484 1359 4539 additur:
1400 4484 1513 4540 IIoc
1555 4500 1731 4544 autent
1769 4492 1976 4547 dicebat
2014 4494 2080 4548 de

501 4570 694 4640 templo
719 4573 954 4640 corporis
984 4573 1070 4627 sui
1099 4574 1165 4629 ³ο.
1202 4573 1306 4629 Sed
1339 4577 1462 4632 vide
1489 4582 1782 4636 versutiam
1814 4581 2075 4639 falsorum

499 4658 718 4712 testium
757 4660 1014 4727 duorum,
1050 4678 1158 4733 qua
1207 4668 1560 4734 persuasione
1606 4680 1818 4727 utentes
1859 4684 2074 4745 sumpta

505 4747 576 4803 ab
608 4748 793 4818 aliquo
837 4752 982 4806 dicto
1017 4769 1145 4808 vero
1173 4759 1317 4824 quod
1350 4760 1563 4814 dixerat
1589 4761 1771 4826 .lesus,
1806 4764 2077 4822 finxerunt

500 4836 870 4893 testimonium
914 4840 1133 4898 falsum.
1162 4844 1323 4901 Jesus
1361 4858 1540 4903 autem
1575 4868 1681 4906 non
1706 4854 1844 4907 dixit
1868 4872 1881 4908 :
1909 4854 2072 4912 Solvo

494 4928 756 4999 templum
799 4931 924 4992 hoc.
956 4942 1012 4987 ct
1060 4934 1113 4988 iu
1151 4936 1327 4992 tribus
1372 4940 1565 4995 dielms
1602 4943 1809 4997 suscito
1860 4945 2068 5015 ipsum;

491 5019 587 5075 sed
614 5035 628 5071 :
657 5017 854 5075 Solvite
898 5022 1146 5091 templum
1172 5028 1289 5092 hoc,
1320 5038 1369 5081 et
1411 5030 1466 5082 in
1503 5031 1673 5085 tribus
1703 5033 1883 5089 diebus
1921 5038 2068 5090 exci-

492 5108 614 5163 tabo
642 5111 836 5180 ipsum.
886 5111 1031 5169 Falsi
1061 5125 1241 5171 autem
1279 5128 1445 5174 testes
1476 5123 1772 5179 retulerunt
1813 5140 1937 5181 eum
1982 5130 2066 5183 di-

488 5201 638 5257 xisse
681 5203 824 5273 quod
877 5220 985 5261 non
1034 5205 1213 5263 fuerat
1258 5210 1463 5267 dictum
1512 5215 1581 5270 ab
1620 5232 1705 5282 eo,
1756 5234 1855 5274 nec
1893 5220 2063 5277 dixit:

488 5290 718 5350 Possum
765 5297 976 5355 solvere
1017 5302 1273 5371 templum
1309 5303 1425 5373 Dei,
1458 5317 1513 5361 et
1556 5309 1608 5363 in
1651 5311 1825 5367 tribus
1870 5312 2065 5370 diebus

490 5386 822 5445 rea-.diﬁcare
860 5390 1014 5448 illud.
1056 5392 1394 5467 impietatem
1434 5414 1565 5471 ergo
1594 5401 1884 5459 solutionis
1928 5414 2064 5459 tem-

565 5519 618 5603 ’.ξ
648 5519 818 5603 Apoc.
855 5540 895 5589 ι,
924 5525 1010 5603 8.-
1070 5532 1114 5564 ’⁷
1153 5532 1342 5591 Matth.
1373 5552 1522 5602 xxvr,
1560 5537 1650 5603 59,
1687 5539 1775 5596 60.

484 5585 732 5682 £1922;-
945 5598 1030 5655 ιδ.
1373 5585 1538 5664 δέ·ξί
1561 5585 1715 5682 gen“.

482 5667 710 5731 gsxxvm
735 5702 749 5729 ,
785 5660 841 5730 2,
868 5665 921 5721 5.

1884 5543 1928 5576 ³⁸
1964 5544 2095 5600 ibid.
2129 5546 2230 5613 60,
2282 5546 2368 5600 6|.

1797 5612 1840 5644 ³³
1878 5630 2038 5685 xxw,
2067 5614 2153 5673 (il.

2184 4489 2328 4563 quod
2362 4484 2580 4554 scripsit
2605 4482 2843 4545 Marcus,
2872 4498 2935 4537 ac
2965 4498 3061 4553 per
3090 4481 3193 4536 hoc
3228 4481 3541 4537 testimonia
3575 4498 3766 4539 eorum

2183 4596 2292 4637 non
2327 4586 2483 4633 erant
2520 4574 2901 4631 convenientia
2932 4574 3057 4628 sibi.

2257 4670 2380 4726 109.
2423 4667 2492 4721 Et
2532 4682 2816 4736 exsurgens
2854 4666 3093 4735 princeps
3133 4666 3468 4720 sacerdotum
3509 4667 3650 4721 dixit
3678 4670 3762 4725 ei:

2186 4762 2339 4818 Nihil
2390 4759 2670 4830 respondes
2716 4758 2785 4811 ad
2823 4774 2884 4812 ea
2910 4773 3028 4828 qua:
3061 4759 3154 4812 isti
3189 4760 3547 4827 testiﬁcantur
3574 4761 3759 4815 adver-

2179 4872 2269 4909 sus
2302 4854 2392 4908 te?
2428 4850 2584 4906 Iesus
2625 4860 2799 4904 autem
2837 4850 3041 4903 tacebat
3074 4849 3138 4903 ³⁸.
3171 4848 3355 4905 Potest
3399 4850 3455 4904 in
3498 4852 3622 4906 istis
3652 4853 3758 4907 im-

2177 4948 2318 5017 pleta
2352 4944 2577 5014 intelligi
2609 4942 2893 5022 prophetia
2926 4957 3049 5012 qua
3074 4942 3203 4996 dicit
3226 4942 3311 4994 3’:
3346 4942 3484 4996 Dum
3517 4944 3761 4999 consistit

2175 5049 2419 5111 peccator
2453 5036 2703 5090 adversus
2740 5050 2842 5102 me,
2886 5033 3147 5100 obmutui,
3185 5045 3231 5087 et
3274 5035 3594 5089 humiliatus
3621 5053 3754 5101 sum,

2174 5138 2222 5183 et
2248 5127 2377 5182 silui
2406 5144 2437 5179 a
2460 5125 2642 5189 bonis;
2679 5132 2736 5178 ut
2764 5133 3016 5194 peccator
3044 5125 3133 5179 ille
3166 5125 3219 5179 in
3257 5125 3377 5181 istis
3406 5126 3752 5195 prophetatus

2177 5220 2513 5289 intelligatur
2557 5216 2793 5286 Caipbas
2845 5216 2938 5285 qui
2993 5217 3243 5272 consistit
3306 5229 3498 5289 contra
3542 5218 3745 5274 Iesum.

2176 5311 2349 5367 Simul
2369 5309 2631 5365 discimus
2659 5324 2723 5362 ex
2754 5308 2855 5362 hoc
2885 5308 3006 5363 loco
3037 5318 3384 5364 contemnere
3400 5309 3742 5365 calumnian-

2169 5405 2305 5459 tium
2337 5413 2391 5459 ct
2421 5402 2682 5458 falsorum
2707 5401 2927 5457 testium
2964 5416 3145 5467 voces,
3171 5409 3229 5455 ut
3259 5416 3362 5457 nec
3394 5403 3744 5473 responsione

3458 5544 3591 5600 ibid.
3651 5543 3733 5600 90.

2472 5544 2515 5575 ¹⁹
2558 5559 2634 5611 tt,
2683 5543 2771 5598 i9.
2878 5543 2922 5575 ’°
2961 5543 3091 5598 ibid.
3150 5544 3240 5598 21.
3347 5547 3394 5579 ’ί

3515 5616 3557 5646 ³⁷
3597 5615 3734 5671 Psal.

2233 5617 2277 5649 ³⁸
2336 5632 2444 5683 xiv,
2523 5614 2610 5670 58.
2691 5614 2736 5647 ³⁸
2774 5613 2963 5669 Matth.
3007 5630 3162 5678 sxw,
3214 5613 3305 5681 62,
3344 5616 3434 5671 65.
