4004 6540
234 247 378 316 1767

1386 258 1761 321 COMMENTA
1773 265 2037 324 RIORUM
2077 267 2341 329 SERIES.

3358 277 3494 334 17ζξ8

232 386 426 433 nostra
470 376 663 448 tignos
706 391 803 434 eos
828 378 1151 444 habeamus,
1194 393 1296 434 nec
1339 381 1631 439 defendere
1683 401 1815 441 nos-
1847 393 1885 447 Α
1918 394 1995 440 cst
2025 386 2111 454 “,
2152 386 2387 443 faciebat
2434 394 2614 444 autem
2674 398 2957 460 peccatum
3018 392 3183 448 etiam
3239 394 3494 466 princeps

234 477 524 539 metipsos,
555 470 648 523 ubi
680 485 786 523 non
821 481 950 525 sunt
992 471 1369 528 convenientia
1400 489 1522 544 quae
1555 477 1813 531 dicuntur

215 561 502 616 ‘adversus
536 575 659 616 nos.
713 561 854 627 Quid
902 562 1043 617 cnim
1085 578 1224 632 opus
1271 573 1354 618 est
1404 565 1512 621 illis
1561 567 1814 622 resistere

235 652 333 721 qui
369 650 473 706 sibi
509 650 612 721 ipsi
644 653 917 706 contraria
946 653 1190 709 dicentes
1225 655 1533 710 resistunt?
1577 658 1815 711 maxime

238 741 334 796 ubi
362 740 545 809 majus
574 749 660 795 est
689 741 857 796 libere
893 752 946 797 et
980 740 1195 797 fortiter
1240 743 1400 798 silere
1429 760 1593 813 quam
1622 743 1812 800 defen-

233 834 369 889 dere
397 834 515 888 sine
543 834 655 888 ullo
685 831 953 903 profectu,
984 842 1046 889 ut
1079 849 1186 890 non
1217 835 1571 890 humiliemur
1600 852 1629 891 a
1663 837 1815 893 testi-

233 924 343 981 bus
369 923 522 980 falsis
556 933 612 980 et
640 926 1131 983 calumniatoribus
1163 927 1443 996 improbis.

309 1016 433 1070 110.
484 1014 555 1070 Ει
583 1015 721 1070 dixit
749 1018 795 1070 ei
836 1017 1074 1087 princeps
1119 1018 1450 1073 sacerdotum
1488 1035 1507 1073 :
1534 1019 1736 1090 Adjuro
1766 1031 1815 1075 te

229 1122 331 1176 per
363 1106 531 1160 Deum
570 1107 778 1172 vivum,
820 1117 877 1161 ut
915 1109 1064 1162 dicas
1106 1111 1256 1163 nobis
1292 1110 1339 1164 si
1377 1120 1435 1163 tu
1475 1127 1529 1166 es
1570 1110 1812 1166 Christus

233 1197 415 1254 Filius
448 1199 565 1254 Dei.
608 1199 677 1253 Et
718 1200 857 1253 dia‘it
901 1203 950 1254 ei
979 1199 1180 1255 Iesus:
1213 1200 1291 1255 Tu
1330 1203 1518 1257 dixisti
1545 1203 1610 1258 ³⁸.
1655 1203 1723 1257 Ει
1757 1205 1811 1259 in

227 1291 352 1362 lege
376 1291 595 1362 quidem
631 1292 916 1362 adjurandi
954 1309 1115 1348 usum
1149 1293 1480 1351 invenimus.
1514 1294 1574 1351 In
1606 1294 1807 1351 Nume-

226 1386 312 1442 ris
337 1386 481 1440 enim
508 1384 553 1418 ³³
579 1385 711 1440 dicit
741 1385 846 1447 lex,
876 1385 1135 1454 quoniam
1162 1386 1435 1456 adjurabit
1468 1404 1586 1442 eam
1624 1404 1811 1445 sacer-

227 1477 364 1543 dos,
412 1476 465 1532 id
510 1485 596 1533 est
641 1477 923 1533 mulierem
967 1478 1115 1532 illam
1163 1479 1217 1532 in
1269 1479 1430 1549 cujus
1472 1481 1591 1536 viro
1634 1481 1812 1539 factus

225 1578 319 1625 est
348 1568 575 1639 spiritus
603 1569 725 1637 zeli,
749 1568 962 1624 etdicct
988 1568 1203 1623 mulieri
1222 1568 1479 1626 sacerdos
1508 1570 1552 1602 ’⁸ο
1578 1589 1593 1624 :
1620 1570 1680 1626 Si
1708 1588 1812 1627 non

226 1663 667 1734 dormictaliquis
691 1673 892 1731 tecum,
923 1673 974 1718 et
1015 1665 1119 1718 nisi
1166 1672 1494 1737 transgressa
1524 1683 1577 1721 es
1607 1677 1663 1722 ut
1698 1686 1812 1723 nta-

1916 478 2262 532 saeerdotuin
2302 478 2568 535 insidians
2593 479 2753 547 Jesu,
2782 493 2836 537 et
2870 494 3154 554 propterea
3185 486 3252 543 de
3277 486 3497 543 diabolo

1914 579 2031 625 erat
2086 582 2271 639 natus,
2317 582 2371 628 et
2406 576 2564 644 quasi
2611 576 2679 631 de
2714 577 3131 634 diabolo~natus
3176 580 3494 639 imitabatur

1914 664 2199 734 proprium
2229 675 2436 736 patrem
2480 668 2575 738 qui
2601 670 2688 724 his
2717 669 2879 725 dubie
2923 671 3222 743 interrogat
3245 672 3494 729 Salvato-

1914 770 2027 808 rcm
2050 755 2127 811 “z
2154 756 2212 811 Si
2239 767 2293 812 tu
2318 776 2371 813 es
2390 757 2565 813 Filius
2589 759 2708 825 Dei,
2728 761 2869 816 sicut
2893 764 3157 833 scriptum
3181 776 3263 821 est
3289 767 3341 820 in
3376 776 3494 822 ten-

1914 848 2213 904 tationibus
2251 851 2393 920 ejus.
2437 851 2628 907 Simile
2664 865 2749 907 est
2787 855 2932 908 enim
2981 871 2993 906 :
3037 854 3098 910 Si
3134 866 3190 908 tu
3226 874 3279 910 es
3314 856 3491 912 Filius

1915 938 2035 1003 Dei,
2066 950 2162 995 et:
2196 940 2257 997 Si
2291 950 2345 995 tu
2391 958 2444 995 es
2473 940 2716 999 Christus
2756 942 2932 998 Filius
2962 944 3077 1000 Dei.
3130 944 3297 1002 Recte
3345 949 3491 1004 enim

1915 1031 2037 1100 quis
2073 1032 2255 1086 dicere
2294 1041 2476 1102 potest
2519 1035 2573 1088 in
2611 1035 2731 1090 loco
2767 1036 2900 1101 hoc,
2934 1039 3197 1107 quoniam
3243 1040 3492 1098 dubitare

1913 1123 1980 1176 de
2008 1121 2146 1175 Filio
2176 1121 2266 1178 Dci
2304 1132 2487 1178 utrum
2534 1124 2650 1194 ipse
2687 1126 2760 1181 sit
2796 1125 3083 1192 Christus,
3126 1144 3264 1199 opus
3292 1130 3493 1187 diaboli

1912 1221 2036 1278 est,
2080 1223 2135 1267 et
2181 1214 2443 1284 principis
2495 1216 2841 1271 sacerdotum
2901 1217 3212 1274 insidiantis
3263 1219 3495 1278 Domino

1914 1314 2131 1371 nostro;
2167 1306 2260 1361 sed
2291 1322 2396 1360 non
2432 1308 2555 1363 talis
2587 1307 2837 1365 inventus
2871 1309 3178 1367 estPetrus.
3209 1312 3345 1368 Nam
3376 1315 3497 1371 sine

1914 1398 2096 1467 aliqua
2151 1397 2493 1454 dubitatione
2539 1402 2922 1469 pronuntiavit
2965 1422 2978 1459 :
3031 1403 3109 1457 Tu
3163 1422 3218 1459 es
3249 1405 3493 1461 Christus

1916 1488 2091 1543 Filius
2122 1489 2220 1544 Dei
2249 1492 2351 1545 vivi
2381 1491 2446 1558 “,
2478 1507 2578 1547 nec
2618 1494 2805 1563 posuit
2852 1494 2946 1560 ibi,
2978 1496 3025 1549 si
3051 1510 3069 1549 :
3093 1508 3315 1566 propter
3346 1498 3491 1569 quod

1914 1580 2107 1635 beatus
2143 1589 2228 1636 est
2271 1582 2608 1651 appellatus,
2655 1583 2783 1653 quia
2834 1599 2942 1639 non
2991 1599 3119 1639 caro
3169 1593 3223 1640 ct
3270 1588 3495 1657 sanguis

1915 1673 2247 1726 revelaverat
2296 1675 2368 1738 ei,
2420 1675 2513 1729 sed
2546 1674 2689 1730 Deus
2720 1674 2883 1729 Pater
2933 1678 3027 1746 qui
3069 1687 3155 1733 est
3215 1680 3269 1734 in
3315 1681 3490 1737 caelis.

226 1755 426 1811 culeris
468 1773 503 1810 a
527 1757 638 1811 viro
672 1773 777 1810 non
809 1766 897 1809 tuo
917 1798 931 1818 ,
977 1756 1225 1811 innocens
1261 1758 1366 1811 eris
1398 1758 1462 1812 ab
1492 1775 1629 1830 aqua
1651 1777 1813 1831 argu-
1849 1734 1888 1788 Β
1916 1763 2017 1828 Qui
2049 1774 2230 1819 autem
2265 1780 2389 1818 cum
2420 1766 2763 1821 dubitatione
2792 1734 2980 1822 dicunt
3011 1786 3023 1821 :
3059 1767 3120 1823 Si
3151 1778 3207 1823 tu
3236 1787 3290 1826 es
3316 1769 3492 1825 Filius

226 1847 392 1901 tionis
420 1848 517 1901 hac
545 1847 852 1902 maledicta.
901 1847 968 1902 Et
1001 1856 1123 1918 post
1165 1864 1337 1919 pauca
1363 1850 1404 1881 “
1434 1870 1447 1904 :
1478 1850 1546 1906 Et
1590 1853 1813 1923 adjura-

227 1937 343 2003 bit,
393 1939 613 2007 inquit,
663 1944 909 1994 sacerdos
945 1940 1236 1996 imulierem
1280 1943 1335 1996 in
1383 1944 1811 2014 adjurationibus

227 2032 620 2086 maledictionis
666 2031 846 2101 hujus.
886 2031 1016 2086 Item
1065 2035 1120 2087 in
1161 2035 1322 2089 tertio
1352 2034 1559 2108 Regum
1593 2038 1638 2069 “
1677 2038 1813 2092 dixit

222 2138 326 2178 rex
354 2123 542 2178 Achab
576 2123 642 2178 ad
674 2122 956 2178 Michaeam
993 2142 1007 2178 :
1035 2124 1240 2193 Adiuro
1289 2135 1337 2180 te
1381 2136 1438 2180 ut
1468 2127 1703 2199 loquaris
1742 2130 1812 2182 ad

227 2231 314 2269 me
348 2214 625 2269 veritatem
675 2214 731 2269 in
781 2216 992 2270 nomine
1022 2215 1256 2271 Domini.
1300 2218 1588 2289 Adjuravit
1629 2231 1808 2276 autem

227 2321 329 2362 rex
366 2305 728 2376 prophetam,
780 2314 834 2361 et
892 2307 1166 2376 adjuravit
1216 2325 1323 2364 non
1371 2311 1515 2366 sicut
1557 2315 1812 2371 sacerdos

227 2399 285 2455 in
312 2399 588 2455 Numeris.
608 2398 718 2455 .llle
741 2399 886 2455 enim
919 2415 981 2455 ex
1014 2401 1150 2471 legis
1179 2413 1468 2473 praecepto,
1505 2407 1606 2461 iste
1630 2417 1809 2464 autem

226 2507 299 2546 ex
344 2488 574 2546 arbitrio
633 2508 754 2548 suo.
806 2493 873 2548 Et
910 2510 1057 2548 nunc
1106 2497 1160 2549 in
1196 2495 1317 2551 loco
1345 2499 1596 2566 praesenti
1625 2497 1809 2555 Jesum

228 2584 486 2640 sacerdos
514 2584 729 2653 adjurat
758 2602 853 2656 per
884 2586 1053 2642 Deum
1086 2589 1289 2643 vivum.
1330 2588 1597 2646 Existimo
1627 2601 1810 2648 autem

226 2674 493 2744 quoniam
529 2691 639 2730 non
692 2685 902 2747 oportet
958 2685 1018 2730 ut
1061 2678 1145 2731 vir
1193 2679 1286 2749 qui
1336 2681 1452 2735 vult
1510 2684 1810 2737 secundum

232 2767 585 2841 Evangelium
634 2770 844 2837 vivere,
894 2770 1111 2841 adjuret
1166 2772 1421 2828 alterum.
1486 2772 1677 2828 Similc
1730 2783 1816 2828 est

226 2862 377 2916 enim
407 2862 553 2932 quod
584 2862 718 2918 dicit
746 2862 800 2917 in
828 2861 1123 2932 Evangelio
1153 2862 1418 2920 Dominus
1447 2864 1563 2934 ipse
1588 2864 1663 2917 "z
1703 2864 1814 2936 Ego

230 2961 408 3005 autem
452 2953 571 3007 dico
625 2969 727 3007 non
774 2954 963 3023 jurare
1016 2953 1251 3018 omnino,
1302 2962 1357 3008 et
1406 2969 1514 3008 non
1562 2955 1816 3026 adjurare

226 3042 475 3098 omnino.
534 3043 591 3097 Si
648 3045 792 3099 enim
837 3044 1027 3113 jurare
1082 3060 1192 3099 non
1250 3045 1375 3100 licet
1422 3054 1691 3115 quantum
1745 3048 1811 3104 ad

223 3133 600 3204 evangelicum
634 3135 836 3190 Christi
872 3138 1208 3200 mandatum,
1234 3152 1421 3192 verum
1447 3146 1526 3192 est
1555 3139 1683 3208 quia
1716 3155 1815 3195 nec

232 3224 491 3296 adjurare
533 3226 761 3280 alterum
808 3227 953 3282 licet.
1013 3226 1305 3298 Propterea
1350 3229 1700 3284 manifestum
1732 3242 1816 3286 est

232 3316 494 3387 quoniam
529 3316 785 3386 princeps
827 3317 1172 3371 sacerdotum
1215 3316 1401 3372 illicite
1428 3315 1613 3372 Jesum
1658 3316 1817 3387 adju-

227 3407 388 3475 ravit,
419 3408 668 3477 quamvis
698 3408 945 3463 videatur
975 3424 1071 3476 per
1097 3407 1265 3463 Deum
1299 3410 1479 3462 vivum
1508 3409 1811 3479 adjurasse.

225 3498 447 3567 Quaeret
489 3500 688 3569 aliquis
719 3501 766 3555 si
800 3501 1056 3555 convenit
1081 3501 1165 3555 vel
1196 3500 1471 3556 daemones
1512 3502 1767 3570 adjurare
1794 3519 1809 3555 :

234 3602 292 3646 et
321 3593 414 3661 qui
450 3607 573 3661 resp
596 3592 669 3645 cit
697 3592 762 3644 ad
795 3592 994 3647 multos
1024 3592 1116 3662 qui
1150 3592 1276 3646 talia
1304 3590 1484 3647 facere
1517 3594 1636 3647 ausi
1664 3602 1811 3658 sunt,

226 3686 373 3740 dicet
415 3700 525 3738 non
554 3685 672 3739 sine
714 3683 927 3738 ratione
955 3684 1069 3738 ﬁeri
1108 3685 1228 3738 hoc.
1272 3682 1376 3750 Qui
1412 3692 1592 3739 autem
1622 3686 1816 3755 aspicit

232 3776 423 3831 .lesum
475 3775 832 3844 imperantem
863 3774 1224 3839 daemonibus,
1254 3775 1348 3830 sed
1378 3776 1540 3829 etiam
1571 3786 1813 3846 potesta-

229 3875 336 3922 tem
369 3867 584 3920 dantem
620 3865 906 3935 discipulis
946 3864 1063 3920 suis
1107 3881 1271 3935 super
1301 3867 1487 3921 omnia
1520 3868 1811 3932 daemonia,

230 3967 287 4012 et
317 3967 379 4012 ut
408 3957 752 4011 inlirmitatcs
796 3965 1087 4022 sanarent,
1126 3957 1270 4011 dicet
1301 3958 1558 4027 quoniam
1593 3973 1701 4013 non
1733 3967 1815 4014 cst

229 4050 533 4105 secundum
575 4058 899 4118 potestatem
930 4048 1113 4102 datam
1157 4063 1187 4102 a
1223 4047 1504 4103 Salvatore
1556 4051 1814 4120 adjurare

226 4141 498 4197 daemonia
546 4159 560 4195 :
588 4139 874 4194 Judaicum
926 4149 1009 4195 est
1049 4141 1216 4194 enim.
1250 4141 1364 4197 Hoc
1387 4142 1490 4197 etsi
1522 4143 1816 4212 aliquando

230 4252 260 4289 a
296 4234 500 4288 nostris
542 4234 648 4288 tale
684 4232 890 4302 aliquid
925 4232 1038 4295 liat,
1075 4233 1254 4289 simile
1284 4233 1341 4288 lit
1381 4234 1429 4288 ei
1464 4235 1608 4304 quod
1648 4251 1677 4288 a
1712 4232 1813 4289 Sa-

228 4328 450 4382 lomone
524 4326 742 4393 scriptis
826 4323 1264 4394 adjurationibus
1317 4325 1492 4381 solent
1539 4326 1814 4383 daemones

1913 1853 2030 1914 Dei.
2081 1854 2150 1908 ab
2200 1856 2349 1909 omni
2398 1856 2734 1912 beatitudine
2762 1866 2892 1912 sunt
2944 1859 3126 1915 alieni.
3178 1860 3312 1916 Nam
3365 1863 3494 1933 quia

1912 1960 2017 1999 non
2058 1955 2176 2000 erat
2216 1946 2414 2018 dignus
2463 1948 2716 2020 princeps
2743 1949 3089 2005 sacerdotum
3133 1950 3334 2007 Christi
3396 1953 3495 2008 do-

1911 2037 2108 2101 ctrina,
2152 2048 2438 2109 propterea
2482 2056 2591 2095 non
2632 2057 2759 2097 cum
2804 2042 2994 2111 docet,
3047 2058 3150 2098 nec
3187 2044 3319 2099 dicit
3364 2045 3491 2116 quia

1915 2143 2016 2199 ego
2049 2145 2205 2195 sum;
2251 2132 2343 2186 sed
2386 2132 2606 2187 verbum
2656 2134 2773 2189 oris
2821 2135 2941 2204 ejus
2991 2135 3263 2205 accipiens
3310 2136 3365 2190 in
3409 2152 3497 2193 re-

1914 2221 2293 2291 dargutioncm
2352 2224 2545 2292 ipsius,
2601 2227 2870 2281 convertit
2921 2226 3257 2283 dicenszTu
3284 2228 3495 2293 dixisti,

1912 2317 1972 2361 ut
2005 2324 2070 2363 eo
2103 2312 2271 2366 modo
2299 2312 2574 2368 videretur
2602 2316 2779 2386 argui,
2813 2332 2919 2370 non
2946 2317 3149 2374 doceri.

1983 2400 2105 2455 111.
2152 2402 2319 2457 Amen
2357 2406 2474 2458 dico
2518 2405 2659 2458 vobis
2708 2421 2726 2458 :
2761 2406 2961 2459 Amodo
3000 2406 3242 2462 videbitis
3286 2407 3495 2463 Filium

1911 2490 2140 2547 hominis
2204 2495 2467 2549 sedentem
2511 2514 2541 2549 α
2588 2498 2789 2551 dextris
2843 2499 3074 2565 virtutis,
3116 2507 3164 2552 et
3209 2500 3496 2553 venientem

1912 2597 2074 2650 supra
2113 2586 2273 2639 nubes
2321 2587 2439 2639 cmli
2481 2587 2549 2643 ".
2607 2586 2877 2653 Quoniam
2935 2603 3044 2643 non
3093 2596 3177 2643 est
3232 2590 3494 2659 scriptum

1914 2686 1944 2723 a
1985 2671 2194 2733 dextris
2242 2676 2375 2744 Dei,
2427 2678 2522 2732 sed
2574 2679 2717 2747 apud
2763 2694 2956 2733 omnes
3004 2679 3368 2748 evangelistas
3423 2679 3494 2734 ad

1915 2776 2163 2829 dextram
2195 2771 2417 2826 virtutis
2453 2770 2641 2825 sedere
2677 2770 2872 2825 Filium
2917 2770 3178 2837 hominis,
3217 2772 3345 2827 item
3388 2781 3500 2827 tres

1914 2867 2259 2937 evangelista
2289 2865 2538 2921 similiter
2579 2865 2826 2920 scribunt
2866 2883 2880 2918 :
2920 2864 3162 2919 videbitis
3199 2865 3497 2932 sedentem;

1918 2954 2261 3025 simplicibus
2318 2952 2540 3022 quidem
2609 2954 2933 3008 conceditur
2990 2953 3084 3023 qui
3137 2953 3274 3008 nihil
3326 2954 3495 3009 altum

1918 3052 2151 3116 possunt
2194 3042 2384 3097 audire
2435 3043 2489 3095 in
2526 3056 2592 3097 eo
2631 3043 2774 3112 quod
2823 3043 2975 3109 dicit,
3010 3042 3293 3113 sedentem,
3340 3059 3406 3099 ac
3449 3059 3498 3102 si

1920 3139 2089 3203 dicat,
2146 3151 2312 3207 supra
2362 3136 2617 3190 virtutem
2683 3133 2990 3191 fundatum.
3050 3134 3262 3203 Quibus
3311 3143 3498 3191 autem

1918 3229 2179 3300 possibile
2201 3238 2286 3284 est
2317 3227 2512 3298 spiritu
2543 3226 2724 3281 omnia
2761 3226 3090 3297 perscrutari
3119 3226 3282 3281 etiam
3313 3225 3500 3282 altitu-

1916 3323 2073 3378 dines
2100 3321 2216 3386 Dci,
2250 3329 2305 3375 et
2333 3319 2478 3391 quod
2510 3319 2774 3388 scriptum
2807 3326 2884 3374 est
2912 3316 2957 3349 ⁸⁸
2981 3336 2994 3371 :
3021 3316 3127 3384 Qui
3157 3318 3304 3372 sedes
3342 3332 3501 3389 super

1918 3413 2186 3468 cherubim
2233 3429 2461 3483 appare;
2522 3420 2578 3467 ct
2611 3410 2697 3466 ‘9:
2738 3409 2859 3465 Vidi
2910 3409 3195 3464 Dominum
3236 3410 3498 3465 sedentem

1918 3522 2075 3576 super
2095 3506 2271 3562 sedem
2295 3506 2556 3560 excelsam
2594 3516 2643 3560 et
2668 3504 2923 3560 elevatom
2940 3521 2958 3569 ;
3001 3511 3056 3557 et
3078 3503 3123 3534 ⁸⁸
3152 3518 3166 3554 :
3194 3501 3347 3557 Dixit
3383 3499 3497 3554 Do-

1918 3600 2094 3654 minus
2151 3598 2371 3651 Domino
2416 3614 2528 3652 meo
2562 3614 2581 3652 :
2626 3595 2761 3652 Sede
2811 3596 3084 3665 ddextris
3130 3594 3279 3658 meis,
3329 3593 3494 3647 donec

1915 3709 2111 3762 ponam
2157 3692 2401 3745 inimicos
2450 3699 2565 3743 tuos
2618 3673 2904 3743 scabellum
2945 3688 3137 3758 pedum
3170 3698 3401 3750 tuorum,
3433 3692 3490 3739 et

1918 3784 2028 3839 alia
2058 3782 2263 3838 similia
2288 3796 2413 3851 qua:
2454 3781 2521 3835 de
2551 3778 2662 3834 Deo
2699 3779 2919 3834 sedente
2949 3777 3092 3832 dicta
3124 3783 3271 3837 sunt,
3301 3772 3496 3828 simili-

1920 3883 2000 3928 ter
2042 3882 2097 3927 et
2139 3872 2205 3927 de
2233 3871 2454 3926 Christo
2497 3870 2777 3935 dicuntur,
2808 3882 2945 3937 qua:
2982 3863 3241 3946 conferre
3284 3871 3498 3941 oportet

1917 3982 2040 4019 cum
2083 3965 2228 4018 dicto
2268 3962 2542 4034 praesenti,
2585 3971 2645 4015 ut
2673 3977 2739 4015 ex
2774 3958 2962 4013 humili
3007 3955 3411 4012 existimatione
3443 3964 3499 4010 et

1917 4055 2160 4109 fabulosa
2220 4054 2502 4109 videamus
2552 4050 2684 4122 quid
2721 4049 2991 4121 signiticet
3047 4062 3199 4102 more
3255 4046 3498 4100 humano

1921 4147 2096 4202 sessio
2135 4146 2359 4201 Christi.
2398 4143 2622 4199 Videtur
2652 4150 2831 4196 autem
2868 4140 3000 4195 mihi
3030 4139 3288 4210 quoniam
3333 4137 3493 4208 911

1913 4237 2287 4293 inundationem
2348 4234 2643 4307 quamdam
2691 4246 2746 4290 et
2787 4223 3094 4288 firmitatem
3142 4232 3374 4301 regalem
3422 4231 3500 4285 si-

1915 4328 2135 4399 gnificat
2182 4328 2356 4383 scssio
2402 4327 2523 4380 Filii
2568 4325 2823 4381 hominis.
2855 4324 3017 4379 Juxta
3054 4324 3307 4378 virtutem
3345 4336 3497 4393 ergo,

232 4418 502 4487 adjurari.
551 4417 654 4471 Sed
688 4416 788 4486 ipsi
821 4414 911 4485 qui
949 4424 1177 4469 utuntur
1224 4415 1657 4485 adjurationibus
1686 4416 1811 4481 illis,
1848 4450 1891 4503 ι)
1920 4422 2012 4492 qui
2068 4420 2218 4475 solus
2272 4426 2355 4472 est
2406 4418 2579 4473 virtus
2622 4426 2680 4473 et
2724 4416 2937 4487 proprie
2984 4413 3318 4481 nominatur,
3364 4420 3418 4468 et
3468 4428 3499 4466 a

230 4513 529 4580 aliquoties
576 4527 676 4565 nec
724 4511 937 4567 idoneis
984 4509 1294 4565 constitutis
1348 4508 1502 4562 libris
1555 4518 1811 4562 utuntur:

230 4605 559 4676 quibusdam
606 4616 788 4660 autem
824 4613 878 4660 et
918 4606 984 4660 de
1012 4602 1237 4659 llebrteo
1278 4604 1514 4671 acceptis
1560 4602 1815 4670 adjuraut

231 4697 524 4751 dmmouia.
556 4697 759 4752 Tamen
808 4713 915 4752 non
947 4698 1175 4753 decebat
1218 4695 1508 4748 Dominum
1563 4703 1811 4750 nostrum

232 4788 300 4841 ad
335 4787 735 4856 adjurationem
774 4788 1038 4858 principis
1077 4786 1423 4840 sacerdotum
1465 4785 1812 4854 respondere,

231 4876 388 4947 quasi
443 4877 548 4930 vim
597 4892 817 4947 passum
864 4878 934 4931 ab
974 4878 1260 4947 adjurante
1300 4886 1488 4930 contra
1542 4876 1812 4945 propriam

230 4967 587 5022 voluntatem.
622 4966 852 5037 Propter
879 4968 1022 5038 quod
1064 4982 1164 5022 nec
1197 4967 1413 5038 negavit
1443 4983 1502 5022 se
1530 4965 1812 5022 Christum

232 5058 431 5113 Filium
476 5058 570 5113 Dei
602 5075 746 5127 esse,
782 5075 884 5115 nec
927 5060 1212 5115 manifeste
1251 5058 1535 5114 confessus
1568 5069 1681 5125 est;
1719 5061 1812 5114 sed

232 5151 391 5222 quasi
426 5152 605 5222 ipsum
634 5162 829 5208 testem
856 5153 1128 5223 accipiens
1158 5153 1522 5222 adjurantem,
1553 5153 1813 5221 quoniam

234 5244 354 5313 ipse
384 5253 468 5299 est
498 5245 591 5308 qui
628 5245 686 5319 in
738 5245 1165 5317 interrogatione
1216 5246 1520 5301 sacerdotis
1574 5261 1817 5314 pronun-

236 5339 403 5391 tiatus
428 5336 784 5393 estCliristus
815 5336 985 5395 Filius
1015 5337 1131 5405 Dei,
1162 5339 1348 5395 dicens
1373 5353 1387 5391 :
1409 5336 1486 5391 Tu
1513 5337 1721 5391 dixisti.
1755 5336 1820 5392 Et

234 5427 497 5499 quoniam
537 5431 705 5485 omnis
734 5431 823 5501 qui
853 5431 981 5500 facit
1008 5441 1300 5501 peccatum,
1336 5445 1400 5485 ea:
1425 5429 1634 5483 diabolo
1663 5437 1818 5495 natus

319 5566 364 5599 ιδ
384 5566 575 5621 Matth.
604 5582 748 5631 xxvt,
779 5566 864 5625 65.
891 5565 978 5621 64.
1065 5563 1110 5597 ³ο
1130 5550 1293 5631 $.19.
1378 5564 1422 5597 ιο
1447 5563 1576 5619 ibid.

248 5640 295 5674 "
326 5640 517 5694 Matth.
552 5654 627 5700 tv,
658 5640 711 5693 6.

246 5711 293 5745 ⁸⁸
321 5710 484 5767 Marc.
519 5726 628 5774 xiv,
656 5710 743 5766 62.

813 5568 864 5625 5.
891 5565 978 5621 64.
1065 5565 1110 5597 ³⁹
1133 5583 1183 5631 v,
1208 5565 1293 5620 19.
1378 5565 1422 5597 ⁵ο
1447 5565 1576 5619 ibid.
1667 5565 1709 5597 “
1740 5565 1809 5619 ibi

813 5639 858 5669 ⁸⁸
882 5637 1071 5691 Matth.
1098 5652 1207 5701 xvt,
1248 5636 1334 5691 16.
1411 5636 1453 5668 ’⁵⁷
1486 5636 1676 5690 Matth.
1717 5652 1812 5691 xxv

1917 5567 1992 5622 25.
2078 5565 2124 5596 "
2149 5579 2285 5618 xxu.
2324 5565 2408 5618 16.
2501 5565 2547 5593 ⁸³
2569 5565 2758 5615 Matth.
2789 5578 2839 5624 v,
2868 5565 2957 5615 54.

1919 5640 1986 5693 il.
2063 5636 2108 5671 δε
2135 5635 2275 5691 Psal.
2310 5649 2489 5701 Lxxix,
2516 5634 2570 5687 2.
2646 5633 2690 5664 ‘9
2716 5631 2818 5687 lsa.
2846 5647 2921 5697 vi,
2958 5630 3006 5684 1.

818 5709 864 5743 ⁸²
890 5707 1079 5763 Matth.
1115 5724 1257 5772 xxvi,
1289 5708 1376 5762 6i.
1454 5708 1500 5739 ⁸³
1527 5707 1661 5761 Luc.
1692 5724 1779 5773 xx,
1808 5708 1895 5763 (i9.

1919 4513 2128 4569 dextris
2183 4511 2441 4566 fundatus
2478 4518 2581 4575 est,
2627 4519 2681 4563 et
2720 4509 2813 4577 qui
2850 4506 3058 4576 accepit
3104 4519 3319 4560 omnem
3347 4510 3502 4574 pote-

1918 4616 2114 4663 statem
2161 4621 2189 4659 a
2216 4604 2378 4659 Patre
2425 4604 2567 4659 sicut
2607 4602 2661 4657 in
2706 4601 2845 4656 coelo
2876 4608 2931 4656 et
2965 4599 3020 4654 in
3061 4607 3222 4653 terra.
3258 4596 3326 4651 Et
3357 4597 3502 4653 hanc

1919 4698 2293 4754 fundationem
2325 4692 2668 4769 [aliquando]
2697 4693 2958 4749 videbunt
2986 4691 3148 4745 etiam
3180 4688 3498 4756 adversarii,

1920 4796 2209 4861 postquam
2244 4803 2369 4841 cum
2404 4785 2587 4840 laetitia
2618 4783 2853 4839 viderint
2893 4797 3017 4838 eum
3054 4780 3219 4836 beati.
3270 4776 3378 4833 Sed
3407 4792 3499 4834 se-

1921 4878 2158 4934 cundum
2211 4876 2452 4932 Marcum
2504 4875 2721 4945 quidem
2780 4888 2888 4927 non
2937 4872 3099 4926 habet
3148 4870 3357 4934 amodo,
3406 4869 3499 4924 sed

1918 4968 2148 5039 puriter,
2186 4968 2236 5022 id
2264 4976 2386 5022 est:
2428 4966 2685 5021 Videbitis
2716 4962 2917 5017 Filium
2950 4960 3178 5015 hominis
3221 4976 3254 5011 a
3298 4958 3500 5013 dextris

1922 5064 2182 5116 sedentem
2232 5061 2445 5115 virtutis
2488 5059 2528 5090 ⁸¹
2585 5076 2598 5113 :
2644 5055 2941 5111 secundum
2991 5065 3152 5121 quem
3210 5048 3345 5103 nihil
3398 5048 3503 5103 erit

1918 5152 2253 5209 contrarium
2310 5152 2394 5206 his
2425 5165 2547 5221 qua:
2606 5146 2950 5202 tradidimus.
3010 5140 3319 5196 Secundum
3363 5137 3503 5192 Mat—

1922 5248 2120 5299 tlneum
2150 5253 2326 5297 autem
2356 5243 2448 5310 qui
2478 5241 2609 5295 dicit
2639 5256 2653 5292 :
2679 5237 2881 5292 Anwdo
2931 5232 3172 5288 videbitis
3206 5231 3274 5297 δ’,
3312 5236 3366 5285 et
3413 5243 3500 5284 se-

1925 5336 2161 5392 cundum
2194 5333 2398 5389 Lucam
2430 5333 2693 5388 dicentem
2722 5345 2735 5381 :
2766 5327 2848 5382 Ea:
2875 5328 2969 5382 hoc
2999 5325 3099 5379 erit
3127 5321 3302 5376 Filius
3326 5320 3500 5374 homi-

1926 5430 2008 5484 nis
2039 5428 2108 5489 ⁸³,
2143 5434 2197 5482 et
2248 5432 2480 5492 caetera,
2530 5422 2879 5496 quaerendum
2931 5428 3014 5475 est
3059 5418 3104 5474 si
3150 5430 3214 5470 ea:
3261 5413 3357 5468 hoc
3384 5413 3502 5471 haec

2078 5563 2124 5596 “
2149 5579 2285 5618 xxu.
2324 5561 2408 5618 16.
2501 5560 2547 5593 ⁸³
2569 5560 2758 5615 Matth.
2789 5578 2839 5624 v,
2868 5560 2957 5615 54.
3032 5556 3079 5590 ⁸⁸
3105 5556 3125 5611 l
3153 5556 3310 5613 Joan.
3342 5572 3424 5621 in,
3459 5556 3494 5612 8

3083 5629 3128 5662 ⁸ο
3151 5628 3294 5685 Psal.
3325 5644 3434 5695 six,
3464 5628 3519 5686 1.
