4004 6534
564 230 698 287 I759

1699 266 1706 270 -
1740 221 2068 282 ORIGENIS
2105 222 2174 278 lN
2207 221 2624 280 MATTHEUM

3699 233 3827 288 (ἴση)

553 367 678 422 qua:
717 349 857 405 dixit
887 347 1140 404 Salvator
1181 346 1398 418 impleta
1435 355 1565 401 sunt
1603 359 1658 404 et
1705 347 1760 402 in
1793 347 1874 404 eis
1903 347 1998 418 qui
2044 363 2146 403 au-
2175 354 2222 410 Α
2250 354 2306 402 et
2333 345 2564 417 gloriam
2611 344 2947 403 existimavit
2983 345 3264 406 Iudaicam
3311 357 3368 406 et
3399 349 3715 408 fabulosam
3756 354 3829 410 hic

549 445 774 501 dierunt
799 442 944 512 quod
982 441 1124 496 dixit
1161 460 1174 494 :
1215 442 1424 496 Amodo
1457 440 1700 496 uidebitis
1731 439 1933 495 Filium
1967 440 2139 494 homi-

550 537 633 592 nis
661 535 924 590 sedentem
956 552 989 589 a
1015 535 1214 589 dextris
1244 535 1474 588 virtutis.
1509 534 1576 590 Et
1606 535 1843 590 dicimus
1877 536 2138 607 quoniam

549 636 730 700 potest
781 626 1066 698 impletum
1117 626 1328 694 videri,
1375 626 1634 696 quoniam
1685 641 1752 682 ex
1793 627 1906 693 illo,
1958 627 2012 682 id
2055 639 2139 684 est

551 726 796 789 tempore
851 717 1279 788 dispensationis
1337 718 1511 776 Filius
1567 719 1810 776 hominis
1871 721 2010 776 sedit
2068 721 2137 776 ad

545 811 794 867 dextram
843 810 1083 876 virtutis,
1114 820 1170 867 et
1213 810 1469 867 viderunt
1497 827 1623 867 eum
1651 813 1903 884 discipuli
1954 829 2137 868 resur-

545 913 761 975 gentem
798 920 828 960 a
857 905 1113 972 mortuis,
1160 913 1215 959 et
1255 920 1353 976 per
1391 905 1496 961 hoc
1533 904 1792 961 viderunt
1839 921 1965 961 eum
2008 906 2135 962 fun-

544 998 733 1052 datum
770 997 837 1052 ad
865 996 1110 1052 dextram
1157 997 1395 1064 virtutis,
1434 998 1734 1053 secundum
1769 999 1912 1069 quod
1961 999 2132 1054 tradi-

541 1089 726 1144 dimus
756 1103 942 1158 supra.
976 1088 1084 1143 Aut
1117 1089 1190 1144 ita
1217 1106 1231 1142 :
1259 1087 1393 1144 Vide
1423 1091 1470 1144 si
1502 1100 1656 1160 potes
1691 1091 1881 1146 horam
1915 1100 1969 1146 et
1988 1092 2131 1149 diem

540 1183 722 1236 metiri
779 1197 888 1237 non
942 1182 1245 1238 secundum
1293 1183 1638 1252 brevitatem,
1693 1201 1816 1255 quae
1858 1194 1942 1240 est
1989 1186 2133 1257 apud

541 1273 817 1338 homines,
875 1274 1133 1329 horarum
1183 1282 1351 1345 atque
1392 1274 1647 1342 dierum,
1692 1277 1786 1332 sed
1829 1277 2129 1333 secundum

537 1363 959 1437 longitudinem,
1009 1380 1131 1436 qua:
1181 1375 1264 1421 est
1315 1366 1458 1435 apud
1489 1365 1784 1422 Dominum
1845 1369 2131 1438 sempiter-

538 1473 694 1522 num,
736 1458 826 1512 cui
866 1474 894 1511 a
923 1457 1317 1513 constitutione
1343 1458 1533 1513 mundi
1564 1475 1736 1528 usque
1768 1460 1835 1516 ad
1866 1475 2128 1516 consum-

535 1551 835 1606 mationem
891 1551 1014 1621 ejus
1062 1559 1146 1606 est
1190 1567 1332 1607 unus
1381 1552 1499 1607 dies
1541 1570 1555 1607 :
1594 1554 1742 1624 quod
1788 1555 2131 1610 demonstrat

534 1643 819 1714 parabola,
863 1645 957 1698 ubi
1001 1644 1134 1700 dicit
1176 1645 1243 1700 de
1275 1647 1565 1704 conductis
1597 1663 1756 1702 mane
1799 1648 1853 1702 in
1887 1649 2124 1716 vineam,

531 1744 587 1790 et
618 1735 774 1790 tertia
821 1735 977 1803 hora,
1020 1746 1074 1792 ct
1123 1745 1300 1803 sexta,
1333 1749 1386 1794 et
1421 1755 1594 1810 usque
1644 1739 1711 1793 ad
1757 1740 2122 1796 undecimam.
2159 1729 2201 1784 Β

531 1825 680 1883 Nihil
707 1845 836 1900 ergo
870 1831 1070 1901 mirum
1103 1841 1156 1887 et
1184 1833 1330 1903 quod
1365 1833 1455 1889 hic
1484 1834 1616 1889 dicit
1642 1833 1892 1889 Salvator
1929 1835 2121 1889 amodo

535 1922 775 1991 spatium
835 1938 959 1978 esse
1014 1922 1400 1979 brevissimum
1468 1940 1646 1997 usque
1699 1934 1850 1992 tunc,
1903 1925 1956 1980 in
2011 1942 2122 1997 quo

531 2015 710 2085 spatio
744 2014 998 2070 dicebat:
1040 2014 1292 2071 Videbitis
1330 2016 1537 2073 Filium
1579 2020 1807 2075 hominis
1855 2021 2118 2074 sedentem

531 2123 564 2159 α
593 2107 797 2161 dextris
830 2109 1064 2173 virtutis,
1094 2109 1159 2163 ad
1191 2109 1314 2167 illos
1349 2111 1441 2182 qui
1479 2121 1607 2168 tunc
1649 2127 1773 2168 eum
1802 2113 2115 2182 audiebant,

527 2199 668 2254 forte
698 2208 826 2254 tunc
859 2200 1080 2270 quando
1106 2201 1244 2256 dixit
1274 2201 1528 2258 Dominus
1552 2203 1781 2259 Domino
1810 2222 1921 2260 meo
1942 2221 1960 2259 :
1985 2205 2119 2262 Sede

526 2310 560 2348 α
583 2295 785 2348 dextris
815 2296 964 2361 meis,
995 2293 1158 2349 donec
1182 2312 1374 2366 ponam
1404 2298 1647 2352 inimicos
1681 2309 1798 2353 tuos
1829 2299 2115 2353 scutellum

525 2384 716 2454 pedum
745 2385 1064 2439 tuorum“:
1100 2386 1152 2439 in
1203 2388 1404 2456 quihus
1458 2397 1611 2444 erant
1665 2402 1718 2445 et
1764 2391 1840 2444 illi
1881 2390 1947 2445 ad
1977 2406 2116 2461 quos

526 2474 1015 2529 dicebatzAmodo
1071 2476 1335 2531 videbitis.
1389 2477 1648 2536 Inimicus
1697 2482 1841 2535 enim
1896 2493 2014 2537 erat
2060 2492 2113 2538 et

525 2567 762 2636 Caiphas
814 2567 908 2636 qui
949 2566 1310 2622 insidiabatur
1356 2569 1593 2625 Christo.
1648 2570 1715 2626 Et
1768 2587 1876 2627 non
1936 2574 2110 2628 solum

524 2659 802 2714 sedentem
863 2673 987 2713 eum
1042 2658 1110 2714 ad
1165 2659 1412 2715 dextram
1461 2662 1680 2718 virtutis
1740 2664 1960 2720 visuros
2009 2665 2110 2722 hos

521 2751 917 2821 prophetahat,
975 2752 1071 2807 sed
1129 2753 1293 2807 etiam
1349 2754 1566 2810 visuros
1618 2771 1743 2811 eum
1798 2760 2106 2825 venientem,

521 2845 668 2899 sicut
718 2843 1006 2901 Matthaeus
1059 2845 1278 2916 quidem
1322 2848 1492 2915 dicit,
1561 2866 1718 2920 super
1766 2850 1925 2906 nubes
1969 2853 2104 2907 caeli.

517 2938 652 3005 Qua:
697 2946 822 2992 sunt
855 2945 1034 2992 autem
1080 2939 1252 2994 nubes
1284 2955 1448 3010 super
1483 2957 1618 3011 quas
1645 2943 1826 2998 veniet
1853 2944 1945 3014 qui
1979 2945 2106 3000 fun-

2245 439 2471 495 storiam
2503 439 2697 495 liuere
2729 441 3053 499 occidentis.
3085 444 3152 498 Et
3177 443 3404 514 putabat
3435 444 3604 516 quasi
3638 447 3828 501 intelli.

2242 547 2374 601 gens
2402 531 2610 588 Christi
2655 548 2959 607 sermones,
3010 535 3341 592 sullicientes
3383 552 3512 594 esse
3560 538 3636 593 ad
3688 541 3829 594 testi-

2241 622 2488 676 monium
2519 633 2708 679 contra
2757 624 2962 695 ipsum,
2997 625 3090 697 qui
3138 636 3300 682 testes
3341 621 3508 684 eran'l’
3531 628 3834 686 divinitatis

2239 712 2432 783 ipsius,
2474 724 2739 785 quantum
2775 717 2841 771 ad
2870 733 2965 773 eos
2998 719 3091 788 qui
3130 719 3428 791 intelligere
3465 733 3748 791 possunt;
3789 732 3841 776 et

2237 807 2372 862 dicit
2405 808 2473 862 ad
2503 823 2600 863 eos
2627 809 2719 879 qui
2753 811 2940 865 eadem
2976 812 3260 882 sapiebaot
3287 831 3300 868 :
3328 813 3467 868 Ecce
3502 830 3652 868 nunc
3682 816 3837 868 audi-

2237 903 2334 956 stis
2367 902 2752 973 blasphemiam
2795 904 2912 974 ejus
2944 921 2964 959 :
2996 905 3124 974 quid
3179 906 3322 959 nobis
3370 908 3593 961 videtur
3620 907 3715 960 "‘i
3740 907 3838 961 (ιο.

2239 1008 2340 1049 nec
2387 994 2778 1064 respondentes
2825 1005 2880 1049 et
2925 996 3027 1066 ipsi
3063 997 3326 1053 adversus
3375 999 3631 1053 animam
3684 1014 3838 1055 suam

2235 1088 2589 1157 pronuntient
2628 1087 2698 1143 de
2733 1086 2884 1153 Jesu,
2931 1089 3190 1158 quoniam
3241 1106 3364 1144 reus
3406 1100 3489 1144 est
3542 1093 3744 1146 mortis
3773 1093 3835 1148 ⁸⁸.

2235 1179 2510 1247 Quantum
2569 1189 2728 1251 putas
2798 1179 2901 1235 fuit
2951 1183 3158 1237 erroris
3216 1183 3391 1254 ipsam
3466 1186 3834 1256 principalem

2234 1274 2480 1328 omnium
2527 1273 2695 1328 vitam
2745 1289 2894 1329 ream
2945 1275 3138 1330 mortis
3192 1277 3580 1346 pronuntiare,
3627 1286 3688 1332 et
3720 1288 3835 1334 tan-

2233 1374 2413 1421 torum
2449 1367 2852 1437 resurgentium
2915 1368 3229 1424 testimonio
3271 1385 3378 1424 non
3413 1372 3682 1440 aspicere
3713 1371 3830 1426 fon-

2231 1465 2342 1514 tem
2387 1457 2540 1526 vitae,
2587 1460 2656 1514 de
2690 1476 2801 1530 quo
2837 1460 2890 1514 in
2925 1475 3116 1517 omnes
3162 1463 3407 1520 viventes
3437 1465 3553 1518 vita
3579 1462 3830 1519 ﬂuebat:

2229 1553 2492 1621 quoniam
2525 1553 2661 1607 sicut
2689 1551 2856 1607 Pater
2883 1553 3046 1607 vitam
3086 1553 3239 1610 habet
3276 1557 3328 1610 in
3365 1572 3442 1622 se,
3487 1557 3574 1612 sic
3604 1566 3661 1612 et
3687 1555 3830 1614 Filio

2230 1643 2377 1698 dedit
2399 1645 2564 1697 vitam
2591 1644 2778 1698 habere
2805 1646 2861 1699 in
2886 1647 3165 1717 semetipso
3184 1649 3250 1702 ⁸⁸.

2302 1735 2426 1790 115.
2475 1734 2623 1790 Tunc
2649 1749 2970 1808 exspueruut
3007 1739 3063 1792 in
3093 1741 3283 1809 {aciem
3314 1739 3455 1810 ejus,
3500 1751 3554 1796 et
3585 1742 3828 1812 colaphis

2225 1844 2346 1882 eum
2386 1829 2708 1884 ceciderunt.
2776 1829 2889 1885 Alii
2947 1841 3125 1885 autem
3169 1831 3378 1901 palmas
3430 1833 3486 1886 in
3544 1832 3744 1893 faciem
3780 1835 3828 1887 ei

2222 1921 2502 1986 dederunt,
2547 1923 3165 1995 dicentes:Prophetiza
3198 1925 3368 1990 nobis,
3416 1925 3660 1991 Christe,
3709 1927 3825 1996 quis

2221 2025 2298 2069 est
2327 2016 2417 2086 qui
2454 2026 2502 2070 te
2543 2019 2802 2086 percussit
2827 2017 2895 2071 ⁸ο.
2941 2016 3208 2084 Pessime,
3255 2019 3399 2074 sicut
3443 2019 3715 2084 arbitror,
3747 2019 3820 2074 illi

2220 2108 2314 2176 qui
2352 2107 2643 2163 audierunt
2683 2108 2952 2165 dicentem
2995 2108 3182 2166 Jesum
3225 2126 3241 2163 :
3282 2112 3449 2165 Amen
3491 2111 3620 2165 dico
3649 2113 3817 2180 vobis,

2218 2199 2471 2268 quoniam
2517 2201 2706 2254 amodo
2753 2201 2992 2257 uidebitis
3022 2201 3223 2257 Filium
3263 2204 3494 2258 hominis
3547 2205 3815 2259 sedentem

2217 2306 2251 2342 a
2311 2290 2514 2345 dextris
2553 2293 2786 2348 'virtutis
2839 2293 2974 2360 Dei,
3029 2307 3077 2350 et
3125 2299 3413 2350 venientem
3465 2297 3524 2350 in
3587 2298 3812 2352 nubibus

2216 2382 2336 2436 cwli
2363 2384 2430 2450 ⁶¹,
2461 2385 2581 2438 ausi
2612 2394 2742 2439 sunt
2765 2401 3030 2457 exspuere
3060 2387 3114 2441 in
3148 2386 3339 2443 faciem
3372 2387 3522 2458 ejus.
3560 2388 3814 2444 Arbitra-

2216 2477 2416 2532 bantur
2452 2478 2596 2532 enim
2645 2478 2700 2532 in
2745 2494 2832 2544 eo,
2862 2480 3007 2550 quod
3053 2480 3449 2537 confunderent
3481 2496 3616 2536 eum
3662 2498 3814 2535 meno

2214 2570 2464 2637 tientem,
2491 2579 2546 2626 et
2575 2571 2704 2642 quia
2733 2587 2842 2626 non
2877 2572 3172 2628 sustineret
3200 2573 3574 2642 exspuitionis
3604 2589 3808 2644 oppro-

2216 2660 2419 2724 brium,
2450 2661 2542 2732 qui
2575 2662 2795 2717 scdebat
2823 2663 2892 2718 ad
2918 2662 3164 2718 dextram
3192 2665 3431 2741 \irtutis,
3459 2674 3514 2719 et
3541 2676 3812 2721 venturus

2211 2762 2332 2808 erat
2387 2755 2444 2808 in
2498 2755 2757 2812 nubibus.
2804 2755 3075 2823 Quoniam
3129 2756 3461 2826 ignorabant
3515 2773 3807 2814 sermones

2210 2841 2365 2899 Isaiae
2411 2845 2686 2915 propheta:
2715 2845 2828 2901 haec
2860 2846 3047 2901 eadem
3083 2848 3465 2917 prophetantis
3510 2849 3586 2905 de
3615 2864 3708 2915 eo,
3755 2861 3806 2908 et

2209 2937 2442 2994 dicentis
2480 2953 2543 2996 ex
2561 2936 3599 3008 personaipsiusDomiuiSalvatori":
3641 2944 3806 3011 Quid,

515 3030 676 3085 datus
702 3041 785 3086 est
819 3047 846 3084 τι
873 3031 1081 3090 dextris
1133 3033 1368 3097 virtutis,
1403 3041 1497 3087 aut
1522 3049 1644 3088 cum
1676 3034 1875 3104 quibus
1904 3036 2103 3102 veniet,
2133 3073 2174 3131 Ο
2209 3032 2460 3101 quoniam
2494 3032 2606 3086 veni
2635 3041 2686 3085 et
2720 3048 2821 3086 non
2853 3041 2968 3086 erat
3007 3034 3204 3098 homo;
3237 3038 3437 3100 vocavi.
3467 3048 3518 3090 et
3546 3055 3663 3092 non
3691 3051 3807 3094 erat

519 3131 614 3176 aut
649 3123 716 3177 ad
758 3140 898 3194 quas
933 3126 1202 3196 pertinget
1246 3127 1448 3181 veritas
1480 3125 1572 3182 Dei
1615 3130 1914 3182 secundum
1952 3129 2098 3198 quod

517 3216 788 3285 scriptum
840 3225 924 3271 est
950 3219 1041 3273 ":
1089 3217 1157 3271 Et
1207 3220 1401 3273 ueritas
1459 3231 1550 3274 tua
1595 3237 1757 3290 usque
1806 3223 1874 3274 ad
1906 3222 2103 3276 nubes?

514 3306 610 3362 lla».
653 3317 781 3363 sunt
827 3309 964 3364 vivae
1014 3309 1210 3375 nubes,
1263 3312 1543 3381 prepheta:
1585 3311 1714 3380 Dei,
1766 3323 1820 3368 et
1868 3316 2100 3385 apostoli

515 3399 742 3466 Christi,
777 3401 979 3471 quibus
1013 3401 1233 3457 mandat
1258 3405 1445 3473 pluere
1481 3419 1605 3459 cum
1634 3410 1958 3477 oportuerit,
2007 3419 2100 3466 aut

513 3509 624 3548 non
655 3494 843 3563 pluere
875 3509 1039 3564 super
1071 3494 1285 3549 vineam
1329 3495 1447 3551 sine
1478 3496 1678 3552 fructu.
1730 3497 1786 3554 Si
1821 3517 1960 3570 quas
1994 3518 2096 3556 au-

517 3594 624 3640 tem
679 3601 786 3640 non
827 3586 941 3640 vult
1001 3602 1125 3642 esse
1171 3586 1486 3657 hujusmodi
1534 3590 1707 3646 nubes
1754 3607 1917 3662 super
1960 3610 2097 3664 quas

510 3685 564 3731 et
598 3692 720 3732 cum
755 3677 955 3748 quibus
987 3680 1166 3734 veniet
1187 3672 1357 3736 Filius
1386 3681 1622 3738 hominis
1656 3698 1942 3754 apparens,
1980 3687 2096 3756 ipse

510 3771 633 3826 scit.
672 3769 898 3842 Semper
935 3773 1089 3827 enim
1127 3789 1291 3844 super
1345 3775 1468 3830 illas
1515 3785 1569 3830 et
1617 3791 1740 3832 cum
1791 3777 1898 3833 illis
1923 3780 2090 3845 venit,

511 3865 805 3920 ostendens
848 3882 1007 3921 suum
1047 3867 1334 3923 adventum
1367 3869 1544 3940 dignis
1572 3885 1634 3925 se
1660 3869 1803 3927 Deus
1829 3870 2092 3941 Verbum,

507 3959 562 4006 et
615 3953 918 4022 sapientia,
973 3963 1027 4010 et
1072 3957 1298 4022 veritas,
1345 3966 1400 4013 et
1441 3959 1672 4030 justitia.
1730 3960 1857 4017 Haec
1908 3972 2088 4018 autem

503 4057 645 4110 quas
679 4043 1006 4100 tradidimus
1049 4046 1244 4111 nubes,
1277 4049 1435 4118 quasi
1475 4058 1756 4119 portantes
1795 4052 2086 4122 imaginem

503 4134 763 4201 cmlestis,
818 4137 990 4192 nubes
1042 4148 1172 4192 sunt
1222 4139 1346 4194 coeli
1397 4156 1505 4195 non
1555 4145 1890 4198 transeuntis
1943 4145 2088 4201 sedis

502 4221 624 4289 Dei,
656 4234 709 4278 et
765 4239 933 4296 regno
962 4225 1056 4280 Dei
1090 4227 1440 4298 digniticatae,
1494 4233 1653 4302 quasi
1703 4233 1948 4290 haeredes
1988 4233 2084 4291 Dei

501 4325 556 4370 et
588 4317 897 4375 coliaaredes
932 4319 1160 4390 Christi,
1198 4331 1251 4378 et
1283 4333 1621 4394 conregnant
1649 4325 1726 4381 ei.

2209 3125 2301 3195 qui
2337 3124 2590 3179 obediret.
2627 3123 2885 3196 Nunquid
2923 3142 3023 3180 non
3052 3127 3187 3181 ralet
3223 3145 3411 3182 manus
3442 3147 3564 3185 mea
3600 3147 3802 3199 erum,

2206 3226 2300 3269 aut
2351 3233 2454 3270 non
2500 3233 2715 3287 possum
2773 3219 3015 3288 eripere?
3073 3219 3205 3274 Ecce
3261 3223 3639 3292 increpatione
3689 3244 3802 3282 mea

2206 3308 2474 3362 desertum
2520 3310 2720 3380 faciam
2767 3328 2930 3378 mare,
2977 3321 3024 3365 et
3070 3330 3258 3382 ponam
3283 3315 3516 3384 [lumina
3564 3318 3796 3384 deserta,

2200 3413 2248 3458 et
2279 3404 2617 3457 siccabuntur
2656 3405 2821 3474 pisces
2868 3421 3049 3458 eorum
3089 3423 3153 3459 ex
3193 3423 3252 3460 eo
3280 3408 3420 3478 quod
3455 3427 3567 3464 non
3607 3413 3798 3466 habent

2201 3512 2422 3566 aquam,
2467 3506 2514 3550 et
2556 3497 2852 3550 morientur
2901 3500 2956 3551 in
2987 3499 3099 3552 siti.
3137 3497 3200 3552 Et
3236 3499 3452 3555 induam
3483 3502 3684 3558 caelum
3725 3515 3798 3559 te-

2198 3588 2396 3654 nebris,
2430 3599 2478 3640 et
2511 3589 2647 3642 sicut
2677 3606 2890 3643 saccum
2931 3595 3183 3644 amictum
3219 3593 3355 3661 ejus.
3395 3593 3672 3652 Dominus
3703 3599 3794 3651 dat

2199 3679 2328 3732 mihi
2387 3680 2623 3750 tinguant
2688 3683 2986 3749 doctrinae,
3039 3695 3099 3737 ut
3152 3685 3316 3740 sciant
3380 3692 3659 3758 quomodo
3718 3708 3793 3745 me

2195 3781 2431 3841 oporteat
2473 3773 2646 3827 dicere
2689 3774 2922 3828 verbum.
2988 3775 3182 3830 Posuit
3215 3795 3293 3832 me
3320 3796 3500 3844 matre,
3540 3785 3790 3852 apposuit

2194 3863 2325 3916 mihi
2375 3880 2558 3917 aurem
2609 3865 2678 3917 ad
2737 3866 3104 3934 audiendum,
3161 3877 3211 3922 et
3263 3869 3512 3924 doctrina
3569 3871 3784 3926 Domini

2191 3955 2390 4024 aperiet
2438 3972 2593 4010 aures
2641 3972 2802 4011 meas.
2859 3955 2967 4029 Ego
3002 3969 3176 4013 autem
3221 3977 3323 4014 non
3365 3978 3489 4015 sum
3538 3963 3787 4018 incredu-

2189 4045 2292 4107 lus.
2341 4063 2504 4118 neque
2553 4049 2880 4104 contradico.
2943 4049 3173 4106 Dorsum
3240 4068 3416 4106 meum
3454 4054 3673 4123 prcbui
3717 4055 3783 4109 ad

2185 4136 2349 4207 912
2379 4139 2615 4209 ﬂagella,
2647 4149 2694 4193 et
2726 4140 2982 4196 maxillas
3017 4159 3159 4196 meas
3190 4143 3258 4196 ad
3290 4143 3521 4212 palntes.
3557 4145 3781 4201 Faciem

2187 4239 2364 4283 autem
2412 4247 2582 4284 meam
2623 4249 2728 4286 non
2771 4235 2937 4287 averti
2983 4252 3015 4288 a
3055 4235 3361 4306 confusione
3407 4248 3782 4306 sputamentw

2185 4337 2325 4388 rum,
2377 4332 2426 4376 et
2474 4322 2730 4378 Dominus
2781 4323 2922 4378 Deus
2975 4327 3150 4396 factus
3203 4337 3282 4383 est
3337 4329 3564 4398 adjutor
3609 4348 3775 4386 meus.

573 4401 694 4461 112.
743 4406 888 4463 Tunc
933 4411 1173 4482 princeps
1222 4415 1557 4468 sacerdotum
1617 4417 1877 4484 conscidit
1923 4418 2080 4472 vesti—
2110 4427 2155 4483 ι)
2183 4413 2386 4470 Omnes
2419 4417 2563 4471 enim
2589 4417 2680 4488 qui
2707 4427 2834 4472 sunt
2869 4417 2937 4473 ab
2961 4417 3223 4487 Ecclesia,
3250 4423 3592 4478 confitentur
3612 4423 3773 4479 Chri-

495 4508 676 4550 menta
725 4515 822 4552 sua
871 4501 1049 4554 dicens
1079 4518 1098 4556 .'
1127 4501 1526 4573 Blasphcmavit
1571 4504 1636 4558 ⁸⁸.
1688 4504 1815 4561 llzec
1847 4505 2077 4561 Domino

493 4586 853 4656 prophetanle
914 4590 1172 4646 inimicus
1205 4591 1417 4647 Domini
1469 4595 1726 4651 sacerdos
1777 4595 1884 4663 ille,
1917 4597 2075 4667 quasi

496 4692 607 4731 non
659 4688 778 4732 erat
831 4682 1173 4752 propinquus
1229 4695 1286 4739 ut
1319 4685 1526 4741 videret
1559 4687 1755 4742 Filium
1811 4689 2073 4757 hominis,

492 4779 550 4823 et
579 4769 834 4825 virtutem
885 4788 916 4825 a
953 4773 1110 4841 cujus
1161 4775 1366 4832 dextris
1414 4777 1653 4844 sedebat,
1709 4778 1866 4848 quasi
1920 4779 2077 4834 incli-

494 4869 658 4915 natus
691 4871 743 4916 et
773 4877 880 4918 non
911 4871 1105 4933 potens
1139 4866 1384 4935 aspicere
1425 4882 1667 4931 sursum,
1705 4883 1812 4922 non
1847 4870 2074 4926 audiens

491 4968 615 5022 qua:
645 4953 878 5019 dicebat,
921 4955 1189 5011 conscidit
1235 4958 1559 5013 vestimenta
1611 4975 1731 5026 sua,
1779 4962 2073 5017 ostendens

488 5044 880 5126 turpitudinem
930 5063 1110 5114 suam,
1148 5057 1201 5104 ct
1255 5049 1556 5104 nuditatem
1610 5048 1804 5106 animae
1851 5067 1984 5118 suae,
2017 5062 2072 5108 et

485 5139 809 5208 mysterium
846 5141 1223 5207 manifestans,
1243 5143 1707 5200 conscindendum
1733 5160 1856 5200 esse
1887 5161 2070 5201 sacer-

485 5230 698 5285 dotium
731 5242 906 5296 vetus,
950 5244 1004 5290 et
1037 5237 1230 5291 stolam
1267 5236 1556 5292 sacerdotii
1583 5237 1721 5307 ejus,
1756 5246 1811 5293 et
1841 5239 2067 5294 cultura:

2183 4515 2328 4562 slum
2362 4522 2482 4564 esse
2527 4514 2620 4584 qui
2656 4513 2786 4570 dicit
2821 4528 2833 4564 :
2883 4511 3140 4566 Dominus
3160 4512 3296 4567 Deus
3323 4514 3468 4568 dedit
3503 4517 3636 4570 mihi
3664 4518 3773 4571 lin-

2185 4614 2342 4669 gnam
2379 4599 2654 4684 decu-ina},
2685 4613 2739 4656 et
2765 4610 2960 4658 caetera
2993 4620 3114 4674 qua:
3150 4607 3394 4675 exposui.
3439 4605 3556 4680 Ego
3585 4619 3770 4666 autem

2184 4690 2569 4746 convenienter
2599 4702 2652 4748 et
2683 4708 2746 4748 ea
2775 4710 2897 4764 qua:
2931 4698 3184 4766 superius
3215 4697 3300 4753 his
3334 4709 3494 4756 erant
3535 4702 3770 4773 conjun«-

2182 4791 2266 4837 cta
2295 4783 2546 4852 exposui,
2587 4786 2774 4842 volens
2812 4787 3098 4844 ostendere
3135 4789 3202 4845 de
3251 4791 3342 4846 illo
3365 4791 3615 4862 glorioso
3645 4811 3766 4852 esse

2178 4873 2283 4928 hoc
2325 4875 2740 4944 prophetatum,
2797 4887 2855 4932 ut
2899 4890 3200 4950 cxspuatur
3252 4893 3306 4937 et
3357 4884 3760 4954 colapbizetur.

2175 4965 2276 5021 Cui
2307 4977 2487 5022 autem
2522 4969 2612 5022 alii
2644 4973 2898 5028 convenit
2927 4974 3108 5029 dicere
3149 4992 3162 5028 :
3204 4975 3347 5041 Veni,
3402 4978 3508 5033 nisi
3539 4979 3761 5036 Christo

2174 5059 2268 5129 qui
2301 5061 2448 5115 venit
2485 5061 2539 5116 in
2572 5064 2833 5118 mundum
2863 5065 2886 5119 ’ἒ
2931 5075 3025 5119 aut
3075 5083 3236 5137 quem
3272 5067 3498 5124 decebat
3544 5073 3753 5130 dicere:

2184 5150 2396 5220 Vocavi,
2423 5161 2471 5207 et
2501 5170 2603 5208 non
2634 5164 2748 5208 erat
2774 5157 2864 5227 qui
2894 5158 3149 5223 obediret,
3183 5160 3286 5216 nisi
3321 5177 3449 5216 eum
3483 5165 3581 5233 qui
3611 5167 3753 5220 venit

2173 5242 2252 5296 ad-
2273 5245 2575 5300 vocandum
2624 5249 2880 5319 populum
2909 5247 3245 5320 Iudaeorum,
3289 5263 3343 5308 ct
3385 5269 3496 5309 non
3527 5265 3616 5311 est
3658 5272 3752 5310 au-

485 5335 608 5388 quae
639 5323 937 5378 secundum
969 5324 1202 5381 litteram
1231 5325 1426 5382 fuerat.
1459 5326 1856 5398 BlaSphemiam
1884 5339 2065 5385 autem

485 5409 780 5470 arbitratus
813 5424 896 5471 est
918 5431 1039 5473 esse
1068 5418 1494 5490 magnitudinem
1524 5421 1813 5477 verborum
1836 5422 2060 5489 Clu-isti,

2170 5333 2339 5399 ditus,
2384 5345 2437 5391 et
2480 5336 2602 5394 ideo
2644 5354 2750 5393 non
2795 5343 2939 5396 eruit
2986 5347 3269 5413 populum,
3320 5359 3501 5417 neque
3550 5347 3747 5416 eripuit

2168 5439 2316 5492 eum,
2349 5428 2442 5484 sed
2475 5429 2801 5500 dereliquit?
2831 5433 3084 5491 Christus
3108 5444 3192 5491 est
3233 5445 3413 5490 autem
3446 5438 3541 5508 qui
3574 5436 3739 5493 dicit:

571 5610 785 5697 rl’sal.
817 5630 937 5682 cut,
964 5618 1051 5697 in:
1090 5618 1319 5697 'f_Psal.
1354 5623 1616 5697 ssnvﬁ.
1685 5623 1756 5697 ff
1806 5621 1997 5697 Matth.
2029 5641 2155 5681 xxri
2179 5670 2192 5697 ,
2241 5631 2330 5688 65.

485 5683 531 5716 ὀ
559 5681 748 5745 Matth.
791 5681 947 5753 xxvi,
981 5689 1071 5757 67,
1098 5690 1188 5746 68.
1266 5693 1307 5732 ιι
1351 5692 1481 5749 ibid.
1513 5681 1599 5748 si.
1678 5691 1841 5768 “.lsa.
1875 5695 1979 5763 ne
2006 5711 2156 5769 seqq.

2432 5634 2476 5667 "
2517 5634 2646 5692 ibid.
2695 5635 2782 5692 66.
2886 5637 2932 5671 "
2985 5638 3116 5696 ibid.
3226 5641 3272 5673 "
3320 5639 3479 5697 Joan.
3533 5657 3602 5707 ν,
3648 5637 3731 5696 ξε.
