4004 6540
175 512 320 568 1761

1333 521 1999 585 COMMENTARIORUM
2050 529 2321 591 SERlES.

3319 519 3463 619 1762

172 630 320 688 Ecce
371 633 730 745 in‘crepatione
784 652 900 692 mea
951 638 1215 745 desertum
1251 641 1462 713 faciam
1512 661 1678 710 mare,
1719 654 1772 700 et
1799 650 1848 710 Α
1879 645 2204 719 PrOphetiza
2248 652 2396 710 nobis
2423 653 2542 726 quis
2572 666 2624 713 te
2656 663 2913 729 percussit
2941 664 3010 721 °'.
3057 665 3285 741 Pmpter
3312 678 3461 745 quod

165 741 370 796 ponam
401 727 629 797 ﬂumina
653 730 858 785 deserta
875 749 895 788 :
922 734 1014 804 qui
1038 737 1567 793 consummationem
1595 738 1769 793 factu-

167 833 276 874 rus
314 827 399 874 est
439 821 654 876 mundi.
702 824 824 893 Ipse
861 834 954 880 est,
995 825 1142 881 enim
1184 826 1296 897 qui
1325 829 1524 883 cmlum
1577 829 1765 885 induet

164 912 453 978 tenebras,
500 923 554 968 et
604 914 790 970 induet
821 916 873 971 id
917 917 1064 974 velut
1097 935 1342 984 saccum,
1392 930 1446 976 et
1487 922 1764 992 accipiens

163 1017 195 1055 a
228 1000 394 1058 Patre
438 1003 680 1074 linguam
731 1006 996 1064 doctrina:
1045 1011 1254 1066 sciebat
1285 1015 1563 1082 quomodo
1596 1029 1762 1084 opor-

163 1108 281 1152 teat
313 1097 497 1154 dicere
543 1100 770 1156 verbum
819 1103 966 1172 quod
1014 1104 1366 1160 commiserat
1398 1105 1448 1160 ei
1482 1106 1654 1173 Deus;
1707 1117 1762 1164 et

158 1192 425 1262 apposuit
465 1191 514 1248 ei
559 1208 772 1260 aurem,
818 1202 878 1247 ut
919 1195 1154 1265 amplius
1191 1196 1380 1250 audiat
1411 1198 1760 1254 audientibus

157 1284 406 1348 cunctis,
450 1293 505 1339 et
544 1285 792 1341 doctrina
822 1286 1000 1343 Patris
1034 1288 1249 1359 aperuit
1294 1289 1343 1344 ei
1383 1305 1594 1356 aurem,
1627 1292 1758 1362 quia

156 1392 274 1432 non
310 1376 413 1432 fuit
438 1377 752 1434 incredulus
783 1378 934 1435 Patri
967 1381 1228 1449 mittenti,
1259 1382 1353 1438 sed
1396 1399 1574 1452 neque
1623 1400 1755 1441 con-

153 1470 471 1536 tradicens,
520 1482 573 1527 et
617 1488 782 1543 opere
830 1489 930 1554 suo
982 1473 1170 1531 docuit
1211 1476 1423 1532 discere
1473 1481 1756 1549 cupientes

153 1567 643 1624 mansuetudinem
689 1568 1131 1638 laudabilemque
1174 1569 1561 1625 humilitatem.
1603 1571 1754 1642 Opus

153 1669 344 1717 autem
374 1670 493 1716 erat
523 1663 577 1716 in
618 1677 685 1718 eo
713 1663 861 1729 quod
903 1661 1062 1718 factis
1108 1663 1210 1718 ista
1246 1663 1495 1731 docebat,
1527 1667 1752 1722 dorsum

154 1768 327 1808 suum
352 1753 620 1809 exhibens
669 1754 735 1808 ad
771 1753 1002 1826 ﬂagella,
1043 1763 1097 1809 et
1133 1756 1385 1812 maxillas
1413 1756 1483 1812 ad
1518 1757 1750 1828 palmas,

149 1854 206 1901 et
253 1845 449 1902 faciem
488 1862 598 1902 non
645 1856 896 1904 avertens
937 1865 966 1904 a
1009 1848 1330 1906 confusione
1375 1860 1753 1921 sputamento-

147 1955 302 2007 rum,
340 1949 402 1996 ut
448 1956 571 2007 nos,
619 1941 763 1997 sicut
805 1943 1062 2007 arbitror,
1111 1943 1206 2013 qui
1261 1944 1408 2015 digni
1464 1945 1747 2003 fueramus

1869 752 2192 842 receperunt
2220 745 2433 815 alapam
2467 755 2754 816 aeternam,
2789 761 2843 808 et
2875 755 2944 810 ab
2987 759 3138 814 omni
3171 765 3458 835 prophetia

1865 837 2062 897 privati
2099 841 2250 897 sunt,
2282 837 2527 904 percussi
2558 846 2612 894 et
2639 841 2915 914 castigati,
2950 855 3004 900 et
3033 865 3132 904 nec
3161 853 3242 908 sic
3271 857 3455 912 volen-

1865 929 1946 975 tes
1977 922 2217 1016 recipere
2247 925 2616 998 disciplinam,
2644 935 2945 990 secundum
2982 943 3128 1008 quod
3160 948 3456 1016 prOpheta-

1861 1023 2018 1067 verat
2050 1014 2163 1112 hoc
2184 1016 2364 1086 ipsum
2392 1021 2458 1076 de
2484 1022 2562 1078 eis
2590 1022 2858 1084 Jeremias
2882 1030 2926 1061 ⁶⁶
2953 1051 2966 1086 :
2995 1014 3316 1105 Flagellas'ti
3342 1060 3452 1112 eos,
3500 1074 3513 1108 ρ

1861 1113 1912 1158 et
1945 1122 2047 1160 non
2072 1107 2377 1180 doluerunt,
2403 1121 2453 1166 et
2480 1115 2761 1172 noluerunt
2789 1123 3057 1193 suscipere
3086 1107 3450 1199 disciplinam.

1859 1197 1926 1251 Et
1955 1214 2104 1296 nunc
2149 1202 2243 1270 qui
2287 1203 2552 1273 injuriant
2588 1225 2758 1266 unum
2800 1213 3037 1284 aliquem
3087 1220 3154 1274 de
3181 1197 3451 1296 Ecclesia,

1858 1297 1913 1344 et
1949 1289 2156 1349 faciunt
2197 1296 2247 1350 ei
2289 1297 2425 1366 haec,
2468 1299 2520 1355 in
2570 1301 2762 1359 faciem
2829 1322 3103 1378 exspuunt
3142 1315 3368 1384 Christi,
3398 1289 3454 1377 et

1857 1381 2139 1440 Christum
2169 1388 2418 1459 colaphis
2454 1393 2724 1451 caedentes
2764 1401 3035 1472 castigant
3070 1415 3124 1460 et
3156 1381 3374 1475 palmis.

1863 1528 1877 1534 _
1934 1475 2053 1531 1M.
2102 1475 2292 1533 Petrus
2318 1497 2435 1535 vero
2461 1483 2674 1539 sedebat
2696 1488 2829 1556 foris
2858 1491 2913 1544 in
2936 1495 3096 1548 atrio.
3131 1495 3199 1549 Et
3223 1501 3449 1556 accessit

1857 1570 1927 1622 ad
1955 1586 2077 1624 eum
2103 1587 2208 1625 una
2247 1589 2312 1628 ex
2336 1576 2548 1631 ancillis
2586 1579 2764 1636 dicens
2789 1599 2808 1636 :
2834 1582 2902 1636 Et
2937 1594 2993 1638 tu
3027 1603 3146 1640 eras
3175 1606 3293 1643 cum
3315 1591 3446 1648 Jesu

1856 1660 2131 1717 Galilwo?
2186 1665 2248 1718 At
2302 1667 2393 1720 ille
2444 1672 2647 1739 negavit
2709 1690 2887 1728 coram
2945 1679 3187 1734 omnibus
3229 1683 3444 1740 dicens:

1855 1753 2052 1810 Nescio
2083 1757 2211 1827 quid
2239 1761 2398 1816 dicis.
2436 1761 2675 1820 Exeunte
2709 1780 2885 1822 autent
2915 1771 3007 1824 illo
3028 1774 3281 1841 januam,
3313 1779 3443 1835 vidit

1853 1847 2007 1902 illum
2049 1851 2159 1903 alia
2202 1852 2424 1916 ancilla,
2483 1865 2533 1908 et
2573 1859 2647 1910 ait
2683 1860 2730 1913 ei
2775 1861 2848 1914 ibi
2887 1878 2904 1916 :
2941 1862 3010 1916 Et
3040 1866 3129 1918 hic
3163 1879 3276 1922 erat
3320 1885 3445 1926 cum

1852 1939 1982 1994 Jesu
2012 1940 2317 1999 Nazareno.
2366 1945 2438 1999 Et
2480 1948 2670 2002 iterum
2702 1955 2909 2022 negavit
2955 1972 3074 2008 cum
3107 1959 3438 2029 juratnento,

147 2046 347 2092 omnes
389 2033 488 2089 has
532 2031 788 2089 infamias
833 2035 963 2104 pati,
1011 2045 1228 2092 erueret
1276 2039 1392 2108 ipse
1435 2053 1535 2109 pro
1577 2039 1738 2094 nobis
1779 2015 1820 2073 Β
1848 2034 1974 2103 quia
2008 2052 2111 2089 non
2149 2037 2269 2091 novi
2293 2038 2578 2094 hominem.
2621 2015 3038 2116 Post'pusillum
3080 2015 3258 2105 autem
3289 2015 3440 2108 ecce:

145 2126 519 2196 patiens‘eas.
577 2125 697 2180 Non
740 2127 885 2182 enim
931 2139 1182 2184 mortuus
1231 2139 1314 2184 est
1359 2145 1456 2200 pro
1487 2132 1646 2187 nobis
1682 2139 1743 2187 ut

147 2237 258 2276 non
312 2220 639 2287 moriamur,
681 2220 774 2276 sed
819 2229 879 2275 ut
912 2236 1010 2293 pro
1043 2223 1202 2279 nobis
1245 2239 1352 2278 non
1403 2225 1740 2291 moriamur;

143 2321 197 2367 et
222 2313 401 2384 alapis
445 2327 621 2369 czesus
655 2323 738 2369 est
778 2328 877 2383 pro
913 2315 1093 2378 nobis,
1131 2325 1186 2370 et
1225 2326 1490 2386 exsputus
1523 2327 1624 2384 est,
1684 2326 1744 2372 ut

144 2421 212 2461 ne
253 2421 358 2462 nos
399 2406 492 2477 qui
525 2406 675 2477 digni
722 2404 1003 2462 fueramus
1052 2408 1311 2465 omnibus
1355 2409 1470 2472 his.
1517 2421 1744 2480 pr0pter

143 2507 337 2555 nostra
393 2513 615 2570 peccata
663 2501 938 2570 patiamur
988 2515 1074 2564 ea,
1123 2503 1217 2557 sed
1272 2511 1332 2556 ut
1378 2519 1479 2572 pro
1525 2505 1738 2574 justitia

140 2592 413 2662 patientes
444 2607 504 2646 ea
537 2600 818 2663 gratanter
857 2592 1218 2662 excipiamus.
1267 2593 1332 2647 Et
1369 2593 1572 2649 Paulus
1615 2595 1739 2666 qui-

139 2684 270 2740 dem
313 2684 444 2740 dicit
491 2685 557 2738 de
602 2682 980 2750 Salvatore“,
1025 2687 1282 2754 quoniam
1333 2685 1636 2740 Immiliavit
1683 2704 1737 2742 se

145 2776 325 2847 [actus
372 2777 615 2832 obedieus
661 2794 823 2848 usque
865 2777 933 2831 ad
986 2789 1228 2844 mortem,
1281 2791 1500 2833 mortem
1557 2791 1731 2836 autent

137 2870 339 2924 crucis.
388 2868 504 2923 Non
542 2870 689 2925 enim
721 2880 804 2925 est
844 2871 1161 2925 indecorum
1195 2870 1240 2924 ei
1269 2871 1360 2940 qui
1392 2873 1506 2926 vult
1537 2889 1732 2928 nume-

141 2979 264 3018 rare
305 2962 358 3017 in
389 2965 609 3035 quantis
641 2979 699 3020 se
724 2965 978 3018 Christus
1014 2964 1342 3030 humiliavit,
1379 2976 1438 3019 ut
1473 2966 1728 3023 dinume-

138 3063 220 3108 ret
250 3063 410 3108 extra
444 3070 505 3108 ea
533 3070 654 3125 quae
681 3053 883 3110 Paulus
912 3054 1166 3124 exposuit
1201 3055 1388 3109 dicens
1419 3074 1431 3109 :
1463 3054 1731 3110 l-lnmilia-

137 3145 213 3198 vit
240 3161 306 3203 se
337 3144 514 3201 factus
553 3147 818 3202 obediens
867 3162 1041 3215 usque
1075 3146 1141 3200 ad
1181 3147 1414 3216 palmas,
1455 3163 1629 3218 usque
1659 3147 1728 3203 ad

135 3235 515 3292 confusionem
577 3246 1085 3308 sputamentorum,
1143 3250 1196 3293 et
1245 3238 1617 3307 flagellorum,
1675 3249 1729 3296 et

136 3331 364 3396 mortis;
419 3341 638 3402 propter
684 3347 807 3402 quae
856 3333 1039 3386 omnia
1085 3332 1348 3387 exaltavit
1397 3347 1523 3386 eum
1556 3331 1721 3386 Deus.

135 3422 243 3480 Nec
299 3423 444 3478 enim
499 3432 724 3494 propter
778 3431 1009 3476 mortem
1069 3423 1242 3478 solam
1293 3439 1457 3492 quam
1501 3423 1724 3492 pertulit

135 3520 362 3585 propter
418 3529 554 3580 nos,
610 3513 869 3568 exultavit
920 3528 1084 3577 eum,
1139 3512 1231 3568 sed
1284 3513 1449 3566 etiam
1503 3523 1726 3582 propter

132 3607 366 3678 palmas,
398 3616 452 3662 et
482 3615 852 3677 sputamenta,
882 3614 936 3660 et
965 3615 1178 3660 caetera.
1223 3605 1497 3672 Quoniam
1541 3616 1723 3661 autem

131 3701 198 3755 ad
242 3710 548 3756 extremam
605 3699 862 3769 injuriam
918 3699 1184 3769 accipitur
1245 3708 1721 3768 sputamentorum

131 3794 356 3868 injuria,
391 3795 746 3852 manifestum
777 3804 860 3852 est
891 3797 1055 3851 etiam
1094 3795 1148 3850 in
1183 3795 1300 3866 lege
1346 3795 1398 3849 in
1432 3811 1538 3863 qua
1579 3795 1721 3850 scri-

129 3898 283 3961 ptum
333 3898 418 3946 est
465 3899 526 3944 ut
573 3890 770 3944 mulier
819 3888 1097 3954 defuncti,
1151 3888 1196 3942 si
1252 3888 1491 3942 noluerit
1546 3885 1722 3944 frater

128 3983 231 4040 viri
273 3984 392 4054 ejus
444 3984 691 4055 accipere
736 4000 881 4049 eam,
915 3983 1184 4038 accedens
1227 3983 1291 4037 ad
1326 3998 1451 4036 enm
1487 3983 1579 4051 qui
1621 3997 1720 4036 no-

127 4076 228 4133 luit
264 4093 384 4132 eam
418 4077 665 4148 accipere
709 4078 813 4134 sibi
866 4095 1118 4142 uxorem,
1165 4091 1353 4132 coram
1406 4074 1719 4130 senioribus

127 4169 465 4224 excalceahit
522 4169 953 4223 calceamentum
1003 4183 1174 4222 unum
1218 4183 1282 4221 ex
1337 4166 1604 4235 pedibus,
1663 4174 1718 4220 et

127 4270 356 4332 exspuet
389 4262 442 4316 in
473 4259 665 4316 faciem
702 4261 841 4331 ejus,
879 4271 931 4315 et
961 4259 1142 4316 dicet:
1169 4258 1260 4314 Sic
1293 4259 1492 4328 facient
1515 4258 1716 4312 homini

125 4355 215 4424 qui
244 4371 348 4408 non
381 4354 722 4424 aediﬁcaverit
748 4354 961 4407 domum
999 4354 1186 4424 fratris
1216 4353 1300 4406 sui
1330 4352 1394 4406 ⁸⁷⁵.
1430 4350 1550 4406 Νοη
1585 4367 1715 4423 ergo

126 4447 322 4502 avertit
363 4446 556 4502 faciem
603 4463 758 4502 suam
791 4445 1044 4501 Christus
1084 4462 1112 4500 a
1148 4445 1471 4499 (onfusione
1525 4452 1714 4514 sputa-

127 4550 457 4603 mentorum,
491 4547 550 4593 ttt
581 4538 757 4608 magis
785 4537 1118 4608 glorificetur
1151 4537 1334 4591 vultus
1373 4537 1514 4605 ejus,
1547 4551 1711 4606 quam

125 4627 228 4687 fuit
255 4631 440 4687 vultus
467 4630 641 4703 Moysi
678 4631 1037 4702 glorificatus,
1066 4638 1214 4684 tanta
1237 4641 1289 4685 et
1312 4631 1402 4684 tali
1432 4630 1626 4706 goria,
1654 4636 1712 4683 ut

1848 2126 2026 2181 dentes
2068 2129 2161 2197 qui
2201 2129 2443 2198 stabant,
2475 2133 2724 2188 dixerunt
2763 2137 2919 2192 Petro
2944 2156 2962 2193 :
3002 2139 3125 2195 Vere
3147 2159 3211 2196 ex
3239 2144 3348 2198 illis
3381 2164 3436 2201 es

1848 2227 1926 2280 tu,
1963 2218 2155 2272 etenim
2201 2218 2413 2290 loquela
2458 2232 2553 2276 tua
2599 2227 2938 2295 manifestum
2987 2239 3036 2284 te
3081 2232 3238 2296 facit.
3290 2234 3435 2290 Tunc

1845 2311 1996 2378 coepit
2035 2310 2284 2365 devotarc
2320 2320 2368 2365 et
2403 2310 2616 2381 jurarc,
2654 2316 2783 2384 quia
2829 2319 3006 2372 nescio
3045 2319 3328 2376 hominent.
3363 2323 3435 2377 Et

1843 2404 2092 2457 continuo
2124 2403 2298 2474 gallus
2331 2407 2586 2463 cantavit.
2631 2406 2698 2460 Et
2738 2423 3117 2467 rememoratus
3142 2425 3219 2470 est
3241 2415 3433 2472 Petrus

1841 2496 1980 2551 verbi
2004 2495 2134 2550 Jesu
2160 2497 2384 2550 dicentis
2415 2499 2462 2551 ei
2487 2515 2504 2552 :
2531 2499 2670 2563 Quia
2691 2503 3003 2571 priusquam
3027 2504 3204 2573 gallus
3229 2517 3429 2575 cantet,

1841 2598 1920 2643 ter
1955 2605 2035 2644 nte
2070 2589 2306 2661 negabis.
2361 2590 2426 2644 Et
2483 2608 2722 2661 egressus
2768 2593 2915 2663 foras
2958 2598 3294 2652 amarissime
3331 2599 3432 2668 ﬂe-

1837 2682 1910 2737 vit
1944 2682 2008 2736 ⁶⁷.
2066 2683 2452 2738 Abundantius
2505 2684 2920 2741 considerantes
2971 2686 3118 2742 Petri
3180 2692 3434 2761 negatio-

1835 2783 1985 2838 nem,
2012 2772 2248 2828 dicimus
2273 2775 2534 2843 quoniam
2564 2792 2713 2829 nemo
2743 2787 2909 2846 potest
2940 2778 3113 2834 dicere
3147 2779 3430 2836 Dominum

1834 2861 2061 2928 Jesum,
2100 2865 2205 2918 nisi
2251 2865 2306 2918 in
2336 2863 2544 2934 Spiritu
2581 2876 2768 2921 sancto
2794 2867 2860 2932 ⁸⁸,
2901 2869 3045 2924 sicut
3073 2870 3278 2929 Paulus
3327 2889 3429 2931 nos

1833 2955 2012 3008 docet.
2049 2954 2118 3008 Et
2150 2957 2384 3009 nondum
2416 2966 2531 3010 erat
2566 2967 2696 3013 tunc
2747 2959 2799 3012 in
2835 2959 3156 3017 hominibus
3186 2963 3426 3034 Spiritus

1833 3058 2078 3111 sanctus,
2111 3050 2364 3118 quoniam
2395 3049 2554 3103 Jesus
2604 3052 2838 3105 nondum
2882 3053 3058 3122 fuerat
3098 3056 3424 3129 honoriﬁca-

1832 3150 1937 3205 tus,
1973 3141 2116 3196 sicut
2143 3141 2274 3196 dicit
2299 3141 2538 3198 Joannes
2561 3143 2628 3196 °°.
2664 3142 2958 3215 Propterea
3005 3163 3114 3202 non
3148 3159 3268 3205 erat
3291 3166 3422 3222 pos-

1829 3235 2008 3300 sibile,
2040 3251 2218 3306 neque
2256 3235 2407 3289 illum
2446 3236 2606 3291 talem
2639 3235 2860 3292 Petrum
2900 3249 3032 3295 tunc
3060 3239 3246 3298 Jesum
3281 3256 3420 3300 con-

1833 3328 1972 3382 fiteri
2003 3347 2015 3382 :
2047 3343 2148 3382 nec
2194 3336 2379 3382 tamen
2423 3337 2541 3383 erat
2585 3331 3064 3400 reprehendendus
3103 3349 3212 3388 non
3247 3336 3422 3390 conli-

1831 3430 1951 3476 tens
1992 3420 2202 3477 Jesum.
2268 3409 2553 3488 'Qnoniam
2610 3425 2677 3480 ad
2730 3426 3053 3483 confitentes
3098 3427 3302 3484 dicitur
3328 3431 3415 3489 ηε

1829 3512 1955 3569 Νοη
1981 3516 2108 3569 estis
2137 3532 2225 3570 vos
2250 3519 2340 3586 qui
2372 3517 2674 3588 loquimini,
2706 3519 2797 3573 sed
2832 3518 3068 3590 Spiritus
3103 3522 3286 3579 Patris
3329 3541 3419 3581 ve-

1824 3609 1926 3662 stri
1969 3608 2059 3678 qui
2101 3609 2336 3678 loquitur
2370 3609 2423 3662 in
2469 3610 2636 3664 vobis.
2689 3609 2805 3665 Non
2841 3621 3021 3667 autem
3059 3629 3184 3668 cum
3217 3615 3284 3669 sit
3319 3631 3417 3684 po-

1826 3709 1946 3753 tcns
1990 3699 2224 3769 Spiritus
2273 3699 2364 3752 ille
2397 3698 2574 3755 Patris
2629 3702 2803 3756 nostri
2859 3701 3008 3770 loqui
3065 3703 3118 3756 in
3151 3705 3328 3769 nobis,
3359 3713 3412 3760 et

1823 3808 1948 3846 cum
1988 3793 2041 3846 in
2087 3801 2275 3846 nostra
2319 3791 2392 3846 sit
2422 3800 2691 3860 potestate
2742 3793 2922 3848 locum
2969 3795 3101 3849 dare
3148 3795 3203 3849 in
3252 3796 3412 3854 nobis

1825 3885 2046 3955 Spiritui
2097 3893 2328 3950 sancto,
2387 3893 2443 3938 et
2502 3899 2611 3938 non
2707 3885 2969 3952 diabolo,
3019 3887 3065 3941 si
3113 3887 3414 3958 denegave-

1822 3980 2037 4046 rimus,
2089 3978 2506 4033 excusationem
2573 3976 2741 4032 ullam
2804 3978 3092 4034 habemus.
3157 3979 3409 4036 Forsitan

1821 4080 2001 4126 autem
2052 4079 2106 4125 et
2156 4071 2472 4140 quicunque
2518 4079 2603 4124 est
2667 4069 2724 4124 in
2775 4071 2916 4126 atrio
2967 4071 3191 4141 Caiphae
3250 4073 3407 4142 prin-

1819 4163 1956 4232 cipis
1999 4162 2369 4227 saccrdotum,
2425 4176 2535 4215 non
2587 4169 2766 4232 potest
2816 4161 3062 4217 confiteri
3109 4157 3407 4220 Dominum

1813 4253 2024 4320 Jesum,
2087 4254 2193 4310 nisi
2260 4253 2427 4309 fuerit
2493 4268 2750 4324 egressus
2825 4270 2891 4308 ex
2920 4255 3060 4310 atrio
3133 4255 3276 4324 ejus,
3352 4264 3407 4310 et

1815 4347 1978 4417 913
2003 4346 2136 4400 foris
2168 4345 2334 4401 fuerit
2367 4345 2546 4400 factus
2575 4347 2644 4401 ab
2674 4346 2824 4400 omni
2851 4346 3100 4402 doctrina
3125 4347 3405 4404 contraria

1813 4439 1964 4496 Jesu.
2024 4438 2158 4494 Nam
2194 4440 2287 4510 qui
2318 4440 2426 4494 illic
2460 4448 2608 4504 sunt,
2660 4437 2919 4494 Judaicas
2954 4441 3179 4496 tradunt
3228 4441 3404 4496 tradi-

1815 4535 2012 4597 tiones,
2042 4541 2097 4587 et
2127 4547 2234 4587 non
2264 4532 2568 4588 secundum
2616 4532 2931 4586 voluntates
2967 4529 3402 4601 Scripturarum,

1815 4626 1908 4681 sed
1967 4624 2268 4681 secundum
2344 4625 2601 4680 mandata
2666 4623 2951 4679 hominum
3002 4631 3055 4679 ct
3098 4625 3398 4682 doctrinas.

125 4723 538 4795 comparatione
585 4723 1000 4794 glorilicationis
1070 4723 1268 4786 istius,
1318 4723 1504 4777 vultus
1561 4723 1708 4776 illius
1740 4719 2114 4806 DConsidera
2163 4719 2309 4772 enim
2354 4717 2617 4789 quoniam
2665 4716 2860 4774 Petrus
2915 4717 3048 4773 foris
3103 4719 3300 4775 sedens
3329 4719 3400 4774 ab

123 4817 445 4889 gloriﬁcatio
485 4817 995 4881 destruatur,.sicut
1029 4817 1083 4870 in
1116 4825 1409 4887 conspectu
1454 4816 1587 4870 solis
1621 4815 1706 4868 lu-

74 4955 81 4962 -
122 4931 244 4972 men
297 4916 536 4972 lucernae
583 4914 905 4980 destruitur,
948 4923 1002 4968 et
1039 4913 1182 4968 sicut
1232 4912 1457 4967 scientia
1492 4927 1614 4981 qua:
1641 4925 1708 4965 ex

121 5017 276 5077 parte
315 5016 420 5074 est,
459 5006 767 5063 destruitur
808 5021 934 5061 cum
969 5004 1180 5059 venerit
1218 5004 1366 5074 quod
1404 5004 1706 5073 perfectum

120 5111 222 5158 est.
264 5101 370 5157 Sed
401 5113 456 5156 et
496 5101 739 5171 colaphis
787 5099 1106 5156 ceciderunt
1160 5107 1412 5152 sanctum
1450 5095 1707 5150 Ecclesia!

120 5203 302 5265 caput,
346 5203 568 5266 propter
599 5193 744 5264 quod
786 5193 888 5262 ipsi
935 5191 1352 5262 colaphizantur
1394 5205 1424 5244 a
1461 5189 1701 5244 Satana:

121 5299 224 5340 non
270 5295 328 5340 ιιι
371 5302 482 5340 non
529 5286 893 5350 extollantur,
945 5299 1120 5353 neque
1183 5291 1242 5337 ut
1283 5282 1456 5336 virtus
1512 5296 1702 5337 eorum

119 5377 450 5445 perficiatur,
489 5379 582 5434 sed
621 5387 679 5433 ut
719 5378 902 5434 traditi
953 5377 1177 5431 inimico
1221 5383 1275 5430 et
1301 5374 1524 5439 vindici,
1565 5373 1705 5428 reci-

119 5467 266 5535 piant
309 5471 454 5541 quod
509 5470 756 5526 fecerunt
805 5479 1113 5542 peccatum,
1157 5468 1563 5540 colaphizantes
1607 5465 1701 5521 Je-

120 5575 258 5619 snm.
295 5563 362 5619 Et
388 5579 495 5618 non
532 5563 773 5619 contenti
817 5563 1197 5617 tantummodo
1227 5576 1497 5631 exspuere
1528 5561 1582 5614 in
1615 5559 1692 5614 fa-

118 5652 252 5708 ciem
282 5656 403 5727 ejus
447 5666 500 5710 et
549 5654 793 5727 colaphis
843 5670 970 5710 eum
1025 5654 1252 5719 exedere,
1307 5653 1400 5708 sed
1437 5651 1616 5708 adhuc
1646 5659 1700 5705 et

118 5743 310 5810 palmis
371 5763 497 5803 eum
537 5747 888 5814 ceciderunt,
926 5756 982 5802 et
1041 5746 1362 5802 deludentes
1403 5744 1693 5799 dixerunt:

186 5956 229 6030 ξ’
263 5957 462 6030 Philip.
519 5975 592 6024 ιι,
648 5960 701 6030 8.

120 6025 162 6056 "
185 6026 203 6082 l
226 6031 352 6085 Cor.
388 6025 489 6105 in,
518 6033 572 6086 5.
652 6028 699 6066 ’⁸³
721 6046 817 6100 vn,
884 6032 974 6087 39.
1051 6030 1098 6063 "
1132 6029 1324 6086 Matth.
1360 6045 1414 6098 χ,
1445 6028 1532 6084 20.

801 5925 1056 6015 “'Deut.
1109 5974 1237 6025 xxv,
1294 5958 1380 6015 l9.
1480 5958 1524 5990 ⁸⁸
1567 5955 1759 6014 Matth.
1820 5958 1984 6020 xxvr,’
2023 5954 2112 6009 68.

1812 4811 1942 4868 Jesu
1989 4819 2302 4883 segregatus
2322 4851 2337 4877 ,
2387 4821 2442 4866 et
2469 4811 2544 4880 ?_in
2572 4810 2710 4866 atrio
2738 4809 3002 4881 principis
3040 4811 3396 4877 constitutus,

1811 4921 1996 4962 coram
2043 4906 2299 4961 omnibus
2343 4903 2531 4961 Jesum
2587 4905 2873 4974 denegavit
2907 4922 2922 4959 :
2957 4913 3012 4959 et
3052 4905 3247 4960 iterum
3279 4904 3398 4958 vice

1811 5001 2049 5058 secunda
2095 4999 2352 5054 similiter
2403 5014 2513 5053 non
2548 5006 2705 5054 extra
2736 4997 2962 5068 januam
3011 4997 3148 5051 foris
3195 4994 3393 5060 factus,

1811 5095 1905 5151 sed
1931 5095 2119 5150 volens
2148 5093 2318 5156 exire,
2361 5091 2602 5146 nondum
2631 5099 2813 5145 autem
2841 5103 3097 5157 egressus
3141 5087 3393 5157 januam,

1807 5185 2111 5257 denegavit.
2153 5183 2256 5239 Sed
2285 5193 2339 5239 et
2365 5183 2522 5238 tertia
2549 5182 2666 5238 vice
2691 5180 2910 5252 quando
2937 5181 3030 5250 qui
3065 5180 3284 5235 stabant
3306 5178 3392 5233 di-

1807 5291 2044 5336 xerunt:
2092 5277 2221 5332 Vere
2247 5293 2312 5331 ea:
2336 5276 2448 5330 illis
2478 5292 2553 5340 es,
2591 5283 2645 5329 et
2673 5275 2892 5344 quando
2925 5272 3089 5343 erepit
3132 5287 3191 5328 se
3221 5271 3391 5326 devo-

1808 5381 1924 5427 tare
1971 5375 2026 5425 et
2062 5369 2248 5440 jnrare
2299 5367 2430 5437 quia
2465 5366 2652 5420 nescio
2696 5364 2995 5430 hominem,
3044 5362 3225 5417 adhuc
3277 5373 3391 5416 non

1803 5473 1922 5520 erat
1953 5462 2106 5518 foris.
2168 5460 2234 5514 Et
2262 5474 2452 5514 omnes
2492 5457 2877 5529 denegationes
2912 5455 3068 5510 facta:
3092 5462 3221 5510 sunt
3249 5453 3298 5508 ei
3332 5452 3391 5508 in

1807 5567 1968 5621 nocte
2015 5565 2070 5610 et
2099 5554 2153 5608 in
2183 5552 2419 5609 tenebris
2466 5552 2786 5621 priusquam
2832 5548 3015 5604 veniat
3044 5545 3184 5614 dies,
3217 5553 3273 5601 et
3314 5544 3390 5600 si-

1807 5666 1976 5722 gnum
2004 5647 2132 5715 diei,
2162 5647 2214 5701 id
2247 5654 2330 5701 est
2360 5644 2484 5715 galli
2512 5651 2737 5711 cantus,
2767 5641 2862 5713 qui
2895 5640 3123 5696 suscitat
3148 5639 3389 5694 volentes

1806 5759 1837 5798 a
1869 5757 2084 5801 somno.
2145 5738 2213 5795 Et
2258 5745 2318 5793 ut
2363 5735 2513 5792 verbi
2548 5735 2719 5808 gratia
2768 5734 2984 5801 dicam,
3022 5732 3069 5788 si
3102 5738 3227 5804 post
3259 5727 3389 5801 galli

2228 5952 2274 5985 "
2312 5966 2377 6018 v,
2410 5948 2466 6004 '5.
2576 5945 2619 5979 "
2659 5942 2855 6001 Matth.
2893 5957 3020 5998 xxvr
3047 5983 3064 6010 ,
3109 5941 3179 5995 69
3230 5952 3387 6010 seqq.
