4004 6542
552 529 578 585 1
589 528 692 586 765

1719 507 2046 570 ORlGENlS
2085 504 2153 562 IN
2191 503 2607 561 MATTIIASUM
3698 491 3829 548 {itit

550 655 773 704 cantum
800 642 997 699 Petrus
1028 650 1310 713 negasset,
1342 650 1402 696 ut
1428 640 1701 695 diceretur
1731 655 1745 693 :
1781 634 1904 689 Non:
1930 647 2141 705 promo-
2170 635 2212 693 Α
2244 629 2536 701 Operihns;
2574 627 2732 696 longe
2772 632 2953 679 autem
3004 620 3302 677 eﬂiciatnur
3336 633 3369 672 a
3398 618 3590 688 priore
3636 615 3833 670 ancilla

553 740 627 795 vit
647 780 662 805 ,
703 738 815 791 dies
843 745 1020 790 autent
1050 732 1521 805 appropinquavit,
1563 730 1700 784 sicut
1730 729 1786 781 in
1813 727 1900 780 die
1929 726 2138 779 honeste

556 828 884 885 ambulemus
912 828 981 893 τι,
1032 826 1182 880 nulla
1213 822 1571 878 excusatione
1596 820 1795 889 dignus
1821 815 2012 871 fuisset
2034 813 2137 868 Pe-

556 930 695 977 trus.
759 919 1006 974 Forsitan
1057 926 1238 972 autem
1275 923 1329 969 et
1375 928 1567 968 omnes
1615 909 1870 965 homines
1921 906 2140 977 quando

557 1010 829 1079 denegant
909 1006 1135 1071 Jesum,
1191 1005 1264 1059 ita
1318 1012 1376 1058 ut
1420 1011 1699 1073 peccatum
1768 995 2141 1067 denegationis

557 1117 747 1157 eorum
778 1100 1006 1169 recipiat
1036 1097 1385 1160 medicinam,
1419 1103 1545 1149 ante
1568 1092 1693 1163 galli
1719 1099 1942 1146 cantum
1971 1087 2140 1142 dene—

561 1209 689 1267 gare
722 1209 847 1248 eum
879 1192 1133 1247 videntur
1155 1232 1169 1258 ,
1218 1188 1460 1244 nondum
1488 1186 1567 1240 eis
1598 1192 1728 1238 nato
1753 1183 1866 1237 sole
1895 1180 2139 1250 justitizn,

545 1301 663 1341 'nec
698 1282 1167 1354 appropinquante
1194 1280 1274 1335 eis
1312 1289 1434 1333 ortu
1467 1276 1673 1346 ipsius;
1709 1276 1755 1330 si
1800 1284 1980 1328 autem
2020 1280 2143 1341 post

562 1386 742 1432 ortum
774 1374 1088 1445 hujusmodi
1127 1373 1261 1428 solis
1314 1373 1379 1425 ad
1407 1370 1648 1424 animam
1683 1367 1926 1422 volentes
1953 1379 2143 1434 pecca-

561 1469 838 1532 verimus,
886 1476 1175 1536 postquam
1217 1463 1531 1532 accepimus
1562 1458 1842 1516 scientiam
1876 1456 2140 1521 veritatis,

558 1561 672 1630 jam
705 1572 815 1612 non
852 1556 1181 1626 relinquitur
1209 1553 1370 1609 nobis
1401 1551 1733 1608 sacriﬁcium
1772 1564 1871 1620 pro
1899 1558 2141 1619 peccato,

560 1649 659 1706 sed
686 1648 925 1704 terribile
953 1645 1246 1717 judicium,
1280 1653 1335 1699 et
1377 1642 1527 1698 zelus
1572 1641 1711 1713 ignis
1748 1639 1842 1709 qui
1870 1649 2145 1694 comestu-

560 1746 662 1801 ru's
694 1749 778 1796 est
808 1739 1083 1795 inimicos.
1143 1736 1211 1791 Et
1259 1737 1311 1791 in
1357 1735 1519 1790 Petro
1547 1732 1767 1804 quidem
1813 1742 1943 1787 tunc
1982 1731 2147 1786 done.

566 1838 728 1904 gante
768 1845 876 1885 non
910 1827 1265 1883 conveniebat
1293 1827 1473 1881 dicere
1503 1844 1517 1879 ε
1550 1823 1822 1889 Quomodo
1853 1839 1915 1876 ne
1942 1823 2145 1892 putatis

564 1923 748 1994 pejora
794 1922 984 1976 mereri
1039 1919 1301 1989 supplicia
1327 1918 1418 1987 qui
1449 1915 1651 1969 Filium
1680 1914 1777 1969 Dei
1809 1920 2144 1969 conculcave-

2243 735 2296 779 et
2323 722 2526 786 altera;
2560 728 2614 773 et
2646 718 2716 772 ab
2741 716 2999 771 omnibus
3030 713 3122 785 qui
3150 718 3297 767 stant
3336 710 3391 763 in
3422 708 3569 763 atrio
3600 705 3731 776 ejus
3756 706 3836 761 vel

2246 815 2300 869 in
2332 815 2501 885 janua
2525 813 2667 883 ejus,
2715 818 2778 865 ut
2806 824 2874 863 ne
2901 808 2955 862 in
2987 804 3237 874 proximo
3263 801 3606 857 exsistamus
3636 797 3837 852 facien-

2246 907 2394 961 tibus
2416 906 2688 974 denegare
2717 917 2843 957 enm
2877 900 2970 970 qui
2997 897 3162 953 fuerit
3183 896 3338 965 juxta
3371 893 3474 948 eis.
3519 890 3839 961 Cognosce-

2248 1014 2371 1053 inus
2401 1007 2582 1052 autem
2613 1010 2734 1066 quin
2766 993 2839 1048 sit
2863 992 3058 1046 ancilla
3096 988 3378 1060 principis,
3422 985 3467 1039 si
3503 983 3839 1039 intellexeri-

2248 1106 2371 1146 mus
2398 1103 2521 1159 quas
2549 1087 2622 1142 sit
2650 1085 2846 1141 ancilla
2882 1082 3000 1147 Dei,
3052 1081 3120 1136 de
3160 1096 3267 1150 qua
3315 1077 3588 1147 scriptum
3634 1082 3723 1130 est
3748 1075 3837 1129 "z

2216 1179 2364 1251 ~Ego
2410 1194 2588 1234 servus
2635 1186 2793 1243 tuus,
2840 1183 2891 1228 et
2937 1173 3082 1244 ﬁlius
3130 1168 3340 1225 ancillte
3376 1177 3507 1222 tum.
3569 1166 3711 1233 Quae
3738 1167 3841 1222 sint

2249 1282 2430 1327 autem
2480 1269 2617 1325 atria
2660 1266 2926 1338 principis
2959 1263 3162 1335 poteris
3192 1261 3352 1327 scire,
3406 1260 3455 1314 si
3505 1258 3838 1313 intellexeris

2249 1380 2372 1437 quae
2417 1364 2528 1419 sint
2573 1362 2713 1417 atria
2741 1360 2939 1415 domus
2970 1356 3218 1422 Domini,
3242 1355 3309 1410 de
3333 1353 3545 1425 quibus
3574 1351 3836 1419 scripturn

2249 1468 2336 1514 cst
2363 1458 2411 1490 ⁸⁰
2438 1476 2453 1513 :
2488 1455 2623 1510 Ecce
2667 1470 2805 1507 nunc
2827 1451 3112 1506 benedicite
3141 1448 3446 1511 Dominum,
3479 1460 3670 1498 omnes
3713 1444 3839 1498 serti

2252 1552 2500 1616 Domini,
2542 1549 2633 1620 qui
2671 1549 2827 1602 statis
2853 1547 2908 1599 in
2931 1545 3084 1598 domo
3110 1542 3357 1606 Domini,
3384 1541 3443 1593 in
3465 1540 3632 1593 atriis
3658 1538 3839 1590 domas

2255 1644 2353 1698 Dei
2400 1640 2593 1698 nostri.
2656 1638 2714 1694 Si
2738 1647 2921 1693 autem
2965 1644 3021 1691 et
3056 1635 3123 1690 de
3159 1633 3352 1689 ancilla
3379 1631 3558 1685 altera
3582 1629 3839 1684 debemus

2253 1734 2454 1806 aliquid
2484 1732 2686 1795 dicere,
2713 1728 2958 1783 utetiam
2989 1726 3059 1780 ab
3082 1724 3172 1779 illa
3198 1721 3550 1783 recedamus,
3578 1718 3838 1787 intelliga-

2253 1843 2376 1883 mus
2421 1825 2567 1897 quod
2616 1822 2880 1893 scriptum
2911 1818 3110 1876 est“:
3152 1815 3302 1872 Sicut
3345 1813 3489 1868 oculi
3531 1812 3753 1865 ancilla:
3792 1811 3843 1862 in

2255 1921 2500 1974 manilius
2529 1916 2760 1971 domina
2787 1928 2933 1977 suae,
2978 1912 3057 1964 ita
3084 1907 3227 1963 oculi
3261 1907 3433 1962 nostri
3463 1904 3537 1957 ad
3562 1903 3841 1957 Dominum

565 2015 697 2081 rint,
733 2021 783 2067 et
810 2013 1121 2083 sanguinem
1166 2008 1466 2083 testamenti
1514 2022 1839 2061 communem
1870 2006 2142 2061 existima-
2179 2008 2220 2062 Β
2249 2013 2419 2067 Deum
2445 2018 2722 2076 nostrum,»
2754 2008 2917 2060 donec
2946 2005 3263 2057 misereatur
3295 1999 3490 2053 ηοεινί,
3561 1995 3709 2050 puro
3735 1996 3841 2064 pri-

512 2144 517 2149 ς
564 2108 732 2162 uerint
778 2108 917 2159 unde
952 2103 1277 2172 sanctiﬁcati
1302 2111 1445 2165 sunt,
1476 2109 1523 2153 et
1551 2097 1814 2169 Spiritum
1841 2098 2032 2168 gratim
2060 2099 2147 2151 in-

557 2198 883 2269 juriaverint
917 2197 999 2250 7'?
1052 2195 1304 2249 Nondum
1348 2192 1494 2247 enim
1548 2189 1920 2246 sanctilicatus
1973 2188 2150 2245 fuerat

568 2314 764 2369 Petrus
799 2313 1066 2383 sanguine
1090 2310 1298 2366 Christi
1323 2312 1416 2381 qui
1450 2310 1627 2366 fuerat
1656 2307 1881 2376 sanguis
1916 2309 2034 2363 novi
2068 2318 2148 2361 te-

567 2402 851 2467 stamenti,
902 2415 1000 2455 nec
1046 2400 1327 2470 injuriavit
1377 2399 1644 2469 Spiritum
1694 2397 1882 2464 gratiae
1920 2413 2081 2468 quem
2117 2412 2148 2450 a

567 2490 837 2563 principio
891 2505 992 2546 nec
1034 2498 1354 2559 acceperat,
1399 2490 1661 2559 quoniam
1704 2484 1866 2542 Jesus
1911 2489 2149 2544 nondum

567 2582 752 2639 fuerat
785 2582 1177 2639 honorilicatus
1209 2583 1277 2648 ⁷³,
1328 2597 1428 2637 nec
1457 2593 1573 2636 erat
1603 2581 1657 2635 in
1689 2581 2001 2637 hominibus
2030 2581 2147 2651 Spi-

569 2674 711 2729 ritus
734 2683 980 2729 sanctus.
1025 2670 1082 2725 Si
1115 2680 1296 2726 autem
1324 2671 1378 2725 in
1410 2670 1573 2725 nobis
1602 2669 1706 2725 hoc
1736 2670 1960 2739 impium
1992 2668 2153 2724 fuerit

568 2766 777 2823 factum
825 2764 1199 2836 denegationis
1233 2775 1550 2834 peccatum,
1586 2762 1770 2815 omnia
1814 2761 1927 2816 lucc
1971 2761 2152 2815 dicere

573 2856 850 2922 convenit,
902 2856 1163 2925 quoniam
1194 2866 1248 2911 et
1278 2855 1331 2908 in
1360 2854 1626 2925 sanguine
1667 2853 1976 2908 testamenti
2026 2869 2154 2906 san-

568 2946 790 3002 cti‘llcati
818 2961 1011 3003 sumus
1042 2954 1097 3000 et
1126 2944 1389 3016 Spiritum
1417 2945 1603 3015 gratia:
1624 2943 1986 3013 suscepimus.
2020 2941 2153 2998 Pro-

568 3048 755 3110 pterea
819 3052 1165 3107 communem
1232 3046 1425 3107 putare
1473 3036 1794 3107 sanguinein
1844 3036 2153 3090 testamenti

568 3130 1053 3201 pretiosissimum,
1082 3139 1135 3183 et
1158 3129 1421 3199 injuriare
1451 3126 1714 3198 Spiritum
1751 3129 1956 3197 gratiae,
1976 3128 2154 3180 omni-

570 3220 676 3275 bus
702 3219 940 3289 peccatis
972 3219 1214 3274 deterius
1240 3228 1325 3274 est
1344 3260 1360 3286 ,
1398 3218 1472 3273 ita
1507 3227 1564 3272 ut
1594 3234 1696 3272 nec
1726 3218 1780 3271 in
1822 3219 1925 3272 hoc
1954 3217 2153 3273 saeculo

571 3325 674 3366 nec
717 3310 773 3364 in
805 3309 992 3365 futuro
1026 3308 1405 3363 remissionem
1451 3308 1729 3377 possimus
1776 3309 2057 3377 accipere,
2106 3308 2153 3362 si

474 3434 481 3442 ι
574 3402 672 3457 Dei
719 3400 920 3456 Filium
969 3400 1322 3470 denegeinus.
1377 3398 1646 3466 Quoniam
1693 3415 1823 3470 ergo
1868 3402 2026 3456 nobis
2050 3416 2154 3454 nox

572 3512 829 3584 promouit
852 3554 866 3578 ,
899 3512 1010 3565 dies
1044 3521 1220 3565 autem
1254 3508 1690 3579 appropinquavit
1719 3507 1802 3575 ⁷³,
1854 3517 1907 3563 et
1936 3508 2151 3577 signum

574 3605 682 3662 diei
713 3604 839 3677 galli
865 3614 1060 3660 cantus
1088 3601 1335 3658 insonuit
1357 3600 1537 3665 nobis,
1566 3610 1852 3670 pr0pterea
1884 3614 2060 3671 usque
2085 3600 2151 3654 ad

572 3697 897 3766 sanguinem
945 3703 1152 3749 stemus
1199 3700 1388 3748 contra
1422 3700 1705 3760 peccatum
1746 3698 2054 3754 certantes,
2101 3697 2155 3744 et

571 3795 796 3859 propter
855 3786 1178 3842 charitatem
1237 3798 1520 3853 nunquam
1573 3783 1914 3838 excidentem
1966 3783 2152 3837 omnia

573 3878 927 3942 suﬂ'eramus,
980 3886 1041 3931 ut
1092 3890 1217 3930 cum
1266 3872 1520 3946 perfectis
1552 3874 1609 3928 in
1659 3889 1721 3929 ea
1751 3890 2155 3945 consequamur

575 3971 967 4026 haereditatem.
1029 3968 1095 4022 Et
1125 3969 1230 4023 hoc
1274 3967 1528 4032 attende,
1577 3967 1839 4037 quoniam
1874 3970 1999 4022 ante
2028 3967 2152 4038 galli

573 4074 818 4132 cantum,
867 4074 921 4119 et
969 4070 1096 4119 ante
1123 4059 1389 4132 Spiritum
1439 4068 1714 4124 sanctum,
1749 4060 1882 4114 etin
1913 4070 2155 4129 tempore

573 4158 752 4214 noctis
788 4154 1326 4235 profundaa,etiamsi
1361 4151 1675 4221 frequenter
1699 4152 1985 4222 denegavit
2005 4153 2151 4222 quis,

571 4250 757 4306 vivere
788 4257 964 4319 potest
992 4266 1007 4302 :
1041 4247 1187 4317 quod
1216 4243 1572 4300 manifestum
1597 4252 1770 4299 estex
1806 4258 1873 4298 eo
1902 4244 2049 4313 quod
2075 4254 2157 4299 ter

571 4338 860 4410 denegavit
885 4336 1098 4393 Petrus.
1160 4333 1218 4390 Si
1251 4344 1432 4390 autem
1460 4343 1583 4404 post
1626 4334 1748 4404 galli
1796 4346 2040 4401 cantum,
2072 4335 2156 4389 vel

574 4434 745 4489 semel
774 4433 828 4487 in
857 4445 1183 4503 quocunque
1212 4429 1457 4498 periculo
1490 4428 1826 4483 constitutus
1871 4427 2158 4498 denegavit

573 4525 732 4596 quis,
768 4521 1107 4593 impossibile
1150 4529 1233 4575 est
1274 4535 1398 4574 eum
1442 4518 1696 4573 renovari
1727 4518 1782 4571 in
1815 4518 2154 4587 poenitentia,

575 4628 635 4672 ut
661 4617 857 4671 iterum
884 4614 1167 4684 crucifigat
1193 4613 1296 4668 sibi
1331 4611 1528 4667 Filium
1564 4610 1659 4665 Dei
1693 4611 1762 4662 ⁷⁵.
1837 4610 1942 4676 Qui
1970 4619 2151 4665 autem

577 4709 631 4763 in
678 4705 989 4777 hujusmodi
1037 4705 1414 4775 denegationis
1460 4712 1682 4774 peccato
1712 4702 1877 4757 fuerit
1903 4718 2153 4773 compre«
2188 4729 2230 4783 ι)

578 4799 818 4864 hensus,
878 4795 1107 4865 aspiciat
1155 4795 1288 4850 illud
1330 4796 1474 4866 quod
1513 4795 1774 4864 scriptum
1820 4802 1907 4849 est
1929 4794 2021 4849 ’δε
2066 4792 2154 4848 Va:

575 4889 656 4944 his
693 4891 781 4960 qui
831 4888 1107 4941 attrahunt
1148 4897 1362 4957 peccata
1389 4903 1487 4940 sua
1517 4887 1653 4939 sicut
1696 4886 1873 4956 funem
1916 4885 2151 4955 (angunt,

575 4993 624 5037 et
650 4983 785 5036 sicut
808 4980 1121 5052 jngulorum
1150 4978 1305 5034 vituli
1349 4979 1654 5050 iniquitates
1685 5020 1699 5046 ,
1730 4987 1783 5032 et
1821 4994 1927 5031 non
1957 4978 2104 5033 dicat
2136 4996 2149 5032 :

576 5074 805 5129 Peccata
853 5081 1034 5126 nostra
1062 5074 1115 5126 in
1145 5071 1294 5127 nobis
1320 5083 1478 5139 sunt,
1522 5080 1572 5124 et
1598 5070 1857 5141 quomodo
1879 5071 2106 5125 vivemus
2129 5072 2156 5124 ?

584 5167 733 5236 Vivo,
766 5168 937 5238 inquit
969 5167 1223 5221 Dominus
1245 5206 1260 5231 ,
1280 5167 1543 5236 quoniam
1575 5167 1695 5219 nolo
1720 5174 1937 5219 mortem
1965 5181 2152 5233 pecca—

578 5263 733 5327 toris,
765 5262 853 5316 sed
882 5262 1243 5330 paenitentiam
1269 5261 1331 5314 ⁷⁷.
1376 5258 1493 5329 Ipse
1537 5268 1716 5313 autem
1754 5259 1855 5314 scit
1887 5257 2028 5313 Deus
2050 5298 2064 5321 ,
2092 5257 2158 5310 de

576 5370 687 5425 quo
715 5356 975 5424 scriptum
1003 5364 1085 5409 est
1111 5355 1157 5388 ⁷⁸
1191 5372 1203 5407 :
1240 5351 1308 5406 Et
1341 5354 1453 5422 ipse
1495 5354 1702 5420 sapiens
1745 5351 1970 5405 adducet
2001 5366 2159 5420 super

576 5463 664 5500 ess
694 5447 836 5499 mala
857 5487 872 5511 ,
902 5447 1085 5516 qualia
1118 5446 1261 5500 mala
1291 5446 1525 5499 adducet
1553 5459 1719 5514 super
1744 5443 2075 5509 denegantes
2105 5451 2159 5495 et

579 5551 688 5592 non
719 5540 1046 5607 pcenitcntes
1068 5580 1081 5604 ,
1111 5548 1165 5593 et
1193 5537 1377 5609 qualia
1409 5552 1576 5607 super
1607 5536 1940 5605 denegantes
1968 5544 2023 5589 et
2040 5547 2158 5602 po:-

578 5630 836 5695 nitentes,
881 5632 1062 5700 qualia
1099 5633 1238 5687 bona
1286 5647 1448 5702 super
1477 5645 1572 5686 eos
1607 5629 1701 5699 qui
1747 5642 2029 5697 nunquam
2060 5627 2156 5681 de-

576 5731 935 5793 negaverunt,
967 5738 1142 5793 neque
1173 5722 1339 5777 verbo
1373 5738 1558 5778 coram
1587 5720 1936 5788 hominibus,
1975 5732 2152 5788 neque

648 5880 693 5912 "
734 5877 893 5933 Rom.
933 5894 1055 5947 xm,
1088 5880 1176 5944 12,
1214 5879 1302 5933 15.
1408 5879 1455 5911 τ’
1494 5876 1662 5933 Ιηίθιπ.
1697 5895 1753 5942 x,
1778 5877 1868 5933 29.

577 5949 626 5983 ’⁸
664 5950 767 6006 lsa.
800 5966 852 6014 v,
888 5950 973 6003 18.
1052 5950 1124 6003 t'"
1165 5949 1362 6005 Ezech.
1415 5965 1624 6014 XXXIII,
1682 5950 1771 6003 10.
1836 5948 1923 6003 ll.

578 6019 623 6053 ἰ
658 6019 806 6077 Psal.
843 6036 1017 6091 cxxrr,
1044 6021 1099 6076 2.
1178 6021 1223 6053 “
1268 6019 1304 6064 Ι1
1334 6021 1458 6075 Cor.
1496 6036 1550 6082 v,
1585 6020 1671 6074 16.

1979 5878 2023 5908 ⁷³
2062 5874 2221 5930 Joan.
2256 5891 2354 5941 vn,
2382 5875 2474 5930 59.

2002 5947 2049 5979 ⁷⁸
2087 5946 2193 6001 lsa.
2239 5935 2401 6012 xxxi,
2460 5945 2517 5998 2.
2593 5943 2639 5974 ⁷³
2681 5939 2824 6012 Psal.
2870 5953 3027 6012 c_x_v_,_

1748 6020 1795 6050 ⁸⁸
1834 6017 2027 6074 Matth.
2062 6034 2209 6079 xm,
2240 6020 2325 6069 51.

2249 2121 2394 2161 mam
2427 2102 2680 2157 ancillam
2710 2098 2935 2168 intelligi
2968 2093 3232 2166 principis
3260 2092 3557 2170 facientem
3577 2089 3842 2158 denegare

2249 2195 2547 2265 discipulos
2582 2191 2809 2259 Christi,
2863 2189 3208 2260 Synagogam
3241 2198 3362 2240 esse
3404 2180 3731 2263 Iudaeorum
3762 2192 3840 2233 se-

2250 2287 2489 2344 cundum
2520 2299 2772 2348 carnem,
2826 2283 2917 2351 qui
2955 2279 3226 2349 denegare
3260 2275 3582 2355 frequenter
3606 2262 3838 2346 compu-

2250 2382 2432 2437 lerunt
2457 2378 2663 2434 tidcles.
2733 2373 3042 2430 Secundam
3073 2380 3257 2424 autem
3283 2365 3543 2427 ancillam
3570 2404 3587 2429 ,
3616 2377 3840 2433 congre-

2253 2471 2524 2543 gationem
2577 2466 2843 2539 gentium,
2887 2462 2982 2533 qui
3022 2469 3077 2516 et
3109 2458 3213 2530 ipsi
3258 2463 3659 2528 persequentes

2254 2562 2462 2617 stianos
2510 2557 2781 2626 denegare
2813 2552 3102 2624 cogebant.
3167 2546 3384 2602 Tertios
3414 2552 3607 2599 autem
3639 2550 3840 2597 stantes

2253 2652 2308 2706 in
2334 2650 2489 2706 atriis
2509 2688 2524 2714 ,
2556 2646 2842 2702 ministros
2874 2658 2997 2700 esse
3045 2642 3312 2695 haercsum
3346 2637 3695 2707 diversarum
3709 2632 3841 2704 ,‘qui

2253 2752 2305 2797 et
2334 2742 2438 2811 ipsi
2465 2739 2748 2795 veritatem
2777 2735 2984 2792 Christi
3034 2734 3323 2815 denegare‘
3358 2728 3723 2799 compellunt.
3784 2724 3839 2781 In

2254 2844 2414 2889 nocte
2454 2841 2635 2887 autem
2685 2844 2795 2885 non
2843 2828 3022 2884 solum
3078 2837 3161 2880 ter
3190 2824 3422 2892 denegat
3455 2819 3701 2885 Petrus,
3753 2817 3841 2873 sed

2252 2929 2417 2983 etiam
2459 2926 2680 2980 devotat
2706 2923 2944 2991 seipsum
2973 2930 3029 2974 et
3052 2918 3203 2988 jurat
3233 2956 3248 2981 ,
3285 2915 3414 2984 quia
3447 2911 3641 2967 nescio
3673 2911 3841 2966 homi-

2255 3032 2401 3072 nem.
2485 3013 2552 3069 Et
2597 3011 2818 3083 quidem
2865 3019 2997 3065 tunc
3044 3008 3224 3062 adhuc
3269 3004 3575 3060 secundum
3628 3016 3840 3057 carnem

2254 3108 2533 3163 Christum
2565 3105 2792 3167 sciebat,
2844 3118 2951 3157 nec-
2989 3100 3171 3155 adhuc
3202 3105 3412 3168 poterat
3436 3094 3627 3150 dicere
3662 3112 3675 3148 :
3711 3090 3777 3146 Et
3800 3091 3842 3144 si

2256 3200 2528 3256 Christum
2557 3195 2847 3268 aliquando
2889 3191 3176 3247 secundum
3217 3204 3428 3242 carnem
3461 3187 3835 3258 cognovimus,

2257 3295 2346 3349 sed
2393 3307 2532 3347 nunc
2576 3292 2691 3359 iam
2741 3304 2842 3342 non
2892 3285 3259 3356 cognoscimus
3282 3281 3349 3333 ⁸³.
3413 3279 3676 3346 Quandiu
3703 3279 3840 3334 enim

2181 3355 2222 3410 ϐ
2258 3388 2475 3455 signum
2507 3382 2614 3438 diei
2638 3397 2746 3437 non
2773 3379 3093 3441 exsistebat,
3126 3376 3404 3445 denegans
3428 3372 3631 3427 Petrus
3657 3369 3842 3425 verbo-

2261 3492 2379 3531 rum
2409 3473 2538 3530 Jesu
2564 3488 2671 3527 non
2700 3472 2804 3527 fuit
2836 3484 3067 3525 memor.
3125 3467 3422 3536 Postquam
3463 3475 3651 3517 autem
3686 3477 3841 3532 ange-

2256 3571 2343 3624 lus
2378 3567 2475 3622 Dci
2501 3564 2757 3621 clamavit
2784 3563 2867 3630 ei,
2914 3570 3048 3616 tune
3095 3560 3411 3614 recordatus
3439 3565 3526 3611 cst
3555 3556 3837 3610 verborum

2254 3661 2383 3717 Jesu
2427 3658 2662 3715 dicentis
2703 3656 2771 3711 ad
2801 3670 2860 3711 se
2895 3672 2909 3708 :
2942 3636 3239 3722 Antequam
3282 3649 3459 3721 gallus
3504 3657 3723 3715 cantet,
3770 3656 3840 3699 ter

2257 3773 2336 3810 me
2367 3753 2580 3825 negabis
2607 3750 2674 3804 “.
2736 3748 2803 3803 Et
2851 3747 3071 3818 quando
3122 3744 3440 3800 recordatus
3494 3752 3579 3797 est
3624 3740 3838 3795 verbum

2257 3848 2484 3913 Christi,
2515 3846 2629 3916 jam
2657 3858 2768 3898 non
2797 3848 2914 3897 erat
2946 3840 3000 3893 in
3029 3838 3169 3893 atrio
3196 3835 3455 3905 principis
3474 3835 3837 3899 sacerdotum,

2256 3959 2357 3998 nec
2397 3941 2554 4012 juxta
2583 3937 2809 4008 januam
2852 3933 3005 4003 ejus,
3054 3931 3148 3985 sed
3199 3928 3365 3995 foris;
3406 3926 3657 3997 alioquin
3687 3922 3840 3996 θα

2262 4048 2607 4104 nequaquam
2661 4030 2947 4102 plorasset.
3027 4024 3183 4079 Sicut
3230 4022 3374 4075 enim
3420 4018 3695 4089 scriptum
3743 4031 3837 4080 est,

2258 4141 2513 4196 egressus
2548 4122 2719 4187 foras,
2763 4116 3110 4189 amarissime
3164 4110 3417 4183 ploravit.
3478 4107 3627 4177 Ergo
3678 4115 3734 4161 et
3771 4120 3842 4160 se-

2257 4217 2497 4269 cundum
2558 4209 2760 4264 Lucam
2789 4207 2837 4238 ⁸⁸
2894 4204 3169 4277 peccatrix
3220 4200 3418 4255 mulier
3461 4198 3624 4269 juxta
3690 4196 3839 4267 pedes

2257 4305 2473 4359 Domini
2526 4303 2797 4374 paenitens
2857 4297 3044 4361 ﬂevit,
3097 4304 3151 4351 et
3201 4294 3289 4349 hic
3341 4291 3538 4346 Petrus
3598 4302 3839 4360 egressus

2257 4398 2455 4452 atrium
2497 4394 2794 4465 principis,
2831 4391 2898 4445 ad
2922 4392 3149 4461 januam
3194 4385 3514 4457 ejusplorat
3541 4399 3610 4436 ex
3653 4380 3841 4435 amari-

2259 4491 2445 4545 tudine
2477 4489 2721 4559 peccati,
2767 4483 3150 4541 examaricans
3198 4480 3253 4533 in
3290 4476 3619 4549 poenitentia
3662 4473 3839 4529 ﬂetum

2257 4597 2443 4639 suum.

2332 4700 2456 4754 115.
2501 4697 2660 4752 Mane
2714 4705 2891 4749 autem
2947 4693 3132 4762 facta,
3183 4686 3471 4743 consilium
3536 4692 3839 4755 acceperant

2261 4811 2438 4849 omnes
2469 4792 2733 4863 principes
2767 4787 3100 4843 sacerdotum
3131 4792 3181 4839 et
3203 4766 3633 4848 seniores'plebis
3660 4779 3838 4831 adrer-

2262 4905 2352 4943 sus
2378 4887 2586 4948 Iesum,
2619 4892 2675 4937 ut
2704 4898 2821 4936 cum
2856 4879 3012 4933 morti
3045 4875 3311 4930 traderent
3336 4889 3356 4938 ;
3393 4881 3444 4926 et
3473 4872 3711 4926 uinctum
3730 4882 3836 4921 eum

2264 4979 2603 5033 adduxerunt
2632 4983 2680 5028 et
2723 4970 3055 5025 tradiderunt
3096 4965 3292 5020 Pontio
3323 4964 3504 5017 Pilato
3538 4957 3834 5031 prtesidi”.

2263 5069 2368 5137 Qui
2402 5068 2458 5122 in
2493 5064 2732 5129 tenebris
2764 5073 2817 5117 et
2841 5068 3001 5116 nocte
3019 5055 3266 5121 otfendit,
3299 5053 3458 5109 venia
3489 5053 3694 5121 dignus
3724 5058 3836 5109 est;

2264 5162 2358 5233 qui
2391 5169 2571 5215 autem
2608 5157 2661 5209 in
2700 5155 2788 5210 die
2830 5153 2978 5208 clara
3028 5147 3289 5212 oﬂ‘endit,
3346 5159 3631 5214 nunquam
3676 5147 3836 5211 potest

2262 5253 2483 5321 culpare
2563 5261 2802 5301 errorem
2854 5241 3011 5313 quasi
3058 5238 3423 5293 continentem
3474 5249 3564 5298 se,
3614 5230 3839 5286 maxime

2260 5342 2481 5415 quando
2530 5339 2738 5393 habens
2786 5337 2839 5416 i.n
2890 5349 2950 5389 se
2998 5333 3278 5387 lucernam
3321 5326 3571 5396 corporis
3600 5321 3836 5383 offendit.

2262 5437 2358 5493 sed
2381 5430 2833 5490 incontinentiam
2856 5442 3035 5482 suam.
3052 5424 3168 5479 Hoc
3192 5432 3374 5477 autem
3400 5418 3643 5473 diximus
3667 5425 3837 5470 esten.

2261 5530 2451 5586 dentes
2483 5523 2762 5597 ,quoniam
2809 5520 3016 5575 Christi
3050 5516 3271 5587 quidem
3320 5510 3575 5582 discipuli
3606 5511 3659 5563 in
3689 5516 3835 5561 nocte

2262 5621 2726 5683 scandalizantur,
2763 5614 3060 5672 secundum
3095 5610 3241 5680 quod
3266 5602 3531 5662 Dominus
3562 5604 3681 5674 ejus
3707 5614 3831 5671 pra:-

2261 5716 2392 5772 dicit
2419 5734 2435 5771 :
2474 5715 2667 5770 Omnes
2700 5728 2787 5765 vos
2818 5708 3130 5764 scandalum
3164 5702 3440 5775 patiemini
3468 5700 3627 5753 inme
3656 5697 3709 5749 in
3736 5694 3830 5746 hac

3250 5861 3297 5893 ⁷⁸
3338 5859 3498 5915 llebr.
3538 5872 3624 5922 Vl,
3670 5854 3736 5918 ι,
3774 5851 3825 5907 6.

3237 5931 3285 5963 ⁸ο
3322 5930 3467 5985 Psal.
3502 5942 3741 5992 cxxxiii,
3771 5923 3821 5978 1.

2407 6016 2452 6048 ⁸⁸
2490 6030 2564 6068 \‘ll
2616 6012 2705 6065 57.
2732 6010 2819 6065 58.
2897 6008 2944 6041 ⁸⁸
2982 6005 3173 6060 Matth.
3210 6018 3390 6070 xxvii,
3428 6001 3557 6071 1,2.

2574 5871 2621 5903 ⁷⁸
2661 5869 2824 5924 Rom.
2885 5880 3025 5931 xui,
3064 5862 3151 5920 12.
