4004 6552
186 514 217 570 ί
230 514 340 572 765

175 724 355 795 gavit.
398 724 501 791 Qui
534 737 713 783 autem
739 733 1028 789 consilium
1065 737 1339 806 accipiunt
1362 751 1547 797 contra
1578 742 1765 801 Jesum

178 830 384 873 omnes
419 819 688 891 principes
721 836 774 878 et
812 826 1054 882 seniores
1089 830 1261 899 plebis
1292 848 1451 889 mane
1495 834 1640 891 facto
1662 878 1676 904 ,
1713 839 1765 894 in

177 907 399 966 lumine
440 923 703 981 peccant,
756 916 807 969 id
859 927 943 973 est
971 920 1239 986 scientes,
1294 926 1592 981 secundum
1623 932 1768 999 quod

178 1002 455 1072 scriptum
504 1016 589 1060 est
634 1007 701 1062 de
732 1009 837 1064 hoc
866 1012 1131 1081 consilio,
1180 1017 1439 1085 quoniam
1494 1024 1764 1080 consiliati

178 1101 320 1146 sunt
352 1107 420 1147 ex
452 1108 725 1151 consensu
774 1098 829 1152 in
874 1115 1042 1155 unum
1065 1141 1079 1166 ,
1132 1104 1274 1159 sicut
1304 1108 1566 1178 scriptum
1598 1123 1681 1168 est
1709 1114 1763 1169 in

174 1180 422 1238 Psalmis
453 1184 532 1252 ⁸⁷,
573 1194 631 1239 ιιι
662 1189 825 1242 morti
868 1192 1476 1266 traderent-Chrismm,
1510 1211 1764 1271 putantes

174 1289 285 1343 per
331 1284 558 1332 mortem
607 1281 955 1353 exstinguere
1002 1287 1120 1357 ejus
1169 1290 1474 1349 doctrinam
1509 1307 1561 1351 et
1603 1296 1761 1353 iidem

173 1365 308 1436 ejus
341 1369 483 1437 apud
529 1385 626 1425 eos
671 1374 763 1442 qui
793 1376 1139 1435 crediderunt
1168 1381 1219 1436 in
1248 1398 1373 1439 eum
1404 1389 1560 1457 quasi
1587 1388 1641 1443 in
1668 1389 1760 1445 Fi-

174 1458 319 1514 lium
368 1460 483 1516 Dei.
547 1462 698 1520 Talia
752 1476 934 1523 autem
988 1483 1176 1529 contra
1230 1492 1356 1532 eum
1412 1482 1761 1539 consiliantes

174 1551 458 1622 principes
503 1556 731 1612 culturae
785 1560 978 1618 littera:
1038 1566 1372 1636 occidentis,
1428 1582 1482 1627 et
1520 1575 1758 1631 ministri

172 1643 554 1703 damnationis
604 1652 878 1718 seniores,
915 1656 1276 1728 alligaverunt
1319 1660 1505 1719 Jesum
1539 1669 1757 1723 solven-

180 1742 299 1788 tem
336 1751 367 1789 a
414 1738 644 1795 ‘vinculis
679 1750 732 1796 et
761 1742 1032 1801 dicentem
1081 1748 1162 1806 eis
1195 1752 1287 1818 qui
1316 1763 1443 1809 sunt
1478 1755 1534 1810 in
1569 1757 1757 1813 vincu-

173 1828 248 1882 lis
288 1846 300 1880 :
338 1828 496 1884 Exite
525 1831 607 1899 ⁸⁸;
657 1841 712 1887 et
744 1838 1082 1907 compeditos
1116 1842 1450 1910 solventem,
1484 1857 1647 1919 atque
1670 1850 1755 1905 di-

174 1931 396 1977 centem
445 1942 458 1978 :
504 1925 879 1997 Dirumpamus
927 1934 1137 1988 vincula
1167 1953 1345 1991 eorum
1379 1941 1460 2007 8’;
1491 1952 1546 1998 et
1573 1945 1665 2015 qui
1692 1946 1754 2000 ii-

1328 508 1992 595 coimeuramonuu
2025 538 2289 599 SERIES.

180 644 345 688 nocte
373 634 440 701 ⁸³,
471 644 524 691 et
556 637 682 708 quia
716 638 910 696 Petrus
937 652 1062 699 ante
1084 645 1208 717 galli
1240 658 1458 704 cantum
1493 660 1575 705 ter
1608 656 1772 709 denc—
1802 664 1844 719 Α

3314 563 3454 620 17ιῖῢ

1952 660 2068 717 117.
2126 664 2269 720 Tunc
2315 668 2492 725 videns
2527 669 2703 729 ludas
2745 677 2835 747 qui
2881 694 3000 732 eum
3042 682 3287 749 tradidit,
3321 702 3454 756 quo-

1872 754 2014 807 niam
2057 755 2345 814 damnatus
2388 772 2494 830 est,
2545 768 2850 834 paenitentia
2892 769 3079 825 ductus
3125 776 3303 830 retulit
3333 754 3448 832 tri-

1869 844 2019 913 ginta
2061 858 2333 916 argenteos
2384 853 2711 923 principibus
2753 862 3086 914 sacerdotum
3128 874 3179 917 et
3221 866 3448 922 seniori-

1869 931 1984 999 bus,
2024 935 2201 992 dicens
2238 956 2257 992 :
2308 941 2527 998 Peccavi
2580 945 2718 1014 quod
2766 950 3079 1004 tradiderim
3137 957 3448 1025 sanguinem

1861 1025 2095 1093 justum.
2127 1034 2194 1082 At
2228 1032 2310 1086 illi
2337 1035 2585 1089 dixerunt
2618 1053 2635 1090 :
2671 1037 2813 1103 Quid
2851 1041 2921 1094 ad
2946 1044 3085 1097 nos?
3126 1043 3203 1098 Tu
3233 1046 3443 1102 videris.

1875 1112 1943 1167 Et
1984 1117 2232 1186 projectis
2277 1126 2540 1193 argenteis
2587 1127 2639 1178 in
2675 1128 2885 1197 templo,
2924 1134 3156 1199 recessit,
3187 1144 3236 1187 et
3269 1137 3446 1189 abiens

1864 1205 2047 1277 laqueo
2100 1227 2154 1263 se
2207 1215 2497 1281 suspendit.
2556 1215 2830 1287 Principes
2885 1233 3060 1276 autem
3112 1227 3444 1281 sacerdotum

1865 1300 2090 1370 acceptis
2137 1305 2397 1372 argenteis
2436 1305 2679 1359 dixerunt
2723 1325 2741 1362 .'
2783 1309 2904 1364 Non
2945 1312 3065 1368 licet
3104 1317 3310 1372 mittere
3356 1336 3443 1374 eos

1862 1389 1916 1442 in
1977 1391 2298 1462 carbonum,
2354 1401 2481 1468 quia
2536 1405 2764 1471 pretium
2816 1408 3087 1477 sanguinis
3143 1419 3243 1465 est.
3304 1410 3444 1466 Con-

1861 1478 1982 1533 silio
2010 1491 2187 1537 autem
2238 1497 2449 1556 accepto
2497 1491 2637 1546 inter
2668 1511 2742 1559 se,
2783 1506 3019 1550 emerunt
3054 1514 3241 1569 agrum
3286 1501 3441 1573 ﬁguli

1861 1570 1915 1623 in
1963 1576 2288 1642 sepulturam
2331 1583 2741 1651 peregrinorum.
2811 1586 3032 1658 Propter
3074 1590 3172 1644 hoc
3223 1570 3438 1648 vocatus

1858 1676 1937 1719 est
1989 1683 2112 1736 ager
2172 1670 2295 1733 ille,
2358 1673 2766 1741 Acheldemach,
2812 1682 2952 1749 quod
3011 1692 3089 1735 est
3147 1700 3274 1754 ager
3309 1702 3437 1740 san-

1858 1758 2056 1826 guinis,
2112 1778 2275 1832 usque
2326 1765 2380 1817 in
2426 1766 2734 1822 hodiernum
2774 1770 2927 1826 diem.
2989 1771 3133 1827 Tunc
3164 1775 3436 1844 impletum

1856 1859 1930 1899 est
1959 1850 2097 1916 quod
2124 1850 2327 1905 dictant
2356 1864 2433 1907 est
2470 1872 2562 1925 per
2585 1855 2874 1912 Jeremiunt
2909 1861 3219 1930 prophetam
3254 1864 3434 1918 dicen-

1860 1950 1961 1993 tem
2008 1959 2026 1996 :
2071 1941 2140 1996 Et
2185 1957 2499 2015 acceperunt
2551 1951 2771 2019 triginta
2838 1962 3146 2022 argenteos,
3201 1957 3431 2024 pretium

172 2011 311 2067 liam
337 2014 566 2071 Abrahae
596 2019 868 2089 alligatam
900 2038 929 2077 a
959 2024 1160 2080 Satana
1209 2028 1395 2085 decem
1422 2043 1476 2088 et
1498 2011 1622 2092 octe
1652 2054 1743 2093 an-
1790 2016 1830 2070 Β
1856 2037 2175 2104 appretiali,
2216 2011 2357 2109 quad
2395 2011 2821 2111 αρρνειὶἆιοεηιηι
2867 2011 3072 2114 avﬁliis
3121 2011 3324 2116 Israel,
3378 2059 3428 2103 et

174 2104 265 2158 nis
297 2119 327 2158 a
352 2106 581 2163 vinculis
616 2111 850 2168 solverat
873 2115 940 2179 ’°,
978 2117 1164 2186 utjam
1191 2135 1533 2194 nequaquam
1568 2129 1640 2183 sit
1667 2130 1751 2193 in,-

170 2192 378 2248 clinata
405 2236 421 2262 ,
455 2212 578 2267 qua
606 2214 714 2253 non
747 2212 957 2271 poterat
1003 2223 1221 2264 sursum
1269 2192 1512 2283 aspicere
1552 2220 1702 2288 prius
1735 2241 1749 2276 :

169 2296 226 2342 et
255 2288 617 2361 alligaverunt
643 2310 766 2350 eum
798 2298 1065 2355 volentem
1088 2341 1103 2365 ,
1131 2312 1186 2358 et
1214 2305 1267 2377 in
1293 2323 1359 2362 eo
1385 2311 1530 2379 quod
1566 2314 1753 2385 alliga-

174 2391 331 2437 retur
374 2385 606 2440 vinculis
657 2389 790 2457 ipsis
841 2391 1068 2448 insidias
1090 2396 1512 2468 dirumpentem‘,
1552 2416 1608 2458 ut
1633 2406 1746 2476 jam

172 2489 289 2528 non
320 2475 551 2533 habeant
591 2481 862 2551 principes
908 2487 1251 2544 sacerdotum
1285 2501 1337 2547 et
1378 2496 1622 2554 seniores
1642 2475 1747 2553 Ju-

168 2566 420 2625 daaorum
450 2571 713 2643 adversus
740 2574 989 2634 homines
1020 2582 1231 2639 vincula
1251 2626 1266 2652 ,
1320 2585 1547 2645 Domino
1567 2606 1629 2645 ea
1661 2593 1745 2647 vi-

168 2656 371 2715 delicet
391 2657 734 2734 diruinpente
762 2669 816 2722 in
842 2686 920 2726 se.
963 2673 1018 2728 Si
1050 2677 1174 2745 quis
1201 2689 1381 2734 autem
1410 2683 1578 2753 exigit
1602 2700 1631 2738 a
1660 2700 1746 2754 me

169 2749 515 2822 Scripturam
541 2756 656 2813 haec
680 2758 747 2815 de
776 2760 1183 2834 disrumpendis
1210 2770 1441 2828 vinculis
1462 2749 1745 2831 ostenden-

166 2850 278 2896 tcm
301 2884 316 2910 ,
346 2844 545 2914 quibus
585 2848 943 2921 alligaverunt
970 2853 1153 2911 Jesum
1180 2860 1456 2931 principes
1491 2866 1744 2921 sacerdo-

149 2946 285 2988 ‘tum
320 2944 374 2991 et
404 2940 665 3006 seniores,
699 2943 963 3017 intelligat
997 2948 1140 3017 quod
1173 2961 1392 3021 propter
1421 2955 1597 3023 ipsum
1635 2957 1741 3014 hoc

162 3025 303 3082 dicit
352 3028 469 3099 ipse
508 3030 671 3089 Jesus
722 3052 818 3106 per
860 3037 1185 3109 Prophetam
1216 3045 1260 3075 ⁰¹
1311 3062 1324 3097 :
1361 3044 1738 3117 Dirumpamus

163 3117 377 3171 vincula
400 3137 599 3189 eorum,
630 3134 888 3196 tanquam
923 3129 968 3183 si
996 3129 1162 3195 dicat,
1192 3131 1522 3202 principum,
1553 3150 1737 3190 sacer-

161 3208 354 3264 dotum
382 3220 435 3265 et
463 3215 757 3283 seniorum,
789 3227 883 3272 aut
908 3220 1078 3275 multo
1109 3223 1281 3292 magis
1314 3238 1505 3278 eorum
1536 3226 1739 3295 princi-

163 3313 296 3366 pum
331 3303 424 3371 qui
455 3312 585 3359 suut
631 3308 839 3376 operati
892 3310 945 3363 in
989 3311 1101 3375 eis,
1137 3321 1189 3366 et
1215 3328 1402 3384 regum
1434 3324 1589 3371 terra:
1619 3318 1738 3372 illo-

162 3407 288 3446 rum
317 3395 410 3463 qui
445 3397 748 3463 astiterunt,
769 3410 823 3454 et
845 3401 1152 3473 principum
1185 3405 1279 3474 qui
1308 3420 1653 3461 convenerunt
1681 3410 1737 3463 in

161 3502 329 3541 unum
392 3490 642 3545 adversus
690 3492 1015 3561 Dominum,
1069 3505 1119 3551 et
1167 3498 1414 3552 adversus
1467 3498 1737 3555 Christum

160 3580 311 3649 ejus,
343 3597 576 3651 quorum
606 3592 661 3638 et
676 3585 867 3656 jugum
893 3589 1240 3657 projiciamus
1273 3609 1303 3644 a
1331 3592 1479 3646 nobis
1507 3595 1575 3646 θ’.
1625 3594 1737 3649 Ad-

160 3672 271 3726 lzuc
320 3683 501 3728 autem
549 3677 786 3746 amplius
822 3686 872 3733 te
910 3680 1146 3748 placabit
1197 3691 1253 3736 ut
1302 3684 1571 3753 suscipias
1604 3700 1737 3754 quo-

159 3763 310 3817 niam
360 3765 464 3819 etsi
505 3766 790 3838 alligantes
836 3767 1021 3824 Jesum
1054 3771 1384 3827 induxerunt
1417 3775 1509 3843 qui
1547 3776 1733 3831 consi-

156 3854 294 3909 lium
336 3855 583 3913 fecerunt
628 3859 890 3916 adversus
921 3878 1067 3931 eum,
1104 3873 1283 3919 tamen
1334 3866 1537 3937 dirupit
1574 3866 1733 3926 .lcsus

156 3948 375 4003 vincula
405 3967 417 4003 :
454 3951 499 4004 si
536 3951 869 4009 intellexeris
913 3971 1035 4025 quae
1083 3959 1282 4028 scripta
1330 3970 1457 4013 sunt
1485 3962 1552 4015 de
1576 3960 1732 4016 Sam-

153 4060 293 4100 sone
319 4044 388 4111 ⁹³,
418 4046 510 4116 qui
541 4045 858 4117 frequenter
889 4048 992 4105 fuit
1034 4052 1252 4123 ligatus,
1287 4063 1339 4106 et
1368 4053 1573 4124 dirupit
1602 4056 1731 4111 alie-

154 4135 478 4207 nigenarum
522 4137 759 4207 vincula,
804 4142 1063 4210 quoniam
1095 4142 1386 4201 Nazarteus
1434 4144 1609 4201 fuerat
1633 4147 1728 4203 Dei

150 4240 204 4284 et
251 4230 490 4285 habebat
529 4246 741 4287 comam
795 4234 1004 4303 plenam
1053 4238 1288 4294 virtutis.
1361 4239 1418 4293 Si
1465 4256 1595 4312 ergo
1639 4242 1729 4299 ille

150 4327 375 4389 propter
425 4335 594 4375 coma:
635 4322 889 4378 virtutem
941 4341 1105 4395 quam
1164 4328 1398 4383 habebat
1442 4329 1498 4384 in
1530 4331 1726 4401 capite,

149 4412 332 4479 potuit
360 4427 614 4483 rumpere
638 4413 853 4469 vincula
882 4414 1310 4486 alienigenarum
1332 4461 1347 4487 ,
1379 4420 1578 4489 quibus
1607 4422 1727 4475 alli-

150 4511 413 4568 gaverant
452 4520 576 4559 eum
630 4505 941 4576 frequenter
966 4547 982 4573 ,
1015 4517 1222 4576 quanto
1255 4510 1426 4580 magis
1451 4511 1724 4580 Christus,

149 4594 244 4662 qui
276 4604 399 4664 post
446 4605 593 4651 tanta
639 4598 883 4668 prodigia
917 4607 971 4652 et
997 4600 1226 4654 virtutes
1254 4615 1391 4671 quas
1423 4600 1585 4666 fecit,
1623 4617 1722 4657 vo—

1853 2126 2106 2182 dederunt
2149 2146 2235 2183 eos
2275 2132 2329 2183 in
2368 2149 2557 2202 agrum
2585 2134 2759 2203 ﬁguli,
2808 2136 2947 2190 sicut
2987 2140 3260 2194 constituit
3284 2128 3427 2221 mihi

1854 2215 2112 2272 Dominus
2137 2221 2205 2277 ³³⁸.
2236 2214 2623 2292 Respondeant
2652 2228 2783 2282 mihi
2813 2229 2906 2298 qui
2933 2229 3001 2283 de
3020 2231 3245 2289 ,naturis
3271 2214 3430 2300 quas-

1850 2311 1973 2363 dam
2023 2310 2235 2369 fabulas
2282 2307 2659 2383 introducunt,
2712 2306 3095 2378 existimantes
3140 2338 3203 2378 se
3244 2324 3426 2394 dicere

1849 2416 1999 2467 vera,
2031 2412 2086 2458 et
2123 2420 2230 2459 non
2263 2416 2660 2481 cognoscentes
2686 2411 2830 2481 quod
2870 2427 3059 2468 eorum
3090 2415 3274 2482 opinio
3314 2410 3421 2469 ini.-

1849 2495 2110 2564 quitatem
2124 2497 2399 2556 Creatoris
2416 2513 2656 2568 accusat,
2680 2504 2772 2573 qui
2799 2503 3183 2575 fecitquaedam
3205 2506 3421 2576 quidem

1848 2602 1979 2642 vasa
2038 2588 2091 2643 in
2138 2590 2428 2655 honorem,
2474 2609 2583 2647 non
2627 2610 2694 2650 ex
2742 2612 2908 2652 causa
2960 2598 3178 2654 virtutis
3228 2613 3420 2653 eorum

1846 2680 2098 2736 ducentia
2140 2698 2237 2738 eos
2275 2685 2343 2739 ad
2373 2685 2667 2753 honorem;
2701 2689 3165 2758 qumdamautem
3207 2691 3259 2746 in
3289 2706 3423 2746 con-

1846 2774 2160 2839 tumeliam,
2211 2792 2318 2829 non
2372 2788 2590 2847 propter
2651 2789 2872 2847 peccata
2921 2796 3113 2836 eorum
3163 2782 3418 2837 ducentia

1842 2880 1936 2921 eos
1983 2867 2053 2919 ad
2099 2868 2506 2923 contumeliam.
2572 2869 2627 2923 Si
2678 2872 2823 2926 enim
2882 2874 3161 2942 perdibilis
3208 2884 3419 2929 natura:

1841 2965 1959 3011 erat
1987 2955 2188 3028 jJudas,
2235 2960 2507 3027 quomodo
2560 2962 2933 3029 ptenitcntiam
2981 2972 3187 3018 tantam
3231 2980 3418 3019 susce.

1841 3046 1938 3114 pit,
1967 3056 2023 3100 ut
2050 3062 2157 3100 non
2199 3047 2509 3103 vinceretur
2547 3050 2842 3119 cupiditate
2882 3052 3098 3121 triginta
3131 3062 3417 3122 argenteo-

1840 3152 1983 3200 rum,
2039 3147 2257 3206 pr0pter
2305 3154 2470 3208 quam
2525 3139 2748 3210 impiam
2804 3142 3126 3211 proditionis
3172 3145 3414 3214 suscepit

1839 3228 2162 3283 audaciam?
2225 3228 2283 3283 Si
2338 3230 2481 3284 enim
2535 3231 2602 3284 ad
2652 3232 3411 3301 prOprietatem‘naturarum

1839 3319 2080 3375 referunt
2112 3322 2256 3391 quod
2286 3331 2370 3377 est
2395 3322 2600 3378 dictum
2626 3324 2672 3356 ⁹⁶
2697 3340 2709 3375 :
2743 3323 2866 3378 Non
2887 3333 3057 3394 potest
3087 3326 3246 3380 arbor
3270 3327 3413 3381 mala

1840 3411 2001 3467 bonos
2046 3413 2253 3482 fructus
2286 3414 2523 3484 proferre
2546 3453 2561 3478 ,
2592 3414 2793 3481 dicant,
2835 3415 2940 3470 nisi
2974 3416 3265 3471 bonitatem
3311 3418 3413 3472 ali-

1837 3518 2001 3572 quam
2044 3504 2213 3574 spiret
2252 3523 2265 3558 :
2300 3513 2353 3559 et
2399 3505 2447 3560 si
2494 3520 2602 3558 non
2637 3504 2893 3575 perfecte,
2929 3522 3105 3576 neque
3136 3507 3279 3563 sicut
3318 3508 3411 3563 dc-

1836 3594 1953 3649 buit
1993 3610 2289 3651 conversus
2327 3595 2452 3651 fecit
2477 3595 2646 3652 Judas
2679 3597 2782 3652 hoc
2827 3598 3005 3667 ipsum
3041 3600 3187 3669 quod
3228 3601 3410 3656 retulit

1836 3686 2053 3756 triginta
2080 3696 2385 3758 argenteos,
2412 3689 2552 3742 unde
2574 3697 2657 3742 est
2678 3697 2732 3742 et
2753 3689 2898 3756 quod
2921 3689 3052 3743 dicit
3071 3706 3410 3760 cognoscens

1831 3776 1994 3847 915
2028 3785 2306 3846 peccatum
2337 3791 2496 3829 suum
2530 3791 2543 3826 :
2589 3774 2809 3829 Peccavi
2844 3778 3057 3831 tradens
3081 3780 3394 3848 sanguinem

1824 3868 2032 3936 justum
2070 3868 2144 3933 ’7;
2200 3866 2307 3921 nisi
2330 3881 2396 3921 ex
2428 3865 2569 3920 bona
2614 3865 2947 3933 plantatione
2996 3869 3232 3935 mentis,
3260 3880 3313 3924 et
3339 3886 3404 3924 ex

1832 3959 2191 4013 scminatione
2217 3957 2435 4025 virtutis
2467 3971 2588 4027 qua:
2625 3956 2892 4011 seminata
2933 3968 3015 4013 est
3044 3959 3098 4012 in
3127 3962 3274 4014 omni
3311 3977 3404 4015 ra-

1831 4051 2077 4105 tionabili
2103 4051 2306 4115 anima,
2337 4065 2499 4121 quam
2520 4063 2627 4103 non
2651 4050 2816 4103 coluit
2841 4047 3034 4117 Judas,
3065 4060 3119 4106 et
3162 4053 3283 4107 ideo
3314 4070 3407 4109 ce-

1829 4142 1959 4197 cidit
1988 4142 2041 4196 in
2073 4143 2178 4198 tale
2204 4151 2508 4212 peccatum.
2548 4140 2602 4195 Si
2635 4149 2816 4196 autem
2865 4151 3075 4197 natura:
3126 4147 3406 4214 pereuntis

1828 4238 1913 4286 est
1943 4231 2142 4301 aliquis
2188 4231 2495 4294 hominum.
2529 4233 2648 4288 sine
2680 4232 2848 4287 dubio
2879 4234 3053 4304 magis
3086 4234 3401 4304 hujusmodi

1827 4334 2035 4380 natura:
2076 4325 2352 4394 pereuntis
2410 4324 2508 4378 fuit
2539 4334 2593 4379 et
2631 4324 2821 4379 Judas.
2866 4323 3022 4390 Quod
3074 4327 3193 4382 sine
3234 4329 3402 4384 dubio

1826 4415 1997 4472 fuisse
2024 4416 2329 4480 videretur,
2365 4417 2409 4472 si
2443 4418 2665 4473 tradens
2700 4418 3273 4490 sanguinemjustum,
3307 4430 3402 4477 aut

1826 4525 1936 4563 non
1993 4508 2267 4564 retulisset
2317 4510 2580 4579 pecunias
2618 4511 3023 4567 condeleetatus
3060 4512 3113 4565 in
3157 4512 3259 4578 eis,
3308 4524 3402 4568 aut

1825 4600 2078 4657 auferens
2105 4617 2213 4656 non
2240 4602 2491 4668 dixisset,
2524 4603 2648 4672 quia
2678 4606 2885 4673 peccavi
2917 4604 3131 4659 tradens
3176 4606 3398 4676 sangui—

147 4687 268 4744 lens
298 4690 517 4746 tradidit
564 4707 624 4747 se
653 4692 719 4747 ad
755 4693 1002 4759 vincula,
1038 4708 1304 4763 soporans
1348 4693 1403 4747 in
1438 4708 1497 4749 se
1523 4694 1721 4749 divini-
1755 4694 1798 4749 D
1827 4712 1945 4750 nem
1994 4696 2227 4765 justum.
2287 4696 2348 4749 Et
2407 4696 2452 4751 si
2497 4696 2718 4771 quidem
2773 4706 2896 4766 post
2942 4698 3398 4753 resurrectionem

150 4786 278 4839 tatis
306 4785 557 4839 virtutem
612 4793 665 4841 et
710 4789 1063 4858 acquiescens
1116 4797 1174 4843 ut
1221 4789 1567 4860 alligaretur,
1604 4790 1723 4845 sine

145 4877 313 4934 dubio
355 4879 562 4950 dirupit
606 4880 820 4935 vincula
872 4880 1266 4936 circumdantia
1312 4880 1410 4936 se?
1474 4879 1721 4947 Quorum

144 4972 494 5027 vinculorum
524 4974 780 5044 mysteria
810 4974 1026 5030 vincula
1055 4973 1338 5029 Samsonis
1368 4972 1611 5028 fuerunt.

214 5065 343 5121 116.
387 5066 457 5120 Et
481 5067 815 5122 tradiderunt
841 5083 958 5121 eum
988 5066 1183 5120 Pontio
1215 5065 1396 5119 Pilato
1421 5065 1486 5121 ³⁵.
1521 5064 1715 5121 Utrum

143 5169 324 5214 autem
354 5161 517 5214 etiam
544 5159 769 5214 nomina
800 5167 1029 5227 utraque
1059 5157 1309 5227 praesidis
1335 5156 1570 5211 habeant
1613 5157 1715 5211 ali—

142 5269 309 5320 quam
340 5253 606 5309 rationem
637 5251 1046 5308 convenientem
1074 5248 1467 5318 dispensationi
1500 5247 1716 5304 Domini

144 5345 464 5413 Salvatoris,
499 5361 607 5401 non
636 5346 794 5400 facile
821 5353 905 5400 est
933 5343 1328 5429 sententialiter
1359 5342 1708 5411 respondere.

140 5433 401 5492 Potcrunt
435 5439 580 5492 enim
612 5436 847 5507 aliquem
893 5450 1111 5490 movere
1143 5432 1465 5504 principalia
1491 5448 1557 5488 ex
1587 5432 1711 5503 qui—

142 5527 242 5585 bus
272 5529 388 5585 hmc
415 5529 680 5585 voeabula
713 5529 1081 5593 deducuntur,
1115 5526 1345 5582 Pontius
1396 5535 1451 5582 et
1478 5524 1705 5581 Pilatus.

142 5617 337 5676 Utrum
370 5630 550 5677 autem
588 5622 728 5677 bene
767 5622 892 5691 quis
939 5628 1242 5684 moveatur,
1290 5633 1493 5686 annon,
1539 5633 1710 5675 unus-

140 5713 370 5785 quisque
397 5715 702 5786 potentium
732 5713 1082 5769 considerare
1135 5720 1449 5783 cognoscat.

1824 4790 2031 4845 Christi
2050 4804 2118 4843 ex
2152 4789 2381 4865 mortuis
2419 4790 2643 4844 dixisset
2668 4788 2837 4845 Judas
2878 4806 3000 4860 qua:
3039 4791 3206 4855 dixit,
3232 4789 3397 4846 forsi-

1824 4892 1914 4937 tan
1949 4882 2317 4938 verisimiliter
2354 4890 2472 4936 erat
2504 4881 2825 4945 dicendum,
2850 4884 3111 4951 quoniam
3135 4883 3399 4953 compulit

1821 4990 1946 5030 eum
1974 4974 2238 5045 poenitere
2270 4974 2335 5028 de
2368 4973 2534 5039 facto,
2570 4982 2624 5028 et
2647 4973 2893 5028 conﬁteri
2915 4973 2981 5027 de
3012 4988 3114 5027 suo
3137 4983 3392 5043 peccato,

1822 5064 1939 5134 ipsa
1965 5065 2139 5119 virtus
2181 5064 2601 5119 resurrectionis
2654 5064 2845 5132 ipsius.
2876 5062 3032 5117 Nunc
3062 5071 3240 5115 autem
3269 5077 3393 5114 mox

1824 5163 1882 5210 ut
1907 5155 2042 5210 vidit
2072 5170 2197 5209 eum
2233 5154 2489 5209 traditum
2515 5168 2636 5209 esse
2666 5153 2860 5220 Pilato,
2892 5160 3252 5222 compunctus
3282 5167 3394 5221 pue-

1821 5248 1985 5302 nituit
2015 5267 2029 5303 :
2062 5247 2291 5302 forsitan
2353 5257 2535 5301 autem
2584 5255 2637 5302 et
2676 5244 2995 5301 recordatus
3025 5259 3088 5298 ea
3120 5259 3241 5313 quae
3280 5242 3391 5298 fre-

1822 5346 2048 5408 quenter
2067 5336 2230 5392 Jesus
2245 5337 2461 5391 dixerat
2474 5336 2758 5406 discipulis
2777 5334 2892 5390 suis
2905 5334 2970 5389 de
2995 5332 3391 5388 resurrectione

1819 5446 1918 5487 sua
1948 5428 2150 5484 futura.
2186 5427 2387 5484 Videns
2415 5429 2579 5499 igitur
2611 5426 2780 5483 ludas
2806 5425 3233 5497 magnitudinem
3260 5423 3364 5478 faei

1818 5524 1971 5579 noris
1992 5525 2098 5587 sui,
2129 5523 2382 5592 paenituit
2413 5522 2656 5591 quidem,
2687 5529 2741 5576 et
2771 5520 2990 5575 loeutus
3015 5534 3082 5573 ex
3119 5518 3391 5588 paeniten-

1816 5619 1889 5674 tia
1915 5615 2117 5683 cordis,
2159 5613 2443 5671 confessus
2462 5622 2548 5669 est
2580 5622 2863 5684 peccatum
2884 5627 3044 5668 suum
3065 5626 3132 5667 ex
3154 5626 3220 5665 eo
3243 5610 3389 5680 quod

1815 5709 2096 5768 tradiderit
2136 5708 2455 5779 sanguinem
2472 5707 2726 5777 justum;
2762 5721 2871 5761 non
2904 5712 3087 5760 autem
3111 5712 3165 5759 et
3193 5717 3390 5759 secun—
3442 5752 3445 5757 ,

192 5834 239 5866 ⁸⁸
275 5831 461 5889 Matth.
504 5842 652 5899 xxvi,
679 5834 767 5887 '51.
845 5832 890 5864 ⁸⁷
928 5832 1071 5887 Psal.
1114 5844 1187 5896 ιι,
1218 5829 1273 5884 2.
1345 5829 1391 5862 ⁸⁸
1429 5829 1532 5885 lsa.
1562 5845 1721 5897 χιιι,

1890 5829 1935 5862 θ’
1964 5826 2120 5899 Psal.
2148 5841 2220 5892 ιι,
2255 5825 2307 5879 5.
2385 5821 2603 5899 "utine.
2651 5837 2781 5899 sui,
2810 5818 3022 5899 iam"
3063 5814 3387 5899 Psal:_lt,_§.

1105 5902 1151 5933 ’³
1188 5899 1376 5957 Matth.
1414 5916 1595 5970 xxvii,
1635 5903 1690 5956 2.

137 5902 180 5933 ν’
206 5905 333 5959 ibid.
365 5906 435 5971 2,
464 5906 517 5959 5.
632 5905 678 5939 υ
709 5903 886 5961 Judic.
916 5918 992 5957 χι.

136 5988 304 6043 xxv",
337 5977 391 6030 4.

1787 5901 1832 5935 ⁸⁵
1867 5898 1999 5956 ibid.
2048 5898 2082 5953 5
2116 5906 2171 5953 et
2207 5889 2366 5968 Seqq.
2442 5890 2719 5950 "Matth.
2766 5907 2865 5959 vu,
2909 5889 2999 5946 l8.

3095 5888 3140 5922 ’7
3192 5874 3387 5941 Matth.
