4004 6588
630 528 775 587 1767

1800 516 2127 578 ORIGENIS
2163 515 2233 573 1N
2264 514 2679 575 MATTHEUM
3715 529 3806 590 ms

626 648 756 704 dum
817 644 1101 705 scientiam
1144 643 1433 716 paenituit,
1489 642 1635 699 sicut
1676 641 1865 698 debuit
1923 641 2212 713 poenitere.
2245 644 2288 702 Α
2322 639 2546 696 tentiam
2568 641 2623 696 in
2642 639 2873 697 salutem
2892 640 3144 698 stabilem
3172 651 3456 714 operatur;
3480 644 3565 702 sed
3590 657 3807 722 postquam

626 737 977 795 Existimavit
1028 737 1174 794 enim
1226 734 1525 807 praevenire
1558 733 1615 789 in
1658 741 1836 788 morte
1887 733 2216 788 moriturum

2328 734 2573 805 suscepit
2608 733 2927 805 hujusmodi
2961 733 3264 803 tristitiam,
3313 739 3555 810 apposuit
3582 739 3741 798 iterum
3768 761 3809 801 se

625 832 984 904 Magistrum,
1031 839 1088 886 et
1142 844 1433 885 occurrere
1486 828 1536 883 ei
1563 843 1688 883 cum
1721 826 1907 883 anima
1940 826 2086 881 nuda
2112 861 2130 888 ,
2160 833 2220 881 ut
2317 826 2368 883 ei
2401 828 2674 892 diabolus,
2709 829 2899 885 volens
2921 828 3096 899 ipsam
3134 830 3411 887 tristitiam
3447 833 3559 905 ejus
3580 850 3811 906 supramo—

625 923 931 990 conﬁtens,
995 922 1334 993 deprecans,
1395 919 1826 975 misericordiam
1890 924 2214 972 mereretur.

625 1015 854 1086 Propter
898 1016 1044 1085 quod
1091 1015 1208 1085 ipse
1249 1028 1308 1070 se
1349 1012 1636 1084 judicavit,
1666 1021 1720 1067 et
1747 1010 2136 1066 condemnavit
2160 1008 2214 1063 in

624 1124 692 1164 eo
716 1109 861 1180 quod
893 1109 1072 1164 sciens
1094 1107 1360 1178 peccavit,
1386 1115 1439 1162 et
1467 1121 1576 1162 non
1609 1104 1825 1176 aspexit
1850 1104 1906 1159 in
1939 1104 2043 1158 hoc
2065 1102 2212 1173 quod

625 1201 839 1257 dixerat
861 1199 965 1257 Job
996 1201 1052 1255 in
1098 1200 1264 1256 tantis
1292 1199 1543 1255 cladibus
1576 1197 1911 1254 constitutus
1941 1212 1955 1248 :
1996 1194 2216 1250 Utinam

622 1310 830 1367 possem
873 1310 957 1348 me
982 1293 1301 1364 interﬁcere,
1333 1299 1427 1346 aut
1453 1290 1689 1361 aliquem
1712 1305 1897 1360 rogare
1926 1299 1983 1342 ut
2018 1289 2214 1359 faceret

626 1386 757 1440 mihi
800 1386 939 1448 hoc;
967 1401 1067 1440 nec
1090 1385 1225 1440 vidit
1249 1384 1378 1454 quia
1426 1399 1534 1439 non
1578 1382 1837 1438 convenit
1865 1397 2081 1438 servum
2122 1379 2217 1437 Dei

624 1477 869 1547 seipsum
899 1476 1174 1546 expellere
1200 1476 1267 1530 de
1296 1478 1396 1529 hac
1414 1474 1546 1540 vita,
1578 1473 1674 1529 sed
1697 1481 2019 1545 exspectare
2048 1472 2213 1529 etiam

624 1566 693 1621 de
722 1567 824 1621 hoc
852 1565 944 1621 Dei
974 1566 1266 1636 judicium.
1300 1564 1596 1621 Videamus
1621 1580 1769 1620 nunc
1800 1564 1869 1631 si,
1900 1564 2048 1635 quod
2082 1564 2216 1620 latet

623 1657 851 1722 multos,
875 1657 982 1711 loci
1012 1657 1195 1723 istius,
1217 1656 1326 1711 Deo
1356 1657 1614 1723 donante,
1650 1656 1926 1727 possimus
1941 1657 2215 1728 explicare

623 1750 768 1821 quod
802 1750 1007 1805 dictum
1038 1757 1161 1805 est:
1203 1747 1396 1804 Videns
1423 1758 1603 1804 autem
1631 1747 1808 1805 ludas
1853 1751 1946 1822 qui
1985 1750 2212 1806 tradidit

621 1859 761 1910 eum,
790 1843 1040 1913 quoniam
1061 1843 1439 1899 condemnatus
1459 1853 1558 1909 est,
1582 1845 1891 1916 pmnitentia
1911 1844 2103 1899 ductus
2128 1861 2213 1899 re-

623 1935 745 1990 tulit
786 1937 1006 2007 triginta
1056 1945 1330 2007 argenteos
1378 1936 1708 2007 principibus
1749 1937 2107 2003 sacerdotum,
2157 1947 2213 1993 et

621 2039 815 2086 ctetera
847 2030 914 2086 “.
956 2028 1014 2084 Si
1044 2030 1190 2087 enim
1222 2033 1486 2101 scriptum
1514 2030 1708 2087 fuisset
1736 2038 1859 2102 post
1881 2032 2208 2085 sententiam
2242 2008 2283 2063 Β

621 2119 801 2185 Pilati,
832 2128 1123 2191 postquam
1153 2121 1381 2191 ﬂagellis
1416 2121 1825 2179 caesumJesum
1859 2123 2080 2179 tradidit
2109 2121 2209 2178 Ju-

619 2210 753 2268 dmis
783 2220 842 2268 ut
866 2214 1249 2285 crucifigerent
1269 2232 1393 2271 eum
1420 2258 1436 2282 ,
1470 2217 1615 2287 quod
1648 2217 1722 2272 ita
1754 2216 1974 2273 fecisset
1999 2214 2206 2284 Judas,

619 2305 759 2360 nihil
786 2305 907 2361 sine
929 2306 1095 2361 dubio
1125 2307 1438 2378 hujusmodi
1470 2325 1843 2379 quaereremus
1876 2310 1928 2364 in
1960 2325 2027 2365 eo
2058 2309 2209 2380 quod

621 2395 827 2451 dictum
878 2405 1005 2453 est:
1044 2396 1234 2453 Videns
1283 2409 1460 2454 autem
1502 2400 1630 2471 quia
1680 2401 2062 2455 condemnatus
2106 2411 2206 2457 est.

620 2486 777 2544 Nunc
805 2500 986 2545 autem
1017 2491 1295 2560 quomodo
1326 2492 1459 2547 vidit
1479 2490 1650 2549 Judas
1665 2494 1792 2563 quia
1811 2493 2208 2550 condemnatus

618 2581 744 2637 eat?
775 2578 962 2651 Neque
995 2583 1142 2636 enim
1175 2583 1355 2638 adhuc
1385 2584 1788 2641 condemnatus
1821 2584 1999 2640 fuerat
2023 2583 2206 2652 Jesus,

620 2686 799 2743 neque
822 2688 852 2728 a
882 2672 1057 2743 Pilato
1081 2673 1473 2746 interrogatus.
1505 2674 1758 2731 Forsitan
1790 2692 1921 2747 ergo
1946 2677 2078 2733 dicit
2108 2678 2211 2734 ali-

621 2764 748 2834 quis
776 2764 884 2819 vim
925 2764 1157 2832 faeiens,
1202 2767 1464 2837 quoniam
1508 2766 1954 2824 consideratione
2003 2771 2207 2827 mentis

622 2872 737 2914 suae
765 2856 902 2913 vidit
947 2859 1153 2913 exitum
1198 2859 1277 2914 rei
1313 2859 1442 2929 quia
1476 2860 1879 2916 condemnatus
1921 2869 2007 2917 est
2036 2877 2101 2917 ex
2137 2878 2206 2919 eo

620 2948 768 3021 quod
800 2948 1059 3004 traditum
1097 2951 1310 3021 aspexit
1339 2966 1371 3005 a
1400 2951 1742 3022 principibus
1776 2953 2119 3008 sacerdotum
2151 2962 2208 3010 et

619 3038 933 3098 senioribus
960 3042 1156 3113 plebis.
1182 3043 1338 3100 Alius
1367 3051 1549 3099 autem
1582 3045 1727 3104 dicet
1754 3045 1858 3101 hoc
1875 3047 2041 3101 modo
2055 3048 2205 3119 quod

618 3132 886 3203 scriptum
911 3142 992 3190 est
1020 3152 1034 3189 :
1076 3133 1267 3191 Videris
1299 3147 1476 3190 autem
1502 3135 1539 3190 .l
1545 3137 1680 3192 udas
1724 3130 1851 3207 quia
1881 3138 2204 3194 condemna-

621 3233 706 3277 tus
739 3234 854 3289 est,
891 3226 959 3280 ad
995 3225 1174 3294 ipsum
1205 3225 1403 3282 ludam
1445 3227 1702 3283 refertur.
1729 3228 1867 3284 Cum
1903 3231 2049 3286 enim
2095 3241 2205 3287 tra-

2319 919 2450 975 dum
2485 935 2841 992 exaggerare,
2878 929 2939 977 ut
2963 921 3078 992 jam
3101 937 3207 978 non
3234 926 3809 994 essetseeundumDeum,

2320 1016 2414 1071 sed
2455 1023 2515 1071 ut
2553 1015 2921 1072 abundantior
2962 1016 3104 1074 facta
3134 1017 3448 1076 absorberet
3474 1021 3731 1079 tristantetn
3747 1041 3812 1081 su-

2317 1122 2417 1178 pra
2444 1121 2762 1164 mensuram
2794 1117 2851 1163 et
2878 1109 3022 1164 ultra
3045 1125 3211 1178 quam
3235 1109 3439 1165 tristari
3461 1111 3674 1181 deberet,
3698 1124 3739 1170 et
3757 1116 3811 1170 sic

2316 1215 2442 1256 eum
2493 1200 2814 1257 absorberet
2850 1197 3087 1257 Satanas
3130 1201 3185 1256 in
3221 1200 3588 1257 abundantiori
3630 1204 3809 1261 tristitia.

2316 1291 2475 1360 Quod
2518 1309 2971 1366 praecognoscens
3014 1294 3339 1366 Apostolus,
3370 1296 3637 1351 consilium
3666 1297 3809 1353 Corin-

2320 1387 2451 1443 thiis
2483 1387 2578 1443 dat
2605 1394 2667 1443 ut
2712 1387 3042 1443 conﬁrment
3070 1387 3393 1443 cbaritatem
3431 1389 3486 1444 in
3516 1405 3655 1455 eum,
3677 1391 3810 1446 dicens

2315 1482 2631 1553 hujusmodi
2663 1497 2889 1539 causam
2924 1502 2939 1539 :
2978 1480 3046 1537 Ut
3074 1499 3159 1547 ne,
3188 1483 3388 1554 inquit,
3405 1483 3729 1539 abundantiori
3746 1486 3811 1539 tri.

2313 1575 2465 1630 stitia
2520 1575 2868 1630 absorbeatur
2920 1576 3011 1646 qui
3052 1574 3361 1645 hujusmodi
3403 1587 3477 1632 est
3502 1576 3542 1630 ’.
3570 1575 3670 1632 Non
3707 1579 3810 1632 enim

2311 1667 2585 1724 versutias
2612 1666 2733 1737 ejus
2764 1666 3102 1738 ignoramus.
3148 1665 3413 1722 Similiter
3450 1666 3633 1736 aliquid
3666 1666 3811 1723 factum

2312 1768 2472 1817 estet
2498 1759 2554 1814 itt
2581 1756 2721 1815 Juda
2756 1757 2851 1830 qui
2885 1758 3111 1814 tradidit
3155 1756 3341 1815 Jesum
3365 1776 3381 1826 ;
3406 1767 3461 1814 et
3486 1757 3738 1815 secundum
3762 1760 3813 1814 si-

2313 1851 2675 1907 militudinem
2711 1849 2859 1906 illius
2895 1849 3133 1905 tristitia:
3166 1865 3289 1921 qua:
3313 1849 3662 1921 paenitentiam
3688 1851 3731 1903 in
3752 1865 3813 1904 sa-

2314 1943 2482 1999 lutem
2516 1942 2768 1999 stabilem
2792 1950 3070 2012 operatur,
3095 1941 3343 1997 tristatus
3364 1949 3421 1997 et
3449 1942 3575 2013 ipse,
3597 1949 3811 2013 postquam

2310 2033 2628 2104 poenitentia
2646 2032 2845 2087 ductus
2863 2041 2968 2097 est,
2994 2031 3177 2086 retulit
3205 2030 3430 2101 triginta
3448 2040 3698 2102 argenteos
3710 2031 3814 2100 prin-

2310 2123 2528 2195 cipibus
2553 2123 2899 2179 sacerdotum
2925 2123 3116 2178 dicens
3148 2140 3161 2177 :
3196 2120 3423 2178 Peccavi
3454 2124 3644 2178 tradens
3662 2122 3812 2192 magri-

2310 2230 2425 2269 nem
2444 2214 2656 2285 justum
2679 2214 2701 2247 ³
2726 2213 2903 2285 :quod
2933 2215 3113 2284 ipsum
3142 2213 3477 2285 poenitentiae
3510 2223 3642 2283 erat,
3675 2223 3717 2269 et
3741 2214 3809 2268 tti-

2309 2306 2470 2361 stitize
2513 2304 2792 2361 salutaris.
2841 2303 2948 2360 Sed
3008 2306 3137 2376 quia
3186 2320 3473 2376 nunquam
3508 2304 3707 2361 servavit
3742 2318 3808 2359 cor

2310 2413 2497 2462 suum,
2556 2412 2736 2467 neque
2779 2397 3055 2467 sapienter
3107 2397 3356 2453 tristatus
3401 2407 3505 2464 est,
3533 2396 3809 2467 sedsuscepit

2309 2490 2767 2546 abundantiorem
2798 2490 3076 2546 tristitiam
3106 2505 3137 2545 a
3160 2489 3381 2545 diabolo
3411 2490 3513 2546 sibi
3536 2490 3807 2554 submissam,

2309 2581 2404 2652 qui
2434 2581 2609 2637 voluit
2641 2597 2764 2638 eum
2791 2582 3091 2638 absorbere
3130 2582 3185 2638 in
3225 2582 3603 2639 abundantiori
3624 2582 3808 2646 tristitia,

2309 2671 2434 2728 ideo
2462 2671 2710 2730 referens
2738 2684 3023 2746 argenteos
3053 2674 3177 2731 illos
3205 2675 3258 2730 in
3282 2676 3565 2747 templum,
3592 2676 3741 2730 abiens
3763 2674 3813 2727 Ia-

2307 2779 2452 2835 queo
2480 2780 2539 2821 se
2571 2767 2876 2837 suspendit.
2911 2766 2967 2821 Si
2998 2767 3147 2822 enim
3178 2779 3475 2839 postquam
3510 2768 3667 2823 retulit
3693 2780 3810 2837 pecu-

2308 2856 2481 2922 niam,
2516 2865 2570 2912 et
2586 2856 2873 2914 confessus
2903 2868 2988 2914 est
3022 2873 3084 2915 se
3118 2875 3380 2930 peccasse
3411 2876 3476 2917 eo
3503 2859 3632 2930 quod
3654 2855 3813 2913 tradidit

2307 2951 2632 3024 sanguinem
2673 2952 2909 3023 justum,
2941 2969 3053 3009 non
3095 2953 3287 3010 abiens
3318 2954 3517 3026 laqueo
3561 2969 3613 3009 se
3647 2967 3814 3023 suspen-

2308 3045 2500 3108 disset,
2528 3044 2623 3100 sed
2654 3044 2836 3099 locum
2868 3043 3206 3115 poenitentiae
3222 3045 3576 3117 rcqnisiisset,
3593 3053 3639 3100 et
3659 3054 3811 3115 tempus

2306 3134 2643 3208 pomitentire
2670 3134 3035 3199 observasset,
3084 3134 3321 3191 forsitan
3348 3145 3403 3191 et
3441 3135 3704 3191 invenisset
3728 3146 3813 3187 eum

2307 3224 2400 3293 qui
2437 3223 2575 3278 dixit
2601 3222 2623 3254 ⁸
2655 3242 2670 3277 :
2711 3221 2838 3278 Vivo
2875 3239 2991 3294 ego,
3021 3226 3276 3295 quoniam
3315 3224 3486 3298 916
3519 3223 3626 3278 nolo
3655 3235 3813 3275 morm

619 3314 890 3371 didissent
933 3314 1121 3372 Jesum
1156 3318 1439 3389 principes
1491 3320 1839 3374 sacerdotum
1872 3330 1926 3376 et
1959 3323 2206 3378 seniores
2234 3356 2277 3416 ο
2310 3318 2771 3385 peccatoris,sicut
2787 3317 3149 3387 paenitentiam
3163 3318 3300 3386 ejus.
3317 3317 3434 3389 Ego
3449 3314 3816 3374 autemexialimu

618 3406 796 3477 plebis
819 3406 994 3463 Pilato
1025 3418 1155 3465 tunc
1185 3411 1358 3464 sensit
1383 3412 1585 3465 malum
1609 3426 1770 3467 suum
1792 3410 1965 3467 Judas
1985 3455 2001 3480 ,
2027 3422 2083 3469 et
2116 3415 2202 3469 in-

619 3498 830 3554 tellexit
850 3501 1111 3569 quoniam
1139 3502 1233 3572 qui
1270 3503 1397 3557 talia
1433 3518 1605 3559 ausus
1640 3512 1744 3568 est,
1779 3504 1900 3561 sine
1926 3506 2097 3562 dubio
2114 3506 2208 3577 ju—

618 3588 835 3646 dicatus
862 3598 916 3645 et
945 3592 1343 3650 condemnatus
1377 3609 1408 3649 a
1435 3593 1547 3651 Deo
1571 3606 1673 3651 est.
1724 3593 1978 3653 Forsitan
2019 3605 2073 3653 et
2105 3597 2207 3653 Sa-

618 3687 803 3745 tanas,
837 3681 931 3751 qui
975 3690 1100 3752 post
1137 3698 1332 3753 panem
1373 3685 1665 3742 intinctum
1701 3685 1880 3742 fuerat
1920 3687 2204 3759 ingressus

616 3771 675 3827 in
708 3770 904 3827 Judam
929 3812 943 3839 ,
997 3785 1196 3845 praesto
1231 3775 1333 3831 fuit
1380 3776 1461 3845 ei,
1503 3777 1677 3834 donec
1703 3776 1865 3835 Jesus
1903 3780 2206 3837 traderetur

617 3863 796 3920 Pilato
823 3882 837 3920 :
870 3876 1160 3938 postquam
1197 3866 1324 3923 fecit
1345 3868 1493 3940 quod
1524 3870 1725 3938 voluit,
1754 3870 1983 3927 recessit
2004 3871 2073 3927 ab
2101 3887 2201 3940 eo;

616 3957 908 4014 recedente
936 3969 1118 4014 autem
1145 3961 1387 4027 diabolo,
1417 3961 1749 4018 intellexitet
1783 3963 1917 4018 vidit
1939 3965 2203 4034 quoniam

617 4049 840 4105 tradens
867 4050 1191 4121 sanguinem
1218 4052 1430 4124 justum
1458 4055 1857 4112 condemnatus
1900 4071 1933 4112 a
1962 4056 2074 4113 Deo
2096 4067 2201 4127 est,

615 4149 671 4196 et
716 4142 893 4212 potuit
920 4142 1225 4216 intelligere
1260 4161 1456 4203 sensus
1490 4148 1610 4217 ejus
1636 4149 1752 4221 jam
1783 4165 1986 4205 vacans
2010 4160 2064 4206 et
2091 4167 2201 4206 non

616 4232 828 4290 habens
848 4235 1123 4292 diabolum
1149 4247 1465 4310 operantem
1492 4240 1547 4295 in
1578 4256 1658 4297 se.
1685 4242 1872 4298 Potuit
1894 4257 2048 4314 ergo,
2085 4259 2117 4298 a
2144 4259 2205 4300 se

616 4327 910 4385 recedente
941 4329 1199 4398 diabolo,
1233 4346 1428 4404 capere
1463 4333 1845 4404 paenitentiam
1890 4343 1946 4390 et
1994 4334 2201 4391 referre

614 4420 839 4492 triginta
869 4435 1158 4493 argenteos
1188 4423 1275 4481 bis
1304 4425 1399 4496 qui
1443 4426 1708 4483 dederant
1745 4443 1841 4485 eos
1887 4447 1902 4484 :
1943 4437 1996 4485 et
2024 4431 2204 4501 potuit

615 4509 818 4578 dicere,
850 4514 1137 4569 recedente
1185 4515 1437 4584 diabolo,
1473 4518 1620 4588 quod
1671 4520 1996 4592 priusquam
2038 4520 2108 4577 ab
2133 4536 2202 4578 eo

616 4601 930 4666 recederet,
961 4604 1144 4659 dicere
1178 4620 1286 4660 non
1332 4608 1623 4677 potuisset.
1668 4608 1781 4667 Nec
1827 4612 1972 4667 enim
2020 4613 2202 4668 adhuc

616 4687 878 4758 implente
924 4692 1144 4749 diabolo
1198 4712 1297 4752 cor
1349 4698 1470 4768 ejus
1495 4702 1672 4770 potuit
1722 4702 1905 4761 dicere
1935 4720 1949 4758 :
1976 4703 2201 4762 Peccavi

617 4779 833 4835 tradens
888 4785 1197 4855 sanguinem
1232 4787 1463 4856 justum.
1502 4790 1607 4846 Sed
1654 4808 1777 4859 non_
1811 4795 1919 4850 boe
1965 4796 2201 4855 dicimus

615 4872 879 4944 quoniam
912 4872 1164 4933 diabolus
1208 4880 1465 4936 recedens
1498 4882 1569 4937 ab
1593 4883 1780 4955 aliquo
1804 4887 1898 4942 tali
1920 4928 1935 4955 ,
1956 4888 2068 4958 jam
2103 4905 2201 4946 ne—

615 4980 893 5036 quaquam
951 4967 1003 5022 ei
1035 4968 1362 5040 insidiatur,
1398 4974 1492 5029 sed
1530 4975 1787 5032 observat
1829 4979 2023 5034 iterum
2061 4987 2201 5035 tem-

611 5071 741 5129 pus,
772 5057 819 5113 si
850 5058 1090 5128 potuerit
1119 5061 1317 5117 iterum
1335 5076 1394 5118 se
1409 5077 1682 5134 apponere
1711 5066 1792 5134 ei;
1820 5073 1874 5120 et
1904 5076 2198 5137 postquam

609 5150 932 5222 cognoverit
954 5152 1256 5210 secundum
1279 5165 1563 5225 peccatum
1591 5170 1754 5212 suum
1777 5157 1923 5229 quis,
1947 5157 2203 5215 observat

610 5243 777 5298 etiam
808 5244 982 5300 tertia:
1025 5245 1364 5319 deceptionis
1422 5248 1604 5305 locum
1639 5250 1692 5304 in
1729 5266 1796 5305 eo
1836 5250 2107 5308 diabolus.
2143 5251 2203 5306 Si

613 5346 796 5392 autem
849 5352 991 5408 opus
1024 5330 1111 5395 est
1142 5348 1197 5396 et
1217 5341 1482 5413 exemplis
1521 5342 1633 5411 uti,
1666 5343 1950 5400 videamus
1974 5344 2030 5399 in
2066 5345 2199 5416 Epi-

612 5429 757 5484 stola
785 5431 853 5487 ad
881 5430 1195 5490 Corinthios
1225 5434 1400 5505 prima
1425 5435 1494 5504 ",
1516 5451 1641 5492 eum
1686 5437 1781 5508 qui
1828 5452 2057 5493 uxorem
2101 5439 2199 5493 ba-

610 5515 735 5574 buit
783 5522 954 5591 patris
987 5541 1002 5577 :
1031 5539 1132 5580 nec
1186 5526 1331 5581 enim
1392 5527 1448 5583 in
1505 5529 1823 5601 hujusmodi
1860 5530 2007 5585 malo
2079 5530 2200 5587 sine

613 5625 817 5683 magno
848 5628 1013 5684 Opere
1039 5617 1240 5674 diaboli
1266 5620 1445 5689 potuit
1468 5636 1609 5677 esse.
1646 5620 1723 5676 De
1754 5636 1865 5693 quo
1893 5622 2052 5692 .malo
2081 5637 2200 5694 pte,

613 5704 801 5770 nituit,
833 5706 974 5761 sicut
995 5705 1281 5780 Scriptura
1301 5711 1415 5782 ipsa
1439 5721 1671 5769 testatur
1698 5713 1739 5781 ί,
1763 5722 1818 5768 et
1847 5714 2094 5770 tristatus
2113 5720 2200 5770 est

611 5797 894 5855 tristitiam
941 5802 1246 5859 secundum
1296 5804 1467 5863 Deum
1491 5846 1508 5876 ,
1544 5806 1825 5865 tristitiam
1854 5821 1977 5878 quae
2025 5807 2199 5880 pinni-

688 5935 735 6014 f‘
774 5935 904 5993 ibid.
939 5938 1025 6014 ἦ.-
1073 5940 1119 5975 ’⁸
1162 5958 1215 6012 v,
1243 5943 1294 5999 1.
1375 5945 1394 5977 ¹
1428 5942 1473 5999 ιι
1494 5943 1622 6002 Cor.
1651 5960 1751 6012 vtt,
1778 5945 1834 6014 9,
1873 5941 1958 6000 ιο.

601 6006 640 6082 ,³
675 6005 836 6064 Joan.
868 6025 930 6080 tt,
958 6008 1046 6067 1.6.
1199 6005 1211 6012 ’
1318 6017 1354 6030 “’

2073 5946 2096 6032 ξ
2145 5942 2193 6000 ll
2221 5944 2353 6003 Cor.
2385 5958 2447 6012 tt,
2476 5942 2532 6001 7.

2310 3408 2572 3478 quoniam
2602 3417 2657 3464 et
2698 3407 2878 3479 majus
2910 3407 3119 3479 aliquid
3153 3410 3221 3463 de
3251 3406 3539 3466 Salvatore
3581 3406 3814 3474 intelligens

2306 3497 2497 3565 Judas,
2530 3513 2641 3554 non
2690 3498 2819 3552 alibi
2867 3498 3101 3568 projccit
3126 3497 3352 3570 triginta
3393 3507 3659 3572 argenteos
3680 3494 3760 3551 nisi
3778 3493 3814 3545 iu

2309 3591 2597 3661 templum,
2624 3590 2716 3646 ubi
2762 3590 2972 3646 sciebat
3018 3589 3310 3646 Dominum
3344 3591 3568 3662 ejecisse
3588 3590 3645 3644 de
3671 3584 3817 3655 templo

2308 3695 2440 3737 oves
2466 3691 2520 3737 et
2547 3681 2736 3750 boves,
2765 3690 2820 3737 et
2845 3682 3051 3738 dixisse
3079 3682 3457 3739 venditoribus
3477 3679 3814 3738 columbarum:

2312 3770 2505 3827 Tollite
2530 3773 2640 3827 haec
2660 3772 2804 3839 hinc,
2840 3782 2891 3826 et
2930 3772 3095 3826 nolite
3124 3772 3301 3842 facere
3328 3773 3545 3827 domum
3570 3770 3724 3825 Patris
3747 3767 3815 3818 sui

2306 3863 2526 3919 domum
2558 3863 2935 3935 negotiationis
2963 3864 3006 3919 ⁸.
3044 3862 3195 3920 Sat-is
3222 3878 3357 3934 ergo
3397 3864 3673 3934 desperans
3696 3874 3751 3915 ex
3777 3870 3817 3910 se

2307 3956 2456 4027 quod
2501 3956 2764 4011 intellexit
2815 3956 3246 4028 magnitudinem
3289 3956 3379 4012 sui
3411 3954 3816 4027 peccati,jactans

2306 4057 2595 4120 argenteos
2627 4049 2750 4104 illos
2779 4049 2833 4103 in
2884 4049 3176 4118 templum,
3206 4049 3343 4104 abiit
3363 4059 3420 4105 et
3455 4051 3640 4121 laqueo
3667 4058 3817 4102 sesus-

2304 4140 2513 4211 pendit.
2556 4141 2905 4212 Aceipientes
2938 4150 3122 4198 autem
3173 4151 3465 4213 argenteos
3509 4142 3647 4204 illos,
3684 4134 3817 4191 ιὐΙιιεο

2302 4240 2431 4287 runt
2453 4232 2660 4303 aliquid
2711 4232 3015 4304 legitimum
3048 4233 3367 4297 observare,
3411 4243 3468 4290 et
3512 4248 3613 4288 non
3650 4230 3814 4285 mittere

2305 4337 2403 4379 eos
2432 4324 2487 4379 in
2522 4324 2840 4391 corbonam,
2880 4325 2972 4381 ubi
3002 4325 3131 4381 data
3172 4326 3362 4396 populi
3397 4335 3609 4397 propter
3636 4318 3816 4376 necessi-

2305 4423 2446 4472 tates
2499 4431 2802 4488 pauperum
2860 4417 3337 4489 congregabantur
3376 4414 3683 4488 :sanguinis
3713 4409 3816 4466 enim

2306 4509 2541 4583 pretium
2572 4510 2800 4581 impium
2828 4510 3220 4565 existimabant
3246 4510 3466 4566 mittere
3491 4511 3543 4566 in
3565 4507 3815 4563 corbonam.

2305 4597 2534 4672 Propter
2574 4601 2719 4672 quod
2763 4601 3056 4656 consilium
3115 4601 3485 4671 accipientes,
3536 4605 3817 4667 comparate-

2306 4701 2437 4748 runt
2465 4708 2531 4750 ex
2562 4693 2901 4764 pecuniailla
2921 4709 3113 4765 agrum
3129 4695 3279 4765 figuli
3312 4704 3366 4751 et
3383 4693 3647 4765 Operantis
3671 4690 3815 4743 lutum.

2312 4785 2585 4840 Videbunt
2610 4787 2756 4841 enim
2805 4787 3064 4856 quoniam
3105 4786 3251 4840 circa
3290 4794 3537 4840 mortuos
3570 4780 3816 4851 magismn

2308 4879 2598 4949 pecuniam
2622 4878 2982 4939 conveniebat
3006 4878 3264 4948 expendi,
3289 4886 3344 4933 et
3364 4878 3510 4933 circa
3540 4876 3697 4930 locum
3718 4882 3819 4924 mor-

2311 4977 2528 5025 tuorum
2568 4978 2623 5025 et
2660 4970 2973 5042 sepulturae,
3004 4970 3266 5041 quoniam
3315 4970 3551 5040 pretium
3596 4958 3816 5033 sanguinis

2308 5072 2446 5129 erat,
2473 5077 2640 5132 quam
2676 5062 2730 5116 in
2755 5062 2996 5118 corbona
3028 5070 3125 5117 aut
3156 5061 3211 5116 in
3239 5062 3423 5131 aliqua
3447 5057 3735 5115 necessitate
3751 5051 3816 5104 Ιιυι

2306 5163 2479 5210 nesta.
2514 5152 2620 5210 Sed
2665 5153 2796 5224 quia
2842 5164 2898 5210 et
2924 5154 3065 5208 inter
3094 5153 3216 5210 loca
3247 5164 3585 5209 mortuorum
3620 5145 3815 5203 άίσειειιο

2307 5248 2395 5302 tite
2422 5255 2552 5303 sunt
2582 5265 2596 5301 :
2630 5247 2891 5317 quoniam
2926 5246 3083 5302 multi
3117 5246 3339 5317 quidem
3372 5243 3658 5300 secundum
3677 5243 3814 5293 totum

2306 5340 2618 5410 optabiliter
2664 5339 3005 5411 sepeliuntur
3038 5340 3092 5395 in
3140 5339 3512 5395 monumentis
3540 5335 3644 5391 suis
3682 5336 3815 5401 patet-

2305 5434 2414 5499 nis,
2438 5434 2661 5504 quidam
2719 5439 2903 5488 autem
2956 5441 3178 5504 propter
3234 5432 3501 5502 quasdam
3546 5423 3815 5485 calamitates

2304 5525 2622 5597 frequenter
2644 5525 2699 5580 in
2751 5524 3057 5598 peregrinis
3104 5524 3473 5580 monumentis
3506 5518 3812 5591 sepeliuntur;

2305 5618 2432 5676 ideo
2462 5615 2794 5688 accipientes
2807 5616 3042 5693 pretium
3067 5616 3353 5689 sanguinis
3377 5613 3531 5678 Jesu,
3551 5611 3624 5667 usi
3652 5612 3813 5662 suntca

2306 5711 2376 5766 ad
2398 5713 2863 5781 comparationem
2893 5708 3012 5782 agri
3037 5708 3186 5781 ﬁguli
3214 5706 3448 5776 alicujus
3466 5748 3482 5774 ,
3516 5704 3642 5761 utin
3668 5711 3722 5753 eo
3746 5705 3811 5763 pe-

2305 5801 2510 5876 regrini
2542 5801 2744 5861 mortui
2781 5801 3137 5873 sepeliantur,
3172 5815 3283 5857 non
3310 5797 3601 5856 secundum
3641 5796 3809 5847 votum.

2641 5942 2664 5976 ⁸
2702 5938 2894 5996 Matth.
2923 5956 3098 6008 xxvtt,
3128 5938 3187 5997 4.
3263 5937 3289 5971 ⁸
3320 5934 3517 5992 Ezech.
3550 5938 3719 5989 sunt,
3745 5911 3807 5973 Ην
