4004 6544
315 387 452 443 I789

1444 392 2104 452 COMMENTARIORUM
2145 392 2408 450 SERIES.

3428 375 3572 456 17in

311 510 406 566 sed
440 512 743 569 secundum
775 529 964 570 casum
999 515 1234 586 aliquem
1266 519 1601 574 contrarium
1631 519 1734 575 hoc
1763 534 1893 590 pro-
1920 522 1964 579 Α
1994 514 2251 572 dubitans
2290 513 2498 571 Pilatus
2525 516 2875 587 interrogavit
2905 518 3094 576 dicens
3131 537 3143 574 :
3177 517 3253 575 Tu
3275 537 3329 576 es
3365 537 3456 577 rex
3475 521 3572 577 Ju-

312 611 608 658 nterentes.
639 604 695 659 Si
728 614 910 660 autem
942 616 997 662 et
1031 609 1350 678 peregrinos
1385 609 1707 676 spiritaliter
1732 611 1891 667 intel-

312 693 479 766 ligere
505 696 779 764 convenit,
814 699 1131 769 peregrinos
1167 699 1404 756 dicimus
1446 715 1567 757 esse
1588 702 1680 772 qui
1715 717 1890 772 usque

311 787 378 841 ad
411 789 570 841 tinent
602 789 848 844 extranei
873 799 1002 846 sunt
1028 805 1059 844 a
1092 789 1202 845 Deo
1228 801 1281 847 et
1296 793 1563 864 peregrini
1589 803 1882 851 testamen-

312 889 494 934 torum
512 880 652 951 ejus.
681 880 838 938 Tales
871 884 1035 953 igitur
1052 885 1322 955 peregrini
1351 886 1665 957 bujusmodi
1689 888 1890 944 habent

311 971 498 1035 ﬁnem,
534 980 595 1028 ut
625 974 679 1028 in
709 990 842 1046 agro
872 975 1020 1044 ﬁguli
1049 979 1405 1049 sepeliantur,
1439 980 1533 1050 qui
1564 981 1737 1050 pretio
1761 997 1888 1037 san-

309 1063 494 1134 guinis
519 1073 603 1119 est
625 1078 995 1135 entnparatus.
1023 1067 1159 1124 Nam
1189 1070 1323 1140 justi
1372 1082 1502 1127 sunt
1537 1074 1631 1142 qui
1662 1074 1883 1130 dicunt:

308 1154 624 1226 Consepulti
659 1173 852 1214 sumus
873 1159 1091 1216 Christo
1112 1162 1166 1216 in
1191 1178 1334 1217 novo
1364 1175 1718 1221 monumento
1740 1167 1884 1237 quod

305 1248 552 1303 excisum
594 1249 828 1306 habetur
874 1252 929 1307 in
975 1262 1164 1323 petra,
1194 1255 1248 1308 in
1289 1267 1647 1312 monumento
1678 1260 1883 1325 dolato,

306 1339 402 1394 ubi
462 1340 704 1397 nondum
758 1344 1048 1415 quisquam
1089 1358 1432 1403 mortuorum
1485 1352 1697 1420 positus
1725 1363 1809 1410 est
1841 1354 1881 1407 °.

307 1430 413 1498 Qui
428 1443 610 1488 autem
627 1450 800 1505 usque
833 1436 899 1491 ad
925 1436 1084 1491 ﬁnem
1100 1439 1367 1509 peregrini
1396 1452 1521 1496 sunt
1546 1458 1576 1497 a
1593 1444 1813 1500 Christo
1832 1456 1887 1500 et

306 1522 468 1578 alieni
491 1538 522 1578 a
546 1522 681 1589 Deo,
715 1526 899 1582 dicent
929 1526 1048 1583 sine
1078 1529 1245 1584 dubio
1270 1543 1705 1604 consequenter:
1733 1536 1884 1593 Con-

306 1614 501 1685 sepuiti
531 1627 726 1671 Sumus
752 1619 1051 1687 peregrinis
1080 1620 1136 1675 in
1162 1636 1293 1692 agro
1317 1623 1462 1694 tignli
1491 1626 1768 1694 operantis
1796 1628 1885 1683 lu-

306 1714 448 1771 tum,
489 1708 581 1778 qui
635 1711 808 1780 pretio
838 1714 1122 1782 sanguinis
1166 1726 1251 1772 est
1304 1730 1676 1790 comparatus,
1708 1731 1764 1777 et
1791 1737 1886 1777 su-

306 1810 433 1855 mus
481 1800 534 1855 in
575 1815 708 1871 agro
743 1805 835 1874 qui
876 1822 1004 1876 ager
1050 1809 1334 1879 sanguinis
1376 1813 1716 1869 nominatur.
1775 1814 1880 1870 Sed

1995 607 2277 662 diuorum?
2306 606 2388 661 Ad
2427 621 2596 678 quam
2645 607 3123 677 interrogationem
3165 613 3312 682 quod
3360 615 3571 684 putavit

1993 712 2114 754 esse
2157 698 2462 754 condecens
2512 698 2809 768 respondit,
2861 700 3080 757 dicens:
3118 701 3195 756 Tu
3248 704 3402 759 dicis.
3437 703 3503 761 Et
3534 721 3566 762 a

1994 788 2240 860 principe
2291 789 2510 859 quidem
2573 787 2916 844 sacerdotum
2950 790 3231 860 adjuratus
3272 801 3333 849 ut
3363 793 3568 849 diceret

1995 881 2039 936 si
2066 881 2181 950 ipse
2194 889 2279 937 est
2304 881 2560 937 Christus
2578 879 2749 936 Filius
2769 874 2884 943 Dei,
2920 872 3226 951 reSpondit':
3245 883 3321 939 Tu
3343 886 3565 950 dixisti;

1994 985 2025 1026 a
2052 970 2225 1028 Pilato
2258 982 2439 1027 autem
2471 975 2873 1044 interrogatus:
2904 972 2980 1027 Tu
3001 991 3054 1029 es
3080 991 3171 1030 rex
3208 974 3517 1031 Iudaeorum
3542 980 3568 1033 2’

1994 1065 2311 1134 respondit:
2345 1062 2421 1119 Tu
2444 1067 2578 1120 dicis
2635 1064 2767 1120 Vide
2818 1066 3293 1138 interrogationes.
3328 1069 3432 1125 nisi
3474 1071 3565 1126 illa

1993 1156 2211 1226 quidem
2250 1158 2599 1229 interrogatio
2635 1176 2648 1213 :
2683 1152 2744 1213 Si
2772 1168 2828 1212 tu
2857 1175 2909 1213 es
2934 1159 3175 1215 Christus
3219 1159 3268 1214 F
3272 1160 3396 1216 ilius
3429 1160 3527 1216 Dei
3548 1201 3566 1228 ,

1989 1245 2234 1305 Iudaicae
2263 1251 2619 1305 conveniebat
2671 1264 2949 1319 personae;
2992 1251 3240 1307 Romano
3270 1262 3448 1308 autem
3474 1253 3568 1323 ju-

1990 1341 2099 1397 dici
2137 1342 2335 1397 dicenti
2382 1343 2832 1414 interrogatorie,
2860 1342 2973 1414 jam
3005 1359 3113 1400 non
3145 1363 3158 1400 :
3192 1344 3274 1400 Tu
3306 1361 3368 1402 es
3401 1346 3567 1401 Chri-

1991 1442 2133 1501 stus,
2164 1435 2293 1490 scd:
2340 1432 2417 1488 Tu
2452 1451 2505 1488 es
2542 1450 2633 1489 rex
2668 1434 3026 1491 Iudaeorum?
3051 1436 3155 1504 Qui
3187 1446 3368 1493 autem
3411 1448 3568 1494 caute

1990 1527 2303 1581 considerat
2332 1527 2481 1596 ipsos
2518 1527 2699 1597 apices
2732 1529 3168 1599 evangelicorum
3214 1545 3565 1597 sermonum,

1992 1619 2196 1674 videbit
2236 1621 2497 1690 quoniam
2534 1620 2788 1691 princeps
2831 1621 3049 1691 quidem
3091 1621 3435 1677 sacerdotum
3464 1623 3566 1677 du-

1990 1713 2225 1769 bitanter
2252 1713 2391 1768 dixit
2428 1734 2439 1768 :
2478 1708 2538 1769 Si
2559 1724 2614 1767 tu
2644 1728 2698 1767 es
2721 1710 2965 1767 Christus
2991 1712 3167 1768 Filius
3193 1713 3309 1768 Dei.
3335 1712 3395 1769 Si
3416 1715 3562 1769 enim

1990 1803 2195 1873 syllaba
2225 1803 2621 1859 dubitationem
2646 1804 3093 1874 interrogationis
3121 1806 3381 1861 ostendit.
3420 1805 3564 1860 Pila-

304 1891 566 1960 quoniam
587 1894 734 1964 quod
765 1906 889 1966 post
911 1899 1025 1953 hzec.
1050 1900 1184 1955 dicit
1203 1903 1533 1973 evangelista
1560 1921 1573 1956 :
1611 1903 1758 1961 Tunc
1779 1909 1881 1960 im-

1989 1903 2077 1950 tus
2127 1906 2308 1951 autem
2358 1896 2760 1967 pronuntiative
2803 1914 2816 1951 :
2854 1896 2932 1951 Tu
2985 1914 3037 1952 es
3088 1911 3180 1952 rex
3213 1897 3561 1953 Juda’orum?

303 1983 504 2053 pletum
527 1996 605 2041 est
625 1989 766 2058 quod
786 1991 986 2046 dictum
1012 1993 1188 2062 fuerat
1211 2011 1305 2064 per
1333 1995 1642 2052 Jerentiatn'
1662 2000 1886 2070 prophe-

307 2085 417 2132 tam
456 2079 735 2147 dicentem,
761 2092 869 2139 etc.
900 2086 1102 2141 '.inter
1133 2103 1197 2142 ca
1221 2104 1344 2159 quae
1374 2094 1576 2160 scripta
1600 2101 1748 2157 sunt,
1774 2108 1883 2148 non

306 2167 582 2226 invenitur
612 2172 716 2228 hoc
735 2172 1001 2232 Ieremias
1016 2178 1216 2234 alicubi
1243 2180 1598 2250 prophetasse
1632 2184 1687 2237 in
1727 2184 1885 2241 libris

304 2262 444 2331 suis,
480 2267 576 2335 qui
604 2266 688 2322 vel
720 2268 774 2323 in
801 2267 1061 2327 Ecclesiis
1087 2272 1362 2343 leguntur,
1399 2275 1481 2330 vel
1509 2277 1649 2345 apud
1668 2275 1885 2336 Iudaeos

305 2356 654 2426 referuntur;
688 2362 734 2416 si
759 2363 884 2432 quis
912 2372 1091 2419 autem
1119 2375 1296 2434 potest
1326 2368 1489 2432 scire,
1515 2372 1764 2428 ostendat
1791 2373 1882 2428 ubi

306 2447 380 2502 sit
409 2450 672 2519 scriptum
703 2470 717 2507 :
747 2454 1001 2524 suspicor
1034 2464 1384 2514 auterrorem
1414 2475 1535 2516 esse
1565 2460 1880 2533 Scripturte,

262 2590 277 2596 -
304 2549 361 2595 et
380 2555 481 2611 pro
504 2540 768 2599 Zacharia
792 2546 1029 2616 positum
1054 2546 1372 2618 Ieremiam,
1395 2562 1488 2608 aut
1502 2568 1624 2610 esse
1643 2556 1882 2627 aliquam

305 2641 571 2689 secretam
596 2634 848 2695 Ieremia:
870 2639 1197 2710 scripturam
1222 2643 1274 2697 in
1318 2660 1426 2714 qua
1466 2646 1745 2702 scribitur.
1776 2645 1885 2703 Ta-

304 2725 374 2782 lis
417 2738 501 2784 est
533 2739 713 2784 autem
750 2738 931 2786 textus
962 2733 1105 2802 apud
1133 2732 1457 2793 Zachariam
1481 2737 1503 2769 ⁸
1535 2733 1879 2809 prepheiam.

305 2816 376 2872 Et
403 2818 579 2873 dicam
603 2819 671 2873 ad
713 2837 799 2876 eos
823 2838 842 2876 :
876 2823 938 2878 Si
960 2824 1154 2878 bonum
1182 2835 1261 2879 est
1288 2827 1345 2879 in
1365 2839 1643 2898 conspectu
1666 2839 1835 2885 vestro
1862 2872 1878 2897 ,

302 2911 427 2966 date
457 2916 744 2968 mercedem
770 2931 940 2970 meam
963 2958 979 2984 ,
1019 2926 1112 2971 aut
1155 2918 1444 2989 abnegate;
1488 2935 1539 2974 et
1577 2930 1881 2977 statuerunt

304 3004 592 3060 mercedem
630 3022 799 3061 meam
831 3009 1054 3080 triginta
1085 3022 1384 3082 argenteos.
1417 3009 1487 3064 Et
1524 3012 1663 3067 dixit
1698 3012 1882 3069 Domi~

303 3116 401 3153 tlus
441 3100 511 3154 ad
542 3116 622 3155 me
646 3117 664 3154 :
690 3100 901 3172 Depone
918 3120 1004 3158 eos
1035 3104 1090 3157 in
1115 3104 1405 3175 fornacem,
1431 3114 1482 3158 et
1520 3105 1636 3159 vide
1673 3108 1721 3161 si
1754 3123 1880 3178 pro-

304 3195 425 3249 bum
453 3209 553 3262 est,
594 3198 732 3252 sicut
764 3198 1017 3269 probatus
1043 3216 1160 3254 sum
1208 3216 1302 3271 pro
1320 3200 1419 3254 eis.
1454 3196 1522 3252 Et
1552 3201 1749 3268 accepit
1783 3201 1882 3254 tri-
1907 3238 1949 3296 ο

304 3289 450 3357 ginta
510 3298 804 3360 argenteos,
854 3300 903 3345 et
946 3291 1091 3345 misit
1137 3308 1223 3345 eos
1251 3292 1305 3345 in
1326 3291 1539 3345 domum
1577 3289 1793 3343 Domini
1823 3291 1879 3344 in

304 3379 589 3448 fornacem.
626 3378 683 3435 Si
712 3390 892 3437 autem
930 3382 1046 3437 hzec
1082 3381 1271 3438 dicens
1299 3380 1498 3452 aliquis
1526 3379 1880 3436 existimatse

304 3469 599 3536 oﬂ‘endere,
627 3474 802 3527 videat
832 3487 899 3528 ne
926 3473 1125 3528 alicubi
1160 3473 1215 3529 in
1246 3473 1472 3529 secretis
1489 3471 1741 3528 Ieremize
1776 3472 1880 3528 hoc

305 3564 680 3634 pr0phetatur,
716 3567 895 3623 sciens
916 3568 1175 3638 quoniam
1226 3577 1281 3623 et
1321 3565 1615 3637 Apostolus
1645 3566 1880 3635 scriptu-

305 3670 395 3709 ras
421 3656 684 3725 quasdam
730 3666 1064 3712 secretorum
1106 3662 1343 3727 profert,
1381 3657 1527 3713 sicut
1547 3656 1679 3713 dicit
1711 3657 1881 3711 alien-

304 3747 356 3801 bi
381 3750 401 3780 '
431 3748 619 3814 :Quod
661 3749 845 3805 oculus
890 3766 995 3805 non
1036 3751 1190 3817 vidit,
1219 3766 1309 3805 nec
1348 3751 1497 3805 auris
1543 3751 1791 3814 audivit;
1823 3751 1877 3805 in

304 3843 454 3896 nullo
480 3843 624 3897 enim
658 3844 889 3914 regulari
918 3843 1060 3898 libro
1080 3842 1185 3898 hoc
1202 3843 1435 3914 positum
1462 3842 1753 3901 invenitur.
1774 3842 1880 3897 nisi

306 3937 359 3989 in
407 3938 633 3992 secretis
662 3936 793 3992 Elia:
826 3938 1123 4008 pr0pheta3.
1167 3937 1294 3991 ltem
1326 3936 1472 4006 quod
1499 3935 1576 3989 ait
1607 3935 1651 3967 ³ο
1678 3954 1690 3989 :
1727 3932 1881 3989 Sicut

299 4026 518 4083 Jamnes
550 4042 597 4083 et
626 4029 889 4084 Mambres
913 4031 1218 4085 restiterunt
1251 4028 1446 4100 Moysi,
1475 4044 1579 4082 non
1607 4028 1880 4082 invenitur

304 4122 358 4176 in
391 4123 622 4191 pubtieis
653 4123 961 4192 scripturis,
997 4122 1089 4176 sed
1117 4121 1173 4176 in
1211 4122 1349 4175 libro
1379 4129 1617 4185 secreto,
1645 4118 1739 4188 qui
1784 4134 1879 4174 su-

303 4213 662 4283 prascribitur
701 4211 918 4269 Janmes
961 4222 1011 4268 et
1055 4212 1320 4267 Mambres
1364 4210 1512 4265 liber.
1555 4208 1713 4265 Unde
1755 4208 1878 4263 ausi

303 4316 429 4363 sunt
457 4306 679 4375 quidam
728 4305 1022 4377 Epistulam
1055 4307 1120 4362 ad
1171 4304 1518 4359 Timotheum
1575 4302 1875 4373 repellere,

302 4399 458 4467 quasi
496 4400 778 4453 habentem
820 4400 874 4453 in
917 4413 976 4453 se
1014 4406 1220 4453 textum
1251 4396 1487 4465 alicujus
1526 4393 1743 4460 secreti,
1782 4395 1874 4447 sed

304 4507 411 4545 non
455 4500 760 4561 potuerunt.
791 4490 1030 4544 Primam
1058 4498 1239 4544 autem
1270 4487 1570 4558 Epistolam
1591 4486 1657 4541 ad
1681 4485 1877 4541 Corin-

304 4583 469 4648 thios,
501 4591 721 4653 prOptcr
748 4584 851 4638 hoc
879 4585 1113 4653 aliquem
1160 4581 1429 4636 refutasse
1478 4580 1636 4650 quasi
1672 4578 1876 4633 adulte—

301 4677 499 4740 rinam,
530 4674 595 4727 ad
629 4690 788 4730 aures
816 4690 966 4729 meas
998 4687 1274 4742 nunquam
1307 4668 1604 4751 pervenit.’

371 4766 495 4822 118.
526 4766 682 4820 Iesus
726 4777 902 4820 autem
934 4765 1076 4819 stetit
1120 4773 1243 4816 ante
1288 4758 1588 4831 praesidem.
1618 4756 1687 4812 Et
1709 4758 1874 4811 inter-

303 4860 503 4929 rogavit
526 4875 643 4912 eum
662 4873 879 4927 prwses,
909 4858 1086 4910 dicens
1111 4870 1127 4907 :
1157 4851 1233 4907 Tu
1280 4870 1333 4907 es
1377 4868 1469 4905 rex
1512 4848 1823 4904 Judworum
1851 4848 1875 4901 ?

302 4952 453 5005 Dixit
480 4953 527 5004 ei
551 4949 706 5004 Iesus
732 4966 749 5003 :
776 4949 851 5002 Tu
881 4950 1016 5002 dicis
1041 4934 1115 5004 ¹¹.’
1149 4947 1284 5003 Vere
1309 4945 1468 5001 Iesus
1490 4959 1592 4996 non
1630 4941 1874 5010 rapinam

301 5043 589 5096 arbitratus
614 5052 824 5096 estesse
850 5059 904 5095 se
933 5039 1189 5111 (aqualem
1222 5038 1325 5092 Deo
1352 5038 1414 5088 ".
1439 5034 1504 5089 Et
1532 5048 1640 5087 non
1682 5028 1871 5094 semel,

302 5139 393 5192 sed
418 5137 729 5209 frequenter
760 5154 857 5208 pro
883 5138 1143 5192 omnibus
1172 5135 1411 5204 seipsutn
1447 5127 1771 5184 humiliavit.
1806 5125 1874 5180 Et

301 5246 446 5284 nunc
474 5244 605 5299 ergo
634 5230 799 5300 judex
819 5231 986 5284 totius
1014 5236 1278 5282 creaturae
1319 5225 1647 5280 constitutus
1688 5238 1716 5276 a
1770 5219 1875 5276 Pa-

300 5332 401 5389 tre,
457 5321 602 5391 Rege
648 5337 836 5393 regum
885 5333 936 5377 et
988 5319 1218 5375 Domino
1253 5318 1624 5381 dominorum,
1667 5313 1789 5368 vide
1818 5311 1872 5367 in

300 5422 561 5482 quantum
594 5428 652 5469 se
685 5413 992 5467 humiliavit
1034 5422 1093 5465 ut
1126 5409 1498 5481 acquiesceret
1550 5417 1695 5462 stare
1750 5412 1875 5459 ante

295 5504 533 5574 judicem
562 5515 692 5561 tunc
719 5516 875 5561 terrae
897 5504 1120 5568 Iudaeae,
1152 5512 1207 5558 et
1235 5509 1461 5558 vocatus
1506 5502 1873 5569 interrogatus

299 5608 382 5654 est
422 5599 899 5668 interrogationem
925 5639 941 5664 ,
982 5612 1145 5667 quam
1195 5595 1423 5651 forsitan
1476 5593 1729 5650 deridens
1778 5600 1874 5645 aut

370 5765 391 5796 ⁸
419 5762 577 5817 Rom.
606 5776 681 5821 vr.
711 5761 780 5821 ις
807 5759 967 5815 Ioan.
996 5775 1113 5821 xix,
1141 5758 1228 5812 Μ.
1306 5756 1325 5788 ⁷
1367 5752 1557 5810 Matth.
1588 5767 1736 5807 xxvn
1760 5793 1774 5814 ,
1806 5751 1860 5805 9.
1936 5745 1958 5778 ⁸
1995 5758 2091 5821 ξι..
2121 5719 2269 5821 {anet
2298 5746 2453 5821 εξ(ιῇ

302 5831 341 5865 ¹¹
602 5802 1245 5892 {It-EIiiff'I-"ﬁt'nis'd.
1281 5842 1341 5889 il,
1580 5802 1774 5880 blatch
1806 5802 1974 5882 xxv",
2007 5802 2100 5867 24⁷.
2179 5808 2222 5841 ⁸⁵
2263 5802 2393 5869 XIV;
2422 5803 2507 5857 δίο

301 5905 425 5968 1’8.
623 5994 896 6053 Pyram"
944 5987 1040 6085 Cn
1110 5984 1282 6048 XIII.

1989 1986 2257 2055 Quoniam
2320 1997 2502 2044 autem
2560 1990 2960 2059 pronuntiative
3016 1991 3124 2047 hoc
3160 1991 3296 2046 dixit
3320 1990 3559 2059 P.latus,

1990 2082 2120 2137 illud
2149 2097 2369 2154 quoque
2398 2083 2687 2139 conﬁrmat
2710 2083 2853 2154 quod
2891 2084 3055 2139 etiam
3085 2083 3214 2138 alibi
3254 2085 3561 2154 suprascri-

1986 2174 2066 2229 bit
2095 2175 2148 2229 in
2172 2174 2347 2242 titulo,
2384 2173 2493 2229 Rex
2512 2173 2847 2241 Iudworum,
2900 2175 2953 2228 in
2994 2175 3171 2232 tribus
3198 2175 3419 2247 linguis,
3455 2175 3561 2231 Hc-

1988 2266 2193 2332 braice,
2227 2266 2434 2334 Graece,
2469 2276 2523 2322 et
2579 2267 2788 2333 Latine,
2829 2276 2889 2323 ut
2928 2264 3160 2333 Hebraei,
3190 2276 3244 2323 et
3266 2267 3437 2324 Graeci
3462 2312 3477 2335 ,
3505 2278 3561 2324 et

1987 2355 2221 2413 Romani
2261 2364 2684 2428 cegnoscercnt,
2733 2356 2992 2427 quoniam
3023 2366 3077 2411 et
3115 2353 3325 2412 Pilatus
3357 2358 3563 2414 sciebat

1985 2463 2111 2505 eum
2160 2462 2338 2519 regem
2371 2446 2686 2503 Iudaeorum
2740 2462 2884 2503 esse.
2913 2447 3141 2519 Propter
3160 2449 3304 2519 quod
3338 2460 3562 2520 apparet

1986 2556 2112 2597 eum
2137 2556 2243 2611 qua
2276 2541 2577 2596 reverentia
2610 2540 2920 2610 requirebat
2947 2540 3012 2596 de
3034 2539 3189 2605 Iesu,
3213 2551 3267 2596 et
3301 2552 3562 2611 provoca-

1987 2637 2083 2692 bat
2106 2634 2270 2706 917
2305 2634 2564 2706 populum
2609 2642 2669 2689 ut
2703 2632 2890 2688 Iesum
2942 2634 3116 2704 magis
3168 2636 3236 2689 ad
3283 2635 3564 2692 dimitten~

1986 2726 2118 2783 dum
2153 2735 2397 2797 peterent
2445 2739 2608 2796 quam
2633 2722 2958 2778 Barabbam.
2996 2721 3335 2780 Reverentia;
3382 2733 3561 2779 autem

1985 2818 2145 2874 Pilati
2176 2818 2308 2872 illud
2340 2816 2507 2871 etiam
2542 2814 2645 2869 fuit
2689 2814 2944 2882 signum,
2971 2812 3117 2882 quod
3148 2813 3338 2868 lavans
3365 2827 3561 2868 manus

1986 2925 2114 2967 suas
2142 2907 2277 2962 dixit
2303 2926 2316 2961 :
2342 2904 2601 2960 lnnocens
2623 2916 2718 2973 ego
2737 2917 2858 2956 sum
2878 2919 2911 2955 a
2952 2902 3209 2971 sanguine
3249 2901 3407 2970 hujus
3428 2917 3448 2955 :
3472 2916 3559 2956 vos

1985 3000 2219 3058 videritis
2249 2998 2316 3053 “.
2345 2996 2502 3063 Quod
2543 3004 2723 3050 autem
2760 2993 2899 3048 dixit
2935 2992 3002 3047 ad
3033 2992 3332 3062 principem
3370 3007 3555 3049 sacer-

1984 3093 2171 3149 dotum
2207 3108 2221 3145 :
2253 3088 2332 3144 Tu
2356 3087 2569 3150 dixisti,
2617 3084 3014 3141 dubitationem
3051 3083 3171 3152 ejus
3216 3082 3434 3153 oblique
3466 3098 3558 3139 ar-

1984 3198 2157 3257 guens
2184 3180 2478 3239 convincit.
2512 3177 2579 3233 Et
2609 3177 2753 3248 quod
2790 3178 2866 3232 ait
2887 3174 3063 3231 Pilato
3090 3192 3103 3230 :
3138 3168 3215 3229 Tu
3247 3174 3405 3241 dicis,
3435 3190 3559 3231 sen-

1984 3274 2206 3332 tentiam
2236 3273 2357 3344 ejus
2382 3267 3108 3341 pronuntiantiseuntirtnat.
3127 3264 3346 3323 Marcus
3374 3274 3555 3321 autem

1983 3381 2083 3438 pro
2113 3383 2127 3420 :
2161 3364 2221 3421 Si
2249 3375 2305 3418 tu
2330 3380 2384 3418 es
2409 3361 2653 3429 Christus
2680 3359 2855 3413 Filius
2879 3359 2977 3413 Dei
3002 3400 3016 3425 ,
3041 3359 3124 3414 sic
3157 3358 3408 3413 scribit.“
3433 3377 3447 3414 :
3476 3354 3555 3413 Tu

1982 3475 2036 3514 es
2059 3456 2235 3512 Filius
2258 3455 2530 3511 Benedicti
2548 3456 2574 3510 2
2606 3450 2856 3507 Forsitan
2897 3457 2992 3505 aut
3012 3447 3146 3503 illud
3175 3448 3321 3519 quod
3345 3448 3560 3519 simpli-

1983 3552 2118 3607 citer
2144 3550 2408 3619 scriptum
2436 3556 2540 3611 est,
2577 3553 2672 3601 aut
2692 3545 2798 3600 hoe
2824 3542 2969 3613 quod
3003 3541 3345 3609 dubitanter,
3373 3542 3559 3597 nescio

1985 3644 2031 3699 si
2062 3658 2174 3698 non
2205 3641 2470 3697 mendosa
2504 3638 2742 3692 habeant
2769 3633 3103 3705 exemplaria
3124 3673 3140 3698 ,
3175 3647 3300 3686 cum
3340 3632 3559 3687 debuis-

1983 3745 2106 3793 sent
2157 3735 2320 3790 ambo
2369 3730 2652 3801 aequaliter
2703 3726 2886 3782 dicere
2919 3743 2935 3781 :
2967 3723 3024 3779 63
3071 3732 3126 3779 tu
3171 3738 3264 3787 es,
3303 3730 3438 3776 aut:
3478 3718 3556 3775 Tu

1979 3846 2055 3884 es.
3038 3832 3043 3843 ‘

2053 3920 2176 3976 M9.
2231 3916 2301 3971 Et
2349 3931 2468 3970 cum
2516 3921 2859 3968 accusaretur
2886 3928 2919 3965 a
2956 3910 3282 3980 principibus
3310 3906 3552 3963 sacerdo-

1982 4025 2093 4068 tum
2145 4022 2195 4067 et
2237 4010 2535 4066 senioribus
2580 4005 2768 4077 plebis,
2816 4004 2949 4057 nihil
2995 4002 3357 4072 respondebat.
3410 3999 3554 4055 Tunc

1978 4107 2118 4161 dixit
2148 4107 2197 4159 ei
2228 4102 2440 4165 Pilatus
2465 4116 2484 4154 :
2517 4098 2640 4153 Non
2678 4096 2833 4151 audis
2861 4104 3064 4166 quanta
3104 4095 3352 4149 adversus
3384 4099 3433 4147 te
3464 4093 3553 4146 di-

1979 4209 2104 4254 cunt
2135 4193 2476 4252 testimonia?
2503 4191 2571 4246 Et
2603 4207 2705 4245 non
2736 4187 3002 4260 respondit
3041 4187 3089 4240 ei
3120 4185 3289 4239 ullum
3319 4183 3550 4242 verbum.

1979 4292 2056 4347 ita
2082 4300 2144 4344 ut
2175 4289 2464 4343 miraretur
2492 4300 2684 4354 praeses
2732 4282 3053 4337 vehementer
3084 4280 3148 4332 ¹⁵.
3188 4277 3427 4333 Iudaica:
3465 4276 3554 4329 lit-

1978 4395 2108 4441 teras
2136 4379 2434 4437 occidentis
2457 4375 2692 4433 ministri
2714 4384 2767 4430 et
2792 4373 3056 4435 seniores,
3083 4370 3176 4425 [illi
3205 4377 3334 4426 sunt
3360 4382 3550 4424 eorum

1981 4473 2324 4531 sacerdotum
2364 4476 2420 4525 et
2447 4467 2724 4523 seniorum
2773 4463 2867 4534 qui
2906 4467 3303 4517 accusaverunt
3340 4457 3548 4519 Iesum,

1906 4598 1950 4651 Β
1983 4559 2385 4619 accusationem
2430 4571 2620 4612 eorum
2667 4567 2842 4623 usque
2888 4564 3035 4605 nune
3083 4548 3466 4617 suscipientes,
3498 4557 3554 4601 et

1978 4662 2301 4712 accusantes
2338 4649 2550 4704 Iesum.
2603 4645 2899 4715 Propterea
2932 4649 3282 4712 permanente
3308 4640 3390 4696 eis
3434 4639 3553 4710 ipso

1978 4756 2224 4819 peccato,
2255 4753 2308 4799 et
2337 4738 2696 4812 praeveniente
2735 4748 2830 4792 eos
2855 4734 3022 4790 semel
3057 4734 3161 4798 ira,
3201 4747 3376 4803 usque
3408 4731 3464 4787 in
3490 4732 3555 4786 il-

1982 4855 2103 4895 nem
2132 4837 2311 4891 adhuc
2342 4833 2628 4905 patiuntur
2658 4834 2971 4898 operatores
3004 4825 3128 4895 ipsi,
3157 4823 3402 4879 derelieti
3422 4838 3551 4879 cum

1982 4930 2182 5003 populo
2204 4927 2461 4982 universo
2488 4923 2626 4977 sicut
2656 4917 3052 4975 tabernaculum
3078 4917 3133 4969 in
3166 4915 3550 4978 cucumerario,

1980 5034 2029 5078 et
2066 5023 2202 5077 sicut
2228 5018 2414 5073 civitas
2440 5031 2558 5085 qua:
2593 5019 2925 5082 expugnatur
2950 5009 3011 5062 “.
3044 5007 3346 5062 Accusatus
3370 5015 3550 5061 autem

1978 5116 2162 5177 Iesus,
2211 5112 2352 5167 sicut
2394 5119 2525 5164 tunc
2562 5105 2699 5162 nihil
2726 5102 3026 5174 respondit,
3055 5102 3136 5156 sic
3164 5105 3218 5156 et
3258 5100 3422 5157 modo
3448 5101 3539 5156 ad-

1981 5222 2173 5263 versus
2224 5201 2602 5260 accusationes
2634 5197 2864 5252 istorum
2913 5193 3256 5250 sacerdotum
3286 5200 3342 5246 et
3372 5192 3551 5247 senio-

1985 5319 2105 5360 rum
2135 5298 2270 5355 nihil
2313 5291 2611 5364 respondit.
2643 5286 2811 5343 Tacet
2842 5286 2987 5342 enim
3032 5286 3112 5341 eis
3145 5282 3386 5340 Verbum
3428 5284 3550 5352 Dei,

1981 5406 2035 5452 et
2058 5396 2170 5466 jam
2206 5404 2315 5446 non
2349 5385 2580 5442 audiunt
2623 5381 2851 5437 verbum
2900 5377 3019 5442 Dei,
3067 5378 3213 5433 sicut
3255 5375 3552 5447 aliquando

1981 5488 2183 5544 factum
2220 5482 2395 5538 fuerat
2423 5478 2493 5534 ad
2528 5473 2841 5547 prophetas,
2886 5472 2942 5526 et
2980 5471 3032 5525 in
3078 5469 3554 5526 consummatione

1988 5578 2315 5639 saeculorum
2362 5584 2492 5628 caro
2537 5567 2713 5624 factus
2756 5573 2861 5629 est,
2891 5573 2944 5619 et
2972 5562 3235 5618 habitavit
3277 5560 3334 5615 in
3368 5559 3549 5615 nobis.

2529 5731 2549 5763 ’
2590 5729 2606 5784 I
2641 5724 2770 5784 Cor.
2811 5739 2871 5790 tt,
2906 5725 2960 5781 9.
3038 5720 3082 5757 ‘°
3121 5716 3166 5776 ll
3197 5714 3341 5778 Tim.
3371 5737 3459 5790 tu.
3494 5720 3547 5774 Ρ.

2589 5802 2630 5833 ³⁸
2670 5788 2866 5853 Matth.
2894 5811 3062 5863 xxvu,
3095 5791 3280 5849 12-14.
3320 5791 3403 5849 ;“
3444 5788 3550 5845 lsa.

3160 5949 3234 6015 66
