4004 6538
506 381 636 437 1771

1671 372 1833 435 ORlG
1844 366 1994 430 ENIS
2037 368 2102 424 lN
2144 358 2561 427 MATTHASUM

3618 344 3754 405 1779

502 501 569 559 Et
588 517 701 560 non
747 501 878 558 solis
908 500 1241 573 principibus
1285 498 1630 556 sacerdotum
1675 507 1729 554 et
1752 498 2060 555 senioribus
2089 494 2136 553 A
2165 501 2221 547 ut
2245 491 2489 548 solvatur
2523 502 2554 543 a
2580 478 3034 542 condemnation‘e
3060 471 3286 546 peccati,
3304 483 3545 526 maxume
3568 479 3752 524 autem

502 594 672 665 plebis
709 592 846 649 falsa
875 593 1265 650 accusantibus
1292 604 1399 647 non
1426 591 1726 661 respondit,
1762 592 1855 646 sed
1889 604 2067 658 neque

503 687 694 754 Pilato,
722 687 981 758 quoniam
1014 686 1230 743 volebat
1270 700 1395 741 eum
1446 683 1639 739 audire
1689 682 2067 738 defendentem

502 797 561 838 se
600 788 787 837 contra
830 778 1210 835 accusationes
1257 793 1446 834 eorum
1497 776 1806 832 mendaces.
1839 773 2069 841 Quando

502 871 649 927 enim
682 870 820 927 dixit
846 870 896 924 ei
940 866 1148 925 Pilatus
1181 876 1304 940 post
1341 869 1716 924 accusationes
1761 865 2068 937 principum

503 958 846 1017 sacerdotum
880 966 934 1013 et
965 958 1241 1013 seniorum
1275 975 1287 1010 :
1330 954 1448 1009 Non
1491 955 1643 1008 audis
1668 962 1867 1024 quanta
1899 961 1947 1005 te
1976 966 2070 1004 ac-

505 1059 690 1104 cusant
739 1048 825 1101 ‘7?
881 1062 1077 1117 neque.
1106 1044 1207 1115 ipsi
1255 1044 1555 1115 respondit.
1596 1043 1703 1098 Nec
1752 1042 1896 1098 enim
1952 1048 2073 1095 erat

504 1142 727 1214 dignum
767 1140 1094 1210 respondere
1126 1139 1207 1193 vel
1242 1138 1511 1193 dubitanti
1544 1146 1724 1191 utrum
1757 1134 1951 1189 debeat
1976 1132 2072 1189 ad-

505 1248 695 1288 versus
725 1230 1103 1286 accusationes
1141 1244 1329 1284 eorum
1361 1228 1529 1284 falsas
1560 1226 1911 1297 respondere.
1959 1224 2073 1279 lloc

505 1322 745 1377 diximus
776 1336 882 1375 non
915 1318 1066 1374 obliti
1095 1317 1239 1389 quod
1270 1317 1475 1372 dictum
1507 1326 1591 1372 est
1624 1317 1691 1372 de
1722 1315 1917 1379 Pilato,
1945 1314 2073 1384 quia

414 1404 422 1413 ’
506 1414 589 1470 vel
637 1419 969 1468 momentum
1021 1409 1238 1479 aliquod
1286 1410 1577 1480 benignum
1628 1424 1755 1480 erga
1793 1407 2072 1465 Christum

507 1502 758 1559 habebat.
790 1499 903 1556 Hoc
934 1499 1079 1555 enim
1126 1514 1313 1554 verum
1344 1515 1466 1556 esse
1495 1500 1562 1555 de
1606 1498 1782 1555 Pilato
1824 1513 1892 1555 ex
1923 1498 2072 1555 omni

508 1594 818 1650 narratione
864 1595 983 1665 ejus
1027 1592 1353 1649 ostenditur.
1378 1590 1497 1650 Non
1531 1601 1712 1648 autem
1740 1590 1923 1648 dicere
1950 1591 2073 1661 quis

505 1688 743 1754 audebit,
786 1687 1044 1761 quoniam
1090 1701 1413 1756 permanens
1446 1695 1500 1741 et
1528 1686 1741 1740 ﬁrmum
1784 1693 1901 1740 erat
1927 1685 1981 1741 in
2009 1701 2074 1741 eo

505 1781 574 1834 de
612 1779 829 1835 Christo
868 1778 1154 1850 judicium.
1193 1777 1535 1833 Trahehatur
1566 1778 1712 1833 enim
1745 1786 1799 1833 et
1829 1778 1897 1833 ad
1942 1793 2073 1833 cou-

505 1871 672 1926 traria
710 1889 724 1926 :
758 1878 1041 1942 propterea
1067 1882 1119 1926 et
1163 1884 1310 1924 nunc
1357 1870 1588 1925 trahenti
1637 1870 1703 1924 ad
1748 1869 2070 1926 deteriorem

507 1962 816 2032 opinionem
843 1961 1107 2017 Dominus
1139 1976 1245 2016 non
1280 1962 1577 2032 respondit,
1606 1963 1933 2033 contemptis
1959 1978 2075 2018 om-

506 2054 669 2109 nibus
720 2068 842 2124 quaz
878 2053 1024 2108 dicta
1070 2053 1286 2109 fuerant
1323 2054 1378 2107 in
1420 2054 1826 2109 accusationem
1878 2054 2071 2124 ipsius.

507 2143 732 2200 Miratus
758 2153 843 2200 est
869 2154 1046 2200 autem
1077 2144 1284 2201 Pilatus
1312 2145 1679 2200 constantiam
1704 2144 1859 2216 ejus;
1908 2144 2073 2201 forsi-

506 2248 598 2294 tan
641 2239 821 2296 sciens
863 2238 1140 2310 quomodo
1189 2238 1417 2294 idoneus
1464 2247 1606 2295 esset
1636 2239 1991 2309 pronuntiare
2021 2246 2075 2294 et

505 2329 780 2384 remittere
810 2329 1037 2394 crimen,
1069 2329 1299 2386 miratus
1331 2338 1416 2386 est
1457 2329 1647 2385 videns
1685 2344 1809 2384 eum
1842 2330 1896 2384 in
1924 2338 2076 2385 tran-

507 2420 674 2492 quilla
713 2429 769 2477 et
812 2421 992 2492 quieta
1033 2422 1309 2493 sapientiae
1341 2421 1623 2493 gravitate,
1659 2429 1715 2476 et
1757 2421 2072 2477 inturbabili

504 2526 632 2567 eum
682 2511 890 2582 judicio
941 2521 1105 2579 stare,
1144 2512 1209 2567 in
1259 2527 1370 2582 quo
1407 2512 1476 2566 ad
1523 2519 1751 2567 mortem
1782 2512 2075 2581 periclitari

506 2602 1020 2658 existimabatur'ab
1043 2602 1132 2658 his
1165 2602 1256 2672 qui
1292 2601 1511 2658 fuerant
1539 2602 1635 2668 ibi,
1662 2610 1717 2656 et
1744 2602 1934 2657 fortior
1958 2611 2076 2658 erat

507 2692 746 2748 humana
792 2701 1010 2759 natura,
1051 2701 1104 2748 et
1141 2692 1293 2748 omni
1336 2692 1458 2764 ejus
1503 2693 1817 2749 inﬁrmitate
1864 2694 2076 2750 volente

507 2782 808 2839 obtundere
853 2783 1109 2838 virtutem
1140 2782 1366 2854 spiritus
1400 2783 1540 2855 ejus,
1571 2799 1678 2838 non
1713 2794 1892 2839 autem
1938 2798 2077 2853 prae-

504 2871 717 2928 valente
747 2871 924 2929 facere
962 2873 1086 2930 hoc.
1119 2873 1276 2940 Quod
1308 2882 1490 2929 autem
1521 2874 1781 2943 scriptum
1826 2882 1930 2939 est,
1964 2889 2075 2930 non

505 2964 683 3019 solum
717 2962 903 3018 mirari
925 2961 1184 3030 Pilatum,
1212 2964 1307 3020 sed
1336 2964 1497 3020 etiam
1530 2964 1687 3021 valde
1714 2965 1920 3031 mirari,
1951 2978 2073 3019 mo-

504 3062 596 3111 vet
618 3068 706 3110 me
730 3062 785 3109 ut
807 3053 1135 3120 existimem,
1172 3055 1431 3125 quoniam
1461 3056 1684 3129 dignum
1715 3056 1766 3111 ei
1792 3056 2074 3112 videbatur

2172 585 2220 641 si
2259 580 2480 653 quando
2513 579 2709 633 trahent
2750 570 3071 646 perditionis
3103 576 3297 624 caetera
3332 576 3519 653 opera,
3558 559 3634 653 ad
3666 560 3756 612 he-

2167 648 2544 730 nefaciendum
2592 675 2773 723 autem
2832 660 3093 719 Ecclesiae
3143 656 3374 727 impiger
3434 652 3531 708 sit.
3588 648 3756 703 Tales

2168 767 2313 823 enim
2344 762 2585 820 invenies
2615 773 2759 829 saape
2799 755 2852 811 in
2887 751 3199 824 potentibus
3230 745 3588 805 constitutos,
3621 742 3758 795 alias

2168 858 2387 929 quidem
2414 861 2752 925 peceatores,
2777 856 2959 903 tamen
2982 858 3083 915 pro
3105 838 3453 902 Christianis,
3479 842 3756 906 quantum

2169 928 2431 1021 possibile
2455 945 2535 1001 eis
2560 952 2665 1007 est,
2714 938 2887 995 multa
2926 942 3167 1007 agentes.
3211 928 3518 985 Addueeris
3563 934 3758 980 autem

2171 1018 2347 1112 magis
2377 1037 2445 1093 ad
2474 1032 2862 1107 requirendum
2890 1029 3041 1092 talia,
3069 1026 3117 1082 si
3139 1024 3403 1079 rationem
3432 1020 3603 1074 habet
3636 1018 3758 1072 ido-

2173 1149 2331 1190 neam
2364 1130 2512 1203 quod
2545 1127 2711 1184 etiam
2751 1122 2917 1180 Israel
2957 1135 3057 1191 pro
3098 1119 3206 1174 vita
3247 1113 3761 1170 Nabuchodonosor
3814 1124 3833 1141 κ

2171 1237 2227 1284 et
2257 1225 2543 1280 Balthasar
2582 1220 2678 1276 lilii
2722 1218 2840 1289 ejus
2870 1215 3042 1271 Deum
3088 1211 3279 1268 orabat
3320 1209 3390 1263 “.
3428 1206 3537 1261 Sed
3566 1205 3679 1258 hoc
3708 1204 3756 1257 si

2172 1320 2386 1375 videtur
2431 1314 2594 1371 alicui
2626 1313 2854 1384 dignum
2887 1305 3267 1379 requisitione,
3296 1300 3559 1371 requiret.
3593 1295 3757 1363 Quod

2173 1417 2352 1465 autem
2381 1404 2734 1461 manifestum
2772 1408 2878 1467 est,
2906 1412 3100 1455 omnes
3142 1408 3337 1450 curare
3363 1400 3665 1452 tentemus,
3699 1393 3760 1442 ut

2173 1516 2240 1557 ex
2264 1499 2573 1571 petentibus
2600 1492 2946 1551 inveniamur
2973 1503 3115 1553 esse,
3146 1495 3201 1543 et
3232 1486 3286 1540 in
3321 1484 3515 1539 ordine
3557 1494 3758 1535 eorum

2174 1570 2279 1664 qui
2316 1591 2454 1647 bene
2486 1587 2760 1650 vixerunt,
2798 1580 2972 1653 magis
3001 1592 3167 1649 quam
3196 1591 3260 1630 ex
3293 1574 3400 1629 illis
3427 1588 3528 1644 pro
3551 1570 3760 1643 quibus

2177 1686 2380 1758 petitur
2411 1682 2570 1753 quasi
2598 1692 2698 1750 pro
2722 1673 3037 1732 hominibus
3060 1670 3238 1726 malis.
3266 1666 3398 1722 Nam
3429 1664 3533 1722 etsi
3561 1676 3762 1718 conce-

2176 1778 2337 1834 datur
2368 1774 2569 1845 aliquis
2598 1779 2851 1841 peccator
2874 1766 2942 1822 ad
2973 1777 3163 1834 preces
3203 1758 3482 1824 Ecclesiae,
3511 1770 3625 1809 non
3672 1763 3761 1809 ta-
3804 1766 3807 1769 ‘

2176 1885 2300 1925 men
2336 1843 2546 1938 justum
2576 1871 2660 1918 est
2688 1859 2918 1932 gloriam
2961 1865 3015 1912 et
3060 1850 3449 1909 beatitudinem
3483 1843 3758 1914 consequi

2172 1975 2299 2017 eum
2341 1958 2435 2029 qui
2466 1950 2780 2026 huiusmodi
2820 1958 2922 2015 est,
2950 1944 3149 2003 suﬂicit
3178 1942 3323 1999 enim
3347 1939 3496 2011 quod
3526 1952 3560 1992 a
3588 1950 3757 2029 βφπθ

2173 2026 2486 2106 dimittitur.
2550 2042 2803 2098 Arbitror
2859 2046 3043 2092 autem
3108 2042 3328 2105 propter
3379 2030 3550 2084 istum
3604 2026 3755 2081 diem

2174 2139 2372 2197 festum
2394 2136 2706 2192 Iudzeorum
2734 2131 2790 2186 in
2818 2143 2929 2201 quo
2956 2124 3233 2181 Barabbas
3262 2122 3327 2176 ad
3352 2121 3520 2175 vitam
3544 2118 3757 2173 electus

2175 2241 2280 2296 est,
2334 2228 2591 2286 Christus
2643 2232 2824 2280 autem
2879 2219 3174 2292 neglectus,
3230 2213 3398 2284 918
3453 2210 3755 2266 Dominum

2174 2321 2355 2378 dicere
2382 2332 2478 2389 per
2502 2313 2821 2387 prophetam
2851 2309 2896 2339 “
2941 2326 2957 2361 :
2986 2303 3224 2374 Jejum'a,
3257 2312 3306 2354 et
3331 2298 3517 2389 ferias,
3552 2306 3603 2349 et
3637 2296 3752 2348 dies

2175 2413 2336 2484 festos
2365 2385 2561 2465 uestros
2585 2405 2697 2460 odit
2724 2402 2903 2457 anima
2924 2414 3038 2452 mea
3059 2412 3080 2462 ;
3106 2404 3160 2450 et
3187 2391 3314 2464 quia
3342 2388 3522 2459 magis
3547 2385 3755 2442 solem-
3814 2412 3823 2418 ο

2177 2482 2401 2560 nitatem
2424 2513 2585 2572 agere
2617 2496 2907 2552 voluerunt
2928 2505 3053 2547 cum
3086 2489 3295 2543 latrone
3322 2482 3555 2539 dimisso
3579 2493 3751 2549 quam

2175 2611 2301 2652 cum
2329 2569 2483 2649 Iesu.
2506 2587 2666 2645 Verbi
2692 2584 2864 2655 gratia
2888 2582 3065 2638 dicam
3095 2597 3110 2635 :
3143 2577 3200 2633 Si
3222 2576 3461 2648 egissent
3485 2569 3754 2627 soani-

2175 2694 2340 2742 tatem
2381 2690 2526 2738 recte
2563 2679 2704 2735 sicut
2744 2674 2945 2735 Josias,
2989 2677 3085 2726 aut
3115 2667 3313 2739 aliquis
3344 2663 3540 2721 similis
3586 2662 3662 2726 ei,
3694 2668 3753 2716 et

2175 2775 2300 2832 data
2334 2774 2414 2830 eis
2448 2770 2642 2826 fuisset
2667 2781 2829 2838 quem
2868 2763 3066 2821 vellent
3094 2758 3305 2831 petendi
3352 2754 3591 2819 licentia,
3626 2753 3754 2808 sine

2174 2867 2345 2924 dubio
2377 2863 2562 2919 Iesum
2605 2856 2995 2931 postulassent,
3037 2850 3337 2907 Barabbam
3381 2855 3563 2902 autem
3608 2858 3752 2899 con-

2174 2956 2545 3013 demnassent.
2598 2949 2708 3005 Nos
2751 2956 2933 3003 autem
2982 2957 3201 2999 oremus
3246 2949 3305 2995 ut
3350 2937 3548 2993 festum
3597 2935 3749 2989 diem

2174 3047 2434 3111 colentes,
2466 3058 2570 3098 non
2598 3042 2649 3095 in
2680 3039 2934 3110 fermento
2960 3034 3141 3099 veteri,
3184 3045 3343 3101 neque
3385 3029 3441 3082 in
3486 3027 3749 3097 fermento

505 3159 704 3218 magno
725 3146 1090 3214 miraculo,ut
1113 3122 1389 3204 exhibitas
1412 3148 1477 3204 ad
1500 3122 1784 3204 criminale
1807 3148 2071 3220 judicium
2099 3163 2147 3225 ρ
2177 3140 2401 3196 malitia
2430 3144 2481 3191 et
2517 3133 2786 3205 nequitiae,
2826 3129 2916 3185 sed
2966 3130 3023 3183 in
3071 3126 3272 3196 azymis
3315 3122 3641 3177 sinceritatis
3695 3127 3749 3172 et

502 3237 756 3294 Christus
795 3237 1140 3294 inturbabilis
1172 3248 1438 3306 maneret,
1467 3250 1521 3295 et
1555 3248 1726 3295 staret
1756 3210 1881 3295 ante
1927 3256 2074 3296 mor-
2103 3210 2147 3225 υ
2177 3231 2415 3288 veritatis
2446 3229 2513 3295 ²²,
2542 3224 2845 3281 Barabbam
2888 3219 3108 3292 quidem
3143 3216 3525 3277 condemnare,
3553 3210 3746 3267 Iesum

491 3335 613 3417 tem
638 3342 761 3417 quae
777 3328 922 3417 apud
948 3343 1137 3385 omnes
1160 3329 1413 3385 homines
1426 3329 1687 3386 terribilis
1708 3331 2070 3386 existimatur.

576 3417 700 3473 120.
727 3414 831 3470 Per
854 3416 993 3469 diem
1014 3424 1186 3470 autem
1212 3417 1490 3472 solemnem
1515 3428 1854 3474 consueuerat
1878 3436 2072 3489 prwses

505 3510 769 3565 dimittere
795 3507 987 3579 popula
1011 3523 1174 3562 unum
1211 3510 1441 3565 vinctum
1485 3528 1635 3583 quem
1680 3512 1966 3570 voluissent
2006 3498 2070 3572 ‘3.

503 3600 622 3657 Non
644 3600 858 3657 mireris
884 3599 931 3657 si
960 3599 1139 3657 adhuc
1166 3602 1524 3672 primordium
1557 3605 1762 3663 habens
1792 3607 2073 3665 Romanus

504 3695 841 3767 principatus
878 3697 933 3753 in
958 3698 1060 3763 eis,
1093 3704 1145 3753 et
1182 3696 1393 3752 novitcr
1427 3696 1633 3755 Iudaeis
1671 3700 1863 3770 jugum
1897 3704 2073 3758 susci-

505 3786 778 3858 pientibus
806 3785 1201 3851 Romanorum;
1242 3788 1370 3857 quia
1412 3788 1673 3842 donatura
1705 3797 1822 3844 erat
1868 3788 2072 3847 Iudaeis

503 3885 567 3933 ut
595 3878 649 3933 in
674 3878 1017 3936 solemnitate
1045 3878 1287 3950 paschali
1320 3888 1564 3950 peterent
1597 3896 1761 3935 unum
1791 3897 1948 3952 quem
1977 3898 2073 3937 vo-

502 3969 750 4034 luissent,
781 3972 1032 4041 quamvis
1076 3973 1222 4028 mille
1264 3972 1575 4027 homicidiis
1607 3973 1878 4031 obnoxius
1919 3976 2071 4032 vide-

500 4068 671 4115 retur.
701 4057 793 4116 Sic
815 4061 958 4116 enim
983 4061 1248 4132 quasdam
1273 4061 1475 4132 gratias
1497 4071 1754 4133 praestant
1779 4074 1964 4136 gentes
1989 4066 2069 4124 eis

500 4163 640 4220 quos
684 4149 983 4221 subjiciunt
1012 4151 1135 4215 sibi,
1167 4153 1339 4206 donec
1367 4152 1722 4209 conﬁrmetur
1766 4170 1931 4225 super
1973 4171 2069 4213 eos

495 4240 685 4312 jugum
712 4241 979 4312 ipsorum.
1011 4242 1217 4300 Tamen
1238 4244 1581 4301 consuetudo
1609 4245 1724 4302 haec
1752 4247 2068 4304 absolvendi

497 4333 667 4388 vincti
710 4332 813 4388 fuit
853 4333 1147 4404 aliquando
1190 4341 1247 4389 et
1290 4334 1432 4404 apud
1473 4332 1714 4392 Iudaeos.
1756 4335 1891 4392 Nam
1938 4354 2063 4394 cum

501 4420 655 4478 Saul'
675 4423 1008 4480 decrevisset
1032 4433 1093 4479 ut
1117 4438 1186 4478 ne
1213 4423 1339 4495 quis
1368 4423 1636 4495 acciperet
1665 4425 1870 4493 cibum,
1897 4427 2068 4484 Iona-

2172 3336 2354 3384 autem
2389 3322 2456 3377 ab
2481 3318 2736 3376 omnibus
2763 3313 2996 3371 vinculis
3025 3312 3259 3366 liberum
3290 3307 3537 3376 accipere
3582 3304 3745 3359 nobis

2172 3428 2479 3473 mereamur
2523 3412 2579 3466 in
2607 3422 2789 3481 regem
2820 3414 2883 3462 et,
2904 3402 3213 3458 Dominum.
3251 3396 3318 3451 Et
3349 3394 3593 3466 quandiu
3629 3394 3745 3448 haec

2172 3509 2422 3571 facimus,
2454 3521 2560 3561 non
2605 3506 2999 3561 convertuntur
3030 3494 3145 3550 dies
3190 3491 3311 3548 festi
3341 3488 3515 3544 nostri
3547 3488 3604 3541 in
3655 3488 3740 3541 lu—

2170 3610 2342 3665 ctum,
2372 3612 2550 3669 neque
2578 3594 2793 3653 cantica
2832 3597 3019 3647 nostra
3056 3587 3111 3642 in
3146 3582 3611 3645 lamentationem,
3646 3577 3741 3634 sed

2169 3704 2330 3750 erunt
2354 3692 2408 3746 in
2440 3689 2598 3745 nobis
2626 3683 3001 3743 solemnitates
3029 3693 3190 3744 verae,
3214 3673 3589 3731 solemnitates
3620 3670 3735 3724 Dei.

2243 3784 2364 3841 121.
2413 3780 2655 3836 Habebat
2702 3788 2881 3831 autem
2920 3782 3041 3825 tunc
3077 3769 3304 3825 vinctum
3347 3764 3622 3832 insignem,
3651 3758 3741 3829 qui

2163 3874 2444 3931 dicebatur
2478 3868 2778 3926 Barabbas.
2813 3860 3155 3935 Congregatis
3192 3872 3313 3928 ergo
3359 3856 3457 3917 eis,
3493 3854 3633 3904 dix't
3665 3850 3738 3903 eis

2169 3965 2381 4020 Pilatus
2443 3978 2461 4016 :
2524 3961 2690 4026 Quem
2748 3955 2907 4010 vultis
2971 3949 3241 4006 dimittam
3311 3944 3498 4008 vobis,
3553 3938 3734 3994 Iesum

2169 4055 2493 4120 Barabbam,
2529 4068 2600 4106 an
2650 4048 2835 4103 Iesum
2877 4044 2967 4116 qui
3019 4041 3215 4096 dicitur
3264 4034 3548 4092 Christus?
3592 4030 3738 4087 Scie-

2169 4149 2257 4202 bat
2299 4147 2436 4202 em'm
2479 4142 2618 4216 quod
2669 4156 2761 4212 per
2812 4138 3066 4193 invidiam
3124 4132 3452 4188 tradiderunt
3504 4145 3622 4181 eum
3662 4127 3729 4181 ⁸³.

2166 4241 2224 4296 In
2272 4239 2457 4295 multis
2498 4234 2896 4305 exemplaribus
2940 4244 3051 4285 non
3092 4228 3397 4282 continetur
3443 4222 3588 4293 quod
3632 4220 3731 4273 Ba-

2166 4330 2366 4386 rabbas
2407 4329 2571 4384 etiam
2614 4324 2774 4381 Iesus
2817 4322 3134 4383 dicebatur,
3176 4328 3228 4373 et
3283 4316 3511 4371 forsitan
3565 4322 3726 4377 recte,

2167 4432 2226 4477 ut
2281 4438 2348 4476 ne
2406 4436 2604 4498 nomen
2654 4418 2784 4473 Iesu
2840 4412 3128 4470 conveniat
3182 4409 3342 4464 alicui
3392 4407 3725 4476 iniquorum.

498 4513 622 4570 thas
644 4523 825 4570 autem
858 4514 1039 4570 favum
1065 4514 1243 4570 mellis
1282 4523 1555 4586 gustasset
1575 4528 1763 4574 contra
1795 4520 1940 4591 regis
1969 4521 2064 4577 de-
2093 4508 2142 4567 υ
2170 4513 2225 4567 1η
2286 4520 2432 4567 tanta
2494 4495 2640 4565 enim
2696 4505 3045 4562 multitudine
3100 4500 3506 4571 Scripturarum
3561 4495 3727 4551 nemi-

498 4611 729 4668 cretum,
775 4604 982 4658 invenit
1020 4604 1317 4659 obnoxium
1364 4604 1677 4670 Ionatham,
1708 4614 1765 4661 et
1813 4609 2063 4678 quamvis

499 4693 670 4748 tilium
721 4694 1101 4756 constitutum,
1154 4704 1334 4749 tamen
1378 4702 1600 4764 propter
1650 4695 1871 4768 aliquod
1901 4698 2059 4768 jura-

496 4791 738 4839 mentum
775 4798 935 4840 suum
966 4783 1279 4839 decreverat
1306 4785 1609 4840 interficere
1632 4801 1755 4841 eum
1783 4805 1798 4843 ’.
1829 4789 1921 4844 sed
1951 4806 2059 4844 non

496 4873 787 4943 interfecit,
810 4874 960 4930 omni
1008 4874 1209 4945 populo
1238 4873 1403 4931 Israel
1437 4876 1854 4946 interveniente,
1883 4888 1935 4935 ct
1968 4897 2062 4950 pe-

494 4974 642 5022 tente
684 4981 809 5022 eum
852 4964 919 5020 ad
946 4965 1111 5020 vitam
1162 4965 1225 5019 ".
1278 4964 1386 5020 Sed
1429 4967 1572 5036 quod
1606 4966 1811 5024 Pilatus
1856 4970 2065 5026 dimisit

494 5073 664 5113 unum
696 5058 934 5114 vinctum
972 5058 1195 5129 populo,
1230 5058 1316 5114 vel
1362 5057 1492 5114 Saul
1522 5061 1818 5116 secundum
1847 5064 2061 5132 petitio-

496 5164 619 5205 nem
639 5149 823 5221 pepuli
844 5150 989 5221 quod
1013 5150 1217 5206 dimisit
1244 5148 1558 5219 Ionatham,
1584 5168 1689 5211 non
1722 5163 1808 5210 est
1837 5157 2058 5225 mirum;

495 5241 598 5297 sub
627 5242 786 5312 culpa
836 5244 982 5298 enim
1031 5253 1148 5297 erat
1192 5242 1476 5297 amborum
1529 5246 1825 5314 peten‘ium
1868 5247 2057 5316 vitam,

494 5334 751 5403 quoniam
799 5334 967 5391 Iudaei
1022 5350 1237 5404 semper
1283 5334 1505 5390 obnoxii
1551 5352 1724 5396 erant.
1765 5337 1869 5395 Sed
1921 5340 2058 5397 illud

495 5438 802 5491 quaeramus
841 5425 889 5481 si
920 5426 1023 5480 tale
1069 5425 1274 5495 aliquid
1320 5425 1413 5482 liat
1436 5438 1491 5481 et
1521 5427 1573 5481 in
1602 5427 1808 5498 judicio
1853 5430 1970 5498 Dei,
2006 5443 2057 5489 ct

496 5513 676 5569 omnis
719 5513 957 5571 Ecclesia
1003 5525 1186 5587 petere
1232 5518 1404 5588 possit
1436 5517 1671 5588 aliquem
1713 5532 2055 5580 )eccatorum

571 5717 620 5789 I1
650 5715 816 5789 Marc.
842 5728 930 5782 xv,
961 5718 1047 5789 4,⁸
1094 5718 1137 5750 ⁸⁸
1175 5717 1360 5775 Matth.
1395 5736 1577 5789 xxv",
1610 5721 1674 5782 15

492 5787 537 5819 "
573 5786 757 5843 Matth.
788 5803 956 5856 xxvu,
990 5786 1054 5843 16
1082 5797 1130 5845 ct
1167 5804 1318 5857 seqq.

2169 4620 2292 4659 nem
2331 4603 2535 4660 scimus
2578 4601 2763 4656 Iesum
2814 4606 3174 4669 peccatorem,
3212 4595 3354 4649 sicut
3398 4593 3451 4645 in
3484 4591 3606 4644 aliis
3634 4604 3728 4641 no-

2168 4695 2408 4750 minibus
2448 4692 2754 4747 invenimus
2793 4690 3086 4760 iustorum,
3109 4695 3168 4740 ut
3211 4682 3451 4753 ejusdem
3496 4678 3725 4734 nominis

2167 4787 2510 4843 inveniantur
2549 4798 2669 4839 esse
2705 4782 2867 4837 etiam
2907 4778 3099 4849 iniqui,
3146 4783 3354 4846 utputa,
3396 4772 3568 4827 Iudas
3595 4785 3721 4839 apo-

2166 4879 2340 4936 stolus
2370 4877 2603 4942 Zelotes,
2629 4884 2682 4930 et
2702 4872 2874 4928 Iudas
2902 4868 3229 4941 patriarcha,
3264 4867 3392 4920 item
3424 4875 3478 4919 et
3511 4862 3723 4917 Macha-

2166 4973 2315 5027 basus
2338 4968 2527 5034 Iudas,
2559 4980 2747 5022 omnes
2773 4962 3070 5017 laudabiles
3096 4976 3110 5013 :
3142 4958 3237 5013 sed
3268 4956 3437 5011 Iudas
3464 4954 3722 5025 proditor.

2164 5061 2232 5116 Et
2278 5063 2332 5116 in
2376 5059 2572 5116 Genesi
2624 5055 2972 5110 inveniuntur
3021 5049 3264 5120 ejusdem
3312 5046 3551 5102 nominis
3606 5058 3725 5098 esse

2164 5155 2259 5209 lilii
2305 5151 2458 5216 Scth,
2498 5159 2553 5205 et
2580 5147 2677 5203 ﬁlii
2709 5145 2869 5210 Cain,
2901 5146 3042 5200 sicut
3074 5142 3280 5204 Enoch,
3303 5149 3357 5194 et
3379 5137 3636 5201 Lamech,
3673 5147 3724 5189 et

2163 5243 2519 5300 Mathusalem
2563 5260 2576 5295 :
2615 5255 2723 5295 non
2752 5246 2933 5292 autem
2960 5234 3316 5292 conveniebat
3338 5246 3461 5287 esse
3493 5230 3598 5284 tale
3626 5229 3722 5283 ali-
3769 5276 3777 5285 .

2160 5337 2289 5407 quid
2323 5344 2375 5392 et
2405 5335 2458 5388 in
2489 5332 2708 5387 nomine
2734 5327 2885 5385 Iesu.
2918 5327 2982 5382 Et
3020 5340 3150 5398 puto
3169 5325 3315 5397 quod
3343 5324 3398 5378 in
3427 5322 3721 5378 haeresibus

2161 5431 2265 5485 tale
2305 5428 2511 5497 aliquid
2564 5423 2971 5494 superadditum
3020 5428 3123 5484 cst,
3172 5428 3233 5473 ut
3264 5418 3500 5472 habeant
3541 5415 3717 5483 aliqua

2159 5521 2532 5580 convenientia
2564 5519 2743 5573 dicere
2764 5515 2962 5572 fabulis
2986 5515 3122 5582 suis,
3148 5513 3215 5569 de
3244 5509 3598 5567 similitudine
3625 5520 3719 5561 no-

1809 5725 1850 5757 “
1887 5722 1905 5778 l
1946 5723 2069 5799 Reg.

2170 5743 2218 5783 v.
2332 5702 2376 5760 ³⁸
2417 5725 2612 5782 Baruc.
2650 5740 2686 5782 t.
2794 5724 2836 5757 ¹¹
2878 5721 2983 5779 lsa.
3025 5735 3063 5789 ι,
3118 5719 3241 5775 LL-
3301 5719 3347 5750 ¹¹
3385 5714 3557 5773 lCor.
3586 5731 3637 5782 v,
3662 5717 3713 5769 8.
