4004 6586
538 392 677 448 Ητὸ

1688 384 2012 445 ORIGENIS
2055 385 2120 442 IN
2161 384 2580 444 MAT'HIEUM

3648 396 3781 452 1775

521 516 704 567 centes
722 524 736 563 :
757 503 984 577 Sanguis
997 509 1110 578 ejus
1123 523 1275 578 super
1289 516 1461 575 nas,et
1481 507 1782 576 super/ilics
1796 505 2080 561 nostros”.
2112 516 2155 575 Α
2186 505 2331 575 quod
2360 516 2413 560 et
2441 522 2540 562 nos
2567 520 2810 575 quaerere
2835 507 3345 564 volueruntexitum
3376 508 3457 565 rei
3474 508 3547 565 de
3576 524 3783 568 corona

519 601 747 671 Propter
781 600 881 655 hoc
928 600 1004 656 rei
1042 598 1166 654 facti
1216 607 1343 654 sunt
1374 614 1481 652 non
1522 599 1696 652 solum
1734 599 1786 651 in
1822 598 2088 669 sanguine

519 693 927 762 prophetarum,
956 691 1047 747 sed
1071 690 1357 761 implentes
1378 705 1691 745 mensuram
1720 702 1932 759 patrum
1952 704 2086 744 suo-

518 801 663 847 rum,
688 783 815 839 lacti
846 792 973 839 sunt
1006 784 1080 838 rei
1113 785 1166 838 in
1198 784 1464 854 sanguine
1494 781 1735 847 Christi,
1774 791 1832 835 ut
1861 781 2087 836 audiant

514 876 685 932 Deum
745 877 846 932 sibi
894 877 1161 933 dicentem
1191 876 1234 908 ³⁸
1268 895 1280 930 :
1320 875 1452 931 Cum
1508 873 1850 929 extenderitis
1895 891 2083 929 manus

512 978 713 1023 vestras
738 969 807 1023 ad
840 985 921 1023 me
941 1010 957 1036 ,
987 978 1221 1023 avertam
1249 970 1427 1024 oculos
1460 986 1602 1025 mens
1640 988 1672 1025 a
1695 969 1835 1024 vobis
1852 984 1872 1033 ,°
1894 984 2082 1022 manus

509 1060 647 1113 enim
674 1070 861 1114 vestra:
884 1061 1136 1131 sanguine
1166 1060 1334 1130 plena:
1354 1070 1497 1117 sunt.
1528 1060 1818 1131 Propterea
1852 1060 2078 1132 sanguis

507 1149 638 1206 Jesu
675 1166 784 1205 non
814 1153 989 1207 solum
1033 1168 1198 1223 super
1224 1167 1321 1207 eos
1352 1152 1530 1209 factus
1563 1163 1646 1210 est
1676 1155 1767 1223 qui
1802 1162 1932 1209 tunc
1967 1154 2083 1208 fue-

508 1250 658 1305 runt,
694 1258 882 1297 verum
930 1243 1092 1298 etiam
1145 1257 1309 1313 super
1348 1258 1541 1299 omnes
1569 1242 1943 1313 generationes
1984 1241 2082 1297 Ju-

506 1336 746 1390 daanrum
772 1343 897 1405 post
928 1344 1218 1405 sequentes
1233 1350 1409 1404 usque
1433 1334 1499 1389 ad
1527 1334 2076 1389 consummationem.

505 1426 795 1497 Propterea
835 1443 1009 1496 usque
1048 1441 1195 1481 nunc
1227 1427 1423 1483 domus
1458 1441 1649 1482 eorum
1694 1427 1956 1483 derelicta
1996 1436 2082 1482 est

503 1522 585 1576 eis
606 1521 840 1575 deserta.
878 1519 1085 1575 Pilatus
1106 1530 1285 1574 autem
1310 1520 1512 1575 oblitus
1534 1520 1828 1575 verborum
1852 1536 2076 1575 suorum

504 1612 775 1665 honorum
826 1612 1026 1681 quibus
1077 1622 1319 1682 cmperat
1371 1610 1662 1667 defendere
1706 1613 2074 1668 innocentiam

504 1702 729 1766 Christi,
761 1702 1039 1757 declinans
1070 1704 1136 1757 ad
1179 1703 1402 1767 malum,
1466 1717 1574 1758 non
1615 1703 1793 1759 solum
1856 1704 2078 1759 tradidit

497 1791 709 1862 Jesum,
754 1795 849 1849 sed
893 1795 1056 1848 etiam
1092 1795 1317 1866 ﬂagellis
1355 1803 1566 1851 caesum
1590 1796 1812 1851 tradilit
1845 1805 1904 1851 ut
1944 1813 2073 1851 eru-

498 1888 780 1958 cillgerent
824 1902 971 1941 eum.

569 1979 691 2035 125.
725 1977 870 2033 Tunc
902 1978 1094 2032 milites
1126 1976 1371 2047 prasidis
1409 1987 1746 2046 susceperunt
1787 1976 1972 2033 Iesum
2024 1979 2079 2032 in

493 2073 821 2142 praetorium,
861 2081 909 2124 et
952 2079 1388 2141 congregat-erunt
1431 2070 1500 2123 ad
1532 2085 1651 2123 eum
1694 2078 1860 2123 totam
1890 2068 2077 2122 cohor-

494 2174 617 2230 tem,
648 2174 697 2218 et
721 2165 1002 2218 induerunt
1028 2179 1146 2217 eum
1174 2161 1501 2232 chlamydem
1523 2162 1844 2223 coccineam,
1877 2170 1925 2214 et
1957 2176 2078 2229 pur-

489 2271 679 2325 puram
718 2253 1173 2309 cirrumdederunt
1211 2254 1279 2319 ei,
1315 2264 1364 2307 et
1405 2268 1651 2306 coronam
1691 2253 1753 2306 de
1790 2251 1955 2320 spinis
1983 2267 2071 2319 pa»

488 2357 705 2403 suerunt
746 2363 903 2416 super
938 2355 1095 2417 caput
1132 2345 1268 2412 eius,
1312 2355 1361 2399 et
1398 2345 1714 2400 arundinem
1755 2344 1810 2398 in
1853 2344 2074 2398 dextera

488 2441 623 2512 ejus,
658 2450 707 2496 et
738 2440 1165 2511 adgeniculantes
1208 2456 1287 2505 se,
1319 2438 1634 2493 deludebant
1659 2454 1777 2492 eum
1807 2438 2071 2522 dicentes:

489 2535 616 2601 Ave,
643 2548 738 2589 rex
762 2531 1074 2587 Iudaeorum
1100 2531 1164 2584 ⁸⁸.
1200 2529 1505 2585 Verisimile
1528 2539 1630 2596 est,
1661 2537 1720 2584 ut
1750 2529 1802 2582 in
1839 2529 2074 2599 primor-

486 2626 593 2682 diis
635 2635 764 2681 tunc
812 2625 1024 2680 naviter
1058 2624 1224 2678 erecti
1274 2622 1645 2692 imperatoris,
1686 2621 1906 2685 milites,
1938 2636 2074 2675 non-

485 2718 616 2773 dum
669 2718 967 2788 disciplinae
1021 2717 1269 2771 ordinem
1322 2722 1712 2770 conservantes
1766 2713 2069 2779 decentem,

483 2819 637 2867 extra
662 2809 1113 2867 consuetudinem
1145 2807 1442 2877 disciplima
1472 2822 1593 2876 quae
1613 2821 1762 2863 nunc
1788 2812 1891 2873 est,
1927 2804 2071 2861 face-

480 2913 605 2960 rent
629 2904 683 2959 in
707 2904 1067 2965 Salvatorem,
1097 2900 1316 2970 quando
1346 2899 1675 2969 accipientes
1701 2914 1824 2952 eum
1853 2899 1905 2952 in
1933 2914 2071 2968 pra:-

479 3000 681 3054 torium
712 3003 1181 3067 congregaverant
1206 3001 1376 3049 totam
1407 2993 1711 3060 cohortem,
1738 3001 1793 3047 et
1824 2990 2070 3047 fecerunt

478 3107 601 3162 quae
639 3089 832 3146 fecisse
875 3090 1150 3154 dicuntur,
1186 3086 1369 3142 lusum
1411 3086 1514 3141 sibi
1550 3084 1738 3142 Jesum
1782 3084 2064 3152 facientes,

479 3191 700 3251 propter
730 3180 874 3251 quod
910 3180 1225 3235 nominatus
1254 3177 1433 3233 fuerat
1462 3193 1559 3233 rex
1586 3176 1922 3233 Judaeorum.
1954 3176 2068 3247 Ego
2093 3225 2133 3251 ι,

477 3283 658 3327 autem
696 3279 828 3341 puto
873 3270 1073 3325 milites
1099 3269 1314 3335 fecisse,
1343 3269 1699 3339 operantibus
1731 3270 1785 3322 in
1836 3284 1895 3324 se
1925 3268 2063 3322 invi-

477 3364 728 3420 sibilibus
774 3364 1010 3434 regibus,
1046 3371 1100 3417 et
1152 3362 1484 3432 principibus
1518 3362 1702 3416 saeculi
1739 3362 1924 3431 hujus,
1964 3362 2059 3431 qui

477 3458 754 3511 astiterunt
792 3463 843 3509 et
885 3462 1234 3508 convenerunt
1275 3454 1328 3506 in
1371 3468 1533 3506 unum
1579 3454 1829 3507 adversus
1875 3451 2059 3506 Domi-

475 3565 602 3605 num
644 3556 693 3602 et
738 3547 988 3603 adversus
1029 3545 1298 3602 Christum
1334 3545 1446 3615 ejus
1474 3545 1537 3611 ³⁷,
1578 3554 1640 3600 ut
1686 3544 1932 3600 videatur
1966 3544 2054 3599 illa

473 3639 684 3696 delusio
706 3655 896 3694 eorum
924 3640 1105 3709 potius
1135 3638 1302 3694 fuisse
1322 3653 1485 3709 quam
1519 3637 1836 3704 hominum;
1863 3651 2052 3692 eorum

472 3747 654 3789 autem
705 3734 798 3805 qui
846 3749 950 3787 non
997 3744 1368 3803 cognoverunt
1414 3732 1466 3785 in
1514 3730 1600 3785 illa
1648 3730 2055 3800 dispensatione

472 3827 792 3897 sapientiam
827 3825 919 3880 Dei
948 3844 961 3879 :
995 3824 1055 3880 Si
1078 3826 1215 3879 enim
1244 3825 1622 3893 cognovissent,
1655 3838 1918 3893 nunquam
1946 3820 2054 3874 Do-

470 3922 671 3973 minum
700 3918 991 3984 maiestatis
1023 3917 1413 3986 cruciﬁxissent
1449 3916 1513 3969 ³⁸.
1551 3915 1692 3987 Ergo
1730 3915 1926 3970 cohors
1960 3914 2050 3968 illa

470 4011 786 4083 mysterium
817 4021 933 4065 erat
960 4010 1164 4064 militia:
1193 4008 1428 4079 alicujus
1460 4007 1727 4077 malignae.
1757 4006 1823 4061 Et
1848 4021 2049 4076 exspo-

467 4104 738 4159 liaverunt
764 4118 888 4158 eum
924 4102 1243 4158 vestimenta
1272 4101 1395 4172 ejus
1425 4115 1546 4171 qua:
1568 4099 1856 4155 desursum
1890 4098 2050 4154 babe-

466 4194 579 4257 bat,
616 4194 852 4249 tunicam
901 4193 1307 4257 inconsutilem,
1363 4200 1417 4246 et
1459 4192 1689 4258 stolam;
1740 4192 1856 4247 haec
1898 4192 2043 4247 enim

468 4285 783 4340 vestimenta
818 4284 936 4354 ejus
981 4284 1107 4338 talia
1139 4282 1390 4338 describit
1431 4280 1709 4338 Joannes:
1753 4291 1805 4337 et
1853 4282 2044 4338 indue;

465 4386 594 4431 runt
638 4392 762 4431 eum
802 4376 1119 4431 deludentes
1158 4383 1378 4444 propter
1428 4388 1626 4430 nomen
1673 4374 1794 4444 ejus
1840 4374 2038 4444 regale,

464 4468 773 4523 coccineam
795 4465 1156 4538 chlamydem,
1176 4480 1280 4519 non
1305 4466 1665 4536 intelligentes
1684 4466 1829 4536 quod
1853 4476 2038 4536 agunt.

2190 598 2376 667 spinea
2419 598 2584 654 semel
2629 598 2885 670 imposita
2927 610 2984 654 et
3031 615 3308 671 nunquam
3357 600 3635 657 detracta.
3668 602 3784 675 Ego

2187 688 2354 758 igitur
2379 688 2614 744 arbitror
2639 689 2899 758 quoniam
2935 690 3123 759 spinea
3157 690 3249 745 illa
3277 704 3482 746 corona
3510 705 3781 747 consum-

2188 789 2277 851 pta
2305 789 2390 837 est
2413 796 2444 840 a
2471 784 2648 852 capite
2669 779 2823 846 Jesu,
2851 791 2910 837 ut
2945 782 3058 852 jam
3090 799 3196 839 non
3229 783 3339 838 sint
3368 785 3544 855 spina:
3571 795 3784 842 nostra:

2186 872 2444 943 antiquae,
2476 883 2765 944 postquam
2796 874 2963 929 semel
2997 890 3090 931 eas
3116 891 3146 930 a
3174 876 3331 933 nobis
3364 876 3595 933 abstth
3616 874 3782 932 Jesus

2187 980 2351 1035 super
2380 966 2686 1021 venerabile
2721 974 2887 1036 caput
2928 982 3113 1022 suum.
3163 967 3218 1022 Si
3268 977 3451 1023 autem
3489 979 3545 1023 et
3587 969 3661 1024 de
3691 984 3785 1024 ca-

2184 1056 2330 1112 lamo
2369 1072 2530 1127 quem
2580 1066 2881 1128 posuerunt
2925 1059 2977 1112 in
3012 1059 3229 1114 dextera
3262 1060 3403 1130 ejus,
3445 1059 3663 1130 aliquid
3702 1060 3783 1114 di-

2182 1164 2305 1204 cere
2335 1150 2608 1214 convenit,
2643 1150 2956 1220 hujusmodi
3000 1150 3234 1207 dicimus
3277 1152 3579 1208 rationem.
3613 1151 3781 1207 Cala-

2184 1257 2306 1297 mus
2331 1256 2461 1312 ergo
2499 1242 2588 1295 ille
2615 1243 2934 1313 mysterium
2976 1242 3076 1298 fuit
3101 1245 3299 1314 sceptri
3321 1245 3446 1299 vani
3483 1254 3541 1299 et
3565 1244 3780 1314 fragilis

2183 1347 2347 1402 super
2378 1348 2540 1403 quem
2572 1333 3020 1389 incumbebamus
3051 1350 3241 1391 omnes
3281 1336 3609 1406 priusquam
3658 1353 3778 1393 creo

2182 1424 2439 1480 det-emus
2474 1437 2746 1495 sceptrum
2790 1426 3035 1498 maligni.
3081 1426 3507 1484 Confidebamus
3531 1431 3685 1484 enim
3720 1430 3774 1484 in

2180 1516 2327 1585 virga
2358 1517 2623 1571 calamina
2653 1516 2890 1588 {EgyptL
2916 1518 2999 1572 vel
3022 1516 3334 1589 Babylonis,
3362 1521 3445 1575 vel
3474 1523 3779 1590 cujuscun-

2178 1622 2285 1678 que
2334 1609 2482 1679 regni
2514 1608 2775 1663 contrarii
2812 1618 3005 1664 contra
3051 1626 3276 1681 regnum
3322 1611 3440 1679 Dei,
3473 1621 3530 1667 et
3557 1614 3779 1683 accepit

2179 1700 2449 1754 calamum
2484 1700 2634 1754 illum
2671 1710 2726 1756 et
2752 1701 2960 1778 virgam
2992 1700 3198 1773 fragilis
3237 1704 3385 1774 regni
3416 1705 3483 1759 de
3513 1705 3779 1760 manibus

2180 1794 2402 1853 nostris.
2432 1804 2490 1848 ut
2524 1795 2815 1864 triumphet
2846 1811 2994 1862 cum,
3025 1796 3190 1867 920
3218 1806 3270 1853 et
3315 1807 3570 1853 conterat
3608 1799 3668 1853 in
3710 1799 3777 1853 li-

2006 1914 2018 1925 .
2106 1881 2147 1935 Β
2178 1901 2284 1955 guo
2322 1886 2536 1950 crucis;
2564 1896 2619 1942 et
2659 1902 2756 1958 pro
2800 1888 3013 1944 calamo
3055 1890 3147 1945 illo
3190 1890 3358 1960 priori
3392 1905 3562 1960 super
3602 1907 3771 1961 quem

2180 1975 2332 2044 prius
2382 1978 2857 2045 recumbebamus,
2901 1981 3052 2036 dedit
3093 1980 3252 2036 nobis
3296 1991 3574 2051 sceptrum
3615 1982 3774 2052 regni

2179 2068 2440 2135 ccelestis,
2469 2078 2523 2125 et
2556 2072 2764 2142 virgam
2808 2072 2877 2127 de
2912 2088 3021 2143 qua
3050 2074 3310 2143 scriptum
3348 2082 3433 2129 est
3474 2074 3560 2125 “z
3610 2071 3771 2143 Virga

2177 2160 2468 2229 aequitatis,
2493 2161 2643 2232 virga
2677 2163 2822 2234 regni
2858 2164 2967 2228 tui;
3003 2163 3086 2219 vel
3117 2165 3322 2234 virgam
3354 2179 3479 2235 qua:
3504 2164 3772 2233 corripiat

2175 2267 2270 2308 eos
2312 2252 2404 2323 qui
2435 2268 2572 2323 opus
2600 2254 2800 2310 habent
2823 2256 3184 2326 correptione,
3213 2257 3279 2312 de
3304 2272 3414 2327 qua
3445 2256 3583 2312 dicit
3616 2258 3769 2327 Apo-

2176 2343 2347 2398 stolus
2369 2343 2414 2375 “
2443 2360 2455 2395 :
2486 2344 2627 2410 Quid
2650 2345 2848 2400 vultis?
2872 2347 2927 2401 in
2956 2348 3102 2418 virga
3118 2349 3323 2401 veniant
3348 2349 3419 2402 ad
3446 2364 3536 2403 vos
3554 2350 3581 2404 .9
3610 2349 3773 2403 Dedit

2176 2434 2332 2489 nobis
2371 2442 2424 2489 et
2450 2434 2702 2490 baculum
2735 2446 2793 2491 ut
2825 2437 3162 2494 celebremus
3191 2437 3425 2505 Pascha,
3456 2442 3767 2497 secundum

2173 2527 2315 2596 quod
2346 2527 2607 2597 scriptum
2639 2538 2721 2582 est
2750 2528 2836 2581 “z
2874 2528 3068 2583 Baculi
3102 2533 3257 2585 vestri
3296 2533 3354 2586 in
3388 2534 3640 2588 manibus
3678 2550 3768 2587 ee-

2172 2617 2297 2670 stris
2322 2617 2464 2682 sint;
2498 2626 2557 2673 ut
2579 2617 2916 2675 celebremus
2947 2618 3157 2676 Pascha
3189 2622 3525 2691 deponentes
3547 2624 3767 2694 virgam

2172 2708 2368 2762 calami
2405 2724 2525 2764 eam
2562 2724 2727 2778 quam
2780 2709 3114 2768 habebamus
3150 2713 3469 2784 priusquam
3510 2715 3765 2772 celebra—

2173 2815 2355 2856 remus
2390 2798 2602 2854 Domini
2646 2799 2877 2856 Pascha.
2912 2801 3229 2859 Percutiunt
3265 2815 3444 2859 autem
3489 2819 3617 2861 curn
3654 2807 3767 2864 hoc

2169 2889 2350 2961 fragili
2383 2901 2435 2947 et
2466 2907 2609 2947 vano
2643 2893 2853 2950 calamo
2889 2902 3053 2963 caput
3084 2893 3211 2950 Jesu
3260 2898 3589 2964 venerabile,
3613 2915 3764 2968 quo-

2169 2984 2314 3038 niam
2342 2993 2397 3038 et
2424 2998 2639 3054 semper
2667 2999 2895 3055 regnum
2938 2985 3074 3040 illud
3118 2988 3451 3044 contrarium
3482 2991 3766 3046 conviciat

2165 3085 2220 3131 et
2245 3075 2493 3130 verberat
2519 3074 2687 3132 Deum
2715 3075 2955 3144 Patrem,
2981 3088 3141 3149 caput
3173 3078 3387 3135 Domini
3428 3079 3758 3140 Salvatoris.

2167 3167 2234 3224 Et
2260 3169 2315 3223 in
2352 3168 2437 3225 his
2481 3170 2738 3226 omnibus
2770 3173 3050 3242 unigenita
3076 3174 3249 3229 virtus
3280 3174 3457 3229 nocita
3502 3191 3611 3230 non
3645 3187 3759 3245 est,

2166 3261 2309 3317 sicut
2352 3277 2452 3317 nec
2489 3276 2649 3333 passa
2681 3272 2765 3318 est
2796 3263 3021 3335 aliquid,
3068 3266 3205 3321 facta
3248 3282 3350 3337 pro
3395 3268 3552 3323 nobis
3584 3271 3760 3323 mate-

2164 3352 2390 3419 dictum,
2425 3368 2548 3409 cum
2579 3354 2898 3411 naturaliter
2935 3357 3238 3414 benedictio
3266 3368 3451 3414 esset:
3490 3360 3586 3416 sed
3621 3376 3752 3416 cum

2164 3442 2468 3499 benedictio
2508 3453 2670 3508 esset,
2707 3446 3068 3517 consumpsit,
3109 3457 3162 3503 et
3203 3450 3457 3515 absolvit,
3483 3461 3538 3513 et
3583 3452 3754 3508 dissi-

2161 3534 2309 3603 pavit
2340 3550 2556 3592 omnem
2600 3538 3033 3596 maledictionem
3065 3542 3382 3598 humanam.

2233 3628 2354 3685 126.
2394 3628 2658 3686 Εεεηηιεε
2697 3641 2873 3687 autem
2919 3634 3221 3688 invenerunt
3275 3636 3537 3691 hominem
3583 3636 3748 3708 Cyre-

2158 3736 2353 3787 nwum,
2403 3724 2609 3777 nomine
2661 3722 2929 3779 Simonem
2962 3739 2981 3778 :
3026 3726 3163 3779 hunc
3210 3729 3626 3798 angariaverunt
3686 3740 3748 3784 ut

2160 3811 2362 3867 tolleret
2406 3830 2612 3870 crucem
2649 3822 2762 3887 ejus
2785 3817 2851 3871 ⁸⁵.
2900 3818 3053 3874 Sicut
3095 3820 3238 3876 enim
3283 3824 3588 3879 secundum
3637 3834 3748 3883 tres

2155 3906 2515 3976 evangelistas
2564 3918 2803 3965 tentatur
2835 3927 2866 3966 a
2914 3913 3134 3969 diabolo
3182 3914 3386 3972 Jesus:
3433 3919 3741 3975 secundum

2154 3993 2418 4052 Joannem
2442 4010 2644 4065 autem,
2670 4002 2763 4071 qui
2792 4004 3054 4073 spiritalis
3083 4016 3293 4063 naturae
3318 4009 3438 4078 ejus
3467 4008 3602 4066 fecit
3627 4028 3743 4069 ser-

2155 4104 2395 4153 monem,
2424 4106 2530 4145 non
2567 4101 2805 4149 tentatur
2832 4111 2847 4147 :
2881 4111 2982 4152 nec
3005 4098 3150 4153 enim
3176 4107 3415 4156 tentatur
3437 4105 3663 4167 veritas,
3688 4114 3745 4159 et

2153 4180 2283 4247 vita,
2308 4191 2362 4237 et
2407 4185 2753 4252 resurrectio,
2787 4196 2841 4243 et
2869 4188 3052 4244 lumen
3097 4207 3325 4247 verum:
3363 4195 3457 4249 sed
3487 4198 3741 4251 tentaba-

2150 4280 2240 4341 tur
2263 4276 2563 4330 secundum
2595 4277 2870 4334 hominem
2896 4296 3059 4351 quem
3084 4296 3399 4354 susceperat
3420 4288 3740 4358 unigenitus

2150 4361 2327 4431 Deus;
2360 4367 2439 4421 sic
2466 4369 2763 4424 secundum
2788 4368 3053 4429 Joannem
3080 4376 3300 4444 quidem
3330 4375 3605 4445 Saltator,
3640 4382 3739 4437 im-

2148 4457 2480 4525 ponentibus
2511 4460 2592 4515 eis
2627 4462 2720 4532 qui
2747 4477 3109 4535 susceperunt
3138 4484 3286 4536 eum,
3321 4485 3541 4526 crucem
3574 4488 3733 4531 suam

462 4558 559 4615 illa
589 4570 769 4616 autem
803 4560 1054 4616 coccinea
1100 4558 1345 4631 chlamys
1379 4560 1696 4630 mysterium
1723 4567 1839 4614 erat
1863 4558 2040 4613 cocci-

2165 4555 2372 4601 )ortans
2396 4561 2652 4618 egressus
2684 4563 2768 4607 est
2805 4553 2859 4608 in
2902 4556 3084 4612 locum
3114 4559 3208 4629 qui
3237 4560 3440 4616 dicitur
3465 4561 3734 4622 Calvariaa

464 4652 550 4707 nei
591 4653 732 4721 signi
762 4651 907 4721 quod
938 4650 1199 4716 scriptum
1231 4660 1314 4705 est
1346 4650 1399 4703 in
1439 4648 1569 4705 Jesu
1611 4648 1758 4706 Nave
1788 4651 1854 4716 ",
1889 4650 2035 4721 quod

460 4743 526 4797 ad
558 4743 788 4798 salutem
830 4756 984 4796 suam
1026 4737 1216 4794 habuit
1245 4742 1336 4795 illa
1376 4740 1547 4806 Raab,
1582 4751 1636 4796 et
1668 4741 1722 4795 in
1766 4740 1959 4796 Genesi
1991 4740 2036 4772 ‘°

458 4835 605 4905 quod
649 4832 851 4888 factum
884 4841 966 4889 est
1009 4833 1062 4887 in
1111 4848 1222 4888 uno
1264 4832 1498 4887 filiorum
1541 4831 1780 4886 Thamar
1813 4832 1878 4885 ad
1911 4836 2033 4887 'ma~

457 4940 587 4979 num
616 4923 911 4989 nascentis,
946 4937 1001 4977 ut
1035 4938 1258 4978 coccum
1285 4923 1596 4993 alligaretur
1626 4921 1678 4975 in
1706 4921 1860 4991 signo
1891 4920 2036 4976 futu-

456 5031 531 5072 rae
551 5015 823 5087 passionis
849 5014 1075 5070 Christi.
1103 5013 1244 5084 Ergo
1269 5022 1323 5069 et
1350 5028 1492 5068 nunc
1518 5011 1821 5082 suscipiens
1851 5013 2035 5067 Domi-

453 5125 559 5164 nus
591 5109 899 5165 coccineam
926 5105 1288 5178 chlamydem,
1321 5106 1376 5161 in
1401 5121 1459 5162 se
1487 5105 1806 5175 sanguinem
1841 5104 2030 5159 mundi

450 5198 708 5270 suscepit,
753 5198 892 5254 etin
941 5198 1127 5268 spinea
1178 5197 1269 5252 illa
1315 5212 1516 5252 corona
1564 5195 1805 5265 suscepit
1847 5194 2034 5265 spinas

451 5300 794 5360 peccatorum
820 5300 1128 5347 nostrorum
1163 5292 1398 5346 intextas
1423 5289 1475 5343 in
1510 5290 1684 5358 capite
1717 5303 1836 5344 suo.
1869 5286 1934 5342 Et
1963 5288 2031 5343 de

449 5384 733 5453 chlamyde
757 5385 1018 5454 scriptum
1047 5394 1127 5440 est
1155 5386 1413 5455 quoniam
1446 5383 1626 5457 denuo
1659 5382 2033 5452 spoliaverunt

446 5486 569 5526 eum
600 5473 940 5545 chlamydem
970 5476 1316 5539 coccineam;
1352 5475 1417 5528 de
1456 5487 1658 5528 corona
1701 5481 1879 5526 autem
1921 5472 2027 5540 spi-

447 5570 547 5616 nea
606 5564 737 5617 nihil
788 5566 893 5619 tale
941 5568 1286 5637 evangelista:
1333 5567 1689 5635 scripserunt,
1734 5571 2020 5635 propterea

512 5769 556 5801 ³³
584 5769 773 5825 Matth.
800 5787 970 5838 xxvn,
996 5774 1087 5828 25.
1164 5775 1208 5806 ⁸⁵
1246 5772 1348 5828 Isa.
1387 5791 1423 5836 ί,
1456 5775 1541 5828 15.
1620 5775 1664 5807 ³⁸
1694 5774 1882 5829 Matth.
1925 5790 2096 5839 xxvn,
2118 5773 2189 5827 ‘27
2222 5783 2277 5829 et
2303 5791 2456 5845 seqq.

574 5840 619 5873 ⁸ο
644 5841 778 5897 Gen.
813 5858 1052 5900 xxxvrn.
1082 5843 1173 5898 27.
1251 5845 1291 5876 “
1320 5843 1464 5899 Psal.
1502 5845 1731 5900 μίγη.
1833 5846 1878 5876 ’δ’
1911 5843 1931 5896 l
1959 5846 2083 5900 (lor.
2126 5860 2199 5900 tv.
2226 5846 2318 5900 21.
2412 5847 2456 5878 "

1986 5881 2083 5900 ονιο
2126 5881 2199 5913 IV,
2231 5881 2318 5901 ιιι.

441 5855 500 5895 ιε.
574 5840 619 5873 ’⁵ο
644 5841 778 5897 Gen.
813 5858 1052 5912 xxxvut,
1082 5843 1173 5898 27.
1251 5845 1291 5876 “
1320 5843 1464 5899 Psal.
1502 5845 1731 5912 xt.tv,~7.

2145 4637 2318 4702 locus,
2357 4642 2656 4697 secundum
2692 4645 2930 4716 reliquos
2958 4658 3139 4704 autem
3171 4651 3274 4706 sibi
3306 4667 3428 4708 eam
3461 4671 3571 4710 non
3599 4673 3728 4727 por-

2141 4738 2238 4786 tat.
2268 4730 2543 4791 Exeuntes
2568 4738 2714 4791 enim
2758 4739 2852 4809 qui
2874 4740 3146 4817 ducebant
3167 4757 3292 4799 eum
3321 4746 3389 4801 ad
3407 4749 3729 4821 crucifigen-

2140 4824 2292 4889 dum,
2322 4825 2648 4883 invenerunt
2675 4832 2966 4900 quemdam
3015 4833 3356 4906 Cyrenarum,
3392 4839 3615 4894 nomine
3640 4839 3726 4897 Si-

2139 4933 2381 4986 monem,
2414 4938 2577 4992 quem
2620 4926 3045 4995 angariaverunt
3095 4936 3155 4981 ut
3192 4928 3464 4997 acciperet
3504 4945 3722 4987 crucem

2138 5011 2363 5069 Christi.
2402 5013 2519 5070 Non
2553 5026 2733 5072 autem
2771 5021 2948 5073 solum
3001 5016 3336 5074 Salvatorcm
3367 5022 3719 5079 conveniebat

2139 5106 2386 5175 accipere
2419 5123 2636 5164 crucem
2662 5124 2842 5173 suam,
2878 5111 2971 5165 sed
2998 5119 3053 5166 et
3085 5126 3184 5167 nos
3208 5112 3567 5169 conveniebat
3596 5130 3722 5184 por-

2136 5208 2254 5254 tare
2282 5216 2425 5266 eam,
2465 5201 2761 5257 salutarem
2808 5204 2968 5259 nobis
3007 5204 3285 5275 angat-iam
3335 5204 3715 5277 adimpleutes.

2137 5289 2248 5347 Nec
2281 5293 2475 5347 iterum
2520 5302 2699 5349 autem
2736 5295 2814 5351 sic
2850 5295 3206 5366 proditicandi
3255 5295 3541 5354 fueramus
3593 5314 3716 5355 cru-
3759 5327 3772 5343 ο

2137 5396 2254 5436 cem
2291 5383 2411 5452 ejus
2440 5384 2790 5453 accipientes,
2820 5396 3087 5455 quantum
3124 5386 3287 5442 modo
3324 5388 3714 5458 proditicamur

2136 5490 2164 5529 a
2199 5490 2361 5530 cruce
2394 5475 2534 5545 ejus,
2561 5492 2685 5531 cum
2712 5486 2767 5532 et
2804 5478 2919 5548 ipse
2960 5478 3061 5533 sibi
3092 5478 3326 5549 accipiat
3353 5495 3473 5536 eam
3500 5492 3554 5536 et
3589 5496 3713 5551 por-

2134 5575 2227 5621 tet.
2284 5566 2508 5633 Quaeres
2560 5569 2628 5633 si,
2671 5570 2972 5625 secundum
3019 5582 3247 5637 textum,
3295 5582 3589 5647 utrumque
3628 5582 3709 5628 est

2535 5777 2577 5808 ³⁷
2603 5776 2751 5832 Psal.
2780 5794 2838 5843 η,
2872 5779 2928 5834 2.
3006 5780 3052 5812 ³⁸
3076 5780 3096 5834 Ι
3124 5780 3248 5835 Cor.
3286 5796 3344 5845 tt,
3383 5782 3441 5836 8.
3519 5781 3689 5837 "los.

2412 5847 2457 5878 "
2484 5844 2661 5903 Exod.
2698 5864 2798 5909 xu,
2831 5850 2921 5905 ll.
3014 5849 3061 5883 “
3094 5849 3287 5907 Matth.
3322 5844 3497 5910 Xxvu.
3531 5852 3601 5907 52
