4004 6550
290 436 429 492 ΠΠ

1426 444 2081 509 COMMENTARIORUM
2118 452 2383 510 SERIES.

3412 467 3430 519 l
3449 465 3549 520 778

290 558 516 625 factum,
544 569 597 616 et
633 576 737 616 non
767 563 1053 619 dissonant
1085 563 1187 620 sibi
1234 570 1578 641 evangelista:
1617 571 1685 628 ab
1730 572 1870 628 invi-
1898 577 1945 637 Α
1974 575 2178 647 gratias
2216 592 2402 650 agens,
2441 578 2723 650 discipulis
2750 582 2915 648 dedit,
2947 595 2999 640 ct
3035 586 3285 656 promisit
3319 603 3376 642 se
3418 588 3550 643 bibi-

288 667 431 720 cem,
462 660 516 708 et
547 654 677 723 quid
706 671 894 710 eorum
931 658 1085 727 prius
1119 668 1202 714 est
1232 660 1430 716 factum
1458 679 1471 714 :
1501 671 1685 718 utrum
1722 665 1868 720 enim

288 744 379 814 qui
410 756 771 818 susceperunt
798 746 983 803 Jesum
1021 751 1087 804 ad
1140 752 1565 824 cruciﬁgcndum
1598 764 1653 811 et
1693 756 1870 826 impo-

289 826 478 893 nentes
510 838 559 892 ei
610 854 851 905 crucem,
891 850 950 895 ut
996 852 1219 911 portans
1249 860 1366 899 eam
1399 855 1555 901 exeat
1601 847 1652 901 in
1689 848 1871 904 locum

285 926 571 995 Calvariaz,
602 931 706 987 hoc
732 932 973 1002 primum
1007 932 1252 990 fecerunt
1284 938 1575 1007 antequam
1619 941 1870 1011 angaria-

284 1030 406 1076 rent
446 1021 726 1079 Simonem
762 1024 1079 1097 Cyrenarum
1109 1046 1122 1083 :
1151 1037 1247 1083 aut
1286 1031 1492 1102 egressi
1527 1032 1746 1102 quidem
1781 1049 1875 1088 an-

284 1114 635 1184 gariaveruut
658 1117 961 1188 Simonem,
992 1119 1122 1191 facti
1156 1131 1342 1178 autem
1372 1125 1437 1180 ad
1468 1126 1648 1182 locum
1672 1126 1725 1181 in
1761 1143 1874 1198 quo

282 1220 408 1260 eum
447 1206 667 1263 fuerunt
705 1212 1052 1280 suspensuri,
1088 1224 1389 1284 posuerunt
1417 1231 1637 1273 crucem
1676 1218 1725 1274 ei
1769 1213 1873 1289 ipsi

282 1306 344 1351 ut
372 1298 488 1369 ipse
518 1316 638 1355 eam
671 1311 933 1373 portaret.
972 1305 1035 1360 Et
1065 1307 1158 1377 qui
1194 1318 1372 1378 potest
1395 1310 1691 1374 discutere,
1725 1328 1870 1381 qua:-

283 1400 370 1445 rat
407 1391 710 1449 discutiens
737 1395 789 1448 in
822 1406 1077 1467 utroque,
1110 1407 1170 1453 ut
1201 1400 1437 1456 inveniat
1479 1410 1660 1457 ultum
1708 1403 1867 1457 linem

281 1484 564 1554 portanda:
596 1487 778 1543 crucis
824 1489 1056 1558 accepit,
1104 1500 1199 1545 aut
1232 1494 1405 1564 magis
1445 1493 1737 1565 Cyrenaeus
1783 1494 1863 1550 Si-

281 1591 432 1640 mon,
467 1592 573 1631 non
625 1577 850 1635 fortuitu
889 1584 1229 1652 angariatns,
1278 1586 1371 1641 sed
1417 1587 1717 1642 secundum
1763 1589 1866 1643 ali-

280 1684 445 1738 quam
479 1669 545 1724 de
581 1685 647 1724 eo
683 1674 1082 1740 prmscicntiam
1129 1674 1243 1739 Dei,
1286 1680 1585 1733 secundum
1631 1680 1866 1749 disposi-

281 1761 484 1816 tionem
528 1761 620 1818 Dei
652 1763 849 1822 ductus
884 1767 952 1821 ad
1001 1768 1105 1825 hoc
1139 1779 1197 1823 ut
1240 1772 1547 1842 evangelica
1586 1773 1865 1843 Scriptura

1976 677 2158 722 turum
2190 685 2387 724 novum
2424 671 2601 742 ipsum
2639 675 2689 726 in
2720 690 2881 746 regno
2916 675 3007 731 Dei

2046 758 2169 815 128.
2215 758 2502 831 Postquam
2548 774 2723 817 autem
2767 767 3147 835 cruciﬁxerunt
3182 786 3321 835 eum,
3360 772 3554 829 divise-

1978 857 2099 901 runt
2140 850 2240 904 sibi
2287 853 2594 906 vestimenta
2633 854 2765 923 ejus,
2800 865 2994 910 sortem
3032 860 3291 915 mittentes
3318 878 3336 915 :
3378 873 3425 917 et
3463 882 3548 919 se-

1976 938 2152 993 dentes
2179 941 2452 997 serrabant
2476 962 2594 999 eum
2622 945 2686 1001 “‘.
2729 946 2792 1002 Et
2818 957 2945 1003 sunt
2975 964 3147 1020 usque
3185 969 3328 1009 nunc
3350 956 3440 1025 qui
3469 958 3521 1025 ip

1978 1045 2099 1086 sum
2129 1032 2347 1101 quidem
2379 1050 2485 1089 non
2515 1035 2797 1103 habentes,
2818 1041 3135 1096 vestimenta
3165 1052 3365 1111 autem,
3390 1047 3439 1100 id
3467 1058 3548 1104 est

1978 1122 2139 1176 verba
2177 1123 2230 1176 in
2263 1122 2559 1195 Scripturis
2587 1129 2759 1197 posita
2790 1130 3008 1197 habent,
3038 1149 3137 1190 nec
3170 1135 3286 1206 ipsa
3324 1138 3389 1191 ad
3430 1141 3546 1207 plc-

1976 1231 2129 1282 num,
2157 1216 2248 1273 sed
2273 1233 2337 1272 ex
2366 1228 2538 1289 parte,
2564 1220 2923 1279 nihilominus
2953 1224 3056 1279 hoc.
3085 1227 3261 1297 ipsum
3289 1231 3546 1299 propheta

1974 1307 2184 1363 dicente
2218 1311 2533 1382 mysterium
2565 1312 2709 1382 quod
2737 1329 2880 1368 nunc
2903 1326 2981 1370 est
3021 1315 3320 1387 impletum.
3357 1318 3546 1377 Utrum

1972 1408 2153 1455 autem
2177 1403 2513 1458 conscissam
2537 1415 2620 1460 est
2645 1406 2860 1476 aliquod
2884 1410 3324 1468 vestimentorum
3352 1416 3470 1485 ejus
3490 1417 3546 1472 in

1969 1493 2059 1547 illa
2088 1494 2247 1566 921
2266 1497 2577 1566 partitione,
2596 1514 2664 1552 an
2690 1499 2887 1555 mansit
2905 1504 3333 1575 unumquodque
3353 1522 3544 1564 eorum

1970 1585 2241 1658 integrum
2287 1588 2427 1644 sicut
2460 1588 2580 1656 fuit,
2613 1600 2667 1644 et
2707 1593 2888 1661 qualia
2930 1590 3020 1647 illa
3068 1595 3390 1652 vestimenta
3426 1598 3543 1655 fuc-

1970 1688 2130 1744 runt,
2181 1696 2288 1735 non
2333 1681 2564 1753 legimus
2609 1686 2750 1754 apud
2803 1695 2911 1741 tres
2958 1690 3358 1759 cvangelistas:
3399 1694 3543 1762 apud

1967 1771 2231 1828 Joannem
2272 1785 2454 1830 autem
2489 1776 2782 1835 didicimus
2828 1783 2972 1851 quod
3006 1785 3205 1840 milites
3254 1796 3541 1857 postquam

279 1853 477 1926 dignus
508 1856 865 1925 inveniretur,
908 1868 963 1914 et
994 1860 1300 1918 ministerio
1336 1865 1517 1921 erucis
1548 1864 1776 1934 Christi,
1810 1867 1862 1922 in
1898 1874 1939 1929 Β
1968 1865 2355 1922 crucifixerunt
2378 1867 2677 1937 Christum,
2703 1883 3029 1943 acceperunt
3056 1876 3370 1933 vestimenta
3395 1880 3540 1951 ejus,

278 1962 388 2016 qua
420 1948 659 2004 mundus
698 1952 1037 2023 cruciﬁgitur
1071 1956 1299 2022 sanctis,
1334 1967 1387 2012 et
1418 1959 1591 2013 sancti
1635 1959 1861 2015 mundo.

279 2036 511 2104 Quidam
566 2049 747 2096 autem
803 2054 857 2098 et
910 2046 1190 2100 moraliter
1242 2063 1516 2118 exponere
1574 2050 1867 2106 voluerunt

277 2129 425 2186 hunc
465 2130 642 2201 ipsum
687 2131 967 2191 Simonem
1008 2136 1349 2209 Cyrenzcum,
1400 2157 1466 2195 ex
1496 2156 1561 2198 eo
1603 2143 1748 2212 quod
1797 2143 1866 2199 de

279 2221 559 2293 Pentapoli
594 2234 736 2280 esset
756 2225 994 2297 Cyrenes
1022 2229 1321 2285 secundum
1355 2229 1580 2303 Libyam
1614 2234 1681 2297 δ’,
1721 2232 1864 2288 acci-

276 2312 488 2382 pientes
520 2316 863 2372 occasionem
900 2319 967 2373 de
1008 2321 1263 2377 sensibus
1288 2323 1531 2394 quinque
1571 2335 1629 2381 ut
1655 2325 1860 2400 dicant,

274 2404 435 2474 quasi
481 2406 726 2479 quinque
776 2425 973 2467 sensus
1030 2422 1383 2482 portaverunt
1436 2416 1862 2486 dispensationis

276 2495 423 2553 illius
446 2513 685 2555 erucem.
712 2498 900 2558 Simon
924 2512 1105 2559 autem
1139 2506 1524 2577 interpretatur
1544 2508 1858 2564 obedientia.

273 2588 375 2644 Cui
415 2600 596 2647 autem
638 2594 810 2667 magis
852 2597 1209 2654 conveniebat
1257 2608 1323 2654 ut
1363 2616 1581 2656 crucem
1641 2602 1860 2658 Christi

276 2693 512 2751 portaret
546 2685 651 2742 nisi
690 2688 1047 2745 obedientite?
1089 2700 1203 2760 aut,
1254 2693 1395 2749 sicut
1435 2694 1708 2750 secundus
1751 2692 1861 2750 Liae

273 2773 419 2830 ﬁlius
446 2786 695 2842 vocatur,
724 2777 1004 2835 Simeoni?
1031 2780 1327 2852 Dupliciter
1350 2784 1495 2839 enim
1536 2785 1677 2855 apud
1712 2784 1859 2841 Grie-

270 2883 367 2924 cos
399 2870 715 2926 nominatur
760 2881 813 2927 et
852 2875 1184 2943 patriarcha,
1215 2886 1267 2932 et
1310 2876 1526 2941 Petrus,
1557 2878 1857 2933 secundum

272 2961 660 3032 prOprietatem
706 2962 957 3021 Hebraici
1011 2968 1304 3035 sermonis,
1354 2978 1413 3024 ut
1467 2971 1757 3026 conveniat
1807 2970 1857 3026 ei

271 3052 367 3123 qui
416 3053 490 3109 ita
538 3065 784 3124 vocatur,
827 3065 887 3112 ut
922 3069 976 3114 et
1018 3058 1205 3115 Simon
1251 3060 1466 3121 dicatur
1509 3069 1565 3117 et
1608 3061 1852 3129 Simeon,

270 3146 533 3215 quoniam
566 3146 757 3203 iisdem
793 3149 986 3205 litteris
1026 3152 1272 3207 scribunt
1317 3150 1526 3207 Hebraei
1559 3162 1614 3207 et
1637 3134 1856 3208 'Simeo-

1967 1964 2021 2010 et
2050 1954 2298 2011 fecerunt
2321 1969 2555 2029 quatuor
2573 1972 2773 2031 partes,
2808 1965 3100 2037 unicuique
3123 1968 3279 2024 militi
3306 1980 3541 2040 partem.

1967 2046 2229 2104 Tunicam
2269 2061 2472 2120 autem,
2504 2056 2761 2124 quoniam
2808 2071 2924 2115 erat
2963 2076 3071 2117 non
3104 2065 3415 2132 consulitis,
3444 2082 3539 2122 sen

1965 2154 1996 2193 a
2029 2154 2247 2196 sursum
2277 2143 2479 2200 textilis
2512 2161 2608 2215 per
2647 2156 2841 2215 totum,
2874 2150 3128 2208 dixerunt
3158 2155 3224 2211 ad
3262 2156 3492 2212 invicem
3520 2174 3535 2212 :

1967 2229 2090 2286 Non
2116 2235 2517 2291 conscindamus
2549 2255 2686 2305 eam,
2717 2242 2806 2295 sed
2837 2244 3129 2299 sortiantur
3151 2247 3216 2301 de
3243 2264 3304 2301 ea
3329 2249 3394 2303 ".
3419 2248 3537 2305 Non

1963 2338 2093 2393 ergo
2137 2339 2329 2382 omnes
2371 2343 2697 2400 acceperunt
2722 2348 2877 2398 eam,
2917 2335 3011 2389 sed
3047 2338 3138 2406 qui
3175 2340 3400 2397 sortitus
3430 2350 3533 2397 est.

1963 2414 2263 2486 Disputans
2307 2428 2488 2473 autem
2536 2422 2738 2491 aliquis
2774 2424 2840 2479 de
2877 2425 3178 2483 differentia
3224 2445 3411 2485 eorum
3443 2433 3537 2501 qui

1963 2509 2287 2565 vestimenta
2320 2509 2535 2566 Domini
2575 2513 2792 2580 habent,
2836 2517 3074 2573 inveniet
3102 2520 3220 2575 sine
3249 2520 3416 2577 dubio
3443 2523 3534 2593 qui

1960 2598 2015 2652 in
2043 2598 2388 2670 dogmatibus
2411 2603 2548 2670 suis,
2578 2605 2678 2658 etsi
2708 2620 2813 2660 non
2847 2607 3046 2664 habent
3068 2610 3266 2679 ipsum,
3294 2612 3534 2668 tunicam

1961 2695 2142 2745 tamen
2196 2692 2483 2747 desursum
2534 2695 2772 2749 textilem
2815 2712 2912 2766 per
2944 2705 3117 2754 totum
3164 2701 3409 2756 habent:
3445 2703 3535 2757 alii

1959 2790 2138 2834 autem
2185 2798 2284 2837 nec
2331 2782 2535 2852 ipsam,
2581 2786 2675 2841 sed
2724 2786 2962 2856 aliquam
3007 2789 3332 2858 particulam
3364 2794 3535 2848 vesti-

1959 2872 2125 2926 menti
2178 2874 2315 2943 ejus.
2374 2872 2439 2928 Et
2488 2874 2592 2930 hoc
2650 2878 2936 2932 considera
2991 2880 3173 2949 quod,
3231 2884 3531 2939 secundum

1955 2958 2266 3016 Matthacum
2299 2964 2345 2995 ⁸ο
2371 2966 2611 3035 quidem,
2642 2966 2801 3022 Jesus
2852 2969 3125 3039 accipiens
3156 2983 3368 3027 acetum
3405 2990 3529 3029 cum

1957 3050 2081 3108 felle
2112 3055 2431 3122 pertuistum
2481 3060 2741 3127 gustavit,
2773 3067 2827 3114 et
2858 3059 3035 3114 noluit
3082 3060 3296 3129 bibere;
3331 3079 3531 3119 secun-

1955 3144 2087 3200 dum
2119 3145 2358 3202 Marcum
2394 3157 2576 3204 autem
2610 3151 2677 3218 ⁸¹,
2708 3166 2831 3208 cum
2870 3153 3091 3210 daretur
3116 3153 3163 3211 ei
3190 3155 3529 3228 myrrhatum

270 3237 360 3293 nis
391 3253 590 3294 nomen
623 3247 677 3294 et
709 3237 969 3297 Simonis.
999 3240 1179 3299 Locus
1211 3255 1390 3299 autem
1426 3244 1688 3301 Calvarice
1719 3245 1855 3301 dici—
1880 3211 1925 3271 ο
1958 3238 2168 3305 Vinum.
2200 3254 2310 3294 ηοη
2333 3241 2561 3311 accepit-

269 3338 359 3385 tur
390 3346 501 3386 non
546 3332 984 3403 qualemcunque
1032 3333 1494 3404 dispensationem
1541 3335 1761 3402 habere,
1797 3346 1857 3391 ut

270 3421 382 3477 illic
429 3421 523 3491 qui
564 3437 663 3493 pro
708 3423 1019 3479 hominibus
1049 3424 1346 3479 moriturus
1381 3423 1577 3488 fuerat,
1615 3439 1857 3479 morere-

272 3521 382 3569 tur.
412 3512 573 3570 Venit
614 3515 760 3570 enim
796 3515 863 3570 ad
898 3532 984 3570 me
1028 3514 1246 3570 traditio
1280 3515 1527 3585 quasdam
1568 3515 1690 3569 talis
1714 3515 1851 3588 (89),

268 3606 415 3674 quod
449 3621 650 3675 corpus
676 3605 807 3661 Adae
844 3605 1003 3676 primi
1048 3605 1286 3660 hominis
1338 3604 1411 3659 ibi
1448 3606 1720 3674 sepultum
1768 3613 1855 3662 est

268 3697 362 3752 ubi
391 3697 686 3753 cruciﬁxus
714 3706 798 3754 est
821 3696 1094 3765 Christus,
1120 3705 1179 3752 ut
1204 3697 1344 3752 sicut
1370 3697 1426 3751 in
1458 3695 1629 3752 Adam
1663 3712 1855 3753 omnes

267 3791 598 3856 moriuntur,
643 3790 724 3847 sic
770 3791 825 3846 in
871 3791 1091 3846 Christo
1143 3804 1333 3845 omnes
1380 3787 1720 3844 viviﬁcentur
1765 3789 1849 3844 “:

270 3894 328 3939 ut
366 3884 422 3938 in
454 3884 572 3940 loco
608 3883 700 3939 illo
733 3883 827 3953 qui
857 3883 1059 3938 dicitur
1081 3880 1346 3937 Calvarize
1370 3880 1545 3947 locus,
1574 3881 1625 3935 id
1657 3888 1740 3936 est
1773 3880 1853 3936 lo-

267 3992 360 4029 cus
405 3976 617 4046 capitis,
665 3982 829 4045 caput
873 3972 1099 4029 humani
1138 3973 1355 4044 generis
1398 3971 1849 4027 resurrectionem

268 4068 508 4124 inveniat
549 4083 676 4124 cum
716 4067 917 4139 populo
958 4066 1213 4121 universo
1256 4082 1352 4136 per
1393 4064 1850 4120 resurrectionem

268 4158 482 4214 Domini
513 4158 829 4224 Salvatoris,
861 4158 954 4229 qui
990 4158 1063 4214 ibi
1091 4173 1285 4228 passus
1309 4165 1412 4223 est,
1444 4163 1497 4211 et
1527 4155 1845 4210 resurrexit.

264 4248 658 4306 lnconveniens
680 4250 826 4306 enim
855 4258 975 4305 erat
1001 4258 1059 4304 ut
1089 4265 1212 4305 cum
1246 4247 1402 4303 multi
1424 4262 1489 4302 ex
1527 4263 1591 4302 eo
1622 4246 1732 4302 nati
1764 4262 1850 4302 re—

267 4340 586 4396 missionem
641 4342 952 4411 acciperent
997 4348 1369 4412 peccatorum,
1426 4346 1480 4394 et
1525 4337 1847 4392 beneﬁcium

266 4432 685 4489 resurrectionis
715 4441 1201 4503 consequerentur,
1239 4448 1346 4486 non
1392 4433 1572 4503 magis
1602 4430 1716 4501 ipse
1746 4429 1848 4486 Pa-

2031 3329 2151 3384 129.
2188 3330 2257 3385 Et
2298 3332 2532 3388 sedentes
2563 3336 2840 3390 servabant
2871 3352 2988 3390 eum
3032 3337 3108 3391 ibi
3129 3338 3196 3395 δ’.
3231 3337 3296 3393 Et
3325 3339 3529 3397 milites

1956 3423 2175 3493 quidem
2219 3425 2512 3480 servabant
2553 3440 2774 3497 corpus,
2820 3427 3080 3482 submissi
3124 3444 3154 3483 a
3192 3429 3528 3499 principibus

1957 3513 2338 3581 sacerdotum,
2391 3514 2548 3585 quasi
2602 3514 2893 3573 furandum
2941 3532 2972 3572 a
3008 3517 3289 3589 discipulis
3327 3519 3446 3589 ejus
3482 3518 3530 3573 si

1955 3621 2062 3659 non
2118 3616 2461 3677 servaretur;
2526 3607 2862 3679 dispensatio
2927 3617 3107 3665 autem
3178 3610 3531 3666 resuscitavit

1953 3711 2100 3758 eum,
2143 3707 2194 3752 et
2246 3707 2412 3754 testes
2460 3699 2874 3755 resurrectionis
2925 3701 3045 3769 ejus
3092 3716 3213 3757 esse
3260 3703 3388 3758 fecit
3417 3720 3526 3761 non

1953 3787 2093 3844 duos
2135 3798 2366 3854 tantum,
2411 3799 2505 3843 aut
2549 3798 2695 3855 tres,
2751 3789 2845 3845 sed
2891 3790 3061 3845 multo
3110 3793 3312 3861 plures.
3365 3792 3526 3853 Visus

1952 3887 2035 3934 est
2064 3878 2208 3933 enim
2241 3878 2456 3949 Ceplne,
2480 3887 2666 3948 postea
2696 3878 2802 3933 illis
2834 3879 3103 3942 undecim,
3135 3879 3327 3936 deinde
3360 3898 3532 3953 appa-

1951 3971 2061 4025 ruit
2091 3970 2323 4040 amplius
2353 3985 2516 4040 quam
2556 3969 2868 4040 quingentis
2910 3968 3192 4035 fratribus,
3226 3976 3524 4031 novissime

1950 4073 2129 4118 autem
2163 4063 2408 4118 omnium
2457 4061 2625 4117 Paulo
2658 4063 2723 4118 ³³.
2754 4063 2819 4117 Et
2849 4080 2955 4117 non
2989 4074 3106 4118 erat
3138 4065 3410 4121 modicum
3447 4070 3524 4123 si-

1950 4173 2115 4227 gnum
2164 4157 2581 4213 resurrectionis
2613 4156 2732 4226 ejus
2773 4155 2918 4226 quod
2965 4171 2995 4209 a
3030 4158 3196 4213 tantis
3233 4168 3317 4213 est
3348 4160 3518 4226 visus,

1952 4250 2036 4305 his
2085 4249 2177 4320 qui
2228 4258 2585 4320 susceperunt
2616 4249 2914 4319 periculum
2959 4258 3017 4309 ut
3058 4251 3351 4320 praedicent
3389 4268 3516 4308 eum

1948 4344 2214 4397 viventem
2249 4342 2302 4396 in
2332 4342 2544 4412 populis
2576 4342 2669 4411 qui
2702 4341 2966 4412 petierant
3007 4357 3131 4396 eum
3175 4343 3240 4397 ad
3272 4360 3489 4398 crucem

1949 4435 2015 4490 Et
2058 4452 2202 4491 nunc
2243 4435 2371 4490 novi
2420 4435 2692 4505 principes
2742 4436 3110 4501 sacerdotum,
3146 4435 3392 4492 videlicet
3423 4436 3518 4493 htii

267 4527 350 4573 ter
392 4519 637 4575 omnium
678 4519 963 4576 hominum
1010 4520 1323 4592 hujusmodi
1375 4519 1605 4591 gratiam
1655 4535 1845 4576 conse-
1877 4548 1920 4604 ο
1953 4524 2259 4596 principum
2314 4523 2553 4589 illorum,
2602 4524 2829 4579 verbum
2878 4525 3123 4580 veritatis
3169 4527 3407 4596 positum
3462 4528 3517 4582 in

304 4619 488 4666 ueretu
496 4628 542 4666 1⁵.

265 4626 555 4759 ᾳυῗέῗυὲι
584 4703 836 4760 dederunt
863 4706 910 4760 ei
932 4714 1137 4759 acetum
1162 4706 1333 4760 bibere
1363 4704 1483 4775 felle
1507 4706 1741 4759 mistum.
1771 4704 1842 4760 Et

264 4810 385 4849 cum
418 4804 700 4866 gustasset,
736 4796 903 4849 noluit
934 4794 1104 4849 bibere
1128 4795 1195 4849 ".
1224 4793 1539 4850 Suﬂicichat
1568 4796 1711 4848 enim
1740 4810 1842 4849 no—

265 4886 349 4942 bis
391 4900 448 4942 ut
495 4894 705 4942 tantum
753 4897 997 4959 gustaret
1037 4903 1137 4957 pro
1184 4887 1360 4953 nobis,
1411 4888 1554 4943 sicut
1607 4895 1834 4941 mortem

264 4979 428 5034 tridui
458 4979 716 5049 temporis
756 4994 865 5035 non
902 4979 1225 5051 longiorem,
1257 4981 1336 5035 sic
1373 4988 1428 5035 et
1462 4988 1672 5035 acetum
1716 4978 1838 5034 felle

262 5075 603 5144 permistum.
638 5073 799 5130 Aliud
843 5082 1022 5130 autem
1071 5073 1254 5127 vinum
1297 5088 1405 5127 non
1451 5072 1669 5127 mistum
1711 5088 1833 5127 cum

262 5163 387 5221 felle
413 5181 513 5222 nec
536 5181 660 5222 cum
706 5165 892 5237 aliquo
919 5164 1215 5229 contrario,
1257 5163 1463 5232 accepit
1496 5173 1547 5218 et
1592 5162 1751 5230 bibit,
1782 5175 1835 5219 et

1954 4615 2251 4687 Scripturis
2303 4615 2628 4683 crucitlgunt
2680 4614 2832 4671 falsis
2879 4618 3314 4686 expositionibus
3363 4619 3515 4686 suis,

1947 4718 2001 4764 et
2050 4709 2310 4764 occidunt
2361 4707 2687 4775 mendaciis;
2744 4708 2967 4765 verbum
3018 4718 3197 4764 autem
3248 4709 3524 4778 veritatis,

1945 4801 2071 4872 quia
2107 4801 2248 4871 apud
2294 4801 2416 4855 illos
2461 4800 2679 4869 quidem
2723 4801 3008 4865 occiditur,
3059 4802 3192 4857 vivit
3226 4811 3406 4859 autem
3458 4803 3515 4859 in

1945 4907 2042 4946 sua
2071 4901 2288 4954 natura,
2321 4904 2536 4958 semper
2584 4887 2808 4956 invenit,
2852 4898 2906 4946 et
2952 4890 3102 4960 eligit
3152 4891 3260 4946 sibi
3293 4907 3421 4947 vasa
3458 4893 3513 4947 in

1944 4982 2143 5054 quibus
2173 4988 2438 5052 resurgat,
2469 4990 2523 5035 et
2551 4980 2728 5045 vivat,
2756 4989 2810 5035 et
2840 4981 3019 5038 adhuc
3053 4982 3349 5037 confundat
3380 4998 3513 5039 suos

1944 5066 2355 5135 interfectores,
2412 5068 2599 5123 multis
2657 5069 2982 5125 testimoniis
3039 5070 3218 5125 vivere
3277 5072 3510 5126 demon-

1943 5171 2195 5216 Stratum.

335 5346 380 5378 “’
413 5345 498 5402 Cf.
532 5347 650 5404 Act.
687 5364 751 5413 ιι,
780 5347 869 5405 10.
942 5346 1021 5400 ⁸⁸1
1050 5346 1175 5403 Cor.
1213 5364 1304 5412 xv,
1333 5346 1423 5401 ‘29..
1500 5348 1542 5380 "
1560 5348 1745 5402 Matth.
1779 5366 1855 5403 xx

1974 5351 2062 5404 54.
2138 5350 2184 5380 ⁸⁸
2210 5347 2340 5403 ibid.
2376 5348 2471 5411 53,.
2496 5347 2582 5401 56.
2663 5347 2709 5377 ⁸⁸
2734 5342 2892 5401 Joan.
2923 5360 3036 5407 XIX,
3071 5343 3162 5398 ‘24.
3238 5343 3288 5375 ’θ
3318 5341 3506 5398 Matth.

264 5431 438 5480 xxvn,
470 5416 561 5473 54.
661 5418 707 5452 ⁸⁸
742 5417 910 5473 Marc.
947 5434 1049 5483 xv,
1094 5417 1183 5473 2'5.

336 5604 451 5688 (39)
500 5604 761 5688 Venithad
797 5624 876 5663 me
907 5608 1124 5688 traditio
1161 5608 1405 5688 quwdam
1436 5608 1607 5688 talis1
1638 5617 1744 5688 etc.
1780 5609 1835 5688 In

264 5674 457 5749 Calen}
509 5693 617 5749 ms.
650 5676 835 5749 Graeca
876 5680 1035 5733 verba
1089 5674 1221 5749 hch
1246 5686 1461 5749 exstant
1506 5694 1518 5730 :
1561 5678 1700 5749 Περὶ
1742 5678 1838 5732 τοῦ

264 5746 506 5820 Κρανίου
532 5747 703 5820 fromn
735 5744 896 5820 ἦλθεν
922 5748 1291 5820 εῑςμήμᾶςέὄτι
1312 5819 1317 5820 ί
1338 5746 1574 5820 Ἐδραζρι
1609 5744 1811 5818 τὲαραδι

266 5814 484 5898 Magni,
527 5817 607 5898 ὄξει
651 5817 726 5898 τί).
753 5814 910 5888 eam
948 5814 1259 5898 roﬁ_"’A§.’zp.
1306 5814 1719 5898 ὲκεῖτὲορεπτᾴι
1754 5820 1841 5898 ἵνει

266 5885 390 5941 lusi.
413 5887 471 5941 ιν
501 5887 584 5959 τῷ
617 5887 784 5942 ’Λδὰα
809 5885 1004 5954 adv-re;
1040 5885 1461 5949 ἁποονῆσκουσι,
1496 5890 1655 5942 πάλιν
1681 5891 1739 5943 ὲν
1763 5885 1843 5956 τῷ

1260 5419 1305 5450 ⁸¹¹
1338 5416 1530 5471 Matth.
1568 5434 1751 5485 xxvn,
1779 5419 1866 5474 56.

1942 5420 1989 5452 ⁸⁸
2020 5419 2035 5473 l
2063 5418 2189 5474 Cor.
2229 5435 2328 5484 xv,
2360 5419 2391 5472 5
2423 5418 2477 5469 7.

1940 5611 2162 5683 Χριστῷ
2191 5612 2391 5676 πάντες
2426 5608 2820 5683 ζωοπρξηβῶσι.
2856 5607 2928 5663 De
2959 5605 3231 5683 Catuariw_
3250 5605 3365 5683 loco
3392 5619 3507 5674 per-

1940 5674 2078 5757 venit
2104 5674 2298 5757 minus
2331 5674 2550 5757 traditio
2583 5674 2950 5757 Hebraeorum,
2983 5693 3169 5745 corpus
3199 5674 3370 5757 Adam
3397 5690 3508 5757 esse
3542 5734 3547 5739 δ

1941 5752 2014 5807 ibi
2044 5748 2307 5821 sepultum
2330 5792 2346 5817 ,
2384 5761 2441 5805 ut
2482 5752 2619 5806 sicut
2663 5752 2718 5805 in
2766 5750 2934 5803 Adam
2977 5764 3152 5803 omnes
3187 5748 3505 5815 moriuntur,

1942 5839 2124 5878 rursus
2155 5824 2209 5877 in
2238 5822 2450 5877 Christo
2476 5838 2652 5877 omnes
2683 5821 3027 5891 vivi/icentur.
