4004 6528
510 376 534 431 i
548 375 652 433 779

1669 370 1994 431 (ιιιιιιΕΝιδ
2031 369 2097 427 IN
2135 366 2559 428 MAT-TIIA‘IUM

3621 366 3765 423 i780

584 491 705 563 150.
763 490 831 547 Et
886 491 1259 562 imposuerunt.
1298 509 1453 564 super
1500 505 1655 564 caput
1711 496 1824 562 ejus
1863 505 2078 551 causam
2109 493 2153 550 Α
2180 491 2332 558 pedes
2367 503 2505 542 meos
2533 488 2601 551 εί,
2628 494 2682 542 et
2724 499 2833 550 non
2874 484 3221 557 blasphemat
3240 481 3456 543 Iesum.
3489 482 3551 540 Si
3578 494 3763 539 autem

506 584 622 652 ejus
669 586 924 655 scriptam
956 600 974 640 :
1002 582 1106 639 Hic
1148 597 1224 640 est
1275 584 1466 650 Jcsus,
1518 602 1609 639 rex
1656 583 1969 639 Juawerum
2013 582 2080 638 ".

512 676 639 732 Sive
670 677 980 743 occasione,
1011 678 1126 733 sive
1158 679 1407 746 veritate,
1438 678 1691 733 Christus
1721 693 1813 732 rex
1842 692 2081 747 pronun-

509 767 697 833 tiatur,
725 778 779 823 et
808 768 989 824 omnis
1037 769 1217 823 littera
1252 784 1478 839 regnum
1528 768 1649 839 ejus
1684 778 1935 837 testatur,
1968 769 2083 825 sive

509 857 848 924 Grtecorum,
881 860 996 915 sive
1030 859 1421 927 Romanorum,
1452 859 1565 915 sive
1589 858 2003 926 Hebraicorum,
2029 865 2083 916 et

506 966 609 1022 pro
644 967 849 1008 corona
904 966 1068 1021 super
1119 960 1281 1022 caput
1341 952 1460 1023 ejus
1510 952 1818 1022 scriptum:
1862 952 1961 1006 llic
2003 961 2080 1007 est

507 1039 700 1105 Jesus,
752 1056 845 1094 res:
886 1037 1218 1095 Iudaeorum.
1270 1039 1336 1109 Et
1395 1055 1519 1095 cum
1573 1042 1724 1096 nulla
1776 1042 2081 1097 inveniatur

508 1146 675 1185 causa
702 1129 806 1185 alia
843 1130 1036 1185 mortis
1060 1130 1200 1199 ejus,
1238 1146 1337 1185 nec
1366 1130 1513 1185 enim
1539 1141 1678 1197 erat,
1708 1131 1821 1186 luce
1847 1130 2078 1186 habetur

510 1224 667 1279 sola:
705 1220 818 1276 Rex
849 1220 949 1277 fuit
975 1220 1323 1288 Iudaeorum;
1352 1223 1418 1278 de
1457 1238 1565 1293 qua
1606 1223 1820 1279 locutus
1850 1232 1953 1288 est,
1989 1223 2075 1278 di-

511 1327 640 1368 cens
664 1313 710 1345 ⁵⁵
740 1329 753 1365 :
789 1312 902 1383 Ego
936 1325 1111 1367 autem
1141 1315 1454 1369 constitutus
1479 1331 1594 1369 sum
1626 1330 1715 1368 rex
1747 1314 1811 1367 ab
1842 1330 1900 1368 eo
1924 1331 2082 1385 super

514 1403 644 1457 Sion
682 1412 910 1456 montem
935 1412 1175 1457 sanctunt
1202 1403 1338 1473 ejus.
1369 1402 1437 1457 Et
1464 1404 1716 1474 princeps
1742 1404 1961 1474 quidem
1995 1419 2083 1460 sa-

511 1493 791 1549 cerdotum
823 1497 1124 1549 secundum
1170 1494 1400 1550 litteram
1442 1479 1575 1565 legis
1614 1495 1865 1572 portabat
1898 1496 1951 1550 in
1981 1512 2071 1552 ca-

511 1584 619 1651 pite
648 1597 749 1638 suo
786 1582 1018 1638 formam
1053 1584 1217 1655 signi,
1254 1592 1307 1639 et
1344 1585 1828 1644 sanetilicationem
1862 1585 2079 1642 Domini

510 1673 766 1744 scriptam
814 1675 869 1729 in
909 1675 1170 1731 metallo:
1214 1692 1374 1733 verus
1408 1687 1588 1733 autem
1622 1678 1873 1749 princeps
1897 1695 2079 1735 sacer-

508 1767 695 1821 dotum
741 1772 796 1821 et
840 1781 932 1822 rex
983 1764 1142 1823 Jesus
1186 1769 1240 1821 in
1285 1782 1446 1824 cruce
1474 1768 1692 1839 quidem
1735 1770 1898 1827 habet
1939 1772 2078 1827 scri-

509 1868 660 1928 ptum
692 1875 705 1911 :
739 1857 846 1913 Hic
878 1870 954 1914 est
984 1874 1074 1913 rex
1096 1859 1440 1927 Judworum,
1472 1861 1771 1917 ascendens
1796 1872 1976 1917 autem
2011 1864 2077 1917 ad
2110 1849 2151 1904 Β

508 1949 745 2016 Patrem,
781 1957 835 2006 et
863 1951 1170 2021 suscipiens
1209 1950 1424 2006 Patrem
1462 1953 1516 2006 in
1552 1968 1611 2008 se
1657 1968 1757 2022 pro
1805 1954 1999 2009 litteris
2027 1964 2079 2010 et

507 2058 607 2112 pro
633 2043 855 2099 nomine
880 2043 1041 2098 habet
1071 2043 1164 2113 qui
1188 2044 1522 2113 nominatur,
1555 2054 1609 2099 et
1641 2044 1800 2101 habet
1831 2062 1955 2102 eum
1983 2063 2078 2103 co-

505 2149 720 2200 tunam,
754 2145 808 2191 et
854 2121 1146 2208 dignuseo
1185 2136 1430 2204 cn'ectus,
1460 2146 1514 2193 et
1547 2137 1748 2199 domus
1779 2138 1871 2194 Dei
1904 2139 2079 2197 Patris

506 2230 668 2299 digna
721 2229 987 2303 ell‘ectus,
1032 2231 1183 2287 solus
1242 2231 1566 2289 sufﬁcienter
1614 2231 1829 2290 Patrem
1888 2251 2079 2310 capere

506 2331 702 2392 potest.

581 2414 701 2468 151.
752 2413 896 2482 Tunc
939 2415 1318 2495 cruciﬁxerunt
1368 2433 1486 2472 cum
1538 2434 1598 2474 eo
1632 2419 1763 2475 duos
1810 2419 2078 2487 latrones,

506 2521 671 2565 unum
701 2523 733 2560 a
766 2507 992 2573 dextris,
1028 2519 1077 2562 et
1122 2525 1282 2563 unum
1314 2526 1347 2562 a
1391 2510 1622 2564 sinistris
1664 2512 1730 2567 “.
1771 2511 2079 2569 Crucilixus

507 2608 649 2655 inter
681 2599 922 2656 latrones
950 2600 1217 2657 Dominus
1249 2602 1391 2657 sicut
1424 2602 1524 2672 ipsi
1573 2603 1813 2659 latrones
1839 2604 2079 2675 implevit

506 2688 845 2759 prophetiam
881 2689 1148 2747 dicentem
1178 2691 1245 2747 de
1278 2706 1338 2746 se
1365 2692 1409 2723 "
1439 2707 1454 2745 :
1488 2691 1555 2745 Et
1600 2709 1720 2747 cum
1764 2694 1960 2766 iniquis
1988 2695 2080 2763 de-

507 2790 722 2852 putatus
765 2791 874 2855 est;
916 2792 970 2838 et
1000 2790 1084 2839 est
1113 2784 1300 2840 videre
1339 2784 1638 2856 discipulos
1682 2785 1804 2858 ejus
1834 2789 2080 2844 testimo-

507 2875 660 2927 nium
690 2873 882 2949 dantes
928 2875 1154 2930 culturae
1204 2875 1298 2931 Dei
1335 2892 1456 2947 quae
1492 2874 1591 2947 per
1617 2893 1742 2934 eum
1782 2888 1868 2936 est
1899 2881 2077 2936 intro-

505 2969 689 3034 ducta,
720 2984 844 3031 cum
884 2969 1088 3041 iniquis
1113 2970 1373 3040 reputari,
1416 2980 1470 3028 et
1514 2987 1640 3028 cum
1680 2972 1763 3028 eis
1807 2973 2074 3045 cruciﬁgi,

505 3071 600 3116 art
631 3062 910 3132 passiones
934 3063 1173 3134 reliquas
1201 3065 1494 3131 sustinere,
1529 3066 1673 3126 sicut
1700 3076 1754 3122 et
1786 3068 1885 3124 illi.
1916 3068 2075 3124 Mur.-

503 3152 607 3208 dus
632 3153 801 3221 enim,
825 3163 876 3210 et
899 3155 1125 3225 spiritus
1147 3156 1241 3226 qui
1277 3158 1329 3210 in
1359 3171 1426 3212 eo
1453 3165 1560 3222 est,
1587 3172 1835 3225 summos
1862 3174 2075 3229 semper

500 3246 859 3315 persequitur,
886 3247 1069 3313 viros,
1100 3256 1157 3302 et
1202 3247 1360 3318 punit
1393 3247 1613 3304 malitiae
1656 3250 1897 3319 quidem,
1924 3266 2075 3309 sum-

501 3347 625 3388 mos
658 3342 881 3411 pr0pter‘
918 3333 1200 3404 utilitatem
1236 3334 1531 3407 multorum
1568 3355 1581 3390 :
1612 3353 1859 3393 summos
1892 3349 2072 3407 autem

501 3422 1029 3500 virtutis,‘quo_niam
1075 3425 1525 3501 nonestdignus
1566 3428 1805 3483 mundus
1854 3429 1957 3485 iste
1994 3432 2077 3491 eis

502 3512 597 3583 qui
644 3528 753 3567 non
784 3513 1132 3594 considerant
1175 3500 1312 3585 quae.
1342 3516 1619 3591 videntur,
1667 3500 1769 3574 sedi
1797 3535 1918 3594 quas
1965 3536 2070 3576 non

502 3604 755 3659 videntur
783 3620 797 3657 :
826 3611 891 3681 et
911 3592 1269 3677 contemnunt,
1295 3622 1442 3683 eum,
1477 3608 1625 3681 sicut
1649 3616 1703 3664 et
1740 3609 1868 3665 olim
1898 3592 2073 3687 sancti

501 3697 844 3755 ambulantes
893 3699 950 3755 in
995 3699 1237 3772 melotis,
1275 3710 1329 3757 et
1371 3702 1425 3768 in
1461 3704 1715 3773 pellibus,
1749 3713 1803 3760 et
1856 3705 1909 3759 in
1945 3722 2072 3776 spe-

501 3789 701 3857 luncis,
727 3799 781 3846 et
812 3792 867 3847 in
897 3790 1066 3849 foveis
1099 3802 1279 3863 terras,
1310 3808 1544 3866 quorum
1577 3810 1686 3857 non
1728 3805 1845 3863 erat
1872 3795 2072 3868 dignus

500 3880 739 3936 mundus
760 3882 826 3936 ⁸⁸.

574 3970 698 4027 152.
730 3971 1081 4039 Transeuntes
1110 3985 1287 4030 autent
1326 3976 1757 4046 blaspltentabant
1801 3994 1920 4043 eum
1954 3995 2070 4032 nm-

499 4068 673 4115 uentes
719 4063 895 4131 capita
929 4080 1047 4128 sua,
1077 4074 1126 4118 et
1167 4066 1395 4120 dicentes
1424 4084 1443 4120 :
1495 4065 1605 4120 Val:
1634 4068 1724 4138 qui
1765 4067 2070 4123 destruebss

501 4151 773 4235 templum,
803 4164 851 4207 et
890 4154 948 4207 in
977 4155 1151 4236 triduo
1183 4157 1563 4227 recediﬁcabas.
1597 4156 1789 4212 Libera
1821 4159 2065 4228 teipsum.

498 4240 563 4319 Si
611 4236 794 4314 Filius:
816 4244 915 4299 Dei
961 4262 1036 4310 es,
1086 4246 1334 4323 descende
1376 4248 1441 4302 de
1484 4264 1655 4303 cruce.
1708 4248 1971 4305 Similiter
2017 4260 2067 4304 et

496 4334 759 4404 principes
789 4336 1446 4401 sacerdotum,deludentes
1480 4355 1599 4392 eum
1623 4355 1743 4393 cum
1768 4338 1990 4403 Scribis,
2018 4349 2067 4395 et

497 4426 895 4509 senioribus,‘et
936 4426 1227 4484 Pliaristsis
1269 4413 1560 4509 dicebant:
1588 4429 1737 4485 Alios
1770 4430 1941 4486 salvos
1984 4431 2066 4502 fe-

2186 580 2463 646 eeciderit,
2509 587 2605 635 aut
2632 578 2986 650 praeterierit,
3024 577 3109 632 vel
3139 576 3448 640 transierit,
3479 576 3566 631 vel
3594 576 3769 629 decli-

2187 671 2416 737 naverit,
2445 678 2572 725 tunc
2618 683 2742 723 eum
2778 667 3141 737 blasphemat.
3174 665 3327 721 Sicut
3354 665 3537 720 adhuc
3581 666 3679 735 qui
3711 666 3766 717 in

2124 764 2125 767 “
2185 761 2331 816 mala
2377 774 2540 831 opera
2593 758 2938 822 ceciderunt,
2981 766 3036 812 et
3086 756 3230 823 sicut
3272 756 3367 826 qui
3419 755 3769 825 reliquerunt

2184 853 2447 908 terminos
2474 860 2709 906 aeternos
2747 859 2801 905 et
2831 850 2973 903 viam
3007 846 3264 903 Ecclesiae
3294 847 3561 913 caelestis,
3587 856 3645 901 et
3663 845 3770 900 ﬂu-

2183 949 2463 1006 ctuantur,
2493 948 2548 995 et
2573 937 3033 994 circumferuntur
3056 937 3122 992 ab
3150 938 3292 992 omni
3318 946 3469 991 uento
3498 937 3773 991 doctrina

2182 1037 2235 1090 in
2273 1035 2495 1104 fallacia
2524 1035 2814 1099 hominum,
2863 1033 2918 1086 in
2960 1032 3184 1093 astutia,
3230 1031 3298 1084 ad
3338 1030 3638 1085 remedium
3680 1046 3771 1084 er-

2182 1128 2318 1181 roris
2352 1128 2417 1181 ⁶³.
2453 1125 2654 1181 Omnes
2691 1125 2835 1180 enim
2879 1123 3111 1178 haereses
3146 1131 3536 1193 praetereuntes
3582 1130 3642 1177 et
3670 1122 3771 1176 de-

2182 1219 2451 1273 clinantes
2482 1230 2602 1271 esse
2638 1215 2685 1271 si
2714 1216 2841 1286 quis
2872 1214 3098 1277 dixerit,
3146 1227 3252 1266 non
3297 1211 3584 1282 peccabit;
3638 1225 3770 1281 pro-

2181 1320 2361 1380 pterea
2395 1309 2539 1379 quod
2582 1319 2634 1362 et
2664 1307 2765 1378 ipsi
2808 1308 2948 1362 inter
2978 1314 3361 1377 praetereuntes
3393 1305 3677 1360 habentur
3710 1313 3769 1361 et

2181 1401 2565 1471 blasphemant
2590 1397 2777 1455 Jesum
2798 1439 2813 1463 ,
2857 1413 2963 1452 non
3011 1398 3274 1453 habentes
3304 1406 3472 1467 caput
3503 1396 3763 1463 ﬁrmum,

2182 1494 2276 1563 sed
2307 1504 2583 1551 moventes
2615 1494 2793 1568 ipsum
2826 1507 3046 1561 sursum
3074 1500 3128 1546 et
3153 1491 3406 1553 deorsum
3440 1510 3457 1545 :
3493 1494 3767 1561 quoniam

2182 1601 2289 1643 non
2322 1595 2451 1641 sunt
2480 1586 2794 1656 prudentes.
2821 1600 2920 1643 nec
2960 1585 3163 1645 habent
3192 1584 3378 1640 oculos
3409 1598 3545 1639 suos
3575 1583 3634 1636 in
3666 1598 3766 1637 ca-

2182 1679 2290 1747 pite
2323 1694 2445 1745 suo,
2494 1679 2549 1733 in
2584 1694 2695 1749 quo
2724 1678 2923 1734 habere
2964 1679 3281 1742 debuerant,
3311 1675 3648 1731 Ecclesiaste
3677 1674 3771 1728 di-.

2181 1780 2337 1825 cente
2363 1770 2409 1802 ⁸³
2435 1787 2448 1823 :
2484 1768 2746 1841 Sapientis
2768 1769 2911 1827 oculi
2935 1771 2988 1823 in
3011 1772 3185 1841 capite
3207 1769 3318 1839 ejus
3349 1778 3493 1822 sunt.
3525 1766 3766 1821 Frater-

2179 1861 2423 1916 euntium
2473 1876 2604 1932 ergo
2641 1869 2696 1916 et
2736 1859 3126 1915 declinantium
3166 1859 3327 1933 922
3356 1875 3500 1929 opus
3546 1866 3636 1912 est
3667 1854 3764 1910 Je-

2179 1967 2301 2006 sum
2348 1951 2725 2022 blasphemare
2751 1949 2951 2005 Filium
2983 1950 3099 2017 Dei,
3125 1955 3251 2021 quia
3293 1965 3443 2003 nemo
3473 1950 3532 2002 in
3557 1947 3762 2017 spiritu

2178 2043 2430 2114 loquens,
2484 2043 2615 2097 dicit
2669 2043 2952 2098 anathema
3011 2042 3140 2098 Jesu
3195 2043 3260 2096 “.
3309 2040 3521 2096 Diversi
3569 2048 3760 2093 autem

2178 2135 2670 2205 blasphemantium
2702 2149 2982 2191 sermones
3007 2134 3292 2203 habentur,
3319 2150 3558 2205 quorum
3583 2152 3760 2193 unum

2177 2237 2261 2284 est
2288 2227 2688 2297 blasphemum,
2714 2227 2859 2297 quod
2889 2226 3091 2281 dicitur
3117 2226 3185 2281 ab
3213 2226 3294 2282 eis
3324 2227 3419 2297 qui
3449 2243 3561 2283 non
3596 2228 3764 2283 intel-

2178 2320 2353 2397 ligunt
2396 2336 2494 2375 nec
2540 2318 2768 2375 audiunt
2815 2333 2939 2390 qua:
2981 2318 3261 2383 dicuntur,
3307 2333 3410 2374 nec
3438 2318 3508 2373 de
3550 2320 3766 2389 quibus

2178 2415 2447 2476 aﬂirmant
2475 2431 2489 2468 :
2521 2411 2683 2468 Jcsus
2710 2413 2856 2468 enim
2891 2411 3028 2467 dixit
3062 2428 3077 2464 :
3120 2409 3316 2467 Solvite
3349 2411 3604 2482 templum
3632 2413 3760 2476 hoc,

2176 2517 2223 2561 et
2250 2522 2344 2577 ego
2375 2506 2435 2562 in
2459 2505 2635 2558 triduo
2664 2504 2934 2559 suscitabo
2961 2502 3098 2557 illud
3127 2504 3192 2558 ⁸⁵.
3227 2502 3623 2559 Praetereuntes
3656 2519 3764 2558 au-

2180 2606 2309 2663 tem,
2343 2597 2501 2668 quasi
2531 2594 2655 2651 falsi
2686 2605 2871 2663 testes,
2898 2603 3089 2663 contra
3110 2593 3295 2650 Jesum
3319 2594 3579 2650 dicebant
3601 2594 3761 2665 quod

2178 2706 2287 2746 non
2320 2700 2439 2744 erat
2465 2688 2668 2743 dictum
2702 2687 2771 2743 de
2809 2701 2897 2754 eo,
2927 2695 3241 2765 appetentes
3281 2700 3406 2741 eum
3440 2703 3456 2739 :
3512 2683 3622 2737 Vah
3660 2685 3775 2755 qui,

2176 2784 2401 2839 destruit
2434 2784 2681 2853 templum
2711 2780 2826 2848 Dei,
2852 2791 2900 2835 et
2929 2781 2983 2834 in
3010 2781 3184 2857 triduo
3210 2779 3500 2848 recdiﬁcat
3520 2778 3664 2832 illud
3684 2778 3760 2835 “.

2177 2874 2295 2929 Non
2325 2874 2470 2930 enim
2510 2873 2627 2943 ipse
2658 2872 2891 2927 destruit
2920 2870 3200 2941 templum,
3226 2869 3318 2925 sed
3349 2869 3498 2949 quod
3527 2869 3618 2923 alii
3652 2868 3762 2924 de-

2178 2974 2400 3022 struunt
2433 2965 2549 3035 ipse
2575 2963 2846 3019 aediﬁcat:
2877 2962 2989 3018 sive
3022 2961 3280 3030 templum
3312 2961 3595 3032 preprium
3621 2974 3765 3014 cor-

2175 3060 2345 3130 poris,
2376 3058 2518 3134 quod
2554 3073 2587 3112 a
2628 3055 2829 3134 ludatis
2875 3054 3054 3111 fuerat
3107 3054 3361 3109 traditum
3396 3053 3585 3117 morti,
3633 3052 3770 3109 sive

2179 3130 2438 3220 templum
2484 3149 2702 3221 testium
2753 3130 2977 3203 suorum
3026 3156 3095 3225 ett
3128 3147 3370 3224 omnium
3402 3145 3499 3216 qui
3542 3145 3762 3200 habue-

2177 3254 2305 3300 runt
2334 3243 2557 3313 verbum
2605 3241 2698 3311 Dei
2743 3225 2804 3297 in
2847 3256 2949 3308 se,
2984 3248 3041 3295 et
3079 3224 3145 3295 es
3190 3239 3401 3316 insidiis
3452 3236 3757 3309 impioru

2175 3344 2396 3407 propter
2439 3333 2689 3402 pietatem
2735 3332 2937 3389 mortui
2977 3339 3125 3387 sunt.
3158 3316 3331 3392 Venit
3375 3330 3524 3411 enim
3564 3326 3756 3405 liora,

2174 3424 2387 3503 quando
2415 3439 2592 3477 omnes
2622 3422 2711 3493 qui
2755 3421 2811 3474 in
2850 3421 3198 3481 monumentis
3230 3429 3382 3485 sunt,
3411 3418 3634 3495 audient
3657 3434 3756 3472 eo-

2175 3530 2285 3568 cem
2318 3510 2451 3567 Filii
2486 3512 2622 3579 Dei,
2663 3521 2713 3566 et
2744 3520 3011 3581 resurgent
3040 3511 3106 3565 ⁸⁷.
3136 3508 3202 3564 Et
3242 3524 3349 3564 non
3380 3508 3560 3564 solum
3591 3508 3647 3562 in
3680 3521 3769 3587 eq

2174 3590 2320 3683 quod
2344 3605 2598 3669 dicebant
2629 3623 2647 3660 :
2669 3605 2774 3671 Qui
2797 3603 3023 3657 destruit
3056 3601 3326 3672 templum,
3358 3599 3572 3681 mentiti
3595 3606 3767 3683 sunt,

2175 3682 2268 3754 sed
2319 3699 2481 3753 etiam
2533 3697 2665 3759 illud
2715 3694 2859 3767 quod
2904 3695 3203 3751 dixerunt:
3247 3694 3316 3749 Et
3350 3711 3443 3766 ego
3479 3696 3537 3748 in
3564 3695 3757 3773 triduo

2174 3790 2505 3859 rerediﬁcabo
2550 3772 2887 3865 ipsumaNee
2932 3789 3079 3844 enim
3124 3788 3259 3868 dixit
3287 3787 3750 3867 reazdilicaturunt

2174 3895 2233 3936 se
2270 3881 2553 3951 templum,
2583 3882 2676 3937 sed
2715 3881 3185 3937 resuscitaturnm.
3221 3878 3417 3934 Sermo
3438 3879 3587 3945 enim
3615 3876 3765 3941 aedi-ﬂ

2174 3973 2444 4051 licationis
2487 3988 2595 4028 non
2636 3975 2874 4028 ostendit
2916 3972 3260 4027 subitaneum
3302 3984 3478 4039 opus,
3508 3967 3747 4023 suscita-

2134 4088 2145 4097 -
2176 4066 2340 4139 tionis
2370 4072 2550 4117 autem
2604 4063 2856 4118 ostendit.
2894 4061 2962 4116 Et
2993 4061 3088 4132 qui
3139 4061 3357 4131 quidem
3402 4057 3750 4123 deridebant,

2172 4156 2425 4212 dicebant
2465 4172 2478 4207 :
2532 4154 2695 4231 Salva
2737 4158 3000 4233 teipsum;
3045 4155 3163 4224 ipse
3210 4149 3752 4234 autem,qaccipiens

2173 4250 2429 4304 virtutem
2463 4264 2494 4303 a
2523 4247 2706 4317 Patre,
2735 4256 2791 4303 et
2834 4232 2939 4302 hoc
2980 4245 3125 4325 fecit:
3150 4254 3203 4300 et
3227 4232 3483 4325 amplius.
3514 4240 3755 4323 Cunctis

2170 4340 2317 4395 eiiim
2371 4339 2710 4410 capientibus
2770 4339 2994 4394 verbum
3050 4324 3270 4421 suum,‘
3298 4324 3531 4415 salutem
3583 4347 3753 4388 suam

2171 4431 2427 4488 ostendit.
2472 4430 2539 4486 Et
2583 4430 2660 4485 illi
2710 4431 2929 4500 quidem
2972 4429 3282 4485 deridentes
3329 4426 3630 4482 dicebant:
3682 4421 3747 4479 Si

497 4516 591 4583 cit,
618 4517 847 4601 seipsum
875 4535 979 4572 non
1002 4528 1168 4601 potest
1195 4518 1397 4581 salvum
1428 4521 1620 4597 facere.
1647 4521 1708 4601 Si
1737 4524 1847 4593 ipse
1875 4535 1953 4580 est
1976 4538 2068 4578 rex
2099 4528 2144 4585 Ι)
2176 4526 2353 4581 Filius
2382 4526 2480 4580 Dei
2506 4542 2580 4594 es,
2608 4525 2857 4580 descende
2886 4524 2949 4578 de
2973 4539 3146 4578 cruce.
3174 4520 3294 4590 Ipse
3332 4530 3512 4575 autem
3541 4518 3742 4573 Filium

497 4606 691 4672 Israel,
715 4592 1033 4664 “descendat”
1054 4627 1190 4671 nunc
1238 4612 1302 4667 de
1344 4594 1516 4676 cruce,
1551 4624 1604 4669 et
1649 4592 1911 4677 credimus
1956 4616 2063 4672 illi.

496 4694 727 4764 Conﬁdit
761 4683 817 4749 in
848 4697 1037 4766 Deum,
1066 4700 1310 4754 liberabit
1337 4717 1472 4762 nunc
1497 4719 1614 4755 eum
1645 4704 1692 4757 si
1736 4704 1845 4767 vult
1877 4696 1897 4759 ἐ
1929 4692 2065 4765 dixit

495 4784 655 4848 enim,
692 4785 820 4855 quia
868 4784 1039 4840 Filius
1085 4787 1183 4842 Dei
1229 4805 1347 4855 sum
1386 4790 1452 4843 ”.
1483 4789 1651 4847 Nemo
1697 4801 1848 4849 stans
1876 4792 2063 4850 Iesum

494 4874 852 4945 hlasphemat,
871 4892 1043 4948 neque
1070 4889 1215 4935 recte
1238 4881 1512 4937 incedens.
1529 4870 1895 4941 Transeuntes
1917 4887 2064 4942 enim

494 4968 946 5053 blasphemabant
972 4986 1115 5047 eum,
1140 4981 1193 5028 et
1230 4974 1374 5030 sicut
1408 4974 1464 5049 in
1500 4974 1689 5033 Graeco
1716 4977 1898 5047 habet,
1927 4995 2067 5049 prcs-

494 5054 778 5126 tereuntes,
813 5063 907 5132 qui
935 5063 1097 5119 etiam
1129 5068 1364 5122 macerie
1392 5068 1565 5125 vineae
1593 5070 1855 5125 dissoluta
1887 5069 2064 5143 a‘Deo

408 5180 413 5183 -
493 5150 826 5207 vindemiant
879 5168 974 5210 eos
1040 5155 1134 5226 qui
1188 5169 1590 5215 remanserunt.
1653 5160 1926 5232 Scriptum
1979 5174 2063 5220 est

491 5239 637 5295 enim
665 5242 711 5274 “
740 5259 755 5297 :
790 5240 858 5297 Ut
890 5245 1017 5315 quid
1046 5248 1269 5314 posuisti
1300 5249 1572 5303 maceriem
1620 5250 1733 5321 ejus
1755 5293 1770 5316 ,
1800 5262 1848 5307 et
1882 5254 2061 5319 vindexs

491 5331 669 5393 miunt,
702 5349 818 5389 eam
861 5322 1038 5391 omnes
1070 5322 1178 5409 qui
1222 5322 1537 5407 prietereunt
1588 5342 1773 5395 viam?
1810 5324 2073 5409 Quandiu,

490 5435 620 5491 ergo
648 5424 771 5491 quis
799 5440 905 5480 non
952 5429 1245 5496 prmterivit
1275 5429 1439 5496 viam,
1480 5446 1654 5502 neque
1700 5433 1991 5490 declinavit
2027 5452 2058 5491 a

491 5510 603 5577 via,
629 5522 780 5571 stans
809 5517 989 5586 dicere
1018 5529 1197 5603 potest
1216 5520 1326 5578 Deo
1351 5522 1645 5603 :Statuisti
1673 5541 1835 5595 supra
1855 5538 2058 5596 petram

2159 4617 2265 4673 .Dei
2299 4633 2359 4673 se
2387 4616 2762 4671 deridentibus
2790 4617 3007 4687 quidem
3040 4628 3149 4669 non
3190 4612 3528 4676 ostendebat,
3557 4620 3742 4666 osten-

2167 4708 2247 4763 dit
2285 4716 2467 4762 autem
2508 4706 2855 4762 credentibus
2896 4705 3037 4767 sibi,
3070 4712 3364 4774 postquam
3404 4700 3744 4770 dispensavit

2167 4816 2291 4880 qua:
2313 4799 2596 4870 oportebat
2619 4813 2744 4854 eum
2772 4798 3089 4868 dispensare
3112 4797 3168 4851 in
3194 4796 3373 4851 tribus
3394 4795 3499 4851 illis
3526 4794 3740 4873 disbus,

2171 4898 2460 4965 postquam
2490 4889 2825 4945 descendens
2866 4887 2935 4942 ad
2989 4886 3195 4942 inferos
3244 4886 3740 4954 morti/iectuscor-

2170 4997 2331 5052 pore,
2382 4980 2674 5050 uiuiﬁcatus
2722 4988 2899 5034 autem
2943 4979 3000 5033 in
3040 4978 3273 5050 spiritu,
3324 4976 3603 5047 spiritibus
3652 4976 3740 5046 qui

2170 5055 2323 5144 erant
2346 5072 2402 5125 in
2426 5054 2959 5147 carcereprcedicavit
2987 5070 3125 5140 quod
3149 5086 3255 5123 non
3279 5069 3613 5123 crediderant
3638 5068 3741 5123 ali-

2170 5163 2379 5234 quando
2407 5150 2617 5233 quando
2632 5144 3045 5231 exspectabatur
3068 5162 3326 5229 patientia
3352 5159 3450 5214 Dei
3482 5162 3534 5214 in
3558 5161 3739 5213 diebus

2173 5252 2319 5334 Noe,
2335 5271 2455 5309 cum
2481 5254 2837 5334 fabricantur
2859 5270 2987 5333 arca
3010 5255 3067 5310 in
3090 5270 3198 5324 qua
3235 5255 3412 5324 pauci,
3438 5253 3495 5307 id
3519 5262 3599 5306 est
3625 5261 3737 5306 octo

2168 5329 2381 5423 attinuit,
2422 5329 2546 5424 sunt
2586 5329 2915 5424 salvati'per
2945 5363 3138 5424 aquam
3160 5347 3227 5400 ⁸⁸.
3275 5344 3342 5399 Et
3380 5359 3490 5398 non
3524 5353 3610 5399 est
3645 5344 3738 5397 de-

2165 5420 2387 5493 relictus
2417 5420 2548 5502 illic,
2576 5439 2716 5493 sicut
2740 5439 2854 5507 ipse
2879 5420 3095 5494 dicebat
3120 5456 3134 5490 :
3162 5437 3426 5502 Quoniam
3456 5451 3563 5489 non
3591 5436 3737 5489 dere-

2164 5531 2366 5611 linques
2396 5531 2844 5613 animamﬂmeam;
2891 5532 2947 5607 in
2986 5532 3196 5601 inferno
3232 5531 3297 5586 ".
3324 5527 3622 5601 Oportebat
3641 5543 3736 5583 auo

562 5674 612 5709 ⁸⁸
642 5676 835 5758 Matth.
868 5695 1035 5747 xxvn,
1065 5682 1156 5758 '5_7_.
1182 5752 1213 5758 _
1233 5683 1440 5758 l"'l’sal.
1462 5685 1633 5758 ",6L
1667 5685 1930 5758 "Matth.
1961 5691 2237 5758 x_xv_u,58.
2314 5692 2357 5747 '7
2380 5692 2481 5746 Isa.
2512 5707 2630 5758 uti,
2666 5692 2749 5753 1‘2,
2821 5692 2867 5733 ’β
2889 5691 3053 5749 Hebr.
3086 5709 3162 5757 χι.
3189 5693 3278 5758 57,
3304 5692 3393 5748 58.
3470 5694 3519 5726 ⁸⁸
3544 5691 3731 5749 Matth.

490 5762 665 5832 quivit,
690 5747 851 5832 59ft
872 5763 1024 5821 seqq.
1103 5752 1326 5832 ipsa}:
1352 5747 1537 5832 tangi,
1570 5756 1657 5811 15.
1736 5760 1777 5789 ⁶¹
1803 5752 1973 5832 Rsal.
1996 5747 2185 5832 xsxtx,
2221 5763 2272 5816 5.
2322 5762 2394 5832 νυ
2422 5747 2629 5832 Εριιθὲί
2663 5750 2741 5832 ιγ.
2769 5762 2856 5816 14.
2932 5764 2979 5794 ⁸³
3013 5747 3191 5829 Eccle.
3228 5747 3411 5831 1,1,”.
3487 5764 3532 5795 “
3560 5762 3579 5816 Ι
3606 5747 3731 5818 ϐοΐ.

484 5814 590 5876 ‘xu.
613 5817 667 5871 5.
747 5817 793 5850 ⁸⁵
823 5814 1076 5880 Ιοειιι.”ιι.
1111 5822 1198 5877 19.
1275 5824 1319 5854 ⁸⁸
1355 5814 1541 5880 Matth.
1578 5841 1747 5883 xxvii.
1790 5828 1876 5884 40.
1958 5830 1999 5861 ⁵⁷
2028 5829 2074 5886 J<

2174 5814 2185 5887 ἶ
2218 5814 2273 5892 v.
2307 5831 2398 5895 28.
2433 5814 2646 5886 29.78
2679 5814 2870 5889 iras.
2907 5848 2989 5913 in.
3016 5814 3345 5903 1836.739—
3367 5814 3510 5892 ἰίεει.
3538 5814 3726 5891 erit;
