4004 6548
304 405 436 462 1781

1427 407 2083 466 COMMENTARIORUM
2124 407 2387 464 SERIES.

3416 406 3443 462 ί
3454 407 3556 464 7‘82

302 539 408 582 tem
433 544 556 583 eum
579 537 632 585 et
659 530 952 587 ascendere
975 531 1038 586 ad
1066 530 1344 603 proprium
1368 532 1580 587 Patrem
1602 543 1654 588 et
1678 532 1867 597 Deum,
1900 540 1942 594 Α
1973 531 2082 586 ctio
2107 530 2239 585 solis
2267 545 2388 598 qum
2414 527 2711 584 secundum
2753 527 3204 584 consuetudinem
3242 531 3549 597 temporum

301 628 360 674 ut
387 621 687 678 ascendens
713 623 766 676 in
801 623 969 678 altum
1003 625 1238 694 eaptivet
1268 626 1656 696 captivitatem,
1685 634 1738 679 et
1776 639 1870 679 ac-

297 713 463 782 cipiat
493 714 636 769 dona
669 715 724 768 in
759 716 1008 772 homines
1039 719 1106 784 ⁷ο,
1138 727 1190 772 et
1219 727 1340 788 post
1383 719 1498 773 haec
1529 720 1779 774 ostendat
1813 734 1871 774 se

299 801 576 858 fortiorem
603 815 774 861 morte
804 808 990 864 dicens
1010 809 1075 864 ad
1101 824 1218 863 eam
1248 826 1260 862 :
1292 809 1392 864 Ubi
1420 819 1518 878 est,
1548 828 1708 877 mors,
1742 827 1870 866 acu-

300 891 412 946 leus
453 902 574 948 tuus
607 897 693 950 "?
730 895 993 953 Similiter
1027 908 1207 954 autem
1235 941 1250 966 ,
1289 901 1501 956 caeteris
1543 912 1872 972 praetereun-

212 983 219 994 '
301 985 450 1041 tibus
498 996 552 1041 et
590 987 1096 1058 blasphemantibus
1145 1006 1310 1057 eum,
1355 993 1626 1062 principes
1655 1009 1870 1063 quoque

301 1077 646 1133 sacerdotum
670 1090 722 1133 et
746 1079 950 1134 Scriba:
978 1091 1383 1150 praetereuntes,
1411 1095 1464 1138 et
1493 1084 1595 1153 ipsi
1619 1085 1869 1139 dicebant

297 1168 363 1221 ad
399 1184 522 1223 eum
578 1171 700 1225 victi
751 1173 1042 1228 virtutibus
1089 1184 1213 1230 ante
1258 1177 1426 1245 gestis
1459 1178 1528 1232 ab
1577 1193 1644 1232 eo
1675 1201 1685 1233 :
1718 1177 1867 1232 Alios

295 1263 464 1317 salvos
511 1265 655 1332 fecit,
707 1267 939 1334 seipsum
983 1269 1186 1322 salvum
1235 1270 1408 1339 facere
1456 1288 1557 1325 non
1605 1281 1770 1341 potest
1797 1273 1865 1328 ".

296 1352 557 1410 Videlicet
606 1371 713 1411 non
759 1358 1040 1415 credentes
1070 1363 1328 1430 quoniam
1362 1363 1452 1432 qui
1488 1364 1623 1418 alios
1656 1364 1867 1421 salvare

296 1448 491 1516 potuit,
524 1448 692 1504 multo
722 1451 956 1520 amplius
982 1462 1194 1521 poterat
1243 1463 1295 1508 et
1338 1455 1574 1524 scipsum
1621 1456 1864 1523 salvare;

292 1548 343 1592 et
375 1541 760 1609 promittebant
806 1558 864 1598 se
908 1544 1214 1600 credituros
1259 1546 1312 1600 in
1349 1563 1471 1600 eum
1509 1549 1664 1617 quasi
1694 1549 1746 1603 in
1776 1565 1865 1604 rec

291 1648 407 1699 gem
451 1632 612 1687 Israel
635 1673 649 1698 ,
679 1635 724 1688 si
760 1635 1094 1692 descendens
1122 1654 1150 1691 a
1186 1653 1348 1693 cruce
1375 1639 1644 1694 videretur
1669 1642 1735 1694 ab
1762 1641 1861 1696 eis.

291 1723 408 1791 Ipse
451 1733 630 1780 autem
685 1741 792 1779 non
839 1728 1066 1781 curabat
1116 1728 1399 1800 indignum
1445 1730 1648 1800 aliquid
1703 1747 1864 1801 agere

287 1826 506 1884 propter
539 1817 830 1873 derisionis
879 1819 1158 1888 injuriam,
1205 1829 1260 1875 et
1305 1821 1483 1878 facere
1528 1824 1671 1894 quod
1710 1824 1858 1879 diee-

289 1907 446 1961 batur
469 1909 537 1961 ab
565 1908 644 1963 eis
673 1915 824 1963 extra
853 1911 1120 1964 rationem
1155 1920 1207 1965 et
1233 1913 1502 1967 ordinem.

357 1997 482 2051 155.
509 1994 746 2066 ldipsum
773 2009 948 2053 autem
979 2009 1028 2053 et
1053 2000 1283 2054 latrones
1310 2003 1400 2071 qui
1433 2005 1676 2073 cruciﬁxi
1703 2016 1855 2060 erant

281 2102 400 2140 eum
431 2105 512 2152 eo,
543 2090 963 2158 improperabaut
995 2094 1042 2145 ei
1063 2093 1130 2146 ⁷⁸.
1159 2092 1221 2146 Et
1260 2095 1398 2158 apud
1427 2094 1689 2151 Joannem
1715 2100 1856 2153 sicut

285 2178 562 2246 potuimus
610 2179 966 2248 exposuimus
1019 2183 1086 2238 de
1137 2183 1353 2240 duobus
1403 2185 1708 2244 latronibus
1759 2191 1852 2260 qui

269 2269 504 2324 fuerunt
533 2271 777 2326 crucifixi
819 2289 942 2327 cum
975 2274 1214 2342 Christo,
1252 2277 1345 2346 qui
1389 2279 1686 2334 secundum
1717 2281 1853 2338 Mat-

281 2362 479 2415 thacum
529 2362 749 2432 quidem
813 2376 867 2419 et
928 2364 1168 2422 Marcum
1232 2371 1739 2439 improperavcrunt
1801 2375 1850 2429 ei

281 2453 446 2507 ambo
481 2453 532 2507 in
571 2469 752 2510 cruce.
790 2454 1096 2512 Secundum
1130 2458 1332 2515 Lucam
1369 2470 1547 2516 autem
1581 2464 1848 2520 dicentem

277 2545 535 2615 quoniam
565 2564 708 2604 unus
749 2549 816 2603 de
862 2551 1224 2620 pendentibus
1261 2553 1566 2609 latronibus
1601 2557 1851 2626 blasphe-

278 2643 460 2697 mabat
486 2643 674 2698 dicens
707 2658 724 2695 τ
758 2641 818 2696 Si
849 2653 905 2696 tu
947 2661 1000 2698 es
1041 2643 1302 2711 Christus,
1351 2647 1498 2701 salva
1545 2650 1767 2717 teipsum
1800 2661 1848 2704 et

277 2748 394 2786 nos.
422 2731 752 2802 Respondeas
781 2744 955 2787 autent
989 2740 1124 2788 alter
1152 2737 1456 2807 increpabat
1480 2755 1596 2792 eum
1620 2740 1798 2794 dicens
1829 2757 1847 2794 :

277 2823 399 2878 Non
438 2826 588 2880 times
621 2835 678 2879 tu
706 2825 873 2880 Deum
904 2828 1044 2897 quod
1076 2828 1129 2880 in
1173 2829 1354 2883 eadem
1385 2831 1724 2886 damnatione
1753 2836 1850 2889 es?

277 2914 345 2969 Et
367 2932 458 2970 nos
489 2917 695 2986 quidem
716 2916 885 2986 juste,
912 2933 1035 2970 nam
1059 2920 1319 2989 condigna
1342 2919 1499 2988 [actis
1530 2922 1846 2990 recipimus:

273 3009 372 3062 iste
401 3017 574 3062 autent
625 3009 760 3061 nihil
810 3008 937 3062 mali
980 3009 1122 3078 fecit.
1159 3009 1227 3062 Et
1254 3010 1467 3064 dicebat
1506 3011 1575 3064 ad
1612 3009 1796 3064 Jesum
1825 3027 1844 3064 :

276 3099 535 3152 Memento
583 3101 681 3154 mei
726 3116 843 3153 cum
885 3101 1082 3154 teneris
1115 3102 1169 3154 in
1213 3118 1427 3171 regnum
1469 3111 1618 3156 tuum
1637 3104 1702 3155 ⁷⁵.
1741 3101 1844 3158 Rev

273 3189 545 3258 spondens
577 3197 754 3284 autem
807 3189 966 3246 Jesus
1009 3190 1146 3245 dixit
1186 3191 1251 3246 ad
1295 3207 1443 3255 eum,
1469 3193 1909 3284 quiincrepa-C

273 3289 422 3334 verat
463 3281 927 3350 hlasphemautem
955 3299 968 3334 :
1015 3284 1178 3336 Amen
1212 3284 1333 3337 dico
1363 3283 1497 3339 tibi:
1533 3283 1704 3338 Hodie
1733 3301 1840 3339 me-

271 3384 384 3436 :sm
413 3370 516 3422 eris
555 3370 608 3423 in
639 3371 888 3440 paradiso
914 3373 980 3426 ⁷⁸.
1007 3372 1348 3428 Conveniens
1387 3388 1516 3443 ergo
1549 3384 1663 3440 est,
1692 3384 1750 3429 ut
1787 3375 1838 3428 in

271 3460 460 3530 primis
504 3462 722 3531 quidem
768 3464 928 3517 ambo
976 3465 1214 3519 latrones
1259 3464 1629 3536 intelligantur
1658 3465 1842 3522 Domi-

270 3567 403 3606 num
433 3552 879 3623 hlaspbemasse:
911 3565 1032 3623 post
1081 3557 1185 3610 hoc
1235 3565 1417 3611 autem
1448 3573 1616 3612 unum
1657 3574 1727 3614 ex
1761 3558 1841 3614 eis

268 3655 594 3700 conversum
654 3660 804 3713 esse,
863 3657 916 3702 et
965 3648 1262 3704 credidisse
1314 3658 1634 3705 tractantem
1699 3651 1838 3719 apud

267 3735 506 3805 seipsum
558 3737 645 3793 his
689 3738 969 3795 miraculis
1001 3757 1122 3802 quae
1154 3741 1408 3796 audiebat
1455 3741 1592 3798 facta
1625 3743 1694 3797 ab
1725 3757 1790 3797 eo
1823 3760 1836 3797 :

267 3824 496 3881 forsitan
549 3837 730 3882 autem
776 3840 833 3885 et
878 3831 1067 3886 videns
1115 3833 1530 3888 conversionem
1573 3834 1747 3897 aeris,
1787 3843 1842 3890 et

270 3919 520 3976 tenebras
548 3919 662 3976 fieri
691 3921 957 3985 insuetas,
987 3931 1042 3978 et
1072 3938 1176 3977 non
1207 3924 1349 3978 sicut
1381 3923 1496 3978 fieri
1531 3923 1842 3994 frequenter

269 4011 537 4066 solebant.
581 4012 691 4067 Aut
733 4028 802 4068 ne
847 4013 1006 4079 forte,
1041 4015 1184 4069 sicut
1225 4023 1279 4069 et
1317 4015 1428 4070 illic
1457 4016 1724 4082 diximus,
1749 4017 1838 4071 alii

267 4109 394 4154 sunt
423 4100 475 4154 hi
503 4100 613 4156 aluo
642 4102 900 4169 latrones,
930 4104 1021 4173 qui
1053 4104 1215 4161 ambo
1244 4105 1706 4174 blasphemarunt.
1736 4105 1839 4162 Sed

266 4189 358 4244 ille
407 4190 544 4245 latro
590 4191 682 4261 qui
733 4192 974 4247 salvatus
1005 4202 1106 4257 est,
1155 4202 1333 4264 potest
1361 4210 1484 4251 esse
1523 4197 1838 4266 mysterium

264 4293 455 4332 corum
487 4279 580 4349 qui
626 4288 748 4349 post
796 4281 997 4335 multas
1042 4281 1358 4351 iniquitates
1399 4284 1746 4346 crediderunt
1784 4287 1839 4340 in

265 4368 566 4434 Christum,
606 4379 659 4424 et
701 4369 957 4424 dixerunt
1002 4369 1265 4424 Christo:
1311 4369 1522 4424 ϐοειῐίιί
1565 4386 1758 4427 sumus
1787 4383 1841 4427 et

265 4461 588 4530 configurati
644 4461 698 4514 in
750 4472 923 4515 morte
970 4459 1174 4516 Christi
1227 4479 1256 4522 ε,
1290 4471 1344 4516 et
1396 4477 1611 4532 semper
1650 4462 1841 4518 dicunt

1976 623 2050 677 ita
2079 624 2415 677 currentium
2463 621 2578 676 fieri
2627 621 2784 684 solet,
2833 636 2938 675 non
2985 623 3038 676 in
3082 622 3464 690 aliotenipore
3496 623 3553 675 lit

1973 716 2078 770 nisi
2102 716 2155 770 in
2185 723 2456 771 conventu
2501 715 2635 770 solis
2669 722 2724 768 et
2760 713 2924 779 lunae,
2953 715 3172 783 quando
3195 713 3322 768 luna
3356 713 3550 768 subtus

1971 822 2198 862 currens
2243 807 2376 862 solis
2425 805 2647 875 impedit
2681 805 2866 858 radios
2913 820 3206 861 occurrens
3250 805 3335 870 ei,
3367 814 3420 860 et
3451 820 3549 860 00-

1971 914 2134 953 cursu
2163 913 2266 953 suo
2309 898 2494 952 lumen
2529 897 2648 966 ejus
2689 895 2960 950 obtundit.
3003 895 3058 949 ln
3089 906 3330 967 tempore
3366 906 3544 951 autem

1970 1005 2082 1059 quo
2109 1004 2308 1058 passus
2344 999 2426 1045 est
2469 989 2740 1055 Christus,
2776 987 3126 1045 manifestum
3175 1001 3254 1046 est
3289 991 3544 1061 quoniam

1970 1093 2270 1138 conventus
2304 1097 2410 1138 non
2451 1091 2568 1136 erat
2606 1082 2748 1135 lunae
2786 1083 2850 1135 ad
2901 1083 3091 1147 solem,
3115 1084 3374 1152 quoniam
3413 1094 3546 1138 tem-

1969 1189 2070 1243 pus
2112 1183 2226 1229 erat
2271 1175 2528 1244 paschale
2553 1216 2568 1241 ,
2614 1174 2759 1244 quod
2799 1176 3218 1232 consuetudinis
3265 1184 3350 1232 est
3387 1191 3546 1246 agere

1969 1265 2188 1333 quando
2218 1265 2346 1320 luna
2379 1266 2513 1321 solis
2539 1265 2930 1335 plenitudinem
2963 1267 3126 1322 habet
3152 1276 3204 1322 et
3234 1267 3288 1322 in
3327 1276 3435 1322 tota
3464 1277 3549 1323 est

1969 1363 2143 1409 nocte.
2193 1353 2480 1420 Quomodo
2524 1370 2654 1424 ergo
2714 1364 2924 1425 poterat
2966 1357 3080 1412 lieri
3131 1356 3364 1413 defectio
3413 1359 3544 1414 solis

1968 1460 2092 1499 cum
2131 1444 2258 1500 luna
2285 1455 2430 1502 esset
2457 1445 2612 1515 plena
2638 1454 2691 1500 et
2713 1446 3105 1515 plenitudinem
3134 1448 3267 1503 solis
3291 1448 3546 1503 haberet?

1967 1535 2201 1600 Quidam
2233 1546 2413 1591 autem
2464 1537 2838 1600 credentium,
2885 1537 3126 1593 volentes
3169 1539 3539 1595 defensionem

1966 1628 2204 1697 aliquam
2230 1627 2575 1684 introducere
2611 1617 2799 1683 centra
2838 1630 2975 1695 haec,
3009 1630 3298 1698 augustiati
3331 1647 3540 1687 sermo-

1966 1720 2128 1774 nibus
2173 1719 2545 1788 profitentium
2590 1719 2738 1785 talia,
2784 1720 2859 1774 ita
2897 1719 3154 1776 dixerunt
3190 1740 3202 1774 :
3233 1722 3290 1776 Si
3326 1722 3537 1776 nullum

1966 1810 2128 1880 923
2158 1811 2461 1881 prodigium
2496 1826 2696 1864 novum
2731 1809 2933 1865 factum
2970 1810 3166 1866 fuisset
3205 1811 3259 1866 in
3295 1821 3539 1883 tempore

1959 1905 2232 1976 passionis
2260 1904 2490 1969 Christi,
2526 1905 2619 1960 sed
2643 1903 2830 1958 omnia
2851 1904 3152 1959 secundum
3177 1905 3536 1961 consuetudi-

1956 2013 2105 2062 nem,
2168 1998 2481 2052 crederetur
2541 1995 2840 2052 secundum
2899 1997 3351 2053 consuetudinem
3397 1997 3536 2054 facta

1955 2087 2128 2144 fuisse
2155 2088 2250 2143 illa.
2282 2087 2515 2144 defectio
2541 2089 2694 2143 solis.
2726 2087 2880 2143 Nune
2913 2099 3095 2144 autem
3142 2103 3266 2144 cum
3315 2098 3532 2144 constet

1953 2190 2145 2237 caetera
2177 2181 2422 2252 prodigia
2456 2196 2578 2251 quae
2612 2189 2740 2236 tunc
2789 2182 2928 2238 facta
2975 2190 3136 2249 sunt,
3183 2197 3290 2236 non
3339 2197 3536 2238 secun-

1953 2273 2083 2328 dum
2115 2273 2562 2329 consuetudinem
2599 2273 2743 2329 facta
2769 2273 2965 2340 fuisse,
2998 2276 3092 2330 sed
3127 2289 3267 2331 nova
3284 2287 3337 2330 et
3358 2276 3534 2331 admi-

1953 2365 2153 2420 randa:
2190 2381 2317 2420 nam
2339 2373 2388 2419 et
2414 2364 2581 2418 velum
2606 2366 2787 2435 templi
2809 2368 3033 2420 scissum
3057 2375 3134 2420 est
3167 2367 3222 2420 in
3243 2367 3378 2421 duas
3409 2385 3535 2432 par-

1953 2465 2028 2510 tes
2053 2475 2085 2510 a
2108 2473 2319 2512 sursum
2350 2473 2512 2528 usque
2543 2458 2808 2522 deorsum,
2837 2469 2887 2512 et
2923 2463 3074 2514 terra
3097 2461 3434 2525 contremuit,
3482 2468 3534 2513 et

1950 2557 2111 2614 petra:
2159 2548 2387 2616 dirupta:
2421 2557 2567 2614 sunt,
2619 2556 2670 2602 et
2698 2559 3038 2602 monumenta
3077 2562 3256 2619 aperta
3291 2562 3436 2616 sunt,
3481 2560 3529 2604 et

1951 2637 2120 2690 multa
2160 2653 2383 2708 corpora
2433 2639 2806 2693 dormientium
2858 2649 3166 2694 sanctorum
3226 2655 3531 2696 resurrexe-

1950 2739 2075 2783 runt
2108 2730 2184 2794 7';
2237 2727 2586 2784 manifestum
2637 2741 2720 2786 est
2768 2731 3026 2800 quoniam
3065 2738 3118 2785 et
3173 2731 3264 2786 illa
3301 2731 3535 2787 defectio

1949 2822 2082 2878 solis
2107 2831 2501 2891 consequenter
2523 2823 2828 2878 secundum
2859 2834 3052 2878 caetera
3079 2824 3350 2894 prodigia,
3389 2841 3530 2880 nova

1947 2923 2135 2968 contra
2168 2913 2616 2967 consuetudinem
2655 2913 2795 2968 facta
2821 2924 2922 2970 est.
2958 2913 3088 2967 [tem
3123 2913 3388 2968 adversus
3414 2914 3529 2969 haec

1945 3003 2047 3072 ﬁlii
2074 3002 2258 3056 menti
2303 3001 2484 3070 hujus,
2515 3003 2608 3072 qui
2650 3003 3017 3070 prudentiores
3055 3013 3177 3057 sunt
3218 3005 3344 3074 ﬁliis
3390 3004 3529 3060 lucis

1945 3094 2000 3152 in
2021 3110 2117 3146 sua
2147 3093 2480 3162 generatione
2506 3093 2575 3158 ⁷⁸,
2607 3094 2733 3148 talia
2769 3093 2958 3148 dicunt
2988 3112 3002 3148 :
3035 3093 3180 3149 Pone
3209 3097 3334 3164 quia
3371 3105 3529 3150 extra

1945 3188 2393 3243 consuetudinem
2429 3185 2572 3240 facta
2602 3195 2685 3241 est
2726 3186 2814 3240 illa
2850 3184 3080 3241 defectio
3115 3185 3258 3241 solis.
3297 3187 3360 3240 in.
3391 3197 3526 3241 tem-

1941 3293 2072 3350 pore
2107 3294 2212 3332 non
2241 3277 2471 3346 antiquo
2503 3276 2604 3332 sub
2652 3275 2956 3344 principatu
3003 3274 3370 3330 Romanorum
3395 3319 3410 3342 ,
3449 3275 3524 3330 ita

1942 3381 2000 3427 ut
2031 3372 2266 3426 tenebrae
2295 3369 2486 3425 flerent
2517 3384 2682 3438 super
2711 3377 2927 3422 omnem
2979 3377 3178 3422 terram
3223 3385 3397 3438 usque
3455 3369 3523 3423 ad

1941 3465 2130 3518 horam
2154 3477 2375 3524 nonam,
2406 3460 2684 3532 quomodo
2721 3461 2820 3514 hoc
2875 3459 3076 3514 factum
3122 3469 3230 3514 tam
3274 3460 3524 3518 mirabile

1941 3567 2101 3609 nemo
2143 3551 2491 3615 Graecorum,
2537 3563 2698 3604 nemo
2745 3548 3104 3604 barbarorum
3145 3549 3352 3606 factum
3388 3566 3523 3606 con-

1940 3643 2160 3712 scripsit
2189 3643 2243 3697 in
2281 3649 2524 3712 tempore
2553 3641 2666 3706 illo,
2690 3640 2925 3695 maxime
2958 3641 3052 3710 qui
3093 3641 3352 3697 chronica
3389 3657 3524 3696 con-

1941 3735 2280 3803 scripserunt
2298 3771 2324 3795 ,,
2351 3739 2405 3785 et
2438 3741 2764 3789 notaverunt
2815 3731 2989 3785 sicubi
3033 3731 3138 3786 tale
3177 3732 3386 3802 aliquid
3420 3749 3522 3786 no-

1941 3839 2067 3877 vum
2093 3822 2292 3876 factum
2314 3829 2398 3876 est
2423 3819 2739 3890 aliquando,
2776 3820 2869 3874 sed
2895 3821 2997 3875 soli
3031 3821 3134 3875 hoc
3179 3826 3520 3890 scripserunt

1940 3913 2104 3968 vestri
2149 3911 2438 3966 auctores?
2464 3908 2528 3964 Et
2582 3908 2834 3979 Phlegon
2885 3910 3106 3980 quidem
3151 3911 3206 3966 in
3239 3910 3518 3967 Chronicis

1941 4009 2056 4064 suis
2083 4005 2299 4076 scripsit
2337 4004 2389 4058 in
2426 4003 2730 4074 principatu
2761 4001 2962 4058 Tiberii
3021 4004 3252 4062 Caesaris
3289 4005 3516 4071 factum,

1942 4102 2036 4158 sed
2069 4116 2177 4156 non
2210 4095 2535 4168 significavit
2572 4095 2623 4148 in
2657 4095 2784 4149 luna
2807 4096 2965 4165 plena
2994 4097 3097 4152 hoc
3123 4096 3346 4153 factum.
3387 4097 3520 4155 Vide

1941 4207 2071 4261 ergo
2105 4189 2211 4246 nisi
2243 4188 2404 4244 fortis
2448 4195 2533 4243 cst
2560 4186 2797 4256 objectio
2833 4187 2966 4251 haec,
2999 4198 3052 4242 et
3087 4197 3276 4258 potens
3302 4205 3519 4246 movere

1940 4283 2460 4340 omnemhominem
2503 4281 2802 4352 sapientem
2855 4282 2949 4350 qui
2995 4297 3093 4338 nec
3142 4283 3251 4340 illis
3289 4284 3519 4340 dicenti-

1939 4375 2063 4440 bus,
2092 4389 2192 4429 nec
2214 4374 2333 4430 istis
2357 4373 2724 4429 scribentibus
2754 4374 3048 4437 consentit,
3069 4375 3162 4429 sed
3187 4375 3369 4429 omnia
3393 4391 3516 4429 cum

1943 4467 2153 4522 ratione
2184 4465 2467 4536 etjudicio
2503 4465 2675 4519 audit.
2715 4463 2779 4519 Et
2810 4479 2916 4519 non
2944 4474 3026 4520 est
3047 4466 3262 4534 quidem
3296 4466 3515 4529 durum,

264 4545 403 4603 Filio
435 4549 527 4604 Dei
564 4567 576 4601 :
611 4549 817 4605 Memor
852 4561 971 4605 esto
1016 4551 1190 4606 nostri
1221 4567 1348 4606 cum
1395 4553 1608 4608 veneris
1653 4554 1709 4610 in
1756 4569 1842 4609 re-
1871 4563 1915 4616 Ι)
1945 4559 2090 4627 quod
2124 4556 2502 4627 unusquisque
2535 4555 2777 4610 fidelium
2811 4557 2902 4626 qui
2935 4557 3106 4612 credit
3138 4556 3379 4626 quidem,
3407 4573 3513 4611 non

263 4655 429 4708 gnum
463 4649 637 4707 tuum,
663 4651 716 4696 et
741 4641 863 4695 ideo
893 4642 946 4695 in
975 4642 1230 4711 paradiso
1254 4651 1386 4697 sunt
1403 4658 1526 4697 cum
1555 4643 1693 4712 ipso.

336 4734 459 4789 1254.
487 4735 526 4788 Α
557 4743 704 4788 sexta
741 4744 914 4789 autem
938 4733 1068 4786 hora
1101 4735 1322 4789 tenebra:
1352 4735 1509 4804 factm
1538 4745 1658 4788 sunt
1681 4752 1836 4805 super

266 4827 560 4880 universam
615 4836 808 4881 terram
857 4845 1018 4899 usque
1064 4829 1132 4882 ad
1181 4828 1372 4882 horam.
1409 4843 1601 4881 nonam
1639 4827 1705 4881 ⁷⁸.
1752 4828 1831 4884 Ad

263 4916 410 4972 hunc
462 4925 666 4972 textum
727 4919 946 4988 quidam
1009 4920 1417 4975 calumniantur
1467 4919 1829 4984 cvangelicam

261 5011 567 5077 veritatem,
595 5011 836 5066 dicentes
859 5012 1134 5080 quomodo
1166 5011 1464 5072 secundum
1499 5021 1702 5065 textum
1736 5024 1830 5079 νοτ-

259 5109 366 5157 test
388 5115 508 5156 esse
535 5116 720 5154 verum
747 5100 893 5169 quod
922 5100 1121 5155 dicitur
1153 5100 1282 5171 quia
1331 5099 1486 5154 factae
1529 5109 1661 5155 sunt
1684 5109 1832 5154 tene-

259 5193 370 5246 brae
397 5207 562 5262 super
603 5207 817 5246 omnem
864 5200 1062 5246 terram
1109 5209 1139 5247 a
1185 5203 1336 5248 sexta
1380 5192 1509 5247 hora
1562 5206 1733 5261 usque
1763 5191 1830 5246 ad

258 5299 493 5349 nonam,
541 5284 686 5353 quod
720 5284 919 5342 factum
965 5286 1112 5340 nulla
1161 5286 1326 5340 refert
1366 5284 1627 5340 histeria?
1657 5282 1722 5338 Et
1748 5282 1832 5337 di-

257 5382 387 5427 cunt
418 5374 566 5442 quia,
602 5375 742 5429 sicut
767 5377 904 5430 solet
943 5376 1056 5429 fieri
1108 5377 1161 5429 in
1206 5375 1344 5429 solis
1383 5374 1704 5440 defectione,
1750 5374 1829 5429 sic

260 5463 396 5518 facta
428 5474 512 5518 est
550 5474 679 5519 tunc
713 5465 946 5520 defectio
977 5465 1127 5520 solis.
1161 5464 1399 5519 Defectio
1428 5476 1604 5518 autem
1638 5465 1769 5521 solis
1797 5482 1826 5520 a

257 5555 458 5617 saeculo
484 5569 696 5624 semper
723 5555 826 5609 fuit
855 5555 907 5608 in
936 5569 1051 5612 suo.
1072 5563 1312 5624 tempore
1339 5553 1498 5610 facta.
1537 5555 1642 5608 Sed
1673 5554 1823 5609 defe-

1947 4657 2126 4702 tamen
2154 4663 2280 4703 cum
2316 4647 2527 4702 ratione
2551 4657 2751 4702 etcum
2784 4647 2992 4717 judicio
3025 4647 3215 4714 credit,
3245 4655 3300 4702 ut
3338 4648 3411 4702 ita
3444 4650 3516 4702 sit

1941 4748 2200 4794 constans
2223 4737 2278 4790 in
2307 4738 2432 4805 fide,
2465 4748 2524 4793 ut
2554 4738 2656 4793 etsi
2681 4739 2828 4793 mille
2848 4738 3082 4794 crimina
3100 4737 3363 4807 obiiciant
3384 4754 3516 4794 con-

1941 4841 2025 4884 tra
2086 4830 2452 4900 evangelicam
2511 4829 2669 4884 fidem
2728 4829 2972 4890 volentes
3024 4830 3304 4885 destruere
3354 4829 3513 4884 fidem

1941 4933 2204 4987 nostram,
2240 4932 2298 4978 ut
2322 4924 2376 4978 in
2407 4923 2549 4978 nulla
2579 4932 2731 4993 parte
2747 4937 2946 4977 eorum
2967 4931 3372 4978 commoveatur
3399 4938 3518 4976 scr-

1940 5013 2214 5077 monibus,
2251 5015 2344 5082 qui
2382 5013 2647 5082 fingentes
2671 5029 2730 5068 se
2754 5014 2974 5070 credere
3019 5011 3316 5081 Scripturis
3348 5026 3516 5066 evan-

1937 5102 2146 5171 gelicis,
2182 5117 2277 5171 per
2309 5101 2652 5156 occasionem
2693 5101 2853 5155 unius
2885 5107 2979 5155 aut
3001 5100 3226 5155 alterius
3257 5101 3512 5170 quaestio-

1937 5195 2043 5253 nis,
2073 5201 2166 5246 aut
2194 5191 2424 5246 difﬁcilis
2445 5201 2539 5246 aut
2563 5192 2697 5247 forte
2724 5191 3138 5256 indissolubilis,
3163 5191 3512 5248 adversantes

1936 5283 2233 5352 Scripturis
2261 5283 2518 5337 festinant
2553 5282 2710 5336 fidem
2741 5282 2940 5337 Christi
2994 5291 3048 5336 et
3093 5280 3508 5353 Evangeliorum

1933 5375 2052 5444 ejus
2077 5376 2263 5430 tollere
2280 5375 2346 5430 de
2369 5376 2548 5428 anima
2576 5387 2783 5440 nostra,
2809 5375 3216 5431 introduccntcs
3243 5375 3507 5445 quasdam

1936 5465 2213 5519 mirabiles
2251 5480 2355 5530 res,
2389 5474 2442 5520 et
2473 5465 2742 5518 mirabilia
2773 5464 2864 5520 Dei
2899 5465 3098 5519 virtute
3127 5473 3508 5521 consummata

1933 5557 1997 5613 ad
2023 5557 2310 5612 saeculares
2342 5557 2606 5628 quasdam
2633 5557 3054 5613 consuetudines
3089 5555 3385 5613 transferre
3411 5574 3513 5614 von

325 5760 374 5793 ⁷⁸
403 5761 599 5839 Ρξριξςε.
634 5778 722 5839 iv,
757 5761 810 5816 8.
887 5761 1135 5839 “lCor.
1169 5779 1276 5839 _xv,_
1475 5764 1534 5839 ξ’,
1552 5761 1738 5839 Matth.
1771 5779 1848 5816 xx

1970 5762 2052 5839 ἃ.
2129 5765 2174 5798 ⁷³
2207 5765 2332 5820 ibid.
2366 5766 2453 5819 44.
2523 5767 2566 5796 ⁷⁵
2597 5763 2726 5819 Luc.
2760 5764 2998 5837 xxm,39
3029 5773 3082 5821 et
3108 5780 3222 5839 seq.
3293 5766 3338 5798 ⁷⁵
3370 5765 3500 5822 ibid.

257 5832 346 5895 εξ).
427 5833 470 5865 ⁷⁸
499 5831 684 5891 Matth.
716 5849 895 5896 xxvii,
936 5834 1014 5887 lii.
1093 5835 1135 5864 ⁷⁷
1169 5833 1298 5889 ibid.
1331 5834 1418 5899 5|,
1473 5833 1557 5888 52.

1638 5834 1680 5863 ⁷⁸
1708 5831 1839 5888 Luc.
1874 5850 1978 5900 xvi,
2011 5837 2061 5887 8.
