4004 6538
514 368 540 424 1
551 366 656 423 785

1687 363 2016 421 ORIGENIS
2053 361 2120 418 IN
2154 361 2571 419 ΜΔΤΤΗᾸΞΗΜ

3637 367 3778 422 1ῖ81

512 484 707 543 lentes.
746 483 998 541 Judicavi
1030 484 1196 556 igitur
1222 486 1450 552 bonum,
1480 495 1538 541 ut
1580 485 1855 556 accipiens
1891 486 2094 540 bonum
2125 488 2170 545 Α
2198 482 2343 539 enim
2374 485 2611 539 tenebrze
2644 484 2798 541 factae
2820 494 2948 542 sunt
2971 503 3133 558 super
3170 503 3387 543 omnem
3420 496 3631 543 terram
3669 489 3786 542 sole

513 579 858 649 propositum
883 593 1074 633 eorum
1106 579 1201 649 qui
1233 579 1285 633 in
1314 579 1420 636 [ide
1451 590 1765 637 constantes
1799 595 1923 635 esse
1943 578 2093 634 desi-

512 672 727 737 derant,
753 671 1057 728 solutiones
1084 673 1531 730 criminationum
1561 688 1773 739 eorum,
1818 672 1872 726 in
1913 688 2093 743 quan-

510 769 627 817 tum
660 761 794 817 mihi
830 777 898 817 ex
926 762 1038 818 Deo
1070 771 1153 818 est
1178 763 1374 831 virtus,
1421 764 1696 820 inveniam
1729 782 1825 836 pro
1858 781 2093 837 evange-

512 852 619 908 lica
652 853 927 909 veritate:
976 864 1034 909 ut
1088 855 1272 916 ﬁdeles
1323 871 1431 912 non
1462 857 1638 912 solum
1677 857 1780 911 [ide
1833 857 2091 927 simplici,

512 946 607 1002 sed
639 946 803 1002 etiam
852 947 1063 1003 ratione
1088 947 1206 1003 ﬁdei
1239 949 1558 1006 muniantur
1596 951 1649 1004 in
1702 950 1822 1004 ﬁde.
1850 949 2093 1006 Dicimus

510 1053 644 1110 ergo
677 1039 822 1109 quod
850 1039 1136 1098 Matthaaus
1170 1051 1223 1097 et
1255 1040 1471 1099 Marcus
1504 1058 1611 1100 non
1644 1044 1901 1099 dixerunt
1938 1043 2061 1100 delc

508 1130 748 1187 ctionem
782 1132 914 1187 solis
940 1143 1069 1188 tunc
1111 1133 1306 1189 factam
1337 1134 1528 1201 fuisse,
1561 1136 1654 1189 sed
1684 1150 1858 1206 neque
1890 1134 2088 1200 Lucas,

510 1223 815 1279 secundum
870 1225 1127 1296 pleraque
1165 1227 1496 1297 exemplaria
1529 1227 1782 1281 habentia
1836 1227 1916 1281 sic
1953 1242 1968 1278 :
2020 1226 2087 1280 Et

506 1325 621 1370 erat
654 1317 787 1371 liora
841 1318 948 1385 fere
980 1327 1152 1386 sexta,
1193 1328 1244 1374 et
1296 1319 1519 1374 tenebra:
1563 1320 1723 1389 facta
1766 1330 1890 1374 sunt
1934 1337 2090 1389 super

508 1426 712 1464 omnem
744 1420 939 1465 terram
973 1428 1134 1482 usque
1168 1411 1238 1465 ad
1267 1413 1452 1467 horam
1495 1429 1711 1478 nonam,
1746 1423 1795 1468 et
1836 1412 2089 1468 obscura-

507 1508 592 1554 tus
612 1512 687 1554 est
711 1501 793 1555 sol
813 1503 876 1555 ⁷³.
910 1501 965 1556 In
989 1503 1318 1573 quibusdam
1344 1512 1522 1558 autem
1546 1504 1948 1574 exemplaribus
1980 1520 2085 1558 non

506 1592 738 1648 habetur
771 1611 784 1647 :
823 1593 1072 1650 Tenebrae
1101 1596 1261 1665 facta:
1282 1607 1429 1663 sunt,
1460 1607 1511 1651 et
1533 1596 1846 1653 obscuratus
1875 1610 1950 1654 est
1974 1601 2086 1661 sol;

506 1685 600 1740 sed
635 1684 709 1739 ita
738 1703 752 1740 :
788 1685 1039 1743 Tenebrae
1082 1688 1243 1757 [actm
1280 1699 1405 1745 sunt
1435 1706 1595 1760 super
1638 1706 1841 1746 omnem
1888 1703 2084 1747 terram

503 1773 613 1827 sole
641 1774 935 1845 deﬁciente.
980 1776 1047 1831 Et
1080 1777 1307 1835 forsitan
1345 1795 1515 1836 ausus
1564 1792 1648 1838 est
1683 1783 1881 1853 aliquis
1926 1785 2084 1855 quasi

2198 589 2306 630 non
2331 575 2635 639 nominato,
2664 576 2782 632 sine
2804 578 2969 633 dubio
2999 594 3340 648 consequens
3361 587 3448 633 est
3478 578 3787 647 intelligere

2196 667 2462 738 quasdam
2487 669 2963 728 tenebrosissimas
2984 671 3177 737 nubes,
3201 680 3258 726 et
3274 669 3416 725 forte
3445 685 3557 723 non
3588 684 3783 732 uuam,

2196 760 2288 816 sed
2315 761 2514 815 multas
2537 770 2591 816 et
2618 761 2852 831 majores
2872 764 3218 819 concurrisse
3241 778 3405 832 super
3446 771 3656 815 terram
3686 757 3788 812 Ju-

2194 853 2365 908 dwam
2389 863 2443 909 et
2465 852 2792 922 Jerusalem,
2834 855 2903 911 ad
2947 855 3336 925 cooperiendos
3383 856 3576 909 radios
3622 854 3781 917 solis,

2192 956 2247 1001 et
2274 947 2394 1003 ideo
2422 946 2703 1017 profundae
2747 947 2903 1004 factae
2930 959 3057 1004 sunt
3092 950 3327 1004 tenebrae
3360 965 3388 1002 a
3441 958 3600 1004 sexta
3649 949 3781 1001 hora

2193 1055 2366 1108 usque
2398 1041 2465 1095 ad
2510 1056 2734 1096 nonam.
2768 1042 3057 1109 Quomodo
3097 1053 3275 1097 autem
3313 1043 3472 1097 facta:
3528 1052 3666 1097 sunt
3726 1043 3783 1095 in

2192 1130 2284 1185 tali
2322 1134 2439 1187 loco
2466 1132 2726 1199 diximus,
2776 1150 2845 1188 ne
2880 1133 3016 1188 forte
3071 1143 3125 1188 et
3189 1135 3422 1188 tenebrae
3476 1134 3784 1203 palpabiics

2192 1227 2243 1279 in
2273 1224 2566 1297 {Egyptmn
2617 1228 2720 1291 hoc
2764 1229 2925 1283 modo
2975 1227 3130 1283 facta:
3174 1226 3394 1282 fuerunt
3426 1228 3613 1285 tribus
3661 1228 3781 1282 die-

2193 1316 2293 1369 bus
2318 1315 2390 1379 ⁸ο,
2413 1330 2519 1369 non
2546 1330 2613 1375 ex
2664 1315 2796 1371 solis
2833 1313 3169 1379 defectione,
3207 1314 3322 1369 sive
3359 1325 3544 1369 autem
3593 1331 3662 1369 ex
3711 1329 3782 1368 eo

2190 1406 2331 1475 quod
2363 1406 2538 1461 nubes
2566 1407 2866 1462 tenebrosae
2888 1416 3283 1462 concurrerunt
3304 1405 3475 1479 925
3500 1407 3555 1459 in
3575 1422 3779 1473 unum,

2189 1500 2305 1555 sive
2340 1499 2485 1568 quod
2531 1515 2627 1554 aer
2661 1499 2772 1554 illic
2820 1507 2952 1554 tunc
2995 1500 3223 1570 spissior
3275 1500 3452 1555 factus
3484 1509 3573 1554 est
3608 1516 3781 1569 super

2190 1591 2474 1664 Egyptios
2503 1601 2735 1648 tantum.
2766 1590 3032 1648 Omnibus
3059 1593 3204 1649 enim
3232 1592 3357 1648 ﬁliis
3398 1592 3595 1655 Israel,
3630 1594 3781 1649 sicut

2191 1694 2420 1743 testatur
2452 1685 2753 1756 Scriptura,
2785 1686 2961 1741 fuerat
2989 1687 3192 1750 lumen,
3227 1686 3280 1740 in
3310 1687 3516 1756 quibus
3548 1686 3779 1741 fuerant

2189 1778 2535 1834 commorati.
2580 1777 2719 1833 Nam
2747 1788 2801 1834 et
2824 1779 3158 1849 impossibile
3208 1779 3381 1834 estin
3431 1772 3570 1834 solis
3622 1778 3779 1832 defe-

505 1867 851 1927 manifestius
876 1872 1081 1942 aliquid
1105 1872 1286 1930 dicere
1320 1876 1526 1942 volens,
1553 1891 1653 1946 pro
1680 1895 1694 1931 :
1730 1875 1802 1930 Et
1833 1877 2085 1939 obseura-
2118 1849 2160 1909 Β
2189 1871 2389 1937 ctione,
2415 1887 2538 1942 quae
2568 1871 2627 1927 lit
2657 1888 2723 1926 ex
2760 1872 3120 1927 concursione
3144 1872 3286 1926 luna:
3315 1870 3381 1925 ad
3414 1872 3589 1926 solem
3626 1912 3644 1934 .
3678 1871 3779 1925 ιτί-

400 2022 414 2030 ι
505 1968 589 2014 tus
637 1970 715 2016 est
753 1963 868 2029 sol,
920 1980 1174 2034 ponere:
1214 1967 1500 2038 Deﬁciente
1549 1971 1699 2035 sole;
1762 1972 2086 2028 existimans

501 2054 647 2121 quod
682 2070 789 2110 non
824 2057 983 2113 aliter
1029 2060 1327 2128 potuissent
1386 2062 1499 2117 ﬁeri
1549 2065 1786 2119 tenebrae
1835 2064 1938 2119 nisi
1973 2065 2086 2120 sole

500 2145 806 2202 deliciente.
867 2146 1008 2205 Puto
1064 2161 1244 2207 autem
1302 2155 1477 2225 magis
1530 2156 1676 2225 quod
1738 2156 2084 2213 insidiatores

503 2233 764 2294 Ecclesia!
790 2239 993 2297 Christi
1026 2253 1376 2302 mutaverunt
1404 2247 1509 2301 hoc
1540 2249 1787 2314 verbum,
1822 2247 2080 2318 quoniam

501 2333 744 2388 tenebrae
770 2332 928 2390 facta:
953 2345 1083 2391 sunt
1106 2338 1222 2393 sole
1253 2338 1539 2395 deﬁciente
1559 2381 1573 2406 ,
1611 2348 1671 2395 ut
1712 2342 2083 2398 verisimiliter

501 2424 793 2497 Evangelia
850 2429 1005 2499 argui
1044 2430 1256 2498 possint
1311 2433 1612 2487 secundum
1665 2434 2080 2492 adinventiones

498 2506 798 2578 volentium
837 2539 1068 2593 arguere
1112 2540 1197 2582 ea.
1242 2526 1496 2582 Arbitror
1524 2542 1684 2598 ergo,
1716 2528 1859 2584 sicut
1883 2537 2078 2585 caetera

502 2612 656 2684 signa
678 2629 799 2683 qure
820 2614 962 2671 facta
981 2625 1109 2671 sunt
1132 2618 1185 2670 in
1213 2618 1679 2688 passioneipsius,
1697 2619 1750 2673 in
1776 2618 2076 2677 Jerusalem

497 2705 878 2759 tantummodo
903 2703 1043 2760 facta
1071 2715 1220 2772 sunt,
1250 2708 1331 2765 sic
1359 2719 1411 2764 et
1439 2711 1672 2765 tenebrae
1700 2711 2078 2768 tantummodo

498 2809 663 2866 super
694 2811 912 2852 omnem
948 2806 1148 2853 terram
1175 2789 1415 2856 Iudaeam
1449 2810 1577 2856 sunt
1612 2800 1767 2858 factae
1791 2819 1966 2874 usque
2009 2803 2076 2858 ad

497 2887 688 2956 horam
720 2905 944 2945 nonam.
973 2889 1106 2957 Quae
1128 2902 1307 2948 autem
1344 2894 1489 2957 dico,
1536 2896 1588 2949 in
1609 2895 1915 2952 Jerusalem
1955 2905 2077 2953 tan-

496 2981 780 3045 tummodo
807 2982 922 3038 haec
951 2982 1090 3040 facta
1118 2991 1247 3039 sunt
1275 3002 1289 3039 :
1319 2984 1467 3056 quod
1498 2987 1677 3042 velum
1707 2988 1893 3057 templi
1936 2987 2075 3044 scis-

497 3086 621 3135 sum
650 3082 753 3142 est,
781 3074 925 3145 quod
958 3084 1100 3134 terra
1138 3079 1492 3141 contremuit,
1537 3080 1683 3150 quod
1730 3089 1895 3149 petrae
1922 3080 2075 3135 diru-

2188 1965 2291 2020 bns
2319 1965 2513 2021 diebus
2547 1966 2822 2022 continuis
2858 1965 2972 2020 ﬁeri
3006 1966 3299 2020 tenebras:
3341 1974 3393 2020 et
3446 1965 3779 2020 crederetur

2186 2059 2368 2126 aliqua
2403 2058 2508 2113 alia
2532 2059 2875 2113 tenebrarum
2908 2072 3072 2112 causa
3106 2057 3275 2113 fuisse
3310 2056 3363 2111 in
3410 2055 3656 2129 Egypto
3677 2097 3692 2121 ,
3726 2071 3777 2111 ss

2184 2149 2270 2203 vel
2299 2150 2613 2204 nominatus
2635 2147 2827 2205 fuisset
2854 2149 2957 2213 sol,
2995 2148 3109 2203 sive
3148 2147 3308 2218 quasi
3344 2148 3686 2203 obscuratus
3717 2147 3773 2202 in

2186 2252 2431 2312 tempore
2456 2242 2587 2299 illo:
2626 2258 2771 2298 nunc
2808 2254 2990 2299 autem
3023 2243 3291 2313 scriptura
3328 2240 3500 2296 Exodi
3535 2242 3581 2273 “
3626 2240 3775 2296 nihil

2183 2336 2332 2391 aliud
2354 2336 2487 2391 dicit
2517 2336 2622 2392 nisi
2665 2337 2793 2405 quia
2840 2335 3053 2408 Moyses
3084 2334 3325 2391 extendit
3351 2350 3577 2389 manum
3608 2350 3774 2389 suam

2184 2428 2237 2482 in
2265 2427 2491 2492 coelum,
2517 2438 2572 2484 et
2603 2426 2760 2482 facta;
2784 2435 2912 2483 sunt
2934 2426 3203 2490 tenebrae,
3237 2434 3293 2481 et
3327 2424 3542 2495 caligo,
3574 2435 3631 2479 et
3660 2439 3776 2504 ῳ-

2184 2530 2320 2589 tera,
2346 2536 2509 2598 super
2542 2529 2709 2577 totam
2743 2530 2941 2577 terram
2977 2518 3193 2591 Egypti
3223 2518 3397 2573 tribus
3430 2517 3632 2572 diebus
3653 2557 3669 2575 .
3714 2525 3773 2570 et

2181 2629 2346 2671 nemo
2386 2614 2518 2669 vidit
2552 2613 2776 2668 fratrem
2804 2628 2986 2676 suum,
3038 2626 3213 2682 neque
3268 2610 3509 2665 surrexit
3562 2609 3776 2678 aliquis

2180 2707 2248 2762 de
2278 2707 2417 2766 lecto
2438 2722 2539 2762 suo
2570 2706 2747 2760 tribus
2780 2704 2991 2759 diebus.
3036 2702 3189 2769 Quod
3219 2709 3400 2756 autem
3437 2699 3565 2754 dico
3593 2716 3775 2770 super

2186 2815 2402 2856 onmem
2433 2808 2630 2854 terram
2652 2795 2893 2854 Judmam
2920 2795 3003 2850 vel
3035 2792 3357 2856 Jerusalem,
3381 2800 3441 2847 ut
3464 2807 3573 2847 non
3594 2807 3777 2846 omne

2178 2888 2507 2945 elementum
2556 2896 2715 2942 terrae
2759 2884 3145 2954 intelligamus,
3178 2882 3306 2939 illud
3348 2892 3432 2937 est
3461 2897 3775 2952 argumen-

2178 2989 2292 3037 tum
2341 2980 2486 3049 quod
2540 2979 2800 3048 scriptum
2844 2986 2928 3032 est
2958 2976 3012 3031 in
3041 2975 3200 3030 tertio
3230 2974 3368 3028 libro
3417 2971 3771 3042 Regnorum,

2179 3073 2270 3130 ubi
2326 3071 2531 3129 Abdias
2576 3071 2922 3140 dispensator
2980 3068 3159 3123 Achaz
3206 3068 3337 3122 dixit
3392 3066 3561 3121 Elite:
3612 3067 3773 3130 Quid

496 3174 602 3236 ptxe
639 3176 786 3230 sunt,
816 3169 962 3238 quod
997 3180 1355 3227 monumenta
1390 3180 1577 3242 aperta
1605 3182 1753 3229 sunt.
1780 3170 1894 3229 Nec
1927 3173 2072 3227 enim
2102 3197 2145 3256 ρ
2177 3166 2406 3236 peccavi,
2446 3166 2572 3235 quia
2601 3163 2796 3224 dedisti
2824 3179 3028 3256 servit"!
3053 3171 3202 3217 "tum
3230 3161 3285 3213 ἕη
3316 3175 3503 3256 "fam"
3547 3157 3771 3225 Αολιαθο

496 3267 651 3313 extra
683 3256 926 3314 Judaeum
962 3271 1126 3330 petra)
1151 3263 1384 3331 dirupta:
1414 3272 1563 3326 sunt,
1599 3272 1694 3323 aut
1719 3273 2075 3320 monumenta

498 3356 685 3418 aperta
719 3360 846 3406 sunt
873 3352 1000 3416 alia,
1030 3354 1134 3409 nisi
1162 3369 1225 3408 ea
1256 3363 1465 3408 tantum
1518 3371 1640 3423 quae
1669 3356 1722 3409 in
1772 3355 2074 3413 Jerusalem

497 3448 656 3493 erant
681 3450 774 3494 aut
799 3440 936 3497 forte
959 3442 1012 3497 in
1038 3457 1179 3499 terra
1201 3442 1408 3500 Iudaea.
1435 3443 1545 3500 Nec
1564 3446 1670 3505 alia
1694 3456 1835 3501 terra
1854 3450 2077 3504 tremuit

498 3535 630 3589 tunc
661 3530 764 3591 nisi
796 3540 939 3587 terra
967 3532 1268 3591 Jerusalem
1303 3554 1317 3590 :
1352 3550 1453 3590 nec
1500 3536 1644 3591 enim
1700 3537 1935 3593 refertur
1974 3539 2074 3593 ali-

496 3621 620 3679 cubi
654 3622 798 3692 quod
821 3638 983 3681 omne
1001 3624 1327 3681 elementum
1359 3636 1515 3682 teme
1540 3630 1822 3684 tremuerit
1852 3630 1904 3683 in
1937 3637 2073 3685 tem-

496 3728 629 3784 pore
662 3714 776 3775 illo,
802 3724 859 3770 ut
881 3717 1166 3783 sentirent,
1189 3719 1336 3773 verbi
1367 3721 1565 3789 gratia,
1589 3730 1642 3776 et
1667 3722 1836 3801 quiin
1862 3720 2077 3781 Ethio—
2116 3740 2125 3751 ·

495 3805 583 3876 pia
614 3815 791 3869 erant,
825 3816 879 3863 et
926 3808 981 3862 in
1013 3807 1186 3874 India,
1218 3819 1273 3865 et
1304 3811 1358 3865 in
1402 3809 1655 3884 Scythia;
1700 3815 1847 3884 quod
1896 3815 1942 3870 si
1986 3815 2070 3870 fa-

494 3910 641 3953 ctum
680 3898 894 3968 fuisset,
919 3901 1038 3957 sine
1057 3903 1224 3959 dubio
1250 3903 1587 3960 inveniretur
1616 3906 1669 3959 in
1697 3905 1942 3963 historiis
1971 3907 2073 3961 ali-

496 3986 698 4055 quibus
757 4004 948 4044 eorum
990 3991 1083 4061 qui
1114 3991 1170 4073 in
1198 3993 1473 4049 chronicis
1531 3995 1871 4065 scripserunt
1930 4012 2069 4054 nova

498 4076 680 4145 aliqua
720 4077 882 4136 facta.
918 4078 1070 4136 Sicut
1102 4096 1234 4154 ergo
1286 4084 1430 4154 quod
1460 4084 1661 4140 dicitur
1696 4102 1709 4138 :
1750 4084 1913 4141 Terra
1945 4103 2071 4141 con-

497 4168 730 4231 tremuit,
763 4168 995 4225 refertur
1019 4172 1085 4225 ad
1115 4181 1316 4228 terram
1348 4172 1670 4237 Jerusalem.
1698 4186 1792 4231 aut
1822 4177 1868 4231 si
1909 4177 2070 4233 latius

493 4258 725 4314 voluerit
753 4260 877 4329 quis
924 4263 1234 4330 extendere,
1265 4267 1330 4320 ad
1369 4274 1570 4322 terram
1602 4266 1845 4324 Judaaam
1869 4311 1883 4335 ,
1918 4270 1997 4326 sic
2022 4282 2068 4325 et

495 4350 716 4405 tenebra:
762 4353 921 4420 factae
954 4363 1079 4409 sunt
1118 4353 1182 4408 ab
1221 4354 1351 4412 liora
1386 4367 1536 4412 sexta
1575 4376 1737 4431 usque
1777 4363 1847 4415 ad
1876 4377 2068 4417 nonam

493 4458 651 4510 super
681 4459 884 4498 omnem
907 4455 1123 4511 terram,
1173 4448 1411 4519 intellige
1439 4450 1584 4518 quod
1635 4466 1798 4521 super
1847 4468 2066 4507 omnem

2178 3267 2234 3314 tu
2260 3256 2541 3322 mortiﬁcet
2572 3271 2651 3308 me
2669 3255 2707 3309 7·
2736 3253 2873 3309 Vivit
2932 3252 3069 3307 Deus
3108 3264 3259 3318 tuus,
3304 3251 3354 3305 si
3396 3260 3476 3304 est
3507 3266 3633 3319 gens
3663 3263 3769 3305 aut

2178 3366 2395 3421 regnum
2416 3349 2507 3405 ubi
2533 3365 2635 3403 non
2675 3349 2821 3403 misit
2862 3347 3108 3403 dominus
3148 3363 3290 3400 meus
3324 3361 3560 3416 quaerere
3584 3356 3654 3410 te,
3711 3354 3767 3399 et

2175 3444 2291 3498 dixi
2320 3458 2338 3497 :
2376 3440 2499 3496 Non
2524 3450 2623 3506 est,
2642 3449 2691 3495 et
2718 3440 3004 3494 combussit
3039 3454 3253 3509 regnum
3276 3446 3325 3491 et
3353 3440 3590 3508 regiones
3616 3437 3765 3506 ejus,

2175 3536 2425 3607 quoniam
2447 3550 2549 3588 non
2580 3533 2808 3587 inveniat
2842 3542 2889 3585 te
2916 3532 2983 3584 ⁸¹.
3039 3529 3177 3596 Quis
3195 3530 3339 3584 enim
3369 3539 3478 3583 tam
3507 3529 3766 3598 lapideus

2176 3628 2247 3694 sit
2274 3627 2458 3697 legens
2512 3626 2656 3689 ista,
2695 3634 2753 3679 ut
2799 3623 3074 3678 existimet
3127 3621 3383 3690 quoniam
3433 3635 3529 3675 rex
3583 3621 3760 3676 Israel

2173 3719 2361 3775 Achab
2404 3719 2458 3773 in
2487 3731 2704 3772 omnem
2730 3724 2942 3786 gentem
2968 3712 3155 3767 mundi
3177 3723 3228 3766 et
3247 3711 3303 3771 in
3329 3726 3495 3766 omne
3519 3725 3757 3779 regnum

2174 3810 2324 3866 orbis
2347 3819 2507 3873 term
2531 3808 2679 3863 misit
2707 3821 2958 3878 quaerens
2994 3804 3188 3870 Etiam,
3220 3816 3274 3857 et
3298 3801 3606 3857 combussit
3634 3801 3756 3855 ubi.

2173 3917 2389 3972 cunque
2420 3902 2625 3957 dictum
2665 3908 2784 3954 est:
2822 3896 2939 3952 Non
2968 3908 3051 3951 est
3088 3896 3268 3951 Elias?
3297 3894 3402 3949 Sed
3430 3895 3550 3949 sine
3584 3893 3759 3950 dubio

2172 3994 2582 4067 exaggeratorie
2613 3993 2756 4057 dicta
2782 4000 2911 4046 sunt
2942 3990 3050 4053 illa,
3073 3988 3410 4044 ostendentia
3436 3989 3583 4058 quod
3620 3989 3760 4041 satis

2171 4102 2295 4142 eum
2327 4085 2575 4156 quaesivit
2613 4084 2666 4137 in
2719 4082 2972 4153 gentibus
3016 4096 3139 4150 quie
3184 4078 3405 4133 fuerunt
3446 4079 3597 4132 circa
3650 4076 3756 4131 Ju-

2171 4178 2369 4241 daeum,
2410 4176 2707 4231 secundum
2736 4173 2883 4245 quod
2931 4172 3107 4243 potuit
3148 4159 3441 4241 requirere.
3494 4169 3756 4225 Diximus

2172 4264 2353 4322 autat
2380 4264 2542 4318 etiam
2575 4262 2629 4316 in
2665 4263 2786 4318 aliis
2816 4263 2970 4325 locis,
3007 4261 3152 4331 quod
3189 4275 3312 4317 cum
3335 4259 3457 4313 dua:
3482 4271 3754 4313 creature

2172 4358 2447 4428 generales
2471 4358 2523 4410 in
2555 4365 2706 4412 sexta
2738 4355 2824 4410 die
2853 4354 3007 4410 facta:
3041 4353 3269 4409 fuissent
3293 4393 3307 4413 ,
3339 4352 3574 4422 primum
3618 4353 3751 4422 qni-

2171 4449 2294 4501 dem
2337 4447 2617 4511 animalia,
2648 4445 2841 4501 deinde
2882 4446 3048 4500 homo
3099 4443 3396 4499 secundum
3448 4442 3750 4513 imaginem

493 4543 692 4589 terram
716 4534 960 4593 Judaaam
990 4548 1119 4595 sunt
1154 4537 1331 4604 factae,
1359 4549 1454 4595 aut
1490 4551 1636 4601 certe
1667 4559 1829 4613 super
1854 4543 2071 4600 Jerusa-
2104 4546 2146 4599 D
2176 4537 2269 4593 Dei
2297 4535 2495 4602 faClUS.
2529 4550 2868 4606 consequens
2898 4542 2982 4589 εει
3017 4543 3074 4588 ιιι
3104 4542 3159 4588 ει
3194 4535 3309 4588 dies
3339 4533 3429 4589 me
3448 4543 3641 4589 SCXWS
3669 4534 3750 4587 di.

493 4627 598 4681 lem
627 4636 860 4684 tantum.
897 4630 987 4684 Sic
1021 4648 1151 4703 ergo
1180 4633 1274 4703 qui
1319 4634 1587 4704 intelligit,
1627 4636 1746 4692 sine
1779 4638 1936 4709 culpa
1981 4640 2065 4693 in-

493 4718 706 4789 telligit,
758 4728 979 4785 utnon,
1019 4725 1447 4793 magnitudinem
1490 4729 1738 4783 miraculi
1781 4732 2069 4787 ostendere

491 4810 704 4876 volens,
732 4811 935 4866 incidat
965 4813 1016 4867 in
1063 4814 1231 4873 risum
1280 4818 1609 4886 sapientium
1646 4820 1829 4876 saeculi
1881 4822 2065 4892 hujus,

490 4911 547 4956 et
570 4900 743 4973 magis
767 4902 1140 4959 inﬁdelitatem
1172 4906 1225 4960 in
1246 4907 1559 4964 hominibus
1580 4911 1919 4979 sapientibus
1944 4928 2068 4983 ope-

490 5002 642 5050 retur
666 5010 830 5064 quam
861 4994 1041 5052 ﬁdem.
1082 4995 1222 5052 Dicit
1251 5008 1430 5054 autem
1465 5001 1663 5071 aliquis
1692 5011 1881 5059 contra
1915 5004 2062 5060 base:

491 5083 549 5148 Si
574 5102 682 5142 non
710 5102 775 5143 ex
805 5086 1113 5147 defectione
1137 5092 1269 5148 solis
1300 5091 1456 5149 facta:
1488 5105 1617 5150 sunt
1658 5097 1896 5152 tenebrae
1936 5105 2064 5154 tunc

489 5191 655 5245 super
680 5192 898 5233 omnem
938 5190 1137 5237 terram
1166 5179 1410 5238 Judaeam
1435 5194 1489 5239 et
1525 5185 1848 5251 Jerusalem.
1878 5188 1971 5245 sed
1995 5204 2061 5246 ex

489 5264 660 5319 altera
689 5282 875 5331 causa,
903 5271 1131 5327 ostende
1162 5287 1407 5328 causam.
1448 5274 1549 5330 Cui
1585 5277 1710 5332 talia
1760 5279 2060 5347 responde~

489 5364 613 5405 mus
643 5364 657 5403 :
686 5350 929 5410 Primum
977 5358 1194 5427 quidem
1217 5401 1232 5426 ,
1275 5362 1420 5430 quod
1460 5365 1685 5424 omnino
1719 5367 2062 5439 evangelista:

488 5455 589 5496 nec
619 5447 1039 5505 nominaverunt
1083 5450 1256 5505 solem
1290 5451 1344 5506 in
1388 5453 1491 5509 isto
1516 5455 1666 5524 loco,
1720 5459 1812 5513 sed
1849 5468 2060 5515 tantum

487 5531 618 5601 quia
647 5534 888 5591 tenebrae
909 5537 1062 5594 factae
1088 5552 1215 5596 sunt
1251 5557 1416 5613 super
1457 5558 1675 5606 omnem
1719 5556 1941 5604 terram.
2001 5545 2060 5601 Si

2171 4629 2323 4684 visus
2354 4626 2522 4682 fuisse
2555 4627 2886 4696 intelligatur
2913 4625 2968 4680 in
3015 4624 3155 4681 duas
3187 4625 3395 4694 Species
3423 4635 3695 4679 creatura:
3731 4644 3747 4680 :

2174 4730 2234 4774 ut
2256 4730 2381 4774 ante
2408 4729 2616 4775 sextam
2638 4719 2856 4789 quidem
2888 4718 3145 4772 animalia
3176 4717 3546 4789 intelligantur
3574 4716 3748 4772 fuisse

2170 4822 2393 4876 creata;
2447 4811 2503 4864 in
2554 4821 2705 4866 sexta
2759 4818 2938 4864 autem
2986 4810 3118 4869 hora
3158 4808 3363 4863 dixisse
3404 4806 3742 4862 Dominum:

2174 4902 2461 4958 Faciamus
2491 4904 2751 4959 hominem
2783 4902 2851 4956 ad
2873 4904 3155 4971 imaginem
3192 4913 3428 4955 nostram
3465 4902 3512 4933 ⁸³
3538 4943 3553 4967 ,
3586 4914 3643 4957 ct
3670 4902 3731 4957 fe-

2172 4993 2315 5047 cisse
2338 5008 2462 5047 eum
2492 5000 2640 5047 tunc.
2673 4979 2900 5061 Propter
2926 4991 3071 5049 ouod
3110 4991 3466 5048 conveniebat
3509 5009 3611 5062 pro
3658 5010 3719 5050 sa

2168 5087 2279 5140 lete
2330 5084 2576 5155 ejusdem
2633 5085 2873 5140 hominis
2930 5087 3275 5153 morientem,
3328 5089 3383 5141 in
3440 5089 3559 5158 ipsa
3608 5089 3744 5144 hora

2166 5187 2319 5234 sexta
2351 5177 2632 5247 suspendi,
2662 5192 2726 5233 ac
2752 5193 2782 5232 a
2819 5186 2971 5233 sexta
3010 5179 3143 5233 hora
3181 5189 3403 5248 propter
3450 5180 3555 5234 hoc
3588 5188 3716 5236 tene

2165 5271 2292 5326 bras
2322 5268 2491 5326 fuisse
2521 5268 2694 5325 factas
2733 5285 2895 5339 super
2935 5286 3152 5325 onmem
3202 5279 3399 5325 terram
3448 5287 3626 5341 usque
3678 5274 3741 5327 ad

2166 5378 2391 5417 nonam.
2426 5361 2661 5417 Etsicut
2686 5361 2873 5433 Moyse
2895 5378 3091 5419 manus
3121 5365 3443 5419 extendente
3469 5366 3522 5418 in
3544 5366 3740 5420 caelum

2170 5451 2325 5508 facta:
2354 5464 2484 5508 sunt
2512 5454 2749 5508 tenebrae
2780 5467 2945 5524 super
2988 5453 3271 5526 Egyptios
3312 5471 3500 5511 servos
3538 5455 3631 5512 Dei
3666 5467 3729 5524 te

2168 5555 2360 5603 nentes
2395 5547 2449 5602 in
2483 5546 2824 5623 sehitutcm,
2857 5547 3036 5623 imago
3065 5547 3373 5607 futurarum
3393 5553 3738 5606 tenebrarum

584 5805 632 5838 "
662 5803 793 5861 Luc.
825 5822 981 5875 χχιιι,
1015 5810 1105 5874 «ii,
1140 5811 1226 5864 45.
1307 5813 1354 5844 ⁸ο
1380 5811 1552 5868 Exod.
1584 5830 1638 5881 Χ,
1668 5815 1759 5879 ‘22,
1784 5814 1874 5869 9.3.
1950 5815 1992 5847 ⁸⁸
2027 5815 2076 5870 ib

2190 5815 2380 5872 21-25.
2456 5816 2500 5848 ⁸³
2534 5814 2597 5869 lll
2626 5814 2760 5889 Reg.
2794 5832 2948 5886 xvm,
2979 5817 3031 5886 9,
3065 5818 3149 5873 10.
3224 5818 3271 5850 ⁸⁸
3297 5817 3431 5874 Gen.
3468 5833 3506 5884 t,
3541 5819 3634 5874 ‘26.

276 6486 3045 6538 ——-—-—-.—
