4004 6548
240 440 263 489 l
274 434 375 491 785

1360 425 2017 486 COMMENTARIORUM
2056 423 2322 481 SElllES.

3346 415 3483 472 I786

234 563 356 616 qua:
405 546 884 617 comprehensurus
923 545 1139 601 fuerant
1180 545 1466 618 Algyptios
1502 562 1515 598 :
1560 544 1812 601 similiter
1838 545 1888 604 Α
1916 541 2056 595 servi
2088 536 2327 607 suscepit
2360 536 2427 603 ⁸⁷,
2445 544 2501 591 et
2537 535 2781 589 videntes
2806 533 2859 587 in
2897 533 2983 588 his
3007 531 3341 587 voluntatem
3366 534 3489 604 ejus

232 650 285 694 et
303 639 525 695 Christo
554 640 608 694 in
636 648 788 695 sexta
822 641 953 694 hora
987 656 1184 695 manus
1214 641 1536 695 extendente
1568 641 1620 693 in
1648 654 1812 694 cruce

226 730 293 784 ad
325 731 524 786 caelum
556 747 720 801 super
747 732 1006 802 populum
1041 732 1135 803 qui
1160 733 1492 787 clamaverat
1519 751 1532 786 :
1574 729 1722 785 Tolle
1744 731 1809 783 de

225 815 366 875 terra
398 822 570 885 hunc,
608 834 661 877 ct
693 841 705 877 :
766 822 1060 895 Cruciﬁge,
1101 825 1350 894 cruciﬁge
1386 841 1506 878 eum
1533 823 1580 855 “
1606 866 1619 889 ,
1655 821 1811 875 facta:

223 921 350 966 sunt
383 914 640 978 tenebrae,
674 922 729 968 et
776 916 844 969 ab
884 917 1030 969 omni
1062 916 1264 969 lumine
1301 925 1430 969 sunt
1474 913 1707 984 privati,
1754 922 1809 968 et

222 1002 405 1074 imago
437 1004 537 1059 fuit
564 1007 910 1061 tenebrarum
942 1009 1028 1062 illa
1060 1008 1365 1062 futurarum
1404 1022 1525 1077 quae
1553 1022 1806 1076 compre-

216 1091 474 1147 hensura:
502 1093 719 1150 fuerant
745 1106 955 1166 gentem
995 1096 1235 1151 Jndzeam
1259 1138 1272 1157 .
1310 1097 1468 1167 quasi
1520 1097 1640 1151 ausi
1674 1106 1803 1152 sunt

215 1185 413 1240 lumini
436 1202 564 1242 vero
595 1204 792 1244 manus
822 1205 950 1245 suas
983 1189 1203 1245 inferre.
1242 1190 1395 1246 Unde
1419 1207 1483 1246 ex
1517 1198 1648 1245 tunc
1684 1207 1807 1245 om-

212 1277 306 1332 nis
342 1278 431 1332 illa
474 1294 606 1349 gens
653 1280 892 1335 tenebris
913 1291 997 1335 est
1036 1283 1257 1352 repleta,
1298 1283 1441 1337 sicut
1481 1282 1613 1337 dicit
1660 1281 1798 1337 Pro-

213 1368 375 1437 pheta
400 1368 447 1403 ⁸⁵
481 1387 495 1423 :
541 1368 901 1424 Obscurentur
922 1371 1063 1424 oculi
1087 1388 1269 1425 eorum
1291 1388 1353 1425 ne
1395 1372 1628 1427 videant.
1666 1370 1797 1428 ltem

214 1458 324 1513 sub
354 1457 541 1530 Moyse
567 1458 722 1516 facta:
751 1473 880 1517 sunt
906 1464 1143 1519 tenebrae
1180 1472 1233 1519 et
1266 1464 1440 1534 caligo
1475 1480 1639 1535 super
1684 1479 1798 1520 om-

211 1564 341 1604 nem
385 1562 584 1606 terram
621 1554 836 1626 IEgypti
886 1555 1060 1612 tribus
1085 1557 1277 1613 diebus
1309 1574 1320 1607 :
1366 1566 1421 1613 et
1450 1574 1611 1614 nemo
1661 1559 1797 1614 vidit

211 1641 439 1695 fratrem
468 1658 653 1710 suum,
698 1662 876 1716 neque
901 1649 1139 1704 surrexit
1177 1648 1415 1705 delecto
1456 1665 1557 1705 suo
1596 1653 1795 1722 aliquis

209 1732 393 1788 tribus
428 1734 640 1790 diebus.
670 1735 938 1794 Omnibus
958 1747 1138 1793 autem
1173 1740 1296 1795 tiliis
1342 1739 1506 1796 Israel
1548 1751 1667 1798 erat
1705 1745 1792 1798 lu-

208 1838 339 1877 men
370 1825 424 1878 in
462 1826 717 1883 omnibus
757 1829 889 1884 locis
935 1831 987 1883 in
1036 1832 1239 1900 quibus
1285 1835 1786 1890 commorabantur.

1914 633 2007 701 qui
2031 631 2097 686 ad
2134 632 2247 685 haec
2270 630 2397 683 talia
2429 642 2555 682 eum
2597 626 2781 691 misit,
2821 624 3173 695 intelligimus
3202 625 3484 694 quoniam,

1910 734 2174 797 quantum
2208 725 2275 779 ad
2302 723 2393 778 illa
2416 722 2469 776 in
2501 720 2705 792 quibus
2729 718 2905 773 fuerat
2929 718 3097 772 forma
3119 719 3208 771 Dei
3239 719 3486 774 invisibi-

1908 817 1998 883 lis,
2026 827 2080 873 et
2103 818 2283 884 imago
2317 814 2618 872 secundum
2656 810 2899 874 Patrem,
2936 809 3227 863 derelictus
3263 825 3294 862 a
3326 808 3484 863 Patre

1905 916 1991 962 est
2051 908 2269 977 quando
2331 903 2574 974 suscepit
2645 900 2787 957 servi
2854 900 3133 961 formam,
3203 907 3258 953 et
3327 898 3484 953 dere-

1904 1000 2067 1056 lictus
2119 1015 2218 1070 pro
2273 996 2590 1053 hominibus
2623 1033 2638 1058 ,
2701 1002 2762 1047 ut
2814 991 2942 1044 talia
3000 997 3054 1045 et
3099 996 3249 1042 tanta
3306 989 3483 1043 susci-

1904 1102 2089 1163 peret,
2152 1101 2209 1146 et
2267 1105 2443 1160 usque
2506 1088 2573 1142 ad
2636 1094 2867 1140 mortem
2925 1082 3162 1146 veniret,
3223 1091 3277 1135 et
3334 1095 3484 1134 mor-

1904 1194 2009 1241 tem
2086 1184 2309 1246 crucis,
2390 1195 2513 1251 quat
2590 1177 2734 1232 inter
2820 1175 3073 1229 homines
3166 1171 3481 1240 turpissima

1900 1290 2021 1331 esse
2070 1276 2301 1330 videtur.
2362 1272 2676 1327 Extremum
2741 1269 2887 1322 enim
2940 1264 3312 1322 derelictionis
3363 1264 3483 1333 ejus

1898 1365 2061 1438 925
2094 1364 2293 1420 factum
2326 1372 2409 1418 est
2437 1363 2654 1431 quando
2695 1359 3086 1414 crucifixerunt
3121 1369 3270 1418 eum,
3303 1363 3356 1408 et
3388 1368 3485 1422 po-

1899 1466 2127 1512 suerunt
2168 1471 2336 1525 super
2382 1460 2547 1523 caput
2584 1451 2724 1521 ejus,
2771 1448 2928 1520 quasi
2975 1447 3285 1501 deridentes
3331 1459 3480 1506 eum,

1896 1550 2107 1605 litteras
2151 1549 2432 1604 dicentes:
2483 1545 2585 1600 llic
2615 1554 2691 1598 est
2716 1543 2874 1597 Jesus
2922 1555 3012 1595 rea:
3054 1538 3369 1592 Iudaeorum
3411 1536 3478 1589 ⁸⁸.

1896 1643 2210 1698 Extremum
2256 1650 2435 1695 autem
2488 1637 2859 1695 derelictionis
2903 1635 3022 1703 ejus
3076 1640 3194 1686 erat
3240 1638 3295 1682 et
3349 1627 3481 1681 illud

1892 1737 2037 1808 quod
2068 1735 2208 1789 inter
2234 1735 2472 1787 latrones
2509 1740 2592 1786 est
2634 1728 2956 1790 crucifixus,
2992 1735 3047 1779 et.
3084 1721 3228 1793 quod
3263 1728 3484 1790 praeter-

1891 1836 2083 1884 euntes
2136 1824 2584 1894 blaspltemabant
2630 1837 2756 1876 eum
2817 1825 3096 1873 moventes
3142 1827 3307 1882 super
3351 1826 3479 1865 eum

211 1912 331 1969 Sub
357 1915 575 1972 Christo
598 1927 776 1973 autem
816 1899 1066 1976 tenebrat
1104 1920 1259 1978 factae
1298 1934 1425 1978 sunt
1473 1940 1643 1994 super
1670 1941 1790 1980 om-
1821 1899 1865 1954 Β
1894 1920 2091 1989 capita,
2140 1927 2194 1973 et
2241 1917 2382 1987 quod
2431 1916 2704 1986 principes
2750 1928 2873 1967 cum
2925 1910 3134 1965 Scribis
3184 1905 3478 1961 dicebant:

209 2019 339 2059 nem
387 2012 586 2061 terram
634 2006 874 2064 Judaaam
934 2012 1110 2069 tribus
1150 2015 1338 2085 horis,
1393 2016 1574 2073 lumen
1607 2026 1790 2073 autem

210 2093 317 2148 fuit
362 2111 528 2166 super
575 2112 792 2154 omnem
823 2101 1086 2172 reliquam
1135 2114 1369 2171 terram,
1415 2107 1558 2177 quod
1589 2110 1792 2178 ubique

205 2184 485 2241 illuminat
528 2202 750 2246 omnem
790 2190 1090 2248 Ecclesiam
1125 2194 1218 2249 Dei
1263 2197 1317 2251 in
1352 2195 1589 2253 Christo.
1634 2197 1701 2253 Et
1743 2202 1788 2255 si

208 2292 388 2348 usque
409 2280 475 2333 ad
508 2297 709 2336 nonam
748 2282 936 2338 horam
965 2287 1202 2343 tenebrae
1232 2288 1454 2345 fuerunt
1483 2308 1647 2363 super
1673 2308 1792 2348 om-

206 2383 335 2425 nem
369 2378 569 2425 terram
594 2371 861 2439 Judteam,
887 2376 1236 2435 manifestum
1276 2388 1359 2436 est
1391 2384 1653 2451 quoniam
1691 2383 1791 2438 ite-

200 2483 329 2523 rum
365 2463 547 2524 lumen
586 2465 706 2541 ejus
737 2465 968 2539 refulsit,
1001 2473 1130 2544 quia
1178 2489 1302 2528 cum
1340 2473 1631 2529 multitudo
1659 2491 1792 2546 gen-

199 2562 344 2621 tium
375 2561 698 2630 intraverit,
752 2574 882 2619 tunc
911 2567 1091 2621 omnis
1124 2564 1292 2620 Israel
1337 2567 1522 2622 salvus
1569 2568 1790 2624 futurus

203 2664 315 2713 est.
347 2654 502 2722 Quod
542 2665 725 2710 autem
761 2657 936 2711 tribus
971 2657 1125 2713 horis
1178 2658 1336 2714 factae
1383 2670 1513 2715 sunt
1555 2662 1791 2716 tenebrat

200 2763 374 2816 super
399 2757 599 2804 terram
633 2747 896 2816 Iudaeam,
930 2752 1060 2806 illud
1095 2752 1335 2808 ostendit
1365 2754 1627 2824 quoniam
1663 2770 1790 2824 pro-

198 2848 329 2912 pter
352 2852 575 2910 peccata
622 2856 720 2896 sua
752 2843 948 2912 privati
977 2854 1105 2899 sunt
1128 2860 1158 2900 a
1186 2844 1394 2903 lumine
1444 2844 1540 2900 Dei
1589 2845 1786 2912 Patris,

201 2944 260 2986 et
286 2948 316 2988 a
348 2934 636 3003 splendore
667 2933 895 3001 Christi,
921 2945 975 2991 et
1006 2937 1074 2991 ab
1103 2937 1503 2995 illuminatione
1551 2939 1789 3009 Spiritus

198 3026 401 3081 sancti.

278 3117 401 3173 155.
449 3117 605 3172 Circa
642 3136 833 3174 nonam
886 3131 1061 3175 autem
1096 3123 1281 3177 horam
1328 3123 1580 3179 clamavit
1631 3125 1787 3181 Iesus

200 3227 326 3265 voce
369 3227 561 3282 magna
588 3252 603 3274 ,
646 3213 823 3266 dicens
847 3227 866 3266 :
915 3211 1025 3280 Eli,
1082 3214 1199 3280 Eli,
1235 3216 1379 3270 fama
1420 3218 1737 3273 sabactltani
1768 3237 1786 3285 ;
1817 3247 1858 3305 ο

199 3301 302 3354 hoc
341 3312 418 3356 est
448 3315 466 3354 :
495 3301 633 3355 Deus
669 3320 835 3366 meus,
870 3303 1011 3358 Deus
1035 3322 1198 3369 meus,
1232 3319 1284 3360 ut
1316 3308 1443 3377 quid
1488 3326 1568 3363 me
1594 3311 1788 3364 dereli-

199 3394 366 3463 quisti
389 3394 416 3448 ?
445 3392 551 3460 Qui
589 3405 767 3453 autem
795 3397 906 3451 illic
926 3407 1124 3452 stantes
1154 3409 1341 3465 erant,
1397 3411 1446 3454 et
1491 3403 1785 3469 audientes,

201 3488 472 3552 dicebant,
505 3491 633 3561 quia
652 3491 833 3547 Eliam
862 3504 1007 3546 vocat
1034 3494 1132 3547 iste
1154 3494 1221 3547 “.
1259 3495 1427 3567 Digne
1456 3496 1566 3551 Deo
1606 3499 1788 3569 requi-

202 3582 434 3635 rendum
460 3593 543 3638 est
561 3599 684 3652 qtue
727 3584 937 3642 fuitilla
962 3601 1155 3657 magna
1184 3603 1286 3642 vox
1328 3589 1566 3659 Christi,
1603 3600 1784 3647 utrum

203 3688 401 3742 magna
436 3673 601 3730 rebus
635 3676 1110 3746 tnaguilicantilms
1130 3695 1326 3750 magna
1363 3684 1649 3754 mysteria,
1694 3694 1789 3740 aut

202 3778 404 3833 magna
440 3765 688 3820 sensibili
729 3775 784 3821 et
836 3770 1107 3840 corporali
1143 3785 1355 3840 magnae
1398 3774 1546 3828 vocis
1575 3776 1786 3830 auditu.

198 3851 345 3908 Puto
369 3864 551 3909 autem
587 3857 732 3926 quod
764 3859 945 3913 onmis
969 3875 1072 3914 vox
1095 3859 1293 3914 Christi
1326 3860 1442 3916 Filii
1472 3861 1563 3917 Dei
1592 3880 1788 3937 magna

199 3956 307 4013 est,
338 3947 441 4002 etsi
478 3946 641 4003 fuerit
667 3949 805 4004 lenis
830 3969 845 4017 ;
872 3961 925 4005 et
960 3960 1189 4006 testatur
1223 3954 1289 4008 de
1326 3955 1427 4011 hoc
1476 3957 1594 4027 ipso
1640 3956 1791 4015 Scri-

200 4046 385 4108 ptura,
442 4037 496 4093 in
530 4040 667 4097 locis
696 4041 933 4096 maxime
964 4043 1070 4097 illis
1102 4045 1153 4098 in
1197 4046 1398 4116 quibus
1440 4049 1553 4103 vult
1581 4050 1791 4121 erigere

200 4131 535 4196 auditorem,
572 4144 627 4188 ut
662 4135 1115 4206 ,transgrediatur
1158 4138 1290 4192 illud
1326 4141 1472 4211 quod
1519 4144 1673 4197 multi
1707 4144 1791 4198 ἰη-

203 4225 449 4296 tclligere
509 4236 740 4297 possunt
789 4228 841 4281 in
906 4230 1081 4295 locis,
1119 4238 1173 4286 et
1220 4248 1327 4287 non
1366 4244 1546 4289 manet
1595 4236 1646 4290 in
1699 4253 1787 4305 eo,

199 4319 460 4388 quamvis
505 4321 805 4375 scentulum
852 4322 1156 4393 simplicem
1208 4327 1542 4383 intellectum
1592 4308 1791 4386 haﬁat

200 4411 261 4466 in
294 4428 359 4467 eo
383 4413 621 4482 aliquant
651 4415 954 4482 veritatem,
989 4428 1047 4472 ut
1071 4419 1373 4492 intelligere
1397 4422 1570 4491 possit
1605 4424 1789 4494 aliqua

200 4501 366 4573 digne
419 4513 641 4575 propter
689 4522 939 4577 magnam
978 4508 1192 4564 Domini
1242 4528 1453 4567 vocem.
1516 4512 1787 4580 Quoniam

1892 2012 2043 2066 Alios
2067 2010 2237 2064 salvos
2257 2010 2401 2078 fecit,
2421 2009 2648 2077 seipsum
2674 2022 2775 2059 non
2794 2014 2961 2074 potest
2985 2000 3379 2069 salvumfacere
3409 1996 3477 2050 ⁸⁸.

1892 2106 2085 2160 Adhuc
2142 2113 2323 2159 autem
2378 2111 2433 2157 et
2484 2100 2638 2165 illud,
2693 2098 2836 2169 quod
2876 2097 3040 2152 etiam
3090 2095 3328 2148 latrones
3372 2091 3479 2145 im-

1894 2200 2254 2272 properabaut
2279 2198 2328 2254 ei
2363 2198 2416 2252 iu
2453 2212 2637 2252 cruce.
2680 2194 2823 2264 Ergo
2857 2189 3145 2246 manifeste
3180 2187 3482 2257 intelligere

1894 2295 2096 2366 poteris
2135 2293 2264 2363 quid
2298 2290 2370 2345 sit
2412 2289 2556 2361 quod
2590 2287 2752 2363 'dieit.
2809 2284 2989 2350 Quare
3024 2298 3105 2336 me
3149 2275 3480 2349 dereliquisti

1892 2388 1978 2441 ὀἳ
2009 2387 2215 2441 faciens
2251 2383 2712 2452 comparationem
2759 2377 2946 2448 gloria:
2980 2376 3128 2430 illius
3169 2388 3335 2442 quam
3378 2371 3480 2425 ba-

1891 2481 2012 2536 buit
2040 2478 2182 2549 apud
2227 2475 2467 2539 Patrem,
2506 2473 2572 2527 ad
2616 2471 2996 2526 confusionem
3028 2481 3194 2538 quam
3236 2472 3483 2519 contem-

1893 2589 2029 2628 nens
2061 2570 2322 2626 sustinuit
2361 2582 2602 2624 crucem.
2634 2564 2801 2619 Sedes
2834 2563 2979 2617 enim
3017 2561 3165 2616 illius
3194 2567 3311 2613 erat
3343 2557 3482 2610 sicut

1891 2663 1971 2717 sol
2008 2664 2062 2717 in
2097 2672 2373 2731 conspectu
2411 2657 2530 2722 Dei,
2558 2665 2607 2710 et
2638 2656 2774 2708 sicut
2807 2659 2935 2706 luna
2968 2651 3199 2722 perfecta
3232 2651 3287 2703 in
3329 2656 3483 2702 teter-

1891 2773 2037 2820 num,
2070 2763 2119 2809 et
2150 2761 2268 2809 erat
2292 2752 2438 2805 testis
2464 2749 2579 2815 eius
2619 2744 2792 2816 fidelis
2823 2746 2877 2798 in
2908 2743 3037 2797 coelo
3067 2744 3134 2807 ",
3169 2750 3353 2812 postea
3386 2754 3485 2793 au-

1893 2860 1998 2903 tem
2030 2858 2083 2902 et
2112 2863 2210 2918 pro
2240 2847 2443 2916 quibus
2472 2842 2641 2896 dicit:
2673 2840 2850 2906 Quare
2874 2855 2953 2891 me
2983 2834 3357 2905 dereliquisti?
3391 2847 3486 2888 su-

1893 2941 2198 3010 peraddidit
2225 2939 2446 2992 dicens:
2486 2935 2564 2988 Tu
2599 2943 2775 2987 autem
2814 2929 3079 3000 repulisti,
3107 2938 3155 2981 et
3186 2943 3281 2995 pro
3316 2923 3485 2979 nihilo

1890 3033 2180 3095 deduxisti,
2212 3040 2261 3084 et
2286 3025 2545 3082 distulisti
2575 3023 2848 3079 Christum
2876 3031 3045 3082 tuum,
3067 3017 3300 3072 evertisti
3323 3025 3485 3069 testa-

1891 3135 2123 3179 mentum
2166 3124 2303 3179 servi
2339 3123 2439 3184 tui,
2485 3116 2789 3188 profanasti
2838 3114 2894 3167 in
2957 3122 3099 3165 terra
3138 3108 3480 3164 sanctitatem

1891 3219 2026 3288 ejus,
2054 3223 2108 3271 et
2140 3223 2333 3270 caetera
2367 3214 2433 3267 θ’.
2470 3210 2536 3266 Et
2570 3208 2811 3280 quandiu
2844 3202 3063 3274 quidem
3100 3199 3203 3254 fuit
3232 3196 3363 3253 solis
3391 3196 3482 3249 lu-

1896 3327 2020 3367 men
2063 3309 2227 3364 etiam
2272 3317 2421 3361 tanta
2461 3313 2516 3359 et
2558 3303 2687 3357 talia
2730 3297 3035 3359 sustinens,
3070 3308 3179 3347 non
3223 3290 3477 3345 diccbat:

1897 3406 2074 3471 Quare
2108 3416 2187 3453 me
2220 3395 2547 3467 dereliquisti
2572 3396 2595 3451 ?
2624 3392 2923 3459 Postquam
2954 3394 3134 3440 autem
3162 3381 3293 3436 vidit
3319 3393 3483 3444 super

1895 3510 2114 3553 omnem
2146 3502 2345 3547 terrain
2375 3487 2618 3543 Iudaeam
2652 3498 2825 3554 usque
2855 3480 2921 3536 ad
2953 3480 3143 3534 horam
3179 3490 3377 3530 nonam
3410 3481 3485 3528 te-

1897 3590 2093 3644 nebras
2126 3584 2318 3648 factas,
2352 3582 2487 3635 dixit
2521 3593 2715 3649 magna
2748 3589 2883 3630 voce
2908 3588 3006 3627 sua
3035 3589 3048 3624 :
3084 3569 3264 3635 Quare
3286 3583 3366 3620 me
3391 3566 3485 3619 de-

1896 3679 2157 3752 reliquisti
2180 3679 2205 3731 ?
2227 3675 2360 3731 lllud
2396 3673 2683 3729 ostendere
2708 3668 2899 3722 volens
2934 3679 3027 3733 per
3056 3664 3189 3723 hate,
3217 3660 3478 3752 quoniam

1895 3751 2086 3835 volens
2112 3767 2449 3838 dereliquisti
2483 3780 2588 3827 me,
2615 3761 2798 3823 Pater,
2832 3766 2885 3812 et
2916 3754 3114 3811 talibus
3142 3751 3482 3807 exinanitum

1897 3862 2304 3926 calamitatibus
2332 3852 2626 3916 tradidisti,
2652 3860 2712 3905 ut
2740 3847 2974 3919 populus
3007 3843 3099 3912 qui
3135 3843 3312 3895 fuerat
3340 3838 3482 3907 apud

1900 3973 1950 4017 te
2002 3961 2329 4017 honoratus,
2379 3946 2604 4016 recipiat
2636 3956 2757 4013 qua:
2793 3940 2845 3993 in
2895 3952 2981 3991 me
3024 3948 3193 3989 ausus
3232 3939 3336 3996 est,
3381 3930 3484 3984 im-

1897 4055 2051 4129 plens
2082 4059 2396 4105 mensuram
2424 4050 2639 4112 patrum
2668 4046 2923 4096 suorum,
2951 4038 3005 4084 et
3031 4042 3154 4099 qua:
3176 4040 3338 4094 super
3360 4038 3486 4126 pro-

1898 4116 2094 4217 phetas
2124 4138 2275 4203 fecit,
2305 4143 2365 4193 ut
2405 4133 2650 4203 privetur
2681 4142 2710 4180 a
2756 4122 2962 4178 lumine
3005 4130 3112 4174 tute
3146 4116 3482 4187 prospectio-

1899 4212 2007 4300 uis,
2043 4244 2097 4290 et
2123 4231 2390 4287 clliciatur
2427 4228 2482 4281 in
2523 4223 2765 4279 tenebris
2806 4216 2963 4289 quasi
3004 4224 3056 4270 te
3097 4213 3206 4266 Deo
3232 4212 3344 4280 jam
3388 4222 3485 4262 ne-

1897 4343 2174 4401 quaquam
2221 4324 2301 4379 eis
2342 4326 2627 4392 praesente.
2662 4312 2767 4369 Sed
2799 4320 2854 4366 et
2900 4325 2997 4380 pro
3031 4309 3207 4401 salute
3238 4301 3481 4401 gentium

1897 4394 2234 4489 dereliquisti
2270 4431 2375 4481 me,
2418 4420 2477 4469 ut
2518 4405 2797 4464 derelictio
2838 4401 3000 4456 Israel
3042 4399 3192 4452 fieret
3238 4394 3479 4465 gentium

1899 4516 2048 4573 salus
2078 4513 2144 4566 ’³.
2190 4508 2333 4577 Quid
2381 4515 2561 4561 autem
2602 4510 2713 4557 tam
2744 4500 2949 4554 bonum
2990 4493 3236 4548 fecerunt
3273 4489 3365 4559 qui
3412 4501 3482 4542 ex

199 4612 334 4666 ergo
371 4597 455 4652 his
498 4598 678 4653 verbis
729 4602 970 4655 ostendit
997 4603 1201 4673 aliquid
1247 4620 1369 4660 esse
1409 4606 1790 4666 absconditum
1826 4612 1869 4666 D
1899 4607 2152 4679 gentibus
2188 4601 2557 4658 crediderunt,
2592 4603 2650 4649 ul
2684 4590 2922 4662 Ρτοίίυεο
2955 4584 3218 4655 sanguine
3245 4590 3367 4679 me?
3385 4594 3501 4679 fu‘.

200 4704 464 4759 magnum
496 4690 640 4760 quod
672 4691 867 4747 clamat
901 4695 967 4748 ad
1004 4693 1173 4750 Deum
1205 4697 1391 4753 dicens
1429 4716 1441 4751 :
1490 4703 1666 4765 Quare
1712 4722 1809 4761 me.

200 4780 578 4852 dereliquisti?
604 4783 724 4839 ideo
769 4787 1155 4855 requirendum
1203 4799 1285 4844 est.
1313 4791 1443 4860 quid
1476 4797 1729 4864 estquod
1761 4814 1791 4853 a

201 4873 317 4929 Deo
341 4876 633 4932 derelictus
664 4886 746 4932 est
776 4878 1045 4935 Christus.
1090 4879 1200 4937 Nec
1241 4884 1386 4938 enim
1431 4884 1513 4941 fas
1554 4898 1638 4942 est
1670 4904 1791 4945 ore-

201 4964 335 5019 (lere
357 4979 483 5018 cum
515 4967 734 5021 mentiri
774 4968 1042 5023 dicentem
1069 4987 1081 5023 :
1110 4970 1288 5036 Quare
1315 4991 1394 5028 me
1423 4975 1796 5048 dereliquisti?

201 5055 275 5112 Et
297 5057 517 5126 quidam
549 5061 735 5116 colore
791 5063 1071 5133 religionis
1103 5081 1201 5134 pro
1249 5065 1377 5122 Jesu
1399 5109 1413 5133 ,
1445 5080 1500 5124 et
1523 5074 1651 5141 quia
1682 5091 1789 5129 non

201 5160 441 5220 possunt
481 5167 753 5222 exponere
807 5155 937 5226 quid
986 5158 1058 5211 sit
1110 5156 1391 5214 Christum
1417 5162 1724 5236 derelinqui
1761 5184 1792 5222 a

201 5242 337 5308 Deo,
357 5244 694 5301 arbitrantur
714 5257 771 5303 et
798 5249 987 5304 dicunt
1013 5269 1027 5304 :
1054 5249 1256 5306 Verum
1284 5254 1504 5323 quidem
1537 5268 1622 5313 est
1646 5261 1791 5329 quod

201 5341 411 5397 dictum
448 5353 552 5411 est,
582 5354 761 5401 tamen
785 5362 882 5417 per
914 5347 1277 5406 humilitatem
1313 5350 1520 5404 dictant
1548 5365 1651 5408 est.
1682 5352 1794 5410 Nos

201 5445 386 5491 autem
418 5440 661 5496 videntes
685 5457 810 5496 eum
840 5424 1014 5511 quiin
1045 5442 1217 5499 forma
1251 5444 1344 5499 Dei
1378 5444 1557 5501 fuerat
1582 5449 1791 5504 consu-

203 5536 378 5595 tutus,
413 5532 482 5585 ab
519 5532 837 5603 hujnsmodi
864 5532 1240 5604 magnitudine
1262 5534 1706 5602 descendentem,
1736 5549 1791 5595 et

205 5623 561 5700 semetipsum
611 5624 1016 5680 exinauientem
1076 5641 1172 5695 per
1223 5626 1327 5682 hoc
1367 5629 1512 5698 quod
1558 5629 1793 5688 formam

279 5784 327 5818 “
364 5783 493 5837 Luc.
541 5799 711 5846 χχιιι,
743 5785 829 5849 18,
854 5784 944 5838 21.

212 5872 382 5917 xvvtt,
413 5856 502 5911 37.

211 5943 334 5983 xxvi
356 5968 372 5994 ,
400 5926 488 5983 58.
565 5925 613 5958 “
641 5924 787 5980 Psal.
820 5943 946 5985 xxix
973 5968 986 5987 .
1020 5926 1106 5983 10.

1052 5785 1098 5817 ⁸⁵
1127 5785 1269 5841 l’sal.
1310 5805 1498 5850 ωινιιι,
1526 5789 1618 5844 (24.

1727 5793 1774 5825 ³⁸
1811 5793 2003 5849 Matth.
2033 5802 2204 5848 xxvii,
2233 5782 2302 5837 46
2330 5790 2383 5835 et
2410 5794 2564 5847 seqq.

610 5828 829 5929 ἐξιίξιῖῖ
847 5828 944 5910 Ii:
1014 5856 1077 5929 τεοῄ
1102 5828 1650 5920 ιῐιῶῗιὶἶἻῖἸῗδῖι.
1687 5880 1788 5923 ιιι

1897 5828 2590 5929 ιιῇηξιῇωδ
2666 5844 2712 5876 ³³
2745 5828 2900 5903 Rom.
2933 5828 3011 5906 tu,
3040 5833 3125 5888 ll.
3201 5829 3245 5863 "
3280 5828 3478 5886 Matth,

1898 4657 1992 4773 per
2027 4709 2229 4753 terram
2278 4693 2453 4748 cﬂ'uso
2482 4705 2581 4760 pro
2625 4686 2728 4749 eis,
2775 4694 3010 4738 emerem
3056 4693 3150 4731 eos
3179 4690 3209 4729 a
3241 4657 3480 4744 malig‘no

1896 4767 1990 4865 qui
2017 4797 2264 4847 tenuerat
2288 4785 2427 4840 eos?
2455 4793 2507 4837 et
2533 4795 2704 4851 quare
2732 4777 2925 4831 faciem
2955 4781 3101 4827 tuam
3135 4767 3401 4828 avertisti,
3429 4772 3483 4865 et

1897 4855 2074 4940 factus
2100 4895 2221 4936 sum
2253 4875 2633 4934 conturbatus,
2669 4877 2726 4921 ut
2759 4867 2933 4920 dicam
2967 4881 2979 4917 :
3027 4859 3218 4915 Tristis
3252 4865 3328 4912 est
3366 4855 3484 4908 ani-

1899 4994 1986 5030 ma
2019 4990 2132 5027 nica
2172 4986 2333 5041 usque
2365 4965 2432 5019 ad
2465 4972 2686 5017 mortem
2706 4959 2787 5011 ⁸⁵⁸2
2812 4956 2918 5009 Aut
2947 4953 3076 5023 quid
3125 4952 3228 5005 tale
3255 4949 3481 5017 dignum

1901 5068 2095 5127 facturi
2130 5075 2260 5121 sunt
2291 5062 2542 5116 homines
2574 5069 2673 5126 pro
2705 5051 2905 5122 quibus
2928 5046 3103 5117 patior
3130 5044 3253 5103 ista,
3289 5047 3348 5093 ut
3381 5050 3481 5108 pro

1900 5164 1980 5219 eis
2008 5177 2109 5232 ego
2143 5157 2317 5228 patiar
2351 5149 2503 5206 haec?
2531 5149 2672 5202 sicut
2697 5154 2749 5199 et
2781 5140 3053 5232 Propheta
3093 5135 3203 5204 jam
3244 5141 3371 5232 ante
3415 5127 3483 5182 de

1902 5262 2007 5316 hoc
2038 5222 2160 5326 ipso
2198 5248 2465 5321 praedixit,
2503 5240 2662 5312 quasi
2703 5236 2950 5326 clamans
2982 5227 3054 5326 ad
3098 5235 3167 5326 te,
3197 5232 3252 5326 et
3291 5222 3481 5326 dicens

1902 5313 1947 5387 δέ
1977 5313 1997 5404 εν
2041 5313 2172 5415 Quae
2199 5313 2444 5402 utilitas,
2486 5351 2520 5390 ο
2566 5332 2747 5392 Pater,
2788 5322 3102 5380 hominibus
3131 5316 3273 5371 facta
3302 5321 3386 5415 est
3427 5313 3480 5363 in

1903 5401 2159 5513 sanguine
2192 5452 2326 5497 meo,
2356 5437 2482 5485 dum
2504 5422 2758 5480 descendo
2784 5421 2837 5472 in
2862 5409 3292 5483 corruptionem?
3325 5401 3377 5458 Ν
3381 5418 3482 5511 tm-

1896 5499 2029 5608 quid
2052 5526 2385 5598 conﬁtebitur
2414 5520 2507 5574 tibi
2537 5516 2730 5588 pulvis,
2777 5521 2870 5565 aut
2914 5502 3252 5562 annuntiabit
3288 5499 3481 5608 uerita-

1900 5591 1999 5688 ίειιι
2035 5591 2226 5680 tuam?
2256 5617 2505 5678 Forsitan
2533 5622 2713 5669 autem
2749 5615 2803 5662 et
2834 5603 3020 5657 videns
3055 5604 3272 5669 peccata
3302 5591 3480 5648 homi-

2641 5774 2683 5805 ⁸⁷
2714 5768 2914 5836 Philip.
2952 5781 3014 5830 ιι,
3203 5760 3253 5836 _”
3282 5757 3475 5836 Matth.
3522 5744 3529 5749 ’
