4004 6536
540 343 686 406 178ἱ

1739 349 2063 409 ORIGENIS
2102 348 2172 408 IN
2211 347 2631 407 MATTHIEUM

3682 353 3811 409 1788

536 480 668 522 num
720 480 819 538 pro
874 466 1077 539 quibus
1123 468 1450 541 patiebatur,
1506 468 1721 526 diccbat
1756 489 1770 525 :
1821 470 2000 535 Quare
2041 484 2122 523 me
2154 473 2199 531 Α
2225 466 2414 523 vivunt
2439 473 2618 521 autem
2651 464 2812 532 male,
2846 463 2980 522 dant
3012 464 3062 522 ei
3093 463 3279 522 vinum
3309 464 3499 522 bibere
3537 462 3669 521 felle
3695 482 3816 537 per-

535 555 863 628 dereliquisti
913 559 983 627 ",
1037 568 1097 616 ut
1157 560 1342 618 ﬁerem
1393 564 1551 633 quasi
1611 565 1702 633 qui
1769 562 1970 634 colligit
2023 562 2122 616 sti-

533 652 718 720 pulam
763 655 819 708 in
855 670 1060 721 messe,
1113 667 1161 712 et
1216 658 1353 713 sicut
1393 658 1485 729 qui
1520 657 1721 727 colligit
1775 672 2006 711 racemos
2062 656 2116 709 in

534 743 823 809 vindemia,
886 762 1005 801 cum
1066 764 1169 802 non
1228 749 1299 803 sit
1355 749 1526 804 botrio
1584 748 1652 803 ad
1696 747 2118 802 manducandum

533 836 798 905 primitiva
845 839 929 892 '7?
986 838 1048 894 Et
1090 841 1203 896 haec
1245 840 1387 907 dico,
1438 842 1565 912 quia
1620 842 1777 912 periit
1835 842 2116 896 timoratus

533 944 563 980 a
595 937 757 995 terra,
798 938 849 983 et
894 932 984 1002 qui
1037 933 1270 1003 corrigat
1323 933 1459 987 inter
1504 933 1734 988 homines
1778 949 1881 987 non
1930 940 2007 987 est
2046 932 2113 987 ’⁸.

537 1018 688 1076 Unde
718 1037 827 1077 non
860 1024 1137 1080 existimes
1172 1025 1413 1081 humano
1457 1041 1609 1081 more
1638 1024 1974 1081 Salvatorem
2012 1024 2113 1080 ista

529 1114 734 1169 dixisse
777 1124 995 1184 propter
1041 1116 1405 1172 calamitatem
1462 1132 1584 1187 qure
1632 1117 2117 1187 comprehenderat

528 1220 652 1259 eum
713 1205 766 1259 in
829 1221 1013 1262 cruce.
1067 1206 1123 1263 Si
1175 1208 1320 1264 enim
1373 1208 1448 1263 ita
1502 1208 1797 1276 acceperis,
1843 1223 1949 1262 non
2003 1208 2112 1265 eris

528 1298 757 1355 audiens
794 1315 1045 1372 magnam
1096 1315 1285 1356 vocem
1340 1300 1395 1356 in
1444 1316 1551 1372 qua
1592 1301 1695 1356 ista
1742 1301 1957 1357 locutus
2003 1307 2107 1367 est,

527 1405 628 1445 nec
678 1391 844 1462 digna
910 1407 1045 1448 voce
1093 1392 1277 1448 divina
1343 1392 1607 1463 requires.
1667 1392 1807 1465 Ergo
1875 1393 2111 1450 tenebrae

524 1481 742 1550 quidem
776 1496 807 1537 a
848 1492 1000 1539 sexta
1031 1483 1166 1538 hora
1210 1484 1366 1540 facta:
1392 1494 1521 1540 sunt
1557 1499 1721 1555 super
1747 1499 1963 1540 omnem
1998 1492 2109 1540 ter-

521 1586 638 1626 ram
692 1588 866 1643 usque
916 1573 983 1629 ad
1033 1589 1235 1629 nonam
1280 1592 1294 1629 :
1342 1575 1497 1645 prius
1542 1584 1723 1630 autem
1769 1589 1934 1644 quam
1984 1574 2108 1629 fitti-

520 1671 673 1715 rctur
715 1676 881 1726 nona,
916 1663 1170 1720 clamavit
1198 1664 1463 1722 Dominus
1490 1664 1634 1721 circa
1667 1679 1785 1720 eam
1822 1678 1953 1720 voce
1995 1679 2105 1720 ma-

520 1768 648 1823 grta,
679 1753 867 1811 dicens
901 1771 1023 1826 quae
1064 1757 1265 1828 scripta
1309 1767 1459 1824 sunt,
1508 1756 1666 1828 quasi
1710 1757 1994 1827 postulans
2046 1766 2104 1813 ut

2231 556 2492 624 mistum;
2538 556 2630 626 qui
2674 566 2855 611 autem
2908 553 3116 611 alienas
3161 571 3194 611 a
3239 556 3469 611 veritate
3512 557 3816 626 sapientias

2230 648 2500 718 applicant
2524 647 2764 714 Christo,
2796 646 2955 718 quasi
2986 662 3052 702 eo
3084 662 3147 702 ea
3181 647 3401 714 dicenti,
3433 647 3487 701 hi
3523 649 3814 717 spongiam

2228 738 2514 809 implentes
2541 748 2694 795 aceto
2737 739 3024 810 imponunt
3055 740 3291 805 calamo,
3328 749 3382 795 et
3425 748 3624 810 potant
3665 756 3813 795 eum.

2229 828 2369 885 Sunt
2397 838 2577 885 autem
2603 832 2698 902 qui
2727 841 2780 886 et
2801 841 3013 887 acetum
3045 840 3097 886 et
3120 830 3216 897 fel,
3239 830 3379 886 sicut
3400 829 3655 891 Joannes
3681 833 3817 887 scri-

2224 921 2324 987 bit,
2364 922 2600 978 offerunt
2641 922 2725 977 ori
2750 922 2899 994 ejus;
2932 932 2988 978 et
3024 921 3253 979 forsitan
3294 922 3391 992 qui
3439 923 3671 993 sapiunt
3698 934 3819 977 tan-

2225 1014 2505 1069 tummodo
2536 1014 2702 1087 926
2743 1015 2904 1081 male,
2946 1014 3228 1085 spongiam
3272 1014 3502 1083 implent
3552 1023 3737 1075 aceto,
3766 1026 3819 1068 et

2222 1105 2510 1175 imponunt
2559 1106 2773 1162 calamo.
2822 1105 3105 1175 scriptum
3148 1119 3281 1169 sum,
3321 1114 3376 1159 et
3412 1112 3615 1175 potant
3651 1120 3815 1162 eum:

2220 1196 2313 1266 qui
2366 1203 2548 1253 autem
2597 1205 2653 1252 et
2714 1196 2934 1267 sapiunt
2989 1196 3131 1251 male
3186 1196 3254 1251 de
3303 1195 3817 1266 dispensationibus

2217 1287 2445 1354 Christi,
2478 1297 2534 1345 et
2566 1290 2755 1344 vivunt
2782 1289 3051 1360 nequiter,
3083 1289 3139 1343 hi
3176 1290 3458 1361 spongiam
3498 1290 3721 1358 plenam
3749 1307 3818 1345 ex

2216 1389 2370 1436 aceto
2398 1396 2521 1437 eum
2557 1380 2679 1436 felle
2710 1391 2765 1437 et
2796 1381 3032 1453 hyssopo
3060 1382 3399 1452 imponentes
3422 1382 3648 1436 calamo
3674 1380 3817 1437 Scri-

2213 1482 2408 1543 ptura),
2450 1472 2685 1529 oﬂ‘erunt
2715 1473 2802 1529 ori
2843 1474 2985 1544 ejus.
3012 1472 3117 1540 Qui
3158 1483 3340 1528 autem
3382 1489 3565 1544 neque
3613 1475 3807 1529 vinum

2212 1565 2335 1636 ejus
2364 1566 2551 1622 bibere
2576 1567 2691 1621 vult
2723 1577 2945 1637 propter
2969 1565 3111 1623 fellis
3141 1566 3611 1631 commistionem,
3641 1566 3816 1621 multo

2214 1655 2387 1727 magis
2427 1672 2535 1712 non
2570 1656 2717 1712 bibet
2755 1666 3002 1724 acetum,
3041 1673 3215 1729 neque
3262 1669 3481 1714 acetum
3522 1656 3654 1712 felle
3685 1674 3811 1727 per-

2213 1749 2458 1803 mistum.
2508 1747 2798 1819 Propterea
2839 1765 2941 1805 nos
2983 1751 3170 1804 vinum
3216 1750 3482 1805 mundum
3530 1750 3607 1804 ab
3652 1751 3813 1805 omni

519 1844 729 1900 oriatur
756 1846 837 1901 sol
869 1855 1050 1912 terra.
1081 1848 1298 1904 solvens
1325 1848 1379 1903 in
1414 1863 1478 1903 ea
1514 1847 1764 1903 tenebras
1795 1847 1960 1903 trium
2001 1847 2096 1904 ho-

2205 1839 2497 1894 acerbitate
2524 1850 2576 1895 et
2608 1840 2995 1907 amaritudine,
3026 1840 3213 1894 vinum
3246 1840 3392 1911 quod
3420 1841 3675 1896 laetiﬁcat
3716 1855 3814 1896 eor

516 1952 728 2004 rarum,
763 1939 1061 1995 secundum
1093 1940 1239 2011 quod
1273 1940 1598 1996 tradidimus
1629 1954 1817 2010 supra.

588 2029 710 2085 156.
737 2030 968 2096 Quidam
1006 2042 1182 2087 autem
1214 2032 1329 2087 illic
1359 2041 1583 2095 stantes,
1606 2042 1658 2087 et
1696 2032 1986 2095 audientes,
2018 2032 2104 2086 di-

515 2118 720 2186 cebant,
759 2121 886 2189 quia
925 2119 1104 2175 Etiam
1147 2132 1295 2177 vocat
1336 2123 1455 2178 istc.
1505 2121 1697 2177 Caneri
1746 2130 1922 2176 autem
1960 2121 2096 2176 dice-

515 2208 679 2263 bant:
725 2208 852 2267 Sine
887 2211 1175 2267 rideamus.
1199 2214 1248 2267 si
1283 2215 1423 2269 venit
1459 2212 1627 2278 Elius,
1667 2224 1716 2269 et
1761 2213 1944 2268 liberet
1981 2229 2099 2268 cum

512 2300 577 2354 ³³.
623 2301 903 2373 Tanquam
958 2305 1002 2360 si
1055 2306 1341 2361 audissent
1382 2307 1643 2376 quoniam
1700 2305 1866 2362 Deum
1916 2315 2096 2372 vocat,

511 2394 705 2465 utique
732 2396 913 2451 mirati
943 2394 1179 2452 fuissent
1206 2398 1510 2453 orationem
1541 2398 1663 2468 ejus
1694 2398 1747 2453 in
1786 2414 1952 2455 cruce
1978 2415 2097 2454 ma-

506 2483 684 2554 jorem
717 2501 883 2556 quam
915 2485 1019 2541 fuit
1053 2488 1229 2543 oratio
1262 2487 1417 2543 Jonae
1443 2489 1651 2544 arantis
1686 2489 1739 2543 in
1778 2498 1936 2545 utero
1970 2490 2094 2555 ceti,

509 2585 566 2630 et
594 2576 905 2645 prodilicati
935 2577 1186 2644 fuissent,
1214 2588 1274 2634 ut
1312 2580 1475 2634 etiam
1514 2580 1567 2634 in
1594 2580 1853 2637 extremis
1876 2581 2097 2637 calami-

513 2667 714 2723 tatibus
740 2668 1020 2724 constituti
1050 2685 1210 2725 orare
1257 2686 1364 2726 non
1397 2671 1653 2727 desinant
1683 2671 1873 2728 Deum.
1922 2671 2092 2742 Majo-

513 2770 625 2815 rem
654 2763 834 2811 autem
874 2756 998 2812 dico
1022 2760 1327 2815 orationem
1354 2758 1557 2816 Christi
1589 2761 1783 2826 fuisse,
1810 2778 1973 2833 quam
2001 2761 2095 2817 Jo-

512 2862 595 2902 na'
620 2846 674 2902 in
703 2856 859 2904 utero
897 2850 1025 2912 ceti,
1049 2860 1270 2921 propter
1301 2853 1732 2924 magnitudinem
1767 2869 1948 2909 rerum
1972 2870 2095 2925 qua:

511 2939 963 2995 demonstrantur
991 2958 1058 2998 ex
1092 2957 1176 3007 ea,
1205 2952 1258 2998 et
1284 2952 1504 3015 propter
1537 2960 1795 3017 magnum
1834 2945 2088 3005 aﬂ'ectum

510 3030 828 3086 voluntariae
851 3033 1125 3103 passionis
1157 3034 1298 3105 ejus.

578 3122 701 3178 157.
742 3122 813 3179 Et
842 3127 1091 3181 continuo
1133 3144 1414 3185 accurrens
1456 3146 1592 3185 unus
1635 3147 1701 3186 es
1740 3132 1837 3197 eis,
1877 3142 2089 3203 accepta

2209 1932 2469 1998 hominis,
2512 1941 2565 1987 et
2595 1948 2689 1987 cor
2720 1933 2894 2004 ipsius
2935 1932 3056 1987 Filii
3095 1932 3214 2000 Dei,
3251 1934 3589 2003 accipientes
3622 1949 3696 1989 ex
3744 1947 3813 1989 eo

2206 2022 2325 2089 ipso
2359 2023 2639 2081 Salvatore
2662 2034 2849 2081 nostro
2880 2023 3033 2090 Iesu,
3068 2026 3162 2097 qui
3192 2036 3275 2082 est
3302 2026 3428 2081 vitis
3459 2042 3620 2093 vera,
3657 2036 3813 2097 pote-

2205 2128 2330 2170 mus
2358 2129 2483 2169 eum
2514 2123 2569 2170 et
2596 2115 2894 2186 discipulos
2917 2115 3058 2185 ejus,
3093 2122 3153 2170 ut
3180 2115 3328 2171 dicat
3353 2114 3423 2170 de
3464 2117 3637 2171 nobis
3674 2119 3812 2174 bene

2204 2205 2518 2275 potantibus
2547 2221 2671 2259 eum
2702 2214 2757 2260 et
2785 2205 3085 2278 discipulos
3111 2204 3232 2276 ejus
3258 2224 3272 2261 :
3302 2204 3451 2272 Silii,
3481 2216 3537 2260 et
3574 2208 3811 2262 dedistis

2204 2293 2334 2350 mihi
2361 2307 2541 2365 potum
2572 2298 2613 2349 ⁸.
2639 2297 2983 2367 Accipiamus
3010 2307 3064 2352 et
3087 2313 3286 2368 aquam
3313 2296 3640 2353 refectionis
3673 2314 3803 2353 cum

2202 2402 2311 2459 qua
2339 2389 2508 2444 nutrit
2545 2389 2724 2459 justos
2764 2389 2958 2447 Pastor
3005 2391 3204 2456 bonus,
3248 2399 3308 2445 ut
3351 2390 3447 2460 qui
3496 2403 3808 2461 pascuntur

2195 2479 2272 2549 ab
2324 2494 2390 2533 eo
2445 2480 2673 2537 dicant:
2725 2479 2896 2552 Super
2950 2498 3143 2553 aquam
3198 2480 3507 2551 refectionis
3559 2482 3813 2539 educavit

2202 2584 2306 2626 nos
2339 2570 2383 2625 ⁸.

2274 2662 2396 2717 158.
2428 2660 2586 2718 Iesus
2610 2672 2787 2719 autem
2816 2664 3004 2719 iterum
3028 2663 3263 2718 clamans
3287 2681 3407 2719 roce
3432 2682 3661 2736 magna,
3685 2665 3812 2721 emi-

2198 2755 2269 2809 sit
2300 2755 2551 2824 spiritum
2578 2756 2620 2808 ".
2670 2755 2945 2823 Quantum
2985 2757 3052 2812 ad
3101 2755 3416 2812 Matthazum
3449 2759 3684 2828 quidem
3726 2758 3809 2813 di-

2197 2856 2438 2914 centem,
2496 2847 2691 2903 iterum
2741 2847 3013 2905 clamasse
3054 2847 3245 2904 'Jesum
3298 2864 3433 2905 voce
3483 2865 3698 2922 magna
3748 2859 3804 2904 et

2196 2938 2445 2994 emisisse
2477 2938 2752 3009 spiritum,
2784 2955 2895 2995 non
2942 2948 3123 2994 autem
3169 2938 3621 2995 manifestantem
3672 2956 3799 3010 qua:

2196 3029 2361 3088 fuerit
2389 3048 2495 3088 vox
2522 3033 2614 3088 illa
2647 3049 2841 3106 magna
2874 3049 2983 3103 qua
3008 3034 3265 3089 clamavit
3302 3034 3527 3100 iterur,
3558 3047 3687 3090 erat
3707 3034 3801 3090 di-

2195 3135 2318 3177 cere
2340 3122 2603 3192 quoniam
2629 3124 2877 3179 eamdem
2902 3140 3087 3181 vocem
3112 3126 3368 3181 clamavit
3393 3128 3604 3185 imm
3630 3140 3801 3196 quam

507 3216 724 3286 spongia
761 3216 998 3287 implevit
1029 3227 1199 3284 aceto,
1230 3229 1279 3274 et
1312 3222 1566 3292 imposuit
1616 3224 1889 3292 arundini,
1918 3238 1966 3280 et
1992 3225 2093 3280 da-

2202 3228 2367 3283 supra
2411 3213 2743 3271 clamaverat
2782 3215 3011 3272 dicens:
3046 3215 3210 3283 Deus,
3242 3215 3379 3270 Deus
3412 3232 3567 3270 meus
3602 3218 3649 3271 ⁸.
3696 3217 3803 3274 Sed

506 3305 594 3359 (ut
623 3307 673 3360 ei
700 3307 870 3362 bibere
898 3309 937 3363 ι.
970 3310 1033 3364 Et
1072 3310 1316 3380 implevit
1357 3313 1698 3383 prophetiam
1716 3315 1781 3390 in
1818 3330 1878 3371 se
1907 3316 2093 3372 dicen-

506 3404 616 3450 tem
648 3397 715 3452 de
738 3412 798 3453 se
824 3398 845 3429 ⁸
872 3416 887 3453 :
918 3396 987 3452 Et
1023 3399 1280 3457 dederunt
1321 3403 1376 3456 in
1412 3419 1586 3458 escam
1615 3421 1783 3459 meam
1815 3406 1906 3476 fel,
1942 3419 1992 3462 et
2035 3409 2092 3463 in

505 3489 597 3542 siti
626 3504 740 3544 mea
789 3496 1227 3560 potaverant'me
1278 3504 1445 3550 aceto.
1502 3495 1629 3552 Ideo
1684 3506 1739 3552 et
1785 3499 2087 3555 secundum

504 3577 772 3637 Ioannem
805 3597 932 3637 cum
976 3584 1273 3656 accepisset
1303 3585 1464 3644 Jesus
1511 3597 1725 3645 acetum
1770 3606 1895 3646 eum
1943 3584 2087 3660 felle,

503 3672 680 3727 dixit:
717 3672 1157 3730 Consummatum
1191 3686 1270 3731 est
1299 3678 1322 3710 ³
1351 3678 1513 3734 etiam
1561 3680 1667 3736 hoc
1711 3681 1859 3751 quod
1894 3682 1961 3738 de
2002 3698 2090 3739 me

504 3763 780 3835 Scriptura
828 3768 1179 3838 praedixerat.
1232 3768 1484 3828 Jucunde
1523 3781 1705 3828 autem
1750 3774 1875 3844 quis
1913 3783 2090 3845 potest

503 3857 580 3911 uti
614 3857 719 3913 hoc
738 3866 889 3914 textu
924 3861 1190 3918 adversus
1213 3878 1310 3919 eos
1337 3863 1434 3934 qui
1463 3864 1700 3935 maligna
1728 3866 1814 3921 vel
1846 3866 2086 3936 scripse-

501 3958 632 4003 runt
662 3949 747 4004 vel
781 3952 1031 4007 scribunt
1053 3953 1315 4010 adversus
1345 3954 1650 4022 Christum,
1675 3957 1743 4011 de
1769 3958 1969 4027 quibus
2002 3957 2088 4013 di-

503 4040 579 4095 cit
622 4041 789 4098 lsaias
825 4045 882 4099 δε
937 4042 1029 4099 Va:
1065 4047 1157 4117 qui
1199 4046 1435 4102 scribunt
1482 4048 1739 4119 maligna.
1788 4048 2085 4106 Scribentes

499 4133 640 4185 enim
664 4133 900 4206 maligna
929 4139 1184 4192 scribunt.
1213 4136 1345 4193 Dico
1369 4148 1553 4194 autem
1590 4139 1658 4195 de
1687 4140 1795 4196 illis
1825 4141 1922 4212 qui
1948 4157 2086 4198 con-

503 4226 834 4296 scriptiones
876 4229 1088 4299 aliquas
1133 4229 1483 4296 dimiserunt,
1521 4231 1862 4302 iniquitatem
1891 4232 1946 4288 in
1991 4249 2088 4289 ex-

499 4318 706 4372 celsum
745 4318 1047 4390 loquentes.
1084 4321 1151 4376 Et
1198 4330 1380 4377 utetur
1405 4323 1529 4393 quis
1586 4325 1689 4378 hoc
1717 4332 1865 4379 textu
1897 4324 2090 4381 videns

498 4423 597 4465 eos
615 4425 691 4471 ex
709 4412 1036 4481 quibusdam
1060 4414 1431 4477 auditionibus
1461 4415 1575 4470 sive
1596 4415 1941 4477 ethnicorum
1964 4432 2085 4472 ver-

500 4499 722 4568 borum,
747 4489 862 4558 sive
883 4504 1291 4560 barbaricorum
1323 4521 1649 4563 sermonum
1666 4516 2081 4578 congregantes,

498 4603 553 4663 et
582 4593 842 4649 facientes
865 4597 1233 4652 narrationem
1259 4598 1418 4668 quasi
1450 4599 1737 4667 spongiam
1761 4582 2078 4669 quamdam,

499 4683 859 4751 adimplentes
889 4698 1009 4737 eam
1040 4699 1147 4738 non
1178 4685 1245 4739 de
1272 4686 1438 4741 verbo
1471 4686 1713 4755 potabili,
1747 4702 1921 4755 neque
1954 4688 2091 4742 vino

498 4772 807 4827 laetiﬁeante
838 4787 936 4827 cor
969 4774 1233 4843 hominis,
1268 4790 1443 4845 neque
1468 4776 1535 4830 de
1570 4792 1710 4849 aqua
1744 4777 2077 4847 refectionis,

498 4864 593 4919 sed
624 4863 693 4920 de
734 4863 920 4933 aliquo
958 4866 1256 4931 contrario,
1289 4876 1343 4922 et
1370 4868 1591 4932 nocivo,
1620 4877 1676 4923 et
1724 4884 1833 4923 non
1869 4871 2093 4939 potabili

497 4966 655 5011 aceto
684 4955 1045 5027 intelligibili;
1075 4964 1131 5012 et
1178 4957 1319 5014 hanc
1349 4960 1634 5029 spongiam
1673 4959 1963 5029 imponunt
1995 4977 2091 5016 ca-

505 5048 655 5111 lamo
696 5049 982 5119 scriptura:
1024 5066 1159 5117 suae,
1205 5060 1261 5106 et
1303 5060 1569 5121 quantum
1606 5051 1672 5106 ad
1718 5067 1800 5119 se,
1844 5052 2095 5110 laesiones

500 5140 745 5196 inferunt
763 5140 895 5198 Jesu
918 5158 984 5198 ex
1014 5142 1326 5213 hujusmodi
1355 5154 1505 5213 potu.
1530 5142 1596 5198 Et
1620 5144 1843 5215 quidam
1868 5146 2092 5213 quidem

496 5231 630 5291 dant
653 5232 783 5289 Jesu
817 5235 1005 5290 bibere
1037 5235 1222 5290 vinum
1252 5252 1376 5291 cum
1405 5234 1528 5291 felle
1560 5237 1907 5306 permistum,
1938 5238 2085 5308 quod

496 5337 609 5378 non
651 5326 768 5380 vult
809 5327 995 5382 bibere
1025 5326 1196 5398 :Jcsus
1240 5326 1412 5382 Filius
1449 5327 1581 5393 Dei;
1623 5329 1714 5382 alii
1759 5339 1941 5386 autem
1976 5346 2087 5386 non

504 5414 715 5484 vinum,
756 5418 850 5473 sed
893 5430 1129 5474 acetum.
1172 5418 1237 5476 Et
1281 5418 1512 5475 forsitan
1543 5421 1955 5492 quanticunque
2001 5437 2089 5478 se-

505 5508 745 5562 cundum
778 5510 1082 5566 doctrinam
1126 5512 1347 5583 quidem
1391 5512 1819 5569 ecclesiasticam
1850 5514 2089 5584 sapiunt,

578 5670 626 5702 ⁹⁶
653 5667 843 5724 blatth.
879 5687 1051 5737 xxvii,
1081 5672 1174 5728 ιϐ.
1307 5674 1355 5707 ⁸³
1389 5672 1554 5730 Ilicb.
1586 5691 1661 5730 vri
1685 5714 1700 5738 ,
1736 5674 1784 5729 ί.

510 5756 683 5797 uvm
711 5778 729 5803 ,
751 5739 845 5797 2i.
946 5740 1154 5810 Floan.
1190 5759 1310 5809 xix,
1340 5744 1433 5800 30.
1534 5746 1558 5778 δ
1589 5744 1693 5803 lsa.
1726 5762 1759 5799 x
1788 5785 1805 5810 ,
1838 5745 1890 5801 Ι.

509 5815 549 5857 ιε
569 5811 696 5865 ibid.
725 5810 816 5868 46.
888 5812 911 5845 ’
943 5809 1073 5867 Luc.
1104 5829 1260 5871 xxttt.
1290 5815 1379 5870 ιδ.
1459 5816 1502 5849 ⁸⁸
1534 5831 1644 5875 xix.
1669 5815 1759 5872 60.

1920 5675 1967 5708 “
2002 5671 2133 5728 iltitl.
2164 5672 2221 5729 2.

1995 5746 2017 5779 ⁸
2042 5742 2230 5800 llattb.
2264 5758 2395 5813 xxv,
2418 5743 2509 5799 35.

2197 3307 2324 3376 quia
2359 3303 2537 3363 Lucas
2563 3306 2850 3363 manifeste
2889 3308 3079 3364 scribit
3114 3323 3277 3379 quam
3304 3323 3495 3364 vocem
3532 3308 3802 3365 clamavit

2196 3412 2321 3453 cum
2368 3398 2640 3454 emitteret
2677 3399 2953 3468 spiritum,
3006 3399 3194 3455 dicens
3236 3418 3252 3454 :
3302 3398 3377 3453 In
3421 3417 3624 3454 manus
3681 3411 3803 3457 tuas

2195 3490 2502 3545 commendo
2547 3491 2793 3560 spiritum
2842 3507 3014 3545 nicum
3059 3491 3116 3557 ’ς
3163 3500 3247 3547 est
3287 3491 3604 3562 intelligere
3640 3502 3701 3548 et
3745 3494 3800 3548 in

2195 3585 2306 3640 isto
2340 3585 2463 3641 loco
2495 3583 2643 3654 quod
2672 3598 2776 3639 vox
2798 3583 2889 3638 illa
2914 3599 3079 3654 quam
3117 3583 3315 3638 iterum
3338 3583 3607 3639 clamavit
3627 3586 3799 3639 emit-

2195 3682 2317 3731 tens
2363 3676 2639 3746 spiritum,
2673 3673 2776 3730 fuit
2815 3675 2920 3731 ista
2950 3693 2965 3729 :
3000 3672 3064 3729 In
3101 3691 3291 3728 manus
3331 3684 3452 3730 tuas
3480 3676 3801 3730 commendo

2193 3770 2442 3841 spiritum
2470 3784 2663 3823 meum.
2691 3765 2749 3822 Si
2777 3780 2909 3837 ergo
2933 3767 3182 3822 emittere
3207 3767 3483 3837 spiritum,
3514 3777 3642 3831 aut,
3683 3768 3799 3824 sie-

2194 3872 2251 3919 nt
2313 3861 2553 3918 Joannes
2612 3860 2804 3917 scribit
2843 3860 2911 3927 ¹⁶,
2951 3858 3167 3915 tradere
3214 3860 3492 3930 spiritum,
3544 3860 3798 3930 idipsum

2191 3964 2309 4011 erat
2350 3954 2496 4025 quod
2541 3962 2627 4010 est
2654 3953 2815 4019 mori,
2859 3950 3185 4023 simpliciter
3214 3960 3334 4005 erat
3372 3950 3796 4022 intelligendum

2191 4047 2335 4118 quod
2380 4046 2581 4102 dicitur
2623 4046 2677 4100 in
2723 4045 2828 4101 hoc
2877 4045 3025 4100 loco.
3078 4041 3276 4096 Emisit
3317 4043 3597 4112 spiritui.
3630 4040 3795 4099 Kunc

2191 4148 2394 4207 autem,
2421 4153 2548 4195 eum
2588 4147 2819 4192 mortem
2858 4136 2997 4190 nihil
3041 4135 3189 4189 aliud
3231 4150 3353 4190 esse
3402 4134 3675 4189 deﬁniant
3705 4150 3797 4190 sa—

2191 4231 2400 4309 pieyes
2434 4229 2540 4285 nisi
2575 4228 2973 4298 separationem
3023 4227 3219 4281 anima:
3245 4241 3277 4280 a
3311 4240 3567 4297 corpore,
3606 4226 3794 4280 videa-

2190 4336 2317 4376 mus
2338 4336 2405 4376 ne
2434 4319 2575 4377 forte
2595 4318 2743 4373 aliud
2771 4327 2856 4374 est
2876 4319 3199 4389 simpliciter
3225 4319 3387 4382 mori,
3413 4316 3569 4371 aliud
3600 4325 3791 4371 autem

2189 4425 2324 4466 voce
2380 4424 2581 4482 magna
2623 4409 2883 4474 clamare,
2929 4419 2985 4464 et
3026 4413 3275 4464 emittere
3309 4408 3592 4477 spiritum,
3646 4407 3794 4463 sicut

2194 4516 2438 4572 praesens
2468 4501 2693 4571 exponit
2728 4500 3048 4567 blattbazus;
3084 4509 3181 4555 aut
3206 4502 3261 4553 in
3288 4515 3487 4557 manus
3512 4498 3609 4553 Dei
3630 4514 3791 4553 com—

2164 4594 2451 4649 ‘mendare
2485 4594 2762 4664 spiritum,
2783 4601 2836 4647 et
2864 4592 3137 4647 dimittere
3166 4592 3447 4661 spiritum,
3471 4590 3786 4645 secundum

2187 4686 2333 4756 quod
2379 4685 2510 4741 dicit
2545 4683 2752 4751 Lucas‘;
2796 4692 2892 4738 aut
2938 4684 3203 4740 inclinare
3241 4691 3426 4752 caput,
3465 4691 3525 4736 et
3567 4682 3792 4736 tradere

2188 4777 2466 4847 spiritum,
2510 4778 2653 4832 sicut
2689 4775 2931 4831 Joannes
2979 4775 3226 4844 exponit.
3259 4773 3326 4828 Et
3366 4771 3511 4828 mori
3557 4772 3787 4842 quidem

2187 4869 2432 4925 omnium
2480 4870 2765 4924 hominum
2812 4877 2917 4931 est,
2955 4868 3119 4922 etiam
3160 4866 3470 4928 malorum,
3516 4863 3790 4933 quoniam

2188 4961 2434 5015 omnium
2459 4960 2657 5015 animm
2682 4967 3006 5028 separantur
3029 4972 3061 5011 a
3086 4970 3336 5026 corpore,
3363 4955 3531 5008 etiam
3562 4953 3792 5022 iniquo—

2190 5068 2337 5117 rum,
2383 5054 2477 5123 qui
2525 5051 2707 5106 dicere
2746 5064 2856 5104 non
2902 5057 3134 5119 possunt
3175 5062 3298 5117 qna:
3341 5045 3483 5099 dixit
3525 5043 3790 5099 Christus

2189 5146 2379 5201 exiens
2418 5145 2485 5199 de
2516 5158 2747 5213 corpore
2789 5156 2911 5197 suo.
2946 5139 3196 5210 Magnam
3224 5147 3407 5193 autem
3436 5151 3643 5191 vocem
3671 5138 3789 5191 cla-

2193 5252 2367 5299 mare,
2398 5245 2455 5291 et
2489 5235 2570 5291 sic
2599 5234 2846 5290 emittere
2874 5233 3150 5303 Spiritum,
3177 5231 3323 5302 quod
3366 5239 3453 5285 est
3494 5230 3556 5284 in
3584 5247 3791 5285 manus

2195 5329 2412 5386 Domini
2440 5327 2824 5385 commendare
2864 5327 3140 5395 spiritum,
3168 5335 3223 5380 et
3256 5325 3337 5379 sic
3362 5324 3648 5378 ditniuere
3675 5323 3791 5393 spi.

2196 5422 2394 5486 ritum;
2420 5430 2517 5474 aut
2543 5418 2805 5473 inclinare
2825 5424 3009 5485 caput,
3030 5424 3086 5469 et
3115 5414 3327 5469 tradere
3352 5412 3641 5482 spiritum,
3679 5427 3789 5466 non

2195 5520 2283 5568 est
2312 5513 2419 5567 nisi
2442 5520 2649 5565 tantum
2679 5517 2992 5564 sanctorum
3015 5506 3109 5577 qui
3134 5506 3295 5561 bonis
3315 5504 3585 5575 operibus
3612 5502 3787 5558 Deum

2328 5673 2376 5706 ⁹⁹
2401 5671 2592 5727 llatth.
2620 5686 2769 5725 ιιι-ι]
2790 5712 2805 5726 .
2848 5666 2938 5733 Π,
2974 5667 3063 5722 49.
3150 5668 3167 5698 ¹
3198 5664 3331 5719 ibid.
3361 5662 3453 5718 88.
3580 5666 3601 5695 ¹
3636 5664 3783 5719 PsaL

2612 5742 2632 5772 ‘
2664 5739 2809 5796 Psal.
2834 5755 2970 5804 xxii,
3003 5738 3056 5791 ἰ.
3160 5738 3183 5767 ⁷
3204 5734 3397 5790 Iani.
3451 5750 3637 5801 nvu,
3694 5735 3789 5791 ω.
