4004 6542
537 383 669 436 1791

1728 369 2053 430 ORIGENIS
2092 369 2160 427 ΙΝ
2198 368 2613 429 ΜΑΤΤΗᾹΞΗΜ

3644 368 3785 425 1Ί9Ξ

535 490 775 546 videbant
816 504 924 552 eos.
975 487 1028 543 id
1074 495 1158 543 est
1200 485 1497 556 discipulos
1546 482 1772 547 Christi,
1826 492 1875 537 et
1928 482 2103 537 timuit
2133 482 2175 540 Δ
2201 481 2370 552 928
2411 480 2604 550 Magna
2646 491 2778 549 ergo
2820 487 2948 534 sunt
2990 478 3131 535 facta
3171 493 3235 533 es
3282 493 3349 534 eo
3395 494 3545 550 quoa
3583 497 3785 553 magna

532 585 699 638 ontnis
736 584 911 639 homo.
947 580 1076 636 item
1112 595 1208 650 per
1238 580 1465 634 alterum
1495 577 1815 648 prophetam
1841 576 2102 633 Dominus

532 676 667 731 dicit
693 674 737 707 “
764 692 779 730 :
805 675 988 728 Adhuc
1019 672 1198 738 semel,
1229 682 1278 726 et
1309 689 1400 741 ego
1437 673 1648 726 movebo
1681 671 1886 737 uelum,
1916 678 1965 723 et
1996 680 2102 724 ter-

464 784 476 791 ·
531 785 667 832 ram,
709 778 757 823 et
786 784 953 830 mare,
981 774 1028 820 et
1052 767 1286 820 aridam.
1330 765 1581 820 Dicentes
1612 773 1792 819 autem
1827 778 2000 833 pauca
2034 762 2102 818 de

532 865 682 912 motu
738 867 915 923 terra),
962 872 1069 911 non
1128 855 1391 910 inutiliter
1437 855 1682 909 dicamus
1731 860 1786 908 et
1826 854 1894 907 de
1934 852 2141 922 petris~

530 947 722 1005 scissis
764 947 817 1000 in
853 947 1108 1016 passione
1142 944 1354 999 Domini
1385 942 1706 1009 Salvatoris,
1745 958 1866 1013 qua:
1895 951 2099 1013 myste-

529 1040 672 1093 rium
704 1038 943 1104 luerunt,
977 1039 1120 1107 sicut
1154 1038 1409 1097 arbitror,
1453 1038 1836 1107 prophetarum
1867 1052 1879 1088 :
1924 1036 2101 1090 mani-

529 1124 740 1180 festata;
785 1134 915 1179 sunt
962 1105 1106 1178 enim
1159 1125 1213 1179 in
1243 1105 1463 1179 Christi
1493 1127 1724 1181 adventu
1765 1127 1849 1181 lex
1893 1133 1947 1179 et
1974 1110 2115 1195 pro;

528 1217 744 1284 phetze:
786 1225 1006 1285 propter
1036 1217 1180 1286 quod
1226 1216 1292 1271 ad
1325 1217 1612 1271 Dominum
1659 1217 2099 1273 convcrtentibus

528 1323 653 1362 cum
697 1307 890 1378 legitur
918 1306 1151 1378 Moyses,
1184 1308 1427 1365 velamen
1462 1308 1608 1379 quod
1649 1309 1882 1378 positum
1924 1306 2101 1363 fuerat

529 1414 693 1469 super
721 1414 817 1453 eor
839 1415 1051 1463 eorum,
1085 1399 1315 1466 tollitur,
1343 1411 1395 1454 et
1421 1402 1562 1469 quod
1598 1401 1648 1453 in
1679 1401 1911 1456 lectione
1940 1399 2100 1455 Vete-

531 1489 607 1543 ris
637 1488 967 1544 ‘l‘estamenti
1024 1491 1257 1560 positum
1311 1500 1431 1545 erat
1472 1491 1739 1557 velamen,
1788 1492 1842 1546 in
1879 1491 2099 1546 Christo

529 1580 799 1635 aboletur.
834 1582 1045 1650 Apertze
1085 1591 1211 1636 sunt
1253 1596 1383 1650 ergo
1430 1596 1575 1636 nunc
1614 1591 1798 1651 petrae,
1825 1589 1880 1636 et
1912 1580 2098 1637 scissa:

529 1679 676 1729 sunt.
717 1680 774 1725 ut
820 1672 873 1724 in
916 1671 1200 1740 profundis
1232 1686 1418 1726 eorum
1461 1672 1638 1741 posita
1672 1672 1934 1742 spiritalia
1977 1687 2100 1748 my-

530 1759 695 1812 steria
728 1758 1029 1813 videamus.
1068 1759 1367 1814 Probamus
1398 1769 1575 1814 autem
1612 1761 1815 1816 scissas
1853 1770 1981 1815 tunc
2005 1774 2098 1830 pe-

528 1856 660 1912 tras,
692 1863 815 1903 esse
843 1850 1132 1918 prophetas
1160 1867 1173 1902 :
1210 1850 1442 1919 primum
1477 1850 1693 1919 quidem
1748 1866 1816 1905 ex
1851 1865 1919 1905 eo
1949 1848 2094 1920 quod
2130 1833 2169 1891 Β

527 1940 779 1995 Christus
826 1941 1027 1995 dicitur
1078 1949 1227 2010 petra
1289 1941 1589 2010 spiritalis,
1638 1950 1694 1997 et
1738 1942 1965 1997 rationis
2014 1950 2098 1997 est

526 2045 719 2086 omnes
746 2032 1046 2088 imitatores
1072 2031 1275 2087 Christi
1304 2033 1411 2087 dici
1443 2033 1692 2088 similiter
1719 2042 1920 2102 petras,
1955 2034 2098 2088 sicut

526 2130 582 2174 et
628 2120 722 2174 lux
770 2122 957 2176 mundi
1008 2121 1267 2175 dicuntur
1297 2137 1363 2176 ex
1397 2137 1462 2176 eo
1499 2123 1642 2191 quod
1684 2123 1799 2192 ipse
1832 2123 2098 2178 Dominus

526 2226 718 2266 eorum
772 2213 866 2267 lux
919 2221 1002 2269 est
1050 2214 1237 2267 mundi
1269 2214 1500 2268 :deinde
1542 2214 1706 2269 etiam
1750 2230 1815 2268 ex
1849 2230 1916 2270 eo
1948 2215 2095 2286 quod

529 2303 645 2372 ipse
676 2302 869 2359 Petrus
921 2320 951 2359 a
982 2303 1214 2359 Domino
1266 2317 1418 2374 petra
1469 2313 1554 2362 est
1596 2306 1919 2375 appellatus,
1969 2322 2095 2362 cum

528 2393 730 2448 dicitur
754 2394 803 2448 ei
834 2396 918 2449 ":
960 2393 1039 2450 Tu
1089 2412 1143 2449 es
1170 2394 1382 2463 Petrus,
1428 2404 1477 2450 et
1523 2413 1680 2465 super
1717 2397 1852 2451 hanc
1892 2407 2097 2467 petram

524 2485 800 2554 aedificabo
835 2484 1130 2540 Ecclesium
1161 2503 1354 2552 meam,
1382 2497 1433 2542 et
1460 2498 1628 2557 parte
1660 2488 1950 2558 inferorum
1992 2507 2096 2545 non

522 2576 879 2645 prwralebunl
910 2579 979 2630 ei.
997 2577 1227 2631 Maxime
1254 2587 1431 2632 autem
1462 2580 1565 2634 hoc
1593 2580 1996 2636 demonstratur
2027 2598 2094 2638 ex

525 2680 592 2718 eo
621 2665 767 2733 quod
793 2680 984 2721 omnes
1013 2668 1213 2736 quibus
1242 2684 1348 2723 non
1380 2671 1671 2739 praevalent
1703 2672 1870 2741 portae
1900 2671 2096 2728 infero-

526 2770 670 2819 rum,
702 2756 796 2824 qui
840 2770 979 2825 opus
1016 2758 1254 2814 nominis
1284 2767 1451 2829 petra:
1482 2760 1682 2815 habent
1724 2761 1778 2815 in
1808 2777 1889 2826 se,
1924 2761 1973 2816 id
2013 2771 2097 2818 est

521 2847 749 2916 apostoli
795 2857 850 2903 et
888 2848 1194 2919 prophetae,
1229 2861 1393 2921 petrae
1442 2861 1571 2906 sunt
1612 2865 1665 2908 et
1717 2854 1842 2923 ipsi,
1873 2862 1928 2909 ct
1968 2862 2097 2910 sunt

521 2939 877 2994 fundamenta
913 2957 1102 2996 eorum
1149 2944 1240 3013 qui
1290 2959 1455 3013 super
1492 2960 1588 3001 eos
1616 2946 1971 3013 aediﬁcantur,
2003 2961 2094 3002 se-

519 3031 758 3085 cundum
793 3032 937 3100 quod
973 3033 1047 3086 ait
1071 3033 1365 3103 Apostolus
1390 3036 1432 3068 ³⁶
1457 3054 1469 3089 :
1492 3034 1913 3107 Superazdiﬁcati
1939 3054 2095 3112 super

520 3120 925 3190 fundamentum
991 3125 1353 3193 apostolorum
1416 3137 1467 3182 et
1525 3129 1917 3196 prophetarum,
1978 3131 2092 3199 ipsa

519 3228 725 3266 summa
757 3215 1006 3283 angulari
1032 3215 1207 3284 lapide
1232 3215 1361 3271 Iesu
1389 3217 1600 3272 Christo
1632 3218 1857 3274 Domino
1886 3232 2087 3279 nostro.

523 3299 1038 3369 Superaedilicantur
1064 3314 1247 3359 autem
1283 3308 1546 3375 apostolis
1579 3320 1633 3361 et
1662 3310 1941 3378 prophetis
1976 3328 2092 3368 ma-

518 3393 666 3446 xime
692 3393 785 3461 qui
817 3402 946 3447 sunt
973 3394 1038 3448 de
1061 3396 1301 3450 Ecclesia
1342 3397 1709 3462 immaculata,
1737 3409 1791 3455 et
1815 3404 2091 3471 apostolos

522 3481 725 3536 Christi
776 3484 1079 3549 imitantur,
1119 3496 1172 3541 et
1200 3489 1492 3558 prephetas
1539 3506 1648 3545 non
1678 3504 1962 3560 spernunt,
1997 3498 2090 3552 sed

517 3580 832 3628 scrutantur
884 3576 1045 3630 etiam
1093 3592 1283 3633 eorum
1332 3580 1662 3650 Scripturas.
1722 3582 1878 3642 Nunc
1919 3596 1974 3642 et
2022 3588 2090 3644 de

515 3665 885 3721 monumentis
936 3669 1139 3737 apertis
1193 3670 1462 3726 dicamus.
1528 3671 1679 3728 Venit
1724 3686 1905 3731 autem
1954 3679 2086 3733 hora

517 3756 817 3810 secundum
857 3760 1001 3828 quod
1032 3760 1356 3829 promiserat
1385 3762 1659 3829 Christus,
1686 3775 1745 3818 ut
1771 3767 1863 3836 qui
1892 3767 1946 3820 in
1977 3785 2090 3822 mo-

514 3849 778 3901 numentis
824 3861 978 3916 sunt,
1027 3852 1250 3906 audiant
1296 3870 1469 3908 vocem
1522 3854 1677 3913 Filii.
1735 3867 1782 3911 et
1826 3859 1997 3912 vivant
2023 3860 2086 3914 ’9.

512 3931 802 4004 Propterea
849 3939 1194 3998 audientibus
1237 3945 1318 3999 eis
1356 3960 1542 4000 vocem
1586 3946 1709 4001 Filii
1741 3947 1857 4012 Dei,
1897 3965 2091 4004 monu~

514 4035 695 4079 menta
745 4036 874 4083 sunt
925 4041 1147 4099 aperta,
1198 4049 1318 4101 qua:
1363 4035 1549 4091 clausa
1600 4037 1816 4106 quidem
1868 4038 2088 4096 fuerunt

513 4117 757 4184 quandiu
792 4124 996 4176 mortui
1039 4134 1191 4179 erant
1234 4126 1287 4179 in
1332 4126 1412 4180 eis
1440 4146 1453 4180 :
1484 4137 1670 4197 aperta
1715 4138 1843 4184 sunt
1884 4141 2084 4200 autem,

511 4216 573 4262 ut
610 4210 705 4280 qui
749 4226 1161 4271 resurrexerant
1212 4219 1560 4288 egrediantur
1591 4238 1657 4277 ex
1693 4225 2083 4293 monumentis,

511 4314 620 4354 non
674 4311 802 4358 ante
842 4309 1292 4364 resurrectionem
1326 4310 1673 4384 Primogcniti
1729 4330 1793 4369 ex
1831 4319 2083 4383 mortuis,

511 4387 606 4447 sed
645 4400 765 4457 post
792 4397 1247 4453 resurrectionem
1296 4401 1487 4469 ipsius,
1521 4412 1575 4456 et
1603 4414 1944 4474 resurgentes
1986 4408 2085 4462 de-

2203 591 2336 632 voce
2361 573 2619 630 clamavit
2639 570 2821 638 Jesus,
2848 581 2905 628 ct
2934 571 3116 628 emisit
3150 572 3427 641 spiritum,
3468 582 3525 629 et
3562 589 3785 644 semper

2202 668 2318 723 haec
2342 667 2530 722 eadem
2559 679 2754 735 magna
2786 664 3028 734 quotidie
3056 665 3212 720 ﬁunt.
3244 662 3436 721 Velum
3460 666 3614 720 enim
3644 676 3787 721 tem—

2201 759 2273 829 pli
2308 758 2373 812 ad
2403 758 2687 813 revelanda
2728 773 2850 828 quae
2878 756 3038 824 ,intus
3069 756 3360 822 habentur,
3394 758 3625 827 quando
3669 773 3782 814 non

2202 849 2469 903 scinditur
2513 848 2718 904 sanctis
2757 864 2788 903 a
2822 862 3045 903 sursum
3102 863 3279 917 usque
3322 849 3610 914 deorsum,
3648 859 3705 903 et
3751 865 3783 904 a

2199 938 2471 1007 principio
2502 953 2677 1008 usque
2709 937 2777 992 ad
2809 936 3011 990 ﬁnem?
3050 937 3271 1006 quando
3298 945 3353 991 et
3383 946 3527 990 terra
3567 936 3655 991 eis
3685 936 3784 1003 qui

2200 1031 2376 1087 salute
2420 1038 2549 1086 sunt
2595 1030 2765 1100 digni,
2818 1045 2926 1085 non
2983 1021 3250 1092 movetur,
3299 1037 3355 1083 et
3401 1029 3612 1091 tremit.
3658 1044 3786 1098 qua

2199 1133 2323 1178 ante
2366 1123 2569 1177 Christi
2624 1132 2855 1176 mortem
2914 1120 3211 1176 immobilis
3256 1120 3410 1175 erat?
3457 1120 3688 1190 quando
3726 1130 3785 1174 et

2197 1224 2381 1285 petrae,
2411 1213 2706 1270 secundum
2744 1212 2888 1282 quod
2928 1212 3274 1272 tradidimus.
3311 1226 3419 1265 non
3450 1211 3783 1265 ﬁnduntur?

2200 1303 2292 1360 Sic
2343 1307 2557 1374 semper
2602 1310 2658 1359 et
2705 1309 3061 1357 monumenta
3111 1300 3456 1372 aperiuntur,
3507 1308 3563 1354 et
3602 1300 3781 1354 multa

2197 1411 2429 1467 corpora
2463 1405 2778 1451 sanctorum
2808 1394 3028 1465 quidem
3077 1393 3462 1448 dormientium
3515 1399 3780 1459 surgunt,

2195 1498 2249 1545 et
2272 1488 2619 1554 egrediuntur
2643 1488 2709 1542 de
2735 1484 3128 1548 monumentis,
3158 1498 3279 1554 pOSt
3309 1483 3781 1537 resurrectionem

2197 1588 2378 1635 tamen
2416 1578 2536 1648 ejus
2582 1577 2637 1631 in
2678 1576 2760 1632 eis
2802 1576 2896 1646 qui
2940 1582 3190 1630 mortuus
3231 1583 3314 1628 cst
3352 1588 3452 1643 pro
3501 1572 3693 1635 nobis,
3727 1581 3784 1626 es

2196 1678 2499 1741 sequuntur
2546 1683 2671 1724 eum
2721 1668 2815 1738 qui
2867 1674 3306 1728 resurrexeruut,
3349 1665 3493 1720 etin
3532 1666 3783 1720 novitate

2197 1760 2320 1814 vitae
2348 1758 2628 1814 ambulant
2655 1772 2780 1812 cum
2807 1771 2893 1812 eo.
2925 1755 3017 1812 Sic
3042 1764 3096 1810 et
3121 1755 3215 1826 qui
3242 1754 3391 1826 digni
3416 1763 3549 1809 sunt
3572 1753 3783 1810 habere

2197 1850 2665 1905 conversationem
2715 1848 2768 1901 in
2817 1847 2994 1912 caelis,
3022 1846 3305 1902 dicentes:
3349 1844 3561 1900 Nostra
3597 1854 3781 1899 unum

2195 1951 2270 1996 est
2301 1942 2624 1997 conversatio
2662 1944 2715 1994 in
2747 1940 2889 1995 caelis
2917 1940 2986 2006 ὀ,
3018 1939 3396 2009 ingrediuntur
3428 1938 3483 1991 in
3524 1947 3779 1992 sanctam

2195 2036 2466 2092 civitatem
2519 2050 2612 2105 per
2642 2034 2881 2105 -singula
2939 2042 3216 2102 tempora,
3258 2040 3314 2086 et
3364 2030 3551 2084 lumen
3580 2044 3776 2084 eorum

2196 2126 2340 2180 lucet
2369 2141 2552 2181 coram
2579 2125 2913 2189 hominibus,
2946 2133 3001 2179 et
3026 2121 3215 2178 multis
3241 2130 3509 2191 apparent
3536 2119 3778 2174 videnti-

2195 2218 2299 2272 bus
2329 2226 2384 2271 et
2410 2216 2834 2287 intelligentibus
2872 2231 3034 2286 opera
3070 2216 3213 2271 bona
3255 2215 3524 2284 ipsorum,
3557 2221 3616 2269 et
3646 2228 3780 2283 pro-

2194 2320 2381 2383 pterea
2430 2312 2861 2384 gloriﬁcantibus
2893 2311 3108 2368 Patrem
3155 2314 3394 2382 ipsorum
3439 2310 3537 2380 qui
3587 2320 3677 2365 est
3720 2311 3778 2364 in

2195 2404 2367 2458 caelis.
2418 2401 2525 2458 Sed
2573 2412 2628 2459 et
2670 2405 2851 2460 dicere
2889 2404 3150 2460 debemus
3191 2403 3259 2459 de
3289 2403 3430 2465 istis,
3465 2411 3523 2457 et
3558 2417 3776 2471 sapere,

2196 2493 2455 2563 quoniam
2488 2493 2670 2549 omnis
2700 2494 2917 2563 quidem
2965 2494 3145 2550 littera
3173 2493 3451 2563 Evangelii
3481 2493 3649 2563 quasi
3686 2493 3777 2546 lit-

2196 2592 2309 2639 tera
2358 2584 2596 2640 vivitlrat
2645 2586 3018 2657 evangelicos,
3078 2598 3139 2642 ut
3189 2586 3261 2641 ita
3325 2600 3423 2641 eos
3474 2584 3774 2656 appellem.

2201 2672 2422 2729 Scribas
2449 2691 2462 2727 :
2501 2674 2727 2745 Spiritus
2758 2685 2962 2739 autem.
2992 2676 3086 2748 qui
3117 2676 3533 2748 supergreditur
3561 2676 3777 2730 littera-

2195 2783 2315 2822 rum
2350 2775 2624 2833 naturam,
2652 2768 3011 2826 divinioribus
3038 2769 3278 2825 motibus
3306 2768 3483 2839 magis
3511 2783 3613 2824 eos
3643 2768 3777 2821 illu-

2194 2860 2366 2915 minat
2401 2861 2601 2932 quibus
2628 2860 2979 2933 Evangelium
3015 2877 3124 2917 non
3151 2872 3236 2917 est
3266 2862 3502 2916 velatum
3533 2878 3549 2916 :
3585 2860 3776 2916 omnia

2193 2952 2339 3007 enim
2384 2962 2551 3022 agunt
2582 2961 2639 3007 ut
2671 2952 2892 3008 videant
2930 2968 3055 3025 quae
3090 2953 3145 3008 in
3182 2953 3367 3008 anima
3407 2967 3508 3007 sua
3554 2966 3656 3022 per
3691 2967 3781 3005 re-

2195 3042 2589 3100 surrectionem
2635 3043 2838 3100 Christi
2887 3043 3025 3098 ﬁunt
3075 3044 3353 3116 mysteria.
3406 3041 3779 3097 Prodilicatur

2193 3131 2340 3185 enim
2373 3132 2603 3205 quadam
2640 3132 3052 3201 prodilicatione
3087 3141 3141 3188 et
3183 3132 3277 3202 qui
3314 3131 3493 3188 credit
3521 3130 3779 3200 Scriptu-

2193 3224 2293 3290 ris,
2328 3222 2527 3293 majori
2562 3233 2742 3278 autem
2785 3224 3023 3294 repletur
3059 3225 3284 3281 scientia
3318 3224 3412 3294 qui
3441 3222 3594 3278 videt
3622 3220 3776 3292 quod

2192 3317 2568 3373 conscinditur
2594 3316 2773 3371 velum
2798 3315 3094 3388 Scripturae
3115 3332 3146 3371 a
3173 3333 3389 3373 sursum
3414 3331 3595 3386 usque
3610 3316 3774 3371 deor-

2191 3422 2334 3473 sum,
2376 3415 2429 3462 et
2467 3406 2616 3461 videt
2657 3422 2781 3477 quae
2822 3416 2951 3463 sunt
2997 3406 3138 3462 intra
3190 3407 3391 3477 ipsum.
3442 3404 3649 3461 Beatus
3688 3418 3777 3462 est

2191 3502 2371 3548 autem
2423 3500 2478 3548 et
2526 3492 2615 3547 cui
2664 3502 2805 3548 terra
2852 3504 2905 3549 et
2954 3495 3139 3550 omnia
3188 3502 3400 3551 terrena
3443 3505 3770 3551 moventur:

2191 3592 2473 3654 propterea
2507 3583 2650 3638 enim
2686 3591 2741 3637 et
2776 3598 2806 3637 a
2837 3583 3058 3639 Christo
3091 3593 3220 3640 sunt
3264 3592 3446 3651 mota;
3499 3601 3606 3640 nec
3652 3601 3776 3640 mo-

2189 3677 2459 3732 vebuntur
2500 3677 2665 3748 pedes
2706 3676 2847 3746 ejus,
2895 3692 2996 3732 nec
3029 3677 3172 3733 dicet
3215 3693 3229 3729 :
3281 3676 3387 3731 Mei
3428 3688 3611 3732 autem
3642 3694 3774 3747 pene

2190 3769 2323 3823 moti
2364 3776 2487 3823 sunt
2516 3769 2671 3838 pedes
2701 3770 2767 3823 ".
2825 3767 3043 3835 Quanto
3081 3777 3262 3825 autem
3311 3769 3526 3825 beatior
3558 3780 3647 3841 est
3673 3770 3771 3841 qui

2186 3859 2336 3915 videt
2384 3860 2558 3917 oculis
2601 3860 2799 3916 anima:
2844 3863 3047 3918 scissas
3089 3871 3293 3932 petras,
3342 3876 3511 3931 quam
3554 3862 3635 3916 illi
3672 3864 3769 3932 qui

2187 3961 2317 4009 tunc
2348 3954 2705 4023 corporaliter
2735 3955 2851 4010 ﬁeri
2886 3955 2987 4010 ista
3016 3953 3307 4009 viderunt?
3338 3952 3395 4008 Si
3427 3964 3612 4010 autem
3641 3957 3769 4026 quis

2186 4046 2376 4103 videns
2429 4055 2483 4102 et
2532 4058 2885 4103 monumenta
2930 4059 3153 4118 aperta,
3204 4055 3259 4103 et
3308 4063 3542 4118 corpora
3590 4050 3767 4106 multa

2185 4138 2572 4193 dormientium
2632 4149 2944 4195 sanctorum
3029 4139 3305 4210 surgentia
3353 4149 3408 4196 et
3452 4141 3523 4196 de
3566 4158 3771 4197 monu-

2186 4230 2384 4285 mentis
2430 4230 2785 4300 egredientia,
2830 4240 2954 4300 post
3005 4232 3461 4311 resurrectionem
3509 4236 3769 4304 corporis

2185 4318 2411 4384 Christi,
2455 4319 2680 4386 omnino
2705 4319 2917 4374 alienus
2949 4319 3178 4377 elﬁcitur
3222 4339 3253 4377 a
3283 4324 3676 4387 monumentis,
3709 4334 3768 4379 et

2184 4408 2518 4465 domesticus
2548 4409 2778 4465 efﬁcitur
2804 4410 3040 4467 civitatis
3067 4412 3163 4468 Dei
3209 4413 3486 4481 ingressus
3526 4415 3581 4469 in
3614 4431 3762 4480 eam,

511 4476 823 4586 relinquant
852 4483 1068 4551 quidem
1095 4498 1470 4553 monumenta,
1498 4490 1868 4560 ingrediantur
1897 4505 2076 4550 autem
2117 4527 2164 4586 ο
2190 4509 2394 4569 quanto
2425 4502 2597 4572 magis
2625 4500 3035 4572 prodilicabitur
3083 4476 3315 4574 amplius
3347 4504 3413 4560 iis
3439 4505 3532 4575 qui
3563 4476 3768 4576 corpu;

511 4568 567 4621 in
595 4569 864 4625 civitatem
889 4583 1154 4639 sanctam.
1185 4588 1238 4631 et
1267 4591 1563 4649 appareant
1591 4593 1644 4638 et
1666 4585 2083 4643 manilestentur

511 4660 697 4715 multis
725 4664 1031 4719 volentibus
1063 4677 1115 4721 et
1147 4672 1458 4737 potentibus
1516 4684 1763 4731 sanctam
1799 4679 2070 4735 civitatem

514 4752 607 4806 Dei
636 4754 852 4821 videre,
886 4765 941 4812 et
968 4775 1090 4827 qua:
1135 4761 1189 4816 in
1223 4778 1285 4817 ea
1318 4767 1638 4823 resuscitata
1680 4781 1807 4826 sunt
1849 4788 2078 4843 corpora

515 4852 854 4904 sanctorum.
920 4846 1271 4907 Monumenta
1333 4854 1479 4909 enim
1543 4857 1798 4913 dicuntur
1849 4876 2080 4931 corpora

520 4934 883 5002 peccatricum
937 4938 1244 4997 animarum
1272 4983 1303 5005 ,.
1335 4941 1387 4995 id
1433 4952 1517 4998 est
1560 4957 1899 5002 mortuarum
1947 4949 2080 5007 Deo.

509 5021 646 5076 Cum
681 5032 859 5078 autem
888 5041 982 5095 per
1008 5029 1233 5097 gratiam
1270 5029 1362 5086 Dei
1392 5032 1589 5088 animae
1619 5034 1932 5105 hujusmodi
1966 5038 2081 5095 lue-

513 5114 620 5168 riut
663 5115 940 5202 suscitauc
978 5119 1043 5173 ad
1086 5120 1243 5175 tidem
1285 5138 1515 5192 corpora
1563 5139 1748 5180 earum
1798 5143 1919 5197 quae
1969 5127 2085 5186 fue-

512 5209 811 5277 rantprius
845 5225 1197 5267 monumenta
1239 5225 1578 5274 mortuarum
1620 5221 1952 5285 animarum,
1980 5223 2087 5279 clli-

518 5296 739 5354 ciuntur
771 5317 1000 5375 corpora
1032 5317 1376 5371 sanctarum,
1419 5317 1473 5364 et
1530 5310 1783 5367 videntur
1826 5329 1856 5368 a
1888 5315 2082 5385 seipsis

512 5390 660 5444 exire
707 5407 831 5447 cum
876 5396 1138 5452 desierint
1182 5414 1304 5453 esse
1352 5413 1699 5457 monumenta
1741 5415 2100 5463 mortuarum-

513 5478 855 5552 animarum,
911 5494 964 5541 et
1003 5489 1267 5558 coeperint
1305 5506 1533 5562 corpora
1575 5509 1696 5550 esse
1732 5508 2072 5557 sanctarum.

585 5710 627 5740 ¹⁶
659 5709 789 5780 Agg.
823 5728 882 5778 tt,
912 5713 963 5767 7.

509 5793 654 5837 Lxxu
681 5819 694 5845 ,
722 5782 775 5840 2,

852 5785 897 5816 ¹¹
930 5784 1119 5843 Matth.
1154 5804 1332 5856 xxv",
1371 5791 1459 5849 54.
1536 5791 1580 5822 ⁸³
1616 5808 1705 5860 XV,
1734 5784 1829 5857 59;

735 6495 1206 6505 —--—-————-—-—-_-.___.._...—_
1221 6499 1292 6505 ———_..
1305 6501 1340 6505 __
1379 6501 1402 6504 .-.
1425 6501 1440 6504 -
1475 6502 1506 6506 ..μ
1557 6503 1566 6506 ..
1637 6503 1642 6505 .
1659 6504 1688 6507 ,,

505 6513 970 6534 __—...———_‘—.__.-::-—
989 6513 1124 6521 ς-..ηρ-
1153 6511 1538 6520 —.———-——-—-———--—-———-—-
1615 6513 1684 6522 -συ-
1893 6517 1932 6524 ..-
2055 6519 2076 6525 ..-
2109 6519 2280 6526 φη--μ
2373 6519 2378 6522 -
2417 6523 2444 6528 __
2465 6523 2486 6528 .,
3108 6520 3226 6528 —__
3326 6520 3376 6526 __
3458 6518 3508 6526 ﬂ
3582 6516 3664 6528 Ἢ

1061 5717 1101 5800 ξ’
1131 5717 1321 5773 Matth.
1374 5735 1490 5800 rvi,
1692 5722 1962 5800 νζξῖριιυε⁸
1998 5745 2053 5796 ιι,
2082 5728 2170 5786 20.
2252 5732 2294 5765 '9
2316 5730 2475 5788 Joau.
2502 5750 2555 5800 v,
2581 5732 2654 5790 28
2680 5744 2732 5791 et
2758 5734 2850 5791 25.

2189 4594 2375 4649 raliter
2422 4594 2668 4665 prodigia
2714 4595 2814 4651 ista
2862 4595 3150 4651 viderunt?
3202 4597 3346 4652 Satis
3395 4606 3577 4652 autem
3629 4608 3763 4667 puto

2187 4687 2390 4742 distare
2423 4688 2567 4744 hunc
2602 4690 2697 4758 qui
2732 4690 3036 4762 ingreditur
3083 4690 3138 4744 in
3180 4690 3452 4745 civitatem
3483 4702 3760 4755 sanctam,

2179 4788 2233 4834 et
2260 4790 2485 4848 apparet
2517 4781 2703 4837 multis
2729 4782 2857 4853 quia
2884 4790 2969 4839 est
3011 4782 3066 4837 in
3094 4797 3180 4845 ea,
3212 4780 3282 4837 ab
3316 4782 3409 4836 illo
3436 4782 3529 4851 qui
3562 4799 3761 4838 secuuo

2181 4870 2310 4925 dum
2362 4871 2644 4926 historiam
2681 4873 2854 4928 credit
2894 4883 2949 4930 et
2978 4889 3088 4930 non
3130 4875 3374 4931 ascendit
3415 4891 3448 4930 a
3474 4874 3581 4930 ﬁde
3620 4876 3758 4931 sim-

2184 4961 2309 5032 plici
2348 4962 2412 5016 ad
2445 4962 2638 5018 altiora
2673 4965 2953 5035 mysteria.

2258 5052 2379 5105 140.
2422 5053 2672 5107 Centurio
2705 5067 2902 5122 autem,
2936 5067 2987 5111 et
3013 5060 3103 5128 qui
3134 5075 3253 5112 cum
3291 5075 3351 5113 eo
3380 5070 3534 5113 erant
3580 5069 3758 5114 custo-

2182 5141 2379 5195 dientes
2403 5139 2606 5207 Jesum,
2649 5144 2758 5198 viso
2800 5153 2954 5198 term
2992 5157 3168 5212 motu,
3204 5158 3253 5203 et
3277 5148 3357 5202 his
3386 5165 3504 5219 quc
3532 5150 3756 5217 fiebant,

2184 5234 2469 5286 timuerunt
2525 5233 2695 5298 valde,
2744 5236 2975 5292 dicentes
3019 5254 3037 5292 :
3094 5237 3219 5294 Vere
3265 5239 3441 5295 Filius
3486 5240 3585 5295 Dei
3639 5251 3756 5296 erat

2180 5323 2279 5377 iste
2304 5324 2371 5376 ".
2404 5322 2619 5381 Marcus
2652 5325 2696 5357 "
2724 5335 2906 5382 autem
2949 5328 3030 5385 sic
3072 5329 3303 5385 scribit:
3338 5330 3533 5385 Videas
3568 5341 3754 5386 centu-

2182 5416 2261 5469 rio
2312 5417 2401 5479 qui
2469 5417 2681 5471 astabat
2726 5418 2799 5473 ibi
2846 5422 3096 5490 quoniam
3147 5422 3383 5477 clamans
3440 5425 3751 5495 exspiravit,

2178 5503 2360 5559 dixit:
2410 5503 2532 5560 Vere
2579 5507 2662 5560 hic
2697 5508 2849 5565 homo
2891 5505 3067 5565 Filius
3110 5520 3226 5567 erat
3267 5512 3387 5568 Dei.
3424 5512 3603 5570 Lucas
3650 5529 3749 5569 au-

2943 5737 2989 5769 “
3018 5735 3216 5809 Philip.
3244 5751 3328 5799 tu,
3355 5733 3446 5789 20.
3522 5736 3566 5768 ²¹
3597 5734 3742 5792 Psal.
