4004 6556
240 406 376 464 i793

1357 400 2010 462 COMMENT-ARIORUM
2050 400 2313 462 SERIES.

3342 406 3483 468 179%

236 530 346 578 tem
378 520 425 552 ἰ
451 539 463 575 :
512 517 703 575 Viden:
737 521 970 575 centurio
993 533 1109 591 quae
1138 517 1285 589 facta
1318 529 1464 585 sunt,
1492 519 1808 590 glori/ienuit
1839 522 1884 580 Α
1912 517 2021 573 tius
2055 518 2295 588 pendens
2324 518 2379 573 in
2424 532 2588 574 cruce
2621 520 2856 591 amplius
2885 523 3258 593 cruciaretur,
3304 545 3482 602 neque

243 614 429 679 Deum,
461 614 640 668 dicens
670 628 689 666 :
728 611 854 667 Vere
891 612 975 666 hic
1017 613 1171 666 homo
1204 612 1384 682 justus
1427 621 1562 667 erat.
1603 610 1811 665 Secun-

235 706 367 762 dum
415 705 657 762 Marcum
704 706 947 775 quidem,
999 705 1269 771 centurio,
1317 719 1424 759 non
1474 703 1602 774 quia
1630 702 1809 756 velum

238 799 423 869 templi
456 797 632 852 fuerat
663 797 897 852 scissum
944 811 974 850 a
1021 811 1243 850 sursum
1302 809 1476 864 usque
1529 795 1807 855 deorsum,

238 903 341 945 nec
381 889 510 958 quia
561 888 667 942 aiia
725 887 864 942 facta
917 896 1047 944 sunt
1089 886 1266 958 signa,
1314 885 1615 941 secundum
1664 884 1808 955 quod

238 975 411 1033 refert
455 976 765 1044 Mattheeus,
822 977 873 1031 id
926 985 1011 1033 est
1057 977 1187 1046 quia
1240 984 1386 1030 mota
1432 982 1518 1031 est
1564 984 1730 1040 terra,
1758 984 1812 1027 et

236 1065 368 1136 quia
413 1075 579 1137 petra:
618 1074 748 1121 sunt
796 1066 1004 1130 scissae.
1062 1074 1157 1120 aut
1206 1073 1389 1135 aperta
1440 1074 1567 1120 sunt
1616 1080 1811 1118 monu-

237 1166 440 1222 menta,
469 1168 551 1213 est
578 1157 876 1214 admirans.
932 1156 1165 1228 Dignum
1198 1166 1283 1213 est
1307 1172 1438 1227 ergo
1471 1158 1655 1211 videre
1680 1157 1809 1227 quid

236 1257 426 1319 postea
475 1248 676 1305 factum
720 1259 803 1305 est
849 1265 1012 1319 super
1062 1250 1192 1304 illud
1224 1250 1368 1319 quod
1416 1250 1680 1318 scriptum
1727 1256 1811 1304 est

236 1344 378 1413 apmf
415 1341 678 1409 Marcum,
712 1353 770 1396 ut
804 1342 1096 1396 miraretur
1128 1340 1377 1397 centurio
1404 1340 1629 1397 dicens:
1683 1339 1810 1393 Vere

234 1437 321 1491 hic
348 1436 524 1491 Filius
564 1445 679 1492 erat
706 1434 824 1489 Dei.
872 1433 938 1488 Et
969 1434 1090 1489 vide
1121 1437 1167 1490 sl
1199 1434 1378 1490 dicere
1407 1449 1700 1504 possumus
1731 1448 1813 1489 se-

234 1530 476 1585 cundum
512 1545 682 1584 unum
717 1528 935 1599 quidem
992 1525 1239 1591 modum,
1275 1527 1537 1598 quoniam
1580 1527 1810 1581 miratus

233 1630 319 1677 est
352 1622 405 1676 in
438 1622 520 1676 his
549 1635 672 1691 qua:
713 1619 853 1675 dicta
903 1618 1119 1674 fuerant
1165 1618 1234 1673 ab
1277 1632 1344 1673 eo
1376 1618 1443 1672 ad
1471 1616 1639 1672 Deum
1684 1632 1809 1672 cum

233 1712 475 1768 clamore
518 1721 572 1767 et
607 1710 983 1782 magnitudine
1022 1724 1304 1772 sensuum,
1335 1707 1634 1763 secundum
1665 1707 1808 1777 quod

234 1804 485 1873 capiebat
530 1802 853 1873 intelligere,
910 1799 1197 1868 suspicans
1245 1798 1547 1854 admiratus
1596 1808 1699 1866 est,
1755 1809 1809 1854 et

232 1895 408 1948 dixit:
458 1892 587 1949 Vere
632 1894 717 1947 hic
759 1892 913 1946 homo
957 1900 1072 1946 erat
1108 1887 1286 1944 Filius
1328 1890 1440 1944 Dei.
1498 1888 1808 1946 Secundum

233 1987 464 2039 alterum
527 1993 707 2039 autem
762 1983 1007 2047 modum,
1055 1980 1314 2052 quoniam
1367 1979 1505 2035 forte
1554 1990 1811 2050 praestare

234 2077 426 2132 volens
452 2076 658 2131 Pilatus
688 2075 890 2146 populo
922 2074 1180 2129 universo
1210 2072 1304 2143 qui
1340 2072 1554 2128 dixerat
1579 2090 1592 2126 :
1622 2071 1810 2126 Cruci-

241 2169 366 2240 ﬁge,
402 2169 651 2240 cruci/ige
673 2185 792 2223 eum
816 2169 885 2234 ",
914 2176 969 2221 et
985 2167 1182 2222 timens
1207 2166 1388 2237 populi
1416 2164 1583 2221 totius
1608 2168 1811 2222 tumul-

234 2270 376 2327 tum,
411 2276 517 2316 non
552 2260 737 2331 jussit,
776 2261 1077 2313 secundum
1122 2259 1572 2314 consuetudinem
1604 2258 1811 2314 Roma-

236 2367 433 2407 norum
473 2351 541 2407 de
583 2349 670 2406 bis
708 2352 801 2420 qui
849 2350 1264 2422 crucifiguntur,
1296 2349 1505 2420 percuti
1559 2349 1663 2405 sub
1695 2350 1810 2405 alas

235 2444 488 2513 corporis
533 2441 661 2497 Jesu
690 2462 702 2497 :
734 2442 880 2513 quod
937 2441 1144 2497 faciunt
1192 2442 1487 2512 aliquando
1533 2441 1626 2511 qui
1681 2456 1812 2496 con-

234 2535 495 2590 demnant
532 2549 627 2590 eos
658 2535 749 2604 qui
785 2535 837 2588 in
883 2532 1180 2602 majoribus
1226 2531 1521 2587 sceleribus
1561 2539 1689 2586 sunt
1724 2530 1808 2584 in-

235 2625 407 2680 venti.
438 2623 707 2693 Quoniam
751 2640 883 2696 ergo
909 2625 1171 2695 majorem
1204 2623 1475 2680 sustinent
1506 2624 1812 2680 cruciatum

236 2718 333 2789 qui
384 2734 493 2773 non
538 2717 915 2789 percutiuntur
961 2725 1082 2787 post
1133 2715 1424 2781 fixionem,
1477 2713 1575 2771 sed
1626 2715 1813 2770 vivunt

238 2825 366 2866 cum
416 2809 654 2880 plurimo
703 2809 971 2875 cruciatu,
1025 2807 1321 2878 aliquando
1370 2818 1550 2863 autem
1598 2816 1654 2863 et
1699 2815 1811 2863 tota

238 2909 418 2965 nocte,
447 2907 502 2955 et
529 2899 709 2955 adhuc
735 2908 858 2970 post
884 2913 1002 2953 eam
1045 2908 1153 2952 tota
1188 2898 1295 2953 die.
1329 2896 1491 2953 Jesus
1529 2913 1659 2970 ergo
1686 2912 1810 2953 cum

236 3006 347 3047 non
379 2989 573 3046 fuisset
599 3005 913 3062 percussus,
940 2998 995 3045 et
1023 2998 1335 3059 speraretur
1360 2989 1453 3044 diu
1484 2989 1726 3059 pendens
1755 2987 1811 3042 in

238 3097 404 3137 cruce
457 3081 665 3152 majora
711 3080 822 3152 pati
882 3088 1175 3141 tormenta,
1231 3079 1409 3135 oravit
1461 3077 1701 3143 Patrem,
1758 3086 1816 3134 et

1912 609 2252 672 interfectus,
2286 625 2462 680 neque
2489 610 2815 680 depositus?
2843 614 3046 671 Tamen
3083 618 3356 686 centurio,
3391 637 3481 678 se-

1911 703 2148 756 cundum
2177 702 2514 766 Matthaeum,
2543 716 2650 756 non
2676 712 2883 757 tantum
2910 706 3046 761 dixit
3071 708 3138 761 de
3157 707 3323 766 Jesu:
3355 710 3483 767 Vere

1912 793 2090 848 Filius
2129 794 2227 848 Dei
2254 805 2371 849 erat
2405 796 2527 859 iste,
2559 794 2652 850 sed
2683 802 2735 849 et
2764 796 2942 862 timuit
2968 814 3117 862 eum,
3145 810 3302 857 terra:
3333 816 3484 859 motu

1911 901 2036 941 eum
2065 887 2119 941 in
2147 886 2395 941 timorem
2431 887 2698 942 mittente.
2737 887 2989 943 Forsitan
3024 900 3204 946 autem
3243 904 3295 948 et
3324 910 3486 964 expe-

1910 978 2144 1032 rimento
2178 978 2382 1033 sciebat
2413 994 2580 1049 super
2616 987 2772 1033 teme
2813 990 2993 1035 motus
3025 982 3117 1051 qui
3150 982 3202 1036 in
3238 987 3487 1053 gentibus

1911 1071 2067 1134 fiunt,
2101 1086 2226 1125 eum
2280 1080 2435 1125 terrae
2469 1080 2674 1126 motum
2726 1071 2928 1138 fuisse,
2977 1082 3031 1127 et
3064 1073 3117 1127 in
3154 1076 3257 1130 hoc
3281 1081 3492 1148 stupuit

1910 1162 2120 1217 videns.
2147 1160 2214 1215 Et
2238 1162 2466 1217 observa
2492 1165 2752 1232 quoniam
2783 1165 2924 1234 apud
2954 1164 3220 1233 Marcum,
3245 1168 3335 1221 ubi
3363 1184 3492 1223 cen-

1912 1256 2056 1308 tu:io
2091 1254 2297 1310 nullum
2331 1255 2654 1309 miraculum
2689 1256 2891 1312 vidisse
2923 1256 3179 1325 refertur,
3214 1259 3490 1316 hominem

1909 1344 2240 1401 dicitJesum
2266 1343 2460 1399 Filium
2492 1344 2613 1401 Dei:
2638 1348 2729 1418 qui
2755 1356 2935 1402 autem
2961 1349 3339 1404 conscissione
3362 1350 3488 1416 veli,

1909 1437 1993 1491 vel
2020 1452 2051 1491 a
2083 1449 2239 1491 terra:
2264 1447 2412 1491 motu
2440 1439 2669 1508 stupuit,
2692 1439 2970 1493 hominem
3007 1439 3156 1494 illum
3185 1439 3356 1496 fuisse
3379 1456 3488 1496 non

1910 1528 2077 1595 dicit,
2134 1529 2228 1582 sed
2274 1526 2470 1583 Filium
2525 1528 2638 1584 Dei.
2684 1529 2966 1583 Consentit
3013 1538 3194 1585 autem
3236 1531 3397 1587 nobis
3422 1532 3489 1587 ad

1914 1626 2203 1673 tractatum
2239 1634 2403 1688 quem
2436 1618 2664 1674 fecimus
2698 1619 2766 1674 de
2796 1618 3075 1689 Scriptura
3109 1620 3298 1685 Marci,
3325 1622 3491 1679 etiam

1910 1725 2093 1766 sermo
2134 1709 2554 1780 conseriptionis
2609 1709 2802 1774 Lucze,
2848 1711 3109 1781 quoniam
3156 1721 3211 1766 et
3257 1712 3374 1782 ipse
3406 1713 3489 1769 sic

1912 1801 2101 1858 scribit
2125 1802 2211 1856 ’τε
2255 1799 2384 1857 Vere
2419 1802 2505 1856 hic
2535 1802 2687 1856 homo
2722 1802 2903 1871 justus
2943 1812 3097 1867 erat;
3145 1804 3289 1874 apud
3329 1820 3490 1875 quem

1914 1894 2052 1949 nihil
2079 1894 2224 1949 aliud
2251 1894 2478 1960 dicitur,
2510 1892 2615 1949 nisi
2639 1893 2704 1948 de
2732 1894 2872 1948 velo.
2912 1892 3128 1960 Videris,
3153 1894 3347 1965 inquit,
3375 1911 3493 1965 quae

1911 1987 2057 2057 facta
2081 1996 2226 2052 sunt,
2260 1986 2499 2040 centurio
2527 1984 2844 2055 gloriﬁcauit
2881 1984 3067 2046 Deum,
3097 1987 3315 2042 dicens:
3362 1985 3493 2039 Vere

1901 2080 2083 2151 justus
2108 2088 2224 2135 erat
2254 2079 2340 2134 hic
2381 2079 2555 2133 homo.
2594 2077 2862 2144 Quoniam
2897 2087 3078 2134 autem
3127 2080 3237 2133 tale
3284 2076 3492 2148 aliquid

1912 2171 2116 2228 factum
2160 2180 2247 2227 est
2283 2170 2337 2226 in
2364 2180 2611 2241 tempore
2643 2169 3121 2225 condemuationis
3153 2170 3395 2235 Christi,
3439 2178 3495 2224 et
3559 2174 3573 2188 ‘

1916 2278 2026 2318 non
2055 2262 2226 2334 jussit
2253 2260 2465 2318 Pilatus
2491 2260 2940 2317 consuetudinem
2967 2276 3185 2317 scrvare
3210 2268 3269 2315 ut
3297 2275 3496 2330 percu-

1914 2354 2083 2408 tiatur
2111 2368 2310 2422 corpus
2339 2350 2566 2415 Christi,
2596 2349 2912 2406 manifestat
2935 2351 3097 2404 etiam
3125 2348 3364 2405 Joannes
3391 2350 3493 2404 hoc

1912 2444 2076 2499 modo
2128 2444 2412 2505 scribens,
2462 2445 2722 2514 quoniam
2778 2452 3091 2515 rogaverunt
3146 2441 3386 2496 Pilatum
3436 2450 3494 2495 ut

1913 2534 2289 2604 frangerentur
2315 2550 2473 2588 crura
2499 2550 2682 2588 eorum
2713 2544 2763 2589 et
2794 2533 3106 2588 tollerentur
3131 2532 3195 2585 “.
3228 2530 3366 2598 Quid
3397 2546 3495 2586 au-

1913 2633 2022 2680 tem
2054 2625 2426 2681 necessarium
2458 2624 2638 2681 fuerat
2662 2640 2858 2696 rogare
2886 2633 2939 2678 et
2975 2639 3162 2694 preces
3207 2623 3401 2678 oﬂ‘erre
3428 2623 3496 2678 de

1911 2717 2019 2773 hoc
2042 2758 2058 2783 ,
2092 2718 2137 2773 si
2168 2718 2468 2773 secundum
2500 2714 2950 2772 consuetudinem
3003 2714 3206 2771 factum
3247 2711 3444 2769 fuisset
3473 2712 3496 2766 ?

1912 2810 2116 2866 Miscrti
2144 2820 2274 2864 sunt
2292 2823 2425 2880 ergo
2441 2806 2611 2865 Judaei
2632 2819 2753 2878 post
2775 2807 3048 2863 crudelem
3071 2804 3455 2861 condemnatio
3470 2832 3490 2846 -

1913 2919 2037 2958 nem
2054 2918 2269 2969 eorum,
2295 2903 2388 2972 qui
2418 2910 2684 2972 quantum
2709 2901 2776 2956 ad
2804 2902 3264 2956 existimationem
3295 2917 3490 2957 eorum

1912 2995 2168 3050 vivebant
2218 2994 2271 3047 in
2317 2993 2561 3047 cruciatu
2606 2992 2853 3047 terribili.
2903 2991 2969 3046 Et
3021 2993 3219 3062 prioris
3267 2992 3491 3062 quidem

1914 3102 2077 3144 crura
2109 3085 2408 3155 fregerunt,
2444 3084 2700 3139 similiter
2731 3092 2786 3137 et
2818 3083 3038 3139 secundi
3068 3101 3084 3138 :
3113 3082 3274 3138 Jesus
3307 3092 3492 3139 autem

236 3172 528 3228 exauditus
576 3181 679 3239 est,
730 3180 785 3227 et
830 3172 1012 3227 statim
1058 3180 1117 3226 ut
1166 3171 1421 3227 clamavit
1474 3171 1542 3226 ad
1571 3169 1811 3236 Patrem,
1839 3192 1881 3251 ο
1916 3195 2024 3236 non
2068 3193 2207 3248 opus
2243 3175 2434 3231 habuit
2479 3174 2966 3230 intercessionibus
3014 3188 3204 3229 eorum
3249 3183 3345 3229 aut
3372 3189 3496 3244 pre-

240 3268 489 3329 receptus
534 3269 619 3314 est
667 3277 680 3315 :
734 3266 828 3313 aut
872 3260 1016 3315 sicut
1062 3260 1155 3330 qui
1202 3267 1525 3331 potestatem
1576 3260 1812 3317 habebat

239 3355 476 3428 ponendi
514 3356 751 3411 animam
786 3371 964 3423 suam,
1012 3356 1196 3426 posuit
1238 3371 1359 3411 eam
1391 3354 1612 3428 quando
1641 3354 1815 3410 voluit

241 3454 388 3523 ipse;
422 3453 564 3523 quod
605 3453 914 3524 prodigium
956 3453 1163 3522 stupuit
1202 3453 1453 3508 centurio
1492 3450 1718 3514 factum,
1758 3460 1812 3506 et

238 3543 375 3598 dixit
410 3560 425 3598 :
468 3542 591 3597 Vere
633 3543 716 3597 hic
753 3543 906 3596 homo
936 3541 1112 3597 Filius
1162 3552 1277 3597 erat
1324 3543 1441 3598 Dei.
1486 3541 1809 3597 Miraculum

238 3636 383 3691 enim
430 3644 546 3691 erat
587 3636 847 3706 quoniam
891 3646 1014 3705 post
1059 3644 1170 3691 tres
1216 3636 1382 3690 horas
1428 3643 1674 3704 receptus
1706 3643 1811 3697 est,

238 3728 331 3798 qui
368 3726 507 3782 forte
534 3728 760 3783 biduum
796 3728 1039 3783 victurus
1071 3736 1189 3782 erat
1230 3727 1284 3781 in
1317 3742 1479 3782 cruce
1511 3726 1810 3782 secundum

239 3820 687 3876 consuetudinem
737 3837 926 3876 eorum
967 3820 1061 3891 qui
1111 3820 1519 3890 suspenduntur
1570 3819 1810 3888 quidem,

240 3927 351 3967 non
393 3921 571 3968 autem
619 3913 997 3983 percutiuntur
1032 3929 1046 3965 :
1085 3919 1145 3964 ut
1170 3910 1444 3965 videretur
1488 3909 1811 3963 beneficium

240 4003 335 4059 Dei
376 4001 548 4059 fuisse
592 4004 738 4074 quod
782 4002 1107 4073 exspiravit,
1147 4011 1201 4057 et
1245 4001 1495 4062 meritum
1548 3999 1813 4054 orationis

237 4095 357 4164 ejus
384 4095 554 4167 magis
586 4110 751 4164 quam
784 4095 1039 4148 violentia
1072 4093 1275 4149 crucis.
1304 4091 1438 4146 Illud
1470 4090 1633 4145 etiam
1666 4089 1812 4159 quod

239 4186 295 4240 in
351 4186 707 4257 sequentibus
757 4186 981 4256 exponit
1031 4185 1269 4250 Marcus,
1322 4198 1446 4240 cum
1474 4180 1672 4251 Joseph
1724 4181 1811 4235 in-

242 4288 441 4335 trasset
476 4278 541 4334 ad
583 4278 841 4345 Pilatum,
890 4288 944 4335 et
989 4279 1234 4349 petiisset
1280 4291 1479 4347 corpus
1507 4273 1657 4340 .lcsu,
1710 4274 1814 4329 hoc

239 4372 418 4442 ipsum
461 4370 752 4441 significat.
802 4370 894 4426 Sic
935 4372 1083 4426 enim
1123 4370 1275 4434 dicit,
1317 4369 1574 4439 quoniam
1609 4364 1815 4421 Pilatus

240 4462 472 4517 miratus
503 4468 587 4516 est
612 4460 659 4517 si
694 4460 807 4531 jam
837 4469 1087 4515 mortuus
1110 4466 1276 4520 esset,
1309 4465 1361 4512 et
1392 4470 1595 4511 vocans
1624 4464 1815 4511 centu-

1913 3271 2070 3329 cibus
2098 3284 2238 3340 quas
2267 3267 2584 3324 obtulerunt
2606 3265 2778 3321 Pilato
2808 3283 2823 3320 :
2852 3275 3072 3335 propter
3098 3264 3244 3336 quod
3272 3265 3488 3319 venien-

1913 3371 1995 3419 tes
2025 3362 2094 3417 ad
2132 3359 2357 3426 Jesum,
2387 3359 2648 3429 quoniam
2680 3359 2792 3427 jam
2837 3366 3087 3412 mortuus
3129 3366 3284 3421 erat,
3332 3371 3495 3411 crura

1918 3453 2039 3524 ejus
2078 3467 2187 3508 non
2220 3451 2517 3522 fregerunt.
2556 3449 2665 3504 Aut
2696 3448 2833 3505 forte
2866 3464 2972 3503 non
3009 3458 3228 3520 propter
3276 3447 3497 3503 miserio

1913 3546 2152 3601 cordiam
2186 3544 2289 3599 hoc
2324 3542 2569 3598 fecerunt
2593 3540 2798 3606 Judaei,
2836 3539 2927 3596 sed
2960 3539 3329 3609 principaliter
3358 3553 3491 3609 pro-

1911 3644 2033 3708 pter
2081 3636 2415 3698 Sabbatum,
2471 3642 2531 3688 ut
2579 3648 2685 3687 non
2733 3640 2989 3687 maneant
3034 3646 3263 3700 corpora
3318 3646 3483 3700 super

1913 3741 2132 3784 crucem
2177 3726 2230 3779 in
2278 3724 2535 3780 Sabbato.
2586 3722 2713 3776 Erat
2756 3722 2900 3776 enim
2954 3735 3185 3791 magnus
3232 3720 3349 3774 dies
3396 3720 3490 3776 ille

1916 3817 2164 3875 Sabbati.
2196 3815 2324 3871 Hazc
2346 3812 2704 3870 tractavimus
2737 3819 3022 3880 propterea
3045 3809 3191 3880 quod
3224 3810 3489 3879 scriptum

1912 3917 2016 3974 est,
2047 3906 2193 3977 quod
2225 3904 2484 3970 centurio,
2516 3913 2567 3957 et
2589 3902 2678 3973 qui
2716 3917 2831 3954 cum
2869 3916 2927 3954 eo
2966 3898 3241 3953 servabant
3272 3896 3456 3952 Iesum
3476 3938 3493 3965 ,

1912 4008 1967 4054 et
1989 4007 2205 4061 caetera,
2235 3996 2466 4051 videntes
2499 4007 2654 4048 terra:
2684 4004 2881 4045 malum
2902 4032 2916 4054 ,
2960 3999 3009 4045 et
3046 4006 3364 4061 quacunque
3399 3990 3495 4059 ﬁe-

1914 4090 2036 4144 bant
2057 4128 2072 4153 ,
2124 4090 2430 4143 timuerunt.
2459 4083 2764 4140 Verisimile
2792 4091 2875 4137 est
2901 4081 3045 4150 quod
3073 4080 3327 4136 viderunt
3355 4096 3494 4150 quo.

1914 4183 2079 4238 modo
2103 4182 2282 4236 velum
2312 4178 2495 4249 templi
2520 4186 2638 4232 crat
2657 4174 2997 4230 conscissurn
3021 4187 3193 4241 usque
3208 4170 3492 4235 deorsum,

1914 4285 1968 4330 et
2001 4283 2198 4329 caetera
2229 4271 2547 4342 mysterium
2581 4265 2919 4323 ostendentia
2956 4278 3145 4319 eorum
3174 4277 3297 4331 qua:
3329 4276 3494 4331 supra

1917 4362 2272 4424 tradidimus,
2299 4370 2353 4414 et
2380 4360 2678 4414 timuerunt
2705 4355 2894 4409 valde:
2924 4354 3025 4408 hoc
3049 4352 3191 4407 enim
3224 4351 3497 4422 significat

1916 4454 2061 4523 quod
2084 4452 2302 4516 dicitur,
2325 4447 2494 4502 valde.
2517 4444 2649 4499 Vide
2677 4453 2856 4498 autem
2884 4458 2951 4496 ne
2969 4441 3108 4495 forte
3150 4450 3204 4495 et
3231 4439 3489 4495 moralem

239 4553 452 4608 rionem
489 4530 847 4623 interrogavit
877 4568 1002 4608 eum
1048 4553 1091 4607 si
1121 4552 1233 4620 jam
1271 4557 1515 4603 mortuus
1546 4556 1724 4614 esset;
1758 4556 1815 4603 et
1846 4533 1887 4589 Ῑ)
1917 4541 2312 4612 expositionem
2357 4536 2584 4607 suscipit
2632 4549 2813 4588 sermo
2845 4533 2948 4587 hoc
2985 4530 3188 4585 modo:
3232 4530 3490 4599 quoniam

243 4660 369 4700 cum
407 4645 651 4700 audisset
695 4661 724 4699 a
773 4644 1130 4705 centurione,
1177 4640 1399 4696 donavit
1449 4654 1661 4709 corpus
1694 4638 1814 4708 ejus

239 4735 465 4807 Jnseph.
519 4737 575 4791 Si
630 4736 774 4791 enim
825 4736 1165 4791 consuetudo
1208 4749 1329 4803 quae
1370 4731 1511 4802 apud
1545 4731 1816 4786 llomanos

243 4827 420 4885 fuerat
477 4828 544 4883 de
600 4827 875 4884 crncifixis
921 4836 1084 4897 atque
1142 4824 1446 4896 percussis,
1504 4822 1558 4876 in
1599 4822 1817 4877 Christo

244 4931 456 4976 servata
490 4918 711 4986 fuisset,
739 4919 1015 4990 quomodo
1055 4919 1284 4972 miratus
1312 4915 1505 4971 fuisset
1531 4914 1735 4969 Pilatus
1767 4913 1814 4967 si

238 5012 353 5084 jam
398 5022 645 5067 mortuus
684 5012 813 5067 est?
870 5009 1006 5064 Vide
1052 5023 1183 5080 ergo
1216 5008 1321 5063 nisi
1353 5022 1553 5061 novum
1588 5006 1815 5061 demon-

242 5111 384 5160 strat
435 5103 760 5157 miraculum
801 5102 945 5172 quod
979 5100 1090 5171 jam
1124 5106 1375 5154 mortuus
1417 5105 1558 5161 erat,
1588 5095 1812 5165 etquod

243 5195 460 5250 vocavit
482 5193 857 5249 centurionem
889 5190 1121 5255 Pilatus,
1158 5196 1214 5244 et
1245 5187 1605 5255 interrOgavit
1636 5187 1679 5240 si
1700 5185 1812 5254 jam

250 5297 499 5342 mortuus
526 5296 628 5341 est.
680 5284 811 5339 \‘ide
858 5291 1039 5338 autem
1093 5280 1199 5336 nisi
1252 5278 1570 5350 hujusmodi
1609 5276 1819 5331 crucia-

249 5390 362 5436 tmn
394 5380 561 5435 fuisse
584 5376 784 5433 Christi
809 5377 973 5430 etiam
997 5374 1280 5429 Mattbzeus
1313 5369 1571 5436 ostendit,
1596 5367 1815 5423 dicens:

245 5473 413 5545 929
458 5471 711 5527 Centurio
762 5478 812 5524 et
865 5470 954 5538 qui
1009 5482 1129 5521 cum
1177 5482 1238 5521 eo
1289 5474 1480 5530 erant,
1540 5459 1816 5515 servabant

245 5566 432 5623 letum
457 5566 524 5619 ³⁸.
556 5564 735 5632 Quare
772 5572 954 5618 autem
988 5576 1113 5617 eum
1141 5559 1449 5623 servabant,
1477 5555 1581 5611 nisi
1612 5562 1670 5608 ut
1693 5554 1816 5607 diu-

1919 4641 2046 4688 sunt
2089 4629 2309 4701 quidam
2350 4627 2444 4698 qui
2476 4624 2782 4695 suscipiunt
2813 4622 3089 4676 Christum
3136 4628 3191 4675 et
3233 4627 3489 4674 servant:

1921 4724 2077 4795 quasi
2114 4721 2334 4792 quando
2373 4717 2605 4773 viderint
2643 4714 2944 4771 secundum
2988 4712 3134 4783 quod
3171 4711 3493 4767 tradidimus

1923 4819 2102 4874 velum
2135 4814 2344 4881 scindi,
2378 4821 2431 4868 et
2462 4819 2645 4881 petras
2689 4809 2831 4864 sicut
2867 4806 3223 4876 esposuimus
3254 4804 3402 4866 findi,
3440 4811 3495 4860 et

1927 4919 2283 4966 monumenta
2330 4905 2630 4961 secundum
2668 4899 2819 4972 quod
2853 4897 3206 4968 exposuimus
3252 4895 3492 4965 aperiri,

1917 5014 1973 5062 et
2002 5016 2233 5073 corpora
2264 5004 2605 5054 mortuorum
2638 5001 2950 5048 sanctorum
2981 4988 3235 5043 exeuntia
3278 4987 3345 5041 de
3373 5000 3491 5039 mo;

1920 5094 2195 5151 numentis
2216 5131 2231 5154 ,
2262 5098 2315 5144 et
2343 5086 2673 5143 introcuntia
2708 5085 2760 5137 in
2810 5082 3081 5137 civitatem
3118 5086 3358 5132 sanctam
3381 5116 3397 5142 ,
3438 5075 3490 5128 id

1918 5197 2000 5243 est
2030 5182 2351 5243 Ecclesiam,
2378 5181 2726 5234 adducuntur
2753 5176 2806 5229 in
2836 5176 3084 5228 timorem
3117 5170 3233 5235 Dei,
3259 5177 3312 5223 et
3340 5167 3492 5222 testi-

1922 5277 2163 5332 monium
2189 5272 2473 5342 perhibent
2501 5268 2755 5339 quoniam
2792 5264 2962 5321 Filius
2994 5264 3084 5319 Dei
3115 5271 3199 5319 est
3231 5260 3323 5332 qui
3357 5259 3489 5313 talia

1923 5384 2117 5441 passus
2149 5375 2249 5421 est.
2291 5362 2355 5419 Et
2390 5379 2497 5417 non
2526 5362 2624 5415 erit
2662 5361 2859 5414 mirmn
2908 5359 2955 5415 si
2991 5355 3274 5414 confessus
3315 5351 3492 5408 fuerat

1924 5458 2124 5528 aliquis
2156 5454 2353 5510 Filium
2392 5452 2522 5517 Dei,
2549 5449 2788 5503 Verbum
2808 5489 2822 5511 ,
2855 5459 2908 5503 et
2945 5446 3287 5518 sapientiam,
3316 5453 3370 5499 et
3396 5458 3491 5498 ve-

1926 5550 2168 5613 ritatem,
2197 5556 2251 5602 ct
2279 5543 2466 5602 omnia
2495 5555 2833 5612 quaecunque
2857 5540 3055 5595 dicitur
3082 5536 3252 5592 Filius
3280 5533 3397 5590 Dei.
3427 5531 3492 5587 Et

318 5833 365 5870 ⁸⁸
389 5847 547 5900 unt,
576 5830 666 5885 Π.
742 5828 788 5861 ’⁸
821 5827 931 5883 ibid
960 5825 1052 5880 2|.
1132 5823 1178 5857 "
1205 5822 1394 5879 Matth.
1430 5834 1601 5886 xxv",
1638 5816 1726 5874 5t.
1804 5817 1811 5845 ’

1917 5826 2036 5878 χιιι,
2070 5808 2159 5864 47.
2233 5807 2280 5840 ³⁵
2306 5804 2598 5865 ιιοωωιις,
2628 5802 2717 5857 51.
