  <div class='ocr_page' id='page_1' title='image "/cluster/home/n/w/nwhite01/storage/ocr_20150623/13/hvd.32044019207646/929.png"; bbox 0 0 4004 6548; ppageno 0'>
   <div class='ocr_carea' id='block_1_1' title="bbox 531 377 672 437">
    <p class='ocr_par' dir='ltr' id='par_1_1' title="bbox 531 377 672 437">
     <span class='ocr_line' id='line_1_1' title="bbox 531 377 672 437; baseline 0.021 -3"><span class='ocrx_word' id='word_1_1' title='bbox 531 377 672 437; x_wconf 70' lang='grc'><strong><em>1795</em></strong></span> 
     </span>
    </p>
   </div>
   <div class='ocr_carea' id='block_1_2' title="bbox 1709 371 2598 434">
    <p class='ocr_par' dir='ltr' id='par_1_2' title="bbox 1709 371 2598 434">
     <span class='ocr_line' id='line_1_2' title="bbox 1709 371 2598 434; baseline -0.004 0"><span class='ocrx_word' id='word_1_2' title='bbox 1709 375 2036 434; x_wconf 78' lang='lat' dir='ltr'><strong><em>ORlGENIS</em></strong></span> <span class='ocrx_word' id='word_1_3' title='bbox 2075 373 2141 431; x_wconf 86' lang='lat' dir='ltr'><strong><em>IN</em></strong></span> <span class='ocrx_word' id='word_1_4' title='bbox 2183 371 2598 430; x_wconf 71' lang='grc' dir='ltr'><strong><em>ΜᾹΤἸἮᾹΞΙΙΜ</em></strong></span> 
     </span>
    </p>
   </div>
   <div class='ocr_carea' id='block_1_3' title="bbox 3664 337 3796 422">
    <p class='ocr_par' dir='ltr' id='par_1_3' title="bbox 3664 337 3796 422">
     <span class='ocr_line' id='line_1_3' title="bbox 3664 337 3796 422; baseline 0 0"><span class='ocrx_word' id='word_1_5' title='bbox 3664 337 3796 422; x_wconf 64' lang='lat' dir='ltr'><strong><em>am</em></strong></span> 
     </span>
    </p>
   </div>
   <div class='ocr_carea' id='block_1_4' title="bbox 489 479 3800 564">
    <p class='ocr_par' dir='ltr' id='par_1_4' title="bbox 489 479 3800 564">
     <span class='ocr_line' id='line_1_4' title="bbox 489 479 3800 564; baseline -0.004 -18"><span class='ocrx_word' id='word_1_6' title='bbox 489 493 822 555; x_wconf 72' lang='lat' dir='ltr'><strong><em>Jaudabilis</em></strong></span> <span class='ocrx_word' id='word_1_7' title='bbox 855 501 938 549; x_wconf 86' lang='lat' dir='ltr'><strong><em>est</em></strong></span> <span class='ocrx_word' id='word_1_8' title='bbox 967 493 1059 564; x_wconf 91' lang='lat' dir='ltr'><strong><em>qui</em></strong></span> <span class='ocrx_word' id='word_1_9' title='bbox 1096 507 1208 548; x_wconf 87' lang='lat' dir='ltr'><strong><em>non</em></strong></span> <span class='ocrx_word' id='word_1_10' title='bbox 1256 492 1616 548; x_wconf 67' lang='lat' dir='ltr'><strong><em>conturbatur</em></strong></span> <span class='ocrx_word' id='word_1_11' title='bbox 1649 493 1704 548; x_wconf 93' lang='lat' dir='ltr'><strong><em>in</em></strong></span> <span class='ocrx_word' id='word_1_12' title='bbox 1741 494 1828 548; x_wconf 91' lang='lat' dir='ltr'><strong><em>his</em></strong></span> <span class='ocrx_word' id='word_1_13' title='bbox 1860 509 1982 563; x_wconf 75' lang='lat' dir='ltr'><strong><em>quae</em></strong></span> <span class='ocrx_word' id='word_1_14' title='bbox 2025 493 2110 547; x_wconf 87' lang='lat' dir='ltr'><strong><em>vi—</em></strong></span> <span class='ocrx_word' id='word_1_15' title='bbox 2143 499 2183 554; x_wconf 79' lang='grc' dir='ltr'>Α</span> <span class='ocrx_word' id='word_1_16' title='bbox 2217 490 2313 546; x_wconf 85' lang='lat' dir='ltr'><strong><em>lilii</em></strong></span> <span class='ocrx_word' id='word_1_17' title='bbox 2341 489 2588 545; x_wconf 90' lang='lat' dir='ltr'><strong><em>tonitrui.</em></strong></span> <span class='ocrx_word' id='word_1_18' title='bbox 2624 487 2793 543; x_wconf 88' lang='lat' dir='ltr'><strong><em>Erant</em></strong></span> <span class='ocrx_word' id='word_1_19' title='bbox 2823 487 2968 543; x_wconf 89' lang='lat' dir='ltr'><strong><em>enim</em></strong></span> <span class='ocrx_word' id='word_1_20' title='bbox 2999 486 3094 542; x_wconf 83' lang='lat' dir='ltr'><strong><em>lilii</em></strong></span> <span class='ocrx_word' id='word_1_21' title='bbox 3129 486 3250 556; x_wconf 88' lang='lat' dir='ltr'><strong><em>ejus</em></strong></span> <span class='ocrx_word' id='word_1_22' title='bbox 3277 485 3523 539; x_wconf 82' lang='lat' dir='ltr'><strong><em>Joannes</em></strong></span> <span class='ocrx_word' id='word_1_23' title='bbox 3560 491 3616 535; x_wconf 86' lang='lat' dir='ltr'><strong><em>et</em></strong></span> <span class='ocrx_word' id='word_1_24' title='bbox 3643 479 3800 535; x_wconf 78' lang='lat' dir='ltr'><strong><em>Jaco-</em></strong></span> 
     </span>
    </p>
   </div>
   <div class='ocr_carea' id='block_1_5' title="bbox 529 585 2113 657">
    <p class='ocr_par' dir='ltr' id='par_1_5' title="bbox 529 585 2113 657">
     <span class='ocr_line' id='line_1_5' title="bbox 529 585 2113 657; baseline 0 -18"><span class='ocrx_word' id='word_1_25' title='bbox 529 585 730 640; x_wconf 89' lang='lat' dir='ltr'><strong><em>dentur</em></strong></span> <span class='ocrx_word' id='word_1_26' title='bbox 775 585 1070 657; x_wconf 84' lang='lat' dir='ltr'><strong><em>contigisse</em></strong></span> <span class='ocrx_word' id='word_1_27' title='bbox 1114 585 1163 640; x_wconf 90' lang='lat' dir='ltr'><strong><em>ei</em></strong></span> <span class='ocrx_word' id='word_1_28' title='bbox 1215 600 1368 639; x_wconf 90' lang='lat' dir='ltr'><strong><em>more</em></strong></span> <span class='ocrx_word' id='word_1_29' title='bbox 1416 585 1691 651; x_wconf 91' lang='lat' dir='ltr'><strong><em>humano,</em></strong></span> <span class='ocrx_word' id='word_1_30' title='bbox 1719 595 1772 640; x_wconf 89' lang='lat' dir='ltr'><strong><em>et</em></strong></span> <span class='ocrx_word' id='word_1_31' title='bbox 1822 585 2113 641; x_wconf 77' lang='lat' dir='ltr'><strong><em>confitetur</em></strong></span> 
     </span>
    </p>
   </div>
   <div class='ocr_carea' id='block_1_6' title="bbox 529 677 1148 751">
    <p class='ocr_par' dir='ltr' id='par_1_6' title="bbox 529 677 1148 751">
     <span class='ocr_line' id='line_1_6' title="bbox 529 677 1148 751; baseline -0.002 -17"><span class='ocrx_word' id='word_1_32' title='bbox 529 681 656 751; x_wconf 91' lang='lat' dir='ltr'><strong><em>quia</em></strong></span> <span class='ocrx_word' id='word_1_33' title='bbox 689 677 860 733; x_wconf 83' lang='lat' dir='ltr'><strong><em>Filius</em></strong></span> <span class='ocrx_word' id='word_1_34' title='bbox 889 687 1008 733; x_wconf 88' lang='lat' dir='ltr'><strong><em>erat</em></strong></span> <span class='ocrx_word' id='word_1_35' title='bbox 1034 679 1148 734; x_wconf 87' lang='lat' dir='ltr'><strong>Dei.</strong></span> 
     </span>
    </p>
   </div>
   <div class='ocr_carea' id='block_1_7' title="bbox 603 768 2108 840">
    <p class='ocr_par' dir='ltr' id='par_1_7' title="bbox 603 768 2108 840">
     <span class='ocr_line' id='line_1_7' title="bbox 603 768 2108 840; baseline -0.001 -16"><span class='ocrx_word' id='word_1_36' title='bbox 603 770 726 824; x_wconf 74' lang='lat' dir='ltr'><strong><em>Ml.</em></strong></span> <span class='ocrx_word' id='word_1_37' title='bbox 762 769 930 824; x_wconf 86' lang='lat' dir='ltr'><strong><em>Erant</em></strong></span> <span class='ocrx_word' id='word_1_38' title='bbox 963 781 1139 824; x_wconf 84' lang='lat' dir='ltr'><strong><em>autent</em></strong></span> <span class='ocrx_word' id='word_1_39' title='bbox 1187 770 1261 824; x_wconf 90' lang='lat' dir='ltr'><strong><em>ibi</em></strong></span> <span class='ocrx_word' id='word_1_40' title='bbox 1297 768 1541 824; x_wconf 79' lang='lat' dir='ltr'><strong><em>mulieres</em></strong></span> <span class='ocrx_word' id='word_1_41' title='bbox 1575 787 1605 823; x_wconf 87' lang='lat' dir='ltr'><strong><em>a</em></strong></span> <span class='ocrx_word' id='word_1_42' title='bbox 1649 770 1799 840; x_wconf 87' lang='lat' dir='ltr'><strong><em>longe</em></strong></span> <span class='ocrx_word' id='word_1_43' title='bbox 1840 770 2108 837; x_wconf 76' lang='lat' dir='ltr'><strong><em>videntes,</em></strong></span> 
     </span>
    </p>
   </div>
   <div class='ocr_carea' id='block_1_8' title="bbox 527 862 2109 933">
    <p class='ocr_par' dir='ltr' id='par_1_8' title="bbox 527 862 2109 933">
     <span class='ocr_line' id='line_1_8' title="bbox 527 862 2109 933; baseline 0.001 -18"><span class='ocrx_word' id='word_1_44' title='bbox 527 878 645 933; x_wconf 66' lang='lat' dir='ltr'><strong><em>quae</em></strong></span> <span class='ocrx_word' id='word_1_45' title='bbox 677 872 871 917; x_wconf 65' lang='lat' dir='ltr'><strong><em>secutae</em></strong></span> <span class='ocrx_word' id='word_1_46' title='bbox 908 863 1118 932; x_wconf 80' lang='lat' dir='ltr'><strong><em>fuerant</em></strong></span> <span class='ocrx_word' id='word_1_47' title='bbox 1143 862 1328 917; x_wconf 83' lang='lat' dir='ltr'><strong><em>Jesum</em></strong></span> <span class='ocrx_word' id='word_1_48' title='bbox 1371 881 1402 916; x_wconf 92' lang='lat' dir='ltr'><strong><em>a</em></strong></span> <span class='ocrx_word' id='word_1_49' title='bbox 1447 863 1674 917; x_wconf 64' lang='lat' dir='ltr'><strong><em>Catilina</em></strong></span> <span class='ocrx_word' id='word_1_50' title='bbox 1697 905 1710 929; x_wconf 95' lang='lat'><strong><em>,</em></strong></span> <span class='ocrx_word' id='word_1_51' title='bbox 1743 864 2109 917; x_wconf 83' lang='lat' dir='ltr'><strong><em>ministrantes</em></strong></span> 
     </span>
    </p>
   </div>
   <div class='ocr_carea' id='block_1_9' title="bbox 527 955 2109 1025">
    <p class='ocr_par' dir='ltr' id='par_1_9' title="bbox 527 955 2109 1025">
     <span class='ocr_line' id='line_1_9' title="bbox 527 955 2109 1025; baseline 0.001 -17"><span class='ocrx_word' id='word_1_52' title='bbox 527 956 575 1009; x_wconf 84' lang='lat' dir='ltr'><strong><em>ei</em></strong></span> <span class='ocrx_word' id='word_1_53' title='bbox 598 970 617 1019; x_wconf 84' lang='lat'><strong><em>,°</em></strong></span> <span class='ocrx_word' id='word_1_54' title='bbox 641 956 779 1009; x_wconf 89' lang='lat' dir='ltr'><strong><em>inter</em></strong></span> <span class='ocrx_word' id='word_1_55' title='bbox 798 971 928 1024; x_wconf 85' lang='lat' dir='ltr'><strong><em>quas</em></strong></span> <span class='ocrx_word' id='word_1_56' title='bbox 948 966 1062 1008; x_wconf 90' lang='lat' dir='ltr'><strong><em>erat</em></strong></span> <span class='ocrx_word' id='word_1_57' title='bbox 1088 955 1263 1008; x_wconf 84' lang='lat' dir='ltr'><strong><em>Maria</em></strong></span> <span class='ocrx_word' id='word_1_58' title='bbox 1291 955 1340 1008; x_wconf 86' lang='grc' dir='ltr'><em>Μ</em></span> <span class='ocrx_word' id='word_1_59' title='bbox 1350 956 1625 1025; x_wconf 81' lang='lat' dir='ltr'><strong><em>agdalcne,</em></strong></span> <span class='ocrx_word' id='word_1_60' title='bbox 1651 965 1699 1009; x_wconf 90' lang='lat' dir='ltr'><strong><em>et</em></strong></span> <span class='ocrx_word' id='word_1_61' title='bbox 1723 955 1896 1009; x_wconf 81' lang='lat' dir='ltr'><strong><em>Maria</em></strong></span> <span class='ocrx_word' id='word_1_62' title='bbox 1920 956 2109 1010; x_wconf 84' lang='lat' dir='ltr'><strong><em>Jacobi</em></strong></span> 
     </span>
    </p>
   </div>
   <div class='ocr_carea' id='block_1_10' title="bbox 528 1043 2112 1113">
    <p class='ocr_par' dir='ltr' id='par_1_10' title="bbox 528 1043 2112 1113">
     <span class='ocr_line' id='line_1_10' title="bbox 528 1043 2112 1113; baseline 0.003 -14"><span class='ocrx_word' id='word_1_63' title='bbox 528 1054 578 1099; x_wconf 89' lang='lat' dir='ltr'><strong><em>et</em></strong></span> <span class='ocrx_word' id='word_1_64' title='bbox 611 1043 805 1113; x_wconf 87' lang='lat' dir='ltr'><strong><em>Joseph</em></strong></span> <span class='ocrx_word' id='word_1_65' title='bbox 839 1055 1038 1107; x_wconf 88' lang='lat' dir='ltr'><strong><em>mater.</em></strong></span> <span class='ocrx_word' id='word_1_66' title='bbox 1077 1057 1124 1100; x_wconf 92' lang='lat' dir='ltr'><strong><em>et</em></strong></span> <span class='ocrx_word' id='word_1_67' title='bbox 1172 1056 1342 1101; x_wconf 85' lang='lat' dir='ltr'><strong><em>muter</em></strong></span> <span class='ocrx_word' id='word_1_68' title='bbox 1381 1047 1613 1113; x_wconf 82' lang='lat' dir='ltr'><strong><em>ﬁliorum</em></strong></span> <span class='ocrx_word' id='word_1_69' title='bbox 1660 1046 2112 1111; x_wconf 69' lang='lat' dir='ltr'><strong><em>Zebedtei”.)De</em></strong></span> 
     </span>
    </p>
   </div>
   <div class='ocr_carea' id='block_1_11' title="bbox 529 1138 2111 1210">
    <p class='ocr_par' dir='ltr' id='par_1_11' title="bbox 529 1138 2111 1210">
     <span class='ocr_line' id='line_1_11' title="bbox 529 1138 2111 1210; baseline 0.003 -19"><span class='ocrx_word' id='word_1_70' title='bbox 529 1138 652 1193; x_wconf 86' lang='lat' dir='ltr'><strong><em>istis</em></strong></span> <span class='ocrx_word' id='word_1_71' title='bbox 685 1138 1003 1195; x_wconf 84' lang='lat' dir='ltr'><strong>mulieribus</strong></span> <span class='ocrx_word' id='word_1_72' title='bbox 1030 1140 1386 1210; x_wconf 84' lang='lat' dir='ltr'><strong><em>pr0phetasse</em></strong></span> <span class='ocrx_word' id='word_1_73' title='bbox 1420 1141 1664 1196; x_wconf 87' lang='lat' dir='ltr'><strong><em>referunt</em></strong></span> <span class='ocrx_word' id='word_1_74' title='bbox 1697 1141 1891 1197; x_wconf 86' lang='lat' dir='ltr'><strong><em>Isaiam</em></strong></span> <span class='ocrx_word' id='word_1_75' title='bbox 1925 1142 2111 1196; x_wconf 87' lang='lat' dir='ltr'><strong><em>dicen-</em></strong></span> 
     </span>
    </p>
   </div>
   <div class='ocr_carea' id='block_1_12' title="bbox 529 1230 2108 1306">
    <p class='ocr_par' dir='ltr' id='par_1_12' title="bbox 529 1230 2108 1306">
     <span class='ocr_line' id='line_1_12' title="bbox 529 1230 2108 1306; baseline 0.002 -22"><span class='ocrx_word' id='word_1_76' title='bbox 529 1240 637 1285; x_wconf 96' lang='lat' dir='ltr'><strong><em>tem</em></strong></span> <span class='ocrx_word' id='word_1_77' title='bbox 671 1230 749 1296; x_wconf 78' lang='grc'><strong><em>³⁰,;</em></strong></span> <span class='ocrx_word' id='word_1_78' title='bbox 808 1231 1057 1286; x_wconf 77' lang='lat' dir='ltr'><strong><em>Mulieres</em></strong></span> <span class='ocrx_word' id='word_1_79' title='bbox 1105 1234 1360 1289; x_wconf 76' lang='lat' dir='ltr'><strong><em>venientes</em></strong></span> <span class='ocrx_word' id='word_1_80' title='bbox 1396 1237 1464 1288; x_wconf 87' lang='lat' dir='ltr'><strong><em>ad</em></strong></span> <span class='ocrx_word' id='word_1_81' title='bbox 1503 1235 1860 1306; x_wconf 76' lang='lat' dir='ltr'><strong><em>spectaculum</em></strong></span> <span class='ocrx_word' id='word_1_82' title='bbox 1905 1236 2108 1289; x_wconf 79' lang='lat' dir='ltr'><strong><em>venite:</em></strong></span> 
     </span>
    </p>
   </div>
   <div class='ocr_carea' id='block_1_13' title="bbox 527 1323 2112 1394">
    <p class='ocr_par' dir='ltr' id='par_1_13' title="bbox 527 1323 2112 1394">
     <span class='ocr_line' id='line_1_13' title="bbox 527 1323 2112 1394; baseline 0.003 -18"><span class='ocrx_word' id='word_1_83' title='bbox 527 1338 627 1376; x_wconf 84' lang='lat' dir='ltr'><strong><em>non</em></strong></span> <span class='ocrx_word' id='word_1_84' title='bbox 687 1323 828 1376; x_wconf 89' lang='lat' dir='ltr'><strong><em>enim</em></strong></span> <span class='ocrx_word' id='word_1_85' title='bbox 881 1332 957 1377; x_wconf 86' lang='lat' dir='ltr'><strong><em>est</em></strong></span> <span class='ocrx_word' id='word_1_86' title='bbox 1013 1325 1237 1393; x_wconf 82' lang='lat' dir='ltr'><strong><em>papulas</em></strong></span> <span class='ocrx_word' id='word_1_87' title='bbox 1291 1325 1484 1379; x_wconf 79' lang='lat' dir='ltr'><strong><em>habens</em></strong></span> <span class='ocrx_word' id='word_1_88' title='bbox 1544 1326 1881 1394; x_wconf 85' lang='lat' dir='ltr'><strong><em>sapientiam.</em></strong></span> <span class='ocrx_word' id='word_1_89' title='bbox 1939 1323 2112 1380; x_wconf 80' lang='lat' dir='ltr'><strong><em>Vocat</em></strong></span> 
     </span>
    </p>
   </div>
   <div class='ocr_carea' id='block_1_14' title="bbox 524 1415 2110 1488">
    <p class='ocr_par' dir='ltr' id='par_1_14' title="bbox 524 1415 2110 1488">
     <span class='ocr_line' id='line_1_14' title="bbox 524 1415 2110 1488; baseline 0.003 -20"><span class='ocrx_word' id='word_1_90' title='bbox 524 1415 670 1468; x_wconf 92' lang='lat' dir='ltr'><strong><em>enim</em></strong></span> <span class='ocrx_word' id='word_1_91' title='bbox 708 1415 965 1469; x_wconf 90' lang='lat' dir='ltr'><strong><em>mulieres</em></strong></span> <span class='ocrx_word' id='word_1_92' title='bbox 1009 1432 1131 1485; x_wconf 72' lang='lat' dir='ltr'><strong><em>qua:</em></strong></span> <span class='ocrx_word' id='word_1_93' title='bbox 1166 1415 1381 1472; x_wconf 75' lang='lat' dir='ltr'><strong><em>fuerant</em></strong></span> <span class='ocrx_word' id='word_1_94' title='bbox 1425 1417 1491 1472; x_wconf 89' lang='lat' dir='ltr'><strong><em>de</em></strong></span> <span class='ocrx_word' id='word_1_95' title='bbox 1525 1417 1718 1488; x_wconf 85' lang='lat' dir='ltr'><strong><em>longe,</em></strong></span> <span class='ocrx_word' id='word_1_96' title='bbox 1752 1426 1806 1472; x_wconf 90' lang='lat' dir='ltr'><strong><em>et</em></strong></span> <span class='ocrx_word' id='word_1_97' title='bbox 1851 1417 1918 1472; x_wconf 93' lang='lat' dir='ltr'><strong><em>de</em></strong></span> <span class='ocrx_word' id='word_1_98' title='bbox 1951 1417 2110 1486; x_wconf 84' lang='lat' dir='ltr'><strong><em>longe</em></strong></span> 
     </span>
    </p>
   </div>
   <div class='ocr_carea' id='block_1_15' title="bbox 523 1505 2110 1576">
    <p class='ocr_par' dir='ltr' id='par_1_15' title="bbox 523 1505 2110 1576">
     <span class='ocr_line' id='line_1_15' title="bbox 523 1505 2110 1576; baseline 0.003 -17"><span class='ocrx_word' id='word_1_99' title='bbox 523 1507 779 1560; x_wconf 89' lang='lat' dir='ltr'><strong><em>videbant</em></strong></span> <span class='ocrx_word' id='word_1_100' title='bbox 810 1505 1020 1572; x_wconf 88' lang='lat' dir='ltr'><strong><em>Jesum,</em></strong></span> <span class='ocrx_word' id='word_1_101' title='bbox 1056 1517 1215 1562; x_wconf 88' lang='lat' dir='ltr'><strong><em>vocat</em></strong></span> <span class='ocrx_word' id='word_1_102' title='bbox 1252 1525 1348 1564; x_wconf 91' lang='lat' dir='ltr'><strong><em>eas</em></strong></span> <span class='ocrx_word' id='word_1_103' title='bbox 1386 1509 1452 1564; x_wconf 93' lang='lat' dir='ltr'><strong><em>ad</em></strong></span> <span class='ocrx_word' id='word_1_104' title='bbox 1493 1511 1717 1564; x_wconf 85' lang='lat' dir='ltr'><strong><em>verbum</em></strong></span> <span class='ocrx_word' id='word_1_105' title='bbox 1739 1551 1754 1576; x_wconf 96' lang='lat'><strong><em>,</em></strong></span> <span class='ocrx_word' id='word_1_106' title='bbox 1784 1518 1843 1564; x_wconf 91' lang='lat' dir='ltr'><strong><em>ut</em></strong></span> <span class='ocrx_word' id='word_1_107' title='bbox 1875 1510 2110 1564; x_wconf 87' lang='lat' dir='ltr'><strong><em>derelin-</em></strong></span> 
     </span>
    </p>
   </div>
   <div class='ocr_carea' id='block_1_16' title="bbox 522 1594 2106 1666">
    <p class='ocr_par' dir='ltr' id='par_1_16' title="bbox 522 1594 2106 1666">
     <span class='ocr_line' id='line_1_16' title="bbox 522 1594 2106 1666; baseline 0.002 -17"><span class='ocrx_word' id='word_1_108' title='bbox 522 1605 694 1666; x_wconf 93' lang='lat' dir='ltr'><strong><em>quant</em></strong></span> <span class='ocrx_word' id='word_1_109' title='bbox 725 1594 946 1665; x_wconf 88' lang='lat' dir='ltr'><strong>quidem</strong></span> <span class='ocrx_word' id='word_1_110' title='bbox 983 1597 1243 1666; x_wconf 86' lang='lat' dir='ltr'><strong><em>populum</em></strong></span> <span class='ocrx_word' id='word_1_111' title='bbox 1276 1599 1615 1654; x_wconf 88' lang='lat' dir='ltr'><strong><em>insensatum</em></strong></span> <span class='ocrx_word' id='word_1_112' title='bbox 1657 1607 1712 1653; x_wconf 89' lang='lat' dir='ltr'><strong><em>et</em></strong></span> <span class='ocrx_word' id='word_1_113' title='bbox 1750 1599 2106 1665; x_wconf 90' lang='lat' dir='ltr'><strong><em>derelictum,</em></strong></span> 
     </span>
    </p>
   </div>
   <div class='ocr_carea' id='block_1_17' title="bbox 521 1689 2106 1746">
    <p class='ocr_par' dir='ltr' id='par_1_17' title="bbox 521 1689 2106 1746">
     <span class='ocr_line' id='line_1_17' title="bbox 521 1689 2106 1746; baseline 0.003 -5"><span class='ocrx_word' id='word_1_114' title='bbox 521 1696 573 1741; x_wconf 88' lang='lat' dir='ltr'><strong><em>et</em></strong></span> <span class='ocrx_word' id='word_1_115' title='bbox 610 1689 872 1744; x_wconf 88' lang='lat' dir='ltr'><strong><em>accedaht</em></strong></span> <span class='ocrx_word' id='word_1_116' title='bbox 914 1691 980 1745; x_wconf 91' lang='lat' dir='ltr'><strong><em>ad</em></strong></span> <span class='ocrx_word' id='word_1_117' title='bbox 1016 1706 1214 1745; x_wconf 90' lang='lat' dir='ltr'><strong><em>novum</em></strong></span> <span class='ocrx_word' id='word_1_118' title='bbox 1250 1699 1659 1746; x_wconf 82' lang='lat' dir='ltr'><strong><em>testamentum.</em></strong></span> <span class='ocrx_word' id='word_1_119' title='bbox 1703 1690 1896 1746; x_wconf 90' lang='lat' dir='ltr'><strong><em>Beatas</em></strong></span> <span class='ocrx_word' id='word_1_120' title='bbox 1925 1701 2106 1746; x_wconf 89' lang='lat' dir='ltr'><strong><em>autem</em></strong></span> 
     </span>
    </p>
   </div>
   <div class='ocr_carea' id='block_1_18' title="bbox 522 1779 2108 1852">
    <p class='ocr_par' dir='ltr' id='par_1_18' title="bbox 522 1779 2108 1852">
     <span class='ocr_line' id='line_1_18' title="bbox 522 1779 2108 1852; baseline 0.004 -20"><span class='ocrx_word' id='word_1_121' title='bbox 522 1779 763 1834; x_wconf 77' lang='lat' dir='ltr'><strong>arbitror</strong></span> <span class='ocrx_word' id='word_1_122' title='bbox 791 1795 913 1836; x_wconf 90' lang='lat' dir='ltr'><strong><em>esse</em></strong></span> <span class='ocrx_word' id='word_1_123' title='bbox 960 1782 1220 1837; x_wconf 89' lang='lat' dir='ltr'><strong><em>mulieres</em></strong></span> <span class='ocrx_word' id='word_1_124' title='bbox 1255 1797 1376 1852; x_wconf 67' lang='lat' dir='ltr'><strong><em>quae</em></strong></span> <span class='ocrx_word' id='word_1_125' title='bbox 1407 1783 1744 1838; x_wconf 76' lang='lat' dir='ltr'><strong><em>aedificantur</em></strong></span> <span class='ocrx_word' id='word_1_126' title='bbox 1777 1783 1844 1836; x_wconf 89' lang='lat' dir='ltr'><strong><em>ad</em></strong></span> <span class='ocrx_word' id='word_1_127' title='bbox 1877 1784 2108 1838; x_wconf 89' lang='lat' dir='ltr'><strong><em>beatitu-</em></strong></span> 
     </span>
    </p>
   </div>
   <div class='ocr_carea' id='block_1_19' title="bbox 523 1865 2180 1944">
    <p class='ocr_par' dir='ltr' id='par_1_19' title="bbox 523 1865 2180 1944">
     <span class='ocr_line' id='line_1_19' title="bbox 523 1865 2180 1944; baseline 0.004 -21"><span class='ocrx_word' id='word_1_128' title='bbox 523 1869 706 1926; x_wconf 86' lang='lat' dir='ltr'><strong><em>dinem</em></strong></span> <span class='ocrx_word' id='word_1_129' title='bbox 742 1886 771 1925; x_wconf 91' lang='lat' dir='ltr'><strong><em>a</em></strong></span> <span class='ocrx_word' id='word_1_130' title='bbox 801 1874 1112 1942; x_wconf 88' lang='lat' dir='ltr'><strong><em>spectaculo</em></strong></span> <span class='ocrx_word' id='word_1_131' title='bbox 1140 1870 1325 1938; x_wconf 85' lang='lat' dir='ltr'><strong><em>Verbi,</em></strong></span> <span class='ocrx_word' id='word_1_132' title='bbox 1352 1881 1405 1927; x_wconf 90' lang='lat' dir='ltr'><strong><em>et</em></strong></span> <span class='ocrx_word' id='word_1_133' title='bbox 1431 1888 1461 1926; x_wconf 88' lang='lat' dir='ltr'><strong><em>a</em></strong></span> <span class='ocrx_word' id='word_1_134' title='bbox 1489 1883 1665 1928; x_wconf 90' lang='lat' dir='ltr'><strong><em>morte</em></strong></span> <span class='ocrx_word' id='word_1_135' title='bbox 1685 1876 1932 1944; x_wconf 90' lang='lat' dir='ltr'><strong><em>corporis</em></strong></span> <span class='ocrx_word' id='word_1_136' title='bbox 1954 1874 2103 1930; x_wconf 87' lang='lat' dir='ltr'><strong><em>Jesu.</em></strong></span> <span class='ocrx_word' id='word_1_137' title='bbox 2141 1865 2180 1919; x_wconf 84' lang='grc' dir='ltr'>Β</span> 
     </span>
    </p>
   </div>
   <div class='ocr_carea' id='block_1_20' title="bbox 522 1961 2102 2036">
    <p class='ocr_par' dir='ltr' id='par_1_20' title="bbox 522 1961 2102 2036">
     <span class='ocr_line' id='line_1_20' title="bbox 522 1961 2102 2036; baseline 0.002 -19"><span class='ocrx_word' id='word_1_138' title='bbox 522 1961 696 2020; x_wconf 90' lang='lat' dir='ltr'><strong><em>Omne</em></strong></span> <span class='ocrx_word' id='word_1_139' title='bbox 722 1965 868 2020; x_wconf 92' lang='lat' dir='ltr'><strong><em>enim</em></strong></span> <span class='ocrx_word' id='word_1_140' title='bbox 896 1966 1040 2036; x_wconf 91' lang='lat' dir='ltr'><strong><em>quod</em></strong></span> <span class='ocrx_word' id='word_1_141' title='bbox 1075 1977 1159 2021; x_wconf 90' lang='lat' dir='ltr'><strong><em>cst</em></strong></span> <span class='ocrx_word' id='word_1_142' title='bbox 1188 1966 1244 2020; x_wconf 91' lang='lat' dir='ltr'><strong><em>in</em></strong></span> <span class='ocrx_word' id='word_1_143' title='bbox 1279 1965 1505 2021; x_wconf 85' lang='lat' dir='ltr'><strong><em>Christo</em></strong></span> <span class='ocrx_word' id='word_1_144' title='bbox 1527 2008 1542 2034; x_wconf 91' lang='lat'><strong><em>,</em></strong></span> <span class='ocrx_word' id='word_1_145' title='bbox 1579 1967 1624 2022; x_wconf 88' lang='lat' dir='ltr'><strong><em>si</em></strong></span> <span class='ocrx_word' id='word_1_146' title='bbox 1662 1982 1786 2022; x_wconf 85' lang='lat' dir='ltr'><strong><em>vere</em></strong></span> <span class='ocrx_word' id='word_1_147' title='bbox 1819 1967 2102 2030; x_wconf 89' lang='lat' dir='ltr'><strong><em>videatur,</em></strong></span> 
     </span>
    </p>
   </div>
   <div class='ocr_carea' id='block_1_21' title="bbox 522 2056 2107 2130">
    <p class='ocr_par' dir='ltr' id='par_1_21' title="bbox 522 2056 2107 2130">
     <span class='ocr_line' id='line_1_21' title="bbox 522 2056 2107 2130; baseline 0.001 -20"><span class='ocrx_word' id='word_1_148' title='bbox 522 2056 741 2111; x_wconf 86' lang='lat' dir='ltr'><strong><em>beatum</em></strong></span> <span class='ocrx_word' id='word_1_149' title='bbox 773 2056 904 2112; x_wconf 82' lang='lat' dir='ltr'><strong>facit</strong></span> <span class='ocrx_word' id='word_1_150' title='bbox 929 2056 1227 2113; x_wconf 83' lang='lat' dir='ltr'><strong><em>videntem.</em></strong></span> <span class='ocrx_word' id='word_1_151' title='bbox 1256 2059 1545 2129; x_wconf 83' lang='lat' dir='ltr'><strong><em>Aspiciunt</em></strong></span> <span class='ocrx_word' id='word_1_152' title='bbox 1571 2074 1702 2130; x_wconf 78' lang='lat' dir='ltr'><strong><em>ergo</em></strong></span> <span class='ocrx_word' id='word_1_153' title='bbox 1730 2059 2107 2113; x_wconf 77' lang='lat' dir='ltr'><strong><em>mortificatio-</em></strong></span> 
     </span>
    </p>
   </div>
   <div class='ocr_carea' id='block_1_22' title="bbox 521 2147 2105 2220">
    <p class='ocr_par' dir='ltr' id='par_1_22' title="bbox 521 2147 2105 2220">
     <span class='ocr_line' id='line_1_22' title="bbox 521 2147 2105 2220; baseline 0.003 -20"><span class='ocrx_word' id='word_1_154' title='bbox 521 2164 644 2201; x_wconf 85' lang='lat' dir='ltr'><strong><em>nem</em></strong></span> <span class='ocrx_word' id='word_1_155' title='bbox 693 2150 942 2218; x_wconf 89' lang='lat' dir='ltr'><strong><em>corporis</em></strong></span> <span class='ocrx_word' id='word_1_156' title='bbox 973 2147 1102 2205; x_wconf 89' lang='lat' dir='ltr'><strong><em>Jesu</em></strong></span> <span class='ocrx_word' id='word_1_157' title='bbox 1153 2159 1207 2205; x_wconf 90' lang='lat' dir='ltr'><strong><em>et</em></strong></span> <span class='ocrx_word' id='word_1_158' title='bbox 1252 2151 1474 2205; x_wconf 92' lang='lat' dir='ltr'><strong><em>modum</em></strong></span> <span class='ocrx_word' id='word_1_159' title='bbox 1527 2165 1638 2220; x_wconf 92' lang='lat' dir='ltr'><strong><em>quo</em></strong></span> <span class='ocrx_word' id='word_1_160' title='bbox 1673 2165 1797 2205; x_wconf 91' lang='lat' dir='ltr'><strong><em>cum</em></strong></span> <span class='ocrx_word' id='word_1_161' title='bbox 1850 2149 2105 2220; x_wconf 87' lang='lat' dir='ltr'><strong><em>precibus</em></strong></span> 
     </span>
    </p>
   </div>
   <div class='ocr_carea' id='block_1_23' title="bbox 521 2241 2103 2313">
    <p class='ocr_par' dir='ltr' id='par_1_23' title="bbox 521 2241 2103 2313">
     <span class='ocr_line' id='line_1_23' title="bbox 521 2241 2103 2313; baseline 0.001 -19"><span class='ocrx_word' id='word_1_162' title='bbox 521 2241 776 2309; x_wconf 83' lang='lat' dir='ltr'><strong><em>spiritum</em></strong></span> <span class='ocrx_word' id='word_1_163' title='bbox 832 2257 993 2296; x_wconf 90' lang='lat' dir='ltr'><strong><em>suum</em></strong></span> <span class='ocrx_word' id='word_1_164' title='bbox 1042 2242 1447 2298; x_wconf 83' lang='lat' dir='ltr'><strong><em>commendavit</em></strong></span> <span class='ocrx_word' id='word_1_165' title='bbox 1493 2242 1660 2298; x_wconf 85' lang='lat' dir='ltr'><strong><em>Patri.</em></strong></span> <span class='ocrx_word' id='word_1_166' title='bbox 1721 2241 1815 2298; x_wconf 76' lang='lat' dir='ltr'><strong><em>Ha:</em></strong></span> <span class='ocrx_word' id='word_1_167' title='bbox 1865 2245 2103 2313; x_wconf 87' lang='lat' dir='ltr'><strong><em>primum</em></strong></span> 
     </span>
    </p>
   </div>
   <div class='ocr_carea' id='block_1_24' title="bbox 521 2332 2106 2400">
    <p class='ocr_par' dir='ltr' id='par_1_24' title="bbox 521 2332 2106 2400">
     <span class='ocr_line' id='line_1_24' title="bbox 521 2332 2106 2400; baseline 0.001 -14"><span class='ocrx_word' id='word_1_168' title='bbox 521 2343 723 2387; x_wconf 71' lang='lat' dir='ltr'><strong><em>secuta:</em></strong></span> <span class='ocrx_word' id='word_1_169' title='bbox 770 2341 899 2387; x_wconf 91' lang='lat' dir='ltr'><strong><em>sunt</em></strong></span> <span class='ocrx_word' id='word_1_170' title='bbox 933 2348 963 2386; x_wconf 91' lang='lat' dir='ltr'><strong>a</strong></span> <span class='ocrx_word' id='word_1_171' title='bbox 1011 2332 1232 2388; x_wconf 68' lang='lat' dir='ltr'><strong><em>Galilaea</em></strong></span> <span class='ocrx_word' id='word_1_172' title='bbox 1256 2375 1271 2400; x_wconf 96' lang='lat'><strong><em>,</em></strong></span> <span class='ocrx_word' id='word_1_173' title='bbox 1302 2343 1356 2389; x_wconf 90' lang='lat' dir='ltr'><strong><em>et</em></strong></span> <span class='ocrx_word' id='word_1_174' title='bbox 1389 2342 1447 2389; x_wconf 88' lang='lat' dir='ltr'><strong><em>ut.</em></strong></span> <span class='ocrx_word' id='word_1_175' title='bbox 1481 2335 1690 2389; x_wconf 86' lang='lat' dir='ltr'><strong><em>audens</em></strong></span> <span class='ocrx_word' id='word_1_176' title='bbox 1719 2335 1898 2390; x_wconf 90' lang='lat' dir='ltr'><strong><em>dicam</em></strong></span> <span class='ocrx_word' id='word_1_177' title='bbox 1947 2342 2106 2388; x_wconf 88' lang='lat' dir='ltr'><strong><em>utens</em></strong></span> 
     </span>
    </p>
   </div>
   <div class='ocr_carea' id='block_1_25' title="bbox 517 2425 2104 2498">
    <p class='ocr_par' dir='ltr' id='par_1_25' title="bbox 517 2425 2104 2498">
     <span class='ocr_line' id='line_1_25' title="bbox 517 2425 2104 2498; baseline 0 -18"><span class='ocrx_word' id='word_1_178' title='bbox 517 2425 845 2480; x_wconf 80' lang='lat' dir='ltr'><strong><em>auctoritate</em></strong></span> <span class='ocrx_word' id='word_1_179' title='bbox 867 2425 1164 2494; x_wconf 72' lang='lat' dir='ltr'><strong><em>Scriptum</em></strong></span> <span class='ocrx_word' id='word_1_180' title='bbox 1182 2425 1416 2482; x_wconf 85' lang='lat' dir='ltr'><strong><em>dicentis</em></strong></span> <span class='ocrx_word' id='word_1_181' title='bbox 1439 2427 1482 2458; x_wconf 85' lang='grc'><strong><em>³¹</em></strong></span> <span class='ocrx_word' id='word_1_182' title='bbox 1513 2445 1526 2481; x_wconf 93' lang='lat'><strong>:</strong></span> <span class='ocrx_word' id='word_1_183' title='bbox 1555 2443 1584 2480; x_wconf 93' lang='lat' dir='ltr'><strong><em>a</em></strong></span> <span class='ocrx_word' id='word_1_184' title='bbox 1607 2427 1829 2481; x_wconf 67' lang='lat' dir='ltr'><strong><em>Galilaaa</em></strong></span> <span class='ocrx_word' id='word_1_185' title='bbox 1864 2426 2104 2498; x_wconf 88' lang='lat' dir='ltr'><strong><em>gentium</em></strong></span> 
     </span>
    </p>
   </div>
   <div class='ocr_carea' id='block_1_26' title="bbox 520 2516 2105 2585">
    <p class='ocr_par' dir='ltr' id='par_1_26' title="bbox 520 2516 2105 2585">
     <span class='ocr_line' id='line_1_26' title="bbox 520 2516 2105 2585; baseline -0.001 -15"><span class='ocrx_word' id='word_1_186' title='bbox 520 2525 721 2570; x_wconf 67' lang='lat' dir='ltr'><strong><em>secutae</em></strong></span> <span class='ocrx_word' id='word_1_187' title='bbox 749 2525 907 2579; x_wconf 91' lang='lat' dir='ltr'><strong><em>sunt,</em></strong></span> <span class='ocrx_word' id='word_1_188' title='bbox 945 2530 1052 2569; x_wconf 90' lang='lat' dir='ltr'><strong><em>non</em></strong></span> <span class='ocrx_word' id='word_1_189' title='bbox 1090 2531 1120 2569; x_wconf 92' lang='lat' dir='ltr'><strong><em>a</em></strong></span> <span class='ocrx_word' id='word_1_190' title='bbox 1152 2524 1299 2570; x_wconf 87' lang='lat' dir='ltr'><strong><em>recta</em></strong></span> <span class='ocrx_word' id='word_1_191' title='bbox 1323 2555 1338 2580; x_wconf 92' lang='lat'><strong><em>,</em></strong></span> <span class='ocrx_word' id='word_1_192' title='bbox 1377 2531 1551 2585; x_wconf 86' lang='lat' dir='ltr'><strong><em>neque</em></strong></span> <span class='ocrx_word' id='word_1_193' title='bbox 1582 2532 1610 2570; x_wconf 95' lang='lat' dir='ltr'><strong>a</strong></span> <span class='ocrx_word' id='word_1_194' title='bbox 1649 2516 1805 2571; x_wconf 86' lang='lat' dir='ltr'><strong><em>llrma</em></strong></span> <span class='ocrx_word' id='word_1_195' title='bbox 1825 2557 1841 2584; x_wconf 95' lang='lat'><strong><em>,</em></strong></span> <span class='ocrx_word' id='word_1_196' title='bbox 1872 2517 1965 2571; x_wconf 88' lang='lat' dir='ltr'><strong><em>sed</em></strong></span> <span class='ocrx_word' id='word_1_197' title='bbox 1997 2517 2105 2570; x_wconf 88' lang='lat' dir='ltr'><strong><em>cir-</em></strong></span> 
     </span>
    </p>
   </div>
   <div class='ocr_carea' id='block_1_27' title="bbox 519 2607 2108 2680">
    <p class='ocr_par' dir='ltr' id='par_1_27' title="bbox 519 2607 2108 2680">
     <span class='ocr_line' id='line_1_27' title="bbox 519 2607 2108 2680; baseline 0 -18"><span class='ocrx_word' id='word_1_198' title='bbox 519 2607 729 2662; x_wconf 88' lang='lat' dir='ltr'><strong><em>cuitum</em></strong></span> <span class='ocrx_word' id='word_1_199' title='bbox 780 2609 1071 2676; x_wconf 86' lang='lat' dir='ltr'><strong><em>quemdam</em></strong></span> <span class='ocrx_word' id='word_1_200' title='bbox 1119 2607 1390 2663; x_wconf 90' lang='lat' dir='ltr'><strong><em>habente:</em></strong></span> <span class='ocrx_word' id='word_1_201' title='bbox 1436 2610 1541 2664; x_wconf 91' lang='lat' dir='ltr'><strong><em>hoc</em></strong></span> <span class='ocrx_word' id='word_1_202' title='bbox 1588 2611 1733 2664; x_wconf 87' lang='lat' dir='ltr'><strong><em>enim</em></strong></span> <span class='ocrx_word' id='word_1_203' title='bbox 1788 2609 2108 2680; x_wconf 81' lang='lat' dir='ltr'><strong><em>intelligitur</em></strong></span> 
     </span>
    </p>
   </div>
   <div class='ocr_carea' id='block_1_28' title="bbox 519 2696 2106 2772">
    <p class='ocr_par' dir='ltr' id='par_1_28' title="bbox 519 2696 2106 2772">
     <span class='ocr_line' id='line_1_28' title="bbox 519 2696 2106 2772; baseline 0.001 -18"><span class='ocrx_word' id='word_1_204' title='bbox 519 2696 764 2763; x_wconf 63' lang='lat' dir='ltr'><strong><em>Galilaza,</em></strong></span> <span class='ocrx_word' id='word_1_205' title='bbox 793 2700 843 2753; x_wconf 93' lang='lat' dir='ltr'><strong><em>id</em></strong></span> <span class='ocrx_word' id='word_1_206' title='bbox 869 2708 954 2754; x_wconf 90' lang='lat' dir='ltr'><strong><em>est</em></strong></span> <span class='ocrx_word' id='word_1_207' title='bbox 978 2699 1235 2754; x_wconf 84' lang='lat' dir='ltr'><strong><em>volutatio</em></strong></span> <span class='ocrx_word' id='word_1_208' title='bbox 1259 2701 1343 2756; x_wconf 92' lang='lat' dir='ltr'><strong><em>vel</em></strong></span> <span class='ocrx_word' id='word_1_209' title='bbox 1364 2702 1584 2771; x_wconf 85' lang='lat' dir='ltr'><strong><em>vertigo,</em></strong></span> <span class='ocrx_word' id='word_1_210' title='bbox 1603 2717 1766 2772; x_wconf 91' lang='lat' dir='ltr'><strong><em>quam</em></strong></span> <span class='ocrx_word' id='word_1_211' title='bbox 1795 2701 2106 2772; x_wconf 87' lang='lat' dir='ltr'><strong><em>relinquen-</em></strong></span> 
     </span>
    </p>
   </div>
   <div class='ocr_carea' id='block_1_29' title="bbox 522 2790 2107 2857">
    <p class='ocr_par' dir='ltr' id='par_1_29' title="bbox 522 2790 2107 2857">
     <span class='ocr_line' id='line_1_29' title="bbox 522 2790 2107 2857; baseline 0.003 -13"><span class='ocrx_word' id='word_1_212' title='bbox 522 2799 605 2846; x_wconf 80' lang='lat' dir='ltr'><strong><em>tes</em></strong></span> <span class='ocrx_word' id='word_1_213' title='bbox 637 2801 837 2846; x_wconf 67' lang='lat' dir='ltr'><strong><em>secuta:</em></strong></span> <span class='ocrx_word' id='word_1_214' title='bbox 885 2801 1014 2847; x_wconf 92' lang='lat' dir='ltr'><strong><em>sunt</em></strong></span> <span class='ocrx_word' id='word_1_215' title='bbox 1041 2790 1226 2848; x_wconf 89' lang='lat' dir='ltr'><strong><em>Jesum</em></strong></span> <span class='ocrx_word' id='word_1_216' title='bbox 1252 2835 1267 2857; x_wconf 95' lang='lat'><strong><em>,</em></strong></span> <span class='ocrx_word' id='word_1_217' title='bbox 1294 2809 1401 2848; x_wconf 87' lang='lat' dir='ltr'><strong><em>non</em></strong></span> <span class='ocrx_word' id='word_1_218' title='bbox 1447 2795 1673 2857; x_wconf 65' lang='lat' dir='ltr'><strong><em>otiosae,</em></strong></span> <span class='ocrx_word' id='word_1_219' title='bbox 1708 2795 1801 2850; x_wconf 88' lang='lat' dir='ltr'><strong><em>sed</em></strong></span> <span class='ocrx_word' id='word_1_220' title='bbox 1846 2793 2107 2849; x_wconf 82' lang='lat' dir='ltr'><strong><em>facientes</em></strong></span> 
     </span>
    </p>
   </div>
   <div class='ocr_carea' id='block_1_30' title="bbox 521 2883 2104 2954">
    <p class='ocr_par' dir='ltr' id='par_1_30' title="bbox 521 2883 2104 2954">
     <span class='ocr_line' id='line_1_30' title="bbox 521 2883 2104 2954; baseline 0.001 -16"><span class='ocrx_word' id='word_1_221' title='bbox 521 2899 646 2954; x_wconf 64' lang='lat' dir='ltr'><strong><em>quas</em></strong></span> <span class='ocrx_word' id='word_1_222' title='bbox 678 2883 1080 2939; x_wconf 87' lang='lat' dir='ltr'><strong><em>mandabantur</em></strong></span> <span class='ocrx_word' id='word_1_223' title='bbox 1111 2885 1180 2940; x_wconf 91' lang='lat' dir='ltr'><strong><em>ab</em></strong></span> <span class='ocrx_word' id='word_1_224' title='bbox 1214 2901 1312 2953; x_wconf 91' lang='lat' dir='ltr'><strong><em>eo,</em></strong></span> <span class='ocrx_word' id='word_1_225' title='bbox 1341 2896 1396 2942; x_wconf 90' lang='lat' dir='ltr'><strong><em>et</em></strong></span> <span class='ocrx_word' id='word_1_226' title='bbox 1421 2887 1762 2942; x_wconf 89' lang='lat' dir='ltr'><strong><em>delectabant</em></strong></span> <span class='ocrx_word' id='word_1_227' title='bbox 1792 2901 1917 2941; x_wconf 89' lang='lat' dir='ltr'><strong><em>eum</em></strong></span> <span class='ocrx_word' id='word_1_228' title='bbox 1951 2902 1965 2942; x_wconf 90' lang='lat'>:</span> <span class='ocrx_word' id='word_1_229' title='bbox 2000 2885 2104 2939; x_wconf 90' lang='lat' dir='ltr'><strong><em>mi—</em></strong></span> 
     </span>
    </p>
   </div>
   <div class='ocr_carea' id='block_1_31' title="bbox 523 2973 2105 3045">
    <p class='ocr_par' dir='ltr' id='par_1_31' title="bbox 523 2973 2105 3045">
     <span class='ocr_line' id='line_1_31' title="bbox 523 2973 2105 3045; baseline 0 -15"><span class='ocrx_word' id='word_1_230' title='bbox 523 2973 820 3030; x_wconf 84' lang='lat' dir='ltr'><strong><em>nistrantes</em></strong></span> <span class='ocrx_word' id='word_1_231' title='bbox 872 2973 1019 3028; x_wconf 89' lang='lat' dir='ltr'><strong><em>enim</em></strong></span> <span class='ocrx_word' id='word_1_232' title='bbox 1070 2975 1438 3045; x_wconf 88' lang='lat' dir='ltr'><strong><em>sequebantur</em></strong></span> <span class='ocrx_word' id='word_1_233' title='bbox 1486 2992 1630 3031; x_wconf 89' lang='lat' dir='ltr'><strong><em>eum.</em></strong></span> <span class='ocrx_word' id='word_1_234' title='bbox 1681 2975 1872 3031; x_wconf 92' lang='lat' dir='ltr'><strong><em>Omnis</em></strong></span> <span class='ocrx_word' id='word_1_235' title='bbox 1924 2985 2105 3030; x_wconf 89' lang='lat' dir='ltr'><strong><em>autem</em></strong></span> 
     </span>
    </p>
   </div>
   <div class='ocr_carea' id='block_1_32' title="bbox 521 3068 2104 3140">
    <p class='ocr_par' dir='ltr' id='par_1_32' title="bbox 521 3068 2104 3140">
     <span class='ocr_line' id='line_1_32' title="bbox 521 3068 2104 3140; baseline -0.001 -16"><span class='ocrx_word' id='word_1_236' title='bbox 521 3068 704 3124; x_wconf 79' lang='lat' dir='ltr'><strong><em>anima</em></strong></span> <span class='ocrx_word' id='word_1_237' title='bbox 738 3068 1064 3123; x_wconf 81' lang='lat' dir='ltr'><strong><em>divisionem</em></strong></span> <span class='ocrx_word' id='word_1_238' title='bbox 1093 3070 1332 3139; x_wconf 88' lang='lat' dir='ltr'><strong><em>aliquam</em></strong></span> <span class='ocrx_word' id='word_1_239' title='bbox 1364 3071 1660 3140; x_wconf 86' lang='lat' dir='ltr'><strong><em>gratiarum</em></strong></span> <span class='ocrx_word' id='word_1_240' title='bbox 1693 3079 1748 3123; x_wconf 89' lang='lat' dir='ltr'><strong><em>et</em></strong></span> <span class='ocrx_word' id='word_1_241' title='bbox 1778 3070 1955 3138; x_wconf 88' lang='lat' dir='ltr'><strong><em>ipsum</em></strong></span> <span class='ocrx_word' id='word_1_242' title='bbox 1996 3068 2104 3123; x_wconf 87' lang='lat' dir='ltr'><strong><em>Do-</em></strong></span> 
     </span>
    </p>
   </div>
   <div class='ocr_carea' id='block_1_33' title="bbox 521 3159 2104 3231">
    <p class='ocr_par' dir='ltr' id='par_1_33' title="bbox 521 3159 2104 3231">
     <span class='ocr_line' id='line_1_33' title="bbox 521 3159 2104 3231; baseline -0.001 -15"><span class='ocrx_word' id='word_1_243' title='bbox 521 3164 732 3216; x_wconf 89' lang='lat' dir='ltr'><strong><em>minum</em></strong></span> <span class='ocrx_word' id='word_1_244' title='bbox 765 3162 1100 3231; x_wconf 86' lang='lat' dir='ltr'><strong><em>participans</em></strong></span> <span class='ocrx_word' id='word_1_245' title='bbox 1121 3201 1136 3227; x_wconf 89' lang='lat'><strong><em>,</em></strong></span> <span class='ocrx_word' id='word_1_246' title='bbox 1171 3163 1445 3217; x_wconf 87' lang='lat' dir='ltr'><strong><em>ministrat</em></strong></span> <span class='ocrx_word' id='word_1_247' title='bbox 1468 3159 1598 3218; x_wconf 86' lang='lat' dir='ltr'><strong><em>Jesu</em></strong></span> <span class='ocrx_word' id='word_1_248' title='bbox 1628 3161 1992 3216; x_wconf 88' lang='lat' dir='ltr'><strong><em>ministerium</em></strong></span> <span class='ocrx_word' id='word_1_249' title='bbox 2028 3162 2104 3215; x_wconf 91' lang='lat' dir='ltr'><strong><em>si-</em></strong></span> 
     </span>
    </p>
   </div>
   <div class='ocr_carea' id='block_1_34' title="bbox 521 3255 2102 3325">
    <p class='ocr_par' dir='ltr' id='par_1_34' title="bbox 521 3255 2102 3325">
     <span class='ocr_line' id='line_1_34' title="bbox 521 3255 2102 3325; baseline 0 -17"><span class='ocrx_word' id='word_1_250' title='bbox 521 3256 650 3309; x_wconf 89' lang='lat' dir='ltr'><strong><em>mile</em></strong></span> <span class='ocrx_word' id='word_1_251' title='bbox 705 3256 1024 3310; x_wconf 89' lang='lat' dir='ltr'><strong><em>ministeriis</em></strong></span> <span class='ocrx_word' id='word_1_252' title='bbox 1073 3256 1413 3325; x_wconf 74' lang='lat' dir='ltr'><strong><em>angelorum,</em></strong></span> <span class='ocrx_word' id='word_1_253' title='bbox 1469 3256 1534 3310; x_wconf 88' lang='lat' dir='ltr'><strong><em>de</em></strong></span> <span class='ocrx_word' id='word_1_254' title='bbox 1587 3255 1787 3324; x_wconf 86' lang='lat' dir='ltr'><strong><em>quibus</em></strong></span> <span class='ocrx_word' id='word_1_255' title='bbox 1839 3255 2102 3324; x_wconf 90' lang='lat' dir='ltr'><strong><em>scriptum</em></strong></span> 
     </span>
    </p>
   </div>
   <div class='ocr_carea' id='block_1_35' title="bbox 524 3345 2102 3416">
    <p class='ocr_par' dir='ltr' id='par_1_35' title="bbox 524 3345 2102 3416">
     <span class='ocr_line' id='line_1_35' title="bbox 524 3345 2102 3416; baseline 0 -16"><span class='ocrx_word' id='word_1_256' title='bbox 524 3355 606 3400; x_wconf 90' lang='lat' dir='ltr'><strong><em>est</em></strong></span> <span class='ocrx_word' id='word_1_257' title='bbox 633 3345 702 3412; x_wconf 83' lang='grc'><strong><em>³¹,</em></strong></span> <span class='ocrx_word' id='word_1_258' title='bbox 736 3347 998 3414; x_wconf 88' lang='lat' dir='ltr'><strong><em>quoniam</em></strong></span> <span class='ocrx_word' id='word_1_259' title='bbox 1033 3348 1351 3400; x_wconf 84' lang='lat' dir='ltr'><strong><em>accedentes</em></strong></span> <span class='ocrx_word' id='word_1_260' title='bbox 1385 3346 1562 3416; x_wconf 86' lang='lat' dir='ltr'><strong><em>angeli</em></strong></span> <span class='ocrx_word' id='word_1_261' title='bbox 1609 3346 1995 3400; x_wconf 87' lang='lat' dir='ltr'><strong><em>ministrabant</em></strong></span> <span class='ocrx_word' id='word_1_262' title='bbox 2032 3347 2102 3400; x_wconf 88' lang='lat' dir='ltr'><strong><em>ei.</em></strong></span> 
     </span>
    </p>
   </div>
   <div class='ocr_carea' id='block_1_36' title="bbox 525 3437 2107 3508">
    <p class='ocr_par' dir='ltr' id='par_1_36' title="bbox 525 3437 2107 3508">
     <span class='ocr_line' id='line_1_36' title="bbox 525 3437 2107 3508; baseline 0.001 -16"><span class='ocrx_word' id='word_1_263' title='bbox 525 3437 710 3492; x_wconf 72' lang='lat' dir='ltr'><strong><em>Multa:</em></strong></span> <span class='ocrx_word' id='word_1_264' title='bbox 737 3452 866 3507; x_wconf 85' lang='lat' dir='ltr'><strong><em>ergo</em></strong></span> <span class='ocrx_word' id='word_1_265' title='bbox 900 3445 1055 3490; x_wconf 89' lang='lat' dir='ltr'><strong><em>erant</em></strong></span> <span class='ocrx_word' id='word_1_266' title='bbox 1086 3446 1466 3507; x_wconf 77' lang='lat' dir='ltr'><strong><em>exspectantes</em></strong></span> <span class='ocrx_word' id='word_1_267' title='bbox 1495 3447 1624 3492; x_wconf 89' lang='lat' dir='ltr'><strong><em>tunc</em></strong></span> <span class='ocrx_word' id='word_1_268' title='bbox 1649 3437 1837 3493; x_wconf 90' lang='lat' dir='ltr'><strong><em>Jesum</em></strong></span> <span class='ocrx_word' id='word_1_269' title='bbox 1865 3455 1880 3492; x_wconf 87' lang='lat'><strong>:</strong></span> <span class='ocrx_word' id='word_1_270' title='bbox 1918 3439 2107 3508; x_wconf 64' lang='lat' dir='ltr'><strong><em>praeci-</em></strong></span> 
     </span>
    </p>
   </div>
   <div class='ocr_carea' id='block_1_37' title="bbox 521 3527 2107 3600">
    <p class='ocr_par' dir='ltr' id='par_1_37' title="bbox 521 3527 2107 3600">
     <span class='ocr_line' id='line_1_37' title="bbox 521 3527 2107 3600; baseline 0.001 -18"><span class='ocrx_word' id='word_1_271' title='bbox 521 3543 645 3600; x_wconf 70' lang='lat' dir='ltr'><strong><em>puae</em></strong></span> <span class='ocrx_word' id='word_1_272' title='bbox 669 3536 853 3582; x_wconf 90' lang='lat' dir='ltr'><strong><em>autem</em></strong></span> <span class='ocrx_word' id='word_1_273' title='bbox 889 3527 1181 3582; x_wconf 75' lang='lat' dir='ltr'><strong><em>nominata:</em></strong></span> <span class='ocrx_word' id='word_1_274' title='bbox 1215 3536 1373 3592; x_wconf 91' lang='lat' dir='ltr'><strong><em>sunt,</em></strong></span> <span class='ocrx_word' id='word_1_275' title='bbox 1404 3537 1459 3583; x_wconf 89' lang='lat' dir='ltr'><strong><em>et</em></strong></span> <span class='ocrx_word' id='word_1_276' title='bbox 1500 3529 1659 3599; x_wconf 92' lang='lat' dir='ltr'><strong><em>quasi</em></strong></span> <span class='ocrx_word' id='word_1_277' title='bbox 1690 3530 1951 3585; x_wconf 89' lang='lat' dir='ltr'><strong><em>attentius</em></strong></span> <span class='ocrx_word' id='word_1_278' title='bbox 1984 3546 2107 3599; x_wconf 85' lang='lat' dir='ltr'><strong><em>spe-</em></strong></span> 
     </span>
    </p>
   </div>
   <div class='ocr_carea' id='block_1_38' title="bbox 521 3618 2102 3692">
    <p class='ocr_par' dir='ltr' id='par_1_38' title="bbox 521 3618 2102 3692">
     <span class='ocr_line' id='line_1_38' title="bbox 521 3618 2102 3692; baseline 0.001 -16"><span class='ocrx_word' id='word_1_279' title='bbox 521 3626 755 3685; x_wconf 84' lang='lat' dir='ltr'><strong><em>ctantes,</em></strong></span> <span class='ocrx_word' id='word_1_280' title='bbox 775 3627 827 3674; x_wconf 89' lang='lat' dir='ltr'><strong><em>et</em></strong></span> <span class='ocrx_word' id='word_1_281' title='bbox 845 3618 1080 3688; x_wconf 90' lang='lat' dir='ltr'><strong><em>amplius</em></strong></span> <span class='ocrx_word' id='word_1_282' title='bbox 1101 3618 1490 3685; x_wconf 87' lang='lat' dir='ltr'><strong><em>ministrantes,</em></strong></span> <span class='ocrx_word' id='word_1_283' title='bbox 1509 3629 1563 3688; x_wconf 81' lang='lat' dir='ltr'><strong><em>et</em></strong></span> <span class='ocrx_word' id='word_1_284' title='bbox 1580 3622 1774 3677; x_wconf 89' lang='lat' dir='ltr'><strong><em>melius</em></strong></span> <span class='ocrx_word' id='word_1_285' title='bbox 1792 3632 2102 3692; x_wconf 81' lang='lat' dir='ltr'><strong><em>sequentes,</em></strong></span> 
     </span>
    </p>
   </div>
   <div class='ocr_carea' id='block_1_39' title="bbox 522 3704 2105 3784">
    <p class='ocr_par' dir='ltr' id='par_1_39' title="bbox 522 3704 2105 3784">
     <span class='ocr_line' id='line_1_39' title="bbox 522 3704 2105 3784; baseline 0.004 -20"><span class='ocrx_word' id='word_1_286' title='bbox 522 3709 694 3765; x_wconf 82' lang='lat' dir='ltr'><strong><em>Maria</em></strong></span> <span class='ocrx_word' id='word_1_287' title='bbox 746 3710 1106 3781; x_wconf 83' lang='lat' dir='ltr'><strong><em>Magdalena,</em></strong></span> <span class='ocrx_word' id='word_1_288' title='bbox 1166 3713 1339 3780; x_wconf 84' lang='lat' dir='ltr'><strong><em>magis</em></strong></span> <span class='ocrx_word' id='word_1_289' title='bbox 1378 3713 1811 3784; x_wconf 84' lang='lat' dir='ltr'><strong><em>interpretationi</em></strong></span> <span class='ocrx_word' id='word_1_290' title='bbox 1865 3704 2105 3770; x_wconf 78' lang='lat' dir='ltr'><strong><em>nominis</em></strong></span> 
     </span>
    </p>
   </div>
   <div class='ocr_carea' id='block_1_40' title="bbox 522 3804 2101 3878">
    <p class='ocr_par' dir='ltr' id='par_1_40' title="bbox 522 3804 2101 3878">
     <span class='ocr_line' id='line_1_40' title="bbox 522 3804 2101 3878; baseline 0.004 -20"><span class='ocrx_word' id='word_1_291' title='bbox 522 3805 710 3874; x_wconf 74' lang='lat' dir='ltr'><strong><em>patria:</em></strong></span> <span class='ocrx_word' id='word_1_292' title='bbox 739 3819 851 3858; x_wconf 65' lang='lat' dir='ltr'><strong><em>suae</em></strong></span> <span class='ocrx_word' id='word_1_293' title='bbox 882 3804 1235 3871; x_wconf 87' lang='lat' dir='ltr'><strong><em>conveniens,</em></strong></span> <span class='ocrx_word' id='word_1_294' title='bbox 1275 3821 1398 3874; x_wconf 77' lang='lat' dir='ltr'><strong><em>quae</em></strong></span> <span class='ocrx_word' id='word_1_295' title='bbox 1428 3804 1742 3875; x_wconf 85' lang='lat' dir='ltr'><strong><em>Magdalena</em></strong></span> <span class='ocrx_word' id='word_1_296' title='bbox 1777 3807 2101 3878; x_wconf 84' lang='lat' dir='ltr'><strong><em>appellatur.</em></strong></span> 
     </span>
    </p>
   </div>
   <div class='ocr_carea' id='block_1_41' title="bbox 522 3893 2106 3968">
    <p class='ocr_par' dir='ltr' id='par_1_41' title="bbox 522 3893 2106 3968">
     <span class='ocr_line' id='line_1_41' title="bbox 522 3893 2106 3968; baseline 0.006 -20"><span class='ocrx_word' id='word_1_297' title='bbox 522 3893 920 3966; x_wconf 90' lang='lat' dir='ltr'><strong><em>Interpretatur</em></strong></span> <span class='ocrx_word' id='word_1_298' title='bbox 946 3905 1128 3950; x_wconf 90' lang='lat' dir='ltr'><strong><em>autem</em></strong></span> <span class='ocrx_word' id='word_1_299' title='bbox 1166 3898 1530 3968; x_wconf 83' lang='lat' dir='ltr'><strong><em>magniﬁcatio</em></strong></span> <span class='ocrx_word' id='word_1_300' title='bbox 1561 3899 1713 3953; x_wconf 85' lang='lat' dir='ltr'><strong><em>locus</em></strong></span> <span class='ocrx_word' id='word_1_301' title='bbox 1743 3900 1850 3954; x_wconf 91' lang='lat' dir='ltr'><strong><em>ille.</em></strong></span> <span class='ocrx_word' id='word_1_302' title='bbox 1895 3900 1960 3955; x_wconf 88' lang='lat' dir='ltr'><strong><em>Et</em></strong></span> <span class='ocrx_word' id='word_1_303' title='bbox 1987 3912 2106 3957; x_wconf 88' lang='lat' dir='ltr'><strong><em>erat</em></strong></span> 
     </span>
    </p>
   </div>
   <div class='ocr_carea' id='block_1_42' title="bbox 524 3986 2106 4062">
    <p class='ocr_par' dir='ltr' id='par_1_42' title="bbox 524 3986 2106 4062">
     <span class='ocr_line' id='line_1_42' title="bbox 524 3986 2106 4062; baseline 0.004 -21"><span class='ocrx_word' id='word_1_304' title='bbox 524 3988 642 4042; x_wconf 76' lang='lat' dir='ltr'><strong><em>haec</em></strong></span> <span class='ocrx_word' id='word_1_305' title='bbox 699 3986 870 4042; x_wconf 86' lang='lat' dir='ltr'><strong><em>Maria</em></strong></span> <span class='ocrx_word' id='word_1_306' title='bbox 923 3986 1239 4058; x_wconf 84' lang='lat' dir='ltr'><strong><em>Magdalena</em></strong></span> <span class='ocrx_word' id='word_1_307' title='bbox 1287 3990 1354 4044; x_wconf 90' lang='lat' dir='ltr'><strong><em>de</em></strong></span> <span class='ocrx_word' id='word_1_308' title='bbox 1403 3991 1837 4060; x_wconf 79' lang='lat' dir='ltr'><strong><em>nlaguilicatione</em></strong></span> <span class='ocrx_word' id='word_1_309' title='bbox 1886 4003 2106 4062; x_wconf 87' lang='lat' dir='ltr'><strong><em>propter</em></strong></span> 
     </span>
    </p>
   </div>
   <div class='ocr_carea' id='block_1_43' title="bbox 524 4080 2103 4152">
    <p class='ocr_par' dir='ltr' id='par_1_43' title="bbox 524 4080 2103 4152">
     <span class='ocr_line' id='line_1_43' title="bbox 524 4080 2103 4152; baseline 0.003 -16"><span class='ocrx_word' id='word_1_310' title='bbox 524 4080 664 4136; x_wconf 83' lang='lat' dir='ltr'><strong><em>nihil</em></strong></span> <span class='ocrx_word' id='word_1_311' title='bbox 701 4080 848 4136; x_wconf 88' lang='lat' dir='ltr'><strong><em>aliud</em></strong></span> <span class='ocrx_word' id='word_1_312' title='bbox 884 4081 991 4137; x_wconf 90' lang='lat' dir='ltr'><strong><em>nisi</em></strong></span> <span class='ocrx_word' id='word_1_313' title='bbox 1022 4082 1150 4152; x_wconf 89' lang='lat' dir='ltr'><strong><em>quia</em></strong></span> <span class='ocrx_word' id='word_1_314' title='bbox 1195 4092 1378 4137; x_wconf 89' lang='lat' dir='ltr'><strong><em>secuta</em></strong></span> <span class='ocrx_word' id='word_1_315' title='bbox 1418 4082 1595 4137; x_wconf 90' lang='lat' dir='ltr'><strong><em>fuerat</em></strong></span> <span class='ocrx_word' id='word_1_316' title='bbox 1618 4081 1823 4152; x_wconf 85' lang='lat' dir='ltr'><strong><em>Jesum,</em></strong></span> <span class='ocrx_word' id='word_1_317' title='bbox 1856 4094 1909 4140; x_wconf 92' lang='lat' dir='ltr'><strong><em>et</em></strong></span> <span class='ocrx_word' id='word_1_318' title='bbox 1939 4087 2103 4140; x_wconf 79' lang='lat' dir='ltr'><strong><em>mini-</em></strong></span> 
     </span>
    </p>
   </div>
   <div class='ocr_carea' id='block_1_44' title="bbox 523 4173 2104 4247">
    <p class='ocr_par' dir='ltr' id='par_1_44' title="bbox 523 4173 2104 4247">
     <span class='ocr_line' id='line_1_44' title="bbox 523 4173 2104 4247; baseline 0.002 -18"><span class='ocrx_word' id='word_1_319' title='bbox 523 4182 795 4229; x_wconf 82' lang='lat' dir='ltr'><strong><em>straverat</em></strong></span> <span class='ocrx_word' id='word_1_320' title='bbox 847 4173 937 4241; x_wconf 89' lang='lat' dir='ltr'><strong><em>ei,</em></strong></span> <span class='ocrx_word' id='word_1_321' title='bbox 973 4184 1026 4228; x_wconf 92' lang='lat' dir='ltr'><strong><em>et</em></strong></span> <span class='ocrx_word' id='word_1_322' title='bbox 1080 4185 1418 4244; x_wconf 76' lang='lat' dir='ltr'><strong><em>spectaverat</em></strong></span> <span class='ocrx_word' id='word_1_323' title='bbox 1468 4179 1786 4246; x_wconf 79' lang='lat' dir='ltr'><strong><em>mysterium</em></strong></span> <span class='ocrx_word' id='word_1_324' title='bbox 1836 4177 2104 4247; x_wconf 82' lang='lat' dir='ltr'><strong><em>passionis</em></strong></span> 
     </span>
    </p>
   </div>
   <div class='ocr_carea' id='block_1_45' title="bbox 525 4263 2102 4336">
    <p class='ocr_par' dir='ltr' id='par_1_45' title="bbox 525 4263 2102 4336">
     <span class='ocr_line' id='line_1_45' title="bbox 525 4263 2102 4336; baseline 0.001 -17"><span class='ocrx_word' id='word_1_325' title='bbox 525 4265 717 4335; x_wconf 89' lang='lat' dir='ltr'><strong><em>ipsius.</em></strong></span> <span class='ocrx_word' id='word_1_326' title='bbox 753 4263 883 4319; x_wconf 86' lang='lat' dir='ltr'><strong><em>Erat</em></strong></span> <span class='ocrx_word' id='word_1_327' title='bbox 912 4274 1094 4320; x_wconf 91' lang='lat' dir='ltr'><strong><em>autem</em></strong></span> <span class='ocrx_word' id='word_1_328' title='bbox 1124 4265 1264 4320; x_wconf 85' lang='lat' dir='ltr'><strong><em>inter</em></strong></span> <span class='ocrx_word' id='word_1_329' title='bbox 1286 4267 1586 4336; x_wconf 67' lang='lat' dir='ltr'><strong><em>praacipuas</em></strong></span> <span class='ocrx_word' id='word_1_330' title='bbox 1616 4276 1669 4322; x_wconf 91' lang='lat' dir='ltr'><strong><em>et</em></strong></span> <span class='ocrx_word' id='word_1_331' title='bbox 1696 4267 1884 4333; x_wconf 79' lang='lat' dir='ltr'><strong><em>Maria,</em></strong></span> <span class='ocrx_word' id='word_1_332' title='bbox 1915 4266 2102 4322; x_wconf 83' lang='lat' dir='ltr'><strong><em>Jacobi</em></strong></span> 
     </span>
    </p>
   </div>
   <div class='ocr_carea' id='block_1_46' title="bbox 524 4357 2102 4430">
    <p class='ocr_par' dir='ltr' id='par_1_46' title="bbox 524 4357 2102 4430">
     <span class='ocr_line' id='line_1_46' title="bbox 524 4357 2102 4430; baseline 0.001 -18"><span class='ocrx_word' id='word_1_333' title='bbox 524 4367 581 4412; x_wconf 90' lang='lat' dir='ltr'><strong><em>et</em></strong></span> <span class='ocrx_word' id='word_1_334' title='bbox 601 4357 808 4430; x_wconf 89' lang='lat' dir='ltr'><strong><em>Joseph</em></strong></span> <span class='ocrx_word' id='word_1_335' title='bbox 860 4367 1067 4422; x_wconf 86' lang='lat' dir='ltr'><strong><em>mater,</em></strong></span> <span class='ocrx_word' id='word_1_336' title='bbox 1109 4365 1237 4424; x_wconf 89' lang='lat' dir='ltr'><strong><em>aut,</em></strong></span> <span class='ocrx_word' id='word_1_337' title='bbox 1279 4358 1422 4412; x_wconf 87' lang='lat' dir='ltr'><strong><em>sicut</em></strong></span> <span class='ocrx_word' id='word_1_338' title='bbox 1467 4357 1682 4414; x_wconf 84' lang='lat' dir='ltr'><strong><em>Marcus</em></strong></span> <span class='ocrx_word' id='word_1_339' title='bbox 1718 4359 1881 4424; x_wconf 88' lang='lat' dir='ltr'><strong><em>dicit,</em></strong></span> <span class='ocrx_word' id='word_1_340' title='bbox 1916 4357 2102 4413; x_wconf 89' lang='lat' dir='ltr'><strong><em>Jacobi</em></strong></span> 
     </span>
    </p>
   </div>
   <div class='ocr_carea' id='block_1_47' title="bbox 525 4447 2104 4519">
    <p class='ocr_par' dir='ltr' id='par_1_47' title="bbox 525 4447 2104 4519">
     <span class='ocr_line' id='line_1_47' title="bbox 525 4447 2104 4519; baseline -0.001 -16"><span class='ocrx_word' id='word_1_341' title='bbox 525 4450 754 4504; x_wconf 90' lang='lat' dir='ltr'><strong><em>minoris</em></strong></span> <span class='ocrx_word' id='word_1_342' title='bbox 781 4461 834 4504; x_wconf 90' lang='lat' dir='ltr'><strong><em>et</em></strong></span> <span class='ocrx_word' id='word_1_343' title='bbox 863 4448 1062 4519; x_wconf 89' lang='lat' dir='ltr'><strong><em>Joseph</em></strong></span> <span class='ocrx_word' id='word_1_344' title='bbox 1092 4457 1283 4514; x_wconf 89' lang='lat' dir='ltr'><strong><em>mater,</em></strong></span> <span class='ocrx_word' id='word_1_345' title='bbox 1311 4447 1612 4502; x_wconf 88' lang='lat' dir='ltr'><strong><em>secundum</em></strong></span> <span class='ocrx_word' id='word_1_346' title='bbox 1647 4465 1840 4504; x_wconf 91' lang='lat' dir='ltr'><strong><em>nomen</em></strong></span> <span class='ocrx_word' id='word_1_347' title='bbox 1873 4450 2104 4518; x_wconf 88' lang='lat' dir='ltr'><strong><em>patriar-</em></strong></span> 
     </span>
    </p>
   </div>
   <div class='ocr_carea' id='block_1_48' title="bbox 2215 573 3799 648">
    <p class='ocr_par' dir='ltr' id='par_1_48' title="bbox 2215 573 3799 648">
     <span class='ocr_line' id='line_1_48' title="bbox 2215 573 3799 648; baseline -0.008 -10"><span class='ocrx_word' id='word_1_348' title='bbox 2215 584 2316 639; x_wconf 89' lang='lat' dir='ltr'><strong><em>bus</em></strong></span> <span class='ocrx_word' id='word_1_349' title='bbox 2345 601 2359 638; x_wconf 90' lang='lat'><strong>:</strong></span> <span class='ocrx_word' id='word_1_350' title='bbox 2395 583 2514 638; x_wconf 91' lang='lat' dir='ltr'><strong><em>ideo</em></strong></span> <span class='ocrx_word' id='word_1_351' title='bbox 2542 580 2781 636; x_wconf 82' lang='lat' dir='ltr'><strong><em>Joannes</em></strong></span> <span class='ocrx_word' id='word_1_352' title='bbox 2805 580 3013 635; x_wconf 81' lang='lat' dir='ltr'><strong><em>audivit</em></strong></span> <span class='ocrx_word' id='word_1_353' title='bbox 3041 589 3245 648; x_wconf 90' lang='lat' dir='ltr'><strong><em>septem</em></strong></span> <span class='ocrx_word' id='word_1_354' title='bbox 3275 578 3585 632; x_wconf 87' lang='lat' dir='ltr'><strong><em>tonitruum</em></strong></span> <span class='ocrx_word' id='word_1_355' title='bbox 3615 573 3799 634; x_wconf 82' lang='lat' dir='ltr'><strong><em>verba,</em></strong></span> 
     </span>
    </p>
   </div>
   <div class='ocr_carea' id='block_1_49' title="bbox 2213 671 3799 747">
    <p class='ocr_par' dir='ltr' id='par_1_49' title="bbox 2213 671 3799 747">
     <span class='ocr_line' id='line_1_49' title="bbox 2213 671 3799 747; baseline -0.009 -16"><span class='ocrx_word' id='word_1_356' title='bbox 2213 691 2336 747; x_wconf 66' lang='lat' dir='ltr'><strong><em>quae</em></strong></span> <span class='ocrx_word' id='word_1_357' title='bbox 2387 674 2546 746; x_wconf 89' lang='lat' dir='ltr'><strong><em>quasi</em></strong></span> <span class='ocrx_word' id='word_1_358' title='bbox 2593 674 2957 728; x_wconf 88' lang='lat' dir='ltr'><strong><em>eminentiora</em></strong></span> <span class='ocrx_word' id='word_1_359' title='bbox 3004 671 3152 725; x_wconf 92' lang='lat' dir='ltr'><strong><em>omni</em></strong></span> <span class='ocrx_word' id='word_1_360' title='bbox 3206 671 3520 738; x_wconf 84' lang='lat' dir='ltr'><strong><em>scriptura.</em></strong></span> <span class='ocrx_word' id='word_1_361' title='bbox 3577 675 3642 719; x_wconf 90' lang='lat' dir='ltr'><strong><em>ut</em></strong></span> <span class='ocrx_word' id='word_1_362' title='bbox 3694 680 3799 719; x_wconf 89' lang='lat' dir='ltr'><strong><em>non</em></strong></span> 
     </span>
    </p>
   </div>
   <div class='ocr_carea' id='block_1_50' title="bbox 2213 761 3801 836">
    <p class='ocr_par' dir='ltr' id='par_1_50' title="bbox 2213 761 3801 836">
     <span class='ocr_line' id='line_1_50' title="bbox 2213 761 3801 836; baseline -0.009 -12"><span class='ocrx_word' id='word_1_363' title='bbox 2213 767 2476 824; x_wconf 82' lang='lat' dir='ltr'><strong><em>scriberet</em></strong></span> <span class='ocrx_word' id='word_1_364' title='bbox 2503 765 2702 836; x_wconf 89' lang='lat' dir='ltr'><strong><em>accipit</em></strong></span> <span class='ocrx_word' id='word_1_365' title='bbox 2733 765 3069 819; x_wconf 87' lang='lat' dir='ltr'><strong><em>mandatum.</em></strong></span> <span class='ocrx_word' id='word_1_366' title='bbox 3102 763 3194 818; x_wconf 91' lang='lat' dir='ltr'><strong><em>Sin</em></strong></span> <span class='ocrx_word' id='word_1_367' title='bbox 3226 771 3404 816; x_wconf 89' lang='lat' dir='ltr'><strong><em>autem</em></strong></span> <span class='ocrx_word' id='word_1_368' title='bbox 3429 768 3655 829; x_wconf 80' lang='lat' dir='ltr'><strong><em>Oportet</em></strong></span> <span class='ocrx_word' id='word_1_369' title='bbox 3680 761 3801 827; x_wconf 90' lang='lat' dir='ltr'><strong><em>opi-</em></strong></span> 
     </span>
    </p>
   </div>
   <div class='ocr_carea' id='block_1_51' title="bbox 2214 849 3801 916">
    <p class='ocr_par' dir='ltr' id='par_1_51' title="bbox 2214 849 3801 916">
     <span class='ocr_line' id='line_1_51' title="bbox 2214 849 3801 916; baseline -0.006 -4"><span class='ocrx_word' id='word_1_370' title='bbox 2214 857 2356 916; x_wconf 89' lang='lat' dir='ltr'><strong><em>nari,</em></strong></span> <span class='ocrx_word' id='word_1_371' title='bbox 2375 867 2430 912; x_wconf 92' lang='lat' dir='ltr'><strong><em>et</em></strong></span> <span class='ocrx_word' id='word_1_372' title='bbox 2451 857 2635 911; x_wconf 89' lang='lat' dir='ltr'><strong><em>dicere</em></strong></span> <span class='ocrx_word' id='word_1_373' title='bbox 2655 856 2821 911; x_wconf 89' lang='lat' dir='ltr'><strong><em>etiam</em></strong></span> <span class='ocrx_word' id='word_1_374' title='bbox 2841 870 3032 909; x_wconf 92' lang='lat' dir='ltr'><strong><em>nomen</em></strong></span> <span class='ocrx_word' id='word_1_375' title='bbox 3054 855 3244 908; x_wconf 89' lang='lat' dir='ltr'><strong><em>matris</em></strong></span> <span class='ocrx_word' id='word_1_376' title='bbox 3269 851 3506 906; x_wconf 66' lang='lat' dir='ltr'><strong><em>filiorum</em></strong></span> <span class='ocrx_word' id='word_1_377' title='bbox 3527 849 3801 910; x_wconf 72' lang='lat' dir='ltr'><strong><em>Zebedzei,</em></strong></span> 
     </span>
    </p>
   </div>
   <div class='ocr_carea' id='block_1_52' title="bbox 2212 943 3807 1018">
    <p class='ocr_par' dir='ltr' id='par_1_52' title="bbox 2212 943 3807 1018">
     <span class='ocr_line' id='line_1_52' title="bbox 2212 943 3807 1018; baseline -0.006 -15"><span class='ocrx_word' id='word_1_378' title='bbox 2212 948 2336 1003; x_wconf 92' lang='lat' dir='ltr'><strong><em>dico</em></strong></span> <span class='ocrx_word' id='word_1_379' title='bbox 2364 946 2624 1018; x_wconf 89' lang='lat' dir='ltr'><strong><em>quoniam</em></strong></span> <span class='ocrx_word' id='word_1_380' title='bbox 2662 947 2777 1002; x_wconf 69' lang='lat' dir='ltr'><strong><em>haec</em></strong></span> <span class='ocrx_word' id='word_1_381' title='bbox 2804 947 2919 1016; x_wconf 88' lang='lat' dir='ltr'><strong><em>ipsa</em></strong></span> <span class='ocrx_word' id='word_1_382' title='bbox 2952 945 3129 1000; x_wconf 84' lang='lat' dir='ltr'><strong><em>fuerat</em></strong></span> <span class='ocrx_word' id='word_1_383' title='bbox 3165 943 3384 999; x_wconf 89' lang='lat' dir='ltr'><strong><em>Salome</em></strong></span> <span class='ocrx_word' id='word_1_384' title='bbox 3421 944 3662 1012; x_wconf 77' lang='lat' dir='ltr'><strong><em>paciﬁca</em></strong></span> <span class='ocrx_word' id='word_1_385' title='bbox 3714 958 3807 1010; x_wconf 82' lang='lat' dir='ltr'><strong><em>ap-</em></strong></span> 
     </span>
    </p>
   </div>
   <div class='ocr_carea' id='block_1_53' title="bbox 2212 1037 3802 1112">
    <p class='ocr_par' dir='ltr' id='par_1_53' title="bbox 2212 1037 3802 1112">
     <span class='ocr_line' id='line_1_53' title="bbox 2212 1037 3802 1112; baseline -0.004 -18"><span class='ocrx_word' id='word_1_386' title='bbox 2212 1041 2428 1112; x_wconf 82' lang='lat' dir='ltr'><strong><em>pellata.</em></strong></span> <span class='ocrx_word' id='word_1_387' title='bbox 2478 1038 2747 1110; x_wconf 90' lang='lat' dir='ltr'><strong><em>Opinatus</em></strong></span> <span class='ocrx_word' id='word_1_388' title='bbox 2798 1054 2920 1094; x_wconf 89' lang='lat' dir='ltr'><strong><em>sum</em></strong></span> <span class='ocrx_word' id='word_1_389' title='bbox 2973 1048 3154 1093; x_wconf 85' lang='lat' dir='ltr'><strong><em>autem</em></strong></span> <span class='ocrx_word' id='word_1_390' title='bbox 3215 1041 3353 1102; x_wconf 88' lang='lat' dir='ltr'><strong><em>hoc,</em></strong></span> <span class='ocrx_word' id='word_1_391' title='bbox 3405 1038 3606 1090; x_wconf 87' lang='lat' dir='ltr'><strong><em>videns</em></strong></span> <span class='ocrx_word' id='word_1_392' title='bbox 3663 1037 3802 1106; x_wconf 86' lang='lat' dir='ltr'><strong><em>apud</em></strong></span> 
     </span>
    </p>
   </div>
   <div class='ocr_carea' id='block_1_54' title="bbox 2212 1132 3806 1204">
    <p class='ocr_par' dir='ltr' id='par_1_54' title="bbox 2212 1132 3806 1204">
     <span class='ocr_line' id='line_1_54' title="bbox 2212 1132 3806 1204; baseline -0.007 -15"><span class='ocrx_word' id='word_1_393' title='bbox 2212 1135 2520 1190; x_wconf 72' lang='lat' dir='ltr'><strong><em>Matthzeum</em></strong></span> <span class='ocrx_word' id='word_1_394' title='bbox 2555 1143 2610 1190; x_wconf 90' lang='lat' dir='ltr'><strong><em>et</em></strong></span> <span class='ocrx_word' id='word_1_395' title='bbox 2650 1133 2892 1190; x_wconf 83' lang='lat' dir='ltr'><strong><em>Marcum</em></strong></span> <span class='ocrx_word' id='word_1_396' title='bbox 2934 1143 3044 1189; x_wconf 89' lang='lat' dir='ltr'><strong><em>tres</em></strong></span> <span class='ocrx_word' id='word_1_397' title='bbox 3075 1133 3377 1204; x_wconf 54' lang='lat' dir='ltr'><strong><em>praecipuas</em></strong></span> <span class='ocrx_word' id='word_1_398' title='bbox 3408 1132 3678 1185; x_wconf 80' lang='lat' dir='ltr'><strong><em>mulieres</em></strong></span> <span class='ocrx_word' id='word_1_399' title='bbox 3709 1148 3806 1181; x_wconf 68' lang='lat' dir='ltr'><strong><em>Ilii-</em></strong></span> 
     </span>
    </p>
   </div>
   <div class='ocr_carea' id='block_1_55' title="bbox 2213 1220 3804 1298">
    <p class='ocr_par' dir='ltr' id='par_1_55' title="bbox 2213 1220 3804 1298">
     <span class='ocr_line' id='line_1_55' title="bbox 2213 1220 3804 1298; baseline -0.008 -14"><span class='ocrx_word' id='word_1_400' title='bbox 2213 1229 2470 1295; x_wconf 84' lang='lat' dir='ltr'><strong><em>miuatas,</em></strong></span> <span class='ocrx_word' id='word_1_401' title='bbox 2496 1228 2562 1283; x_wconf 91' lang='lat' dir='ltr'><strong><em>de</em></strong></span> <span class='ocrx_word' id='word_1_402' title='bbox 2586 1227 2784 1298; x_wconf 90' lang='lat' dir='ltr'><strong><em>quibus</em></strong></span> <span class='ocrx_word' id='word_1_403' title='bbox 2812 1241 3052 1298; x_wconf 68' lang='lat' dir='ltr'><strong><em>praesens</em></strong></span> <span class='ocrx_word' id='word_1_404' title='bbox 3077 1239 3259 1280; x_wconf 89' lang='lat' dir='ltr'><strong><em>sermo</em></strong></span> <span class='ocrx_word' id='word_1_405' title='bbox 3286 1225 3542 1278; x_wconf 87' lang='lat' dir='ltr'><strong><em>habetur.</em></strong></span> <span class='ocrx_word' id='word_1_406' title='bbox 3571 1220 3644 1274; x_wconf 81' lang='lat' dir='ltr'><strong><em>Et</em></strong></span> <span class='ocrx_word' id='word_1_407' title='bbox 3669 1223 3804 1273; x_wconf 86' lang='lat' dir='ltr'><strong><em>duas</em></strong></span> 
     </span>
    </p>
   </div>
   <div class='ocr_carea' id='block_1_56' title="bbox 2211 1313 3802 1391">
    <p class='ocr_par' dir='ltr' id='par_1_56' title="bbox 2211 1313 3802 1391">
     <span class='ocr_line' id='line_1_56' title="bbox 2211 1313 3802 1391; baseline -0.005 -17"><span class='ocrx_word' id='word_1_408' title='bbox 2211 1321 2430 1391; x_wconf 90' lang='lat' dir='ltr'><strong><em>quidem</em></strong></span> <span class='ocrx_word' id='word_1_409' title='bbox 2474 1335 2595 1376; x_wconf 87' lang='lat' dir='ltr'><strong><em>esse</em></strong></span> <span class='ocrx_word' id='word_1_410' title='bbox 2633 1335 2875 1390; x_wconf 87' lang='lat' dir='ltr'><strong><em>praesens</em></strong></span> <span class='ocrx_word' id='word_1_411' title='bbox 2913 1318 3245 1386; x_wconf 73' lang='lat' dir='ltr'><strong><em>evangelista</em></strong></span> <span class='ocrx_word' id='word_1_412' title='bbox 3277 1315 3534 1386; x_wconf 76' lang='lat' dir='ltr'><strong><em>exponit,</em></strong></span> <span class='ocrx_word' id='word_1_413' title='bbox 3569 1313 3802 1367; x_wconf 72' lang='lat' dir='ltr'><strong><em>Mariam</em></strong></span> 
     </span>
    </p>
   </div>
   <div class='ocr_carea' id='block_1_57' title="bbox 2212 1407 3804 1483">
    <p class='ocr_par' dir='ltr' id='par_1_57' title="bbox 2212 1407 3804 1483">
     <span class='ocr_line' id='line_1_57' title="bbox 2212 1407 3804 1483; baseline -0.005 -17"><span class='ocrx_word' id='word_1_414' title='bbox 2212 1412 2609 1483; x_wconf 84' lang='lat' dir='ltr'><strong><em>Magdalenam,</em></strong></span> <span class='ocrx_word' id='word_1_415' title='bbox 2643 1421 2698 1467; x_wconf 89' lang='lat' dir='ltr'><strong><em>et</em></strong></span> <span class='ocrx_word' id='word_1_416' title='bbox 2716 1410 2939 1466; x_wconf 80' lang='lat' dir='ltr'><strong><em>Mariam</em></strong></span> <span class='ocrx_word' id='word_1_417' title='bbox 2961 1408 3148 1464; x_wconf 87' lang='lat' dir='ltr'><strong><em>Jacobi</em></strong></span> <span class='ocrx_word' id='word_1_418' title='bbox 3180 1427 3194 1462; x_wconf 91' lang='lat'><strong>:</strong></span> <span class='ocrx_word' id='word_1_419' title='bbox 3225 1409 3438 1463; x_wconf 86' lang='lat' dir='ltr'><strong><em>tertiam</em></strong></span> <span class='ocrx_word' id='word_1_420' title='bbox 3474 1415 3666 1461; x_wconf 85' lang='lat' dir='ltr'><strong><em>autem</em></strong></span> <span class='ocrx_word' id='word_1_421' title='bbox 3698 1407 3804 1460; x_wconf 88' lang='lat' dir='ltr'><strong><em>dici</em></strong></span> 
     </span>
    </p>
   </div>
   <div class='ocr_carea' id='block_1_58' title="bbox 2211 1499 3805 1572">
    <p class='ocr_par' dir='ltr' id='par_1_58' title="bbox 2211 1499 3805 1572">
     <span class='ocr_line' id='line_1_58' title="bbox 2211 1499 3805 1572; baseline -0.006 -11"><span class='ocrx_word' id='word_1_422' title='bbox 2211 1519 2440 1561; x_wconf 87' lang='lat' dir='ltr'><strong><em>matrem</em></strong></span> <span class='ocrx_word' id='word_1_423' title='bbox 2495 1505 2730 1560; x_wconf 84' lang='lat' dir='ltr'><strong><em>filiorum</em></strong></span> <span class='ocrx_word' id='word_1_424' title='bbox 2791 1503 3059 1558; x_wconf 71' lang='lat' dir='ltr'><strong><em>Zehedari.</em></strong></span> <span class='ocrx_word' id='word_1_425' title='bbox 3110 1501 3263 1572; x_wconf 86' lang='lat' dir='ltr'><strong><em>Apud</em></strong></span> <span class='ocrx_word' id='word_1_426' title='bbox 3316 1499 3565 1556; x_wconf 75' lang='lat' dir='ltr'><strong><em>Marcum</em></strong></span> <span class='ocrx_word' id='word_1_427' title='bbox 3619 1508 3805 1552; x_wconf 87' lang='lat' dir='ltr'><strong><em>autem</em></strong></span> 
     </span>
    </p>
   </div>
   <div class='ocr_carea' id='block_1_59' title="bbox 2210 1590 3806 1666">
    <p class='ocr_par' dir='ltr' id='par_1_59' title="bbox 2210 1590 3806 1666">
     <span class='ocr_line' id='line_1_59' title="bbox 2210 1590 3806 1666; baseline -0.009 -10"><span class='ocrx_word' id='word_1_428' title='bbox 2210 1599 2366 1656; x_wconf 76' lang='lat' dir='ltr'><strong><em>tertia</em></strong></span> <span class='ocrx_word' id='word_1_429' title='bbox 2397 1600 2485 1652; x_wconf 91' lang='lat' dir='ltr'><strong><em>illa</em></strong></span> <span class='ocrx_word' id='word_1_430' title='bbox 2515 1596 2733 1652; x_wconf 90' lang='lat' dir='ltr'><strong><em>Salome</em></strong></span> <span class='ocrx_word' id='word_1_431' title='bbox 2758 1595 3090 1666; x_wconf 89' lang='lat' dir='ltr'><strong><em>appellatur:</em></strong></span> <span class='ocrx_word' id='word_1_432' title='bbox 3119 1603 3171 1649; x_wconf 90' lang='lat' dir='ltr'><strong><em>et</em></strong></span> <span class='ocrx_word' id='word_1_433' title='bbox 3195 1593 3496 1648; x_wconf 81' lang='lat' dir='ltr'><strong><em>secundum</em></strong></span> <span class='ocrx_word' id='word_1_434' title='bbox 3531 1590 3806 1653; x_wconf 77' lang='lat' dir='ltr'><strong><em>Marcum,</em></strong></span> 
     </span>
    </p>
   </div>
   <div class='ocr_carea' id='block_1_60' title="bbox 2209 1685 3809 1764">
    <p class='ocr_par' dir='ltr' id='par_1_60' title="bbox 2209 1685 3809 1764">
     <span class='ocr_line' id='line_1_60' title="bbox 2209 1685 3809 1764; baseline -0.006 -17"><span class='ocrx_word' id='word_1_435' title='bbox 2209 1709 2332 1764; x_wconf 59' lang='lat' dir='ltr'><strong><em>quae</em></strong></span> <span class='ocrx_word' id='word_1_436' title='bbox 2360 1703 2560 1749; x_wconf 64' lang='lat' dir='ltr'><strong><em>secuta:</em></strong></span> <span class='ocrx_word' id='word_1_437' title='bbox 2589 1691 2804 1746; x_wconf 90' lang='lat' dir='ltr'><strong><em>fuerant</em></strong></span> <span class='ocrx_word' id='word_1_438' title='bbox 2842 1688 3029 1744; x_wconf 89' lang='lat' dir='ltr'><strong><em>Jesum</em></strong></span> <span class='ocrx_word' id='word_1_439' title='bbox 3061 1705 3090 1744; x_wconf 91' lang='lat' dir='ltr'><strong><em>a</em></strong></span> <span class='ocrx_word' id='word_1_440' title='bbox 3122 1687 3341 1743; x_wconf 73' lang='lat' dir='ltr'><strong><em>Galiltea</em></strong></span> <span class='ocrx_word' id='word_1_441' title='bbox 3361 1728 3377 1753; x_wconf 96' lang='lat'><strong><em>,</em></strong></span> <span class='ocrx_word' id='word_1_442' title='bbox 3420 1703 3549 1742; x_wconf 90' lang='lat' dir='ltr'><strong><em>eum</em></strong></span> <span class='ocrx_word' id='word_1_443' title='bbox 3579 1685 3809 1740; x_wconf 82' lang='lat' dir='ltr'><strong><em>Christo</em></strong></span> 
     </span>
    </p>
   </div>
   <div class='ocr_carea' id='block_1_61' title="bbox 2210 1777 3805 1839">
    <p class='ocr_par' dir='ltr' id='par_1_61' title="bbox 2210 1777 3805 1839">
     <span class='ocr_line' id='line_1_61' title="bbox 2210 1777 3805 1839; baseline -0.007 -1"><span class='ocrx_word' id='word_1_444' title='bbox 2210 1785 2578 1839; x_wconf 89' lang='lat' dir='ltr'><strong><em>ascenderunt</em></strong></span> <span class='ocrx_word' id='word_1_445' title='bbox 2609 1783 2661 1836; x_wconf 93' lang='lat' dir='ltr'><strong><em>in</em></strong></span> <span class='ocrx_word' id='word_1_446' title='bbox 2683 1779 3010 1835; x_wconf 87' lang='lat' dir='ltr'><strong><em>Jerusalem.</em></strong></span> <span class='ocrx_word' id='word_1_447' title='bbox 3042 1778 3146 1834; x_wconf 89' lang='lat' dir='ltr'><strong><em>Iste</em></strong></span> <span class='ocrx_word' id='word_1_448' title='bbox 3174 1789 3256 1833; x_wconf 90' lang='lat' dir='ltr'><strong><em>est</em></strong></span> <span class='ocrx_word' id='word_1_449' title='bbox 3276 1778 3420 1832; x_wconf 91' lang='lat' dir='ltr'><strong><em>enim</em></strong></span> <span class='ocrx_word' id='word_1_450' title='bbox 3455 1777 3586 1832; x_wconf 82' lang='lat' dir='ltr'><strong><em>finis</em></strong></span> <span class='ocrx_word' id='word_1_451' title='bbox 3607 1791 3805 1831; x_wconf 89' lang='lat' dir='ltr'><strong><em>eorum</em></strong></span> 
     </span>
    </p>
   </div>
   <div class='ocr_carea' id='block_1_62' title="bbox 2209 1872 3808 1946">
    <p class='ocr_par' dir='ltr' id='par_1_62' title="bbox 2209 1872 3808 1946">
     <span class='ocr_line' id='line_1_62' title="bbox 2209 1872 3808 1946; baseline -0.008 -15"><span class='ocrx_word' id='word_1_452' title='bbox 2209 1878 2302 1946; x_wconf 90' lang='lat' dir='ltr'><strong><em>qui</em></strong></span> <span class='ocrx_word' id='word_1_453' title='bbox 2338 1875 2730 1944; x_wconf 89' lang='lat' dir='ltr'><strong><em>derelinquunt</em></strong></span> <span class='ocrx_word' id='word_1_454' title='bbox 2759 1872 3036 1926; x_wconf 71' lang='lat' dir='ltr'><strong><em>Galilaeam</em></strong></span> <span class='ocrx_word' id='word_1_455' title='bbox 3078 1872 3316 1942; x_wconf 89' lang='lat' dir='ltr'><strong><em>gentium</em></strong></span> <span class='ocrx_word' id='word_1_456' title='bbox 3339 1911 3352 1935; x_wconf 92' lang='lat'><strong><em>,</em></strong></span> <span class='ocrx_word' id='word_1_457' title='bbox 3390 1879 3444 1924; x_wconf 91' lang='lat' dir='ltr'><strong><em>et</em></strong></span> <span class='ocrx_word' id='word_1_458' title='bbox 3490 1878 3808 1938; x_wconf 88' lang='lat' dir='ltr'><strong><em>sequuntur</em></strong></span> 
     </span>
    </p>
   </div>
   <div class='ocr_carea' id='block_1_63' title="bbox 2207 1961 3806 2034">
    <p class='ocr_par' dir='ltr' id='par_1_63' title="bbox 2207 1961 3806 2034">
     <span class='ocr_line' id='line_1_63' title="bbox 2207 1961 3806 2034; baseline -0.006 -10"><span class='ocrx_word' id='word_1_459' title='bbox 2207 1968 2394 2026; x_wconf 91' lang='lat' dir='ltr'><strong><em>Jesum</em></strong></span> <span class='ocrx_word' id='word_1_460' title='bbox 2421 2010 2436 2034; x_wconf 95' lang='lat'><strong><em>,</em></strong></span> <span class='ocrx_word' id='word_1_461' title='bbox 2467 1978 2525 2024; x_wconf 92' lang='lat' dir='ltr'><strong><em>ut</em></strong></span> <span class='ocrx_word' id='word_1_462' title='bbox 2559 1984 2666 2023; x_wconf 93' lang='lat' dir='ltr'><strong><em>non</em></strong></span> <span class='ocrx_word' id='word_1_463' title='bbox 2704 1966 2880 2021; x_wconf 92' lang='lat' dir='ltr'><strong><em>solum</em></strong></span> <span class='ocrx_word' id='word_1_464' title='bbox 2909 1965 3206 2019; x_wconf 88' lang='lat' dir='ltr'><strong><em>ascendant</em></strong></span> <span class='ocrx_word' id='word_1_465' title='bbox 3237 1965 3289 2018; x_wconf 92' lang='lat' dir='ltr'><strong><em>iu</em></strong></span> <span class='ocrx_word' id='word_1_466' title='bbox 3324 1962 3636 2018; x_wconf 87' lang='lat' dir='ltr'><strong><em>Jerusalem</em></strong></span> <span class='ocrx_word' id='word_1_467' title='bbox 3660 2003 3676 2025; x_wconf 90' lang='lat'><strong><em>,</em></strong></span> <span class='ocrx_word' id='word_1_468' title='bbox 3713 1961 3806 2016; x_wconf 85' lang='lat' dir='ltr'><strong><em>sed</em></strong></span> 
     </span>
    </p>
   </div>
   <div class='ocr_carea' id='block_1_64' title="bbox 2209 2054 3806 2123">
    <p class='ocr_par' dir='ltr' id='par_1_64' title="bbox 2209 2054 3806 2123">
     <span class='ocr_line' id='line_1_64' title="bbox 2209 2054 3806 2123; baseline -0.008 -6"><span class='ocrx_word' id='word_1_469' title='bbox 2209 2063 2372 2118; x_wconf 87' lang='lat' dir='ltr'><strong><em>etiam</em></strong></span> <span class='ocrx_word' id='word_1_470' title='bbox 2407 2077 2530 2116; x_wconf 92' lang='lat' dir='ltr'><strong><em>cum</em></strong></span> <span class='ocrx_word' id='word_1_471' title='bbox 2564 2059 2693 2114; x_wconf 84' lang='lat' dir='ltr'><strong><em>Jesu</em></strong></span> <span class='ocrx_word' id='word_1_472' title='bbox 2721 2059 3018 2114; x_wconf 88' lang='lat' dir='ltr'><strong><em>ascendant</em></strong></span> <span class='ocrx_word' id='word_1_473' title='bbox 3045 2057 3096 2110; x_wconf 92' lang='lat' dir='ltr'><strong><em>in</em></strong></span> <span class='ocrx_word' id='word_1_474' title='bbox 3127 2073 3268 2111; x_wconf 90' lang='lat' dir='ltr'><strong><em>eam.</em></strong></span> <span class='ocrx_word' id='word_1_475' title='bbox 3299 2055 3414 2110; x_wconf 88' lang='lat' dir='ltr'><strong><em>Iloc</em></strong></span> <span class='ocrx_word' id='word_1_476' title='bbox 3443 2056 3597 2111; x_wconf 88' lang='lat' dir='ltr'><strong><em>enim</em></strong></span> <span class='ocrx_word' id='word_1_477' title='bbox 3635 2054 3806 2123; x_wconf 87' lang='lat' dir='ltr'><strong><em>signi-</em></strong></span> 
     </span>
    </p>
   </div>
   <div class='ocr_carea' id='block_1_65' title="bbox 2209 2147 3802 2224">
    <p class='ocr_par' dir='ltr' id='par_1_65' title="bbox 2209 2147 3802 2224">
     <span class='ocr_line' id='line_1_65' title="bbox 2209 2147 3802 2224; baseline -0.008 -15"><span class='ocrx_word' id='word_1_478' title='bbox 2209 2156 2334 2210; x_wconf 84' lang='lat' dir='ltr'><strong><em>ficat</em></strong></span> <span class='ocrx_word' id='word_1_479' title='bbox 2363 2153 2508 2224; x_wconf 83' lang='lat' dir='ltr'><strong><em>quod</em></strong></span> <span class='ocrx_word' id='word_1_480' title='bbox 2532 2153 2696 2207; x_wconf 87' lang='lat' dir='ltr'><strong><em>simul</em></strong></span> <span class='ocrx_word' id='word_1_481' title='bbox 2718 2149 3035 2206; x_wconf 88' lang='lat' dir='ltr'><strong><em>ascendisse</em></strong></span> <span class='ocrx_word' id='word_1_482' title='bbox 3061 2149 3373 2206; x_wconf 87' lang='lat' dir='ltr'><strong><em>referuntur</em></strong></span> <span class='ocrx_word' id='word_1_483' title='bbox 3405 2164 3534 2204; x_wconf 91' lang='lat' dir='ltr'><strong><em>cum</em></strong></span> <span class='ocrx_word' id='word_1_484' title='bbox 3555 2147 3802 2200; x_wconf 75' lang='lat' dir='ltr'><strong><em>Christo.</em></strong></span> 
     </span>
    </p>
   </div>
   <div class='ocr_carea' id='block_1_66' title="bbox 2287 2237 3803 2311">
    <p class='ocr_par' dir='ltr' id='par_1_66' title="bbox 2287 2237 3803 2311">
     <span class='ocr_line' id='line_1_66' title="bbox 2287 2237 3803 2311; baseline -0.007 -13"><span class='ocrx_word' id='word_1_485' title='bbox 2287 2244 2409 2299; x_wconf 69' lang='grc'><strong>142.</strong></span> <span class='ocrx_word' id='word_1_486' title='bbox 2447 2243 2582 2299; x_wconf 89' lang='lat' dir='ltr'><strong><em>Cum</em></strong></span> <span class='ocrx_word' id='word_1_487' title='bbox 2602 2260 2718 2298; x_wconf 86' lang='lat' dir='ltr'><strong><em>sero</em></strong></span> <span class='ocrx_word' id='word_1_488' title='bbox 2742 2253 2916 2297; x_wconf 90' lang='lat' dir='ltr'><strong><em>autem</em></strong></span> <span class='ocrx_word' id='word_1_489' title='bbox 2945 2244 3146 2311; x_wconf 82' lang='lat' dir='ltr'><strong><em>factum</em></strong></span> <span class='ocrx_word' id='word_1_490' title='bbox 3173 2242 3381 2311; x_wconf 82' lang='lat' dir='ltr'><strong><em>fuisset,</em></strong></span> <span class='ocrx_word' id='word_1_491' title='bbox 3407 2239 3551 2293; x_wconf 88' lang='lat' dir='ltr'><strong><em>venit</em></strong></span> <span class='ocrx_word' id='word_1_492' title='bbox 3580 2237 3803 2307; x_wconf 80' lang='lat' dir='ltr'><strong><em>quidam</em></strong></span> 
     </span>
    </p>
   </div>
   <div class='ocr_carea' id='block_1_67' title="bbox 2214 2330 3806 2400">
    <p class='ocr_par' dir='ltr' id='par_1_67' title="bbox 2214 2330 3806 2400">
     <span class='ocr_line' id='line_1_67' title="bbox 2214 2330 3806 2400; baseline -0.005 -12"><span class='ocrx_word' id='word_1_493' title='bbox 2214 2337 2371 2390; x_wconf 88' lang='lat' dir='ltr'><strong><em>homo</em></strong></span> <span class='ocrx_word' id='word_1_494' title='bbox 2395 2337 2537 2390; x_wconf 85' lang='lat' dir='ltr'><strong><em>dives</em></strong></span> <span class='ocrx_word' id='word_1_495' title='bbox 2561 2337 2624 2390; x_wconf 84' lang='lat' dir='ltr'><strong><em>ab</em></strong></span> <span class='ocrx_word' id='word_1_496' title='bbox 2660 2336 2986 2400; x_wconf 82' lang='lat' dir='ltr'><strong><em>Arimathia,</em></strong></span> <span class='ocrx_word' id='word_1_497' title='bbox 3015 2335 3220 2388; x_wconf 85' lang='lat' dir='ltr'><strong><em>nomine</em></strong></span> <span class='ocrx_word' id='word_1_498' title='bbox 3247 2331 3465 2400; x_wconf 85' lang='lat' dir='ltr'><strong><em>Joseph,</em></strong></span> <span class='ocrx_word' id='word_1_499' title='bbox 3489 2330 3587 2399; x_wconf 80' lang='lat' dir='ltr'><strong><em>qui</em></strong></span> <span class='ocrx_word' id='word_1_500' title='bbox 3611 2339 3663 2382; x_wconf 83' lang='lat' dir='ltr'><strong><em>et</em></strong></span> <span class='ocrx_word' id='word_1_501' title='bbox 3699 2330 3736 2393; x_wconf 69' lang='lat' dir='ltr'><strong><em>i;</em></strong></span> <span class='ocrx_word' id='word_1_502' title='bbox 3755 2344 3806 2379; x_wconf 84' lang='lat' dir='ltr'><strong><em>se</em></strong></span> 
     </span>
    </p>
   </div>
   <div class='ocr_carea' id='block_1_68' title="bbox 2207 2423 3804 2498">
    <p class='ocr_par' dir='ltr' id='par_1_68' title="bbox 2207 2423 3804 2498">
     <span class='ocr_line' id='line_1_68' title="bbox 2207 2423 3804 2498; baseline -0.008 -16"><span class='ocrx_word' id='word_1_503' title='bbox 2207 2428 2501 2498; x_wconf 86' lang='lat' dir='ltr'><strong><em>discipulus</em></strong></span> <span class='ocrx_word' id='word_1_504' title='bbox 2550 2439 2665 2482; x_wconf 91' lang='lat' dir='ltr'><strong><em>erat</em></strong></span> <span class='ocrx_word' id='word_1_505' title='bbox 2707 2427 2855 2482; x_wconf 86' lang='lat' dir='ltr'><strong><em>Jesu.</em></strong></span> <span class='ocrx_word' id='word_1_506' title='bbox 2901 2427 3003 2480; x_wconf 82' lang='lat' dir='ltr'><strong><em>llic</em></strong></span> <span class='ocrx_word' id='word_1_507' title='bbox 3044 2426 3262 2480; x_wconf 86' lang='lat' dir='ltr'><strong><em>accessit</em></strong></span> <span class='ocrx_word' id='word_1_508' title='bbox 3303 2424 3371 2476; x_wconf 90' lang='lat' dir='ltr'><strong><em>ad</em></strong></span> <span class='ocrx_word' id='word_1_509' title='bbox 3423 2423 3712 2486; x_wconf 77' lang='lat' dir='ltr'><strong><em>Pilatum,</em></strong></span> <span class='ocrx_word' id='word_1_510' title='bbox 3758 2429 3804 2472; x_wconf 78' lang='lat' dir='ltr'><strong><em>et</em></strong></span> 
     </span>
    </p>
   </div>
   <div class='ocr_carea' id='block_1_69' title="bbox 2207 2511 3803 2592">
    <p class='ocr_par' dir='ltr' id='par_1_69' title="bbox 2207 2511 3803 2592">
     <span class='ocr_line' id='line_1_69' title="bbox 2207 2511 3803 2592; baseline -0.008 -16"><span class='ocrx_word' id='word_1_511' title='bbox 2207 2521 2360 2592; x_wconf 82' lang='lat' dir='ltr'><strong><em>petiit</em></strong></span> <span class='ocrx_word' id='word_1_512' title='bbox 2383 2537 2570 2590; x_wconf 89' lang='lat' dir='ltr'><strong><em>corpus</em></strong></span> <span class='ocrx_word' id='word_1_513' title='bbox 2585 2519 2736 2575; x_wconf 85' lang='lat' dir='ltr'><strong><em>Jesu.</em></strong></span> <span class='ocrx_word' id='word_1_514' title='bbox 2763 2518 2908 2573; x_wconf 87' lang='lat' dir='ltr'><strong><em>Tunc</em></strong></span> <span class='ocrx_word' id='word_1_515' title='bbox 2932 2518 3140 2572; x_wconf 84' lang='lat' dir='ltr'><strong><em>Pilatus</em></strong></span> <span class='ocrx_word' id='word_1_516' title='bbox 3156 2517 3321 2587; x_wconf 87' lang='lat' dir='ltr'><strong><em>jussit</em></strong></span> <span class='ocrx_word' id='word_1_517' title='bbox 3345 2515 3494 2569; x_wconf 81' lang='lat' dir='ltr'><strong><em>reddi</em></strong></span> <span class='ocrx_word' id='word_1_518' title='bbox 3516 2529 3718 2582; x_wconf 84' lang='lat' dir='ltr'><strong><em>corpus</em></strong></span> <span class='ocrx_word' id='word_1_519' title='bbox 3738 2511 3803 2565; x_wconf 76' lang='lat'><strong><em>“.</em></strong></span> 
     </span>
    </p>
   </div>
   <div class='ocr_carea' id='block_1_70' title="bbox 2209 2607 3807 2685">
    <p class='ocr_par' dir='ltr' id='par_1_70' title="bbox 2209 2607 3807 2685">
     <span class='ocr_line' id='line_1_70' title="bbox 2209 2607 3807 2685; baseline -0.007 -16"><span class='ocrx_word' id='word_1_520' title='bbox 2209 2613 2310 2682; x_wconf 88' lang='lat' dir='ltr'><strong><em>Qui</em></strong></span> <span class='ocrx_word' id='word_1_521' title='bbox 2338 2613 2470 2685; x_wconf 89' lang='lat' dir='ltr'><strong><em>petit</em></strong></span> <span class='ocrx_word' id='word_1_522' title='bbox 2501 2629 2701 2683; x_wconf 91' lang='lat' dir='ltr'><strong><em>corpus</em></strong></span> <span class='ocrx_word' id='word_1_523' title='bbox 2729 2612 2943 2667; x_wconf 85' lang='lat' dir='ltr'><strong><em>Domini</em></strong></span> <span class='ocrx_word' id='word_1_524' title='bbox 2970 2628 3000 2666; x_wconf 89' lang='lat' dir='ltr'><strong>a</strong></span> <span class='ocrx_word' id='word_1_525' title='bbox 3030 2611 3222 2673; x_wconf 90' lang='lat' dir='ltr'><strong><em>Pilato,</em></strong></span> <span class='ocrx_word' id='word_1_526' title='bbox 3255 2626 3360 2663; x_wconf 92' lang='lat' dir='ltr'><strong><em>non</em></strong></span> <span class='ocrx_word' id='word_1_527' title='bbox 3393 2607 3807 2678; x_wconf 87' lang='lat' dir='ltr'><strong><em>qualiscunque</em></strong></span> 
     </span>
    </p>
   </div>
   <div class='ocr_carea' id='block_1_71' title="bbox 2208 2697 3805 2778">
    <p class='ocr_par' dir='ltr' id='par_1_71' title="bbox 2208 2697 3805 2778">
     <span class='ocr_line' id='line_1_71' title="bbox 2208 2697 3805 2778; baseline -0.006 -18"><span class='ocrx_word' id='word_1_528' title='bbox 2208 2706 2408 2776; x_wconf 91' lang='lat' dir='ltr'><strong><em>aliquis</em></strong></span> <span class='ocrx_word' id='word_1_529' title='bbox 2435 2713 2574 2778; x_wconf 78' lang='lat' dir='ltr'><strong><em>erat,</em></strong></span> <span class='ocrx_word' id='word_1_530' title='bbox 2606 2705 2700 2759; x_wconf 87' lang='lat' dir='ltr'><strong><em>sed</em></strong></span> <span class='ocrx_word' id='word_1_531' title='bbox 2738 2703 3103 2758; x_wconf 89' lang='lat' dir='ltr'><strong><em>laudabilibus</em></strong></span> <span class='ocrx_word' id='word_1_532' title='bbox 3134 2700 3336 2756; x_wconf 87' lang='lat' dir='ltr'><strong><em>divitiis</em></strong></span> <span class='ocrx_word' id='word_1_533' title='bbox 3365 2700 3516 2753; x_wconf 82' lang='lat' dir='ltr'><strong><em>dives</em></strong></span> <span class='ocrx_word' id='word_1_534' title='bbox 3543 2717 3555 2751; x_wconf 92' lang='lat'>:</span> <span class='ocrx_word' id='word_1_535' title='bbox 3587 2708 3643 2751; x_wconf 92' lang='lat' dir='ltr'><strong><em>et</em></strong></span> <span class='ocrx_word' id='word_1_536' title='bbox 3672 2697 3805 2766; x_wconf 87' lang='lat' dir='ltr'><strong><em>quia</em></strong></span> 
     </span>
    </p>
   </div>
   <div class='ocr_carea' id='block_1_72' title="bbox 2209 2791 3806 2867">
    <p class='ocr_par' dir='ltr' id='par_1_72' title="bbox 2209 2791 3806 2867">
     <span class='ocr_line' id='line_1_72' title="bbox 2209 2791 3806 2867; baseline -0.006 -15"><span class='ocrx_word' id='word_1_537' title='bbox 2209 2798 2435 2852; x_wconf 91' lang='lat' dir='ltr'><strong><em>decurio</em></strong></span> <span class='ocrx_word' id='word_1_538' title='bbox 2491 2797 2856 2864; x_wconf 90' lang='lat' dir='ltr'><strong><em>constitutus,</em></strong></span> <span class='ocrx_word' id='word_1_539' title='bbox 2916 2795 3232 2867; x_wconf 77' lang='lat' dir='ltr'><strong><em>mysterium</em></strong></span> <span class='ocrx_word' id='word_1_540' title='bbox 3295 2791 3536 2847; x_wconf 88' lang='lat' dir='ltr'><strong><em>nominis</em></strong></span> <span class='ocrx_word' id='word_1_541' title='bbox 3586 2791 3806 2844; x_wconf 76' lang='lat' dir='ltr'><strong><em>Christi</em></strong></span> 
     </span>
    </p>
   </div>
   <div class='ocr_carea' id='block_1_73' title="bbox 2209 2885 3809 2962">
    <p class='ocr_par' dir='ltr' id='par_1_73' title="bbox 2209 2885 3809 2962">
     <span class='ocr_line' id='line_1_73' title="bbox 2209 2885 3809 2962; baseline -0.005 -17"><span class='ocrx_word' id='word_1_542' title='bbox 2209 2892 2462 2962; x_wconf 89' lang='lat' dir='ltr'><strong><em>portabat</em></strong></span> <span class='ocrx_word' id='word_1_543' title='bbox 2487 2892 2539 2945; x_wconf 91' lang='lat' dir='ltr'><strong><em>in</em></strong></span> <span class='ocrx_word' id='word_1_544' title='bbox 2568 2891 2798 2945; x_wconf 87' lang='lat' dir='ltr'><strong><em>veritate</em></strong></span> <span class='ocrx_word' id='word_1_545' title='bbox 2820 2932 2834 2956; x_wconf 96' lang='lat'><strong><em>,</em></strong></span> <span class='ocrx_word' id='word_1_546' title='bbox 2863 2889 3008 2960; x_wconf 86' lang='lat' dir='ltr'><strong><em>quod</em></strong></span> <span class='ocrx_word' id='word_1_547' title='bbox 3039 2898 3122 2944; x_wconf 88' lang='lat' dir='ltr'><strong><em>est</em></strong></span> <span class='ocrx_word' id='word_1_548' title='bbox 3153 2889 3369 2950; x_wconf 89' lang='lat' dir='ltr'><strong><em>decem,</em></strong></span> <span class='ocrx_word' id='word_1_549' title='bbox 3401 2885 3523 2940; x_wconf 89' lang='lat' dir='ltr'><strong><em>ideo</em></strong></span> <span class='ocrx_word' id='word_1_550' title='bbox 3560 2885 3809 2938; x_wconf 84' lang='lat' dir='ltr'><strong><em>libenter</em></strong></span> 
     </span>
    </p>
   </div>
   <div class='ocr_carea' id='block_1_74' title="bbox 2208 2975 3806 3054">
    <p class='ocr_par' dir='ltr' id='par_1_74' title="bbox 2208 2975 3806 3054">
     <span class='ocr_line' id='line_1_74' title="bbox 2208 2975 3806 3054; baseline -0.005 -18"><span class='ocrx_word' id='word_1_551' title='bbox 2208 2999 2308 3054; x_wconf 89' lang='lat' dir='ltr'><strong><em>pro</em></strong></span> <span class='ocrx_word' id='word_1_552' title='bbox 2336 2983 2598 3038; x_wconf 80' lang='lat' dir='ltr'><strong><em>beneficio</em></strong></span> <span class='ocrx_word' id='word_1_553' title='bbox 2621 2997 2819 3054; x_wconf 87' lang='lat' dir='ltr'><strong><em>magno</em></strong></span> <span class='ocrx_word' id='word_1_554' title='bbox 2843 2980 3138 3052; x_wconf 85' lang='lat' dir='ltr'><strong><em>postulavit</em></strong></span> <span class='ocrx_word' id='word_1_555' title='bbox 3165 2994 3365 3044; x_wconf 89' lang='lat' dir='ltr'><strong><em>corpus</em></strong></span> <span class='ocrx_word' id='word_1_556' title='bbox 3382 2976 3508 3032; x_wconf 90' lang='lat' dir='ltr'><strong><em>Jesu</em></strong></span> <span class='ocrx_word' id='word_1_557' title='bbox 3535 2992 3567 3030; x_wconf 86' lang='lat' dir='ltr'><strong><em>a</em></strong></span> <span class='ocrx_word' id='word_1_558' title='bbox 3593 2975 3806 3041; x_wconf 85' lang='lat' dir='ltr'><strong><em>Pilato,</em></strong></span> 
     </span>
    </p>
   </div>
   <div class='ocr_carea' id='block_1_75' title="bbox 2208 3069 3806 3147">
    <p class='ocr_par' dir='ltr' id='par_1_75' title="bbox 2208 3069 3806 3147">
     <span class='ocr_line' id='line_1_75' title="bbox 2208 3069 3806 3147; baseline -0.006 -15"><span class='ocrx_word' id='word_1_559' title='bbox 2208 3087 2261 3132; x_wconf 89' lang='lat' dir='ltr'><strong><em>et</em></strong></span> <span class='ocrx_word' id='word_1_560' title='bbox 2302 3093 2409 3131; x_wconf 92' lang='lat' dir='ltr'><strong><em>non</em></strong></span> <span class='ocrx_word' id='word_1_561' title='bbox 2456 3077 2705 3147; x_wconf 88' lang='lat' dir='ltr'><strong><em>permisit</em></strong></span> <span class='ocrx_word' id='word_1_562' title='bbox 2747 3092 2872 3132; x_wconf 91' lang='lat' dir='ltr'><strong><em>eum</em></strong></span> <span class='ocrx_word' id='word_1_563' title='bbox 2914 3077 3148 3145; x_wconf 87' lang='lat' dir='ltr'><strong><em>pendere</em></strong></span> <span class='ocrx_word' id='word_1_564' title='bbox 3188 3074 3240 3127; x_wconf 93' lang='lat' dir='ltr'><strong><em>in</em></strong></span> <span class='ocrx_word' id='word_1_565' title='bbox 3291 3072 3456 3142; x_wconf 84' lang='lat' dir='ltr'><strong><em>ligno.</em></strong></span> <span class='ocrx_word' id='word_1_566' title='bbox 3495 3069 3806 3140; x_wconf 86' lang='lat' dir='ltr'><strong><em>Propterea</em></strong></span> 
     </span>
    </p>
   </div>
   <div class='ocr_carea' id='block_1_76' title="bbox 2211 3162 3807 3240">
    <p class='ocr_par' dir='ltr' id='par_1_76' title="bbox 2211 3162 3807 3240">
     <span class='ocr_line' id='line_1_76' title="bbox 2211 3162 3807 3240; baseline -0.004 -17"><span class='ocrx_word' id='word_1_567' title='bbox 2211 3170 2464 3224; x_wconf 91' lang='lat' dir='ltr'><strong><em>laudatur</em></strong></span> <span class='ocrx_word' id='word_1_568' title='bbox 2503 3169 2572 3224; x_wconf 92' lang='lat' dir='ltr'><strong><em>ab</em></strong></span> <span class='ocrx_word' id='word_1_569' title='bbox 2601 3169 2951 3240; x_wconf 87' lang='lat' dir='ltr'><strong><em>evangelistis</em></strong></span> <span class='ocrx_word' id='word_1_570' title='bbox 2984 3167 3113 3237; x_wconf 89' lang='lat' dir='ltr'><strong><em>quia</em></strong></span> <span class='ocrx_word' id='word_1_571' title='bbox 3143 3165 3326 3235; x_wconf 90' lang='lat' dir='ltr'><strong><em>justus</em></strong></span> <span class='ocrx_word' id='word_1_572' title='bbox 3357 3172 3411 3218; x_wconf 92' lang='lat' dir='ltr'><strong><em>et</em></strong></span> <span class='ocrx_word' id='word_1_573' title='bbox 3455 3162 3538 3217; x_wconf 87' lang='lat' dir='ltr'><strong><em>vir</em></strong></span> <span class='ocrx_word' id='word_1_574' title='bbox 3585 3163 3807 3227; x_wconf 81' lang='lat' dir='ltr'><strong><em>bonus.</em></strong></span> 
     </span>
    </p>
   </div>
   <div class='ocr_carea' id='block_1_77' title="bbox 2210 3256 3805 3332">
    <p class='ocr_par' dir='ltr' id='par_1_77' title="bbox 2210 3256 3805 3332">
     <span class='ocr_line' id='line_1_77' title="bbox 2210 3256 3805 3332; baseline -0.004 -15"><span class='ocrx_word' id='word_1_575' title='bbox 2210 3273 2265 3317; x_wconf 89' lang='lat' dir='ltr'><strong><em>et</em></strong></span> <span class='ocrx_word' id='word_1_576' title='bbox 2296 3262 2601 3332; x_wconf 88' lang='lat' dir='ltr'><strong><em>discipulus</em></strong></span> <span class='ocrx_word' id='word_1_577' title='bbox 2628 3261 2804 3316; x_wconf 91' lang='lat' dir='ltr'><strong><em>fuerat</em></strong></span> <span class='ocrx_word' id='word_1_578' title='bbox 2829 3260 2981 3324; x_wconf 85' lang='lat' dir='ltr'><strong><em>Jesu,</em></strong></span> <span class='ocrx_word' id='word_1_579' title='bbox 3011 3275 3065 3316; x_wconf 90' lang='lat' dir='ltr'><strong><em>et</em></strong></span> <span class='ocrx_word' id='word_1_580' title='bbox 3090 3260 3297 3314; x_wconf 91' lang='lat' dir='ltr'><strong><em>fructus</em></strong></span> <span class='ocrx_word' id='word_1_581' title='bbox 3318 3256 3688 3327; x_wconf 90' lang='lat' dir='ltr'><strong><em>discipulatus</em></strong></span> <span class='ocrx_word' id='word_1_582' title='bbox 3715 3257 3805 3310; x_wconf 78' lang='lat' dir='ltr'><strong><em>Sui</em></strong></span> 
     </span>
    </p>
   </div>
   <div class='ocr_carea' id='block_1_78' title="bbox 2209 3351 3805 3422">
    <p class='ocr_par' dir='ltr' id='par_1_78' title="bbox 2209 3351 3805 3422">
     <span class='ocr_line' id='line_1_78' title="bbox 2209 3351 3805 3422; baseline -0.003 -13"><span class='ocrx_word' id='word_1_583' title='bbox 2209 3355 2444 3409; x_wconf 86' lang='lat' dir='ltr'><strong><em>reddidit</em></strong></span> <span class='ocrx_word' id='word_1_584' title='bbox 2479 3353 2619 3410; x_wconf 86' lang='lat' dir='ltr'><strong><em>forte</em></strong></span> <span class='ocrx_word' id='word_1_585' title='bbox 2644 3395 2659 3418; x_wconf 94' lang='lat'><strong><em>,</em></strong></span> <span class='ocrx_word' id='word_1_586' title='bbox 2698 3355 2838 3410; x_wconf 89' lang='lat' dir='ltr'><strong><em>sicut</em></strong></span> <span class='ocrx_word' id='word_1_587' title='bbox 2873 3355 2928 3409; x_wconf 93' lang='lat' dir='ltr'><strong><em>in</em></strong></span> <span class='ocrx_word' id='word_1_588' title='bbox 2961 3354 3180 3418; x_wconf 90' lang='lat' dir='ltr'><strong><em>multis,</em></strong></span> <span class='ocrx_word' id='word_1_589' title='bbox 3232 3351 3311 3407; x_wconf 90' lang='lat' dir='ltr'><strong><em>sic</em></strong></span> <span class='ocrx_word' id='word_1_590' title='bbox 3348 3361 3402 3405; x_wconf 89' lang='lat' dir='ltr'><strong><em>et</em></strong></span> <span class='ocrx_word' id='word_1_591' title='bbox 3455 3353 3509 3405; x_wconf 93' lang='lat' dir='ltr'><strong><em>in</em></strong></span> <span class='ocrx_word' id='word_1_592' title='bbox 3559 3365 3805 3422; x_wconf 88' lang='lat' dir='ltr'><strong><em>corpore</em></strong></span> 
     </span>
    </p>
   </div>
   <div class='ocr_carea' id='block_1_79' title="bbox 2207 3443 3804 3517">
    <p class='ocr_par' dir='ltr' id='par_1_79' title="bbox 2207 3443 3804 3517">
     <span class='ocr_line' id='line_1_79' title="bbox 2207 3443 3804 3517; baseline -0.002 -16"><span class='ocrx_word' id='word_1_593' title='bbox 2207 3445 2434 3512; x_wconf 89' lang='lat' dir='ltr'><strong><em>Christi,</em></strong></span> <span class='ocrx_word' id='word_1_594' title='bbox 2461 3446 2590 3516; x_wconf 90' lang='lat' dir='ltr'><strong>quia</strong></span> <span class='ocrx_word' id='word_1_595' title='bbox 2618 3457 2942 3517; x_wconf 84' lang='lat' dir='ltr'><strong><em>exspectans</em></strong></span> <span class='ocrx_word' id='word_1_596' title='bbox 2972 3457 3088 3503; x_wconf 89' lang='lat' dir='ltr'><strong><em>erat</em></strong></span> <span class='ocrx_word' id='word_1_597' title='bbox 3115 3461 3339 3517; x_wconf 79' lang='lat' dir='ltr'><strong><em>regnum</em></strong></span> <span class='ocrx_word' id='word_1_598' title='bbox 3376 3443 3494 3512; x_wconf 88' lang='lat' dir='ltr'><strong><em>Dei,</em></strong></span> <span class='ocrx_word' id='word_1_599' title='bbox 3522 3445 3670 3501; x_wconf 88' lang='lat' dir='ltr'><strong><em>sicut</em></strong></span> <span class='ocrx_word' id='word_1_600' title='bbox 3702 3446 3804 3500; x_wconf 81' lang='lat' dir='ltr'><strong><em>do-</em></strong></span> 
     </span>
    </p>
   </div>
   <div class='ocr_carea' id='block_1_80' title="bbox 2207 3537 2604 3594">
    <p class='ocr_par' dir='ltr' id='par_1_80' title="bbox 2207 3537 2604 3594">
     <span class='ocr_line' id='line_1_80' title="bbox 2207 3537 2604 3594; baseline 0.003 -2"><span class='ocrx_word' id='word_1_601' title='bbox 2207 3547 2395 3592; x_wconf 85' lang='lat' dir='ltr'><strong><em>cuerat</em></strong></span> <span class='ocrx_word' id='word_1_602' title='bbox 2423 3537 2604 3594; x_wconf 89' lang='lat' dir='ltr'><strong><em>Jesus.</em></strong></span> 
     </span>
    </p>
   </div>
   <div class='ocr_carea' id='block_1_81' title="bbox 2281 3626 3799 3700">
    <p class='ocr_par' dir='ltr' id='par_1_81' title="bbox 2281 3626 3799 3700">
     <span class='ocr_line' id='line_1_81' title="bbox 2281 3626 3799 3700; baseline 0.002 -19"><span class='ocrx_word' id='word_1_603' title='bbox 2281 3626 2404 3682; x_wconf 75' lang='lat' dir='ltr'><strong><em>M5.</em></strong></span> <span class='ocrx_word' id='word_1_604' title='bbox 2443 3627 2509 3681; x_wconf 88' lang='lat' dir='ltr'><strong><em>Et</em></strong></span> <span class='ocrx_word' id='word_1_605' title='bbox 2535 3640 2744 3698; x_wconf 83' lang='lat' dir='ltr'><strong><em>accepto</em></strong></span> <span class='ocrx_word' id='word_1_606' title='bbox 2771 3646 2984 3699; x_wconf 88' lang='lat' dir='ltr'><strong><em>corpore</em></strong></span> <span class='ocrx_word' id='word_1_607' title='bbox 3013 3629 3207 3700; x_wconf 75' lang='lat' dir='ltr'><strong><em>Ioseph</em></strong></span> <span class='ocrx_word' id='word_1_608' title='bbox 3235 3630 3449 3684; x_wconf 84' lang='lat' dir='ltr'><strong><em>involvit</em></strong></span> <span class='ocrx_word' id='word_1_609' title='bbox 3482 3631 3538 3684; x_wconf 89' lang='lat' dir='ltr'><strong><em>in</em></strong></span> <span class='ocrx_word' id='word_1_610' title='bbox 3573 3629 3799 3684; x_wconf 84' lang='lat' dir='ltr'><strong><em>sindone</em></strong></span> 
     </span>
    </p>
   </div>
   <div class='ocr_carea' id='block_1_82' title="bbox 2209 3722 3802 3792">
    <p class='ocr_par' dir='ltr' id='par_1_82' title="bbox 2209 3722 3802 3792">
     <span class='ocr_line' id='line_1_82' title="bbox 2209 3722 3802 3792; baseline 0.002 -20"><span class='ocrx_word' id='word_1_611' title='bbox 2209 3722 2430 3785; x_wconf 79' lang='lat' dir='ltr'><strong><em>munda,</em></strong></span> <span class='ocrx_word' id='word_1_612' title='bbox 2459 3734 2506 3776; x_wconf 91' lang='lat' dir='ltr'><strong><em>et</em></strong></span> <span class='ocrx_word' id='word_1_613' title='bbox 2530 3723 2704 3792; x_wconf 85' lang='lat' dir='ltr'><strong><em>posuit</em></strong></span> <span class='ocrx_word' id='word_1_614' title='bbox 2729 3723 2900 3792; x_wconf 88' lang='lat' dir='ltr'><strong><em>ipsum</em></strong></span> <span class='ocrx_word' id='word_1_615' title='bbox 2931 3724 2984 3776; x_wconf 90' lang='lat' dir='ltr'><strong><em>iu</em></strong></span> <span class='ocrx_word' id='word_1_616' title='bbox 3006 3735 3335 3777; x_wconf 85' lang='lat' dir='ltr'><strong><em>monumento</em></strong></span> <span class='ocrx_word' id='word_1_617' title='bbox 3357 3739 3451 3775; x_wconf 89' lang='lat' dir='ltr'><strong><em>suo</em></strong></span> <span class='ocrx_word' id='word_1_618' title='bbox 3476 3739 3635 3784; x_wconf 83' lang='lat' dir='ltr'><strong><em>novo,</em></strong></span> <span class='ocrx_word' id='word_1_619' title='bbox 3658 3724 3802 3782; x_wconf 73' lang='lat' dir='ltr'><strong><em>quod</em></strong></span> 
     </span>
    </p>
   </div>
   <div class='ocr_carea' id='block_1_83' title="bbox 2210 3810 3799 3884">
    <p class='ocr_par' dir='ltr' id='par_1_83' title="bbox 2210 3810 3799 3884">
     <span class='ocr_line' id='line_1_83' title="bbox 2210 3810 3799 3884; baseline 0.001 -20"><span class='ocrx_word' id='word_1_620' title='bbox 2210 3810 2410 3864; x_wconf 70' lang='lat' dir='ltr'><strong><em>excidit</em></strong></span> <span class='ocrx_word' id='word_1_621' title='bbox 2461 3812 2512 3866; x_wconf 89' lang='lat' dir='ltr'><strong><em>in</em></strong></span> <span class='ocrx_word' id='word_1_622' title='bbox 2560 3821 2706 3882; x_wconf 90' lang='lat' dir='ltr'><strong><em>petra</em></strong></span> <span class='ocrx_word' id='word_1_623' title='bbox 2733 3853 2748 3878; x_wconf 93' lang='lat'><strong><em>,</em></strong></span> <span class='ocrx_word' id='word_1_624' title='bbox 2785 3822 2835 3867; x_wconf 89' lang='lat' dir='ltr'><strong><em>et</em></strong></span> <span class='ocrx_word' id='word_1_625' title='bbox 2879 3813 3109 3867; x_wconf 80' lang='lat' dir='ltr'><strong><em>advolvit</em></strong></span> <span class='ocrx_word' id='word_1_626' title='bbox 3159 3813 3388 3882; x_wconf 88' lang='lat' dir='ltr'><strong><em>lapidem</em></strong></span> <span class='ocrx_word' id='word_1_627' title='bbox 3435 3830 3690 3884; x_wconf 87' lang='lat' dir='ltr'><strong><em>magnum</em></strong></span> <span class='ocrx_word' id='word_1_628' title='bbox 3728 3815 3799 3866; x_wconf 71' lang='lat' dir='ltr'><strong><em>ad</em></strong></span> 
     </span>
    </p>
   </div>
   <div class='ocr_carea' id='block_1_84' title="bbox 2209 3905 3801 3970">
    <p class='ocr_par' dir='ltr' id='par_1_84' title="bbox 2209 3905 3801 3970">
     <span class='ocr_line' id='line_1_84' title="bbox 2209 3905 3801 3970; baseline 0.001 -13"><span class='ocrx_word' id='word_1_629' title='bbox 2209 3905 2407 3957; x_wconf 85' lang='lat' dir='ltr'><strong><em>ostium</em></strong></span> <span class='ocrx_word' id='word_1_630' title='bbox 2434 3905 2776 3970; x_wconf 84' lang='lat' dir='ltr'><strong><em>monumenti,</em></strong></span> <span class='ocrx_word' id='word_1_631' title='bbox 2803 3915 2850 3958; x_wconf 91' lang='lat' dir='ltr'><strong><em>et</em></strong></span> <span class='ocrx_word' id='word_1_632' title='bbox 2873 3906 3004 3958; x_wconf 85' lang='lat' dir='ltr'><strong><em>abiit</em></strong></span> <span class='ocrx_word' id='word_1_633' title='bbox 3029 3905 3094 3958; x_wconf 84' lang='lat'><strong><em>&quot;.</em></strong></span> <span class='ocrx_word' id='word_1_634' title='bbox 3128 3905 3186 3959; x_wconf 89' lang='lat' dir='ltr'><strong><em>In</em></strong></span> <span class='ocrx_word' id='word_1_635' title='bbox 3219 3906 3446 3962; x_wconf 78' lang='lat' dir='ltr'><strong><em>sindo::e</em></strong></span> <span class='ocrx_word' id='word_1_636' title='bbox 3476 3907 3683 3959; x_wconf 87' lang='lat' dir='ltr'><strong><em>munda</em></strong></span> <span class='ocrx_word' id='word_1_637' title='bbox 3715 3906 3801 3958; x_wconf 86' lang='lat' dir='ltr'><strong><em>in-</em></strong></span> 
     </span>
    </p>
   </div>
   <div class='ocr_carea' id='block_1_85' title="bbox 2206 3995 3800 4066">
    <p class='ocr_par' dir='ltr' id='par_1_85' title="bbox 2206 3995 3800 4066">
     <span class='ocr_line' id='line_1_85' title="bbox 2206 3995 3800 4066; baseline 0 -17"><span class='ocrx_word' id='word_1_638' title='bbox 2206 3995 2408 4062; x_wconf 76' lang='lat' dir='ltr'><strong><em>volvit,</em></strong></span> <span class='ocrx_word' id='word_1_639' title='bbox 2451 4005 2504 4050; x_wconf 86' lang='lat' dir='ltr'><strong><em>et</em></strong></span> <span class='ocrx_word' id='word_1_640' title='bbox 2556 3995 2610 4050; x_wconf 91' lang='lat' dir='ltr'><strong><em>iu</em></strong></span> <span class='ocrx_word' id='word_1_641' title='bbox 2662 4005 3014 4050; x_wconf 88' lang='lat' dir='ltr'><strong><em>monumento</em></strong></span> <span class='ocrx_word' id='word_1_642' title='bbox 3047 3995 3242 4066; x_wconf 79' lang='lat' dir='ltr'><strong><em>’posuit</em></strong></span> <span class='ocrx_word' id='word_1_643' title='bbox 3292 4011 3434 4050; x_wconf 78' lang='lat' dir='ltr'><strong><em>novo</em></strong></span> <span class='ocrx_word' id='word_1_644' title='bbox 3490 3995 3582 4049; x_wconf 91' lang='lat' dir='ltr'><strong><em>ubi</em></strong></span> <span class='ocrx_word' id='word_1_645' title='bbox 3635 4010 3800 4049; x_wconf 86' lang='lat' dir='ltr'><strong><em>nemo</em></strong></span> 
     </span>
    </p>
   </div>
   <div class='ocr_carea' id='block_1_86' title="bbox 2207 4087 3798 4159">
    <p class='ocr_par' dir='ltr' id='par_1_86' title="bbox 2207 4087 3798 4159">
     <span class='ocr_line' id='line_1_86' title="bbox 2207 4087 3798 4159; baseline -0.001 -17"><span class='ocrx_word' id='word_1_646' title='bbox 2207 4095 2460 4144; x_wconf 90' lang='lat' dir='ltr'><strong><em>mortuus</em></strong></span> <span class='ocrx_word' id='word_1_647' title='bbox 2486 4095 2639 4153; x_wconf 91' lang='lat' dir='ltr'><strong><em>erat,</em></strong></span> <span class='ocrx_word' id='word_1_648' title='bbox 2683 4104 2909 4144; x_wconf 90' lang='lat' dir='ltr'><strong><em>servans</em></strong></span> <span class='ocrx_word' id='word_1_649' title='bbox 2937 4104 3137 4159; x_wconf 89' lang='lat' dir='ltr'><strong><em>corpus</em></strong></span> <span class='ocrx_word' id='word_1_650' title='bbox 3161 4087 3286 4144; x_wconf 88' lang='lat' dir='ltr'><strong><em>Jesu</em></strong></span> <span class='ocrx_word' id='word_1_651' title='bbox 3316 4089 3384 4142; x_wconf 89' lang='lat' dir='ltr'><strong><em>ad</em></strong></span> <span class='ocrx_word' id='word_1_652' title='bbox 3428 4087 3798 4142; x_wconf 85' lang='lat' dir='ltr'><strong><em>resurrectio-</em></strong></span> 
     </span>
    </p>
   </div>
   <div class='ocr_carea' id='block_1_87' title="bbox 2205 4163 3796 4252">
    <p class='ocr_par' dir='ltr' id='par_1_87' title="bbox 2205 4163 3796 4252">
     <span class='ocr_line' id='line_1_87' title="bbox 2205 4163 3796 4252; baseline 0 -18"><span class='ocrx_word' id='word_1_653' title='bbox 2205 4197 2328 4235; x_wconf 92' lang='lat' dir='ltr'><strong><em>nem</em></strong></span> <span class='ocrx_word' id='word_1_654' title='bbox 2385 4163 2738 4251; x_wconf 67' lang='lat' dir='ltr'><strong><em>praecipuam.</em></strong></span> <span class='ocrx_word' id='word_1_655' title='bbox 2801 4181 2940 4237; x_wconf 88' lang='lat' dir='ltr'><strong><em>Puto</em></strong></span> <span class='ocrx_word' id='word_1_656' title='bbox 2997 4191 3177 4238; x_wconf 86' lang='lat' dir='ltr'><strong><em>autem</em></strong></span> <span class='ocrx_word' id='word_1_657' title='bbox 3233 4181 3406 4252; x_wconf 83' lang='lat' dir='ltr'><strong><em>magis</em></strong></span> <span class='ocrx_word' id='word_1_658' title='bbox 3462 4182 3796 4234; x_wconf 87' lang='lat' dir='ltr'><strong><em>munditiam</em></strong></span> 
     </span>
    </p>
   </div>
   <div class='ocr_carea' id='block_1_88' title="bbox 2207 4267 3797 4349">
    <p class='ocr_par' dir='ltr' id='par_1_88' title="bbox 2207 4267 3797 4349">
     <span class='ocr_line' id='line_1_88' title="bbox 2207 4267 3797 4349; baseline 0.001 -27"><span class='ocrx_word' id='word_1_659' title='bbox 2207 4267 2367 4322; x_wconf 89' lang='lat' dir='ltr'><strong><em>sindo</em></strong></span> <span class='ocrx_word' id='word_1_660' title='bbox 2405 4269 2496 4323; x_wconf 90' lang='lat' dir='ltr'><strong><em>illa</em></strong></span> <span class='ocrx_word' id='word_1_661' title='bbox 2545 4269 2778 4326; x_wconf 87' lang='lat' dir='ltr'><strong><em>habebat</em></strong></span> <span class='ocrx_word' id='word_1_662' title='bbox 2826 4287 2893 4327; x_wconf 81' lang='lat' dir='ltr'><strong><em>ex</em></strong></span> <span class='ocrx_word' id='word_1_663' title='bbox 2942 4287 3052 4341; x_wconf 91' lang='lat' dir='ltr'><strong><em>quo</em></strong></span> <span class='ocrx_word' id='word_1_664' title='bbox 3100 4272 3399 4325; x_wconf 88' lang='lat' dir='ltr'><strong><em>involutum</em></strong></span> <span class='ocrx_word' id='word_1_665' title='bbox 3451 4282 3538 4349; x_wconf 88' lang='lat' dir='ltr'><strong><em>est</em></strong></span> <span class='ocrx_word' id='word_1_666' title='bbox 3591 4287 3797 4341; x_wconf 87' lang='lat' dir='ltr'><strong><em>corpus</em></strong></span> 
     </span>
    </p>
   </div>
   <div class='ocr_carea' id='block_1_89' title="bbox 2204 4359 3792 4436">
    <p class='ocr_par' dir='ltr' id='par_1_89' title="bbox 2204 4359 3792 4436">
     <span class='ocr_line' id='line_1_89' title="bbox 2204 4359 3792 4436; baseline 0.001 -22"><span class='ocrx_word' id='word_1_667' title='bbox 2204 4359 2412 4415; x_wconf 89' lang='lat' dir='ltr'><strong><em>Christi</em></strong></span> <span class='ocrx_word' id='word_1_668' title='bbox 2459 4378 2624 4430; x_wconf 90' lang='lat' dir='ltr'><strong><em>quam</em></strong></span> <span class='ocrx_word' id='word_1_669' title='bbox 2670 4364 2863 4434; x_wconf 88' lang='lat' dir='ltr'><strong><em>prius:</em></strong></span> <span class='ocrx_word' id='word_1_670' title='bbox 2915 4380 3116 4436; x_wconf 87' lang='lat' dir='ltr'><strong><em>corpus</em></strong></span> <span class='ocrx_word' id='word_1_671' title='bbox 3150 4365 3293 4419; x_wconf 91' lang='lat' dir='ltr'><strong><em>enim</em></strong></span> <span class='ocrx_word' id='word_1_672' title='bbox 3339 4362 3467 4418; x_wconf 88' lang='lat' dir='ltr'><strong><em>Jesu</em></strong></span> <span class='ocrx_word' id='word_1_673' title='bbox 3515 4363 3686 4417; x_wconf 85' lang='lat' dir='ltr'><strong><em>etiam</em></strong></span> <span class='ocrx_word' id='word_1_674' title='bbox 3738 4364 3792 4416; x_wconf 89' lang='lat' dir='ltr'><strong><em>in</em></strong></span> 
     </span>
    </p>
   </div>
   <div class='ocr_carea' id='block_1_90' title="bbox 2205 4455 3796 4530">
    <p class='ocr_par' dir='ltr' id='par_1_90' title="bbox 2205 4455 3796 4530">
     <span class='ocr_line' id='line_1_90' title="bbox 2205 4455 3796 4530; baseline 0.002 -23"><span class='ocrx_word' id='word_1_675' title='bbox 2205 4462 2384 4509; x_wconf 89' lang='lat' dir='ltr'><strong><em>morte</em></strong></span> <span class='ocrx_word' id='word_1_676' title='bbox 2435 4457 2822 4526; x_wconf 88' lang='lat' dir='ltr'><strong><em>constitutum,</em></strong></span> <span class='ocrx_word' id='word_1_677' title='bbox 2863 4459 3020 4530; x_wconf 89' lang='lat' dir='ltr'><strong><em>quasi</em></strong></span> <span class='ocrx_word' id='word_1_678' title='bbox 3070 4473 3269 4528; x_wconf 90' lang='lat' dir='ltr'><strong><em>corpus</em></strong></span> <span class='ocrx_word' id='word_1_679' title='bbox 3312 4455 3438 4511; x_wconf 87' lang='lat' dir='ltr'><strong><em>Jesu</em></strong></span> <span class='ocrx_word' id='word_1_680' title='bbox 3489 4457 3796 4510; x_wconf 84' lang='lat' dir='ltr'><strong><em>mundabat</em></strong></span> 
     </span>
    </p>
   </div>
   <div class='ocr_carea' id='block_1_91' title="bbox 525 4539 3794 4621">
    <p class='ocr_par' dir='ltr' id='par_1_91' title="bbox 525 4539 3794 4621">
     <span class='ocr_line' id='line_1_91' title="bbox 525 4539 3794 4621; baseline 0.002 -24"><span class='ocrx_word' id='word_1_681' title='bbox 525 4541 642 4597; x_wconf 74' lang='lat' dir='ltr'><strong><em>cba:</em></strong></span> <span class='ocrx_word' id='word_1_682' title='bbox 664 4539 833 4596; x_wconf 89' lang='lat' dir='ltr'><strong><em>Jacob</em></strong></span> <span class='ocrx_word' id='word_1_683' title='bbox 853 4541 1279 4610; x_wconf 73' lang='lat' dir='ltr'><strong><em>supplantatoris</em></strong></span> <span class='ocrx_word' id='word_1_684' title='bbox 1303 4539 1487 4594; x_wconf 85' lang='lat' dir='ltr'><strong><em>fratris</em></strong></span> <span class='ocrx_word' id='word_1_685' title='bbox 1510 4540 1615 4603; x_wconf 90' lang='lat' dir='ltr'><strong><em>sui,</em></strong></span> <span class='ocrx_word' id='word_1_686' title='bbox 1640 4539 1912 4610; x_wconf 86' lang='lat' dir='ltr'><strong><em>etJoscph</em></strong></span> <span class='ocrx_word' id='word_1_687' title='bbox 1941 4557 2103 4611; x_wconf 88' lang='lat' dir='ltr'><strong><em>super</em></strong></span> <span class='ocrx_word' id='word_1_688' title='bbox 2137 4546 2179 4604; x_wconf 83' lang='grc' dir='ltr'>ο</span> <span class='ocrx_word' id='word_1_689' title='bbox 2207 4547 2390 4603; x_wconf 90' lang='lat' dir='ltr'><strong><em>omnia</em></strong></span> <span class='ocrx_word' id='word_1_690' title='bbox 2437 4565 2776 4621; x_wconf 66' lang='lat' dir='ltr'><strong><em>quaecunque</em></strong></span> <span class='ocrx_word' id='word_1_691' title='bbox 2823 4551 3113 4621; x_wconf 78' lang='lat' dir='ltr'><strong><em>tangebat,</em></strong></span> <span class='ocrx_word' id='word_1_692' title='bbox 3164 4559 3217 4604; x_wconf 89' lang='lat' dir='ltr'><strong><em>et</em></strong></span> <span class='ocrx_word' id='word_1_693' title='bbox 3267 4551 3439 4618; x_wconf 84' lang='lat' dir='ltr'><strong><em>magis</em></strong></span> <span class='ocrx_word' id='word_1_694' title='bbox 3494 4548 3794 4602; x_wconf 83' lang='lat' dir='ltr'><strong><em>innovabat</em></strong></span> 
     </span>
    </p>
   </div>
   <div class='ocr_carea' id='block_1_92' title="bbox 525 4631 2103 4703">
    <p class='ocr_par' dir='ltr' id='par_1_92' title="bbox 525 4631 2103 4703">
     <span class='ocr_line' id='line_1_92' title="bbox 525 4631 2103 4703; baseline -0.001 -17"><span class='ocrx_word' id='word_1_695' title='bbox 525 4648 688 4703; x_wconf 88' lang='lat' dir='ltr'><strong><em>quem</em></strong></span> <span class='ocrx_word' id='word_1_696' title='bbox 731 4641 916 4686; x_wconf 88' lang='lat' dir='ltr'><strong><em>natum</em></strong></span> <span class='ocrx_word' id='word_1_697' title='bbox 953 4633 1183 4702; x_wconf 82' lang='lat' dir='ltr'><strong><em>genitrix</em></strong></span> <span class='ocrx_word' id='word_1_698' title='bbox 1218 4631 1351 4687; x_wconf 89' lang='lat' dir='ltr'><strong><em>dicit</em></strong></span> <span class='ocrx_word' id='word_1_699' title='bbox 1380 4631 1457 4686; x_wconf 63' lang='lat'><strong><em>‘3:</em></strong></span> <span class='ocrx_word' id='word_1_700' title='bbox 1493 4632 1727 4700; x_wconf 83' lang='lat' dir='ltr'><strong><em>Adjiciat</em></strong></span> <span class='ocrx_word' id='word_1_701' title='bbox 1756 4633 1886 4686; x_wconf 89' lang='lat' dir='ltr'><strong><em>mihi</em></strong></span> <span class='ocrx_word' id='word_1_702' title='bbox 1921 4633 2103 4687; x_wconf 85' lang='lat' dir='ltr'><strong><em>Domi-</em></strong></span> 
     </span>
    </p>
   </div>
   <div class='ocr_carea' id='block_1_93' title="bbox 528 4720 2101 4791">
    <p class='ocr_par' dir='ltr' id='par_1_93' title="bbox 528 4720 2101 4791">
     <span class='ocr_line' id='line_1_93' title="bbox 528 4720 2101 4791; baseline -0.001 -15"><span class='ocrx_word' id='word_1_703' title='bbox 528 4739 626 4776; x_wconf 86' lang='lat' dir='ltr'><strong><em>nus</em></strong></span> <span class='ocrx_word' id='word_1_704' title='bbox 649 4721 824 4791; x_wconf 82' lang='lat' dir='ltr'><strong><em>ﬁlium</em></strong></span> <span class='ocrx_word' id='word_1_705' title='bbox 849 4721 1097 4775; x_wconf 87' lang='lat' dir='ltr'><strong><em>alterum.</em></strong></span> <span class='ocrx_word' id='word_1_706' title='bbox 1126 4720 1191 4774; x_wconf 84' lang='lat' dir='ltr'><strong><em>Et</em></strong></span> <span class='ocrx_word' id='word_1_707' title='bbox 1214 4722 1327 4776; x_wconf 66' lang='lat' dir='ltr'><strong><em>haec</em></strong></span> <span class='ocrx_word' id='word_1_708' title='bbox 1349 4723 1511 4791; x_wconf 82' lang='lat' dir='ltr'><strong><em>igitur</em></strong></span> <span class='ocrx_word' id='word_1_709' title='bbox 1533 4730 1765 4791; x_wconf 82' lang='lat' dir='ltr'><strong><em>&#39;scquens</em></strong></span> <span class='ocrx_word' id='word_1_710' title='bbox 1788 4721 2101 4789; x_wconf 90' lang='lat' dir='ltr'><strong><em>Dominum,</em></strong></span> 
     </span>
    </p>
   </div>
   <div class='ocr_carea' id='block_1_94' title="bbox 527 4816 2102 4888">
    <p class='ocr_par' dir='ltr' id='par_1_94' title="bbox 527 4816 2102 4888">
     <span class='ocr_line' id='line_1_94' title="bbox 527 4816 2102 4888; baseline 0.001 -16"><span class='ocrx_word' id='word_1_711' title='bbox 527 4824 584 4872; x_wconf 86' lang='lat' dir='ltr'><strong><em>et</em></strong></span> <span class='ocrx_word' id='word_1_712' title='bbox 602 4816 948 4881; x_wconf 87' lang='lat' dir='ltr'><strong><em>ministrans,</em></strong></span> <span class='ocrx_word' id='word_1_713' title='bbox 981 4825 1034 4870; x_wconf 89' lang='lat' dir='ltr'><strong><em>et</em></strong></span> <span class='ocrx_word' id='word_1_714' title='bbox 1062 4823 1315 4885; x_wconf 88' lang='lat' dir='ltr'><strong><em>spectans</em></strong></span> <span class='ocrx_word' id='word_1_715' title='bbox 1341 4816 1800 4886; x_wconf 84' lang='lat' dir='ltr'><strong><em>dispensationem</em></strong></span> <span class='ocrx_word' id='word_1_716' title='bbox 1833 4818 2102 4888; x_wconf 87' lang='lat' dir='ltr'><strong><em>passionis</em></strong></span> 
     </span>
    </p>
   </div>
   <div class='ocr_carea' id='block_1_95' title="bbox 528 4907 2100 4980">
    <p class='ocr_par' dir='ltr' id='par_1_95' title="bbox 528 4907 2100 4980">
     <span class='ocr_line' id='line_1_95' title="bbox 528 4907 2100 4980; baseline 0.001 -16"><span class='ocrx_word' id='word_1_717' title='bbox 528 4908 737 4980; x_wconf 90' lang='lat' dir='ltr'><strong><em>ipsius,</em></strong></span> <span class='ocrx_word' id='word_1_718' title='bbox 768 4907 1027 4979; x_wconf 90' lang='lat' dir='ltr'><strong><em>quoniam</em></strong></span> <span class='ocrx_word' id='word_1_719' title='bbox 1061 4907 1237 4962; x_wconf 87' lang='lat' dir='ltr'><strong><em>ﬁdelis</em></strong></span> <span class='ocrx_word' id='word_1_720' title='bbox 1267 4907 1500 4976; x_wconf 88' lang='lat' dir='ltr'><strong><em>alicujus</em></strong></span> <span class='ocrx_word' id='word_1_721' title='bbox 1535 4907 1712 4962; x_wconf 90' lang='lat' dir='ltr'><strong><em>fuerat</em></strong></span> <span class='ocrx_word' id='word_1_722' title='bbox 1748 4921 1950 4976; x_wconf 88' lang='lat' dir='ltr'><strong><em>mater,</em></strong></span> <span class='ocrx_word' id='word_1_723' title='bbox 1992 4927 2100 4965; x_wconf 89' lang='lat' dir='ltr'><strong><em>non</em></strong></span> 
     </span>
    </p>
   </div>
   <div class='ocr_carea' id='block_1_96' title="bbox 527 5001 2100 5079">
    <p class='ocr_par' dir='ltr' id='par_1_96' title="bbox 527 5001 2100 5079">
     <span class='ocr_line' id='line_1_96' title="bbox 527 5001 2100 5079; baseline 0 -21"><span class='ocrx_word' id='word_1_724' title='bbox 527 5003 711 5074; x_wconf 85' lang='lat' dir='ltr'><strong><em>magni</em></strong></span> <span class='ocrx_word' id='word_1_725' title='bbox 736 5002 1002 5071; x_wconf 86' lang='lat' dir='ltr'><strong><em>alicujus,</em></strong></span> <span class='ocrx_word' id='word_1_726' title='bbox 1035 5003 1213 5072; x_wconf 89' lang='lat' dir='ltr'><strong><em>qualis</em></strong></span> <span class='ocrx_word' id='word_1_727' title='bbox 1241 5001 1416 5079; x_wconf 82' lang='lat' dir='ltr'><strong><em>fuerat</em></strong></span> <span class='ocrx_word' id='word_1_728' title='bbox 1446 5002 1750 5071; x_wconf 86' lang='lat' dir='ltr'><strong><em>patriarcha</em></strong></span> <span class='ocrx_word' id='word_1_729' title='bbox 1781 5001 1970 5067; x_wconf 86' lang='lat' dir='ltr'><strong><em>Jacob,</em></strong></span> <span class='ocrx_word' id='word_1_730' title='bbox 2006 5005 2100 5058; x_wconf 87' lang='lat' dir='ltr'><strong><em>sed</em></strong></span> 
     </span>
    </p>
   </div>
   <div class='ocr_carea' id='block_1_97' title="bbox 527 5090 2103 5163">
    <p class='ocr_par' dir='ltr' id='par_1_97' title="bbox 527 5090 2103 5163">
     <span class='ocr_line' id='line_1_97' title="bbox 527 5090 2103 5163; baseline 0.001 -15"><span class='ocrx_word' id='word_1_731' title='bbox 527 5093 782 5160; x_wconf 88' lang='lat' dir='ltr'><strong><em>minoris,</em></strong></span> <span class='ocrx_word' id='word_1_732' title='bbox 811 5092 976 5163; x_wconf 82' lang='lat'><strong><em>930</em></strong></span> <span class='ocrx_word' id='word_1_733' title='bbox 1006 5102 1060 5147; x_wconf 89' lang='lat' dir='ltr'><strong><em>et</em></strong></span> <span class='ocrx_word' id='word_1_734' title='bbox 1086 5091 1284 5162; x_wconf 84' lang='lat' dir='ltr'><strong><em>Joscph</em></strong></span> <span class='ocrx_word' id='word_1_735' title='bbox 1315 5091 1559 5147; x_wconf 88' lang='lat' dir='ltr'><strong><em>alterius.</em></strong></span> <span class='ocrx_word' id='word_1_736' title='bbox 1593 5090 1720 5147; x_wconf 82' lang='lat' dir='ltr'><strong><em>Erat</em></strong></span> <span class='ocrx_word' id='word_1_737' title='bbox 1749 5101 1929 5147; x_wconf 92' lang='lat' dir='ltr'><strong><em>autem</em></strong></span> <span class='ocrx_word' id='word_1_738' title='bbox 1964 5094 2103 5149; x_wconf 91' lang='lat' dir='ltr'><strong><em>inter</em></strong></span> 
     </span>
    </p>
   </div>
   <div class='ocr_carea' id='block_1_98' title="bbox 527 5181 2101 5256">
    <p class='ocr_par' dir='ltr' id='par_1_98' title="bbox 527 5181 2101 5256">
     <span class='ocr_line' id='line_1_98' title="bbox 527 5181 2101 5256; baseline 0.003 -19"><span class='ocrx_word' id='word_1_739' title='bbox 527 5184 787 5239; x_wconf 90' lang='lat' dir='ltr'><strong><em>mulieres</em></strong></span> <span class='ocrx_word' id='word_1_740' title='bbox 813 5194 866 5238; x_wconf 90' lang='lat' dir='ltr'><strong><em>et</em></strong></span> <span class='ocrx_word' id='word_1_741' title='bbox 896 5192 1070 5238; x_wconf 87' lang='lat' dir='ltr'><strong><em>mater</em></strong></span> <span class='ocrx_word' id='word_1_742' title='bbox 1102 5184 1335 5239; x_wconf 85' lang='lat' dir='ltr'><strong><em>filiorum</em></strong></span> <span class='ocrx_word' id='word_1_743' title='bbox 1369 5181 1633 5247; x_wconf 67' lang='lat' dir='ltr'><strong><em>Zieliedaei,</em></strong></span> <span class='ocrx_word' id='word_1_744' title='bbox 1665 5183 1891 5239; x_wconf 85' lang='lat' dir='ltr'><strong><em>forsitan</em></strong></span> <span class='ocrx_word' id='word_1_745' title='bbox 1922 5185 2101 5256; x_wconf 90' lang='lat' dir='ltr'><strong><em>aliqua</em></strong></span> 
     </span>
    </p>
   </div>
   <div class='ocr_carea' id='block_1_99' title="bbox 527 5275 2106 5346">
    <p class='ocr_par' dir='ltr' id='par_1_99' title="bbox 527 5275 2106 5346">
     <span class='ocr_line' id='line_1_99' title="bbox 527 5275 2106 5346; baseline 0.003 -16"><span class='ocrx_word' id='word_1_746' title='bbox 527 5275 834 5330; x_wconf 82' lang='lat' dir='ltr'><strong><em>consistens</em></strong></span> <span class='ocrx_word' id='word_1_747' title='bbox 885 5275 938 5329; x_wconf 93' lang='lat' dir='ltr'><strong><em>in</em></strong></span> <span class='ocrx_word' id='word_1_748' title='bbox 987 5275 1250 5346; x_wconf 83' lang='lat' dir='ltr'><strong><em>mysterio</em></strong></span> <span class='ocrx_word' id='word_1_749' title='bbox 1293 5275 1529 5330; x_wconf 90' lang='lat' dir='ltr'><strong><em>tonitrus</em></strong></span> <span class='ocrx_word' id='word_1_750' title='bbox 1574 5285 1794 5346; x_wconf 81' lang='lat' dir='ltr'><strong><em>propter</em></strong></span> <span class='ocrx_word' id='word_1_751' title='bbox 1842 5278 2002 5333; x_wconf 84' lang='lat' dir='ltr'><strong><em>fidem</em></strong></span> <span class='ocrx_word' id='word_1_752' title='bbox 2051 5290 2106 5335; x_wconf 86' lang='lat' dir='ltr'><strong><em>et</em></strong></span> 
     </span>
    </p>
   </div>
   <div class='ocr_carea' id='block_1_100' title="bbox 527 5365 2097 5438">
    <p class='ocr_par' dir='ltr' id='par_1_100' title="bbox 527 5365 2097 5438">
     <span class='ocr_line' id='line_1_100' title="bbox 527 5365 2097 5438; baseline 0.003 -20"><span class='ocrx_word' id='word_1_753' title='bbox 527 5365 694 5419; x_wconf 85' lang='lat' dir='ltr'><strong><em>vitam</em></strong></span> <span class='ocrx_word' id='word_1_754' title='bbox 725 5375 1007 5432; x_wconf 89' lang='lat' dir='ltr'><strong><em>sanctam,</em></strong></span> <span class='ocrx_word' id='word_1_755' title='bbox 1041 5376 1095 5422; x_wconf 92' lang='lat' dir='ltr'><strong><em>et</em></strong></span> <span class='ocrx_word' id='word_1_756' title='bbox 1143 5366 1273 5437; x_wconf 92' lang='lat' dir='ltr'><strong><em>quia</em></strong></span> <span class='ocrx_word' id='word_1_757' title='bbox 1323 5365 1614 5421; x_wconf 91' lang='lat' dir='ltr'><strong><em>Dominum</em></strong></span> <span class='ocrx_word' id='word_1_758' title='bbox 1649 5368 1975 5438; x_wconf 87' lang='lat' dir='ltr'><strong><em>sequebatur</em></strong></span> <span class='ocrx_word' id='word_1_759' title='bbox 1998 5410 2013 5436; x_wconf 96' lang='lat'><strong><em>,</em></strong></span> <span class='ocrx_word' id='word_1_760' title='bbox 2049 5379 2097 5425; x_wconf 90' lang='lat' dir='ltr'><strong><em>et</em></strong></span> 
     </span>
    </p>
   </div>
   <div class='ocr_carea' id='block_1_101' title="bbox 531 5456 2099 5533">
    <p class='ocr_par' dir='ltr' id='par_1_101' title="bbox 531 5456 2099 5533">
     <span class='ocr_line' id='line_1_101' title="bbox 531 5456 2099 5533; baseline 0.006 -25"><span class='ocrx_word' id='word_1_761' title='bbox 531 5456 896 5525; x_wconf 89' lang='lat' dir='ltr'><strong><em>ministrabat,</em></strong></span> <span class='ocrx_word' id='word_1_762' title='bbox 921 5467 976 5512; x_wconf 89' lang='lat' dir='ltr'><strong><em>et</em></strong></span> <span class='ocrx_word' id='word_1_763' title='bbox 1004 5457 1298 5528; x_wconf 85' lang='lat' dir='ltr'><strong><em>spectatrix</em></strong></span> <span class='ocrx_word' id='word_1_764' title='bbox 1330 5458 1505 5513; x_wconf 86' lang='lat' dir='ltr'><strong><em>fuerat</em></strong></span> <span class='ocrx_word' id='word_1_765' title='bbox 1532 5461 1774 5514; x_wconf 81' lang='lat' dir='ltr'><strong><em>omnium</em></strong></span> <span class='ocrx_word' id='word_1_766' title='bbox 1803 5477 1924 5530; x_wconf 70' lang='lat' dir='ltr'><strong><em>qua:</em></strong></span> <span class='ocrx_word' id='word_1_767' title='bbox 1949 5472 2099 5533; x_wconf 81' lang='lat' dir='ltr'><strong><em>gesta</em></strong></span> 
     </span>
    </p>
   </div>
   <div class='ocr_carea' id='block_1_102' title="bbox 532 5546 2099 5624">
    <p class='ocr_par' dir='ltr' id='par_1_102' title="bbox 532 5546 2099 5624">
     <span class='ocr_line' id='line_1_102' title="bbox 532 5546 2099 5624; baseline 0.007 -24"><span class='ocrx_word' id='word_1_768' title='bbox 532 5546 748 5604; x_wconf 86' lang='lat' dir='ltr'><strong><em>fuerant</em></strong></span> <span class='ocrx_word' id='word_1_769' title='bbox 779 5551 923 5606; x_wconf 89' lang='lat' dir='ltr'><strong><em>circa</em></strong></span> <span class='ocrx_word' id='word_1_770' title='bbox 973 5566 1132 5620; x_wconf 90' lang='lat' dir='ltr'><strong><em>eum,</em></strong></span> <span class='ocrx_word' id='word_1_771' title='bbox 1165 5552 1291 5623; x_wconf 84' lang='lat' dir='ltr'><strong><em>quia</em></strong></span> <span class='ocrx_word' id='word_1_772' title='bbox 1329 5551 1421 5606; x_wconf 86' lang='lat' dir='ltr'><strong><em>lilii</em></strong></span> <span class='ocrx_word' id='word_1_773' title='bbox 1460 5552 1704 5624; x_wconf 67' lang='lat' dir='ltr'><strong><em>Zebedwi</em></strong></span> <span class='ocrx_word' id='word_1_774' title='bbox 1743 5555 1918 5609; x_wconf 86' lang='lat' dir='ltr'><strong><em>vocati</em></strong></span> <span class='ocrx_word' id='word_1_775' title='bbox 1971 5568 2099 5612; x_wconf 88' lang='lat' dir='ltr'><strong><em>sunt</em></strong></span> 
     </span>
    </p>
   </div>
   <div class='ocr_carea' id='block_1_103' title="bbox 640 5745 2016 5818">
    <p class='ocr_par' dir='ltr' id='par_1_103' title="bbox 640 5745 2016 5818">
     <span class='ocr_line' id='line_1_103' title="bbox 640 5745 2016 5818; baseline 0.02 -21"><span class='ocrx_word' id='word_1_776' title='bbox 640 5747 686 5818; x_wconf 53' lang='grc' dir='ltr'><strong><em>τ’</em></strong></span> <span class='ocrx_word' id='word_1_777' title='bbox 715 5745 903 5803; x_wconf 83' lang='lat' dir='ltr'><strong><em>Matth.</em></strong></span> <span class='ocrx_word' id='word_1_778' title='bbox 939 5746 1118 5815; x_wconf 73' lang='lat' dir='ltr'><strong><em>xx‘vu,</em></strong></span> <span class='ocrx_word' id='word_1_779' title='bbox 1169 5753 1258 5816; x_wconf 80' lang='lat'><strong><em>55,</em></strong></span> <span class='ocrx_word' id='word_1_780' title='bbox 1314 5753 1400 5807; x_wconf 81' lang='grc'><strong><em>56.</em></strong></span> <span class='ocrx_word' id='word_1_781' title='bbox 1479 5753 1671 5810; x_wconf 71' lang='grc' dir='ltr'><strong><em>³⁸15ῐὶῖο</em></strong></span> <span class='ocrx_word' id='word_1_782' title='bbox 1731 5772 1898 5818; x_wconf 62' lang='lat' dir='ltr'><strong><em>XXV”.</em></strong></span> <span class='ocrx_word' id='word_1_783' title='bbox 1939 5763 2016 5815; x_wconf 78' lang='grc' dir='ltr'><strong><em>Ηο</em></strong></span> 
     </span>
    </p>
   </div>
   <div class='ocr_carea' id='block_1_104' title="bbox 483 5817 1836 5890">
    <p class='ocr_par' dir='ltr' id='par_1_104' title="bbox 483 5817 1836 5890">
     <span class='ocr_line' id='line_1_104' title="bbox 483 5817 1836 5890; baseline 0.008 -19"><span class='ocrx_word' id='word_1_784' title='bbox 483 5875 488 5879; x_wconf 61' lang='grc'><strong>,</strong></span> <span class='ocrx_word' id='word_1_785' title='bbox 535 5818 583 5852; x_wconf 77' lang='grc'><strong><em>⁸⁵</em></strong></span> <span class='ocrx_word' id='word_1_786' title='bbox 605 5817 793 5874; x_wconf 73' lang='lat' dir='ltr'><strong><em>Matth.</em></strong></span> <span class='ocrx_word' id='word_1_787' title='bbox 840 5832 1022 5888; x_wconf 69' lang='lat' dir='ltr'><strong><em>xxv“,</em></strong></span> <span class='ocrx_word' id='word_1_788' title='bbox 1052 5821 1148 5887; x_wconf 77' lang='lat'><strong><em>57,</em></strong></span> <span class='ocrx_word' id='word_1_789' title='bbox 1192 5823 1277 5877; x_wconf 83' lang='lat'><strong><em>58.</em></strong></span> <span class='ocrx_word' id='word_1_790' title='bbox 1359 5823 1401 5856; x_wconf 83' lang='grc'>⁸³</span> <span class='ocrx_word' id='word_1_791' title='bbox 1433 5826 1559 5880; x_wconf 83' lang='lat' dir='ltr'><strong><em>ibid.</em></strong></span> <span class='ocrx_word' id='word_1_792' title='bbox 1610 5827 1712 5890; x_wconf 70' lang='lat'><strong><em>59,</em></strong></span> <span class='ocrx_word' id='word_1_793' title='bbox 1749 5827 1836 5882; x_wconf 79' lang='lat' dir='ltr'><strong><em>(il).</em></strong></span> 
     </span>
    </p>
   </div>
   <div class='ocr_carea' id='block_1_105' title="bbox 2124 5763 2536 5832">
    <p class='ocr_par' dir='ltr' id='par_1_105' title="bbox 2124 5763 2536 5832">
     <span class='ocr_line' id='line_1_105' title="bbox 2124 5763 2536 5832; baseline 0.015 -13"><span class='ocrx_word' id='word_1_794' title='bbox 2124 5763 2163 5797; x_wconf 84' lang='grc'><strong><em>³¹</em></strong></span> <span class='ocrx_word' id='word_1_795' title='bbox 2202 5764 2324 5822; x_wconf 84' lang='lat' dir='ltr'><strong><em>lsai.</em></strong></span> <span class='ocrx_word' id='word_1_796' title='bbox 2376 5785 2448 5832; x_wconf 82' lang='lat' dir='ltr'><strong><em>Ix,</em></strong></span> <span class='ocrx_word' id='word_1_797' title='bbox 2489 5770 2536 5825; x_wconf 87' lang='lat' dir='ltr'><strong><em>l.</em></strong></span> 
     </span>
    </p>
   </div>
   <div class='ocr_carea' id='block_1_106' title="bbox 2211 4639 3792 4711">
    <p class='ocr_par' dir='ltr' id='par_1_106' title="bbox 2211 4639 3792 4711">
     <span class='ocr_line' id='line_1_106' title="bbox 2211 4639 3792 4711; baseline -0.003 -15"><span class='ocrx_word' id='word_1_798' title='bbox 2211 4649 2628 4696; x_wconf 84' lang='lat' dir='ltr'><strong><em>monumentum</em></strong></span> <span class='ocrx_word' id='word_1_799' title='bbox 2669 4641 2799 4696; x_wconf 91' lang='lat' dir='ltr'><strong><em>illud</em></strong></span> <span class='ocrx_word' id='word_1_800' title='bbox 2833 4657 3034 4696; x_wconf 89' lang='lat' dir='ltr'><strong><em>novum</em></strong></span> <span class='ocrx_word' id='word_1_801' title='bbox 3064 4641 3210 4711; x_wconf 88' lang='lat' dir='ltr'><strong><em>quod</em></strong></span> <span class='ocrx_word' id='word_1_802' title='bbox 3241 4639 3414 4694; x_wconf 88' lang='lat' dir='ltr'><strong><em>fuerat</em></strong></span> <span class='ocrx_word' id='word_1_803' title='bbox 3449 4639 3700 4694; x_wconf 83' lang='lat' dir='ltr'><strong><em>excisum</em></strong></span> <span class='ocrx_word' id='word_1_804' title='bbox 3738 4639 3792 4692; x_wconf 91' lang='lat' dir='ltr'><strong><em>in</em></strong></span> 
     </span>
    </p>
   </div>
   <div class='ocr_carea' id='block_1_107' title="bbox 2212 4731 3788 4803">
    <p class='ocr_par' dir='ltr' id='par_1_107' title="bbox 2212 4731 3788 4803">
     <span class='ocr_line' id='line_1_107' title="bbox 2212 4731 3788 4803; baseline -0.003 -15"><span class='ocrx_word' id='word_1_805' title='bbox 2212 4743 2387 4802; x_wconf 90' lang='lat' dir='ltr'><strong><em>petra.</em></strong></span> <span class='ocrx_word' id='word_1_806' title='bbox 2421 4733 2487 4789; x_wconf 89' lang='lat' dir='ltr'><strong><em>Et</em></strong></span> <span class='ocrx_word' id='word_1_807' title='bbox 2517 4750 2585 4788; x_wconf 89' lang='lat' dir='ltr'><strong><em>ne</em></strong></span> <span class='ocrx_word' id='word_1_808' title='bbox 2615 4734 2895 4789; x_wconf 82' lang='lat' dir='ltr'><strong><em>existimes</em></strong></span> <span class='ocrx_word' id='word_1_809' title='bbox 2936 4733 3065 4803; x_wconf 90' lang='lat' dir='ltr'><strong><em>quia</em></strong></span> <span class='ocrx_word' id='word_1_810' title='bbox 3112 4732 3337 4787; x_wconf 84' lang='lat' dir='ltr'><strong><em>fortuito</em></strong></span> <span class='ocrx_word' id='word_1_811' title='bbox 3371 4731 3638 4800; x_wconf 86' lang='lat' dir='ltr'><strong><em>scriptum</em></strong></span> <span class='ocrx_word' id='word_1_812' title='bbox 3671 4739 3752 4785; x_wconf 87' lang='lat' dir='ltr'><strong><em>est</em></strong></span> <span class='ocrx_word' id='word_1_813' title='bbox 3773 4771 3788 4791; x_wconf 88' lang='lat'><strong><em>.</em></strong></span> 
     </span>
    </p>
   </div>
   <div class='ocr_carea' id='block_1_108' title="bbox 2208 4823 3788 4896">
    <p class='ocr_par' dir='ltr' id='par_1_108' title="bbox 2208 4823 3788 4896">
     <span class='ocr_line' id='line_1_108' title="bbox 2208 4823 3788 4896; baseline -0.003 -16"><span class='ocrx_word' id='word_1_814' title='bbox 2208 4835 2258 4880; x_wconf 92' lang='lat' dir='ltr'><strong><em>et</em></strong></span> <span class='ocrx_word' id='word_1_815' title='bbox 2309 4837 2502 4882; x_wconf 89' lang='lat' dir='ltr'><strong><em>eventu</em></strong></span> <span class='ocrx_word' id='word_1_816' title='bbox 2554 4826 2760 4882; x_wconf 87' lang='lat' dir='ltr'><strong><em>dictum</em></strong></span> <span class='ocrx_word' id='word_1_817' title='bbox 2797 4834 2914 4891; x_wconf 80' lang='lat' dir='ltr'><strong><em>est,</em></strong></span> <span class='ocrx_word' id='word_1_818' title='bbox 2944 4825 3204 4896; x_wconf 91' lang='lat' dir='ltr'><strong><em>quoniam</em></strong></span> <span class='ocrx_word' id='word_1_819' title='bbox 3241 4823 3464 4877; x_wconf 88' lang='lat' dir='ltr'><strong><em>involvit</em></strong></span> <span class='ocrx_word' id='word_1_820' title='bbox 3500 4838 3705 4892; x_wconf 84' lang='lat' dir='ltr'><strong><em>corpus</em></strong></span> <span class='ocrx_word' id='word_1_821' title='bbox 3738 4824 3788 4876; x_wconf 90' lang='lat' dir='ltr'><strong><em>in</em></strong></span> 
     </span>
    </p>
   </div>
   <div class='ocr_carea' id='block_1_109' title="bbox 2209 4916 3792 4998">
    <p class='ocr_par' dir='ltr' id='par_1_109' title="bbox 2209 4916 3792 4998">
     <span class='ocr_line' id='line_1_109' title="bbox 2209 4916 3792 4998; baseline -0.004 -22"><span class='ocrx_word' id='word_1_822' title='bbox 2209 4921 2437 4976; x_wconf 89' lang='lat' dir='ltr'><strong><em>sindone</em></strong></span> <span class='ocrx_word' id='word_1_823' title='bbox 2481 4920 2682 4976; x_wconf 85' lang='lat' dir='ltr'><strong><em>munda</em></strong></span> <span class='ocrx_word' id='word_1_824' title='bbox 2703 4963 2719 4988; x_wconf 98' lang='lat'><strong><em>,</em></strong></span> <span class='ocrx_word' id='word_1_825' title='bbox 2749 4931 2803 4976; x_wconf 91' lang='lat' dir='ltr'><strong><em>et</em></strong></span> <span class='ocrx_word' id='word_1_826' title='bbox 2832 4921 2888 4975; x_wconf 91' lang='lat' dir='ltr'><strong><em>in</em></strong></span> <span class='ocrx_word' id='word_1_827' title='bbox 2919 4916 3487 4998; x_wconf 74' lang='lat' dir='ltr'><strong><em>monumentoposuit</em></strong></span> <span class='ocrx_word' id='word_1_828' title='bbox 3516 4931 3662 4970; x_wconf 90' lang='lat' dir='ltr'><strong><em>novo</em></strong></span> <span class='ocrx_word' id='word_1_829' title='bbox 3687 4955 3703 4979; x_wconf 95' lang='lat'><strong><em>,</em></strong></span> <span class='ocrx_word' id='word_1_830' title='bbox 3737 4926 3792 4970; x_wconf 87' lang='lat' dir='ltr'><strong><em>et</em></strong></span> 
     </span>
    </p>
   </div>
   <div class='ocr_carea' id='block_1_110' title="bbox 2209 5010 3789 5083">
    <p class='ocr_par' dir='ltr' id='par_1_110' title="bbox 2209 5010 3789 5083">
     <span class='ocr_line' id='line_1_110' title="bbox 2209 5010 3789 5083; baseline -0.003 -17"><span class='ocrx_word' id='word_1_831' title='bbox 2209 5014 2338 5083; x_wconf 91' lang='lat' dir='ltr'><strong><em>quia</em></strong></span> <span class='ocrx_word' id='word_1_832' title='bbox 2368 5021 2782 5068; x_wconf 87' lang='lat' dir='ltr'><strong><em>monumentum</em></strong></span> <span class='ocrx_word' id='word_1_833' title='bbox 2819 5012 2948 5067; x_wconf 91' lang='lat' dir='ltr'><strong><em>illud</em></strong></span> <span class='ocrx_word' id='word_1_834' title='bbox 2971 5019 3090 5067; x_wconf 88' lang='lat' dir='ltr'><strong><em>erat</em></strong></span> <span class='ocrx_word' id='word_1_835' title='bbox 3116 5010 3359 5066; x_wconf 76' lang='lat' dir='ltr'><strong><em>excisum</em></strong></span> <span class='ocrx_word' id='word_1_836' title='bbox 3392 5010 3444 5063; x_wconf 91' lang='lat' dir='ltr'><strong><em>in</em></strong></span> <span class='ocrx_word' id='word_1_837' title='bbox 3472 5017 3650 5079; x_wconf 89' lang='lat' dir='ltr'><strong><em>petra,</em></strong></span> <span class='ocrx_word' id='word_1_838' title='bbox 3673 5024 3789 5062; x_wconf 57' lang='lat' dir='ltr'><strong><em>mo-</em></strong></span> 
     </span>
    </p>
   </div>
   <div class='ocr_carea' id='block_1_111' title="bbox 2207 5101 3787 5174">
    <p class='ocr_par' dir='ltr' id='par_1_111' title="bbox 2207 5101 3787 5174">
     <span class='ocr_line' id='line_1_111' title="bbox 2207 5101 3787 5174; baseline -0.003 -15"><span class='ocrx_word' id='word_1_839' title='bbox 2207 5116 2528 5160; x_wconf 79' lang='lat' dir='ltr'><strong><em>nomentum</em></strong></span> <span class='ocrx_word' id='word_1_840' title='bbox 2561 5106 2823 5160; x_wconf 91' lang='lat' dir='ltr'><strong><em>mundum</em></strong></span> <span class='ocrx_word' id='word_1_841' title='bbox 2860 5105 3002 5174; x_wconf 88' lang='lat' dir='ltr'><strong><em>quod</em></strong></span> <span class='ocrx_word' id='word_1_842' title='bbox 3047 5121 3077 5159; x_wconf 90' lang='lat' dir='ltr'><strong>a</strong></span> <span class='ocrx_word' id='word_1_843' title='bbox 3109 5118 3336 5172; x_wconf 89' lang='lat' dir='ltr'><strong><em>corpore</em></strong></span> <span class='ocrx_word' id='word_1_844' title='bbox 3369 5101 3496 5157; x_wconf 87' lang='lat' dir='ltr'><strong><em>Jesu</em></strong></span> <span class='ocrx_word' id='word_1_845' title='bbox 3528 5102 3787 5156; x_wconf 86' lang='lat' dir='ltr'><strong><em>mundius</em></strong></span> 
     </span>
    </p>
   </div>
   <div class='ocr_carea' id='block_1_112' title="bbox 2205 5192 3785 5269">
    <p class='ocr_par' dir='ltr' id='par_1_112' title="bbox 2205 5192 3785 5269">
     <span class='ocr_line' id='line_1_112' title="bbox 2205 5192 3785 5269; baseline -0.004 -15"><span class='ocrx_word' id='word_1_846' title='bbox 2205 5207 2323 5254; x_wconf 91' lang='lat' dir='ltr'><strong><em>erat</em></strong></span> <span class='ocrx_word' id='word_1_847' title='bbox 2347 5198 2549 5254; x_wconf 90' lang='lat' dir='ltr'><strong><em>factum</em></strong></span> <span class='ocrx_word' id='word_1_848' title='bbox 2581 5214 2744 5269; x_wconf 85' lang='lat' dir='ltr'><strong><em>quam</em></strong></span> <span class='ocrx_word' id='word_1_849' title='bbox 2772 5192 2956 5254; x_wconf 77' lang='lat' dir='ltr'><strong><em>fuerat</em></strong></span> <span class='ocrx_word' id='word_1_850' title='bbox 2993 5198 3310 5268; x_wconf 90' lang='lat' dir='ltr'><strong><em>priusquam</em></strong></span> <span class='ocrx_word' id='word_1_851' title='bbox 3340 5205 3634 5266; x_wconf 89' lang='lat' dir='ltr'><strong><em>poneretur</em></strong></span> <span class='ocrx_word' id='word_1_852' title='bbox 3656 5192 3785 5249; x_wconf 74' lang='lat' dir='ltr'><strong><em>Jesu</em></strong></span> 
     </span>
    </p>
   </div>
   <div class='ocr_carea' id='block_1_113' title="bbox 2208 5287 3783 5358">
    <p class='ocr_par' dir='ltr' id='par_1_113' title="bbox 2208 5287 3783 5358">
     <span class='ocr_line' id='line_1_113' title="bbox 2208 5287 3783 5358; baseline -0.004 -14"><span class='ocrx_word' id='word_1_853' title='bbox 2208 5303 2410 5358; x_wconf 88' lang='lat' dir='ltr'><strong><em>corpus</em></strong></span> <span class='ocrx_word' id='word_1_854' title='bbox 2439 5289 2493 5343; x_wconf 90' lang='lat' dir='ltr'><strong><em>in</em></strong></span> <span class='ocrx_word' id='word_1_855' title='bbox 2525 5304 2611 5345; x_wconf 89' lang='lat' dir='ltr'><strong><em>eo.</em></strong></span> <span class='ocrx_word' id='word_1_856' title='bbox 2648 5288 2871 5356; x_wconf 66' lang='lat' dir='ltr'><strong><em>Quaeres</em></strong></span> <span class='ocrx_word' id='word_1_857' title='bbox 2904 5298 3086 5344; x_wconf 86' lang='lat' dir='ltr'><strong><em>autem</em></strong></span> <span class='ocrx_word' id='word_1_858' title='bbox 3120 5289 3166 5344; x_wconf 91' lang='lat' dir='ltr'><strong><em>si</em></strong></span> <span class='ocrx_word' id='word_1_859' title='bbox 3198 5296 3325 5344; x_wconf 91' lang='lat' dir='ltr'><strong><em>sunt</em></strong></span> <span class='ocrx_word' id='word_1_860' title='bbox 3358 5287 3613 5342; x_wconf 91' lang='lat' dir='ltr'><strong><em>homines</em></strong></span> <span class='ocrx_word' id='word_1_861' title='bbox 3651 5287 3783 5339; x_wconf 81' lang='lat' dir='ltr'><strong><em>nihil</em></strong></span> 
     </span>
    </p>
   </div>
   <div class='ocr_carea' id='block_1_114' title="bbox 2207 5376 3781 5450">
    <p class='ocr_par' dir='ltr' id='par_1_114' title="bbox 2207 5376 3781 5450">
     <span class='ocr_line' id='line_1_114' title="bbox 2207 5376 3781 5450; baseline -0.003 -17"><span class='ocrx_word' id='word_1_862' title='bbox 2207 5380 2444 5449; x_wconf 90' lang='lat' dir='ltr'><strong><em>amplius</em></strong></span> <span class='ocrx_word' id='word_1_863' title='bbox 2478 5380 2740 5437; x_wconf 88' lang='lat' dir='ltr'><strong><em>habentes</em></strong></span> <span class='ocrx_word' id='word_1_864' title='bbox 2783 5397 2950 5450; x_wconf 90' lang='lat' dir='ltr'><strong><em>quam</em></strong></span> <span class='ocrx_word' id='word_1_865' title='bbox 2992 5395 3194 5450; x_wconf 89' lang='lat' dir='ltr'><strong><em>corpus</em></strong></span> <span class='ocrx_word' id='word_1_866' title='bbox 3217 5376 3368 5443; x_wconf 88' lang='lat' dir='ltr'><strong><em>Jesu,</em></strong></span> <span class='ocrx_word' id='word_1_867' title='bbox 3405 5379 3533 5431; x_wconf 86' lang='lat' dir='ltr'><strong><em>novi</em></strong></span> <span class='ocrx_word' id='word_1_868' title='bbox 3562 5377 3781 5446; x_wconf 82' lang='lat' dir='ltr'><strong><em>quidem</em></strong></span> 
     </span>
    </p>
   </div>
   <div class='ocr_carea' id='block_1_115' title="bbox 2208 5471 3781 5543">
    <p class='ocr_par' dir='ltr' id='par_1_115' title="bbox 2208 5471 3781 5543">
     <span class='ocr_line' id='line_1_115' title="bbox 2208 5471 3781 5543; baseline -0.003 -18"><span class='ocrx_word' id='word_1_869' title='bbox 2208 5481 2263 5525; x_wconf 90' lang='lat' dir='ltr'><strong><em>et</em></strong></span> <span class='ocrx_word' id='word_1_870' title='bbox 2286 5471 2454 5527; x_wconf 79' lang='lat' dir='ltr'><strong><em>excisi</em></strong></span> <span class='ocrx_word' id='word_1_871' title='bbox 2484 5475 2536 5526; x_wconf 91' lang='lat' dir='ltr'><strong><em>in</em></strong></span> <span class='ocrx_word' id='word_1_872' title='bbox 2574 5481 2723 5543; x_wconf 90' lang='lat' dir='ltr'><strong><em>petra</em></strong></span> <span class='ocrx_word' id='word_1_873' title='bbox 2745 5512 2761 5538; x_wconf 88' lang='lat'><strong><em>,</em></strong></span> <span class='ocrx_word' id='word_1_874' title='bbox 2791 5482 2845 5528; x_wconf 90' lang='lat' dir='ltr'><strong><em>et</em></strong></span> <span class='ocrx_word' id='word_1_875' title='bbox 2877 5481 3287 5528; x_wconf 90' lang='lat' dir='ltr'><strong><em>monumentum</em></strong></span> <span class='ocrx_word' id='word_1_876' title='bbox 3319 5482 3446 5527; x_wconf 91' lang='lat' dir='ltr'><strong><em>sunt</em></strong></span> <span class='ocrx_word' id='word_1_877' title='bbox 3471 5472 3593 5541; x_wconf 83' lang='lat' dir='ltr'><strong><em>ejus</em></strong></span> <span class='ocrx_word' id='word_1_878' title='bbox 3620 5486 3781 5524; x_wconf 81' lang='lat' dir='ltr'><strong><em>mun-</em></strong></span> 
     </span>
    </p>
   </div>
   <div class='ocr_carea' id='block_1_116' title="bbox 2207 5561 3778 5633">
    <p class='ocr_par' dir='ltr' id='par_1_116' title="bbox 2207 5561 3778 5633">
     <span class='ocr_line' id='line_1_116' title="bbox 2207 5561 3778 5633; baseline -0.001 -18"><span class='ocrx_word' id='word_1_879' title='bbox 2207 5561 2365 5629; x_wconf 90' lang='lat' dir='ltr'><strong><em>dum,</em></strong></span> <span class='ocrx_word' id='word_1_880' title='bbox 2398 5573 2449 5617; x_wconf 90' lang='lat' dir='ltr'><strong><em>et</em></strong></span> <span class='ocrx_word' id='word_1_881' title='bbox 2480 5564 2599 5620; x_wconf 88' lang='lat' dir='ltr'><strong><em>ideo</em></strong></span> <span class='ocrx_word' id='word_1_882' title='bbox 2625 5565 2761 5620; x_wconf 87' lang='lat' dir='ltr'><strong><em>salvi</em></strong></span> <span class='ocrx_word' id='word_1_883' title='bbox 2793 5564 3120 5620; x_wconf 85' lang='lat' dir='ltr'><strong><em>cliiciuutur.</em></strong></span> <span class='ocrx_word' id='word_1_884' title='bbox 3163 5563 3575 5633; x_wconf 86' lang='lat' dir='ltr'><strong><em>Consequenter</em></strong></span> <span class='ocrx_word' id='word_1_885' title='bbox 3602 5575 3691 5616; x_wconf 87' lang='lat' dir='ltr'><strong><em>aut</em></strong></span> <span class='ocrx_word' id='word_1_886' title='bbox 3728 5576 3778 5615; x_wconf 92' lang='lat' dir='ltr'><strong><em>m</em></strong></span> 
     </span>
    </p>
   </div>
   <div class='ocr_carea' id='block_1_117' title="bbox 2653 5765 3756 5839">
    <p class='ocr_par' dir='ltr' id='par_1_117' title="bbox 2653 5765 3756 5839">
     <span class='ocr_line' id='line_1_117' title="bbox 2653 5765 3756 5839; baseline -0.006 -14"><span class='ocrx_word' id='word_1_887' title='bbox 2653 5771 2696 5802; x_wconf 77' lang='grc'><strong><em>³⁸</em></strong></span> <span class='ocrx_word' id='word_1_888' title='bbox 2730 5768 2915 5826; x_wconf 81' lang='lat' dir='ltr'><strong><em>Matth.</em></strong></span> <span class='ocrx_word' id='word_1_889' title='bbox 2958 5788 3029 5839; x_wconf 80' lang='lat' dir='ltr'><strong><em>tv,</em></strong></span> <span class='ocrx_word' id='word_1_890' title='bbox 3077 5771 3157 5826; x_wconf 92' lang='lat' dir='ltr'><strong><em>ll.</em></strong></span> <span class='ocrx_word' id='word_1_891' title='bbox 3270 5772 3314 5804; x_wconf 83' lang='grc'><strong><em>⁸³</em></strong></span> <span class='ocrx_word' id='word_1_892' title='bbox 3346 5770 3482 5825; x_wconf 83' lang='lat' dir='ltr'><strong><em>Gen.</em></strong></span> <span class='ocrx_word' id='word_1_893' title='bbox 3520 5782 3660 5835; x_wconf 78' lang='lat' dir='ltr'><strong><em>xu,</em></strong></span> <span class='ocrx_word' id='word_1_894' title='bbox 3689 5765 3756 5819; x_wconf 55' lang='lat'><strong><em>“25</em></strong></span> 
     </span>
    </p>
   </div>
  </div>
