4004 6552
207 401 233 458 ι
243 399 340 458 797

1353 379 2002 459 conusuritnionuu
2037 393 2298 458 SERIES.

3321 400 3458 468 1798

201 530 259 578 et
291 519 382 575 alii
412 527 540 576 sunt
571 525 726 575 extra
755 533 852 575 eos
882 519 975 590 qui
1009 519 1212 576 habent
1244 517 1432 578 Jesum
1470 522 1738 578 viventem
1767 539 1780 575 :
1813 526 1859 580 Α
1884 530 1933 576 et
1957 517 2058 574 erit
2084 518 2398 573 novissimus
2428 533 2577 573 error
2606 521 2754 590 pejor
2786 524 2982 593 priore.
3016 527 3103 581 Ait
3136 537 3314 583 autem
3344 531 3454 587 illis

199 624 256 672 et
290 613 512 685 quidam
539 627 731 669 eorum
758 613 960 670 habent
991 615 1200 682 Jesum,
1231 627 1286 670 et
1313 624 1441 670 ante
1462 615 1776 686 passionem

198 707 494 771 viventem,
538 706 758 776 quidam
791 716 972 762 autem
1005 720 1378 778 resurgentem
1430 725 1460 764 a
1509 707 1776 773 mortuis,

199 796 426 867 quidam
457 795 758 852 secundum
783 798 928 868 quod
957 798 1144 855 multis
1168 809 1411 869 apparet,
1439 815 1547 854 non
1576 801 1778 856 haben-

201 897 312 943 tem
348 887 584 959 speciem
620 904 794 959 neque
827 889 1098 945 decorem.
1130 890 1232 946 Alii
1268 902 1448 948 autem
1487 892 1684 948 habent
1720 893 1774 947 in

201 978 433 1049 gloriam
465 979 844 1046 reformatum,
884 981 975 1036 alii
1005 991 1186 1038 autem
1213 983 1397 1039 vident
1426 1000 1550 1040 eum
1582 999 1775 1040 ascen-

201 1069 444 1138 dentem,
473 1080 526 1126 et
557 1081 776 1138 sperant
807 1088 929 1128 cum
965 1089 1030 1129 eo
1057 1074 1172 1144 rapi
1206 1074 1259 1128 in
1285 1075 1450 1141 nube,
1477 1084 1538 1130 ut
1563 1090 1778 1146 semper

204 1160 509 1216 habeantur
537 1177 662 1216 cum
709 1161 847 1232 ipso.
881 1161 1026 1231 Ergo
1077 1161 1362 1218 Matthaeus
1404 1178 1607 1218 novum
1656 1177 1778 1218 esse

203 1263 621 1308 monumentum
657 1252 1004 1322 conscripsit,
1040 1261 1094 1308 et
1127 1253 1180 1308 in
1211 1260 1364 1323 petra
1390 1253 1632 1309 excisum
1665 1267 1773 1306 non

201 1345 458 1415 exposuit
504 1344 812 1400 manifeste.
846 1347 911 1402 Et
957 1347 1101 1418 quod
1137 1361 1335 1401 novum
1368 1355 1486 1402 erat
1527 1345 1596 1400 ab
1625 1345 1776 1399 omni

199 1449 430 1506 corpore
468 1447 688 1493 mortuo
714 1438 1202 1494 manifestaverunt
1227 1437 1404 1494 Lucas
1433 1447 1487 1493 et
1515 1437 1774 1505 Joannes,

200 1542 438 1597 quorum
485 1545 629 1584 unus
672 1530 892 1599 quidem
926 1530 1100 1585 dixit:
1138 1528 1204 1584 In
1233 1546 1334 1601 quo
1387 1530 1617 1584 nondum
1660 1541 1773 1584 crat

200 1617 398 1686 aliquis
430 1619 633 1687 positus
660 1619 705 1650 ³⁸
734 1637 747 1673 :
781 1617 1018 1674 Joannes
1059 1628 1242 1675 autem
1269 1637 1282 1673 :
1312 1618 1378 1672 In
1407 1635 1508 1688 quo
1545 1619 1775 1672 nondum

199 1707 400 1778 aliquis
448 1709 653 1778 positus
700 1719 811 1764 erat
840 1710 925 1776 ³⁷;
958 1709 1121 1779 plane
1151 1710 1198 1764 si
1246 1725 1525 1779 nunquam
1577 1709 1776 1779 aliquis

196 1801 412 1872 positus
443 1799 621 1856 fuerat
661 1800 771 1867 ibi,
803 1809 993 1871 postea
1025 1809 1205 1857 autem
1247 1802 1407 1871 positi
1441 1811 1607 1870 sunt;
1648 1818 1775 1858 nam

198 1894 348 1965 quod
391 1893 564 1949 dicit:
603 1891 669 1946 In
695 1909 796 1963 quo
848 1893 1081 1948 nondum
1125 1896 1320 1966 aliquis
1374 1898 1576 1966 positus
1627 1906 1776 1966 erat,

199 1992 360 2038 caute
399 1982 877 2039 considerantibus
909 1984 1133 2038 verbum
1163 1985 1268 2040 hoc
1294 1985 1648 2057 signiﬁcatur.
1689 1986 1776 2042 Di-

200 2069 380 2123 cimus
408 2083 538 2140 ergo
573 2085 639 2124 ne
667 2069 810 2124 forte
841 2070 1159 2140 simpliciter
1194 2072 1491 2144 intelligere
1515 2075 1776 2130 debemus

199 2159 350 2214 hunc
375 2159 578 2225 locum,
603 2160 862 2230 quoniam
883 2161 975 2231 qui
1000 2161 1138 2216 dixit
1157 2163 1232 2215 “z
1259 2159 1567 2233 Consepulti
1593 2180 1774 2218 sumus

199 2250 415 2307 Christo
453 2267 546 2320 per
597 2251 948 2320 baptismum,
999 2262 1048 2308 et
1098 2255 1522 2308 consurreximus
1577 2255 1666 2320 ei,
1720 2256 1773 2310 in

199 2352 564 2399 monumento
619 2358 761 2398 novo
810 2353 863 2399 et
912 2344 1236 2415 intelligibili
1282 2346 1468 2401 exciso
1518 2345 1572 2400 in
1625 2355 1774 2416 petra

201 2436 560 2506 consepultus
587 2445 671 2492 est
712 2446 766 2491 et
807 2435 922 2506 ipse
964 2446 1085 2506 post
1129 2436 1408 2492 Christum
1438 2453 1560 2494 cum
1613 2437 1777 2492 Chri~

205 2536 326 2592 sto,
350 2535 405 2582 et
436 2541 628 2584 omnes
661 2528 754 2598 qui
796 2528 1101 2598 consepulti
1135 2537 1263 2583 sunt
1304 2529 1524 2583 Christo
1574 2528 1629 2583 in
1674 2529 1774 2584 ba-

205 2619 410 2688 pliSlﬂO
444 2627 504 2674 ut
553 2627 840 2690 resurgant
884 2635 1008 2674 cum
1042 2634 1106 2674 θο
1137 2633 1202 2674 ex
1243 2634 1386 2674 DOVO
1422 2628 1776 2676 monumento

206 2710 556 2782 primogeniti
607 2725 674 2766 ex
729 2711 991 2775 mortuis,
1047 2719 1101 2765 et
1170 2711 1225 2766 in
1285 2711 1540 2767 omnibus
1575 2711 1776 2781 prima-

201 2811 320 2856 tum
379 2801 634 2858 tenentis.
694 2800 876 2857 Volvit
933 2809 1115 2856 autem
1163 2800 1363 2872 Joscph
1412 2817 1521 2857 non
1565 2803 1774 2872 lapides

202 2893 408 2948 multos
441 2892 506 2947 ad
535 2893 736 2947 ostium
778 2892 1149 2958 monumenti,
1181 2892 1272 2948 sed
1307 2908 1474 2947 unum
1495 2932 1510 2958 ,
1558 2903 1613 2948 et
1658 2909 1778 2948 ma-

202 2997 371 3052 gnum
391 3023 408 3048 ,
443 2991 496 3037 et
521 2982 786 3051 majorem
810 2998 971 3053 quam
998 2991 1209 3053 poterat
1239 2997 1361 3038 esse
1399 2983 1771 3039 insidiantium

202 3075 404 3138 virtus,
431 3089 539 3129 non
566 3082 745 3128 tamen
774 3076 1033 3144 majorem
1060 3090 1222 3145 quam
1247 3075 1422 3129 virtus
1454 3085 1570 3130 erat
1600 3076 1775 3146 angeli

203 3165 588 3221 descendentis
614 3166 680 3220 de
704 3166 864 3230 caelo,
901 3174 955 3220 et
982 3166 1304 3222 revolventis
1333 3167 1400 3221 ab
1429 3183 1494 3223 eo
1517 3167 1771 3238 lapidem,

200 3269 258 3312 et
286 3257 523 3313 sedentis
551 3273 713 3328 super
758 3260 933 3329 ipsum
964 3277 976 3313 :
1007 3259 1261 3329 quoniam
1291 3259 1472 3315 omnia
1503 3275 1623 3331 quae
1647 3270 1776 3316 sunt

203 3351 351 3406 circa
387 3366 587 3420 corpus
622 3351 824 3406 Christi
857 3351 1007 3418 Jesu,
1035 3353 1234 3406 munda
1266 3362 1416 3420 sunt,
1451 3362 1506 3408 et
1534 3369 1693 3422 nova,
1723 3362 1778 3410 et

203 3458 312 3497 non
341 3443 661 3514 simpliciter
689 3459 904 3515 magna,
945 3445 1036 3499 sed
1067 3444 1220 3499 valde
1253 3445 1434 3499 omnia
1468 3462 1686 3517 magna.

276 3534 400 3589 144.
441 3533 574 3588 Erat
609 3546 783 3589 autem
819 3535 888 3588 ibi
922 3535 1099 3589 Maria
1138 3535 1488 3606 Magdalena,
1528 3547 1575 3591 et
1607 3536 1775 3591 altera

203 3624 406 3690 Maria,
429 3627 657 3680 sedentes
672 3636 853 3680 contra
867 3626 1160 3696 sepulcrum
1181 3628 1244 3680 ³⁸.
1260 3627 1388 3682 Post
1405 3629 1519 3683 hazc
1539 3629 1777 3684 Charitas

201 3718 438 3773 duarum
469 3717 784 3786 Mariarum,
824 3717 1172 3789 Magdalenaa,
1203 3727 1255 3772 et
1291 3719 1480 3775 matris
1506 3719 1694 3774 Jacobi
1721 3727 1777 3774 et

201 3808 443 3880 Joscph,
499 3810 770 3880 colligavit
820 3825 914 3865 eas
961 3810 1026 3865 ad
1076 3819 1490 3864 monumentum
1541 3825 1772 3876 novum,

207 3912 432 3974 propter
451 3918 652 3972 corpus
678 3901 805 3957 Jesu
833 3903 975 3972 quod
1003 3901 1180 3957 fuerat
1208 3903 1301 3958 ibi.
1326 3901 1392 3956 Et
1418 3903 1520 3958 hoc
1547 3903 1775 3959 observa

203 3997 467 4066 quoniam
491 3997 744 4065 superius
763 3996 882 4050 dua:
904 3995 1020 4050 ista:
1048 3995 1249 4059 Marias,
1274 4005 1328 4051 et
1349 4005 1519 4050 mater
1541 3996 1773 4051 ﬁliorum

204 4087 474 4156 Zebedaai,
505 4102 670 4157 quam
699 4086 1078 4142 existimamus
1111 4087 1435 4156 ipsaiu‘esse
1468 4076 1738 4141 Salome-m
1758 4127 1773 4152 ,

205 4181 274 4235 de
321 4181 480 4249 longe
537 4180 855 4248 spectabant
903 4179 1168 4232 mirabilia
1229 4194 1350 4248 qua:
1410 4178 1463 4232 in
1522 4178 1776 4247 passione

202 4269 407 4326 Christi
443 4269 663 4336 fiebant,
695 4277 750 4324 ct
787 4283 986 4338 corpus
1015 4268 1134 4338 ejus
1164 4283 1488 4338 suspensum
1521 4269 1573 4322 in
1605 4267 1772 4338 ligno.

204 4361 310 4417 Hic
361 4371 541 4416 autem
577 4376 683 4416 non
739 4368 1155 4430 permanserunt
1207 4369 1358 4415 tres:
1404 4368 1577 4413 mater
1629 4361 1774 4413 enim

205 4453 444 4508 ﬁliorum
476 4451 717 4507 Zebedazi
751 4467 856 4505 non
897 4451 1156 4506 scribitur
1195 4465 1320 4504 cum
1361 4448 1528 4503 Maria
1560 4448 1776 4518 Magda-

204 4547 329 4603 leua
363 4556 418 4602 et
450 4562 574 4602 cum
614 4545 1008 4614 Mariabmatre
1033 4543 1219 4597 Jacobi
1250 4551 1305 4598 et
1333 4540 1565 4610 Josepli,
1611 4540 1772 4595 simul
1809 4576 1853 4630 υ

203 4639 367 4711 931
422 4638 609 4693 sedere
665 4645 854 4692 contra
927 4635 1259 4704 sepulcrum.
1317 4632 1566 4688 Forsitan
1627 4632 1773 4687 enim

207 4749 382 4806 usque
411 4733 516 4787 hoc
570 4729 852 4801 pervenire
902 4727 1078 4798 potuit
1124 4734 1299 4779 mater
1338 4723 1571 4778 ﬁliorum
1607 4722 1777 4779 Zebe-

205 4826 342 4891 daei;
371 4824 487 4880 ista:
539 4829 743 4884 autem,
771 4817 929 4888 quasi
977 4816 1212 4886 majores
1257 4815 1310 4869 in
1353 4815 1639 4880 charitate,
1677 4830 1775 4869 ne-

205 4934 314 4990 que
345 4918 431 4971 his
461 4930 582 4985 quae
614 4921 801 4984 postea
828 4921 977 4981 gesta
1015 4918 1144 4962 sunt
1181 4905 1492 4962 defuerunt.

277 5009 403 5065 MS.
441 5005 624 5061 Altera
655 5011 829 5058 autem
868 5001 974 5063 die,
1013 5015 1129 5070 qua:
1152 5009 1227 5052 est
1261 5006 1376 5067 post
1411 4994 1771 5060 Parascevem,

203 5109 549 5159 convenerunt
597 5095 854 5166 principes
909 5091 1238 5145 sacerdotum
1296 5098 1345 5142 et
1384 5087 1650 5142 Phariswi
1704 5091 1772 5140 ad

203 5196 468 5258 Pilatum,
502 5190 731 5244 dicentes
761 5201 778 5238 :
813 5183 1052 5244 Domine,
1087 5177 1418 5234 rememorati
1439 5194 1616 5230 sumus
1637 5177 1774 5246 quod

202 5290 296 5345 ille
329 5286 573 5341 seductor
601 5281 735 5334 dixit
776 5277 947 5331 adhuc
971 5276 1144 5330 vivens
1177 5289 1195 5327 :
1237 5272 1367 5326 Post
1395 5271 1607 5324 tertium
1636 5269 1775 5322 diem

203 5393 495 5450 resurgam.
553 5372 688 5427 lube
719 5385 841 5440 ergo
889 5367 1146 5422 custodiri
1187 5365 1481 5433 sepulcrum
1532 5378 1692 5432 usque
1723 5361 1774 5412 in

202 5475 343 5527 diem
369 5469 604 5532 tertium,
634 5479 698 5518 ne
727 5463 861 5532 forte
902 5461 1112 5514 veniant
1143 5455 1390 5526 discipuli
1440 5455 1574 5524 ejus,
1608 5465 1656 5507 et
1691 5454 1777 5522 {no

202 5573 388 5619 rentur
408 5576 548 5626 eum,
573 5565 622 5611 et
659 5555 839 5610 dicant
865 5552 1002 5621 plebi
1033 5567 1052 5606 .'
1102 5549 1409 5605 Resurrexit
1444 5564 1477 5600 a
1513 5547 1774 5609 mortuis;

311 5687 357 5718 “
387 5685 520 5738 Luc.
556 5695 718 5743 xxiii,
758 5678 846 5732 53.

197 5759 244 5789 “
271 5755 430 5811 Joan.
458 5769 517 5816 ιι,
553 5753 640 5806 19.
716 5749 759 5781 δ’
794 5746 982 5800 Matth.
1033 5761 1178 5810 xxvi,
1211 5745 1299 5800 (il.

202 5845 267 5888 ιι.
299 5827 386 5883 19.
463 5825 504 5855 ⁸⁷
536 5821 725 5877 Matth.
760 5833 928 5881 xxvu.
957 5817 1044 5872 03.

955 5676 997 5708 ³⁷
1035 5673 1190 5728 Joan.
1241 5689 1355 5740 xix,
1405 5670 1491 5725 41.

1605 5669 1646 5700 ³⁸
1672 5667 1828 5721 Rom.
1880 5683 1956 5732 vr,
2005 5666 2059 5720 4.

1395 5741 1438 5774 ³⁸³
1470 5739 1660 5795 Matth.
1689 5753 1854 5803 xxvii,
1884 5737 1973 5792 63.

1829 672 1848 688 .
1884 611 2146 665 Pilatus:
2184 610 2400 664 Habetis
2444 613 2720 677 custodes;
2767 617 2856 683 ite,
2900 622 3155 676 custodite
3184 624 3316 676 sicut
3353 629 3458 679 sci-

1889 701 1979 755 tis.
2030 700 2124 754 Illi
2150 711 2325 754 autem
2356 710 2533 756 euntes
2567 705 2865 761 munierunt
2899 711 3216 779 sepulcrum,
3242 717 3456 784 signan-

1891 802 1966 847 tes
2006 793 2239 861 lapidem
2277 807 2396 844 cunt
2428 795 2733 848 custodibus
2769 795 2835 850 ⁸ο.
2873 796 3118 857 Rationis
3170 815 3252 858 est
3295 809 3430 859 inter

1881 900 2071 956 rogare
2091 887 2362 957 principes
2390 887 2731 943 sacerdotum
2777 891 2870 960 qui
2919 907 3178 949 venerunt
3219 900 3283 950 ad
3320 899 3452 950 l'ila—

1885 983 2021 1042 tum,
2051 967 2376 1032 utdicerent
2409 978 2523 1033 haec
2568 993 2690 1047 qua:
2741 980 3018 1036 dixerunt.
3055 981 3241 1048 Dicite,
3279 1006 3454 1040 san-:-

1879 1067 2056 1136 dotes,
2084 1085 2208 1124 cum
2233 1069 2463 1124 dixisset
2501 1068 2663 1126 Jesus
2687 1070 2728 1102 “
2767 1090 2779 1124 :
2825 1071 3295 1144 Solviteiemplum
3341 1083 3433 1132 Ιιηιη

1876 1167 1924 1212 et
1957 1154 2049 1229 eg'o
2074 1159 2128 1212 in
2148 1159 2324 1212 triduo
2353 1159 2488 1212 illud
2514 1162 2804 1226 suscitabo,
2843 1163 2908 1216 ad
2941 1164 3084 1232 quod
3121 1172 3454 1235 propositur.

1878 1262 2002 1302 cum
2035 1250 2240 1304 dixisse
2267 1252 2538 1320 putastis?
2594 1267 2662 1306 an
2699 1252 2767 1308 de
2814 1254 3086 1309 solutione
3116 1266 3168 1310 et
3217 1274 3458 1314 resurre~

1879 1339 2067 1394 ctione
2089 1341 2336 1410 corporis
2374 1342 2495 1396 sui?
2539 1358 2606 1396 an
2653 1343 2719 1397 de
2768 1345 2952 1414 templi
3008 1346 3376 1403 destructione
3407 1365 3459 1404 et

1877 1435 2222 1500 reparatione
2242 1433 2455 1503 ipsius?
2486 1432 2541 1488 Si
2568 1434 2713 1489 enim
2744 1435 3088 1493 intellexistis
3113 1440 3215 1505 sic,
3239 1443 3363 1509 quia
3392 1445 3458 1496 de

1877 1525 2284 1578 resurrectione
2325 1540 2424 1579 sua
2472 1525 2577 1579 ista
2604 1525 2838 1591 dicebat,
2883 1529 3158 1598 quomodo
3208 1534 3454 1588 testimo-

1876 1614 2027 1669 nium
2054 1614 2246 1670 dantes
2267 1615 2530 1670 adversus
2559 1632 2684 1670 eum
2711 1617 2946 1684 dixistis,
2973 1621 3231 1690 quoniam
3259 1623 3346 1677 hic
3375 1625 3456 1677 di-

1877 1703 1994 1760 xit:
2053 1705 2282 1760 Possum
2331 1707 2599 1762 destruere
2653 1709 2903 1778 templum
2958 1711 3074 1774 hoc,
3111 1723 3160 1766 et
3202 1714 3254 1766 in
3280 1715 3455 1767 triduo

1878 1797 2200 1866 rerediﬁcare
2222 1798 2356 1853 illud
2378 1801 2422 1832 ι’
2444 1801 2466 1854 ?
2490 1799 2545 1854 Si
2569 1810 2748 1856 autem
2777 1818 2904 1857 vere
2933 1804 3000 1857 de
3032 1807 3230 1875 templo
3261 1806 3354 1861 illo
3375 1807 3457 1861 in-

1811 1886 2190 1960 Btellexistis,
2247 1889 2544 1944 secundum
2607 1891 2752 1960 quod
2802 1901 2855 1946 et
2909 1895 3278 1950 testimonium
3320 1913 3457 1967 pra:-

1880 1977 2097 2043 buistis,
2131 1979 2276 2034 unde
2307 1979 2472 2036 modo
2523 1981 2676 2037 scitis
2704 1983 2966 2052 quoniam
3001 1984 3134 2041 dixit
3192 1997 3315 2057 post
3346 1998 3455 2045 tres

1877 2071 1993 2126 dies
2019 2086 2048 2125 a
2076 2072 2310 2128 mortuis
2338 2087 2396 2127 se
2448 2079 2927 2132 resurrecturum?
2983 2077 3118 2133 Vide
3165 2096 3294 2152 ergo
3319 2097 3457 2152 quo-

1878 2161 2042 2217 modo
2073 2162 2322 2232 impietas
2361 2163 2595 2233 seipsam
2654 2167 2770 2222 suis
2817 2167 2996 2222 verbis
3028 2180 3321 2240 expugnat.
3353 2171 3456 2226 Per

1878 2253 1994 2309 haec
2015 2253 2158 2309 enim
2192 2255 2356 2309 verba
2388 2255 2489 2324 ipsi
2545 2257 2918 2313 testimonium
2975 2275 3134 2316 suum
3163 2262 3291 2316 illud
3324 2277 3455 2318 com

1879 2345 2158 2411 demnant,
2189 2347 2448 2416 quoniam
2485 2362 2611 2403 vere
2636 2349 2998 2420 intelligentes
3026 2368 3150 2408 cum
3177 2355 3244 2410 de
3277 2372 3456 2412 resur-

1835 2435 2118 2490 xrectione
2152 2436 2397 2505 corporis
2421 2436 2506 2490 sui
2532 2436 2623 2491 illa
2650 2437 2850 2502 dicere,
2884 2448 2936 2494 et
2969 2441 3202 2498 scientes
3227 2458 3455 2499 conver--

1879 2534 2060 2580 terunt
2111 2541 2392 2583 sermones
2433 2527 2552 2598 ejus
2582 2530 2650 2583 ad
2695 2530 3121 2587 destructionem
3154 2543 3207 2588 et
3237 2551 3452 2604 repara—

1879 2618 2084 2672 tionem
2117 2618 2265 2673 illius
2294 2620 2626 2676 insensibilis
2676 2623 2883 2692 templi.
2927 2624 3119 2681 Adhuc
3151 2640 3330 2682 autem
3374 2629 3457 2682 in-

1881 2718 2136 2781 terrogo:
2171 2708 2315 2776 Quid
2347 2711 2549 2773 dicitis,
2583 2714 2928 2770 sacerdotes?
2967 2731 3158 2788 nempe
3210 2721 3338 2788 quia
3369 2719 3455 2774 di-

1879 2801 2036 2856 cebat
2072 2802 2436 2858 hominibus:
2487 2803 2617 2858 Post
2681 2817 2783 2859 tres
2837 2805 2949 2861 dies
3002 2824 3270 2879 resurgam
3303 2809 3368 2876 ”,
3403 2819 3458 2866 et

1877 2901 2088 2947 secreto
2136 2895 2429 2948 mandabat
2467 2894 2750 2964 discipulis
2793 2898 2908 2951 suis
2958 2907 3017 2952 ut
3049 2899 3302 2956 furentur
3328 2918 3453 2957 eum

1879 2992 2044 3038 noctu
2075 2992 2128 3038 et
2153 2985 2336 3039 dicant
2364 2994 2484 3054 post
2507 2994 2616 3040 tres
2649 2987 2764 3041 dies
2789 2990 2916 3056 quia
2947 2992 3185 3045 surrexit
3226 3008 3257 3046 ιι
3308 3009 3454 3048 mor-

1880 3077 2008 3130 tuis.
2038 3073 2140 3130 Sed
2172 3077 2274 3131 hoc
2303 3093 2367 3130 ex
2401 3077 2504 3131 hoc
2543 3079 2660 3148 ipso
2692 3079 3011 3136 incredibile
3043 3091 3146 3147 est,
3180 3092 3302 3151 post
3330 3092 3451 3138 tan-

1882 3177 1964 3221 tos
1991 3182 2274 3223 sermones
2306 3169 2540 3224 moralcs
2575 3183 2714 3238 quos
2767 3169 2819 3222 in
2869 3172 3070 3241 p0pulo
3117 3173 3300 3228 docuit
3328 3176 3450 3228 uui-

1803 3236 1844 3293 C
1881 3275 2060 3328 verso,
2091 3270 2143 3315 et
2176 3271 2300 3331 post
2332 3261 2466 3316 tales
2491 3270 2546 3316 et
2583 3270 2762 3318 tantas
2808 3263 3037 3318 virtutes
3070 3280 3207 3334 quas
3255 3266 3453 3335 ubique

1881 3352 1936 3406 in
1970 3352 2120 3407 omni
2147 3349 2332 3406 Judaza
2365 3351 2623 3416 ostendit,
2657 3362 2713 3407 ut
2746 3350 2955 3406 falleret
2987 3353 3282 3423 discipulos
3323 3370 3453 3412 suos

1877 3444 2081 3509 verbis,
2115 3457 2172 3498 ut
2211 3444 2371 3498 etiam
2407 3444 2506 3514 ipsi
2534 3445 2814 3515 culparent
2849 3445 2949 3501 ista
2999 3447 3370 3512 mandantem,
3400 3457 3454 3502 et

1877 3535 1999 3590 ideo
2029 3551 2369 3605 nequaquam
2409 3534 2644 3590 facerent
2677 3538 2819 3606 quod
2849 3537 3162 3602 mandabat,
3211 3541 3450 3594 maxime

1879 3636 2097 3697 propter
2123 3627 2423 3695 periculum
2463 3627 2606 3695 quod
2642 3628 2960 3682 imminebat
2985 3629 3064 3683 eis
3101 3645 3129 3683 a
3154 3632 3372 3698 populo,
3404 3631 3450 3685 si

1878 3719 2264 3772 confiterentur
2289 3733 2413 3770 eum
2450 3717 2542 3785 qui
2579 3727 2702 3771 ante
2757 3719 3030 3772 modicum
3065 3719 3239 3773 fuerat
3268 3721 3448 3776 cruei-

1879 3809 2038 3869 fixus,
2069 3816 2122 3862 et
2149 3807 2424 3862 doctorem
2453 3821 2510 3860 se
2544 3806 2744 3860 habere
2773 3815 2825 3860 et
2852 3806 3155 3862 Christum.
3184 3808 3238 3862 Si
3267 3818 3449 3864 autem

1877 3901 1983 3955 hoc
2011 3898 2216 3954 dixisse
2246 3913 2370 3952 eum
2416 3897 2730 3952 incredibile
2785 3907 2890 3964 est,
2926 3899 3052 3952 vide
3105 3901 3205 3953 nisi
3257 3916 3451 3956 conse-

1876 4007 2051 4062 quens
2082 4001 2164 4046 est
2189 3999 2248 4045 ut
2295 3989 2437 4044 sicut
2477 3989 2721 4059 prodigia
2756 3989 2904 4053 fecit,
2947 4001 3004 4044 ut
3031 3991 3174 4045 sicut
3207 3990 3449 4062 Evaugca

1877 4085 2008 4138 lium
2035 4099 2195 4138 suum
2247 4081 2645 4152 praedicandum
2706 4082 2758 4134 in
2805 4091 2917 4135 toto
2947 4083 3150 4136 mundo
3175 4085 3445 4152 praedixit,

1875 4188 1930 4232 et
1954 4177 2095 4232 sicut
2121 4195 2134 4230 :
2163 4175 2296 4229 Ante
2330 4173 2574 4243 prtesides
2605 4181 2652 4226 et
2691 4189 2829 4240 reges
2858 4173 3065 4226 stabilis
3089 4174 3154 4236 “,
3191 4183 3242 4228 et
3268 4175 3406 4230 sicut
3432 4194 3445 4230 :

1875 4266 2174 4322 Jerusalem
2211 4267 2508 4318 destruetur
2561 4263 2624 4316 ab
2668 4268 2900 4318 exercitu
2931 4265 3013 4329 u";
3069 4265 3148 4319 sic
3186 4267 3332 4319 etde
3363 4284 3449 4321 re-

1878 4357 2214 4414 surrectione
2240 4371 2336 4411 sua
2370 4355 2616 4424 praedixit
2648 4355 2790 4422 quod
2820 4357 2895 4408 ait
2923 4374 2934 4408 :
2977 4355 3174 4409 Solvite
3201 4360 3446 4427 templum

1877 4451 1994 4516 hoc,
2024 4460 2071 4503 et
2099 4465 2190 4518 ego
2241 4449 2296 4500 in
2332 4447 2506 4500 triduo
2544 4445 2809 4498 suscitabo
2844 4447 3012 4514 ipsum
3051 4446 3116 4501 ⁸⁵.
3157 4448 3445 4518 Propterea

1881 4552 1928 4595 ct
1968 4541 2021 4594 in
2052 4538 2423 4610 prazjudicium
2458 4552 2616 4591 suum
2662 4535 2825 4590 locuti
2875 4548 3002 4590 sunt
3062 4541 3370 4595 sacerdotes
3395 4550 3447 4595 et

1883 4630 2136 4686 Pharisaei
2167 4631 2232 4684 ad
2282 4628 2510 4682 Pilatum
2542 4628 2803 4691 dicentes,
2860 4629 3117 4696 quoniam
3173 4631 3262 4684 ille
3295 4633 3449 4684 sedu-

1880 4722 2150 4776 ctordixit
2189 4721 2360 4774 adhuc
2396 4721 2587 4784 vivens,
2617 4721 2866 4790 quoniam
2928 4731 3044 4789 post
3090 4730 3193 4774 tres
3231 4723 3340 4777 dies
3375 4739 3450 4777 re-

1879 4834 2091 4886 surgam
2126 4815 2192 4869 ".
2222 4813 2409 4868 Adhuc
2441 4822 2620 4868 autem
2661 4812 2781 4866 vide
2818 4813 3075 4880 quoniam
3112 4813 3331 4882 quidam
3357 4831 3448 4868 ve.-

1879 4908 2090 4962 nientes
2111 4905 2178 4960 de
2209 4905 2526 4959 custodibus
2577 4904 2629 4957 in
2689 4903 2981 4969 civitatem,
3039 4906 3445 4969 nuntiaverunt,

1881 5015 1987 5054 non
2018 4998 2160 5059 aliis,
2196 4995 2289 5052 sed
2323 4996 2454 5065 ipsis
2483 4995 2819 5064 principibus
2860 4995 3222 5057 sacerdotum,
3264 4995 3445 5048 omnia

1882 5101 2216 5158 qmecunque
2247 5085 2461 5140 fuerant
2494 5084 2656 5150 facta,
2683 5094 2741 5138 ut
2773 5099 2836 5138 ex
2862 5086 3007 5138 omni
3043 5095 3192 5153 parte
3225 5085 3447 5139 inexcu-

1883 5180 2069 5235 sabilis
2091 5193 2279 5232 eorum
2308 5176 2670 5231 constituatur
2702 5174 2986 5243 impietas:
3033 5175 3107 5227 illi
3133 5185 3309 5228 autem
3348 5191 3446 5230 nec

1880 5271 1960 5326 sic
2011 5265 2301 5323 miserrimi
2351 5265 2736 5334 acquieverunt
2780 5263 3120 5318 documentis
3173 5265 3356 5330 tantis,
3388 5275 3447 5319 ut

1882 5361 2221 5430 susciperent
2247 5357 2375 5427 quia
2419 5354 2579 5410 Jesus
2607 5363 2723 5410 erat
2747 5354 3030 5418 Christus;
3085 5354 3178 5408 sed
3228 5365 3282 5408 et
3323 5363 3445 5424 post

1883 5452 2065 5508 omnia
2097 5451 2210 5505 haec
2232 5447 2669 5518 malignabantur
2713 5456 2932 5516 prOpter
2978 5446 3230 5500 duritiam
3267 5447 3446 5501 cordis

1883 5545 1989 5601 sui.
2027 5541 2177 5597 Sicut
2232 5540 2543 5594 induratum
2584 5537 2759 5592 fuerat
2802 5553 2899 5594 cor
2941 5536 3239 5591 Pharaonis
3285 5547 3448 5606 super

2139 5665 2182 5695 ³⁹
2221 5662 2408 5717 Matth.
2466 5677 2634 5726 xxvii,
2697 5661 2785 5714 GI.
2861 5659 2906 5691 ⁸ο
2943 5659 3072 5712 ibid.
3121 5657 3190 5712 62
3217 5665 3268 5711 et
3292 5672 3443 5727 seqq.

2076 5739 2122 5775 ’δι
2157 5734 2318 5789 Marc.
2359 5749 2452 5789 xui
2481 5773 2496 5800 ,
2525 5735 2577 5787 9.
2657 5731 2700 5762 ⁸³
2735 5731 2864 5786 Luc.
2895 5744 3012 5798 xxi,
3042 5729 3134 5783 Ἡ.
3211 5729 3257 5761 ’⁸⁸
3284 5726 3444 5784 Joan.
