4004 6546
518 393 523 396 ο
566 367 705 424 1799

2045 354 2378 414 ORIGENIS

3699 360 3829 417 £800

562 487 730 544 tantis
750 492 806 540 et
837 484 1040 539 talibus
1067 480 1332 554 prodigiis
1377 495 1501 552 qua
1546 478 1601 534 in
1656 475 1890 551 Egypto
1923 475 2139 531 fuerant
2178 487 2225 543 Α
2259 475 2461 532 milites
2516 471 2799 529 dormiunt
2848 473 3240 544 abundantius,
3301 483 3358 530 et
3386 476 3472 532 sic
3518 474 3835 537 furarentur

561 579 704 635 facta
729 577 795 642 ⁸⁸,
822 576 901 631 sic
925 583 981 631 et
1009 575 1099 630 isti
1132 585 1258 631 sunt
1294 573 1553 637 indurati,
1584 580 1645 626 ut
1670 569 1985 640 congregati
2015 583 2141 624 cum

560 667 891 730 senioribus,
926 676 980 721 et
1007 665 1298 742 consilium
1350 663 1702 733 accipientes,
1742 661 1938 716 darent
1976 674 2145 729 pecu-

561 761 705 815 niam
734 759 936 824 avaris,
972 766 1033 812 ut
1062 757 1280 811 dicant:
1311 756 1451 821 Quia
1477 752 1728 822 discipuli
1748 751 1861 821 ejus
1884 750 2142 804 venientes

560 863 738 915 noctu,
786 851 955 919 furati
1001 857 1124 902 sunt
1170 864 1315 911 eum,
1359 847 1741 900 dormientibus
1791 842 1939 897 nobis
1970 841 2055 906 ‘9;
2094 849 2150 896 et

560 945 654 1014 qui
684 943 936 1012 legebant
965 941 1018 993 in
1049 940 1164 1008 lege
1218 939 1266 971 ⁵ο
1302 957 1315 992 :
1377 935 1499 991 Non
1549 936 1746 1006 falsum
1791 933 2148 988 testimonium

559 1036 722 1099 dices,
742 1034 904 1089 etiam
932 1031 1069 1086 alios
1087 1031 1152 1084 ad
1183 1029 1384 1085 falsum
1410 1028 1789 1084 testimonium
1818 1025 2145 1089 invitabant,

561 1129 930 1199 expendentes
955 1118 1244 1197 pecuniam
1300 1123 1552 1187 multam,
1599 1130 1659 1175 ut
1691 1119 1893 1174 milites
1924 1115 2147 1188 quidem

562 1220 757 1275 falsum
798 1218 1169 1274 testimonium
1197 1217 1406 1283 dicant,
1462 1223 1684 1284 propter
1728 1210 2012 1267 avaritiam
2054 1222 2149 1278 pe-

561 1313 753 1367 riculis
787 1326 847 1365 se
886 1311 1184 1366 subdentes
1211 1309 1256 1365 si
1284 1307 1525 1364 furatum
1578 1314 1722 1360 esset
1753 1318 1956 1373 corpus
1993 1299 2146 1364 Jesu,

559 1405 843 1473 praesidem
875 1415 1057 1459 autem
1092 1403 1266 1457 multo
1307 1399 1479 1468 magis
1508 1399 1813 1468 placarent,
1845 1403 1899 1450 et
1930 1394 1978 1449 ei
2020 1408 2149 1448 sua-

558 1496 748 1550 derent
787 1496 954 1550 tantis
982 1494 1229 1565 pecuniis
1274 1491 1497 1563 quantis
1530 1498 1750 1560 poterat
1798 1502 1999 1558 praeses
2025 1485 2146 1556 pla-

558 1587 671 1640 cari
710 1603 722 1638 :
753 1585 867 1640 sive
895 1594 1079 1640 autem
1132 1592 1187 1638 et
1231 1582 1512 1654 precibus,
1539 1580 1787 1634 volentes
1830 1592 2023 1632 eruere
2051 1589 2148 1630 eos

556 1677 623 1731 de
645 1677 903 1747 periculis
948 1676 1214 1732 adversus
1260 1675 1474 1744 seipsos
1508 1671 1710 1728 falsum
1766 1670 2143 1726 testimonium

554 1769 927 1839 praebuerunt,
951 1767 1198 1823 dicentes
1254 1775 1446 1822 contra
1475 1764 1824 1835 disciplinam
1850 1762 2143 1816 militarem

2249 576 2446 631 corpus
2469 559 2619 617 Jesu.
2648 560 2714 617 Et
2746 561 2861 618 bazc
2881 563 3062 617 omnia
3090 564 3419 632 gerebantur
3457 566 3529 620 ab
3561 570 3836 635 operanti-

2250 652 2354 706 bus
2379 653 2673 708 contrariis
2704 652 2997 708 virtutibus
3025 662 3216 710 contra
3245 653 3453 711 Christi
3500 658 3835 727 doctrinam,

2248 742 2692 798 exiStimantibus
2720 743 2976 813 quoniam
2999 752 3253 807 poterant
3278 746 3636 816 exstinguere
3668 763 3699 801 a
3732 749 3837 803 vita

2247 833 2555 898 hominum,
2591 833 2658 887 de
2716 842 3113 889 resurrectione
3161 835 3376 890 Domini
3427 839 3835 908 providentiam

2247 924 2366 990 Dei,
2395 934 2450 981 et
2495 925 2676 980 ﬁdem.
2726 924 2793 980 Et
2837 926 2980 981 sicut
3032 927 3199 982 nimia
3257 928 3465 984 duritia
3524 928 3837 988 Pharaonis

2248 1032 2359 1073 non
2384 1026 2469 1074 est
2499 1018 2704 1073 mollita
2739 1018 2922 1074 audtis
2972 1020 3234 1089 prodigiis
3260 1019 3418 1077 lactis
3449 1037 3553 1092 per
3582 1021 3835 1095 Moysen,

2250 1112 2354 1178 sic,
2390 1121 2486 1167 aut
2513 1112 2769 1183 amplius,
2800 1114 3004 1170 duritia
3028 1115 3212 1171 cordis
3237 1116 3473 1171 istorum
3506 1133 3623 1173 non
3656 1121 3839 1176 solum

2250 1203 2411 1258 factis
2436 1205 2606 1275 signis
2647 1215 2699 1259 et
2750 1206 3012 1278 prodigiis
3054 1222 3165 1262 non
3198 1218 3281 1263 est
3311 1208 3471 1270 ﬁexa.
3502 1211 3603 1265 sed
3662 1228 3840 1282 neque

2247 1298 2571 1354 custodibus
2602 1299 2980 1356 nuntiantibus
3019 1301 3386 1368 crediderunt,
3422 1303 3523 1373 qui
3568 1314 3840 1359 venerant

2248 1390 2303 1445 in
2333 1391 2638 1459 civitatem,
2695 1402 2750 1447 et
2797 1393 3188 1448 nuntiaverunt
3241 1394 3426 1449 omnia
3485 1411 3838 1465 quaecunque

2249 1482 2468 1539 fuerant
2515 1485 2679 1541 facta.
2733 1484 2798 1540 Et
2847 1485 3119 1539 Pharaoni
3144 1487 3363 1555 quidem
3388 1487 3603 1541 dictum
3632 1498 3716 1541 est
3748 1488 3837 1539 ⁸¹ε

2249 1574 2332 1628 Ad
2355 1575 2451 1629 hoc
2481 1576 2651 1645 ipsum
2688 1586 2737 1630 te
2766 1576 3043 1639 suscitari,
3100 1584 3156 1627 ut
3188 1576 3464 1628 ostendam
3498 1576 3555 1627 in
3582 1585 3635 1629 te
3673 1576 3843 1627 virtu-

2249 1675 2352 1721 tem
2380 1683 2571 1731 meam,
2600 1678 2650 1722 et
2694 1677 2753 1721 ut
2791 1668 3138 1721 annuntietur
3183 1683 3372 1721 nomen
3397 1684 3573 1721 meum
3627 1668 3681 1720 in
3714 1668 3841 1720 uni-

2247 1776 2396 1814 versa
2425 1769 2603 1821 terra;
2645 1760 2779 1814 istos
2813 1769 2994 1813 autem
3027 1760 3368 1829 supportavit
3404 1760 3841 1829 magnanimitas

556 1861 897 1916 obdormisse
924 1875 982 1915 se
1033 1875 1164 1915 tunc
1201 1866 1353 1915 tanto
1384 1871 1600 1921 somno,
1631 1865 1691 1911 ut
1721 1855 1971 1926 discipuli
2025 1855 2144 1909 ausi
2178 1843 2219 1898 Β
2248 1850 2365 1914 Dei,
2395 1859 2456 1905 ut
2483 1866 2579 1921 per
2612 1867 2737 1904 vasa
2764 1850 2861 1906 irte
2887 1860 3190 1921 praeparata
3231 1850 3284 1903 in
3331 1851 3616 1904 interitum
3651 1852 3699 1882 ⁸⁸
3746 1852 3844 1905 ﬁat

556 1960 741 2008 essent
759 1951 947 2008 venire
969 1951 1157 2016 simul,
1207 1959 1264 2005 et
1290 1949 1470 2014 multi,
1513 1948 1850 2004 conﬁdentes
1876 1946 2137 2017 quoniam

2246 1946 2395 2002 salus
2429 1946 2480 1999 in
2511 1944 2782 2014 gentibus.

554 2116 3795 2154 Μ

1194 2237 1878 2398 SANCTI
2077 2237 3184 2393 HIERONYMI

1098 2623 1100 2627 γ
1703 2465 2443 2605 PROLOGUS
2520 2467 2644 2548 (θο)

826 2696 952 2786 ΙΝ
1025 2687 2067 2785 EXPLANATIONEM
2151 2693 2244 2780 S.
2318 2693 2659 2784 LUCzE
2733 2692 2874 2781 AB
2947 2691 3532 2790 ORIGENE.

1084 2844 1179 2907 (Ex
1198 2844 1418 2894 editione
1440 2842 1669 2901 Vallarsi,
1695 2840 1821 2905 Opp.
1848 2840 1899 2892 S.
1935 2841 2249 2901 Hieronymi.
2273 2841 2501 2903 Veronae,
2531 2842 2760 2907 1766.72,
2787 2850 2904 2896 tom.
2923 2843 3033 2906 VII,
3061 2858 3112 2908 p.
3135 2844 3272 2908 245.)

624 3021 791 3093 932
827 3021 963 3076 Ante
995 3036 1193 3090 paucos
1230 3020 1343 3075 dies
1381 3020 1733 3091 quorumdam
1761 3021 1818 3075 in
1845 3020 2163 3077 Mattltteum
2187 3033 2235 3076 et
2267 3023 2323 3076 in
2352 3020 2553 3075 Lucam
2590 3019 3011 3077 Commentarios
3044 3038 3132 3077 vos
3173 3022 3357 3092 legisse
3383 3022 3627 3089 dixistis,
3659 3039 3692 3078 e
3713 3023 3838 3094 qui.

554 3112 648 3168 bus
672 3113 809 3167 alter
842 3121 888 3167 et
918 3113 1154 3169 sensibus
1182 3112 1333 3167 hebes
1363 3121 1517 3179 esset,
1546 3124 1592 3168 et
1646 3114 1857 3180 verbis;
1906 3114 2045 3170 alter
2090 3117 2143 3169 in
2179 3115 2346 3169 verbis
2397 3115 2621 3177 luderet,
2654 3116 2711 3168 in
2759 3116 3034 3170 sententiis
3077 3116 3412 3171 dormitaret.
3463 3115 3835 3181 Quamobrem

550 3210 757 3277 petistis
792 3218 851 3262 ut
913 3209 1223 3279 contemptis
1254 3208 1562 3264 istiusmodi
1595 3209 1771 3279 nugis,
1794 3209 1985 3264 saltem
2011 3212 2233 3281 triginta
2256 3221 2305 3265 et
2334 3226 2514 3265 novem
2544 3210 2654 3281 (9i)
2680 3210 2992 3265 Adamantii
3022 3212 3193 3266 nostri
3220 3212 3277 3267 in
3308 3210 3510 3268 Lucam
3545 3212 3831 3277 homilias,

553 3303 691 3357 sicut
714 3303 769 3355 in
794 3300 976 3357 Graeco
1001 3302 1280 3368 habentur,
1314 3304 1625 3372 interpreter
1650 3320 1669 3357 .'
1698 3304 1977 3359 molestam
2013 3322 2120 3360 rem
2148 3318 2196 3361 et
2224 3318 2483 3361 tormento
2509 3306 2758 3368 similem,
2790 3307 2983 3373 alieno,
3013 3316 3069 3362 ut
3093 3310 3171 3363 ait
3204 3308 3430 3372 Tullius,
3465 3310 3754 3364 stomacho
3782 3319 3833 3363 et

555 3413 656 3450 non
694 3413 789 3451 suo
814 3396 1037 3451 scribere
1068 3413 1086 3451 :
1113 3414 1271 3467 quam
1307 3407 1480 3451 tamen
1510 3399 1711 3453 idcirco
1739 3416 1878 3455 nunc
1907 3401 2126 3471 faciam,
2151 3405 2278 3473 quia
2312 3403 2628 3457 sublimiora
2650 3420 2755 3457 non
2783 3404 3022 3473 poscitis.
3056 3402 3332 3474 Siquidem
3356 3402 3493 3457 illud
3510 3403 3659 3474 quod
3698 3405 3831 3457 olim

556 3490 736 3545 Romw
762 3499 947 3544 sancta
992 3490 1233 3545 Blazsilla
1256 3491 1613 3562 ﬂagitaverat,
1645 3502 1703 3546 ut
1737 3494 1922 3566 viginti
1958 3496 2187 3566 quinque
2218 3496 2332 3566 (92)
2366 3505 2534 3550 tomos
2563 3496 2712 3550 illius
2754 3498 2808 3551 in
2853 3496 3189 3562 Matthteum,
3217 3507 3266 3551 et
3310 3498 3538 3568 quinque
3578 3498 3725 3551 alios
3772 3499 3826 3551 in

554 3582 782 3653 Lucam,
813 3596 862 3640 et
896 3586 1115 3657 triginta
1144 3587 1278 3641 duos
1308 3588 1422 3659 (95)
1459 3587 1512 3641 in
1540 3586 1832 3657 Joannem,
1862 3601 2057 3645 nostra:
2092 3591 2288 3662 lingua:
2312 3591 2599 3660 traderem,
2633 3609 2724 3647 nec
2752 3593 2944 3646 virium
2977 3608 3238 3659 mearum,
3269 3608 3358 3645 nec
3390 3593 3512 3652 otii,
3546 3608 3647 3645 nec
3669 3590 3827 3645 labo-

554 3676 631 3730 ris
671 3686 770 3730 est.
803 3678 1119 3747 Perspicitis
1155 3677 1316 3742 enim,
1352 3686 1609 3749 quantum
1646 3679 1786 3749 apud
1821 3696 1903 3733 me
1942 3688 1992 3734 et
2033 3681 2326 3735 auctoritas
2370 3690 2564 3747 vestra,
2597 3690 2647 3734 et
2694 3680 2935 3735 voluntas
2968 3679 3125 3735 valet.
3157 3679 3493 3735 Prcetermisi
3535 3680 3825 3759 paululum

555 3769 948 3825 Hebraicarum
991 3769 1367 3835 Quaestionum
1412 3771 1598 3836 libros,
1628 3780 1685 3823 ut
1725 3770 1795 3824 ad
1838 3769 2123 3826 arbitrium
2156 3782 2384 3827 vestrum
2415 3772 2696 3827 lucrativis
2737 3775 2906 3843 operis
2955 3773 3085 3835 haec,
3119 3772 3507 3842 qualiacunque
3537 3784 3689 3836 sunt,
3718 3790 3822 3828 non

555 3884 692 3931 mea,
721 3866 815 3921 sed
839 3866 1015 3921 aliena
1035 3866 1296 3920 dictarem
1329 3881 1348 3920 :
1376 3867 1673 3936 praesertim
1697 3883 1817 3921 cum
1841 3884 1873 3921 a
1905 3868 2125 3922 sinistro
2148 3871 2376 3924 oscinem
2413 3886 2626 3925 carrum
2668 3871 2885 3924 audiam
2912 3871 3256 3923 crocitantem
3282 3867 3417 3942 (94),
3444 3879 3497 3922 et
3534 3870 3735 3923 mirum
3770 3873 3823 3924 in

555 3963 768 4016 modum
796 3963 860 4016 de
892 3970 1204 4016 cunctarum
1235 3963 1410 4017 avium
1452 3964 1622 4017 ridere
1654 3963 1938 4029 coloribus,
1971 3981 2091 4019 cum
2139 3976 2280 4020 totus
2318 3968 2430 4035 ipse
2458 3968 2759 4022 tenebrosus
2803 3968 2894 4022 sit.
2930 3965 3130 4020 Fateor
3175 3967 3354 4036 itaque
3400 3977 3691 4038 antequam
3732 3970 3824 4024 ille

552 4056 794 4125 objiciat,
828 4056 881 4110 in
906 4056 985 4110 his
1013 4055 1291 4127 Origencm
1320 4059 1638 4112 tractatibus
1668 4060 1821 4129 quasi
1846 4077 2068 4131 puerum
2096 4060 2207 4133 (95)
2240 4062 2364 4117 talis
2394 4063 2574 4118 ludere
2597 4078 2616 4117 :
2645 4063 2757 4118 alia
2783 4072 2907 4117 sunt
2943 4062 3121 4117 virilia
3144 4064 3279 4135 ejus,
3302 4071 3354 4117 et
3391 4062 3504 4117 alia
3533 4067 3822 4120 senectutis

625 4174 672 4205 ⁸⁸
707 4172 877 4228 Exod.
913 4190 1010 4242 vn,
1037 4174 1089 4231 5.
1166 4173 1210 4208 ’δ’
1236 4174 1426 4232 Matth.
1456 4178 1764 4242 xxvtn,13.
1841 4177 1887 4210 ⁵ο
1923 4177 2095 4234 Exod.
2128 4196 2153 4234 x

2254 4180 2338 4237 l5.
2414 4182 2459 4215 ⁸¹
2496 4180 2668 4238 Exod.
2704 4198 2781 4248 ιχ,
2813 4181 2901 4238 16.
2976 4181 3022 4213 ⁸³
3062 4179 3220 4236 Rom.
3255 4197 3330 4247 ix,
3363 4181 3454 4235 22.

625 4293 739 4364 (90)
759 4293 911 4351 Hane
932 4296 1104 4375 ipsam
1128 4312 1191 4375 ex
1221 4297 1431 4367 integro
1452 4298 1824 4375 praefationem
1848 4309 2123 4375 postrema
2150 4314 2193 4372 ο
2227 4304 2386 4369 bant,
2419 4306 2639 4375 triginta
2669 4321 2851 4360 novem
2871 4344 2887 4368 ,
2924 4313 3019 4358 aut
3045 4305 3548 4375 trigintaiquatuor,
3588 4321 3693 4374 pro
3719 4308 3818 4358 tri-

551 4367 817 4444 duntaxat
849 4367 1079 4444 periodo
1105 4367 1476 4444 detruncata,
1531 4372 1723 4424 reeitat
1752 4370 1822 4444 ad
1851 4367 2122 4444 invidiam
2159 4367 2192 4372 ⁷
2225 4367 2379 4444 ginta
2405 4367 2569 4440 duos,
2621 4392 2785 4444 quam
2821 4367 3221 4430 leetionem'ex
3274 4367 3455 4428 Rulini
3496 4367 3815 4432 testimonio

553 4437 865 4515 Drigeniani
912 4437 1151 4515 nominis
1204 4437 1532 4515 Hieronme
1567 4441 1856 4495 creandam
1893 4439 2123 4499 Ruﬁnus
2225 4437 2592 4515 reposuimus.
2640 4437 2912 4501 Eusebius
2957 4447 3119 4500 modo
3152 4445 3373 4500 laudato
3413 4445 3560 4499 Hist.
3602 4446 3811 4501 Eccles.

557 4505 1489 4597 lttttfflivgttgttdliul)‘.dictauit:gl:
1714 4596 1731 4597 ᾧ
2031 4594 2039 4597 Δ
2082 4586 2094 4597 ⁸
2226 4505 2366 4597 libro
2417 4517 2556 4596 duos
2574 4526 2782 4571 tantum
2817 4525 2870 4570 et
2902 4516 3092 4597 viginti
3124 4532 3192 4571 ex
3228 4516 3328 4570 hac
3350 4519 3622 4597 universa
3649 4518 3809 4597 Gonn-

625 4577 737 4645 (9l)
780 4575 1105 4631 Sull'eeimus
1136 4594 1203 4652 ex
1236 4578 1414 4652 Ruﬁni
1451 4579 1680 4652 lectione
1709 4596 1996 4652 numerum
2023 4586 2124 4638 tri-
2224 4587 2615 4642 mentariorum
2664 4596 2814 4642 strue
2857 4575 3006 4641 novit
3045 4603 3059 4639 :
3105 4602 3294 4641 verum
3346 4586 3583 4642 fortasse
3610 4599 3671 4643 et
3702 4589 3811 4652 ibi,

554 4646 702 4729 ginta
729 4656 777 4699 et
805 4661 1014 4729 novem,
1058 4649 1241 4729 qui_in
1272 4650 1690 4729 vulgatisantea
1736 4651 1889 4729 libris
1916 4654 2121 4729 deerat,
2225 4657 2444 4724 triginta
2487 4660 2650 4724 duos,
2694 4657 2979 4729 legendum
3032 4666 3136 4712 est.
3182 4654 3339 4713 Nunc
3375 4657 3465 4711 vix
3510 4646 3813 4728 supersunt

556 4723 617 4789 ut
646 4728 866 4779 omnes,
910 4725 1073 4789 atque
1106 4718 1437 4789 adeo_mu|to
1463 4720 1545 4773 his
1574 4720 1754 4789 plures
1788 4722 2041 4779 homitias
2067 4727 2120 4778 in
2223 4718 2436 4780 no'vem.

555 4783 757 4866 {queam
786 4799 868 4866 ex
895 4783 1439 4866 AdamantioLatiue
1479 4783 1800 4866 reddidisse
1824 4793 2118 4866 videretur.
2291 4798 2404 4866 (94)
2442 4796 2824 4851 Calumniatur
2852 4794 3107 4866 Ruﬁnus,
3139 4798 3318 4852 notari
3352 4795 3443 4852 hic
3472 4799 3572 4852 abs
3608 4798 3807 4855 Hiero-

552 4852 690 4910 Nam
738 4854 911 4937 multo
940 4857 1133 4937 plures
1164 4855 1334 4937 fuisse
1374 4856 1711 4937 ab_0t_'igene
1754 4859 2118 4937 elucubratas,
2223 4852 2517 4935 nyiuokub
2542 4867 2691 4937 corvi
2713 4867 2932 4922 nomine
2958 4865 3015 4922 S.
3041 4852 3393 4923 Ambrosium
3420 4884 3432 4920 :
3463 4852 3807 4937 primum'ex

2221 4950 2309 5007 eo,
2334 4936 2473 5007 quod
2499 4937 2642 5007 apud
2666 4936 2886 4991 Latinos
2920 4939 3089 5007 ipsius
3114 4948 3322 4993 tantum
3358 4951 3408 4994 et
3450 4936 3555 4992 non
3578 4942 3803 4995 alterius

2222 5006 2277 5083 in
2311 5005 2994 5083 .Lucamnliomntentarius
3039 5007 3308 5083 ferebatur
3331 5028 3349 5064 :
3387 5009 3610 5074 deinde,
3654 5014 3802 5083 quo]

2222 5075 2506 5149 ipsiusmet
2530 5075 2840 5148 Hieronymi
2866 5075 3114 5147 penes'se
3149 5080 3390 5142 haberet,
3418 5075 3724 5149 epistolam,
3748 5085 3801 5136 in

2221 5160 2323 5221 qua
2351 5146 2448 5221 Itoc
2478 5147 2652 5216 ipsum
2682 5146 2747 5221 de
2771 5146 2895 5202 aliis
2919 5165 3181 5205 excusans
3204 5193 3218 5215 ,
3247 5153 3303 5205 in
3343 5146 3496 5205 illum
3529 5154 3803 5221 (Ambro-

2221 5217 2727 5291 sium)co_nverterit
2775 5221 3149 5287 suspicionem.
3184 5221 3352 5275 Nemo
3383 5217 3567 5276 autem
3599 5226 3683 5277 vel
3714 5225 3800 5291 ju-

2221 5299 2349 5362 [ηρ
2376 5289 2571 5341 Ruﬁno
2602 5291 2805 5362 credat,
2829 5291 2880 5343 id
2906 5291 3113 5362 sentire
3144 5292 3211 5347 de
3236 5293 3526 5362 Ambrosio
3554 5289 3798 5362 potuisse

2223 5355 2279 5409 S.
2315 5354 2566 5429 Patrem,
2596 5359 2689 5428 qui
2735 5374 2859 5413 eum
2909 5360 3132 5429 plurimi
3181 5363 3442 5417 continuo
3484 5354 3649 5427 fecit,
3698 5379 3797 5420 nec

2220 5442 2345 5479 raro
2373 5428 2425 5498 in
2447 5430 2570 5498 suis
2601 5429 2754 5484 libris
2783 5445 2881 5498 pro
2907 5428 2971 5487 re
2998 5444 3121 5487 nata
3153 5433 3414 5487 laudavit.

2292 5497 2404 5572 (95)
2445 5496 2838 5572 Restituimus,
2916 5518 3170 5571 puerum,
3218 5516 3318 5571 pro
3370 5518 3481 5572 quo
3534 5504 3792 5560 mendose

2220 5566 2516 5636 legebatur,
2543 5570 2758 5643 iterum.
2772 5570 2897 5627 Mox
2916 5566 3165 5643 quoque,
3182 5566 3786 5639 ludere,'emendamus,

2222 5652 2320 5706 pro
2345 5648 2631 5715 corrupto,
2666 5640 2904 5715 luderem
2939 5640 2958 5697 Ξ
3000 5640 3137 5715 quas
3168 5643 3428 5698 lectiones
3448 5660 3524 5715 ex
3555 5647 3635 5699 rei
3667 5660 3790 5699 sen-

2222 5722 2427 5784 susque
2471 5712 2728 5774 veritate,
2783 5709 2967 5768 Ruﬁni
3017 5709 3253 5784 insuper
3300 5713 3594 5769 accedente
3643 5716 3789 5768 tasti-

2223 5779 2407 5899 ἷηῖηὲρ
2429 5819 2443 5844 ,
2482 5783 2926 5852 comprobanms.
2965 5785 3069 5841 Pro
3099 5779 3225 5839 talis
3274 5784 3329 5839 in
3363 5785 3486 5840 altis
3511 5786 3666 5841 libris
3689 5797 3787 5846 est,

2249 5866 2277 5899 ll
2318 5864 2347 5899 τι
2376 5864 2439 5899 ιδ.

2249 5864 2439 5903 αοαιιδ.

553 4940 679 4981 cum
722 4926 888 4998 alibi,
935 4936 1067 4998 tum,
1096 4928 1150 4982 in
1191 4929 1427 4998 praeﬁxa
1453 4926 1601 4983 huic'
1624 4937 1773 4984 tonio
1807 4926 2122 4998 praefatione

552 4996 911 5075 ostendimus.
935 4996 1161 5075 71mg
1193 4996 1353 5053 Patr.
1397 4996 1608 5053 Latina:
1648 5010 1689 5055 t.
1735 4996 1934 5067 XXVI,
1982 5005 2117 5075 Opp.

555 5067 613 5122 S.
647 5066 868 5121 Hieron.
902 5079 939 5122 t.
976 5066 1086 5122 VII.
1122 5067 1277 5123 Em'r.

625 5138 738 5213 (92)
781 5136 987 5193 Vitiose
1011 5148 1065 5193 et
1090 5138 1230 5213 falso
1258 5138 1347 5213 hic
1379 5139 1659 5213 legebatur
1684 5151 1864 5213 antea,
1898 5144 2121 5213 triginta

551 5222 673 5280 sex,
694 5209 933 5278 itemque
961 5224 1124 5278 penes
1152 5208 1409 5264 Ruﬁnum
1431 5208 1453 5273 ,7
1473 5212 1660 5280 viginti
1682 5228 1790 5268 rex.
1816 5208 2121 5269 Nihil'vero

550 5278 917 5354 dubitavimus
944 5281 1265 5354 restituere,
1313 5280 1498 5349 viginti
1521 5278 1763 5354 guinque
1784 5326 1799 5349 ,
1841 5285 1990 5354 quod
2021 5300 2121 5340 nec

554 5346 744 5424 plures
785 5364 885 5403 nec
933 5352 1219 5424 pauciores
1248 5346 1476 5424 ipsemet
1514 5346 1877 5424 Hieronymus
1908 5355 1961 5409 in
1993 5370 2120 5424 pro-

551 5416 672 5493 logo
704 5415 994 5493 Comment.
1018 5421 1072 5472 in
1108 5415 1421 5474 Matt/iamut
1449 5415 2008 5493 Anutnerethegisse;
2035 5425 2120 5478 iu-

591 5487 696 5566 uit,
737 5503 815 5566 me
847 5488 1018 5555 lateor
1050 5502 1168 5544 ante
1202 5491 1655 5566 unnoslplurimos
1697 5494 1753 5547 in
1800 5487 2117 5549 Hattltwum

605 5556 794 5623 rigenis
814 5572 1023 5633 fleturi
1048 5576 1275 5623 QUINQUE
1312 5556 1579 5633 volumina
1603 5579 1622 5616 :
1643 5563 1695 5617 in
1724 5579 1884 5633 quem
1921 5580 2114 5619 nume-

549 5638 671 5677 rum
699 5634 776 5697 _et
814 5624 1078 5697 Eusebius
1121 5631 1389 5685 consentit
1439 5632 1534 5687 lib.
1579 5649 1633 5686 γι
1688 5624 1886 5688 Eccles.
1942 5633 2112 5697 Htst.,

549 5708 670 5776 cap.
699 5693 796 5776 '56._
822 5694 947 5776 Haec
974 5713 1193 5776 quoque
1214 5710 1369 5756 vetus
1392 5712 1515 5776 erat
1544 5704 1828 5776 verissima
1870 5704 2029 5760 lectio
2060 5693 2115 5760 in

549 5764 676 5817 olim
709 5764 940 5829 vulgatis
966 5764 1354 5824 Invectivarum
1391 5770 1570 5827 Ruﬁni
1599 5775 1899 5829 codicibus.

621 5834 734 5904 (95)
774 5833 872 5890 llic
902 5850 1119 5908 quoque
1149 5838 1286 5895 falso
1316 5842 1446 5897 editi
1491 5843 1612 5898 libri
1638 5858 1828 5901 omnes
1862 5844 2115 5914 praefere-
