4002 6568
524 420 549 460 ἰ
557 402 664 462 803

1991 395 2314 456 ORIGENIS

3673 407 3806 464 1801

521 537 641 588 nes,
666 527 721 575 et
747 518 926 576 Lucas
950 531 1061 573 non
1087 523 1216 574 sunt
1239 515 1417 572 conati
1448 514 1729 582 scribere;
1760 516 1852 571 sed
1900 515 2104 588 Spiritu
2135 524 2182 581 Α
2211 517 2330 583 Dei,
2357 515 2555 589 quibus
2589 517 2737 574 illam
2776 519 3054 591 aspiciunt
3077 520 3174 594 qui
3208 531 3491 578 merentur
3541 521 3724 578 Porro
3753 525 3805 576 in

520 620 714 669 sancto
742 611 886 680 pleni
928 611 1269 680 scripserunt
1295 608 1606 679 Evangelia.
1634 609 1786 664 Multi
1815 611 1980 682 igitur
2006 628 2099 666 co-

519 705 632 758 nati
675 713 805 759 sunt
849 703 1103 757 ordinare
1133 701 1503 755 narrationem
1539 702 1718 758 dehis
1765 703 1948 771 rebus,
1978 721 2101 774 quae

519 797 970 854 manifestissime
996 798 1230 868 cognita:
1262 808 1389 851 sunt
1413 798 1467 850 in
1495 797 1671 854 nobis.
1702 798 1937 855 Ecclesia
1966 817 2100 872 qua-

517 898 643 944 tuor
674 889 836 945 habet
862 888 1173 960 Evangelia,
1206 889 1442 944 haereses
1467 889 1705 958 plurima
1736 891 1848 962 (97)
1876 911 1888 946 :
1917 908 1948 948 e
1977 894 2101 963 qui-

517 981 623 1035 bus
669 980 942 1051 quoddam
983 980 1240 1036 scribitur
1284 981 1585 1035 secundum
1613 981 1921 1054 Egyptios,
1956 985 2100 1040 aliud

512 1073 670 1142 juxta
717 1073 1004 1129 duodecim
1038 1073 1337 1144 apostolos.
1372 1073 1556 1128 Ausus
1595 1073 1699 1128 fuit
1743 1084 1797 1130 et
1839 1076 2102 1133 Basilides

518 1154 761 1220 scribere
805 1165 1176 1237 Evangelium,
1205 1173 1260 1220 et
1303 1181 1404 1221 suo
1437 1166 1568 1221 illud
1600 1168 1822 1223 nomine
1858 1169 2099 1226 titulare.

517 1256 670 1312 Multi
699 1257 876 1312 conati
902 1266 1031 1312 sunt
1058 1257 1298 1313 scribere
1333 1276 1347 1313 :
1380 1259 1472 1314 sed
1503 1267 1556 1314 et
1583 1259 1737 1314 multi
1762 1261 1942 1316 conati
1971 1273 2102 1318 sunt

517 1348 792 1403 ordinare.
823 1347 1070 1414 Quatuor
1104 1356 1310 1402 tantum
1349 1347 1636 1418 Evangelia
1686 1360 1814 1406 sunt
1853 1353 2101 1421 probata,

514 1453 547 1492 e
587 1437 785 1508 quibus
814 1437 917 1493 sub
956 1452 1191 1508 persona
1241 1436 1456 1491 Domini
1503 1447 1556 1493 et
1589 1438 1890 1494 Salvatoris
1930 1443 2101 1498 nostri

514 1529 839 1602 proferenda
885 1539 1014 1586 sunt
1065 1528 1337 1599 dogmata.
1371 1527 1496 1584 Scio
1529 1531 1806 1600 quoddam
1853 1533 2101 1604 Evange-

512 1623 670 1689 lium,
699 1621 843 1692 quod
871 1621 1176 1692 appellatur
1207 1619 1507 1676 secundum
1542 1620 1833 1689 Thomam,
1865 1633 1920 1680 et
1940 1624 2100 1694 juxta

511 1714 795 1780 Matbiam,
826 1722 881 1770 et
932 1713 1036 1768 alia
1065 1713 1219 1784 plura
1269 1715 1520 1786 legimus,
1568 1731 1636 1769 ne
1666 1716 1798 1786 quid
1849 1717 2102 1786 ignorare

513 1809 843 1872 videremur,
876 1815 1096 1878 propter
1116 1822 1211 1863 eos
1249 1808 1343 1878 qui
1379 1823 1438 1865 se
1463 1817 1656 1880 putant
1689 1809 1893 1877 aliquid
1929 1809 2094 1872 scire,

2220 609 2514 680 Evangelio
2562 626 2670 666 non
2708 626 2809 666 vox
2854 613 3118 678 cernitur,
3145 616 3240 668 sed
3285 629 3489 679 sermo,
3523 616 3624 686 qui
3673 631 3802 670 voce

2209 701 2560 770 prtestantior
2595 710 2695 756 est.
2730 700 2885 758 Unde
2916 719 3063 758 nunc
3089 705 3290 760 dicitur
3318 727 3329 760 :
3370 705 3521 760 Sicut
3551 707 3622 760 ab
3650 709 3799 762 initis

2210 791 2548 844 tradiderunt
2589 790 2759 858 nobis,
2789 793 2880 862 qui
2916 810 2949 847 a
2992 794 3253 864 principio
3296 797 3397 865 ipsi
3446 799 3722 863 viderunt,
3757 814 3799 853 et

2209 883 2446 936 ministri
2480 883 2693 952 fuerunt
2738 888 3016 940 sermonis.
3044 885 3212 957 Igitur
3239 889 3471 958 apostoli
3502 890 3610 960 ipsi
3643 891 3800 945 vide-

2209 982 2338 1026 runt
2373 987 2680 1028 sermonem
2731 993 2746 1028 :
2797 990 2906 1030 non
2936 976 3065 1046 quia
3097 987 3423 1047 aspexerant
3447 995 3659 1049 corpus
3685 979 3793 1033 Do-

2210 1064 2343 1118 mini
2374 1063 2696 1131 Salvatoris,
2726 1067 2820 1121 sed
2850 1067 2982 1136 quia
3002 1069 3228 1124 verbum
3259 1070 3538 1125 viderunt.
3568 1070 3631 1124 Si
3654 1073 3797 1127 enim

2205 1151 2362 1223 juxta
2386 1168 2587 1225 corpus
2615 1155 2877 1211 vidissent
2904 1155 3114 1226 Iesum,
3140 1159 3244 1215 hoc
3269 1168 3372 1226 est,
3401 1158 3496 1216 Dei
3525 1161 3794 1217 vidissent

2210 1260 2542 1311 sermonem,
2575 1263 2704 1318 ergo
2751 1257 2808 1304 et
2849 1248 3057 1306 Pilatus
3105 1251 3202 1321 qui
3250 1253 3657 1320 condemnavit,
3687 1271 3779 1310 ser

2209 1352 2428 1392 nionem
2474 1338 2566 1395 Dei
2614 1341 2766 1406 vidit,
2797 1350 2852 1396 et
2896 1340 3065 1398 Judas
3097 1343 3360 1413 proditor,
3395 1355 3446 1399 et
3476 1360 3675 1402 omnes
3702 1348 3790 1419 qtr'

2209 1431 2583 1486 clamaverunt
2627 1451 2643 1490 :
2693 1433 2740 1465 ⁸⁸
2763 1433 3326 1509 Cruci/ige,cruciﬁge
3369 1441 3688 1506 eum,tolle
3727 1442 3786 1495 de

2211 1531 2375 1591 terra,
2422 1524 2583 1580 talem
2631 1524 2724 1581 Dei
2771 1525 3024 1582 viderunt
3055 1543 3385 1584 sermonem.
3417 1530 3524 1585 Sed
3555 1531 3706 1586 absit
3734 1544 3792 1587 ut

2208 1615 2499 1685 quisquam
2528 1617 2843 1674 incredulus
2874 1634 3183 1674 sermonem
3215 1620 3308 1675 Dei
3338 1622 3556 1677 viderit.
3595 1622 3788 1679 Videre

2207 1721 2516 1761 sermonem
2557 1705 2674 1775 Dei,
2718 1709 2824 1764 tale
2866 1718 2951 1764 est
2998 1712 3158 1780 quale
3203 1712 3452 1768 Salvator
3495 1714 3573 1769 ait
3614 1735 3628 1769 :
3680 1717 3790 1780 Qut

2207 1798 2340 1852 ridet
2370 1815 2471 1866 me,
2501 1800 2635 1855 videt
2662 1809 2710 1854 et
2757 1799 2973 1856 Patrem
3005 1805 3095 1873 qui
3149 1804 3294 1860 misit
3341 1822 3440 1860 me.
3472 1805 3628 1861 Sicut
3681 1819 3773 1861 ιτα

513 1900 568 1956 si
593 1899 695 1954 ista
723 1897 1096 1970 cognoverint.
1124 1898 1230 1954 Sed
1262 1899 1316 1953 in
1344 1899 1431 1955 his
1473 1900 1730 1954 omnibus
1775 1899 1910 1954 nihil
1947 1899 2094 1955 aliud
2127 1893 2168 1946 Β
2197 1891 2444 1944 (“derum
2473 1891 2621 1946 nobis
2648 1893 2740 1962 qui
2758 1895 3062 1962 aprincipio
3084 1896 3529 1965 ipsividerunt,“
3555 1899 3786 1954 ministr

513 1990 831 2061 probamus,
874 1988 980 2043 nisi
1009 1988 1155 2059 quod
1183 1987 1450 2052 Ecclesia,
1487 1989 1540 2044 id
1583 1999 1667 2045 est
1713 1999 1951 2060 quatuor
1980 2000 2100 2046 tan-

513 2093 630 2136 tum
684 2079 975 2150 Evangelia
1029 2079 1362 2150 recipienda.
1412 2078 1538 2134 llaec
1589 2079 1814 2146 ideirco,
1865 2081 1995 2150 quia
2041 2083 2095 2136 in

513 2173 784 2245 principio
831 2172 1030 2227 lectum
1070 2182 1154 2227 est
1203 2190 1216 2226 :
1265 2170 1426 2225 Multi
1469 2172 1646 2225 conati
1688 2180 1812 2225 sunt
1853 2173 2099 2227 ardinare

512 2264 878 2319 narrationem
917 2261 980 2317 de
1039 2262 1119 2315 his
1159 2262 1310 2316 rebus
1355 2279 1473 2333 qua:
1515 2263 1844 2332 conﬁrmata:
1887 2272 2007 2317 sunt
2043 2264 2100 2317 in

511 2355 682 2410 nobis.
725 2353 804 2409 llli
832 2362 1174 2410 tentaverunt
1199 2361 1361 2424 atque
1380 2355 1560 2409 conati
1585 2363 1714 2409 sunt
1737 2355 1803 2409 de
1827 2354 1913 2409 his
1936 2355 2099 2410 rebus

513 2447 779 2512 scribere,
821 2462 943 2516 quae
976 2447 1030 2500 in
1079 2446 1238 2501 nobis
1281 2445 1731 2502 manifestissime
1771 2456 1900 2502 sunt
1944 2463 2098 2504 com-

513 2545 698 2607 pertae.
739 2535 1002 2591 Ell‘ectum
1052 2552 1214 2591 suum
1260 2535 1440 2591 Lucas
1489 2537 1694 2592 indicat
1720 2554 1786 2593 ex
1819 2555 2094 2604 sermone,

513 2644 623 2700 quo
659 2627 782 2682 ait:
829 2626 894 2682 In
937 2628 1087 2683 nobis
1127 2629 1560 2697 manifestissime
1606 2639 1731 2684 sunt
1767 2640 2009 2696 astensw,
2043 2630 2095 2686 id

513 2728 616 2785 est,
652 2719 1228 2793 πεπληροφορημένων
1275 2720 1441 2791 (quod
1489 2738 1600 2777 uno
1654 2722 1820 2778 verbo
1867 2721 2096 2778 Latinus

514 2826 695 2867 sermo
717 2825 826 2866 non
856 2811 1090 2878 explicat
1113 2809 1277 2883 [98]).
1302 2811 1462 2867 Certa
1494 2814 1638 2868 enim
1671 2813 1774 2868 ﬁde
1803 2821 1858 2868 et
1888 2814 2097 2868 ratione

513 2912 864 2974 cognoverat,
893 2917 1072 2973 neque
1110 2902 1165 2956 in
1217 2903 1402 2974 aliquo
1451 2904 1770 2970 ﬁuctuabat,
1804 2914 1986 2960 utrum
2019 2905 2093 2959 ita

513 3003 677 3061 esset,
717 3010 785 3049 an
817 2995 995 3050 aliter.
1025 2993 1139 3050 lloc
1179 3003 1360 3050 autem
1393 2994 1501 3051 illis
1539 2995 1739 3062 evenit,
1770 2997 1862 3065 qui
1893 2995 2094 3051 ﬁdelis-

513 3085 652 3143 sime
696 3086 1068 3153 crediderunt,
1119 3093 1174 3140 et
1215 3085 1268 3140 id
1310 3086 1455 3156 quod
1499 3085 1768 3156 PrOpheta
1820 3087 2090 3155 obsecrat,

513 3177 791 3234 consecuti
821 3184 970 3242 sunt,
1003 3184 1059 3232 et
1097 3175 1288 3232 dicunt
1318 3194 1332 3230 :
1367 3176 1638 3246 Canﬁrma
1677 3193 1758 3231 me
1800 3179 1854 3231 in
1892 3193 2094 3231 sermo-

2205 1982 2419 2051 fuerunt
2461 1985 2716 2038 sermonis
2744 1985 2813 2040 ⁸⁸.
2849 1986 3000 2041 Clam
3048 1985 3210 2042 Lucae
3258 1989 3611 2046 sermonibus
3661 1991 3771 2046 edo

2211 2090 2420 2153 cemur,
2454 2075 2603 2146 quod
2637 2075 2917 2148 cujusdam
2959 2079 3220 2134 doctrinae
3253 2079 3380 2136 ﬁnis
3423 2081 3497 2137 sit
3529 2082 3654 2153 ipsa
3685 2083 3784 2138 do-

2199 2152 2394 2220 ctrina,
2444 2157 2664 2213 alterius
2711 2175 2839 2214 vero
2885 2161 3140 2217 doctrina:
3174 2163 3294 2218 ﬁnis
3334 2165 3386 2218 in
3423 2152 3592 2235 opere
3622 2183 3779 2221 com-

2199 2254 2442 2314 putetur.
2484 2247 2645 2303 Verbi
2698 2251 2868 2320 gratia
2909 2269 2923 2304 :
2965 2251 3200 2307 Scientia
3243 2257 3554 2325 geometriae
3606 2257 3777 2312 ﬁnem

2202 2336 2367 2392 habet
2416 2338 2587 2409 ipsam
2639 2349 2848 2398 tantum
2898 2343 3180 2400 scientiam
3232 2357 3392 2417 atque
3445 2350 3778 2406 doctrinam.

2200 2427 2318 2483 Alia
2349 2445 2480 2486 vero
2510 2433 2733 2488 scientia
2763 2444 2864 2501 est,
2901 2437 3059 2507 cujus
3087 2438 3209 2494 ﬁnis
3239 2456 3374 2511 opus
3399 2442 3602 2513 exigit:
3629 2446 3786 2499 velut

2201 2520 2256 2575 in
2301 2523 2566 2579 medicina
2598 2535 2814 2596 oportet
2850 2544 2938 2584 me
2977 2529 3242 2586 rationem
3271 2541 3326 2587 et
3351 2534 3601 2605 dogmata
3635 2538 3784 2592 scire

2199 2614 2498 2678 medicinae,
2528 2631 2635 2671 non
2661 2626 2719 2672 ut
2740 2622 3110 2677 tantummodo
3132 2625 3370 2679 noverim
3395 2626 3524 2694 quid
3547 2627 3785 2682 debeam

2197 2703 2396 2772 facere,
2437 2709 2532 2762 sed
2570 2718 2630 2764 ut
2665 2709 2880 2778 faciam,
2922 2712 2976 2768 id
3013 2724 3132 2779 est,
3175 2724 3234 2770 ut
3283 2731 3463 2771 secem
3517 2717 3787 2781 vulnera,

2198 2798 2400 2854 victum
2442 2801 2777 2858 moderatum
2807 2805 3234 2878 castigatumque
3275 2809 3579 2880 disponam,
3604 2821 3792 2865 aestus

2199 2890 2427 2946 febrium
2455 2892 2510 2948 in
2547 2895 2762 2964 pulsum
2789 2914 3051 2955 venarum
3098 2903 3355 2965 sentiam,
3385 2913 3448 2958 ut
3474 2905 3789 2959 curationi-

2201 2988 2300 3041 bus
2328 2988 2542 3059 cyclicis
2575 2990 2862 3047 humorum
2893 2995 3276 3051 abundantiam
3302 2998 3522 3065 siccem,
3561 3007 3788 3070 tempe-

2202 3093 2317 3130 rem
2355 3087 2517 3149 atque
2553 3081 2893 3154 restringam.
2927 3083 3059 3150 Quae
3097 3086 3141 3140 si
3187 3087 3307 3156 quis
3349 3097 3560 3143 tantum
3591 3090 3794 3145 scierit

2199 3179 2257 3225 et
2315 3187 2424 3226 non
2483 3189 2649 3244 opere
2703 3175 2868 3230 fuerit
2921 3178 3276 3243 subsecutus,
3313 3195 3464 3236 cassa
3513 3183 3618 3236 erit
3659 3183 3794 3252 ejus

515 3269 667 3322 nibus
698 3269 800 3322 tuis
836 3267 922 3334 “;
963 3267 1109 3323 unde
1145 3277 1200 3323 et
1238 3268 1536 3338 Apostolus
1568 3268 1635 3323 de
1671 3268 1756 3324 his
1799 3269 1893 3337 qui
1939 3276 2095 3323 erant
2120 3249 2165 3308 ο
2201 3265 2445 3320 scientia.
2487 3267 2672 3323 Simile
2710 3270 2838 3339 quid
2887 3271 3124 3327 scientiae
3177 3273 3461 3328 medicinae
3495 3283 3550 3328 et
3585 3249 3787 3344 operi,

515 3359 679 3425 ﬁrmi,
708 3370 870 3428 atque
893 3359 1125 3425 robusti,
1155 3358 1232 3412 ait
1262 3379 1274 3413 :
1311 3357 1381 3412 Ut
1411 3360 1529 3412 sitis
1562 3359 1790 3414 radicati
1809 3368 1857 3413 et
1887 3359 2097 3429 fundati

516 3452 570 3504 in
602 3450 706 3519 fide
735 3451 803 3504 ⁸⁵.
835 3447 893 3503 Si
920 3449 1044 3520 quis
1075 3449 1219 3504 enim
1267 3449 1546 3506 radicatus
1575 3450 1627 3504 in
1669 3449 1774 3505 ﬁde
1815 3459 1899 3506 est
1937 3461 2098 3521 atque

517 3541 794 3607 fundatus,
831 3541 957 3596 licet
1000 3547 1291 3611 tempestas
1334 3539 1500 3596 fuerit
1542 3548 1753 3606 exorta,
1791 3540 1918 3597 licet
1949 3541 2094 3596 venti

517 3633 785 3700 ﬂaverint,
820 3631 946 3687 licet
973 3647 1033 3687 se
1071 3631 1248 3686 imber
1276 3629 1547 3697 eﬂ‘uderit,
1584 3647 1691 3686 non
1733 3633 2093 3699 convellctur,

511 3739 617 3780 nec
662 3731 899 3790 corruet,
941 3722 1070 3792 quia
1116 3736 1281 3791 super
1329 3731 1539 3792 petram
1584 3721 1873 3777 aediﬁcium
1919 3722 2091 3776 solida

513 3814 665 3869 mole
691 3812 977 3868 fundatum
1005 3821 1089 3866 est
1118 3811 1185 3864 ".
1213 3809 1324 3867 Nec
1347 3820 1602 3881 putemus
1628 3811 1800 3868 oculis
1833 3812 1953 3866 istis
1975 3827 2095 3867 car-

511 3909 734 3964 nalibus
783 3906 1094 3961 ﬁrmitatem
1144 3905 1267 3960 ﬁdei
1298 3905 1439 3971 dari,
1469 3921 1635 3976 quam
1674 3920 1828 3960 mens
1857 3914 1913 3960 et
1954 3906 2095 3960 ratio

517 3999 731 4056 tribuit.
770 3997 1020 4053 luﬁdeles
1054 3997 1258 4068 quique
1297 3997 1521 4052 credant
1556 3997 1727 4068 signis
1774 4006 1935 4068 atque
1965 4013 2094 4067 por-

519 4093 703 4160 tentis,
739 4107 862 4162 quaa
889 4092 1130 4145 humana
1177 4089 1322 4145 acies
1369 4097 1680 4144 contuetur.
1719 4087 1922 4144 Fidelis
1965 4104 2094 4143 vero

518 4186 692 4253 magis
725 4183 966 4254 prudens
1010 4194 1174 4253 atque
1218 4182 1478 4237 robustus
1523 4181 1790 4235 rationem
1832 4189 2094 4250 sequatur

517 4287 572 4332 et
597 4277 844 4341 verbum,
876 4284 929 4330 et
957 4276 1037 4330 sic
1069 4275 1325 4345 dijudicet
1363 4275 1495 4346 quid
1525 4288 1738 4336 verum,
1769 4272 1968 4340 quidve
1993 4271 2095 4325 fal-

519 4383 641 4423 sum
673 4368 762 4423 sit.
800 4366 949 4421 Sicut
978 4366 1313 4420 tradiderunt
1356 4365 1528 4429 nobis,
1563 4366 1653 4434 qui
1690 4367 1754 4418 ab
1799 4363 1952 4418 initio
1992 4364 2092 4433 ipsi

517 4460 782 4523 viderunt,
806 4468 854 4512 et
878 4459 1108 4512 ministri
1135 4458 1345 4527 fuerunt
1372 4457 1648 4512 sermonis.
1665 4455 1721 4510 lu
1747 4455 1936 4510 Exodo
1967 4455 2096 4511 scri-

2201 3355 2364 3409 etiam
2393 3357 2448 3410 in
2488 3359 2681 3413 notitia
2726 3360 3133 3433 ministerioque
3169 3365 3436 3420 sermonis
3463 3376 3548 3421 est
3581 3385 3594 3418 :
3628 3366 3789 3420 Sicut

2202 3448 2538 3501 tradiderunt
2576 3450 2717 3504 nobis
2767 3452 2858 3522 qui
2907 3470 2938 3505 a
2980 3455 3236 3524 principio
3271 3457 3372 3524 ipsi
3409 3459 3688 3522 viderunt,
3737 3469 3788 3511 et

2202 3538 2428 3592 ministri
2474 3542 2679 3600 fuerunt
2731 3545 3001 3599 sermonis.
3051 3544 3122 3600 Ut
3176 3561 3240 3600 ex
3287 3561 3354 3601 eo
3408 3548 3554 3617 quod
3611 3549 3784 3615 dixit,

2204 3627 2308 3696 ipsi
2338 3627 2601 3696 viderunt,
2634 3630 2935 3686 doctrinam
2967 3640 3022 3685 et
3055 3631 3334 3686 scientiam
3370 3631 3698 3702 signiﬁcari,
3732 3643 3788 3690 et

2197 3734 2262 3774 ex
2289 3735 2354 3775 eo
2380 3722 2525 3792 quod
2564 3723 2723 3788 dixit,
2753 3724 2988 3777 ministri
3018 3723 3232 3793 fuerunt
3253 3725 3534 3789 sermonis,
3557 3724 3792 3780 demo-

2198 3813 2361 3868 strari
2405 3828 2568 3884 opera
2617 3830 3033 3884 cognoscamus.
3081 3815 3334 3869 Assecuto
3372 3831 3404 3868 a
3449 3815 3720 3884 principio
3764 3832 3785 3868 :

2209 3903 2392 3960 Visum
2438 3916 2515 3960 est
2555 3916 2606 3962 et
2641 3908 2772 3962 mihi
2801 3918 3042 3963 assecuta
3089 3909 3154 3961 ab
3200 3909 3352 3962 initia
3379 3923 3398 3960 :
3431 3909 3674 3963 inculcat
3715 3925 3785 3968 ac

2195 3997 2442 4066 replicat,
2473 3999 2731 4067 quoniam
2786 4015 2849 4054 ea
2895 4015 3018 4070 quae
3061 3999 3368 4070 scripturus
3397 4010 3506 4066 est,
3542 4016 3654 4054 non
3687 4017 3786 4055 ru-

2197 4105 2348 4144 more
2376 4092 2709 4161 cognoverit,
2740 4092 2832 4147 sed
2871 4093 2940 4146 ab
2979 4091 3136 4147 initio
3170 4093 3285 4162 ipse
3315 4090 3479 4146 fuerit
3509 4107 3785 4147 consecu-

2199 4187 2305 4235 tus.
2355 4179 2508 4236 Uude
2546 4190 2600 4236 et
2640 4183 2708 4236 ab
2751 4182 3014 4252 Apostolo
3058 4184 3250 4237 merito
3295 4182 3665 4246 collaudatur,
3695 4183 3786 4237 di-

2194 4282 2348 4328 cente
2377 4293 2390 4327 :
2426 4274 2592 4344 Cujus
2613 4276 2730 4331 laus
2753 4277 2807 4328 in
2837 4275 3124 4346 Evangelia
3155 4285 3230 4330 est
3258 4293 3349 4346 per
3378 4292 3558 4330 omnes
3591 4275 3785 4330 Eccle-

2195 4365 2302 4418 sias
2342 4365 2408 4420 ⁸ο.
2444 4365 2559 4422 Hoc
2605 4367 2750 4422 enim
2787 4368 2853 4422 de
2897 4369 3049 4422 nullo
3092 4368 3201 4423 alio
3232 4368 3454 4432 dicitur,
3482 4378 3538 4423 et
3566 4370 3675 4423 nisi
3709 4371 3782 4424 de

2195 4455 2338 4512 Luca
2362 4457 2566 4513 dictum
2600 4459 2830 4514 traditur
2867 4477 2882 4513 :
2925 4458 3108 4514 Visum
3129 4469 3205 4514 est
3234 4469 3283 4515 et
3319 4461 3448 4513 mihi
3473 4471 3719 4516 assecuta
3743 4480 3777 4514 α

519 4561 670 4621 ptum
689 4559 770 4605 est
793 4570 806 4604 :
831 4549 1062 4618 Populus
1078 4551 1283 4606 videbat
1313 4566 1485 4603 vocem
1509 4549 1601 4602 Dei
1632 4549 1696 4601 ⁸⁷.
1717 4546 1783 4601 Et
1811 4558 1957 4602 certe
1988 4562 2093 4601 vox
2125 4585 2168 4638 υ
2196 4547 2456 4615 principio
2499 4549 2679 4600 omnia
2719 4548 2999 4618 diligenter
3044 4563 3109 4601 ea:
3155 4550 3336 4602 ordine
3383 4548 3478 4602 tibi
3524 4547 3775 4612 scribere,

521 4641 741 4698 auditur
763 4641 914 4711 prius
941 4657 1106 4711 quam
1131 4643 1368 4706 videtur;
1395 4639 1486 4695 sed
1515 4648 1800 4710 propterea
1826 4637 2085 4707 scriptum

519 4742 624 4800 est,
656 4742 716 4788 ut
747 4734 1123 4788 ostenderetur
1150 4735 1307 4789 nobis
1336 4734 1458 4789 aliis
1489 4733 1664 4788 oculis
1694 4732 1876 4787 videre
1900 4746 2088 4786 vocem

595 4845 641 4879 ⁸⁸
675 4845 817 4902 Psal.
858 4863 1046 4913 cum,
1093 4846 1213 4916 98.7
1260 4848 1328 4916 7"
1361 4846 1558 4916 Ephes.
1591 4861 1680 4916 tn,
1713 4844 1801 4899 17.

522 4921 567 4954 ⁸⁸
594 4916 753 4973 Joan.
787 4933 897 4982 xlv,
930 4917 1016 4972 19.
1094 4917 1138 4948 ⁶⁰
1173 4915 1214 4968 ll
1243 4915 1369 4973 Cor.
1395 4915 1514 4982 vtlt,
1544 4915 1631 4970 18.

595 5039 708 5111 (9³7)
735 5036 951 5111 _Vitio_se
976 5035 1334 5106 praeferebant
1353 5035 1489 5111 editi
1523 5043 1681 5111 antea
1711 5035 2090 5111 libri,___pluri-

523 5105 661 5177 mas,
690 5105 748 5162 id
773 5117 857 5162 est
885 5105 1149 5170 haereses,
1181 5123 1304 5162 cum
1335 5108 1401 5160 de
1433 5105 1960 5177 pseudo-evangeliis
2001 5118 2087 5161 to-

523 5193 614 5237 tus
647 5175 749 5233 hic
778 5191 958 5232 sermo
990 5179 1079 5230 sit.
1127 5177 1299 5231 Porro
1331 5175 1447 5231 haec
1493 5191 1630 5245 pene
1675 5177 1743 5230 ad
1772 5175 2000 5230 verbum
2031 5178 2085 5230 in

515 5259 623 5306 sua
656 5247 932 5318 transtulit
984 5245 1394 5318 llicronymus,
1431 5248 1576 5318 quod
1629 5261 1792 5316 supra
1841 5255 2087 5318 notatum

509 5327 645 5385 est,
700 5316 917 5371 Prazl'at.
970 5314 1325 5370 Commentar.
1378 5314 1824 5371 in'Mattlueum.
1894 5314 2090 5385 Recole

521 5395 763 5509 :lufxe‘ltl
781 5401 881 5441 nos
909 5385 982 5440 ibi
1011 5387 1388 5442 observamus.
1438 5417 1500 5426 —
1534 5385 1663 5442 Vide
1715 5384 1926 5440 Patral.
1960 5385 2083 5440 Lat.

597 5527 706 5597 (98)
747 5525 1069 5598 Hieronymi
1110 5526 1214 5582 hoc
1261 5542 1382 5582 esse
1425 5527 1850 5582 additamentum
1875 5567 1889 5589 ,
1937 5527 2080 5597 quod

505 5595 835 5670 parenthesi
881 5595 1236 5663 inclusimus,
1271 5611 1429 5650 nemo
1461 5612 1566 5670 non
1599 5598 1781 5670 sentit.
1822 5598 1876 5652 Id
1911 5595 2080 5670 genus

525 5664 638 5738 alia
669 5664 896 5738 inferius
928 5677 1225 5738 occurrunt
1249 5681 1415 5738 ,qute
1450 5668 1841 5738 audacioribus
1874 5664 2080 5738 criticis

525 5736 733 5807 Dallteo
759 5734 825 5789 de
859 5735 1075 5804 scriptis
1109 5734 1396 5807 lguatii'p.
1434 5737 1537 5792 459
1562 5745 1609 5790 et
1638 5753 1814 5807 seqq.,
1863 5735 2083 5807 et_Mat-

525 5809 668 5864 thaao
713 5803 1065 5874 Larroquauo
1109 5803 1164 5861 in
1208 5803 1769 5862 Aniniadversionibus
1810 5808 1880 5861 ad
1911 5805 2080 5861 Pear-

1899 4846 1945 4877 “
1977 4845 2167 4902 Matth.
2202 4862 2276 4902 vn
2301 4888 2315 4914 ,
2338 4847 2427 4901 25.

2196 4639 2389 4706 optime
2434 4637 2857 4709 Theophile.(99).
2895 4637 3056 4693 Putat
3093 4640 3311 4710 aliquis,
3334 4639 3480 4709 quod
3507 4639 3574 4692 ad
3603 4637 3780 4694 Theo-

2196 4731 2405 4799 philum
2451 4731 2759 4802 quempiam
2807 4730 3164 4803 Evangelium
3211 4731 3376 4804 935
3422 4733 3708 4802 scripserit
3756 4749 3773 4787 :

2533 4849 2579 4880 "
2613 4847 2785 4903 Exod.
2830 4864 2942 4913 x1x,
2978 4849 3066 4904 18.
3172 4849 3219 4882 ⁸⁸
3248 4848 3404 4904 Joan.
3443 4863 3560 4915 xtx,
3588 4849 3647 4914 6,
3681 4850 3768 4906 13.

2193 5037 2442 5090 sonianas
2478 5034 2683 5106 Ignatii
2722 5036 3000 5101 vindicias,
3028 5051 3153 5105 pag.
3185 5035 3254 5090 91
3283 5045 3337 5090 et
3377 5051 3557 5106 seqq.,
3589 5038 3767 5093 fraudi

2191 5107 2448 5171 fuerunt,
2499 5115 2557 5161 ut
2599 5107 2762 5176 hasce
2812 5107 3064 5162 homilias
3110 5107 3435 5160 Adamantio
3481 5123 3767 5176 perperam

2191 5177 2606 5247 abjudicarent_,
2658 5175 2944 5246 Latinique
2982 5191 3102 5230 esse
3141 5177 3379 5247 hominis
3418 5175 3595 5231 fctum
3631 5195 3762 5234 con-

2191 5245 2492 5302 tenderent.
2548 5245 2658 5300 Nos
2708 5262 2810 5302 suo
2860 5245 3156 5317 quamque
3192 5246 3326 5317 loco
3401 5247 3766 5317 objectionem

2191 5326 2382 5371 contra
2412 5317 2590 5385 operis
2626 5314 3036 5384 germanitatem
3073 5314 3406 5370 refellemus.

2262 5387 2374 5454 (99)
2417 5386 2640 5440 Schedze
2671 5386 2851 5440 Grabii
2881 5396 2934 5439 et
2962 5387 3270 5440 Combetisii
3300 5402 3312 5436 :
3345 5386 3508 5451 Εἰκὸς
3545 5388 3601 5441 δὲ
3636 5389 3766 5443 ὕπο-

2192 5455 2489 5526 λαμὸἁνειν
2523 5455 2673 5527 rava;
2692 5494 2706 5518 ,
2750 5457 2832 5508 ὅτι
2859 5456 3102 5524 Θεοφίλῳ
3132 5456 3238 5509 τινὶ
3267 5455 3468 5527 ἔτρεψε
3501 5457 3564 5510 τὸ
3591 5459 3766 5527 Εὐαγ-

2192 5520 2368 5599 χέλιρν
2393 5566 2407 5589 ,
2447 5527 2505 5589 ὃς
2533 5520 2612 5599 εἷς
2637 5523 2707 5599 ἦν
2738 5526 2845 5599 τῶν
2875 5520 3512 5599 πισὲευξςάντῳνςῠῦἐοςῌ
3529 5527 3668 5590 ζέων
3693 5520 3764 5599 τῷ

2187 5597 2464 5666 Πνεύματι
2494 5596 2589 5648 καὶ
2615 5595 2907 5666 ἀληλήστως
2940 5598 3079 5666 ἔχων
3110 5597 3239 5666 περὶ
3258 5595 3376 5666 γτὰς
3420 5596 3515 5648 τοῦ
3562 5595 3763 5666 Κυρίοὺ

2187 5665 2413 5736 πράξεις
2442 5684 2501 5744 τηε
2545 5667 2640 5720 καὶ
2673 5665 2888 5732 λόγους·
2933 5665 3102 5736 ὃνίπερ
3145 5665 3316 5718 ἐποίει
3363 5665 3763 5748 ἀσφαλέστὲρσν

2187 5737 2283 5808 καὶ
2318 5736 2388 5788 τὰ
2428 5754 2522 5789 νυν
2554 5737 2946 5808 ᾲγεγρςμμένᾳ.
2995 5736 3185 5808 ΙξΑλλος
3223 5735 3280 5808 se
3329 5753 3516 5808 (pne-tv,
3550 5738 3762 5808 οίτιγεὰξ

2931 5776 2946 5790 ο
3018 5773 3182 5798 ιιηηνξ
3224 5773 3280 5787 VU
3330 5773 3516 5798 γυλνυν,
3550 5773 3608 5789 Ἰ.

2187 5807 2387 5882 πᾴχτες
2425 5800 2848 5882 ~“ratoﬁ‘co't'(inter
2889 5807 2964 5870 ὡς
2996 5805 3312 5876 ἀγαπᾶσθαι
3341 5800 3464 5859 uno
3504 5807 3600 5860 τοῦ
3631 5805 3763 5861 Θεοῦ
