4002 6540
406 538 410 542 Α
436 503 575 560 180⁸7
1898 479 2218 543 ORlGENlS
3556 468 3700 526 i808

436 618 666 675 viderim
717 615 998 671 mulierem
1047 612 1114 668 ad
1159 607 1652 682 concupiscendum
1695 623 1814 664 eam
1857 606 1923 673 “,
1955 614 2009 660 et
2038 608 2081 663 Α
2110 607 2215 666 est,
2255 610 2628 669 sequeremur.
2658 592 2892 661 Quando
2932 591 3079 649 enim
3112 590 3343 646 facimus
3372 589 3700 644 mandatum

441 709 769 766 adulterium
823 706 955 761 mihi
991 705 1044 760 iu
1087 704 1249 760 corde
1282 680 1353 758 sit
1384 711 1595 756 natum.
1626 699 1881 771 Ignorant
1913 697 2010 751 ho-
2109 689 2226 757 Dei,
2271 696 2326 744 et
2371 688 2425 743 in
2459 685 2798 745 conscientia
2834 694 3021 740 nostra
3071 700 3223 740 vana:
3264 681 3454 753 gloria:
3489 680 3693 735 sordes

436 802 614 856 mines
646 812 771 854 cum
807 811 895 852 me
928 793 1159 849 viderint
1194 790 1491 848 secundum
1525 788 1668 843 vires
1696 800 1846 840 meas
1869 782 2011 839 clee-
2111 779 2510 853 respergimus,
2552 785 2614 834 ut
2657 779 2973 849 placeamus
3020 775 3335 834 hominibus
3358 815 3374 840 ,
3430 781 3529 827 aut
3585 771 3699 825 alia
3774 782 3783 789 '

437 904 720 963 mosynam
755 888 954 953 facere,
988 894 1171 940 utrum
1205 891 1424 954 propter
1458 879 1777 936 mandatum
1805 875 1898 931 Dei
1933 873 2012 929 fe-
2111 887 2452 945 quaecunque
2474 886 2582 926 non
2609 871 2784 940 placet
2808 869 2940 933 Deo,
2967 867 3097 924 boni
3124 866 3305 936 operis
3341 878 3511 919 causa
3554 877 3702 931 prae-

437 983 629 1046 ccrim,
651 996 718 1036 an
747 978 1028 1034 hominum
1057 971 1271 1032 laudem
1298 973 1647 1042 favoremque
1677 967 2009 1041 quaesierim.
2110 963 2271 1029 cedit,
2324 961 2576 1032 quamvis
2623 957 2892 1014 faciamus
2948 968 3281 1027 praeceptum
3333 952 3427 1007 Dei
3456 994 3473 1019 ,
3504 959 3697 1005 tamen

439 1074 681 1131 Diﬂicilis
727 1087 814 1128 res
864 1079 949 1126 est
987 1071 1041 1124 in
1087 1077 1380 1138 conspectu
1414 1065 1508 1121 Dei
1537 1040 1745 1136 justum
1779 1077 1921 1130 esse,
1955 1070 2014 1115 ut
2112 1055 2245 1110 illud
2271 1053 2479 1123 absque
2504 1050 2726 1121 querela
2753 1064 2860 1104 non
2884 1047 3138 1113 facimus,
3156 1055 3211 1102 et
3241 1044 3443 1115 injuste
3469 1042 3525 1097 id
3546 1040 3700 1111 quod

438 1180 548 1219 non
592 1164 663 1218 ob
689 1162 852 1217 aliam
885 1174 1110 1216 causam
1143 1157 1272 1228 quid
1316 1153 1478 1226 935
1520 1154 1648 1209 boni
1693 1152 1864 1207 facias
1907 1150 2011 1205 nisi
2108 1150 2317 1222 justum
2345 1156 2448 1212 est,
2482 1147 2784 1218 sequimur.
2814 1144 3041 1201 Diliicile
3063 1158 3195 1214 ergo
3228 1150 3312 1197 est
3334 1138 3623 1195 ambulare
3641 1138 3701 1192 in

437 1263 659 1328 propter
685 1256 862 1325 ipsum
892 1252 1118 1317 bonum,
1140 1260 1194 1305 et
1218 1248 1387 1303 Deum
1414 1255 1620 1302 tantum
1649 1260 1861 1317 quaeras
1887 1243 2012 1299 boni

439 1346 621 1416 operis
637 1340 1040 1400 retributorem.
1059 1340 1188 1395 Tale
1209 1338 1337 1410 quid
1356 1347 1405 1394 et
1427 1336 1721 1408 Apostolus
1741 1335 2011 1406 loquitur:

442 1437 679 1504 Quorum
708 1435 827 1489 laus
858 1451 961 1489 non
996 1448 1060 1489 ea:
1089 1431 1407 1497 hominibus,
1440 1428 1530 1484 sed
1575 1443 1639 1483 ex
1685 1426 1794 1482 Deo
1822 1436 1898 1482 est
1925 1425 2015 1481 “‘.

441 1531 641 1584 Beatus
662 1528 756 1599 qui
784 1527 838 1582 in
864 1533 1159 1595 conspectu
1183 1523 1275 1578 Dei
1295 1524 1478 1594 justus
1510 1529 1614 1586 est,
1646 1530 1807 1591 atque
1829 1519 2019 1574 lauda-

443 1618 858 1677 bilisHomines
872 1617 1297 1688 enim,quamvis
1312 1624 1518 1672 certum
1530 1614 1795 1686 judicium
1820 1614 2021 1668 habere

441 1710 751 1775 videantur,
777 1717 957 1763 tamen
992 1723 1102 1763 non
1133 1716 1362 1778 possunt
1384 1706 1450 1761 ad
1484 1706 1749 1778 liquidum
1778 1721 2022 1776 pronun-

442 1803 602 1857 tiare.
636 1800 828 1857 Evenit
860 1798 1060 1872 quippe
1088 1799 1383 1865 interdum,
1418 1807 1477 1854 ut
1507 1796 1730 1855 laudent
1770 1813 1895 1854 eum
1925 1797 2021 1869 qui

445 1909 557 1951 non
583 1903 667 1951 est
695 1894 1007 1959 laudabilis,
1038 1903 1092 1949 et
1121 1892 1171 1949 ei
1211 1891 1499 1959 detrahant
1539 1892 1634 1963 qui
1678 1891 1900 1947 minime
1928 1891 2024 1947 de-

2114 1243 2370 1299 omnibus
2400 1239 2674 1297 mandatis
2705 1247 2760 1295 et
2790 1235 3272 1309 justificationibus
3311 1231 3531 1289 Domini
3580 1231 3704 1286 sine

2114 1336 2356 1408 querela,
2391 1333 2694 1390 secundum
2743 1329 3113 1387 testimonium
3150 1336 3206 1383 et
3244 1326 3463 1384 laudem
3515 1323 3611 1378 Dei
3643 1322 3701 1377 in

2116 1428 2337 1484 Christo
2365 1424 2515 1481 Jesu.
2544 1425 2677 1491 Quae
2716 1423 2837 1485 laus
2871 1421 3143 1477 reddenda
3180 1426 3266 1474 est
3292 1418 3348 1471 iu
3378 1416 3468 1472 die
3503 1413 3702 1485 iudicii

2118 1522 2188 1576 ab
2213 1535 2301 1587 eo,
2332 1517 2421 1574 cui
2455 1531 2646 1573 omnes
2677 1531 2778 1570 nos
2817 1510 3156 1568 manifestari
3185 1515 3405 1580 oportet
3442 1516 3570 1560 ante
3601 1503 3703 1557 tri-

2117 1612 2283 1669 bunal
2306 1610 2447 1681 ejus,
2494 1617 2553 1664 ut
2604 1606 2834 1677 recipiat
2867 1603 3249 1674 unusquisque
3292 1615 3416 1671 qua:
3447 1613 3547 1668 per
3578 1610 3706 1652 eor-

2119 1721 2222 1776 pus
2248 1704 2434 1776 gessit,
2489 1701 2604 1758 sive
2659 1700 2825 1764 bona,
2858 1699 2972 1753 sive
3008 1695 3151 1751 mala
3181 1695 3249 1747 "’.
3313 1690 3519 1746 Omnes
3555 1688 3707 1743 enim

2121 1795 2391 1853 stabimus
2433 1801 2560 1848 ante
2612 1790 2852 1847 tribunal
2884 1787 3022 1852 Dei,
3074 1796 3136 1841 ut
3182 1783 3516 1855 recipiamus
3552 1778 3706 1850 quod

2123 1901 2400 1943 meremur
2424 1886 2477 1940 in
2508 1883 2729 1939 Christo
2743 1881 2895 1938 J’esu.
2913 1878 3018 1935 Cui
3046 1887 3130 1935 est
3148 1875 3319 1948 gloria
3338 1883 3393 1931 et
3414 1872 3709 1943 imperium

447 1988 715 2044 tractione
741 1986 937 2058 dignus
971 1994 1075 2041 est.
1106 1985 1269 2041 Solus
1293 1983 1437 2039 Deus
1480 1992 1531 2040 et
1556 1960 1633 2039 vin
1680 1982 1841 2038 laude
1884 1991 1939 2039 et
1968 1982 2022 2038 in
2054 1960 2096 2015 Β
2126 1982 2182 2036 in
2208 1978 2407 2037 saecula
2436 1975 2786 2033 saeculorum.
2822 1973 3018 2028 Amen.

445 2078 847 2150 vituperatione
869 2076 1054 2147 justus
1088 2084 1173 2132 est
1202 2075 1390 2147 judex.
1415 2073 1569 2130 Unde
1597 2074 1758 2146 digne
1794 2078 1850 2129 et
1879 2088 2027 2129 nunc

449 2170 667 2226 additur
700 2169 755 2223 in
802 2169 963 2224 laude
1010 2167 1337 2238 jnstorum:
1379 2164 1549 2221 Erant
1597 2165 1736 2236 justi
1770 2165 1922 2219 ambo
1970 2165 2026 2219 in

448 2270 725 2334 conspectu
760 2260 877 2317 Dei.
912 2261 1042 2318 Tale
1074 2260 1203 2331 quid
1228 2268 1282 2315 ct
1309 2258 1569 2314 Salomon
1617 2259 1672 2313 in
1715 2257 2026 2315 Proverbiis

447 2354 792 2418 cohortatur,
827 2351 1015 2407 dicens
1046 2369 1060 2406 :
1097 2349 1233 2415 Fili,
1266 2349 1478 2421 provide
1503 2348 1640 2402 bona
1663 2349 1720 2401 in
1751 2357 2027 2418 conspectu

457 2444 551 2500 Dei
575 2453 624 2499 et
649 2443 923 2499 hominum
953 2444 1019 2496 °'.
1049 2440 1308 2513 Sequitur
1354 2438 1634 2495 Zachariae
1666 2448 1721 2495 et
1750 2437 2027 2495 Elisabeth

453 2539 559 2594 alia
610 2538 874 2594 laudatio.
902 2536 1248 2591 Ambulantes
1288 2535 1343 2588 in
1371 2532 1612 2589 omnibus
1659 2532 1929 2587 mandatis
1978 2541 2028 2587 et

448 2630 930 2703 justiﬁcationibus
961 2627 1197 2682 Domini.
1245 2625 1478 2693 Quando
1512 2624 1651 2680 bene
1701 2632 1757 2680 et
1786 2633 1931 2680 recte
1964 2624 2032 2680 de

455 2720 734 2790 aliquibus
784 2717 1134 2788 iudicamus,
1188 2717 1243 2770 in
1277 2712 1763 2785 justilicationibus
1813 2710 2030 2767 Domini

461 2811 763 2880 gradimur.
794 2807 1025 2875 Quando
1046 2806 1151 2863 hoc
1181 2814 1277 2861 aut
1321 2803 1453 2859 illud
1495 2802 1757 2868 facimus,
1787 2802 1843 2857 in
1877 2818 2032 2857 man—

455 2901 602 2958 datis
639 2900 787 2956 illius
823 2898 1191 2955 ambulamus.
1224 2894 1380 2953 Unde
1395 2905 1528 2968 puto
1556 2903 1611 2951 et
1641 2903 1888 2951 sanctum
1921 2893 2031 2950 Lu-

457 3008 599 3058 cam,
633 2992 907 3048 volentem
950 3005 1045 3046 eos
1088 2988 1387 3060 praedicare
1418 2986 1581 3043 laude
1631 2985 1908 3057 perfecta,
1950 2986 2035 3040 di-

457 3085 605 3140 xisse
642 3102 656 3139 :
696 3081 866 3136 Erant
929 3080 1058 3147 iusti
1112 3080 1265 3135 ambo
1289 3119 1306 3144 ,
1341 3079 1671 3155 ambulantes
1692 3080 1743 3134 in
1791 3078 2033 3134 omnibus

460 3177 728 3231 mandatis
772 3184 821 3230 et
866 3174 1343 3246 justiﬁcationibus
1395 3173 1632 3227 Domini.
1688 3172 1844 3228 Dicat
1898 3171 2035 3227 mihi

460 3270 730 3342 quispiam
767 3292 778 3323 :
814 3266 872 3321 Si
906 3267 1029 3322 laus
1063 3267 1167 3321 ista
1200 3264 1441 3335 perfecta
1484 3274 1590 3329 est,
1618 3263 1750 3334 quid
1781 3263 1885 3319 sibi
1920 3264 2037 3320 vult

461 3363 571 3418 hoc
596 3350 749 3431 quod
779 3360 999 3424 dicitur,
1035 3358 1148 3412 sine
1168 3355 1417 3428 querela?
1445 3355 1522 3428 (4)
1557 3354 1869 3411 Suﬂiciebat
1891 3356 2036 3411 enim

465 3453 666 3514 dicere,
701 3448 1045 3504 ambulantes
1073 3446 1128 3500 in
1167 3444 1424 3502 omnibus
1463 3443 1568 3500 viis
1608 3452 1664 3500 et
1690 3446 2039 3516 justiﬂcatio-

466 3541 629 3597 nibus
662 3539 877 3594 Domini
911 3556 925 3594 :
959 3538 1065 3594 nisi
1104 3547 1286 3608 posset
1315 3535 1430 3592 fieri
1464 3543 1526 3591 ut
1550 3535 1792 3591 ambulet
1824 3535 1950 3607 quis
1983 3536 2039 3592 in

466 3632 723 3690 omnibus
747 3630 1019 3687 mandatis
1048 3627 1167 3691 Dei,
1197 3636 1252 3684 et
1293 3636 1470 3682 tamen
1504 3627 1624 3683 sine
1666 3628 1889 3699 querela
1929 3645 2039 3685 non

467 3723 726 3779 ambulet.
750 3720 817 3776 Et
844 3720 1117 3791 quomodo
1149 3727 1328 3789 potest
1358 3719 1575 3775 evenire
1611 3729 1670 3775 ut
1700 3720 1754 3775 in
1783 3721 2041 3778 omnibus

467 3814 742 3872 mandatis
773 3822 828 3869 et
844 3810 1328 3897 iustiﬁcationibus
1351 3810 1444 3865 Dei
1465 3810 1753 3866 ambulans
1775 3812 1879 3866 sub
1900 3827 2037 3882 que-

470 3908 587 3963 rela
623 3906 730 3962 sit?
761 3903 863 3960 Cui
895 3904 1132 3959 breviter
1187 3901 1407 3957 dicam:
1452 3899 1571 3956 Nisi
1624 3901 1729 3956 hoc
1765 3902 1841 3956 ita
1872 3914 2038 3969 esset,

471 4010 751 4067 nunquam
786 3996 840 4050 in
867 3994 974 4049 alio
1002 3994 1123 4049 loco
1147 4007 1498 4047 nosceremus
1526 3991 1788 4061 scriptum
1818 3993 2040 4049 referri:

469 4088 625 4142 Juste
652 4085 707 4141 id
732 4084 871 4156 quod
889 4084 1097 4153 justum
1130 4091 1228 4147 est,
1263 4097 1473 4151 sequere
1495 4081 1557 4138 “.
1585 4080 1700 4137 Nisi
1724 4082 1868 4137 enim
1900 4094 2038 4139 esset

468 4182 677 4252 justum
705 4177 931 4247 aliquid,
956 4174 1101 4245 quod
1127 4188 1235 4230 non
1256 4173 1403 4242 juste
1427 4186 1804 4243 sequeremur,
1838 4167 2060 4244 nequa;

473 4287 639 4343 quam
666 4270 825 4327 nobis
849 4268 1250 4340 praeciperetur,
1289 4274 1344 4320 ut
1368 4266 1515 4336 juste
1554 4266 1607 4321 id
1646 4266 1795 4338 quod
1832 4266 2043 4336 justum

547 4438 595 4472 “
617 4436 811 4493 Matth.
849 4451 904 4501 ν,
929 4432 1022 4490 28.
1097 4431 1164 4465 “‘
1188 4428 1349 4483 Rom.
1378 4443 1439 4493 ιι,
1466 4427 1558 4484 29.
1614 4436 1625 4448 '
1649 4430 1695 4462 “
1724 4426 1883 4484 Prov.
1919 4446 2000 4498 ιιι,
2024 4432 2079 4486 4.

549 4597 629 4666 (4)
655 4593 880 4666 schedia
907 4590 1090 4647 Grabii
1120 4591 1502 4666 :_"A_peg:tem.
1526 4587 1683 4666 Ῥῖγος
1710 4587 1870 4666 χᾴριν
1891 4591 2059 4666 πρός.

479 4658 658 4724 κείτάι
685 4664 765 4727 τὸ,
799 4661 1112 4732 ἄμεμπζωω
1139 4658 1568 4732 Διότιξὲᾳτὶᾼκαὶ
1599 4658 1656 4711 ὲν
1700 4658 2051 4732 ιεάσαιςβξὶαῖς

481 4736 720 4804 ὲντολῌαῖς
750 4726 1097 4804 appetissem,
1127 4731 1221 4804 ita}
1239 4729 1322 4804 Δμὴ
1350 4729 1673 4804 apt-59mm);
1702 4726 1949 4804 eiv_atA._El
1978 4731 2052 4802 μὴ

521 4801 687 4892 ἀρρῆν
714 4798 872 4892 mare
890 4840 919 4892 ,ἱ
937 4800 1047 4892 οὐκΧ
1069 4798 1135 4892 ἂι(
1168 4798 1792 4892 ὲλξζέτολνΔικξιξωςητὸ
1821 4798 2055 4888 animi

522 4867 734 4943 ιώξὲις.
774 4870 1053 4943 Ἐπεὶμκαῇ
1080 4868 1142 4922 τὸ
1157 4868 1444 4943 ,καλὺνηοὺ
1478 4867 2057 4943 ωλὸν,λότᾳναμὴμκα-

482 4935 873 5015 λῶς’γιῖρῃται.
915 4938 1105 5015 Erras
1125 4935 1217 5015 ρῦν
1258 4937 1498 5015 πριῶμεν
1526 4935 1884 5015 adquei/102$;
1915 4935 2056 5015 ᾧστε

487 5005 661 5091 μὴ’ὲν·
681 5005 761 5091 τῷ
786 5010 1045 5091 συνειδότι
1081 5005 1413 5091 ρύπονβῐναί
1436 5007 1758 5091 κξενοδοξίᾳς,
1783 5009 1816 5081 ἢ
1846 5009 2059 5090 ἀνρρω-

485 5077 822 5161 impensis:
839 5123 853 5148 ,
873 5082 918 5161 ﬁ
944 5077 1135 5161 ξτέρὸυ
1172 5079 1314 5161 mlh;
1343 5077 1613 5161 τοιούτορ,
1642 5079 1766 5161 agre
1800 5077 2058 5161 irritatius»)

485 5148 586 5223 τάξ
616 5154 833 5217 ἐντολὰς
862 5148 1188 5224 ἁξιέμτὲτως.
1225 5149 1623 5224 Sine_qu_erela.
1654 5148 1766 5224 Cur
1797 5148 2056 5224 additur:

489 5220 608 5285 sine
639 5220 915 5296 querela?
934 5220 1079 5296 Quia
1127 5230 1294 5296 potest
1342 5220 1462 5289 ﬁeri
1492 5229 1550 5273 ut
1575 5222 1691 5291 quis
1712 5222 1777 5296 in
1814 5220 2056 5296 omnibus

491 5291 759 5352 mandatis
789 5292 1003 5347 Domini
1042 5291 1308 5356 ambulet,
1353 5306 1445 5344 nec
1476 5299 1651 5344 tamen
1676 5292 1744 5344 sit
1789 5292 1901 5344 sine
1920 5305 2061 5360 ique-

493 5366 623 5421 rela.
653 5365 775 5419 Nisi
799 5363 936 5417 enim
976 5363 1071 5416 hoc
1114 5363 1193 5415 ita
1219 5369 1385 5424 esset,
1427 5377 1530 5414 non
1564 5360 1871 5415 diceretur:
1907 5359 2062 5414 Juste

495 5437 640 5505 quod
677 5435 886 5504 justum
913 5441 995 5488 est
1021 5431 1287 5505 sequeris.
1332 5429 1777 5505 Quandoquidem
1794 5431 1931 5505 quod
1971 5428 2062 5505 bo-

494 5498 619 5559 num
642 5498 749 5567 est,
788 5519 893 5558 non
926 5511 1003 5557 est
1032 5498 1256 5566 bonum,
1288 5516 1403 5553 cum
1431 5499 1553 5553 bene
1572 5498 1682 5553 non
1714 5498 1817 5553 sit.’
1836 5498 2063 5565 Quando

497 5575 662 5645 igitur
691 5573 917 5645 facimus
951 5572 1228 5645 mandata,
1259 5572 1338 5645 ita
1369 5579 1423 5623 ut
1447 5572 1501 5623 in
1530 5571 1853 5645 conscientia
1876 5580 2062 5624 nostra

496 5639 645 5700 vana
691 5639 874 5712 gloria:
900 5642 1078 5696 sordes
1118 5655 1224 5696 non
1254 5640 1376 5712 sint
1402 5681 1417 5706 ,
1468 5656 1558 5693 nec
1601 5639 1748 5712 aliud
1793 5639 2061 5710 quidpiam

494 5709 755 5784 ejusmodi
803 5727 1057 5783 agamus,
1084 5720 1208 5766 tunc
1236 5709 1466 5780 facimus
1493 5711 1750 5764 mandata
1789 5709 1901 5764 sine
1933 5725 2065 5780 que-

496 5783 626 5843 rela.
660 5783 877 5838 Remus.

567 5855 643 5922 (5)
685 5851 807 5907 Vid.
839 5860 953 5906 not.
991 5849 1046 5922 in
1082 5848 1228 5904 hom.
1263 5848 1297 5903 8
1326 5848 1381 5902 in
1410 5848 1545 5904 Gen.

569 5856 622 5922 (5
685 5856 807 5907 Vid.
839 5860 953 5906 not.
991 5856 1046 5904 in
1082 5856 1228 5904 hom.
1263 5856 1297 5903 8
1326 5856 1381 5902 in
1410 5856 1545 5904 Gen.

569 5856 647 5998 (δὲ
685 5922 868 5978 Multis
908 5921 1131 5992 quidem
1166 5927 1291 5975 ante
1318 5934 1382 5975 ac
1423 5929 1548 5990 post
1576 5917 1863 5990 Origenem
1893 5918 2066 5975 eccle-

2714 2083 3001 2143 HOMILIA
3028 2079 3118 2137 Ill.

2130 2207 2206 2262 De
2229 2221 2289 2260 eo
2315 2201 2455 2274 quod
2486 2202 2742 2274 scriptum
2769 2208 2853 2274 est
2877 2214 2896 2274 ς
2931 2216 2951 2248 ι
2981 2192 3251 2274 Apparuit.
3273 2189 3574 2274 reiiangelus
3594 2187 3715 2274 nDo-

2196 2258 2350 2341 mini,
2377 2283 2523 2329 stans
2553 2258 2808 2327 a'dextris
2836 2258 3038 2322 altaris
3054 2258 3253 2319 incensi
3273 2261 3368 2335 [aL
3398 2258 3656 2329 accensi].
3686 2277 3709 2311 ι

2200 2346 2333 2415 Cap.
2367 2361 2404 2400 ι.

2199 2436 2332 2504 Quae
2353 2433 2662 2507 corporalia
2691 2439 2819 2488 sunt
2863 2437 2919 2485 et
2963 2443 3128 2484 sensu
3157 2430 3369 2493 carent,
3398 2431 3461 2477 ut
3486 2419 3717 2478 vidcan-

2132 2537 2220 2585 tur
2247 2529 2316 2586 ab
2363 2528 2492 2594 alio,
2525 2527 2646 2597 ipsa
2690 2522 2826 2579 nihil
2881 2520 3149 2588 efﬁciunt;
3199 2516 3292 2575 scd
3328 2511 3717 2571 tantummodo

2131 2618 2324 2674 oculus
2341 2616 2567 2672 alterius
2604 2615 2844 2669 intentus
2865 2613 2919 2668 in
2942 2626 3029 2676 ea,
3045 2606 3439 2666 sivevoluerint
3463 2604 3585 2668 ilia,
3599 2602 3718 2657 sive

2132 2708 2423 2775 noluerint,
2440 2708 2605 2772 videt,
2629 2706 2847 2777 quando
2871 2705 2924 2759 in
2952 2719 3016 2759 ea
3046 2698 3560 2769 contemplationem
3580 2694 3720 2749 dire-

2133 2801 2294 2857 xerit.
2307 2799 2445 2867 Quid
2468 2799 2611 2855 enim
2628 2806 2803 2869 potest
2817 2798 2999 2862 homo,
3014 2804 3109 2851 aut
3127 2794 3233 2849 alia
3252 2808 3339 2848 res
3356 2804 3477 2861 qua:
3488 2787 3721 2844 circum-

2133 2893 2295 2949 datur
2324 2906 2554 2963 corpore
2587 2904 2795 2957 crasso,
2814 2903 2939 2943 cum
2958 2887 3013 2942 in
3031 2884 3283 2958 praesenti
3318 2880 3507 2947 fuerit,
3536 2877 3722 2933 facere

2133 3002 2204 3042 ne
2218 2994 2472 3042 cernatur
2490 2983 2612 3055 (5)?
2641 2974 2967 3039 Econtrario'
2986 2995 3047 3035 ea
3072 2992 3194 3049 quae
3220 2986 3348 3032 sunt
3374 2985 3615 3044 superna
3665 2977 3723 3022 et

2134 3080 2339 3145 divina,
2367 3093 2432 3135 ea
2466 3091 2592 3134 cum
2618 3076 2674 3131 in
2704 3072 2955 3147 praesenti
3002 3069 3240 3134 fuerint,
3294 3081 3403 3121 non
3466 3062 3726 3119 videntur

2139 3171 2246 3226 nisi
2262 3171 2378 3241 ipsa
2404 3168 2708 3225 voluerint:
2733 3177 2787 3223 et
2808 3169 2863 3221 in
2889 3163 3165 3219 voluntate
3191 3173 3381 3216 eorum
3434 3163 3519 3211 est
3548 3150 3723 3206 videri

2137 3262 2222 3317 vel
2251 3277 2356 3317 non
2376 3259 2566 3315 videri.
2605 3256 2791 3314 Gratia
2808 3254 2900 3310 Dei
2919 3253 3019 3309 fuit
3037 3261 3096 3307 ut
3114 3255 3400 3321 appareret
3420 3243 3725 3305 Abraham,

2143 3355 2229 3410 vel
2273 3352 2484 3408 caeteris
2527 3348 2845 3421 prophetis:
2898 3362 3008 3402 non
3061 3343 3208 3414 quod
3258 3341 3451 3396 oculus
3506 3345 3726 3391 tantum

2145 3446 2327 3505 cordis
2353 3445 2629 3501 Abraham
2660 3444 2715 3498 in
2745 3457 2911 3498 causa
2944 3438 3110 3495 fuerit
3140 3446 3202 3492 ut
3232 3441 3483 3492 cerneret
3512 3428 3684 3484 Deum
3708 3470 3726 3492 ,

2146 3538 2240 3595 sed
2272 3536 2416 3609 quod
2447 3535 2623 3607 gratia
2651 3532 2744 3588 Dei
2777 3533 2919 3588 ultro
2945 3544 3005 3586 se
3024 3525 3396 3600 aspiciendam
3426 3518 3730 3592 praebuerit

2145 3632 2265 3687 viro
2292 3630 2463 3700 justo.
2492 3626 2605 3682 Hoc
2655 3635 2834 3681 autem
2869 3638 2981 3679 non
3006 3622 3183 3678 solum
3216 3632 3380 3689 super
3423 3614 3538 3669 Deo
3563 3611 3731 3667 Patre

2146 3721 2415 3793 intelligas
2455 3718 2563 3791 (6),
2599 3718 2690 3774 sed
2719 3718 2881 3773 etiam
2925 3730 3092 3785 super
3137 3711 3371 3766 Domino
3416 3706 3728 3770 Salvatore,

2145 3823 2199 3869 et
2225 3829 2387 3884 super
2408 3810 2615 3883 Spiritu
2645 3818 2837 3866 sancto
2852 3849 2871 3878 ,
2892 3816 2947 3864 et
2972 3815 3032 3862 ut
3060 3805 3128 3860 ad
3153 3804 3366 3859 minora
3388 3798 3726 3873 perveniam,

2144 3921 2309 3977 super
2337 3903 2619 3960 cherubim
2654 3911 2708 3957 et
2738 3900 3032 3971 seraphim.
3061 3896 3203 3952 Fieri
3237 3895 3382 3951 enim
3420 3899 3622 3963 potest,
3666 3902 3741 3948 ut

2145 4007 2201 4054 et
2224 4012 2368 4053 nunc
2395 3995 2552 4051 nobis
2575 3993 2926 4065 loquentibus
2952 3990 3173 4045 assistat
3189 3984 3436 4058 angelus,
3464 3994 3522 4040 et
3542 3991 3727 4037 tamen

2147 4089 2275 4161 quia
2308 4103 2418 4143 non
2447 4101 2745 4151 meremur,
2773 4099 2898 4140 eum
2922 4082 3106 4137 videre
3128 4091 3486 4149 nequeamus.
3518 4073 3731 4141 Quam—
3788 4090 3792 4093 ·

2149 4181 2231 4235 vis
2260 4179 2406 4235 enim
2441 4177 2632 4234 oculus
2662 4176 2778 4232 sive
2818 4172 3102 4243 corporis,
3146 4172 3260 4226 sive
3297 4168 3495 4224 animae
3525 4174 3733 4220 nostra

2154 4271 2221 4328 ad
2246 4268 2723 4339 contemplandum
2753 4265 3021 4328 intendat,
3044 4263 3149 4320 nisi
3191 4268 3383 4332 sponte
3416 4255 3731 4329 apparuerit

2154 4433 2199 4465 “
2234 4431 2393 4488 Deut.
2445 4446 2572 4490 xvr.
2602 4427 2693 4484 20.
2781 4428 2825 4459 "
2855 4424 2899 4481 Il
2922 4425 3053 4481 Cor.
3089 4441 3145 4493 v,
3187 4422 3276 4478 10.

2167 4589 2405 4647 siasticis
2429 4585 2746 4643 auctoribus
2778 4596 3099 4654 persuasum
3132 4578 3268 4654 fuit,
3294 4574 3513 4654 quando
3526 4573 3591 4654 in
3625 4572 3732 4627 Ve-

2083 4671 2127 4729 D
2156 4662 2288 4716 teris
2321 4656 2655 4714 Testamenti
2704 4647 2931 4729 historia
2952 4651 3102 4729 Deus
3132 4647 3459 4729 patriarchis
3483 4652 3729 4729 ξιιμ-ο-

2154 4713 2339 4801 phetis
2356 4729 2557 4801 dicitur
2580 4725 2933 4801 _appa_ruisse,
2952 4722 3117 4801 inque
3133 4713 3211 4774 iis
3239 4716 3479 4773 adfuisse
3508 4713 3727 4801 Pilimn,

2154 4784 2351 4856 debere
2370 4784 2730 4865 intelligiftfui
2750 4784 2954 4865 morem
2973 4784 3119 4845 Patri
3138 4803 3330 4865 gerens
3348 4784 3726 4865 {spectabilem

2158 4854 2279 4927 sese
2304 4869 2413 4924 illis
2445 4854 2768 4939 praebuerit,
2784 4862 3006 4932 Deique,
3031 4854 3346 4939 angulitaut
3374 4854 3614 4939 Domini,
3634 4867 3730 4939 pro

2157 4924 2309 4996 varia
2338 4924 2503 5010 quain
2537 4924 2817 5010 sust_i_nuit_
2839 4924 3078 5010 persona.
3099 4924 3332 5010 nomina
3369 4924 3600 4981 sortitus
3626 4924 3731 4985 sit,

2157 5012 2291 5080 quin
2320 4997 2375 5065 et
2393 5006 2714 5080 junctusjis
2736 4997 3164 5080 substantialiter
3196 4997 3390 5080 fuerit,
3402 5007 3729 5080 quanquam

2158 5065 2268 5135 non
2318 5065 2697 5147 ὑτῶστατικῇ,
2732 5075 2825 5129 sed
2866 5071 3092 5147 εχετικῇ
3138 5065 3547 5147 conjunctione.
3585 5065 3733 5116 Hanc

2160 5149 2356 5205 merito
2402 5139 2933 5218 reprehendere‘alii
2968 5139 3292 5218 sententiam
3333 5152 3367 5216 ε.
3395 5149 3499 5215 nec
3548 5143 3732 5218 tamen

2159 5200 2829 5291 D-rigenem'criminandi
2871 5209 3218 5291 occasionem
3260 5204 3598 5291 arripimus.

2161 5271 2681 5345 cun‘i‘hieweasdem
2716 5290 2899 5354 partes
2929 5289 2984 5335 et
3021 5278 3132 5354 Deo
3177 5271 3456 5354 Patri,__et
3505 5271 3731 5354 Spiritui

2163 5341 2620 5421 sancto—tribuat,
2669 5341 3003 5426 paradoxam
3033 5341 3589 5426 illiquepeculiarem
3636 5341 3735 5426 dos-

2162 5413 2399 5485 ctrinam
2428 5413 2635 5496 absque
2653 5413 3107 5496 reprehensionis
3131 5413 3276 5496 'nota
3309 5413 3592 5496 praeterire
3624 5425 3733 5466 non

2162 5483 2342 5555 liceat.
2373 5483 2657 5567 Siquidem
2688 5483 2780 5567 ilia
2816 5493 2937 5564 ipsa
2960 5483 3352 5567 Adamantium
3373 5483 3735 5567 destiti-titia-

2166 5551 2431 5639 iib',"fqda
2454 5551 2655 5639 ἐἱειειῄ
2683 5551 2939 5639 videntur
2971 5558 3190 5615 adducti
3217 5577 3231 5612 :
3263 5553 3605 5639 puta'verbis
3628 5551 3735 5604 illis

2167 5625 2539 5694 Exodi'xxxnt
2567 5655 2582 5691 :
2613 5635 2782 5689 Deum
2808 5632 3024 5686 Patrem
3059 5643 3209 5682 nemo
3246 5625 3436 5694 uidebit
3477 5637 3735 5693 unquam,

2165 5693 2212 5765 et
2259 5693 2391 5763 uiuet
2433 5723 2452 5761 :
2496 5717 2550 5762 et
2597 5702 2905 5761 econtrario
2950 5700 3058 5754 illis
3100 5698 3307 5752 Ch’risti
3336 5693 3534 5751 Joann.
3568 5706 3677 5765 Δγιιι
3714 5706 3733 5743 :

2170 5762 2437 5832 Abraham
2463 5775 2747 5845 exsultauit
2778 5782 2835 5845 ut
2861 5771 3057 5845 uideret
3087 5768 3226 5823 diem
3254 5778 3467 5820 meum:
3491 5762 3644 5827 vidit,
3682 5769 3732 5814 et

2167 5850 2377 5921 gavisus
2409 5857 2512 5914 est,
2533 5841 2725 5916 hisque
2751 5841 3042 5899 similibus.
