4002 6586
319 416 452 473 ίεῦθ

1544 414 1613 470 ΙΝ
1651 412 1884 471 [ιυΟΑΜ
1925 410 2207 467 HOMILIA
2236 410 2326 469 IV.

3431 408 3568 464 1310

318 531 564 602 angelus,
600 537 654 585 et
681 545 741 585 se
771 529 872 601 [αι.
910 531 953 586 si
972 529 993 602 '1
1027 526 1322 585 videndum
1353 529 1682 600 praebuerit,
1723 537 1777 583 et
1807 527 1896 584 ille
1924 531 1968 586 Α
1997 524 2084 580 cui
2116 534 2200 580 est
2244 523 2414 596 gloria
2459 530 2512 578 et
2537 522 2820 594 imperium
2875 523 2928 578 in
2974 522 3174 579 saecula
3220 521 3564 579 saeculorum.

318 622 410 691 qui
441 635 567 676 vere
599 621 904 686 desiderat,
953 637 1060 676 non
1092 621 1315 676 videbit.
1357 620 1542 692 ltaque
1583 619 1892 689 ubicunque

295 714 584 783 .scriptum
614 711 813 780 fuerit,
857 714 1110 784 apparuit
1147 713 1292 769 Deus
1341 713 1438 779 illi,
1494 712 1576 768 vel
1605 712 1704 773 illi,
1752 720 1896 765 utet

220 838 231 848 -
319 820 506 860 nunc:
539 804 799 874 Apparuit
826 805 874 858 ei
899 803 1114 875 angelus
1149 803 1392 871 Domini,
1425 815 1572 858 stans
1618 820 1651 856 a
1691 801 1892 856 dextris

321 894 508 948 altaris
531 893 751 958 incensi,
787 895 860 949 ita
901 902 960 948 ut
986 893 1121 960 dixi,
1144 893 1403 962 intellige.
1435 892 1562 949 Sive
1581 892 1758 958 Deus,
1779 891 1895 947 sive

321 984 548 1056 angelus
586 984 822 1040 Abrahae
865 985 950 1042 vel
989 984 1266 1052 Zachariae
1291 1025 1306 1051 ,
1354 1001 1479 1045 cum
1537 985 1768 1041 voluerit
1813 986 1894 1040 vel

323 1076 576 1144 noluerit,
605 1085 700 1132 aut
740 1093 848 1133 non
876 1078 1167 1145 videbitur,
1198 1087 1294 1132 aut
1339 1077 1630 1134 videbitur.
1686 1077 1754 1132 Et
1791 1078 1897 1134 hoc

322 1186 431 1224 non
469 1178 678 1226 tantum
716 1171 768 1225 in
808 1171 1062 1240 praesenti
1094 1172 1293 1228 saeculo
1316 1171 1571 1240 dicimus,
1607 1173 1704 1228 sed
1729 1174 1893 1228 etiam

323 1259 378 1313 in
409 1258 612 1326 futuro,
639 1275 763 1316 cum
801 1261 1217 1330 inigraverimus
1243 1276 1274 1316 e
1307 1263 1512 1318 mundo
1537 1303 1551 1330 ,
1599 1263 1746 1333 quod
1788 1278 1896 1318 non

321 1352 578 1409 omnibus
610 1354 692 1409 vel
729 1353 892 1418 Deus,
927 1356 1008 1410 vel
1037 1357 1212 1427 angeli
1243 1367 1556 1427 appareant,
1601 1359 1744 1428 quod
1785 1359 1896 1414 sci-

323 1442 448 1498 licet
474 1455 529 1498 et
554 1446 799 1516 angelos,
835 1457 891 1500 et
922 1445 1184 1517 Spiritum
1213 1458 1486 1512 sanctum,
1517 1459 1572 1504 et
1604 1447 1894 1504 Dominum

325 1530 682 1601 Salvatorem,
711 1544 764 1589 et
798 1535 976 1605 ipsum
1003 1535 1172 1591 Deum
1201 1536 1440 1604 Patrem,
1470 1539 1516 1593 is
1546 1539 1639 1609 qui
1674 1539 1742 1594 de
1775 1554 1898 1594 cor-

323 1639 452 1696 pore
477 1626 690 1689 exierit,
722 1628 908 1682 statim
937 1637 1211 1684 mereatur
1243 1630 1426 1685 videre
1459 1640 1551 1686 :et
1579 1631 1665 1686 ille
1689 1639 1896 1686 tantum

324 1712 568 1783 videbit,
618 1718 712 1788 qui
761 1719 1025 1774 mundum
1057 1709 1312 1775 habuerit
1340 1736 1435 1776 cor
1465 1721 1530 1786 ⁸⁸,
1555 1730 1609 1776 et
1642 1722 1800 1778 talem
1841 1739 1900 1778 se

324 1808 638 1877 praebuerit,
672 1818 730 1862 ut
753 1809 949 1880 dignus
974 1809 1068 1866 Dei
1099 1811 1170 1867 sit
1194 1821 1437 1882 aspectu.
1471 1811 1534 1866 Et
1563 1813 1815 1883 quamvis
1843 1814 1896 1869 in

1995 617 2186 671 Amen.

2116 723 2124 729 '
2582 703 2866 760 llOillLlA
2894 705 2983 762 IV.

1995 820 2072 874 De
2094 837 2153 873 eo
2186 820 2324 890 quod
2355 819 2609 890 scriptum
2647 829 2766 872 est:
2807 837 2825 868 ‹
2860 817 2948 890 Ne
2975 819 3183 890 timeas,
3213 817 3500 890 Zachariu,
3545 841 3562 873 ι

2067 887 2227 960 usque
2250 892 2318 943 ad
2340 887 2467 943 eum
2490 889 2782 960 locunturbi
2815 889 2890 940 ait
2914 887 2977 960 de
3013 887 3218 960 Joanne
3249 906 3266 943 :
3304 909 3322 940 ι
3360 889 3572 946 Prece-

2067 957 2152 1014 det
2178 977 2358 1014 coram
2392 961 2504 1029 ipso
2528 962 2578 1013 in
2602 959 2796 1028 spiritu
2821 968 2871 1012 et
2903 959 3091 1012 virtute
3127 957 3283 1013 Elite.
3315 979 3334 1012 ι
3355 961 3488 1031 Cap.
3523 978 3562 1016 1.

2067 1073 2384 1140 Zacharias,
2411 1090 2536 1130 cum
2570 1075 2824 1146 angelum
2854 1072 3104 1138 vidisset,
3141 1073 3378 1144 expavit.
3419 1072 3569 1130 Nova

1996 1170 2196 1238 quippe
2227 1166 2395 1222 facies
2427 1166 2684 1220 humanis
2709 1165 2992 1221 obtutibus
3017 1179 3077 1220 se
3097 1165 3347 1234 praebens
3391 1163 3574 1218 turbat

1997 1269 2234 1315 mentem
2281 1257 2636 1330 animumque
2691 1266 3027 1314 consternat.
3097 1255 3251 1313 Unde
3301 1256 3570 1327 angelus,

1998 1352 2181 1408 sciens
2214 1351 2356 1406 hanc
2381 1365 2503 1406 esse
2533 1350 2830 1405 humanam
2862 1359 3136 1416 naturam,
3166 1350 3403 1420 primum
3448 1364 3574 1419 per-

1997 1442 2295 1499 turbationi
2330 1441 2579 1496 medetur
2615 1442 2802 1498 dicens
2837 1459 2850 1494 :
2887 1440 3014 1496 Noli
3039 1443 3238 1510 timere,
3268 1440 3575 1495 Zacharia:

1997 1546 2052 1592 et
2074 1535 2435 1605 trepidantem
2467 1532 2736 1589 refocillat
2762 1573 2776 1598 ,
2822 1549 3073 1604 novoque
3116 1533 3353 1588 laetiﬁcat
3382 1532 3576 1587 nuntio

2000 1627 2239 1683 inferens
2267 1643 2281 1678 :
2321 1624 2596 1680 Exaudite
2627 1635 2703 1681 est
2729 1627 2900 1680 oratio
2934 1634 3045 1692 tua,
3073 1635 3121 1680 et
3160 1641 3294 1680 uxor
3337 1637 3431 1681 tua
3454 1623 3574 1679 Eli-

2000 1721 2183 1774 sabeth
2221 1720 2390 1789 pariet
2422 1718 2614 1788 ﬁlium,
2639 1729 2690 1772 et
2718 1717 2923 1772 vocabis
2951 1735 3138 1772 nomen
3162 1718 3276 1788 ejus
3292 1716 3575 1780 Joannem,

1999 1825 2047 1869 et
2095 1813 2196 1866 erit
2241 1810 2335 1864 tibi
2389 1811 2648 1881 gaudium
2695 1820 2745 1864 et
2789 1810 3096 1864 exsultatio.
3144 1809 3371 1876 Quando
3395 1810 3577 1880 justus

324 1895 515 1952 eodem
534 1897 656 1954 loco
682 1899 773 1966 sit,
802 1899 896 1968 qui
919 1901 1124 1956 mundo
1147 1901 1310 1956 corde
1337 1911 1439 1968 est,
1464 1911 1517 1957 et
1539 1903 1584 1957 is
1605 1906 1698 1973 qui
1724 1905 1903 1959 adhuc
1935 1903 1974 1956 Β
2003 1904 2126 1974 quis
2155 1903 2330 1957 oritur
2365 1901 2590 1968 mundo,
2628 1909 2682 1955 et
2711 1901 2946 1956 stadium
2981 1902 3143 1972 hujus
3186 1903 3309 1956 vitae
3345 1901 3582 1972 ingredi-

325 1987 507 2058 aliqua
545 1989 708 2044 sorde
752 1992 1127 2062 respergitur,
1167 2008 1311 2048 unus
1363 1992 1516 2048 locus
1553 2009 1650 2048 nec
1701 2009 1898 2051 nocere

325 2080 635 2151 quempiam
665 2082 898 2150 poterit,
923 2082 1233 2154 necjuvare
1263 2100 1277 2137 :
1333 2086 1459 2155 quia
1500 2085 1592 2155 qui
1637 2088 1896 2143 mundum

325 2185 422 2225 cor
452 2170 725 2239 habuerit,
755 2171 923 2227 Deum
953 2174 1175 2240 videbit,
1208 2175 1300 2245 qui
1326 2185 1507 2231 autem
1550 2177 1672 2232 talis
1713 2177 1896 2244 fuerit,

2007 2006 2118 2063 tur,
2143 1995 2380 2050 ministri
2407 1993 2708 2050 nativitatis
2729 1994 2848 2065 ejus
2876 1996 3145 2062 lzetantur,
3175 2004 3228 2051 et
3258 2011 3316 2052 se
3349 1994 3581 2051 efferunt

2000 2088 2053 2142 in
2089 2088 2343 2144 sublime.
2369 2085 2600 2154 Quando
2637 2102 2766 2143 vero
2802 2087 2891 2142 ille
2939 2088 3186 2144 nascitur
3211 2127 3226 2152 ,
3276 2088 3371 2158 qui
3422 2089 3582 2145 malae

1999 2183 2121 2236 vitm
2148 2188 2488 2251 praeparatus
2518 2187 2620 2243 est,
2653 2186 2706 2234 et
2727 2180 2884 2249 quasi
2910 2180 2981 2234 ob
3005 2195 3198 2251 pcenas
3225 2179 3301 2252 (7)
3342 2181 3396 2235 in
3425 2197 3583 2253 erga-

327 2262 378 2317 id
411 2262 556 2332 quod
594 2262 684 2316 alii
713 2273 964 2328 cernunt,
993 2265 1158 2336 936
1190 2281 1300 2320 non
1325 2267 1566 2333 videbit.‘
1595 2266 1726 2323 Tale
1767 2270 1898 2340 quid
1999 2273 2201 2329 stulum
2237 2272 2542 2343 relegatus,
2582 2272 2831 2327 minister
2878 2282 3261 2329 consternatur
3302 2282 3356 2328 et
3394 2275 3582 2330 concio

326 2355 458 2410 mihi
497 2354 904 2426 intelligendum
936 2366 988 2412 et
1018 2357 1086 2413 de
1117 2356 1335 2414 Christo
1358 2401 1372 2426 ,
1403 2360 1494 2429 qui
1541 2361 1816 2430 quondam
1845 2362 1899 2415 in
1998 2367 2097 2421 dit.
2125 2364 2221 2421 Vis
2253 2365 2562 2435 exemplum
2594 2365 2840 2434 accipere
2887 2366 3059 2421 sancti
3107 2365 3228 2431 viri,
3264 2366 3423 2436 cujus
3465 2381 3584 2421 om-

325 2463 551 2518 corpore
574 2449 873 2515 videbatur,
904 2449 1050 2520 quod
1072 2466 1182 2506 non
1210 2452 1526 2522 quicunque
1575 2467 1699 2507 eum
1749 2453 1900 2509 vide-
2001 2457 2087 2513 nis
2136 2456 2348 2512 fructus
2399 2456 2454 2510 in
2498 2454 2656 2510 laude
2717 2455 2832 2512 sit?
2883 2457 3020 2512 Vide
3080 2455 3252 2511 Jacob
3295 2457 3582 2513 duodecim

272 2536 286 2546 ’
326 2540 500 2605 bant,
556 2550 812 2612 poterant
862 2540 1067 2597 videre.
1109 2541 1377 2598 Videbant
1433 2545 1632 2616 quippe
1689 2555 1899 2601 tantum
2001 2548 2256 2619 genuisse
2281 2561 2481 2612 mares,
2503 2546 2597 2616 qui
2622 2561 2812 2603 omnes
2832 2547 3130 2618 populiDei
3158 2557 3210 2602 et
3235 2549 3405 2616 partis
3437 2547 3584 2603 illius
3675 2561 3680 2564 '

325 2648 527 2704 corpus
570 2633 756 2689 illius:
795 2634 1092 2689 secundum
1134 2651 1262 2691 vero
1310 2636 1413 2691 hoc
1451 2637 1598 2708 quod
1651 2637 1904 2695 Christus
2000 2639 2325 2710 patriarchae
2363 2634 2418 2694 et
2445 2639 2718 2710 principes
2745 2639 3108 2694 exstiterunt:
3135 2639 3192 2693 in
3221 2639 3306 2695 bis
3329 2640 3586 2697 omnibus

325 2733 465 2788 erat,
496 2739 621 2779 eum
652 2723 837 2779 videre
865 2739 973 2780 non
1004 2735 1271 2796 poterant.
1301 2725 1473 2782 Porro
1503 2729 1755 2799 discipuli
1778 2745 1904 2785 eum
2003 2730 2174 2786 Jacob
2206 2731 2493 2790 lattabatur
2536 2742 2690 2802 pater
2712 2772 2727 2796 ,
2779 2731 2918 2787 sicut
2955 2740 3009 2786 et
3044 2746 3192 2787 nunc
3242 2732 3309 2787 de
3357 2730 3587 2788 Joannis

327 2815 602 2883 videbant,
630 2825 685 2871 et
711 2817 1144 2888 magnitudinem
1168 2818 1468 2874 divinitatis
1493 2821 1638 2875 illius
1665 2831 1907 2877 contem-

329 2908 639 2979 plabantur.
675 2907 904 2978 Propter
927 2909 1074 2978 quod
1099 2920 1232 2978 puto
1255 2919 1309 2965 et
1339 2911 1407 2964 ad
1450 2909 1759 2982 Philippum
1814 2913 1908 2969 de-

331 3011 641 3071 precantem
670 3010 834 3072 atque
860 3003 1170 3062 dicentem:
1209 3001 1436 3057 Ostende
1478 3004 1626 3060 nobis
1667 3003 1906 3070 Patrem,

329 3107 378 3150 et
433 3097 621 3166 stt/ﬁcit
664 3095 847 3162 nobis,
905 3097 1252 3166 respondisse
1305 3097 1687 3153 Salvatorem:
1741 3099 1912 3154 Tanto

333 3197 562 3256 tempore
582 3188 846 3242 vobiscum
877 3203 1017 3253 sum,
1051 3196 1102 3241 et
1131 3205 1233 3242 non
1264 3190 1577 3260 cognovistis
1617 3192 1734 3245 me?
1773 3190 1907 3246 Phi-

332 3275 490 3345 lippe,
517 3277 608 3347 qui
637 3278 771 3331 videt
794 3293 893 3344 me,
932 3277 1069 3331 videt
1099 3289 1149 3332 et
1181 3277 1398 3332 Patrem
1437 3279 1500 3334 ³³.
1540 3277 1728 3351 Neque
1761 3281 1905 3336 enim

2006 2823 2288 2879 nativitate
2319 2823 2530 2880 cunctis
2561 2825 2818 2894 gaudium
2850 2826 3130 2880 nuntiatur
3167 2841 3178 2876 :
3209 2835 3263 2880 et
3294 2825 3389 2895 qui
3420 2825 3588 2881 semel

2005 2917 2076 2971 ob
2105 2915 2390 2970 utilitatem
2439 2914 2672 2969 aliorum
2719 2913 2786 2968 ad
2822 2914 3119 2969 liberorum
3155 2929 3320 2983 opera
3358 2914 3585 2970 descen-

2008 3005 2167 3072 derit,
2197 3013 2252 3060 et
2275 3020 2335 3061 se
2364 3005 2597 3060 voluerit
2631 3006 2759 3060 huic
2782 3004 3090 3060 ministerio
3121 3006 3455 3074 mancipare,
3490 3005 3588 3060 ob-

2011 3107 2187 3156 secret
2211 3097 2404 3164 Deum,
2431 3106 2490 3152 ut
2519 3096 2643 3152 talis
2673 3097 2722 3152 ei
2756 3096 2901 3152 filius
2935 3095 3274 3168 ingrediatur
3301 3093 3584 3156 saeculum,

2012 3205 2177 3262 super
2207 3190 2366 3260 cujus
2391 3189 2672 3245 nativitate
2693 3188 2869 3244 laetior
2899 3189 2989 3245 sit.
3031 3186 3304 3245 Scribitur
3346 3202 3477 3257 ergo
3519 3186 3588 3240 de

2009 3282 2261 3338 Joanne:
2302 3281 2378 3354 (8)
2423 3280 2543 3334 Erit
2581 3296 2802 3350 magnus
2841 3281 2896 3333 in
2941 3285 3222 3347 conspectu
3260 3275 3476 3330 Domini
3513 3275 3583 3329 ⁷⁸.

332 3367 561 3434 Pilatus,
592 3370 686 3440 qui
715 3370 933 3425 videbat
962 3368 1172 3434 Jesum,
1202 3369 1515 3425 intuebatur
1549 3372 1783 3440 Patrem,
1810 3389 1909 3430 nec
2010 3373 2435 3446 Magnitudinem
2464 3371 2660 3427 anima:
2688 3370 2914 3428 Joannis
2942 3371 3179 3428 ostendit
3203 3409 3218 3433 ,
3261 3383 3383 3440 qua:
3413 3365 3589 3422 oculis

333 3465 578 3534 proditor
608 3465 816 3522 ludas:
849 3466 976 3537 quia
1020 3482 1121 3522 nec
1153 3466 1270 3537 ipse
1307 3465 1516 3524 Pilatus
1544 3510 1560 3533 ,
1610 3484 1710 3525 nec
1741 3468 1908 3526 Judas
2014 3467 2105 3524 Dei
2129 3475 2314 3539 pateat
2341 3486 2354 3522 :
2379 3477 2431 3522 et
2454 3467 2658 3538 aliquid
2683 3465 2886 3531 minus,
2905 3463 3052 3534 quod
3076 3461 3293 3533 proprie
3311 3461 3364 3515 in
3394 3458 3590 3514 anima:

333 3556 611 3612 Christum
641 3559 942 3614 secundum
981 3560 1084 3614 hoc
1128 3559 1275 3630 quod
1320 3571 1438 3616 erat
1477 3561 1730 3619 Christus
1758 3564 1908 3620 vide-
2011 3561 2211 3616 virtute
2232 3560 2584 3629 conspicitur.
2623 3557 2832 3630 Egoita
2865 3555 3104 3626 intelligo
3132 3563 3186 3609 et
3233 3552 3402 3620 illud,
3444 3551 3590 3623 quod

335 3643 486 3710 bant,
525 3661 625 3702 nec
652 3647 946 3704 multitudo
973 3663 1095 3718 quae
1127 3650 1440 3704 coarctabat
1478 3665 1623 3706 cum.
1675 3652 1752 3706 llli
1789 3662 1910 3708 tan-
2012 3654 2067 3706 in
2119 3650 2411 3720 Evangelio
2449 3649 2688 3705 dicitur:
2728 3647 2910 3702 Nolite
2952 3657 3280 3701 contemnere
3326 3645 3591 3697 unum.de

335 3742 450 3792 tum
476 3737 729 3792 videbant
761 3735 970 3802 Iesum,
1005 3753 1144 3808 quos
1165 3746 1387 3808 aspectu
1424 3755 1524 3795 suo
1567 3741 1761 3812 dignos
1791 3756 1913 3797 esse
2012 3741 2244 3796 minimis
2272 3740 2412 3804 istis,
2437 3740 2526 3810 qui
2553 3739 2606 3792 in
2637 3737 2877 3791 Ecclesia
2903 3746 3023 3790 sunt
3046 3737 3115 3789 ⁷¹.
3141 3734 3400 3789 Minimus
3426 3733 3496 3788 ibi
3522 3735 3589 3788 ad

336 3829 559 3888 sciebat.
589 3827 926 3887 Laboremus
953 3844 1083 3901 ergo
1111 3839 1166 3886 et
1192 3845 1313 3898 nos,
1350 3839 1412 3885 ut
1431 3841 1486 3886 et
1517 3830 1911 3902 impraesentia-
2012 3831 2418 3890 distinctionem
2450 3829 2678 3900 majoris
2705 3829 3048 3899 intelligitur.
3079 3826 3199 3882 Non
3240 3826 3375 3881 mihi
3402 3827 3591 3896 praeci-

337 3931 457 3974 rum
489 3921 648 3977 nobis
683 3920 826 3976 Deus
860 3929 1136 3991 appareat.
1175 3921 1408 3977 Sanctus
1431 3923 1632 3992 quippe
1669 3923 1914 3995 Scriptu-
2013 3926 2180 3996 pitur,
2212 3931 2271 3978 ut
2293 3938 2418 3977 eum
2452 3922 2546 3991 qui
2574 3919 2795 3990 grandis
2818 3929 2902 3974 est
2925 3925 3298 3982 contemnam,
3329 3916 3456 3986 quia
3481 3931 3588 3971 non

334 4023 521 4066 rarum
549 4027 730 4068 sermo
764 4013 1038 4082 promisit,
1069 4012 1214 4082 quod
1250 4013 1556 4068 invenietur
1598 4014 1667 4068 ab
1700 4015 1785 4072 his
1819 4017 1913 4086 qui
2013 4025 2190 4088 potest
2232 4013 2508 4070 contemni
2549 4011 2640 4068 ille
2693 4011 2787 4081 qui
2821 4009 3041 4080 grandis
3089 4018 3202 4076 est;
3254 4009 3348 4064 sed
3392 4007 3591 4069 dicitur

337 4117 446 4158 non
481 4112 691 4158 tentant
717 4119 841 4158 eum
876 4122 889 4158 :
926 4112 1150 4174 apparet
1179 4113 1360 4160 autem
1392 4105 1476 4160 his
1502 4105 1598 4176 qui
1637 4122 1746 4162 non
1785 4118 1916 4164 sunt
2018 4108 2182 4175 mihi,
2213 4121 2282 4161 ne
2319 4113 2640 4161 contemnas
2671 4116 2840 4158 unum
2883 4116 2950 4163 ex
2978 4101 3243 4156 minimis.
3310 4097 3379 4154 Ut
3409 4108 3588 4154 autem

338 4196 604 4251 increduli
633 4195 684 4248 in
727 4210 853 4250 eum
886 4212 900 4249 :
939 4203 993 4249 et
1021 4200 1076 4249 in
1116 4193 1302 4250 futuro
1334 4212 1439 4249 non
1489 4197 1856 4254 abscondantur
1883 4217 1912 4255 a

339 4289 498 4345 nobis
524 4306 539 4356 ;
567 4289 661 4344 sed
693 4289 978 4344 videamus
1000 4304 1125 4344 eum
1172 4288 1312 4345 facie
1357 4290 1424 4345 ad
1462 4289 1655 4346 faciem
1679 4334 1694 4358 ,
1735 4303 1787 4350 et
1816 4294 1915 4349 ha-

339 4384 568 4438 beamus
597 4381 852 4436 fiduciam
882 4381 1037 4435 bona:
1060 4381 1208 4447 vitae,
1237 4380 1594 4453 fruamurque
1621 4399 1912 4455 conspeCtu

341 4472 731 4542 omnipotentis
764 4469 858 4526 Dei
885 4470 940 4524 in
965 4470 1185 4527 Christo
1213 4469 1365 4537 Jesu,
1388 4487 1442 4528 et
1469 4473 1672 4542 Spiritu
1703 4489 1912 4545 sancto,

2015 4206 2202 4272 scias,
2231 4201 2380 4273 quod
2424 4201 2684 4256 minimus
2710 4208 2763 4253 et
2791 4213 2992 4268 parvus
3023 4211 3134 4251 non
3165 4194 3393 4250 fortuitu
3443 4193 3594 4250 dica—

2017 4305 2132 4362 tur,
2165 4294 2260 4350 sed
2283 4307 2408 4348 cum
2439 4306 2502 4346 ea
2529 4292 2760 4354 ratione,
2791 4305 2953 4358 quam
2985 4287 3301 4358 posuimus,
3327 4285 3590 4355 scriptum

2015 4395 2142 4440 est:
2194 4383 2504 4452 Quicunque
2539 4380 2984 4434 scandalizaverit
3039 4393 3200 4432 unum
3243 4377 3307 4431 de
3352 4375 3592 4430 minimis

2019 4477 2135 4530 istis
2164 4477 2234 4530 ⁷³.
2261 4474 2528 4528 Minimus
2554 4472 2977 4537 scandalizatur,
3018 4469 3239 4541 grandis
3269 4484 3377 4524 non
3416 4476 3594 4538 potest

411 4588 457 4621 ⁸⁸
479 4586 668 4641 Matth.
691 4603 745 4641 v.
822 4586 865 4618 "
885 4585 1042 4640 .lnan.
1076 4603 1186 4651 xw,
1213 4587 1267 4653 8,
1293 4588 1346 4642 9.
1422 4588 1616 4643 "Luc.
1640 4606 1676 4656 I,
1715 4589 1800 4644 l5.
1876 4592 1920 4622 τί
1953 4589 2141 4644 Matth.
2177 4601 2331 4651 xvut,
2355 4585 2436 4640 l0.
2514 4585 2558 4615 ⁷¹
2583 4583 2707 4638 ibid.
2740 4583 2793 4638 6.

415 4679 493 4751 (7)
514 4676 633 4732 Non
660 4687 742 4734 est
772 4692 870 4732 cur
899 4679 1083 4733 multis
1114 4678 1319 4733 hancce
1339 4678 1590 4748 Drigenis
1621 4681 1906 4749 reprelien-

421 4762 543 4794 mne
572 4749 895 4794 sententiam
918 4789 933 4794 _
965 4764 1071 4794 mm
1115 4748 1184 4794 ah
1209 4749 1417 4794 angelis
1451 4749 1641 4794 ςιλιιιὶι
1663 4752 1906 4794 onrnnri.

2017 4680 2130 4761 ﬁt;
2142 4679 2262 4734 κατ’
2290 4674 2631 4762 ἀρετὴνζκαὶ
2652 4673 2766 4755 ἔσχεν.
2788 4689 2872 4761 τες
2905 4672 3206 4794 σμικρότης
3231 4669 3434 4760 ψυχῆς.
3453 4669 3594 4739 Ἐγὼ

2015 4747 2194 4794 οὕτως
2226 4749 2408 4794 disceum
2436 4763 2530 4794 του
2573 4747 2629 4794 ὲν
2661 4762 2738 4794 τω
2779 4743 3027 4794 Ευαγγελ
3051 4760 3127 4794 ω·
3162 4745 3258 4794 Mn
3303 4757 3594 4794 καταφθο-

345 4748 543 4807 damus
572 4749 895 4804 sententiam
918 4789 933 4811 ,
965 4764 1072 4819 qua
1093 4748 1184 4819 ab
1209 4749 1417 4819 angelis
1451 4749 1641 4804 statuit
1663 4748 1910 4819 corpori-

343 4821 450 4878 bus
479 4819 674 4889 illigari
701 4819 915 4872 animas
939 4817 1145 4890 e'cmlo
1179 4817 1550 4890 depromptas,
1579 4817 1784 4890 easque
1819 4831 1914 4875 aut

345 4906 446 4962 pro
481 4888 962 4962 peccatissursum
1004 4888 1260 4944 admissis
1305 4889 1358 4942 in
1403 4903 1631 4958 corpora
1663 4888 1818 4962 quasi
1857 4891 1911 4944 in

343 4959 691 5030 ergastulum
713 4959 1100 5030 demitti,raut
1142 4968 1373 5030 propter?
1392 4970 1539 5014 recte
1570 4969 1698 5030 ante
1740 4959 1909 5030 vitam

344 5028 496 5102 gesta
517 5068 532 5092 ,
563 5028 726 5102 variis
758 5044 824 5082 ac
856 5029 1023 5084 variis
1068 5029 1123 5083 in
1165 5029 1523 5102 corporibus,
1550 5029 1782 5102 decretis
1821 5029 1912 5084 Dci

346 5097 708 5169 éxsequendis
737 5114 936 5153 navare
962 5114 1204 5169 operam.
1238 5097 1415 5154 llocce
1434 5097 1761 5169 Origenismi
1788 5114 1916 5169 pro-

347 5168 637 5242 pcmodum
667 5169 1150 5242 characteristicon
1186 5168 1478 5242 innumeri
1489 5168 1702 5242 veteres
1730 5168 1912 5224 reben-

345 5239 627 5309 iioresque
659 5248 913 5295 auctores
954 5239 1345 5308 impugnarunt
1391 5254 1405 5290 :
1448 5239 1688 5294 diximus
1724 5248 1778 5293 et
1816 5255 1916 5295 nos

347 5311 595 5381 quaedam
639 5324 764 5381 cum
794 5309 963 5381 alibi,
1013 5318 1127 5363 tum
1174 5309 1442 5381 praecipue
1485 5310 1553 5364 ad
1599 5309 1915 5381 synodicam

350 5378 636 5450 epistolam
686 5379 829 5450 inter
863 5378 1314 5450 Hieronymiauas
1341 5379 1445 5450 92,
1493 5378 1657 5450 quam
1712 5380 1920 5449 publici

345 5447 488 5522 juris
517 5451 761 5522 primum
777 5447 1029 5522 fecimus,
1047 5447 1263 5522 quaque
1275 5447 1614 5517 Origenianae
1643 5447 1915 5505 baireseos

351 5519 691 5592 placita_l'cre
708 5519 947 5592 Asiugula
964 5521 1421 5592 condemnamur.

425 5590 500 5660 (8)
543 5589 768 5661 Schedae
826 5587 1009 5644 Grabii
1041 5599 1094 5644 et
1138 5587 1914 5661 Macarius,Chrysocephalus

351 5657 457 5717 ms.
490 5668 631 5715 orat.
659 5659 684 5712 l
716 5661 768 5713 in
792 5668 971 5728 ortum
1004 5662 1181 5714 sancti
1223 5658 1453 5715 Joannis
1473 5700 1488 5722 ,
1525 5657 1640 5714 haec
1671 5657 1922 5728 Origeuis

353 5731 516 5786 verba
543 5728 764 5783 laudant
795 5747 808 5783 :
849 5727 1060 5799 Ἔσται
1087 5729 1199 5797 γὰρ
1221 5729 1426 5799 μέγας.
1473 5730 1561 5782 Ἐν
1594 5727 1801 5791 τούτοις
1830 5729 1924 5799 μέ-

312 5805 316 5809 ’
353 5800 516 5879 ῙςΘος,
557 5799 808 5879 tenuive}
851 5798 952 5879 τῆς
967 5798 1251 5879 ΑἸυὶάν-νρυ
1292 5798 1506 5879 ψυχῆς,
1552 5800 1646 5879 κα).
1695 5798 1923 5879 perede;

390 5819 509 5863 suo;
557 5819 808 5870 εμφαινει
851 5819 952 5879 ττὶς
1022 5819 1251 5878 ιιραννου
1292 5819 1506 5870 ψυχης,
1552 5819 1646 5854 και
1695 5819 1920 5868 μεγευος

353 5819 680 5942 ἔλεπόμενον
711 5870 815 5924 ὑπὸ
843 5886 934 5924 του
962 5869 1118 5928 θεον.
1148 5870 1303 5926 Ἔστι
1331 5871 1438 5942 γάρ
1475 5887 1526 5924 τι
1570 5868 1794 5941 μέγεθος
1819 5867 1920 5939 ψυ-

2015 4741 2194 4820 ausu;
2226 4741 2408 4820 ἀκρῦῳ
2436 4741 2530 4820 ’ἑορ
2573 4747 2629 4798 ὲν
2661 4743 2738 4814 τῷ
2779 4741 3127 4820 Ῑξὺαγγξλῑῳ·
3156 4741 3258 4820 Μὴ
3285 4757 3594 4820 ’πᾳ-ζαφρο-

2020 4818 2249 4886 νήσητε
2282 4817 2420 4882 ἐνὸς
2448 4814 2567 4869 τῶν
2594 4812 2863 4886 σμώιρὼν
2893 4812 3125 4886 tanta»:
3143 4813 3212 4864 ἐν
3236 4812 3326 4886 τῇ
3350 4812 3594 4886 Ἐαςρςλη-

2020 4879 2147 4957 ala.
2166 4879 2501 4959 Μικρὸν
2534 4879 2649 4959 ἐκεῖ
2671 4879 2762 4937 τὸὶο
2793 4884 3031 4959 ξνᾳντίον
3051 4882 3137 4959 ἰῷ
3169 4879 3587 4959 [afﬁgi-iteret.

2023 4950 2144 5034 :O‘ltt
2185 4958 2242 5012 δὲ
2332 4950 2510 5034 “cpiunt
2546 4955 2606 5034 ρύ
2644 4954 2835 5034 μικρός
2861 4950 3295 5034 ὲστιηδῆλωλίὲκ
3330 4950 3592 5034 70:2;"tiq

2019 5027 2095 5083 ἂν
2118 5018 2500 5093 σκανδαλῖὸνῃ
2539 5018 2656 5078 ἐτι-α’
2679 5018 2799 5076 τῶν
2823 5021 3086 5091 σμικρῶν
3101 5018 3360 5074 ’τούτωθκ
3401 5018 3594 5141 Μέέάς

2019 5099 2124 5141 γὰο
2153 5099 2213 5141 ηὖ
2245 5095 2682 5141 σκανδαλίζεται·
2717 5093 2830 5141 ἀλλ’
2863 5095 2892 5141 ὁ
2925 5093 3095 5141 ιιέγαε
3128 5090 3323 5141 παντὸς
3357 5105 3490 5141 σκαν
3524 5094 3590 5141 ἁ-

2017 5099 2124 5171 γὰρ
2153 5099 2213 5150 οὐ
2245 5090 2694 5171 ᾳκανδαλίζςτᾳξχ
2717 5090 2892 5171 ἀλλ’-ὖ
2924 5093 3095 5162 μέγας
3128 5090 3323 5171 πανξὸς
3356 5090 3590 5171 ξηιανδὰ-

2018 5157 2110 5222 λού
2145 5168 2408 5239 κρείττων
2442 5157 2723 5239 earl._Erit
2763 5157 3192 5239 enim'magnus.
3231 5157 3300 5212 In
3338 5159 3591 5239 .hisnma-

2023 5227 2350 5309 gnitudinem
2371 5235 2562 5309 animm
2576 5232 2802 5309 Joannis
2833 5227 3148 5309 ostendit,et
3173 5227 3590 5309 magnitudinem

2019 5298 2134 5377 quae
2155 5324 2186 5360 a
2209 5307 2311 5360 Deo
2330 5306 2580 5359 cernitur.
2598 5302 2694 5357 Est
2711 5302 2851 5377 enim
2877 5298 3380 5377 aliquantagnitudo
3398 5299 3591 5377 anima:

2020 5367 2302 5431 secundum
2329 5377 2656 5438 uirtutem,et
2678 5380 2753 5426 est
2777 5367 3178 5441 aliqua'am'maa'
3196 5368 3449 5441 parvit_a_s.
3477 5367 3589 5438 Ego

2021 5450 2096 5501 sic
2121 5446 2321 5514 accipio
2353 5445 2490 5515 quod
2520 5445 2573 5496 in
2604 5437 2886 5515 Evangelia
2913 5441 3167 5515 scriptum
3209 5448 3286 5515 est
3309 5437 3590 5515 :__Ne_c0_u-

2019 5507 2276 5571 temnatis
2307 5507 2476 5570 unum
2503 5530 2568 5568 ex
2597 5514 2681 5566 his
2706 5507 2918 5582 pusillis
2944 5507 3037 5580 qui
3080 5517 3209 5582 sunt
3238 5509 3292 5562 in
3321 5507 3584 5563 Ecclesia.

2024 5585 2292 5640 Pusillum
2324 5587 2461 5639 enim
2502 5584 2597 5636 hoc
2634 5581 2746 5635 loco
2779 5581 2909 5635 dicit
2939 5597 3058 5635 eum
3095 5581 3186 5650 qui
3221 5594 3406 5650 magno
3432 5594 3592 5647 oppo-

2024 5657 2189 5710 nitur.
2215 5654 2372 5718 Quod
2405 5663 2581 5708 autem
2603 5669 2707 5706 non
2732 5651 2952 5722 quilibet
2983 5667 3175 5722 parvus
3213 5650 3313 5715 sit,
3340 5650 3498 5722 liquet
3525 5661 3591 5700 ea:

2022 5728 2102 5780 Itis
2127 5744 2145 5780 :
2175 5725 2498 5797 Quicunque
2542 5721 3192 5797 scandalizaveritunum
3226 5734 3310 5797 ex.
3333 5721 3418 5774 his
3459 5733 3591 5797 par-3

2024 5797 2183 5852 vulis.
2202 5790 2444 5863 'Magnu's
2470 5795 2738 5863 enimnon
2763 5792 3194 5859 scandalizatur,
3219 5790 3310 5847 sed
3344 5798 3419 5844 est
3448 5790 3592 5842 muni

1979 5894 1988 5899 η
2023 5865 2274 5924 scandala
2307 5862 2565 5922 Superior.
2596 5862 2813 5920 ﬂuxus.
