4002 6582
286 423 428 480 1813

1484 423 1547 480 ΙΝ
1592 420 1828 481 LUCAM
1866 417 2146 478 HOMILIA
2190 420 2279 477 Vl.

3410 427 3502 484 181
3521 427 3548 482 ί

292 549 483 596 mutus
516 552 636 596 est:
667 556 844 611 neque
869 547 1079 612 poterat
1110 535 1248 604 fieri,
1284 549 1344 596 ut
1371 557 1477 596 non
1509 543 1708 598 surdus
1732 551 1876 597 esset
1903 545 1949 602 Α
1979 539 2244 596 intellexit
2267 555 2325 595 se
2345 553 2465 594 esse
2496 548 2859 612 praegnantem
2895 542 3170 612 publicum
3215 543 3548 603 declinarit?

284 642 340 687 et
366 641 571 698 mutus,
590 633 684 703 qui
713 649 743 688 a
771 649 830 690 se
851 649 1158 689 sermonem
1182 633 1478 705 abjecerat.
1505 635 1572 690 Et
1596 635 1725 690 olim
1750 635 1872 705 qui-

283 727 407 780 dem
437 723 653 797 Moyses
689 726 1010 797 loquebatur
1036 745 1048 781 :
1076 726 1186 797 Ego
1215 737 1388 781 autem
1422 726 1603 798 alogos
1637 744 1755 781 sum
1785 729 1868 782 ’δε

282 813 430 884 quod
461 813 592 868 licet
641 814 755 883 (12)
808 815 1037 872 Latinus
1085 817 1243 871 aliter
1299 817 1648 887 expresserit,
1689 827 1867 873 tamen

281 908 502 977 proprie
528 905 812 962 transferri
851 919 1049 979 potest,
1102 911 1294 982 absque
1340 927 1599 976 sermone,
1631 910 1745 967 sive
1776 928 1869 964 ra-

282 1000 458 1064 tione;
488 1009 542 1054 et
585 1010 876 1070 postquam
927 1001 1033 1056 hoc
1087 1002 1186 1067 ait,
1241 1001 1451 1072 accepit
1504 1003 1772 1058 rationem
1807 1011 1862 1058 et

280 1106 618 1158 sermonem,
649 1108 811 1162 quem
838 1091 1128 1150 confessus
1156 1093 1335 1148 fuerat
1356 1109 1416 1150 se
1445 1103 1604 1150 antea
1633 1109 1741 1150 non
1764 1094 1866 1149 ha-

277 1179 428 1233 bere.
462 1178 710 1249 Populus
733 1189 916 1235 autem
947 1182 1134 1248 Israel,
1169 1183 1487 1253 priusquam
1516 1183 1688 1252 legem
1717 1182 1865 1238 acci-

276 1281 460 1341 peret,
522 1272 731 1342 absque
785 1273 997 1328 ratione
1049 1283 1104 1329 et
1153 1290 1408 1330 sermone
1457 1277 1866 1345 quodammodo

277 1371 467 1417 mutus
496 1372 614 1418 erat
635 1382 650 1420 :
675 1364 871 1420 deinde
901 1365 1111 1436 accepit
1136 1381 1466 1430 sermonem,
1500 1366 1658 1436 cujus
1687 1367 1864 1438 imago

277 1454 384 1510 fuit
413 1454 646 1528 Moyses.
672 1455 778 1512 Iste
801 1457 970 1529 igitur
995 1473 1104 1514 non
1162 1459 1455 1515 confitetur
1489 1459 1674 1525 modo,
1718 1459 1864 1530 quod

278 1557 412 1603 tunc
436 1547 722 1604 confessus
743 1559 826 1604 est
846 1548 1081 1622 Moyses,
1106 1564 1173 1605 eo
1193 1551 1339 1621 quod
1359 1551 1430 1606 sit
1452 1559 1636 1606 mutus
1658 1560 1712 1606 et
1742 1550 1864 1606 alo-

277 1655 414 1710 gos;
446 1641 538 1696 sed
571 1641 795 1697 nutibus
823 1650 878 1697 et
926 1641 1144 1698 silentio
1176 1642 1383 1698 indicat
1423 1657 1484 1698 se
1513 1657 1622 1697 non
1664 1642 1865 1698 habere

280 1743 614 1794 sermonem,
649 1740 704 1786 et
730 1746 837 1786 non
872 1731 1074 1788 habere
1099 1733 1386 1789 rationem.
1433 1731 1626 1790 Nonne
1650 1733 1749 1789 tibi
1783 1733 1863 1788 vi-

276 1819 440 1876 detur
468 1819 743 1877 confessio
775 1837 898 1878 esse
923 1823 1186 1892 stultitiae,
1217 1824 1436 1896 quando
1467 1825 1650 1882 nullus
1672 1841 1859 1881 eorum

273 1922 459 1983 potest
479 1913 734 1986 legalium
765 1925 1157 1986 praeceptorum
1183 1926 1239 1972 et
1285 1918 1592 1989 prophetici
1617 1919 1862 1973 vaticinii

273 2006 544 2061 rationem
570 2007 833 2062 reddere?
857 2005 1104 2064 Cessavit
1132 2008 1385 2066 Christus
1414 2025 1536 2067 esse
1563 2011 1619 2066 in
1650 2010 1752 2076 eis,
1777 2026 1858 2066 re-

275 2097 437 2170 liquit
459 2113 555 2153 eos
588 2114 789 2165 sermo,
815 2099 1144 2169 completum
1181 2110 1264 2156 est
1304 2101 1436 2157 illud
1457 2103 1603 2174 quod
1646 2102 1702 2158 in
1723 2102 1864 2159 Isaia

273 2191 534 2247 scribitur
561 2209 575 2247 :
609 2190 953 2261 Relinquetur
978 2193 1095 2262 ﬁlia
1131 2191 1260 2248 Sion
1292 2194 1428 2248 sicut
1463 2195 1861 2250 tabernaculum

273 2285 330 2337 in
364 2285 537 2350 uinea,
571 2296 621 2338 et
657 2285 792 2339 sicut
829 2286 1073 2338 custodia
1109 2286 1164 2338 in
1193 2288 1580 2351 cucumerario,
1635 2298 1692 2341 ut
1733 2288 1860 2342 civi-

274 2384 361 2430 tas
416 2393 534 2446 qua:
601 2387 937 2448 expugnatur
984 2380 1052 2435 ⁷⁸.
1122 2379 1334 2446 Quibus
1405 2377 1643 2446 relictis,
1712 2379 1861 2435 salus

273 2469 539 2523 translata
570 2479 654 2525 est
679 2470 746 2524 ad
795 2471 1065 2538 nationes,
1099 2479 1158 2526 ut
1193 2471 1270 2524 illi
1299 2471 1643 2526 concitentur
1669 2471 1736 2527 ad
1765 2485 1858 2526 ze-

270 2556 412 2611 lum.
469 2555 745 2614 Intuentes
798 2574 927 2627 ergo
981 2559 1443 2629 dispensationem
1495 2567 1549 2615 et
1595 2575 1858 2616 arcanum

274 2647 397 2712 Dei,
421 2649 700 2717 quomodo
733 2649 901 2704 lsrael
940 2649 1187 2719 abjectus
1233 2650 1306 2704 sit
1350 2650 1405 2704 in
1431 2651 1607 2705 salute
1648 2660 1858 2718 nostra,

269 2752 468 2793 cavere
493 2739 775 2806 debemus,
810 2755 879 2795 ne
920 2739 1062 2796 forte
1110 2753 1164 2796 et
1195 2742 1272 2796 illi
1302 2743 1476 2797 nostri
1502 2757 1667 2798 causa
1700 2741 1858 2813 ejecti

269 2831 406 2896 sint,
431 2839 485 2885 et
508 2846 610 2885 nos
637 2831 833 2902 majori
893 2833 1166 2903 supplicio
1200 2833 1349 2903 digni
1385 2833 1582 2899 simus,
1634 2843 1858 2903 propter

270 2937 416 2990 quos
469 2931 522 2976 et
549 2922 642 2976 alii
685 2923 927 2978 derelicti
988 2933 1138 2989 sunt,
1183 2933 1238 2979 et
1293 2939 1394 2979 nos
1441 2924 1579 2978 nihil
1633 2924 1855 2994 dignum

270 3013 572 3082 adoptione
624 3013 717 3068 Dei
761 3023 816 3070 et
862 3014 984 3084 ejus
1043 3014 1329 3070 clementia
1395 3013 1707 3080 fecerimus,
1747 3030 1855 3088 qua

266 3104 550 3173 adoptavit
589 3120 691 3160 nos
734 3114 789 3160 et
823 3105 877 3159 in
905 3120 1037 3161 suos
1065 3106 1206 3162 ﬁlios
1234 3105 1525 3175 reputavit,
1556 3106 1612 3158 in
1637 3103 1856 3161 Christo

1972 632 2036 688 Ni
2065 633 2244 699 fallor,
2270 633 2376 690 hoc
2396 642 2480 688 est
2503 633 2667 687 etiam
2699 635 2845 703 quod
2901 635 2954 689 hi
3009 637 3103 706 qui
3137 638 3343 708 nuptiis
3376 653 3548 710 c0pu-

1974 727 2064 783 lati
2107 737 2255 796 sunt,
2285 745 2396 783 non
2421 743 2586 782 omne
2617 737 2830 797 tempus
2859 729 3037 784 coitus
3063 730 3292 786 liberum
3323 731 3468 788 inter
3488 747 3544 787 se

1973 819 2172 874 habent
2198 860 2212 883 ,
2245 819 2336 876 sed
2357 827 2443 875 est
2470 827 2686 889 tempus
2743 819 2964 888 quando
2991 821 3254 876 recedunt
3284 822 3354 877 ab
3379 838 3541 893 opere

1971 910 2308 980 nuptiarum.
2343 909 2401 965 Si
2426 910 2571 965 enim
2603 910 2686 963 vir
2709 924 2874 964 senex
2901 909 3135 967 fueritet
3162 913 3358 968 mulier
3380 929 3544 982 anus,
3575 902 3581 925 ⁵

1969 1001 2196 1071 pudoris
2223 1013 2306 1058 est
2362 1001 2588 1057 maximi
2635 1002 2840 1056 servire
2903 1017 2998 1058 eos
3042 1002 3274 1068 libidini,
3338 1007 3545 1062 servire

1969 1092 2247 1164 oonjugio,
2274 1109 2396 1164 qua:
2419 1093 2506 1148 vel
2534 1108 2682 1149 cura:
2703 1094 2949 1163 corporis
2971 1103 3025 1148 et
3047 1103 3278 1150 senecta:
3305 1111 3426 1152 esse
3450 1097 3540 1153 Dei

1968 1183 2221 1238 videntur
2277 1184 2563 1273 voluntate
2611 1183 2846 1240 sublata.
2889 1182 3014 1239 Haec
3066 1193 3270 1250 autem,
3309 1202 3432 1256 quas
3477 1188 3542 1241 ad

1968 1289 2276 1330 sermonem
2322 1275 2498 1346 angeli
2548 1284 2604 1332 et
2648 1275 3112 1345 dispensationem
3175 1275 3271 1332 Dei
3320 1292 3542 1332 rursum

1969 1366 2146 1422 fuerat
2195 1368 2315 1424 viro
2344 1368 2620 1439 copulata,
2674 1369 2960 1424 erubescat
3016 1366 3037 1440 [
3073 1369 3114 1438 f.
3145 1369 3544 1442 erubescebat]

1966 1458 2110 1528 quod
2139 1473 2279 1514 anus
2311 1467 2366 1512 et
2391 1473 2528 1528 pene
2577 1457 2854 1528 decrepita
2885 1457 2954 1511 ad
2998 1473 3136 1527 opus
3156 1458 3422 1528 juvenum
3455 1473 3546 1514 re-

1966 1549 2248 1604 vertisset.
2282 1548 2396 1619 (13)
2459 1546 2612 1603 Unde
2666 1557 2720 1603 et
2748 1548 3116 1603 abseondcbat
3159 1563 3220 1604 se
3263 1549 3544 1607 mensibus,

1965 1641 2246 1711 quinque:
2282 1654 2391 1695 non
2443 1654 2621 1711 usque
2671 1639 2738 1694 ad
2791 1655 2994 1694 nonum
3049 1655 3314 1706 mensem,
3367 1643 3547 1700 donec,

1967 1742 2155 1804 partus
2195 1733 2515 1804 ingrueret,
2557 1731 2654 1788 sed
2681 1746 2970 1802 usquequo
3003 1732 3318 1803 conciperet
3345 1732 3538 1792 Maria.

1965 1823 2196 1892 Quando
2225 1825 2372 1881 enim
2399 1824 2490 1879 illa
2518 1824 2785 1894 concepit,
2809 1832 2862 1880 et
2892 1823 3037 1879 venit
3056 1823 3125 1878 ad
3153 1839 3296 1888 eam,
3321 1833 3376 1880 et
3396 1825 3540 1880 facta

1966 1927 2051 1975 est
2077 1917 2334 1974 salutatio
2361 1917 2416 1971 in
2453 1931 2615 1970 aures
2647 1915 2792 1986 ejus,
2827 1915 3120 1971 exsultavit
3149 1916 3202 1970 in
3229 1916 3424 1987 gaudio
3452 1916 3540 1971 in-

1967 2011 2088 2066 fans
2115 2011 2173 2064 in
2198 2018 2354 2065 utero
2391 2007 2694 2074 Elisabeth,
2728 2016 2782 2062 et
2804 2008 3148 2080 prophetavit
3174 2006 3380 2078 Spiritu
3407 2023 3506 2064 san
3533 2042 3538 2049 -

1965 2111 2055 2159 cto
2088 2102 2270 2172 plena,
2319 2109 2374 2155 et
2426 2099 2610 2154 locuta
2654 2107 2738 2154 est
2783 2114 2904 2170 quae
2959 2099 3304 2170 evangelicus
3355 2113 3543 2156 sermo

1963 2193 2256 2250 describit:
2295 2192 2364 2245 Et
2413 2192 2695 2261 diffamata
2748 2201 2869 2246 sunt
2913 2208 3069 2262 super
3095 2207 3298 2245 omnem
3327 2200 3538 2246 monta-

1964 2296 2086 2334 nam
2114 2279 2270 2335 verba
2319 2281 2451 2335 haec.
2508 2278 2740 2344 Quando
2792 2280 2939 2334 enim
2993 2280 3048 2334 in
3102 2280 3303 2352 populo
3350 2295 3540 2336 rumor

1962 2386 2219 2442 egressus
2247 2380 2332 2428 est
2355 2373 2557 2427 habere
2579 2387 2698 2426 eam
2731 2372 2783 2426 in
2813 2384 2968 2426 utero
2997 2373 3334 2443 prophetam,
3364 2383 3418 2430 et
3439 2374 3541 2430 alia

1961 2466 2094 2536 quid
2125 2466 2306 2537 majus
2328 2480 2451 2520 esse
2477 2464 2699 2518 homine
2739 2464 2832 2533 qui
2867 2465 3177 2533 gestabatur
3218 2481 3250 2520 a
3291 2463 3537 2536 Virgine,

1961 2568 2093 2614 tunc
2118 2572 2226 2612 non
2253 2555 2626 2620 absconditur,
2677 2554 2772 2609 sed
2807 2564 2916 2610 tota
2971 2556 3219 2611 libertate
3245 2571 3305 2612 se
3333 2557 3534 2627 prodit,

1959 2657 2015 2705 ct
2041 2649 2277 2705 exsultat
2305 2663 2365 2703 se
2398 2646 2601 2702 habere
2645 2645 3048 2700 Praecursorem
3081 2645 3136 2701 in
3166 2655 3322 2704 utero
3347 2646 3537 2704 Salva-

1963 2742 2116 2796 toris.
2151 2739 2356 2795 Deinde
2405 2737 2687 2807 Scriptura
2741 2747 3155 2806 commemorat,
3189 2739 3335 2809 quod
3364 2755 3538 2794 mense

1959 2845 2108 2888 sexto
2140 2839 2419 2901 conceptus
2467 2829 2743 2883 Elisabeth
2803 2830 2994 2884 missus
3051 2829 3119 2883 sit
3159 2830 3378 2901 angelus
3431 2829 3540 2884 Ga-

1960 2925 2090 2979 briel
2114 2941 2146 2977 a
2173 2923 2279 2978 Deo
2308 2924 2365 2976 in
2387 2922 2655 2975 civitatem
2703 2919 2965 2986 Galilwte,
3013 2919 3164 2989 cujus
3194 2936 3380 2975 nomen
3420 2919 3538 2974 Na-

1959 3015 2162 3080 zareth,
2211 3014 2281 3067 ad
2335 3014 2589 3083 virginem
2641 3011 3010 3080 desponsatam
3058 3011 3193 3076 viro,
3235 3011 3320 3065 cui
3350 3027 3537 3066 nomen

1955 3107 2147 3178 Ioseph
2173 3107 2236 3160 de
2269 3106 2424 3159 domo
2469 3103 2675 3169 David,
2718 3112 2769 3157 et
2819 3118 3004 3157 nomen
3049 3102 3288 3171 virginis,
3329 3101 3530 3160 Maria.

267 3191 397 3249 Jesu
429 3195 496 3261 ",
528 3197 615 3249 cui
650 3205 733 3252 est
763 3196 936 3267 gloria
961 3206 1016 3253 et
1042 3197 1333 3268 imperium
1379 3197 1433 3252 in
1456 3197 1655 3255 saecula
1682 3211 1856 3252 δεου-
1882 3219 1927 3280 c
1961 3198 2199 3254 Rursum
2235 3195 2290 3250 in
2315 3209 2432 3250 mea
2465 3202 2644 3248 mente
2667 3192 2891 3247 volvens
2923 3205 3130 3262 quaero,
3157 3205 3330 3261 quare
3360 3190 3528 3254 Deus.

269 3285 472 3341 lorum.
507 3288 701 3344 Amen.

761 3380 932 3454 933
978 3381 1268 3438 HOMILIA
1301 3382 1390 3438 v1.

271 3490 437 3566 De__eo
458 3494 603 3566 quod,
642 3495 899 3566 scriptum
923 3507 1043 3550 est:
1087 3515 1107 3548 ‹
1143 3495 1276 3552 Cum
1327 3506 1502 3551 autem
1531 3498 1851 3566 concepisset

345 3562 638 3628 Elisabeth,
669 3562 1022 3622 abscondebat
1059 3584 1137 3633 se,
1174 3586 1191 3618 ι
1238 3584 1401 3633 usque
1424 3568 1494 3621 ad
1523 3583 1642 3621 eum
1672 3562 1845 3622 locum

339 3633 430 3686 ubi
463 3635 581 3688 ait:
612 3652 633 3686 ι
664 3634 768 3688 llic
794 3637 891 3690 erit
912 3652 1185 3707 magnus.»
1223 3637 1356 3707 Cap.
1390 3653 1426 3691 ι.

340 3747 566 3811 Quando
599 3749 832 3817 concepit
860 3746 1151 3816 Elisabeth,
1185 3749 1534 3803 abscondebat
1571 3767 1625 3804 se
1653 3750 1853 3804 mensi-

265 3841 368 3892 bus
423 3840 670 3911 quinque,
703 3841 882 3896 dicens
917 3856 935 3895 :
987 3841 1127 3906 Quia
1162 3842 1237 3894 sic
1276 3842 1405 3895 mihi
1433 3843 1554 3910 fecit
1591 3841 1848 3900 Dominus

265 3931 324 3983 in
347 3931 552 3994 diebus,
585 3931 775 4002 quibus
803 3933 1028 4002 respexit
1053 3933 1263 4002 auferre
1297 3933 1635 4002 opprobrium
1675 3950 1848 3988 meum

265 4025 324 4075 in
372 4023 688 4080 hominibus.
739 4022 936 4090 Quieto
970 4040 1138 4096 quam
1188 4025 1259 4080 ob
1295 4039 1520 4081 causam
1554 4034 1846 4096 postquam

339 4160 384 4191 ⁷³
411 4159 586 4216 Exod.
628 4177 682 4228 v,
717 4161 802 4215 12.
914 4162 962 4194 ⁷⁸
996 4161 1098 4217 lsa.
1134 4177 1170 4229 ι,
1197 4162 1250 4216 8.
1359 4162 1407 4193 ⁷⁷
1438 4161 1598 4216 Rom.
1630 4177 1705 4228 χι,
1742 4160 1829 4219 ll.

341 4277 452 4346 (12)
493 4275 679 4349 Sancti
726 4277 842 4349 haec
867 4290 1086 4348 quoque
1129 4276 1444 4349 interpretis
1486 4277 1665 4349 verba
1683 4285 1843 4349 sunt;

1956 3307 2081 3349 cum
2121 3289 2290 3346 semel
2320 3287 2657 3342 Salvatorem
2697 3284 2968 3355 iudicaret
3003 3282 3156 3339 nasci
3194 3298 3262 3338 es
3297 3283 3530 3353 virgine,

1955 3398 2066 3439 non
2097 3379 2257 3451 elegit
2277 3377 2507 3448 puellam
2537 3376 2744 3445 absque
2785 3387 3009 3444 sponso,
3041 3372 3137 3427 sed
3157 3386 3278 3428 eam
3310 3370 3540 3442 potissis

1955 3489 2105 3528 mum
2140 3485 2262 3542 quae
2306 3469 2416 3538 jam
2476 3465 2656 3521 fuerat
2705 3459 3153 3536 desponsata.\Et
3204 3461 3308 3515 nisi
3352 3460 3533 3527 fallor,

1956 3566 2072 3620 haec
2096 3577 2262 3620 causa
2288 3568 2391 3616 est.
2424 3557 2618 3614 Debuit
2640 3556 2707 3612 de
2735 3570 2800 3610 ea
2829 3554 3038 3624 virgine
3063 3552 3238 3617 nasci,
3267 3567 3389 3624 qua
3421 3567 3531 3606 non

1955 3657 2132 3713 solum
2161 3667 2421 3724 sponsum
2448 3649 2703 3715 haberet,
2727 3647 2842 3712 sed,
2865 3653 2927 3702 ut
2946 3644 3230 3700 Mattheus
3252 3644 3443 3699 scribit
3461 3642 3532 3710 ",

1953 3750 2070 3820 jam
2094 3747 2213 3800 viro
2241 3742 2435 3796 tradita
2470 3739 2672 3802 fuerat,
2702 3738 2830 3792 licet
2877 3750 2998 3789 eam
3030 3735 3115 3788 vir
3137 3733 3370 3788 necdum
3405 3746 3534 3786 nos-

1958 3849 2061 3904 set,
2089 3852 2156 3891 ne
2191 3831 2584 3903 turpitudinem
2607 3827 2836 3898 virginis
2859 3825 3078 3880 habitus
3116 3824 3232 3894 ipse
3260 3830 3533 3877 monstra-

1958 3938 2063 3994 ret,
2095 3927 2142 3982 si
2197 3924 2350 3993 virgo
2400 3919 2676 3974 videretur
2731 3925 2887 3971 utero
2924 3914 3175 3970 tumenti.
3231 3913 3340 3983 (li)
3374 3911 3531 3968 Unde

1957 4022 2232 4092 eleganter
2284 4016 2340 4070 in
2389 4011 2672 4083 cujusdam
2706 4007 2960 4079 martyris
2991 4005 3217 4078 epistola
3248 4004 3362 4078 (15)
3385 4003 3527 4062 scri-

1915 4160 1958 4192 ⁷⁸
1981 4173 2100 4228 cap.
2135 4171 2174 4212 ι.

1945 4273 2102 4328 Nunc
2149 4266 2921 4342 igiturproptermiraculum
2964 4260 3268 4315 exsultabat
3302 4259 3478 4314 dicens
3509 4276 3543 4334 :q

300 4332 392 4402 uin
424 4332 569 4400 enim
602 4347 746 4416 quod
777 4332 964 4402 Graece
997 4332 1471 4408 lmbetuh‘Exod.
1502 4363 1568 4400 v:
1614 4346 1755 4416 Ἐγὼ
1789 4332 1846 4400 δέ
1949 4332 2384 4416 Mirabiliamilii
2408 4332 2538 4416 [coit
2565 4336 2850 4416 Dominus.
2883 4332 3103 4416 [ill/E98.

265 4417 459 4485 ἄλογός
488 4420 604 4488 ενὶμι
631 4434 646 4472 :
684 4417 795 4487 Ego
824 4431 998 4472 autem
1027 4419 1139 4474 sine
1163 4420 1312 4473 verbo
1341 4435 1488 4482 sum,
1521 4416 1698 4472 Latini
1749 4433 1847 4472 co-

2021 4414 2134 4484 (H)
2162 4410 2387 4484 Schedag
2413 4407 2600 4484 Grabii
2632 4423 2645 4457 :
2680 4402 3083 4484 Kaltbcévpla
3101 4399 3214 4484 ςτῶν
3247 4398 3524 4484 ιξᾴρτυρος

263 4468 421 4542 dices
440 4468 786 4542 ὀυ’ὴρἧῷίῶ
827 4468 942 4542 non
975 4471 1266 4554 resonent,
1313 4490 1408 4543 sed
1434 4468 1584 4556 juxta
1622 4501 1846 4542 sensum

1961 4468 2088 4556 τινος
2119 4468 2426 4556 ’ἐλπιστολῷν
2457 4479 2786 4556 γέγ-ραπται,
2822 4473 2938 4556 (fini
2955 4468 3528 4556 ι’ἶγνάτιρνξλέέχιυτον

265 4559 573 4612 duntaxat:
608 4556 742 4612 Cum
795 4560 1180 4613 incircumcisis
1214 4537 1371 4612 ltibiis
1397 4537 1520 4622 sim,
1545 4557 1628 4611 vel
1661 4575 1675 4610 :
1714 4556 1848 4610 Cum

1961 4537 2092 4622 μετᾶ
2117 4553 2207 4605 τὸν
2247 4537 2512 4622 μαδςάρξὸν
2536 4537 2658 4622 "ire;
2669 4562 2756 4616 ρον
2775 4537 2891 4622 νηί-ῆς
2925 4537 3250 4622 ’ᾼχιὲίοχείας
3277 4537 3529 4622 ἧεύτερον

267 4627 413 4680 tardi
441 4629 698 4700 sermonis
727 4629 850 4700 sim,
874 4627 1239 4700 Hieronymus
1267 4629 1336 4684 de
1380 4629 1484 4684 hoc
1529 4627 1650 4697 ipso
1679 4627 1846 4682 lecto-

265 4712 382 4752 rem
409 4713 438 4751 a
469 4713 530 4753 se
557 4699 715 4752 duxit
742 4699 1168 4753 admonendum.

341 4767 451 4836 (15)
487 4767 695 4822 Eaedem
719 4769 966 4824 schedaa:
995 4768 1386 4837 Περιέκρυϐεν
1408 4766 1632 4834 ἑαυτὴν
1647 4765 1848 4836 μῆνας

266 4837 467 4908 πέντε.
520 4837 913 4906 Περιέκίηλϐεν
943 4838 1186 4905 ἑαυτὴν,
1227 4838 1332 4901 ἕως
1368 4837 1463 4908 καὶ
1497 4837 1688 4908 Μαρία
1721 4837 1847 4889 συλ-

265 4907 426 4981 λᾴδῃο
456 4903 938 4981 Ὅτε“γάρ’Μαρία
977 4903 1265 4981 συνέλαϐε,
1295 4907 1389 4981 καὶ
1415 4903 1545 4981 ἦλθὲ
1579 4903 1715 4981 ﬁt»;
1747 4908 1846 4981 σεῦ-

264 4971 510 5046 τὴνξκαὶ
534 4971 746 5047 ἐγένεῖεο
769 4980 798 5031 ὁ
824 4971 1111 5048 ἀσπασμὸς
1132 4979 1302 5048 αὐτῆς
1326 4979 1405 5041 εις
1424 4971 1493 5030 ’ἑὰ
1513 4971 1634 5031 ὣτᾶ
1650 4977 1844 5048 αὐτῆς,

264 5049 384 5100 τότε
413 5048 490 5111 ὡς
519 5049 840 5119 ἐσκίρτησεν
867 5049 924 5102 ὲν
955 5047 1091 5119 αὑτῇ
1122 5048 1184 5100 τὸ
1207 5047 1404 5118 βρέφος
1428 5049 1484 5100 ὲν
1507 5047 1846 5119 ἀγαλλιάσει-ι,

267 5117 690 5189 προφητεύουαα
712 5117 742 5184 ,“
769 5121 818 5172 εἰ
849 5119 930 5172 δεῖ
959 5117 1130 5181 οὕτως
1159 5117 1352 5198 εἰξέεῖν,
1379 5118 1473 5195 καὶ
1501 5117 1844 5238 marginata-

269 5203 430 5249 σατο,
468 5190 550 5242 ὅτι
586 5188 694 5256 ἄρα
726 5190 971 5256 γέννημα
1005 5186 1073 5256 ἦν
1099 5189 1268 5256 αὐτης
1296 5189 1443 5256 ὁίτου
1476 5189 1598 5256 Κυρ
1621 5205 1681 5240 ου
1712 5185 1844 5256 πρό-

269 5186 550 5249 σατο,’ὅτι
586 5188 694 5260 ἄρα
726 5190 971 5260 γέννημα
1005 5186 1073 5260 ἦν
1099 5188 1268 5258 αὐτῆς
1296 5189 1324 5240 ὁ
1350 5186 1443 5239 τοῦ
1476 5186 1681 5258 Κυρίου
1708 5186 1846 5256 πρό-

264 5257 482 5339 ᾷρομος.
525 5257 676 5322 Τέως
705 5261 891 5380 ξιέντοι
931 5260 979 5312 εἰ
1027 5258 1119 5348 ita}.
1168 5255 1508 5379 εῖυςτσώφέων
1543 5257 1722 5327 ᾐδεῖτο
1765 5257 1846 5314 ὅτι

265 5329 548 5380 animato:
573 5328 705 5380 ἀνδο
761 5329 1010 5380 συνέστη.
1061 5327 1169 5380 Αλλ
1215 5344 1308 5380 ουν
1339 5327 1390 5379 δι
1460 5326 1521 5380 τὸ
1546 5325 1846 5380 παράδοξον

265 5323 548 5400 eaqnt
573 5323 727 5399 ἀνδρὶ
761 5329 1010 5400 συνέστη.
1048 5327 1184 5400 Ἀλλ’
1215 5323 1308 5400 οὖν
1339 5323 1428 5400 διὰ
1460 5326 1521 5380 τὸ
1546 5323 1847 5400 τὲαράᾷοξον

265 5345 548 5398 επιγηρως
573 5345 727 5399 ανορι
761 5345 1010 5400 συνεστη.
1053 5345 1181 5381 'AM'
1215 5345 1308 5382 ουν
1339 5345 1428 5379 οια
1460 5345 1521 5380 το
1546 5345 1842 5452 παέαοοςον

265 5396 455 5468 ἔχαιρε
488 5397 719 5467 λέγουσα
739 5416 753 5430 ο
784 5397 1107 5468 Θαυμαστὰ
1147 5415 1248 5468 μοι
1282 5397 1570 5468 ἐίτοίησεςν
1680 5397 1842 5468 Θεός.

266 5465 590 5539 Occultaha't
614 5484 673 5522 se
702 5465 983 5539 mensibus
1016 5465 1278 5539 quinque.
1304 5465 1624 5539 occultabat
1657 5480 1715 5520 se
1743 5466 1837 5539 do-

268 5553 362 5590 nec
395 5537 568 5592 Maria
597 5540 909 5608 conciperet.
938 5534 1320 5608 Quando-enim
1349 5534 1530 5590 Maria
1559 5537 1844 5608 concepit,

267 5618 318 5660 et
345 5609 480 5661 venit
503 5609 572 5662 ad
596 5606 768 5670 illam,
791 5619 839 5664 et
867 5609 1010 5677 facta
1030 5618 1108 5662 est
1127 5606 1383 5662 salutatio
1414 5607 1528 5676 ejus
1550 5606 1603 5677 in
1618 5607 1846 5677 auribus

269 5677 442 5744 illius,
482 5687 605 5733 tunc
626 5675 928 5732 exsultante
950 5680 1006 5732 in
1025 5695 1086 5733 ea
1108 5678 1312 5747 infante
1332 5692 1442 5745 prie
1465 5675 1682 5746 gaudio,
1717 5691 1846 5744 pro-

269 5747 514 5815 vlietans,
531 5751 578 5803 si
605 5750 680 5802 ita
703 5749 845 5818 loqui
871 5749 953 5818 fas
977 5759 1076 5814 est,
1099 5746 1256 5818 libere
1275 5748 1456 5818 locuta
1479 5755 1576 5808 est,
1596 5746 1845 5814 quoniam

269 5835 326 5870 in
349 5828 494 5872 utero
517 5819 737 5872 habebat
763 5816 1144 5873 I’rtr'cursorem
1169 5816 1404 5870 Domini.
1430 5819 1600 5872 Antea
1626 5832 1742 5869 vero
1768 5825 1846 5867 ut-

265 5900 388 5958 pote
410 5889 616 5960 sapiens
639 5890 966 5946 erubescebat
991 5888 1128 5962 quod
1146 5905 1278 5944 anus
1302 5889 1468 5944 virum
1501 5885 1842 5956 cognovisset.

1986 4608 2279 4684 nlexomv,
2313 4608 2410 4670 cev"
2433 4619 2490 4669 ὲν
2514 4615 2580 4669 τῖ’
2623 4608 2752 4681 am
2808 4608 2928 4664 ”’ὲν
2966 4608 3152 4689 Ῥώημζῃ
3187 4608 3393 4689 (inplet;
3428 4625 3534 4678 μα-

1989 4693 2258 4738 ῇσάιιενον
2279 4689 2316 4738 -l
2335 4687 2428 4738 καὶ
2451 4635 2606 4738 ἑλαόε
2631 4685 2722 4736 τὸν
2741 4629 2974 4738 moved
2998 4696 3092 4732 του
3123 4679 3317 4738 αἰωνος
3335 4677 3528 4728 τούτου

1953 4679 2316 4766 χησάμξνονλ)
2335 4687 2428 4766 δαὶ
2451 4679 2606 4766 ἔλαϐε
2631 4679 2974 4766 θεονᾶρᾷίοντα
2998 4679 3092 4732 τοῦ

1953 4745 2311 4836 ἦν’ᾑτέοίρθενία
2344 4758 2582 4836 Μαρξαςτ
2615 4745 2918 4836 ,Ειερᾴιῖιεν
2948 4751 3003 4836 in
3038 4745 3528 4836 una

1952 4817 2248 4903 c'ujusdam_
2265 4817 2517 4903 martyris
2610 4817 2877 4903 lqiialiuin
2926 4819 3044 4873 dico
3076 4817 3381 4903 secundum
3405 4827 3527 4903 post

1954 4892 2164 4958 beiuum
2210 4892 2428 4953 Petrum
2457 4892 2752 4968 Antiochia:
2777 4892 3105 4968 episcopum,
3145 4892 3234 4968 qui
3263 4902 3323 4968 in
3352 4901 3531 4968 perse-

1953 4976 2159 5027 cutione
2211 4970 2389 5022 Roma:
2425 4966 2683 5040 pugnavit
2731 4963 2798 5040 ad
2835 4961 3060 5040 bestias)
3105 4961 3365 5040 scriptum.
3391 4965 3528 5040 ‘est‘r

1954 5021 2458 5111 pri'ncipentisteculi
2477 5021 2634 5111 (titius
2657 5033 2814 5111 latuit
2848 5021 3051 5111 urire
3065 5021 3371 5111 virginitas.

1953 5093 2211 5170 Critolei'ii
2268 5117 2428 5164 notas
2477 5093 2560 5161 in'
2587 5102 2800 5175 epistol.
2852 5097 3046 5166 lgnatii
3094 5093 3166 5152 ad
3228 5093 3514 5172 Ephesios.

1954 5182 2144 5322 ll).(15)
2184 5247 2434 5302 Diximus
2461 5251 2514 5299 et
2539 5243 2628 5322 ad.
2654 5237 2966 5322 [lieponymi
2995 5230 3523 5322 Comimentarip‘s‘iun

1953 5301 2267 5377 Ma‘tihieum
2298 5332 2419 5386 cap.
2453 5331 2512 5376 ιι,
2543 5301 2907 5386 ubi_l_’atér
2934 5315 3218 5374 martyrem
3252 5301 3528 5386 Ignotium

1953 5373 2143 5447 laudat
2154 5373 2281 5458 '(qui
2311 5373 2560 5458 φῖτυ-τάθη
2591 5381 2798 5458 addidit
2827 5392 3042 5458 causam
3063 5373 3090 5458 ,ς
3104 5389 3199 5427 cur
3229 5390 3263 5426 a
3292 5373 3527 5458 despcit:

1953 5473 2072 5516 sata
2095 5451 2344 5514 Christus
2383 5463 2657 5525 conceptus
2701 5451 2770 5504 sit
2824 5465 2844 5500 :
2878 5457 2935 5500 ut
2969 5452 3152 5525 partus
3184 5455 3378 5525 nempe
3410 5456 3524 5525 ejus

1954 5510 2221 5586 Elian?
2241 5510 2478 5588 diabolo,
2507 5510 2632 5585 dum
2665 5510 3075 5590 eumputat'non
3101 5510 3166 5566 tle
3188 5513 3412 5590 virgine,
3432 5510 3541 5564 sed-

1954 5602 2018 5655 de
2041 5613 2203 5654 uxore
2222 5586 2737 5668 generatum),vnid_eri
2760 5586 3146 5668 Hieronymum
3177 5596 3294 5668 Ilion
3311 5586 3520 5668 eripio

1955 5653 2162 5740 lignatio
2185 5707 2202 5734 ,
2222 5653 2339 5740 "sed
2357 5654 2440 5740 ex;
2453 5653 2561 5716 hac
2576 5658 2825 5740 Origenia
2835 5673 2900 5711 na
2926 5653 3512 5740 liumiliadlocum‘reci-

1957 5729 2092 5799 tare.
2121 5729 2229 5798 non
2252 5733 2399 5796 enim
2419 5729 2781 5805 _h:ec_propr_ie
2804 5736 3028 5805 sanctus
3059 5731 3262 5805 martyr
3277 5734 3525 5805 promtu:

1958 5792 2132 5872 tiavit,
2167 5792 2352 5861 sedes
2374 5793 2504 5871 ejus
2539 5792 2775 5869 Epistula
2808 5797 2880 5860 ad,
2902 5794 3167 5868 Ephesios
3205 5792 3310 5850 Sub
3355 5792 3520 5852 linem

1958 5892 2234 5949 utcunque
2265 5873 2516 5945 colligere
2547 5873 2688 5931 licet.
