4002 6534
499 352 640 403 1815

1945 335 2269 394 ORIGENIS

3633 333 3772 387 1836

499 479 650 536 p'um
704 463 903 534 reperi,
946 463 1222 535 lgnatium
1253 463 1376 519 dico
1413 464 1726 534 episc0pnm
1765 459 2068 516 Antiochiae
2095 460 2144 518 A
2172 457 2285 512 ait:
2312 456 2435 521 Ave,
2454 456 2630 527 gratia
2658 452 3002 526 plena,»quod
3024 452 3134 523 (17)
3155 450 3338 508 Grzece
3358 449 3592 511 dicitur,
3613 465 3773 517 κεχι-

501 565 623 628 post
652 555 871 612 Petrum
898 557 1217 621 secundum,
1241 556 1331 624 qui
1380 555 1434 610 in
1484 554 1861 625 persecutione
1891 551 2078 606 Romae

503 648 762 719 pugnavit
783 646 848 702 ad
881 647 1125 702 bestias:
1159 645 1463 718 Principem
1510 646 1692 701 saeculi
1725 645 1890 714 hujus
1921 643 2078 698 latuit

501 741 789 811 virginitas
821 737 1003 794 Mariae
1029 757 1041 794 :
1068 739 1224 793 latuit
1244 747 1463 810 pr0pter
1493 737 1693 807 Joseph
1729 755 1741 790 :
1771 735 1933 791 latuit
1953 751 2078 805 pro-

501 843 621 904 pter
647 834 905 905 nuptias:
943 833 1102 887 latuit
1131 831 1260 902 quia
1302 831 1481 885 virum
1519 830 1719 885 habere
1753 829 2069 900 putabatur.

505 927 562 982 Si
597 927 741 981 enim
774 942 881 980 non
937 924 1216 979 habuisset
1247 937 1528 993 sponsum,
1573 929 1629 976 et
1665 929 1725 975 ut
1760 922 2072 991 putabatur,

507 1016 709 1079 virum,
738 1030 1078 1084 nequaquam
1108 1015 1375 1084 potuisset
1422 1013 1652 1083 principi
1697 1012 1888 1068 mundi
1911 1012 2074 1082 hujus

500 1109 781 1164 abscondi.
817 1107 1008 1162 Statim
1046 1108 1188 1164 enim
1219 1108 1475 1178 cogitatio
1515 1107 1715 1163 diaboli
1747 1107 1908 1162 tacita
1945 1107 2076 1162 sub-

497 1202 792 1272 repsisset:
843 1201 1117 1271 quomodo
1161 1201 1284 1263 ista,
1314 1215 1434 1270 quae
1475 1213 1585 1253 non
1625 1197 1917 1253 concubuit
1948 1213 2073 1252 cum

496 1296 637 1361 viro,
669 1307 954 1365 przegnans
977 1294 1100 1349 est?
1157 1293 1321 1348 Debet
1359 1293 1462 1348 iste
1515 1299 1812 1360 conceptus
1843 1305 1965 1346 esse
1989 1290 2072 1344 di-

495 1384 678 1447 vinus,
708 1384 865 1439 debet
887 1385 1088 1454 aliquid
1124 1383 1361 1438 humana
1385 1392 1581 1438 natura
1607 1396 1729 1438 esse
1761 1381 2068 1437 sublimius.

497 1475 818 1533 Econtrario
869 1477 1212 1546 disposuerat
1265 1474 1549 1537 Salvator,
1609 1474 2069 1544 dispensationem

495 1583 650 1622 suam
681 1577 734 1624 et
757 1567 1182 1636 assumptionem
1206 1567 1452 1636 corporis
1478 1567 1726 1637 ignorare
1753 1565 2025 1620 diabolum
2053 1583 2066 1620 :

495 1661 638 1714 unde
670 1671 724 1716 et
763 1660 816 1714 in
844 1661 1194 1731 generatione
1224 1675 1322 1715 sua
1362 1660 1557 1716 celavit
1614 1675 1767 1728 eam;
1819 1668 1872 1714 ct
1904 1658 2070 1712 disci-

494 1751 634 1821 pulis
679 1759 860 1820 postea
914 1752 1281 1822 praecipiebat,
1325 1766 1392 1807 ne
1450 1750 1799 1806 manifestum
1826 1766 1948 1804 eum
1985 1749 2067 1804 fa-

492 1853 695 1899 cerent.
723 1843 787 1898 Et
813 1861 936 1900 cum
967 1845 1035 1899 ab
1063 1844 1182 1914 ipso
1209 1843 1426 1899 diabolo
1451 1851 1766 1905 tentaretur,
1794 1857 2061 1911 nusquam

491 1934 778 1989 confessus
805 1943 887 1989 est
922 1934 1013 1988 Dei
1041 1949 1099 1989 se
1127 1949 1248 1988 esse
1281 1933 1502 1997 Filium,
1546 1933 1638 1986 sed
1688 1933 2066 1986 tantummodo

491 2026 853 2096 respondebat
879 2045 892 2080 :
918 2023 1033 2079 Non
1065 2034 1278 2094 oportet
1306 2034 1364 2080 ιιι
1396 2024 1615 2078 adorem
1645 2032 1716 2088 te,
1755 2041 1854 2079 nec
1889 2033 1948 2078 ut
1981 2024 2065 2077 la.

490 2119 648 2190 pides
679 2120 815 2174 istos
867 2131 1034 2187 panes
1083 2116 1302 2179 faciam,
1355 2126 1412 2170 ut
1445 2130 1532 2170 me
1560 2114 1626 2169 de
1679 2114 1787 2168 aito
1816 2114 2064 2184 praecipi-

494 2220 597 2264 tem
621 2211 688 2264 7°.
732 2209 944 2265 Etcum
982 2209 1085 2264 ista
1128 2207 1350 2273 diceret,
1384 2207 1552 2261 tacuit
1599 2221 1812 2275 semper
1861 2220 2064 2261 seesse

491 2299 688 2356 Filium
722 2301 839 2357 Dei.
877 2301 1069 2368 Quaere
1101 2310 1155 2356 et
1180 2301 1233 2354 in
1281 2299 1384 2353 alia
1412 2296 1714 2366 Scriptura,
1739 2306 1792 2351 ct
1823 2297 2064 2366 reperies

487 2393 790 2448 voluntatis
812 2393 1014 2450 Christi
1044 2393 1234 2458 fuisse,
1272 2401 1331 2446 ut
1360 2391 1650 2446 adventum
1678 2389 1799 2443 Filii
1831 2389 1922 2444 Dei
1947 2388 2064 2443 dia-

492 2483 652 2538 bolus
702 2482 992 2553 ignoraret.
1041 2481 1336 2553 Apostolus
1393 2480 1539 2536 enim
1599 2481 1907 2550 passionem
1943 2480 2063 2549 ejus

489 2592 740 2632 asserens
792 2575 1056 2632 nesciisse
1087 2577 1392 2632 contrarias
1432 2575 1798 2637 fortitudines,
1833 2575 1909 2629 ait
1951 2575 2058 2629 "‘z

491 2667 823 2735 Sapientiam
848 2668 1114 2738 loquimur
1141 2669 1280 2721 inter
1313 2669 1587 2737 perfectos.
1622 2665 1951 2735 Sapientiam
1972 2683 2064 2719 au-

491 2767 590 2811 tem
620 2773 726 2811 non
756 2757 941 2812 steculi
986 2756 1165 2825 hujus,
1207 2773 1368 2826 neque
1407 2757 1706 2827 principum
1759 2755 1942 2810 seculi
1969 2755 2065 2809 Iut-

481 2847 572 2918 jtss
597 2849 688 2916 qui
709 2848 1058 2902 destruantur
1079 2864 1100 2912 ;
1131 2847 1221 2902 sed
1249 2848 1515 2918 loquimur
1543 2846 1640 2902 Dei
1673 2849 1983 2917 sapientiam
2005 2851 2060 2903 in

486 2941 740 3008 mysterio
771 2939 1157 3002 absconditam,
1185 2955 1343 3010 quam
1379 2939 1558 2993 nullus
1583 2941 1879 3009 principum
1903 2941 2058 3010 hujus

487 3030 671 3085 steculi
717 3031 978 3101 cognovit.
1039 3028 1098 3084 Si
1140 3031 1280 3084 enim
1341 3031 1737 3100 cognovissent,
1788 3048 2058 3102 nunquam

2183 549 2476 623 ριτωμένη,
2511 548 2602 604 ubi
2655 549 2707 602 in
2741 545 3038 618 Scripturis
3083 545 3210 600 alibi
3251 545 3473 613 legerim
3521 557 3636 596 non
3687 557 3771 594 re-

2179 646 2412 712 cordor;
2447 644 2539 700 sed
2575 656 2751 711 neque
2781 641 2846 695 ad
2886 640 3062 694 virum
3091 631 3398 692 iStiusmodi
3441 649 3633 688 sermo
3662 642 3768 692 est.

2179 731 2352 794 Salve,
2383 731 2561 801 gratia
2594 729 2769 800 plena.
2806 726 2917 782 Soli
2954 725 3138 780 Marias.
3197 726 3312 779 haec
3353 723 3622 779 salutatio
3653 737 3771 774 ser-

2175 831 2352 876 vatur.
2385 822 2438 876 Si
2472 807 2615 876 enim
2654 821 2847 876 scisset
2877 818 3046 873 Maria
3079 826 3133 872 ct
3155 817 3220 872 ad
3254 816 3418 871 alium
3445 815 3767 886 quempiam

2179 915 2412 970 similem
2450 913 2653 969 factum
2705 929 2826 969 esse
2884 927 3217 977 sermonem,
3274 910 3508 964 habebat
3559 908 3766 978 quippe

2176 1005 2310 1076 legis
2346 1006 2652 1070 scientiam,
2681 1016 2735 1060 et
2767 1012 2885 1060 erat
2908 1015 3117 1068 saneta,
3147 1011 3200 1057 et
3237 1001 3628 1070 prophetarum
3665 1015 3766 1051 va-

2177 1097 2363 1151 ticiuia
2416 1095 2732 1165 quotidiana
2769 1093 3141 1148 .meditatione
3192 1097 3549 1162 cognoverat,
3617 1105 3763 1142 nun-

2174 1204 2336 1258 quam
2393 1188 2550 1257 quasi
2612 1187 2897 1257 peregrina
2947 1200 3067 1240 eam
3130 1183 3387 1238 salutatio
3446 1181 3759 1236 terruisset.

2173 1276 2400 1348 Propter
2423 1277 2566 1347 quod
2590 1276 2828 1345 loquitur
2858 1276 2907 1330 ei
2939 1274 3204 1345 angelus:
3243 1272 3324 1327 Ne
3384 1274 3602 1336 timeas,
3641 1272 3765 1324 Ma-

2174 1372 2278 1437 ria,
2316 1371 2564 1424 invenisti
2612 1370 2751 1424 enim
2802 1370 3029 1440 gratiam
3079 1383 3259 1422 coram
3311 1365 3560 1420 Domino.
3623 1361 3764 1416 Ecce

2173 1463 2431 1531 concipies
2463 1463 2518 1516 in
2550 1471 2720 1523 utero,
2763 1470 2812 1514 et
2859 1461 3032 1529 paries
3064 1459 3260 1528 ﬁlium,
3293 1468 3341 1511 et
3395 1455 3610 1510 vocabis
3671 1471 3765 1506 no-

2171 1573 2287 1610 men
2320 1555 2434 1624 ejus
2461 1553 2664 1608 Jesum.
2703 1552 2758 1607 Is
2788 1554 2886 1607 erit
2914 1570 3158 1622 magnus,
3193 1561 3241 1605 et
3273 1550 3446 1604 Filius
3482 1547 3761 1601 Altissimi

2170 1646 2460 1702 vocabitur.
2487 1645 2694 1699 Dicitur
2715 1655 2768 1698 et
2799 1643 2866 1698 de
2891 1641 3118 1709 Joanne,
3144 1644 3242 1696 erit
3271 1657 3494 1711 magi-us
3524 1658 3543 1694 :
3573 1651 3630 1694 et
3653 1640 3761 1694 hoc

2172 1737 2347 1808 ipsum
2411 1735 2629 1792 Gabriel
2684 1736 2908 1806 angelus
2954 1743 3325 1800 contestatur;
3385 1734 3480 1788 sed
3525 1733 3760 1802 quando

2171 1831 2315 1886 venit
2357 1829 2517 1886 .Iesus
2561 1845 2685 1885 vere
2742 1844 3001 1900 magnus,
3049 1843 3176 1882 vere
3219 1827 3492 1888 sublimis,
3526 1825 3622 1879 ille
3662 1825 3759 1892 qui

2166 1924 2318 1992 prius
2349 1939 2581 1994 magnus
2613 1925 2811 1988 fuerat,
2863 1922 3042 1976 minor
3067 1920 3290 1976 effectus
3317 1927 3420 1974 est.
3453 1918 3548 1973 llle
3577 1918 3755 1978 enim,

2170 2015 2352 2085 inquit
2380 2016 2448 2079 ⁸¹,
2485 2016 2590 2070 fuit
2614 2017 2832 2071 lucerna
2865 2015 3062 2069 ardens
3089 2022 3143 2068 et
3173 2012 3382 2074 lucens,
3423 2019 3480 2065 et
3526 2027 3630 2068 vos
3660 2027 3759 2065 vo-

2167 2105 2346 2161 luistis
2381 2106 2447 2160 ad
2485 2105 2675 2160 horam
2707 2104 2983 2159 exsultare
3009 2103 3062 2157 in
3109 2101 3314 2157 lumine
3350 2102 3493 2171 ejus.
3536 2101 3754 2172 Magni-

2165 2197 2297 2253 tudo
2329 2196 2624 2252 Salvatoris
2659 2197 2829 2252 nostri
2879 2212 2985 2250 non
3045 2206 3174 2250 tunc
3229 2195 3480 2265 apparuit
3529 2195 3759 2264 quando

2166 2297 2328 2344 natus
2359 2298 2475 2353 est;
2503 2289 2594 2344 sed
2638 2303 2784 2342 nunc
2841 2295 3127 2356 postquam
3157 2300 3415 2354 oppressa
3449 2285 3522 2338 ab
3549 2285 3754 2338 adver-

2166 2380 2326 2434 sariis
2354 2379 2662 2444 videbatur,
2689 2377 2930 2432 emicuit.
2973 2373 3103 2430 Vide
3157 2374 3591 2444 magnitudinem
3647 2374 3754 2428 Do-

2165 2471 2346 2525 mini:
2388 2468 2446 2524 in
2503 2485 2720 2541 omnem
2773 2477 2971 2522 terram
3028 2467 3195 2521 exivit
3260 2481 3432 2520 sonus
3483 2465 3756 2519 doctrina:

2162 2563 2304 2632 ejus,
2339 2571 2393 2616 et
2425 2563 2479 2617 in
2511 2562 2648 2616 fines
2673 2561 2822 2616 orbis
2851 2572 3116 2613 terrarunt
3146 2557 3307 2614 verba
3333 2557 3484 2610 illius
3510 2556 3580 2608 δ’.
3647 2554 3754 2610 Do-

2164 2657 2345 2710 minus
2376 2663 2560 2709 noster
2585 2652 2764 2716 Jesus,
2815 2653 2909 2722 qui
2943 2653 3119 2706 virtus
3145 2659 3230 2705 est
3285 2650 3397 2720 (18)
3440 2649 3540 2704 Dei
3581 2650 3651 2710 ",
3689 2649 3746 2703 in

2162 2763 2378 2803 omnem
2413 2746 2643 2801 ditl'usus
2672 2753 2756 2800 est
2782 2744 2991 2810 orbem,
3017 2753 3070 2798 et
3105 2742 3598 2812 impraesentiarum
3633 2755 3736 2794 no-

2163 2841 2372 2896 biscum
2404 2847 2507 2903 est,
2531 2838 2686 2909 juxta
2739 2836 2870 2891 illud
2924 2835 3067 2904 quod
3113 2835 3164 2888 in
3217 2834 3476 2903 Apnstolo
3503 2834 3747 2904 legitur:

2161 2933 2500 3003 Congregatis
2534 2931 2677 2986 vobis
2715 2939 2764 2982 et
2809 2930 3008 2998 spiritu
3060 2944 3172 2981 meo
3230 2945 3347 2980 cum
3390 2929 3589 2981 virtute
3641 2927 3750 2979 Do-

2160 3026 2291 3080 mini
2323 3025 2490 3079 nostri
2511 3022 2641 3078 Jesu
2670 3022 2874 3078 Christi
2899 3023 2966 3073 3‘.
3000 3020 3186 3073 Virtus
3230 3018 3443 3073 Domini
3493 3018 3742 3072 Saivato—

486 3121 774 3175 Dominum
814 3123 1000 3191 gloria:
1031 3122 1440 3190 cruciﬁxissent.
1483 3121 1873 3177 Absconditum
1898 3111 2062 3192 igitur
2088 3135 2129 3193 ο
2164 3116 2242 3171 l'is
2262 3124 2316 3171 ει
2349 3130 2471 3170 Cum
2507 3114 2592 3168 his
2623 3121 2726 3174 est.
2759 3113 2854 3182 qui
2884 3111 2952 3165 3b
2986 3110 3118 3165 orbe
3152 3118 3340 3164 DOSlI‘O
3369 3108 3426 3162 in
3455 3107 3747 3162 Brilannia

486 3211 592 3266 fuit
645 3228 678 3266 a
729 3213 1071 3283 principibus
1123 3214 1308 3268 saeculi
1362 3214 1680 3284 mysterium
1736 3212 2052 3270 Salvatoris.

486 3300 644 3368 Quod
693 3311 874 3356 autem
928 3304 1239 3357 econtrario
1292 3303 1454 3371 objici
1485 3312 1678 3372 potest,
1736 3304 2054 3360 solvendum

485 3392 621 3446 mihi
656 3393 871 3447 videtur
923 3401 1214 3461 antequam
1269 3393 1337 3447 ab
1390 3393 1498 3447 alio
1548 3403 1913 3464 praeponatur,
1948 3413 2056 3466 qua

485 3483 698 3537 ratione
723 3483 866 3552 quod
925 3483 1200 3554 principes
1229 3485 1393 3554 hujus
1439 3487 1623 3541 saeculi
1656 3487 1830 3550 latuit,
1855 3490 2057 3544 daemo-

483 3588 608 3627 nem
631 3587 738 3628 non
779 3573 954 3640 latuit,
980 3589 1104 3629 eum
1132 3577 1432 3644 praesertim
1463 3578 1554 3646 qui
1581 3578 1635 3631 in
1663 3577 1954 3650 Evangelio
1977 3581 2057 3635 lo-

482 3664 752 3734 queba'ur
784 3682 799 3719 :
853 3663 1052 3719 Venisti
1104 3676 1224 3720 ante
1261 3675 1460 3735 tempus
1522 3677 1760 3739 torquere
1795 3687 1910 3739 nos,
1946 3673 2052 3727 sci-

483 3767 599 3808 mus
627 3763 675 3808 .‘e
705 3755 831 3824 quia
860 3756 932 3808 sis
971 3753 1144 3809 Filius
1199 3755 1299 3810 Dei
1338 3755 1404 3810 ⁸ο.
1440 3755 1543 3812 Sed
1573 3757 1879 3825 considera,
1919 3760 2049 3830 quia

483 3847 664 3900 minor
685 3848 736 3900 in
768 3846 974 3901 malitia
1005 3847 1218 3902 noverit
1244 3845 1580 3904 Salvatorem
1606 3869 1618 3903 :
1651 3851 1746 3920 qui
1775 3865 1904 3905 vero
1938 3867 2054 3906 ma-

475 3939 568 4008 jut‘
604 3947 687 3994 est
716 3939 771 3993 in
812 3938 1036 4004 scelere,
1066 3947 1121 3993 et
1153 3939 1478 4009 versipellis,
1516 3948 1570 3994 et
1598 3955 1856 4010 nequam,
1888 3956 1956 3995 ex
1987 3956 2052 3996 eo

479 4031 621 4101 ipso,
679 4031 821 4100 quod
877 4032 932 4085 in
975 4032 1120 4086 malo
1171 4031 1347 4102 major
1401 4031 1567 4103 939
1617 4042 1720 4099 est,
1765 4033 2053 4102 impeditur

478 4139 644 4180 nosse
672 4123 869 4178 Filium
925 4123 1040 4179 Dei.
1074 4123 1187 4179 Nos
1216 4139 1432 4194 quoque
1466 4124 1592 4193 ipsi,
1647 4124 1694 4179 si
1742 4125 1923 4180 minus
1953 4126 2050 4180 hae

476 4214 762 4271 buerimus
791 4215 943 4280 mali,
972 4214 1188 4271 facilius
1213 4231 1507 4286 possumus
1539 4217 1606 4270 ad
1633 4216 1885 4271 virtutem
1919 4232 2048 4286 pro-

2157 3207 2492 3272 dividuntur,
2537 3215 2590 3259 et
2636 3220 2760 3258 cum
2797 3204 2882 3256 his
2913 3203 3088 3272 quiin
3131 3200 3478 3265 Mauritania,
3526 3210 3583 3254 et
3615 3216 3746 3254 cum

2159 3298 2426 3352 universis
2461 3295 2554 3365 qui
2581 3295 2683 3350 sub
2717 3294 2832 3349 sole
2861 3294 2913 3347 in
2941 3293 3162 3346 nomine
3207 3292 3326 3360 ejus
3365 3291 3744 3346 crediderunt.

2158 3387 2292 3443 Vide
2340 3402 2470 3458 ergo
2517 3385 2944 3456 magnitudinem
2984 3381 3302 3444 Salvatoris,
3359 3381 3642 3450 quomodo
3688 3381 3745 3435 in

2159 3492 2272 3536 toto
2303 3482 2435 3535 orbe
2459 3479 2657 3534 diﬂusa
2711 3477 2803 3541 sit,
2860 3485 2912 3530 et
2952 3485 3097 3530 certe
3135 3472 3362 3528 necdum
3404 3473 3526 3542 ejus
3551 3489 3743 3526 veram

2156 3573 2585 3645 magnitudinem
2614 3570 2865 3640 exposui.
2901 3567 3151 3622 Ascende
3181 3567 3233 3621 in
3266 3566 3459 3627 cenios,
3506 3576 3565 3619 et
3616 3567 3741 3621 vide

2157 3681 2305 3734 eum,
2335 3665 2608 3736 quomodo
2635 3663 2878 3719 cuslestia
2925 3661 3233 3732 repleverit.
3267 3663 3534 3732 Apparuit
3564 3663 3726 3732 siqui-

2153 3764 2275 3817 dem
2307 3758 2534 3829 angelis.
2575 3754 2853 3811 Descende
2898 3753 3228 3824 cogitatione
3275 3753 3332 3807 in
3384 3753 3642 3823 abyssos,
3683 3764 3739 3808 et

2152 3851 2364 3908 videbis
2413 3864 2538 3904 eum
2595 3847 2759 3901 etiam
2812 3844 2940 3900 illuc
2994 3843 3361 3898 descendisse.
3424 3843 3533 3908 Qui
3592 3844 3738 3898 enin-

2151 3942 2434 4005 descendit,
2465 3941 2573 4010 ipse
2591 3947 2667 3993 est
2690 3947 2739 3990 et
2763 3937 2852 4007 qui
2883 3936 3141 3997 ascendit,
3170 3945 3225 3988 ut
3256 3934 3492 4002 impleret
3524 3937 3738 3998 omnia,

2149 4045 2206 4087 ut
2237 4035 2287 4086 in
2326 4032 2534 4085 nomine
2576 4026 2704 4081 Jesu
2739 4042 2890 4080 omne
2920 4042 3051 4096 genu
3102 4026 3374 4094 ﬂectatur,
3412 4026 3736 4093 ca’lestium,

2153 4125 2484 4180 terrestrium
2531 4132 2579 4176 et
2633 4120 2959 4188 infernarum
3007 4119 3074 4170 ⁸⁵.
3125 4117 3426 4173 Considera
3469 4119 3736 4173 virtutem

2150 4219 2386 4282 Domini,
2420 4215 2566 4287 quod
2601 4214 2905 4284 impleverit
2947 4213 3238 4275 mundum,
3268 4211 3319 4264 id
3349 4221 3434 4265 est
3457 4210 3735 4276 caelestia,

475 4305 689 4363 cedere.
728 4306 785 4361 Si
815 4321 944 4362 vero
983 4307 1156 4378 magis
1188 4307 1243 4361 in
1273 4307 1432 4364 nobis
1463 4307 1627 4364 fuerit
1656 4309 1806 4376 mali,
1842 4308 2046 4380 ingenti
2146 4309 2443 4372 terrestria,
2473 4315 2527 4362 et
2557 4304 2863 4368 infcrnalia,
2923 4303 3198 4372 quomodo
3232 4314 3286 4356 et
3307 4302 3507 4356 caelum
3544 4302 3732 4370 ipsum

475 4396 664 4451 labore
690 4396 997 4452 sudandum
1026 4406 1131 4464 est,
1172 4406 1230 4451 ut
1263 4399 1458 4469 majori
1495 4401 1700 4455 malitia
1724 4403 2041 4460 liberemur.

474 4487 601 4544 Haec
630 4489 697 4543 de
737 4503 803 4542 eo
838 4489 984 4558 quod
1011 4504 1268 4558 sponsum
1302 4491 1550 4546 habuerit
1574 4490 1763 4547 Maria.

547 4575 663 4646 (l6)
694 4577 833 4642 Quia
862 4591 996 4631 vero
1028 4578 1254 4648 angelus
1320 4594 1461 4634 novo
1515 4595 1768 4637 sermone
1816 4581 2040 4638 Mariam

473 4667 752 4729 salutavit,
787 4683 954 4737 quem
985 4668 1038 4721 in
1063 4671 1211 4723 omni
1237 4667 1512 4739 Scriptura
1537 4673 1779 4728 invenire
1810 4691 1917 4730 non
1947 4692 2044 4745 po-

475 4757 577 4823 tui,
611 4767 666 4812 et
695 4757 762 4812 de
790 4758 896 4812 hoe.
920 4773 1091 4826 pauca
1144 4760 1370 4817 dicenda
1395 4771 1524 4817 sunt
1598 4763 1649 4818 Id
1705 4765 1848 4818 enim
1897 4769 2040 4836 quod

535 4873 582 4904 "
619 4870 808 4928 Matth.
840 4886 914 4924 tv.
990 4871 1059 4901 "‘
1097 4869 1269 4925 lCor.
1301 4889 1362 4940 ιι,
1391 4874 1509 4929 6-8.
1579 4875 1634 4940 3⁸
1663 4875 1852 4930 Matth.
1896 4895 2014 4947 vm,
2056 4893 2058 4907 '

535 4941 650 4997 Cor.
685 4957 725 5008 ι,
781 4941 868 4998 i8.
943 4940 993 4975 “
1030 4942 1050 4996 .'.
1079 4940 1206 4996 Cor.
1234 4957 1284 5008 ν,
1306 4944 1360 4998 4.
1468 4945 1513 4977 ⁸⁸
1546 4942 1744 5009 Ephes.
1778 4963 1855 5009 tv,
1880 4949 1965 5005 id.

2224 4883 2267 4914 ⁸¹
2299 4881 2457 4936 Joan.
2483 4898 2538 4946 γ,
2565 4880 2657 4935 55.

2159 4952 2308 5009 Hebr.
2342 4953 2416 5009 iv.
2439 4950 2495 5006 4.

468 4940 490 4994 l
521 4941 650 4997 Cor.
685 4957 725 5008 ι,
781 4941 868 4998 i8.
943 4940 993 4975 “
1030 4942 1050 4996 .'.
1079 4940 1206 4996 Cor.
1234 4957 1284 5008 ν,
1306 4944 1360 4998 4.

540 5057 651 5126 (16)
693 5056 918 5113 Schedat
938 5056 1124 5112 Grabii
1154 5067 1208 5113 et
1229 5055 1540 5116 Combetisii
1572 5077 1586 5114 :
1622 5060 1784 5126 Ξένος
1814 5065 1842 5116 ὁ
1863 5063 2038 5118 ἀσπα-

471 5127 992 5214 σμρςῗτῇπαρθένῳ,
1016 5127 1250 5213 οὺραμοῦ
1274 5129 1371 5214 τῇς
1393 5130 1612 5212 {pani};
1632 5134 2037 5214 εὑρισκόμενος,

468 5199 639 5284 supra
667 5199 722 5251 δὲ
757 5199 893 5284 pom
921 5217 989 5279 τῃ
998 5199 1095 5284 poli.
1100 5216 1258 5268 μενος
1276 5217 1290 5228 '
1309 5199 1503 5270 Χαῖρε,
1523 5199 1983 5284 όςὲχαριτῳμέιη,

468 5269 683 5349 [inpegis-
698 5269 848 5348 μετὰ
865 5269 1022 5349 om"):
1043 5269 1193 5349 Novo
1216 5269 1744 5349 sermone_salutatur
1767 5269 1931 5349 virgo,
1948 5269 2040 5349 qui

470 5337 659 5390 nuttibi
703 5339 936 5411 inomni
984 5336 1264 5407 Scriptura
1304 5343 1592 5411 reperitur,
1643 5347 1734 5398 sed
1770 5336 1890 5398 huic
1918 5336 2036 5400 's'oli

467 5409 1074 5488 servq_t_ur_:_Ave,.gratia
1096 5411 1275 5479 plena,
1299 5409 1562 5467 Deminus
1589 5422 1790 5488 tecum.
1807 5415 2029 5488 BILEUS.

538 5475 651 5542 (t7)
690 5475 998 5559 Allieronjtni
1024 5522 1039 5545 ,
1076 5475 1134 5534 ut
1167 5475 1327 5559 nemo
1371 5485 1706 5559 nonfentit,
1755 5485 2035 5559 adnotatio

469 5541 583 5597 haec
623 5553 741 5605 est.
786 5556 845 5621 ut
886 5541 1059 5617 ipsum
1109 5552 1450 5608 salutationis
1485 5541 1730 5607 Graecum
1767 5541 2034 5621 verbum,

468 5614 923 5694 ξξκαριτωιιέγῃξ
980 5622 1126 5686 (ιιιοά

465 5685 710 5746 dixerat,
740 5685 930 5741 Latine
965 5685 1143 5745 autem
1179 5685 1289 5749 fere
1319 5693 1540 5749 obvium
1565 5702 1648 5750 est
1683 5735 1696 5760 ,
1735 5685 1923 5749 lectori
1956 5697 2041 5750 itt-

467 5763 772 5810 υοιρεοθτοι

1468 4945 1513 4977 ⁸⁸
1546 4942 1744 5015 Ephes.
1778 4963 1855 5013 tv,
1880 4949 1965 5005 id.

2147 4399 2527 4475 penetraverit,
2565 4405 2620 4452 et
2675 4397 2730 4450 in
2785 4410 3021 4465 superna
3081 4393 3404 4449 ascenderit.
3465 4391 3732 4468 Legimus

2076 4472 2122 4528 Ι)
2148 4472 2293 4550 enim
2326 4495 2393 4561 θ’,
2416 4491 2558 4564 quod
2593 4487 2968 4562 pertransierit
2987 4487 3156 4547 conos
3179 4485 3348 4546 Filius
3377 4489 3495 4544 Dei.
3523 4491 3582 4543 εί
3610 4490 3730 4544 haec

2149 4587 2372 4651 videris,
2407 4587 2614 4657 pariter
2647 4584 2942 4639 intueberis
2978 4598 3084 4637 non
3122 4583 3434 4637 transitoric
3461 4582 3674 4637 dictum
3709 4599 3728 4612 ο

2150 4677 2378 4748 Magnus
2423 4679 2561 4742 erit;
2599 4677 2692 4731 sed
2720 4675 2945 4730 verbum
3006 4689 3171 4744 opere
3221 4673 3576 4743 completum.
3609 4672 3724 4727 Ma-

2149 4787 2289 4843 gnus
2329 4780 2417 4824 est
2454 4769 2719 4823 Dominus
2759 4777 2944 4821 uoster
2999 4765 3179 4830 Jesus,
3238 4775 3296 4821 et
3343 4781 3610 4836 praesens.
3667 4778 3722 4818 es

2763 4879 2809 4911 ⁸’
2831 4877 2974 4934 Psal.
3001 4893 3154 4942 arm,
3186 4877 3240 4932 5.
3325 4878 3371 4909 ⁸³
3392 4874 3552 4930 Rom.
3591 4893 3631 4938 t,
3655 4876 3720 4939 4;

2219 5066 2329 5137 (i8)
2370 5065 2574 5137 Legere
2615 5063 2798 5137 malim
2821 5105 2835 5127 ,
2863 5079 2968 5134 qua
2996 5063 3162 5137 virtus
3194 5070 3304 5137 est,
3338 5067 3400 5112 ut
3431 5057 3484 5113 ei
3533 5059 3716 5137 mani-

2148 5128 2341 5193 festius
2370 5128 2669 5206 opinationi
2701 5128 3036 5206 opponatur,
3079 5132 3166 5186 cui
3208 5128 3496 5199 Origenem
3528 5130 3716 5206 adita;-

2148 5209 2288 5263 sisse
2348 5202 2752 5261 Génebrardus’
2777 5202 2979 5272 aliique
3030 5218 3097 5256 ex
3147 5209 3378 5254 tractatu
3429 5214 3617 5272 xxixth
3663 5202 3717 5253 in

2149 5277 2458 5331 Matthwum
2490 5275 2867 5339 criminantur,
2890 5269 3035 5341 quod
3067 5286 3259 5339 nempe
3291 5271 3524 5323 senserit
3554 5269 3696 5323 Chri-

2147 5359 2312 5413 stum,
2346 5363 2453 5415 qua
2476 5345 2725 5400 Christus
2752 5353 2854 5404 est,
2888 5346 3002 5398 sive
3030 5357 3140 5415 qua
3165 5341 3562 5415 humanitatem
3591 5355 3694 5393 eor

2133 5411 2313 5487 porcis
2338 5411 2701 5487 u'surpandam
2724 5415 2898 5487 o’cuiis
2922 5411 3393 5487 prmfertnubique
3421 5411 3712 5487 exsistere.

2137 5481 2234 5542 ilic
2257 5481 2535 5541 enimvero
2559 5481 3042 5539 Adamantiusisoli
3077 5481 3379 5535 divinitatis
3402 5482 3712 5548 presenti:-

1396 5552 1450 5632 Lis
1485 5551 1730 5632 Graecum
1767 5557 1991 5632 verbum
2019 5597 2034 5621 ,
2136 5559 2239 5613 hoc
2269 5558 2460 5632 tribuit
2482 5597 2497 5621 ,
2530 5570 2597 5610 ac
2611 5555 2907 5632 verissime
2935 5552 3214 5632 Christum
3258 5566 3365 5618 qua
3391 5549 3507 5630 .Dei
3535 5552 3710 5607 virtus

1217 5623 1363 5694 lane
1394 5621 1712 5694 inusitatum
1738 5693 1741 5694 ν
1778 5620 2039 5694 Origenes
2137 5637 2240 5691 est,
2269 5629 2320 5681 in
2347 5620 2563 5681 omnem
2593 5625 2854 5679 diﬂusum'
2880 5638 3002 5679 esse
3027 5620 3558 5694 orbem,omnivtque
3585 5635 3710 5688 per-

2140 5690 2333 5754 vadere
2354 5705 2542 5759 docet,
2571 5695 2832 5761 emlestia,
2863 5693 3137 5750 terreStria
3164 5700 3330 5761 atque
3359 5690 3599 5744 inferna.
