4002 6568
228 405 367 460 1817

1435 405 1504 461 ΙΝ
1541 404 1776 463 LUCAM
1813 402 2097 460 IIOMILIA
2137 403 2248 460 VII.

3350 409 3487 468 I8l3

227 519 452 581 absens.
483 518 784 590 tribuitque
807 520 1145 577 consortium
1168 517 1508 580 fortitudinis
1531 538 1644 579 sua
1673 521 1800 576 huic
1827 524 1875 580 Α
1904 521 2081 590 infans
2107 523 2161 577 in
2184 531 2331 577 utero
2362 520 2653 587 Elisabetli,
2681 532 2732 578 et
2775 525 2974 595 repleta
3009 536 3086 581 est
3128 527 3334 598 Spiritu
3357 546 3484 584 san-

220 610 392 666 coetui
413 619 602 666 nostro
633 622 796 681 atque
823 613 1152 667 conventui:
1215 612 1361 684 quod
1400 623 1460 669 ut
1508 625 1562 670 et
1602 614 1802 686 singuli

222 721 536 762 mereamur
563 707 834 778 accipere,
875 708 1232 778 deprecemur
1274 707 1564 764 Dominum
1606 707 1800 775 Deum,

218 797 312 852 cui
345 804 429 853 est
452 797 625 869 gloria
673 807 728 856 et
773 801 1062 872 imperium
1112 802 1166 856 in
1199 803 1396 858 saecula
1450 805 1800 859 saeculorum.

217 887 418 944 Amen.

784 1003 1066 1060 IIOMILIA
1123 1005 1234 1064 VII.

216 1115 300 1171 De
328 1132 385 1170 eo
419 1117 562 1192 quod
579 1118 837 1192 scriptum
872 1129 946 1172 est
977 1135 996 1192 ς
1031 1139 1047 1170 ι
1081 1119 1387 1192 Exsurgens
1416 1133 1591 1175 autem
1620 1121 1799 1177 Maria

287 1203 410 1262 cum
441 1189 784 1262 festinatione
807 1193 942 1262 venit
962 1191 1020 1262 in
1046 1189 1350 1253 montana,»
1382 1207 1546 1262 usque
1577 1195 1646 1246 ad
1680 1210 1799 1246 eum

285 1257 462 1334 locum
511 1258 600 1313 ubi
643 1259 719 1334 ait
748 1274 768 1312 :
828 1279 846 1310 ε
879 1260 993 1314 Erit
1047 1263 1432 1316 consummatio
1460 1257 1652 1317 eorum
1683 1281 1800 1334 qua:

285 1329 430 1381 dicta
460 1339 636 1384 sunt.»
675 1329 808 1398 Cap.
843 1347 884 1384 ι.

284 1439 540 1497 Μριξοτεε
577 1442 643 1496 ad
676 1443 979 1500 deteriores
1002 1445 1246 1509 veniunt,
1274 1454 1334 1500 ut
1355 1447 1435 1501 eis
1467 1461 1532 1500 ex
1559 1447 1792 1502 adventu

211 1547 322 1588 suo
363 1533 568 1604 aliquid
629 1534 870 1590 tribuant
914 1537 1290 1593 emolumenti.
1329 1538 1422 1593 Sic
1450 1548 1502 1594 et
1546 1539 1796 1606 Salvator

208 1626 362 1680 venit
408 1625 474 1680 ad
497 1623 782 1694 Joannem,
813 1636 871 1681 ut
907 1629 1273 1684 sanctiﬁcaret
1302 1630 1570 1700 baptisma
1608 1632 1791 1687 illius:

209 1726 269 1771 et
320 1716 489 1772 Maria
528 1718 706 1773 statim
761 1727 820 1773 ut
868 1717 1076 1774 audivit
1121 1721 1374 1790 angelum
1426 1723 1788 1788 nuntiantem,

207 1810 360 1878 quod
387 1809 698 1880 conceperit
730 1809 1064 1866 Salvatorem
1083 1853 1097 1877 ,
1128 1820 1184 1867 et
1211 1813 1356 1882 quod
1387 1824 1615 1884 cognata
1645 1815 1792 1870 illius

1905 623 2008 677 cto,
2038 625 2087 668 et
2113 615 2360 670 clamavit
2394 632 2514 669 voce
2541 632 2730 686 magna
2762 627 2812 671 et
2847 619 2984 672 dixit
3017 637 3035 674 :

1975 705 2258 760 Benedicta
2285 717 2340 761 tu
2369 709 2507 762 inter
2533 709 2793 763 mulieres.
2822 708 3088 766 Debemus
3122 714 3176 766 in
3208 713 3310 770 hoc
3335 714 3480 783 loco,

1904 813 1973 852 ne
2002 798 2278 868 simplices
2310 801 2513 872 quique
2543 801 2906 870 decipiantur,
2939 818 3001 858 ea
3031 819 3152 873 quae
3179 806 3354 860 solent
3385 821 3483 876 op-

1903 903 2104 957 ponere
2135 892 2394 956 baaretici,
2427 891 2732 948 confutare.
2765 893 2821 947 In
2849 900 3052 948 tantam
3077 896 3274 964 quippe
3299 896 3483 951 nescio

1901 980 2026 1048 quis
2056 983 2305 1051 prorupit
2338 984 2634 1048 insaniam,
2658 993 2714 1038 ut
2739 993 3011 1040 assereret
3036 995 3282 1053 negatam
3314 986 3482 1041 fuisse

1901 1071 2126 1127 Mariam
2163 1089 2194 1128 a
2231 1073 2535 1140 Salvatore,
2566 1082 2632 1131 eo
2653 1077 2799 1147 quod
2828 1088 2950 1146 post
2975 1076 3309 1130 nativitatem
3339 1079 3482 1134 illius

1897 1163 2087 1234 juncta
2123 1165 2288 1222 fuerit
2313 1166 2425 1237 (20)
2450 1166 2651 1238 Joseph
2681 1188 2693 1223 :
2724 1179 2777 1224 et
2805 1170 3022 1224 locutus
3050 1179 3164 1234 est,
3191 1186 3313 1240 qiue
3335 1172 3482 1240 quali

1900 1265 2085 1311 mente
2133 1257 2334 1314 dixerit
2388 1258 2503 1328 ipse
2552 1260 2765 1315 noverit
2827 1261 2920 1330 qui
2983 1261 3198 1315 locutus
3255 1272 3357 1316 est.
3423 1261 3480 1316 Si

1902 1352 2124 1418 quando
2154 1351 2320 1420 igitur
2351 1353 2590 1408 haeretici
2626 1353 2780 1407 vobis
2829 1354 2935 1408 tale
2980 1354 3111 1423 quid
3157 1355 3480 1424 objecerint,

1899 1442 2224 1510 respondete
2251 1443 2350 1505 eis,
2381 1453 2435 1497 et
2461 1443 2625 1498 dicite
2652 1463 2664 1495 :
2694 1442 2855 1499 Certe
2885 1443 3088 1513 Spiritu
3113 1457 3302 1500 sancto
3327 1445 3480 1515 plena

1903 1529 2178 1586 Elisabeth
2209 1532 2285 1587 ait
2313 1549 2326 1585 :
2359 1532 2643 1588 Benedicta
2667 1543 2722 1587 tu
2745 1536 2881 1589 inter
2909 1536 3171 1590 mulieres.
3209 1536 3264 1590 Si
3290 1545 3480 1591 saneto

1900 1621 2104 1690 Spiritu
2134 1622 2419 1678 benedicta
2450 1624 2665 1679 canitur
2691 1625 2880 1687 Maria,
2911 1626 3185 1695 quomodo
3213 1641 3332 1682 eam
3361 1626 3480 1679 Sal-

1895 1720 2054 1768 vator
2089 1714 2346 1784 negavit?
2375 1713 2548 1769 Porro
2586 1717 2732 1786 quod
2775 1728 3029 1772 asserunt
3061 1733 3180 1771 eam
3227 1717 3480 1787 nupsisse

1896 1815 2020 1875 post
2051 1814 2287 1876 partum,
2316 1807 2459 1862 unde
2483 1808 2785 1878 approbent
2818 1823 2929 1862 non
2965 1809 3185 1863 habent.
3221 1807 3288 1862 Ili
3328 1809 3476 1862 enim

208 1899 491 1956 Elisabeth
533 1901 756 1956 haberet
799 1901 853 1956 in
889 1911 1082 1968 utero,
1109 1918 1446 1970 consurgens
1464 1883 1601 1960 ﬁcum
1636 1907 1786 1961 l'esti-
1823 1883 1864 1936 Β
1894 1900 2011 1966 lilii,
2047 1900 2143 1970 qui
2190 1898 2390 1970 Josepb
2427 1900 2770 1964 dicebantur,
2813 1915 2920 1954 non
2951 1909 3107 1955 erant
3136 1901 3239 1956 orti
3265 1901 3331 1956 de
3363 1899 3478 1954 Ma-

207 1991 435 2048 natione
465 1994 613 2048 venit
646 1995 701 2048 in
751 2003 1035 2059 montana,
1063 2005 1117 2050 et
1160 1995 1404 2065 ingressa
1437 2007 1521 2053 est
1563 1999 1785 2053 domum

206 2082 510 2139 Elisabeth.
541 2083 701 2141 Jesus
739 2101 891 2150 vero,
927 2086 1021 2156 qui
1069 2086 1124 2140 in
1175 2096 1333 2142 utero
1357 2088 1503 2143 illius
1531 2099 1669 2154 erat,
1711 2090 1789 2145 le-

206 2175 450 2229 stinabat
495 2176 674 2232 adhuc
716 2176 771 2230 in
802 2185 988 2232 ventre
1020 2177 1212 2234 matris
1253 2175 1518 2234 Joannem
1551 2179 1785 2249 positqu

207 2268 572 2324 sanetiﬁcare.
620 2268 863 2341 Denique
910 2280 1202 2342 antequam
1248 2273 1458 2328 veniret
1502 2271 1671 2328 Maria
1735 2283 1790 2328 et

205 2360 473 2416 salutaret
502 2362 801 2429 Elisabetli,
836 2379 943 2419 non
971 2365 1264 2420 exsultavit
1293 2365 1474 2421 infans
1505 2367 1560 2420 in
1591 2376 1747 2420 utero
1771 2386 1782 2420 :

205 2453 304 2508 sed
338 2454 522 2509 statim
551 2464 610 2511 ut
637 2455 805 2512 Maria
838 2455 1016 2511 locuta
1049 2470 1132 2512 est
1159 2457 1406 2521 verbum,
1443 2460 1589 2528 quod
1616 2458 1655 2512 F
1661 2461 1788 2517 ilius

207 2545 306 2600 Dei
335 2546 387 2599 in
421 2555 610 2602 ventre
655 2548 846 2604 matris
887 2559 1254 2621 suggesserat,
1283 2551 1576 2606 exsultavit
1606 2552 1788 2608 infans

205 2634 264 2690 in
291 2637 508 2706 gaudio,
535 2647 588 2691 et
620 2647 748 2692 tunc
779 2637 1014 2708 primum
1042 2653 1434 2708 praecurSOrem
1469 2655 1629 2694 suum
1664 2655 1789 2709 pro-

207 2727 428 2796 phetam
457 2727 584 2783 fecit
606 2727 786 2784 Jesus.
829 2729 1123 2800 Oportebat
1152 2745 1370 2800 quoque
1401 2729 1627 2785 Mariam
1659 2748 1785 2788 cum

205 2818 306 2874 Dei
337 2820 489 2890 prole
521 2820 864 2890 dignissima.
890 2831 1015 2891 post
1052 2821 1354 2892 alloquium
1388 2820 1503 2887 Dei,
1533 2822 1600 2876 ad
1631 2837 1788 2876 mon-

205 2919 334 2966 tana
364 2912 729 2967 conscendere
749 2955 763 2978 ,
803 2922 857 2968 et
891 2914 943 2966 in
991 2913 1402 2968 sublimioribus
1432 2914 1781 2969 commorari.

207 3001 364 3058 Unde
387 3011 445 3061 et
467 3004 731 3074 scriptum
763 3015 845 3060 est
875 3021 888 3056 :
919 3005 1250 3074 Consurgens
1287 3005 1467 3058 Maria
1513 3007 1567 3058 in
1601 3005 1783 3059 diebus

201 3096 336 3159 illis,
374 3098 511 3151 venit
551 3114 607 3151 in
643 3109 914 3152 montana.
953 3097 1221 3152 Debuerat
1267 3099 1452 3164 etiarn,
1488 3114 1612 3154 cum
1638 3107 1784 3154 esset

202 3188 457 3254 sollicita,
493 3205 600 3245 non
631 3191 804 3261 pigra,
831 3205 1120 3261 properare
1145 3191 1531 3258 sollicitudine,
1568 3202 1622 3246 et
1657 3192 1782 3261 Spi-

202 3283 312 3337 ritu
341 3292 531 3339 sancto
563 3284 721 3353 plena
764 3285 829 3338 ad
868 3284 1187 3339 sublimiora
1221 3284 1467 3356 perduci,
1501 3293 1556 3339 et
1582 3285 1782 3346 virtute

201 3372 302 3428 Dei
332 3375 560 3445 protegi,
596 3391 626 3429 a
654 3391 758 3443 qua
791 3375 967 3430 fuerat
998 3375 1342 3430 obumbrata.
1387 3376 1536 3430 Venit
1566 3393 1688 3446 ergo
1728 3378 1781 3429 in

200 3465 471 3520 civitatem
505 3464 684 3529 .‘udae,
712 3477 760 3521 et
795 3468 849 3520 in
878 3468 1092 3520 domum
1119 3466 1422 3533 Zacltarite,
1448 3477 1496 3521 et
1528 3469 1778 3523 salutavit

200 3557 500 3612 Elisabeth.
561 3557 787 3612 Factum
835 3567 911 3612 est
961 3575 1078 3612 cum
1130 3560 1365 3613 audisset
1405 3560 1780 3614 salutationem

202 3650 400 3706 Maria
427 3649 719 3713 Elisabeth,
748 3651 1030 3705 exsultavit
1059 3653 1237 3721 infans
1281 3654 1335 3706 in
1383 3663 1530 3707 utero
1564 3653 1698 3721 ejus,
1731 3664 1779 3707 et

199 3741 402 3811 repleta
433 3751 510 3796 est
543 3743 744 3812 Spiritu
797 3755 1001 3798 sancto.
1049 3743 1164 3798 Non
1213 3755 1299 3799 est
1342 3745 1526 3814 itaque
1553 3746 1778 3800 dubium

199 3833 335 3902 quin
368 3848 490 3903 qua:
539 3844 668 3889 tunc
699 3835 902 3906 repleta
945 3843 1028 3890 est
1066 3834 1270 3905 Spiritu
1311 3846 1524 3902 sancto,
1560 3847 1781 3906 propter

199 3925 374 3979 lilium
413 3925 483 3979 sit
530 3926 753 3995 repleta.
791 3923 979 3996 Neque
1012 3926 1158 3981 enim
1192 3937 1366 3981 mater
1393 3928 1629 3998 primum
1661 3928 1782 3998 Spi-

199 4017 370 4071 ritum
421 4026 668 4072 sanctum
719 4017 937 4084 meruit,
998 4019 1092 4073 sed
1147 4035 1270 4074 cum
1319 4018 1559 4077 Joannes
1605 4023 1782 4078 adhuc

198 4108 428 4162 clausus
459 4109 512 4161 in
547 4117 706 4163 utero
738 4107 1000 4178 Spiritum
1031 4120 1278 4166 sanetum
1307 4113 1618 4183 recepisset,
1650 4126 1781 4172 tunc

197 4209 253 4254 et
286 4199 376 4253 illa
410 4211 532 4270 post
561 4200 1045 4256 sanctiﬁcationem
1093 4203 1189 4257 lilii
1219 4205 1421 4273 repleta
1457 4215 1540 4262 est
1573 4206 1778 4276 Spiritu

197 4299 412 4344 sancto.
445 4288 653 4344 Poteris
681 4291 784 4346 hoc
817 4292 1056 4355 credere,
1083 4294 1128 4347 si
1157 4294 1333 4348 simile
1359 4295 1488 4366 quid
1515 4298 1680 4351 etiam
1713 4299 1781 4354 de

199 4377 486 4436 Salvatore
525 4383 866 4452 cognoveris.
901 4382 1066 4454 940
1099 4384 1370 4437 Invenitur
1405 4386 1560 4440 beata
1589 4386 1779 4453 Maria,

198 4473 348 4527 sicut
397 4473 449 4525 in
503 4474 796 4542 aliquantis
843 4476 1246 4544 exemplaribus
1279 4476 1392 4546 (I9)
1440 4480 1777 4548 reperimus,

1891 1993 1997 2055 ria,
2028 2007 2205 2062 neque
2227 2001 2311 2048 est
2333 1992 2442 2047 ulla
2479 1990 2758 2061 Scriptura
2783 2008 2905 2060 qua:
2929 1992 3032 2048 ista
3057 2000 3473 2048 commemoret.

1891 2085 2172 2139 Benedicta
2221 2093 2278 2137 tu
2328 2084 2469 2137 inter
2523 2084 2800 2150 mulieres,
2843 2092 2894 2138 et
2939 2084 3237 2138 benedictus
3267 2084 3474 2153 fructus

1889 2176 2082 2230 ventris
2104 2175 2201 2229 tui.
2234 2173 2302 2226 Et
2334 2175 2469 2228 unde
2490 2175 2622 2228 mihi
2643 2175 2760 2238 hoc,
2784 2185 2840 2229 ut
2873 2175 3040 2230 veniat
3063 2173 3238 2229 Mater
3265 2175 3473 2228 Domini

1887 2269 1988 2322 mei
2013 2268 2082 2321 ad
2110 2269 2231 2322 me?
2257 2267 2409 2334 Quod
2442 2268 2518 2322 ait
2553 2285 2567 2322 ι
2602 2267 2750 2322 Unde
2775 2269 2903 2322 mihi
2934 2269 3051 2329 hoc.
3077 2284 3186 2323 non
3218 2269 3473 2336 ignorans

1887 2361 2018 2417 dicit
2049 2377 2061 2413 :
2088 2369 2142 2417 et
2171 2363 2406 2416 maxime
2433 2360 2639 2432 Spiritu
2666 2372 2857 2417 sancto
2878 2363 3058 2432 plena,
3081 2362 3237 2431 quasi
3267 2363 3474 2416 nesciat

1887 2454 2032 2524 quod
2055 2454 2212 2522 juxta
2241 2453 2333 2508 Dei
2355 2457 2690 2510 voluntatem
2722 2454 2892 2509 Mater
2919 2454 3135 2509 Domini
3167 2462 3376 2508 venerit
3403 2453 3474 2506 ad

1886 2560 2047 2612 eam;
2082 2546 2176 2601 sed
2211 2546 2315 2601 isto
2343 2561 2509 2602 sensu
2542 2547 2783 2616 loquitur
2811 2564 2826 2602 :
2851 2545 2992 2612 Quid
3025 2546 3154 2601 boni
3178 2545 3319 2601 feci?
3351 2560 3474 2614 quae

1887 2652 2049 2704 opera
2083 2652 2200 2691 mea
2239 2645 2386 2691 tanta
2417 2647 2567 2700 sunt,
2605 2647 2660 2692 ut
2694 2636 2862 2692 Mater
2891 2638 3108 2693 Domini
3151 2639 3217 2692 ad
3263 2654 3350 2693 me
3382 2655 3474 2692 ve-

1888 2728 2042 2782 niat?
2076 2743 2356 2798 perquam
2383 2729 2679 2798 justitiam,
2711 2745 2777 2784 ex
2810 2730 3011 2799 quibus
3055 2730 3234 2796 bonis,
3265 2729 3332 2784 de
3362 2745 3471 2800 qua

1887 2821 2146 2876 lidelitate
2177 2821 2375 2875 mentis
2423 2821 2526 2875 hoc
2558 2822 2768 2885 merui,
2815 2830 2874 2876 ut
2906 2820 3078 2876 Mater
3115 2821 3330 2876 Domini
3365 2821 3472 2874 mei

1886 2913 2066 2966 veniat
2099 2912 2166 2966 ad
2199 2913 2323 2967 me?
2354 2910 2487 2966 Ecce
2518 2916 2655 2967 enim
2691 2924 2746 2966 ut
2775 2913 2922 2981 facta
2969 2924 3042 2966 est
3091 2912 3344 2966 salutatio
3381 2923 3471 2965 tua

1885 3006 1940 3056 in
1976 3020 2128 3057 aures
2164 3019 2325 3067 nteas,
2362 3003 2648 3056 exsultavit
2700 3005 2752 3055 in
2798 3003 3151 3056 exsultatione
3203 3001 3380 3070 infans
3414 3003 3470 3054 in

1885 3107 2034 3149 utero
2064 3111 2198 3151 meo.
2233 3093 2431 3148 Sancta
2471 3103 2588 3148 erat
2627 3094 2810 3146 anima
2844 3093 2984 3148 beati
3010 3091 3260 3156 Joannis,
3288 3101 3342 3145 et
3373 3090 3469 3144 ad-

1887 3187 1994 3242 huc
2013 3187 2075 3240 in
2112 3186 2301 3240 matris
2325 3195 2480 3240 utero
2500 3185 2707 3251 clausa,
2730 3195 3068 3255 venturaque
3097 3185 3150 3240 iu
3179 3185 3467 3250 mundum,

1889 3279 2046 3350 quasi
2095 3294 2193 3349 per
2231 3278 2579 3349 experientiae
2618 3293 2840 3334 sensum
2863 3321 2876 3344 ,
2911 3279 3116 3333 sciebat
3146 3291 3269 3347 quia
3299 3277 3469 3332 Israel

1889 3373 2197 3444 ignorabat.
2228 3369 2384 3426 Unde
2409 3372 2648 3426 exsilivit
2677 3388 2690 3423 :
2732 3381 2785 3425 et
2819 3387 2927 3425 non
2965 3371 3287 3441 simpliciter
3319 3370 3468 3425 exsi-

1888 3465 2026 3529 livit,
2064 3467 2156 3520 sed
2199 3466 2253 3519 in
2292 3465 2512 3537 gaudio.
2551 3464 2811 3520 Senserat
2843 3463 2990 3518 enim
3033 3465 3248 3519 venisse
3280 3461 3466 3516 Domi-

1889 3572 2019 3610 num
2047 3573 2227 3617 suum,
2255 3566 2312 3610 ut
2333 3557 2696 3611 sanctiﬁcaret
2721 3570 2938 3609 servum
2964 3569 3146 3619 suum,
3172 3563 3462 3624 antequam

1888 3648 1956 3702 de
1989 3647 2183 3702 matris
2217 3656 2370 3702 utero
2414 3649 2750 3717 procederet.
2797 3645 3015 3702 Utinam
3052 3645 3183 3700 mihi
3228 3645 3462 3710 eveniat,

1889 3746 1949 3791 ut
1980 3738 2049 3791 ab
2091 3737 2401 3792 inﬁdelibus
2435 3737 2634 3793 stultus
2665 3739 2838 3804 dicar,
2882 3737 2976 3807 qui
3010 3737 3209 3790 talibus
3235 3735 3461 3789 credidi.

1889 3829 2070 3900 Ipsum
2109 3845 2247 3900 opus
2294 3829 2531 3886 ostendit
2576 3839 2629 3885 et
2670 3830 2891 3898 veritas,
2921 3843 3031 3882 non
3070 3826 3460 3892 me-stultitiae,

1887 3926 1981 3981 sed
2017 3923 2298 3996 sapientiae
2326 3921 2658 3988 credidisse;
2687 3932 2741 3977 et
2761 3922 2889 3992 quia
2925 3921 3029 3977 hoc
3059 3921 3204 3992 quod
3234 3922 3460 3975 stultum

1890 4019 2034 4089 apud
2086 4018 2208 4073 illos
2250 4025 2494 4088 putatur,
2529 4015 2658 4069 mihi
2708 4014 2899 4069 salutis
2945 4014 3163 4068 occasio
3212 4014 3301 4068 sit.
3347 4011 3464 4068 Nisi

1887 4110 2034 4165 enim
2069 4109 2261 4165 luisset
2296 4106 2534 4163 ctelestis
2577 4115 2628 4160 et
2654 4105 2806 4160 beata
2853 4105 3108 4161 nativitas
3141 4103 3462 4173 Salvatoris,

1888 4203 1992 4256 nisi
2020 4201 2302 4257 habuisset
2329 4197 2500 4254 divini
2527 4198 2752 4268 aliquid,
2775 4207 2829 4253 et
2857 4198 3250 4254 humanitatem
3283 4199 3458 4252 homi-

1889 4309 2019 4348 num
2046 4291 2529 4363 superegrediens,
2561 4305 2836 4360 nunquam
2874 4298 3046 4345 totum
3096 4291 3282 4346 orbem
3319 4291 3463 4345 illius

1887 4389 2133 4443 doctrina
2163 4394 2514 4457 penetrasset.
2551 4384 2606 4439 Si
2644 4385 3020 4439 tantummodo
3043 4382 3235 4439 fuisset
3266 4383 3318 4436 in
3348 4381 3465 4435 Ma-

1887 4484 1982 4536 riae
2011 4492 2188 4546 utero,
2219 4491 2273 4536 et
2309 4498 2415 4536 non
2446 4481 2538 4538 Dei
2566 4482 2604 4536 F
2612 4483 2756 4547 ilius,
2791 4480 3064 4552 quomodo
3090 4487 3300 4549 poterat
3323 4477 3462 4544 ﬁeri,

197 4563 546 4634 prophetare.
597 4564 712 4622 Non
755 4567 900 4621 enim
937 4567 1271 4636 ignoramus,
1305 4569 1449 4638 quod
1481 4572 1776 4626 secundum
1812 4582 1860 4640 ι)
1890 4583 1947 4628 ut
1977 4583 2030 4627 et
2076 4573 2170 4628 illo
2207 4583 2449 4643 tempore
2497 4584 2550 4629 et
2590 4591 2755 4641 nunc,
2794 4590 2900 4629 non
2933 4574 3110 4629 solum
3143 4587 3458 4641 corporum,

195 4655 340 4716 alios
385 4657 599 4712 codices
642 4667 696 4712 et
744 4659 858 4714 haec
901 4659 1067 4713 verba
1102 4659 1376 4714 Elisabcth
1426 4662 1770 4717 vaticinetur.

198 4747 408 4819 Spiritu
442 4751 624 4820 itaque
648 4761 838 4807 sancto
861 4762 989 4807 tunc
1016 4753 1216 4822 repleta
1239 4763 1321 4808 est
1343 4751 1532 4820 Maria,
1555 4757 1776 4826 quando

197 4840 368 4908 ccepit
399 4840 453 4894 in
488 4849 645 4896 utero
679 4842 878 4898 habere
909 4844 1266 4901 Salvatorem.
1315 4846 1510 4903 Statim
1543 4853 1687 4906 enim
1719 4863 1778 4908 ut

200 4928 465 5002 Spiritum
495 4943 742 4989 sanctum
788 4935 1026 5004 accepit,
1059 4935 1326 4992 Dominici
1371 4941 1614 5010 corporis
1645 4959 1776 4998 con-

195 5023 454 5089 ditorem,
496 5033 551 5080 et
597 5024 769 5082 Filius
819 5025 914 5081 Dei
947 5041 1067 5082 esse
1095 5029 1258 5098 erepit
1294 5030 1347 5084 in
1393 5040 1570 5096 utero,
1611 5036 1774 5090 etiam

200 5113 318 5184 ipsa
357 5115 629 5186 completa
665 5127 748 5173 est
784 5116 986 5188 Spiritu
1039 5129 1250 5175 sancto.
1293 5119 1599 5179 Exsultavit
1645 5141 1777 5198 ergo

275 5329 649 5408 (-l9_)_‘lnnu_it,
701 5333 927 5408 Opinor,
971 5336 1134 5391 verba
1183 5338 1568 5408 subsequentis
1606 5344 1781 5401 versi-

201 5400 310 5476 culi
357 5401 459 5464 45,
493 5404 587 5455 καὶ
623 5400 869 5476 μςικὰρία
916 5400 953 5476 ἡ
995 5408 1332 5462 πιστεύσασα
1351 5400 1477 5464 δὸτι
1511 5411 1663 5466 ἔσται
1687 5400 1770 5468 “re-

201 5469 447 5552 ξείῳσμς,
477 5481 582 5526 etc.
625 5469 697 5526 Et
724 5469 874 5552 beata
907 5469 1025 5546 qua:
1048 5480 1358 5552 credidisti,
1387 5483 1636 5550 quoniam
1661 5501 1780 5552 per-

201 5541 451 5616 ficientur
489 5558 553 5616 ea
588 5559 704 5616 quia
737 5544 884 5598 dicta
919 5541 1046 5600 sunt
1083 5549 1180 5601 tibi
1210 5565 1241 5601 a
1271 5541 1526 5616 Domino,
1572 5554 1624 5605 in
1661 5541 1777 5608 'ali-

204 5611 427 5679 quantis
469 5613 554 5667 sui
595 5611 1165 5694 mvinex‘emplaribus
1196 5633 1262 5694 ex
1301 5618 1484 5674 Mariae
1514 5611 1776 5694 'Virginis

203 5694 472 5804 persona,
515 5697 621 5737 non
655 5682 930 5739 Elisabeth
961 5687 1084 5740 dici.
1123 5686 1280 5742 Nulla
1308 5706 1436 5745 vero
1463 5707 1610 5747 nunc
1632 5682 1774 5763 “ejus

226 5763 454 5804 ecttonis
480 5753 600 5804 vola
629 5764 724 5804 aut
747 5755 1030 5804 vestigium
1062 5769 1325 5804 annm-esi-

226 5752 600 5825 ectioiiis_vola
629 5764 724 5809 aut
747 5755 1030 5825 vestigium
1061 5769 1327 5825 superest.

279 5821 393 5891 (20)
431 5819 583 5878 Ilanc
609 5832 797 5894 postea
837 5819 1083 5882 haeresim
1115 5819 1390 5888 Helvidius
1427 5832 1770 5900 instauravit,

1886 4667 1980 4722 sed
2012 4667 2174 4721 etiam
2202 4667 2510 4722 animarum
2543 4668 2717 4723 morbi
2747 4668 3072 4738 multiplices
3102 4665 3462 4722 curarentur?

1884 4756 2020 4823 Quis
2052 4767 2302 4812 nostrum
2333 4773 2440 4812 non
2475 4760 2736 4830 insipiens
2775 4761 2896 4828 fuit,
2930 4761 3024 4831 qui
3055 4775 3200 4814 nunc
3242 4768 3463 4830 propter

1884 4849 2317 4905 misericordiam
2370 4849 2464 4905 Dei
2499 4851 2764 4907 habemus
2799 4853 3230 4924 intelligentiam,
3266 4861 3319 4906 et
3343 4852 3462 4907 siti-

1887 4957 2024 4997 mus.
2043 4941 2248 4998 Deum?
2281 4942 2416 5010 Quis
2449 4956 2692 4999 nostrum
2735 4961 2844 5000 non
2875 4946 3186 5001 incredulus
3212 4945 3458 5015 justitite,

1886 5035 1980 5104 qui
2014 5051 2160 5089 nunc
2194 5045 2413 5108 prOpter
2443 5037 2720 5092 Christum
2746 5037 3014 5108 justitiam
3055 5038 3340 5101 habemus,
3373 5050 3459 5090 se-

1885 5127 2215 5198 quimurque
2237 5129 2535 5186 iustitiam?
2557 5129 2690 5196 Quis
2714 5139 2960 5186 nostrum
2985 5145 3091 5185 non
3115 5129 3459 5185 errabundus

1887 5347 2136 5417 hancque
2160 5348 2330 5417 ipsam
2360 5363 2471 5416 pra:
2493 5349 2718 5418 reliquis
2735 5364 2956 5403 causam
2988 5347 3451 5418 praetexuit,un

1885 5418 2078 5485 fratres
2127 5418 2339 5471 Domini
2395 5419 2448 5470 in
2503 5417 2797 5487 Evangelio
2844 5417 3212 5473 nominentur.
3268 5418 3460 5486 Opera:

1886 5489 2131 5560 pretium
2174 5488 2246 5542 sit
2296 5489 2355 5542 S.
2405 5487 2714 5560 Hieronymi
2774 5505 2897 5560 vere
2941 5504 3164 5560 aureum
3215 5487 3455 5560 libellum

1881 5567 2072 5611 contra
2122 5559 2267 5612 hunc
2306 5557 2621 5612 Itmreticuni
2654 5559 2969 5612 recoluisse.
3018 5557 3140 5612 Mox
3176 5559 3458 5627 perturba-

1883 5635 1997 5680 tum
2031 5637 2344 5682 contextum
2380 5645 2478 5681 nos
2517 5628 2876 5692 rcstituimus,
2919 5643 3042 5682 cum
3089 5637 3214 5682 ante
3246 5627 3455 5695 legere-

1883 5705 1972 5750 tur
2001 5712 2013 5747 :
2053 5699 2201 5770 quali
2238 5708 2404 5752 mente
2431 5699 2660 5765 dixerit,
2691 5699 2812 5768 qui,
2848 5698 2954 5767 ipse
2981 5701 3212 5762 noverit,
3249 5697 3455 5752 locutus

1881 5777 1978 5820 est.
