4002 6538
502 370 640 425 1819

1949 369 2110 427 OBIG
2121 368 2274 427 ENIS

3616 379 3760 431 i820

498 495 550 541 tt
571 500 761 557 vagus,
794 485 886 555 qui
916 499 1064 540 nunc
1090 493 1307 555 propter
1329 484 1616 540 adventum
1646 483 1943 543 Salvatoris
1966 501 2073 542 non
2104 495 2148 550 Α
2184 488 2289 542 Deo
2312 489 2541 543 salutari
2569 505 2700 543 meo.
2738 487 2870 545 Ilua:
2897 505 3008 557 res,
3039 490 3221 547 anima
3253 490 3464 548 scilicet
3503 501 3563 548 et
3591 495 3761 564 spiri-

499 577 827 632 tlnctuamus
857 586 1023 648 atque
1070 577 1376 644 turbamur,
1406 578 1500 632 sed
1537 591 1731 633 sumus
1773 582 1827 633 in
1872 578 1979 645 via,
2016 578 2071 634 in

499 671 592 724 illo
617 669 864 725 videlicet
886 670 982 741 qui
1014 669 1127 725 ait:
1159 668 1269 741 Ego
1304 686 1421 724 sum
1458 671 1543 724 via
1577 668 1660 724 ’τοι
1690 668 1988 727 Possumus
2021 680 2075 727 et

499 762 706 831 reliqua
752 771 1149 833 congregantes
1186 761 1390 827 videre,
1435 762 1696 832 quoniam
1744 765 2072 833 omniaquae

498 854 700 921 scripta
748 861 878 909 sunt
910 855 978 908 de
1011 867 1098 921 eo,
1140 852 1325 907 divina
1357 852 1713 909 admiratione
1738 854 1900 924 digna
1931 852 2073 909 refe-

499 954 734 1000 runtur:
770 944 915 1014 quod
958 953 1011 999 et
1054 943 1310 1000 nativitas
1344 945 1516 1012 illius,
1555 954 1609 1001 et
1638 946 1992 1011 nutrimenta,
2018 955 2075 1000 et

498 1036 692 1100 virtus,
722 1044 777 1090 et
800 1034 1004 1104 passio,
1030 1043 1084 1090 et
1118 1036 1447 1091 resurrectio
1478 1052 1585 1092 non
1612 1037 1789 1092 solum
1819 1036 1911 1092 illo
1938 1048 2073 1091 tem-

498 1141 649 1196 pore,
683 1124 780 1181 sed
810 1125 976 1180 etiam
1002 1140 1149 1181 nunc
1171 1136 1463 1197 operentur
1492 1127 1549 1181 in
1579 1127 1758 1182 nobis.
1783 1124 1919 1193 Quis
1951 1141 2069 1194 vos,

496 1234 530 1273 ο
566 1218 965 1285 catechumeni,
996 1217 1050 1273 in
1089 1219 1320 1274 ecclesia
1350 1218 1730 1291 congregavit?
1755 1219 1847 1289 qui
1877 1217 2072 1275 stimu-

496 1306 581 1363 lus
630 1308 866 1378 impulit,
912 1318 992 1376 ut,
1038 1309 1243 1366 relictis
1277 1311 1563 1379 domibus,
1602 1311 1655 1365 in
1691 1312 1832 1365 hunc
1869 1320 2070 1366 emtum

495 1398 735 1454 coeatis?
761 1398 948 1470 Neque
978 1400 1123 1455 enim
1157 1416 1258 1457 nos
1295 1401 1490 1457 domus
1519 1410 1729 1457 vestras
1752 1401 2069 1472 singillatim

494 1489 884 1558 circuivimus;
930 1492 1024 1547 sed
1058 1492 1405 1563 omnipotens
1451 1492 1612 1548 Pater
1641 1494 1841 1549 virtute
1882 1493 2073 1549 invisi-

496 1583 592 1637 bili
623 1583 846 1653 subjicit
875 1584 1133 1640 cordibus
1163 1585 1387 1651 vestris,
1410 1600 1548 1654 quos
1569 1584 1673 1640 scit
1704 1599 1827 1641 esse
1851 1584 2068 1656 dignos,

496 1678 642 1730 hunc
675 1675 924 1730 ardorem
947 1716 961 1743 ,
1002 1682 1065 1730 ut
1106 1676 1261 1746 quasi
1300 1674 1454 1730 inviti
1493 1683 1549 1731 et
1582 1685 1939 1732 retrectantes
1973 1692 2069 1732 ve-

494 1767 661 1822 niatis
688 1767 754 1822 ad
782 1766 964 1833 tidem,
996 1766 1233 1821 maxime
1272 1767 1325 1821 in
1367 1767 1592 1823 exordio
1617 1768 1917 1840 religionis,
1942 1783 2067 1824 cum

2176 590 2295 644 tus,
2349 580 2550 650 duplici
2608 580 2769 636 laude
2818 580 3143 652 funguntur.
3198 584 3394 638 Anima
3451 582 3759 639 Dominum

2172 669 2431 741 praedicat
2452 713 2467 738 ,
2511 669 2738 741 spiritus
2779 669 2973 726 Deum.
3011 670 3129 726 Non
3163 672 3310 742 quod
3346 673 3458 728 alia
3488 674 3617 729 laus
3646 673 3759 729 Do-

2173 761 2329 829 mini,
2355 762 2460 817 alia
2497 762 2591 818 Dei
2636 764 2739 829 sit;
2784 764 2877 820 sed
2909 764 3039 835 quia
3069 765 3165 835 qui
3197 763 3342 821 Deus
3367 774 3483 833 est,
3516 766 3670 822 idem
3702 777 3761 824 et

2174 852 2440 912 Dominus
2481 865 2566 913 est
2597 875 2611 911 :
2644 865 2699 913 et
2732 857 2826 927 qui
2865 855 3133 913 Dominus
3169 867 3285 924 est,
3318 856 3463 913 idem
3499 867 3561 914 et
3607 858 3759 914 Deos

2172 945 2264 1001 sit.
2317 944 2591 1013 Quaeritur
2635 948 2915 1019 quomodo
2964 947 3272 1020 magniﬁcet
3317 948 3637 1007 Dominum.
3695 950 3758 1005 Si

2171 1035 2316 1089 enim
2347 1035 2612 1093 Dominus
2639 1052 2742 1093 nec
2780 1046 3155 1109 augmentum,
3186 1052 3288 1095 nec
3311 1039 3761 1107 decrementum,

2171 1127 2414 1197 recipere
2440 1138 2639 1198 potest,
2669 1139 2725 1184 et
2755 1128 2902 1197 quod
2933 1137 3037 1195 est,
3070 1139 3154 1184 est
3183 1146 3200 1185 :
3235 1145 3344 1200 qua
3365 1131 3582 1186 ratione
3605 1147 3758 1189 nunc

2172 1216 2341 1274 Maria
2381 1218 2667 1289 loquitur:
2711 1218 3027 1290 Magniﬁca:
3061 1220 3239 1274 animo
3266 1236 3379 1276 mea
3417 1220 3761 1278 Dominus!

2169 1310 2229 1366 Si
2258 1311 2597 1367 considerem
2622 1311 2911 1369 Dominum
2941 1312 3273 1368 Salvatorem
3300 1312 3601 1384 imaginem
3631 1330 3759 1371 esse

2173 1401 2463 1457 invisibilis
2498 1401 2590 1458 Dei
2615 1402 2684 1470 ⁸⁸,
2707 1412 2760 1459 et
2790 1403 3001 1457 videam
3048 1403 3289 1458 animam
3332 1418 3515 1459 meam
3542 1404 3755 1461 factam

2170 1493 2238 1548 ad
2282 1492 2570 1565 imaginem
2600 1492 2947 1563 Conditoris,
2981 1502 3042 1548 ut
3072 1494 3253 1566 imago
3275 1503 3421 1552 esset
3452 1496 3755 1568 imaginis;

2173 1598 2350 1654 neque
2394 1585 2541 1640 enim
2582 1585 2764 1640 anima
2803 1599 2924 1641 mea
2963 1584 3272 1655 specialiter
3301 1586 3483 1657 imago
3515 1598 3605 1643 est
3630 1586 3755 1655 Dei,

2171 1675 2265 1730 sed
2302 1675 2371 1731 ad
2405 1675 2817 1732 similitudinem
2864 1677 3119 1747 imaginis
3156 1679 3357 1748 prioris
3385 1681 3585 1737 εσθαι
3618 1694 3705 1739 est
3735 1700 3752 1737 :

2171 1773 2300 1822 tunc
2330 1766 2526 1822 videbo
2557 1768 2817 1839 quoniam
2853 1768 2909 1824 in
2943 1771 3252 1841 exemplum
3281 1788 3499 1841 eorum,
3523 1776 3626 1846 qui
3656 1791 3760 1832 so—

495 1858 661 1913 veluti
690 1857 884 1928 trepidi
912 1831 966 1913 et
998 1867 1255 1928 paventes
1283 1858 1476 1914 salutis
1516 1859 1676 1914 tidem
1720 1831 1847 1915 cum
1873 1831 2070 1916 timore
2101 1831 2143 1890 Β
2171 1856 2284 1912 lent
2331 1858 2596 1929 imagines
2641 1860 2887 1932 pingere,
2931 1872 2986 1918 et
3028 1878 3139 1919 uno
3173 1864 3345 1935 (verbi
3375 1831 3568 1936 causa}
3595 1869 3757 1926 vultu

494 1948 796 2021 suscipitis.
847 1949 1087 2007 Obsecro
1120 1967 1239 2019 vos,
1275 1968 1308 2007 ο
1341 1953 1714 2008 catcchumeni
1734 1994 1749 2019 ,
1779 1954 1948 2011 nolite
1983 1970 2072 2010 reo

496 2052 730 2099 trectare
762 2060 775 2095 :
810 2058 971 2098 nemo
1016 2051 1256 2099 vestrum
1312 2044 1568 2100 lormidet
1608 2055 1661 2101 et
1710 2056 1923 2118 paveat,
1973 2048 2111 2104 sed'

495 2133 789 2204 sequimini
823 2141 1153 2203 praeeuntem
1186 2132 1394 2189 Jesum.
1434 2134 1525 2192 Ille
1554 2152 1651 2194 vos
1685 2139 1853 2194 trahit
1879 2138 1944 2194 ad
1982 2155 2071 2196 sa-

494 2224 687 2293 lutem,
712 2236 1004 2298 congregat
1031 2229 1085 2283 in
1130 2228 1452 2294 Ecclesiam,
1488 2245 1633 2285 nunc
1660 2231 1881 2300 quidem
1907 2245 2072 2303 super

495 2325 696 2369 terram
729 2334 742 2370 :
773 2318 818 2372 si
848 2326 1028 2373 autem
1056 2318 1251 2391 dignos
1280 2318 1488 2375 fructus
1511 2318 1772 2390 feceritis,
1804 2323 1859 2377 in
1893 2322 2073 2379 Eccle-

494 2407 632 2463 siam
675 2409 1079 2479 primitivorum
1124 2412 1217 2482 qui
1250 2412 1436 2483 scripti
1471 2421 1602 2468 sunt
1642 2414 1697 2467 in
1737 2414 2066 2472 coelestibus.

498 2498 665 2553 Beata
692 2515 809 2571 qua:
836 2502 1079 2567 credidit,
1105 2503 1229 2572 quia
1258 2504 1359 2557 erit
1394 2504 1641 2574 perfectio
1666 2505 1748 2559 his
1778 2522 1896 2576 quae
1927 2507 2071 2562 dicta

494 2601 617 2644 sunt
646 2591 695 2645 ei
730 2610 762 2645 a
789 2591 1034 2648 Domino.
1061 2592 1238 2665 Super
1257 2595 1461 2665 quibus
1488 2604 1544 2650 et
1576 2595 1728 2651 beata
1757 2596 1924 2652 Maria
1955 2614 2071 2653 ma-

494 2684 715 2754 gnitlcat
748 2684 1034 2741 Dominum
1078 2686 1286 2744 Jesum.
1322 2688 1629 2759 Magniﬁcat
1666 2699 1846 2745 autem
1890 2692 2071 2748 anima

496 2775 811 2844 Dominum,
838 2777 1063 2841 spiritus
1106 2779 1297 2836 Deum.
1348 2780 1479 2847 Quzc
1521 2797 1684 2852 quam
1727 2782 1962 2839 habeant
1990 2785 2073 2839 in-

495 2864 961 2932 terpretationem,
994 2866 1040 2922 si
1084 2870 1413 2925 concesserit
1446 2869 1744 2937 Dominus,
1775 2881 1836 2927 ut
1879 2889 2072 2930 rursus

491 2952 548 3006 in
593 2954 881 3010 ecclesiam
928 2972 1357 3029 congregemur,
1409 2971 1468 3015 ut
1517 2958 1694 3018 festivi
1739 2964 1969 3021 veniatis
2004 2966 2071 3023 ad

491 3045 713 3101 domum
756 3046 880 3115 Dei,
930 3056 984 3103 et
1034 3050 1233 3107 divina:
1273 3053 1492 3108 lectioni
1551 3056 1838 3124 praebeatis
1875 3073 2067 3127 aures,

2171 1950 2316 2022 regis
2344 1962 2567 2023 accepto
2609 1953 2677 2009 ad
2722 1955 3077 2026 principalem
3110 1957 3525 2014 similitudinem
3563 1961 3759 2032 expri.

2173 2038 2421 2094 mendam
2451 2041 2585 2097 artis
2626 2042 2950 2101 industriam
2994 2047 3398 2116 commendare,
3442 2054 3758 2121 unusquis-

2171 2145 2278 2200 que
2304 2142 2552 2188 nostrum
2582 2135 2650 2189 ad
2673 2135 2964 2207 imaginem
2993 2137 3198 2196 Christi
3225 2138 3473 2197 formans
3500 2142 3754 2198 animam

2171 2236 2348 2293 suam,
2383 2235 2479 2281 aut
2518 2227 2778 2297 majorem
2822 2229 2895 2296 ei,
2932 2239 3027 2286 aut
3060 2232 3324 2288 minorem
3352 2233 3509 2304 ponit
3546 2236 3721 2307 imagi

2172 2333 2316 2382 nem,
2335 2318 2418 2373 vel
2447 2320 2770 2389 obsoletam,
2795 2322 2878 2379 vel
2904 2323 3200 2393 sordidam,
3219 2333 3313 2381 aut
3332 2326 3560 2391 claram,
3582 2337 3759 2397 atque
3801 2364 3807 2368 ›

2171 2408 2464 2476 lucentem,
2487 2418 2543 2466 et
2566 2411 2939 2481 splendentem
2970 2414 3039 2470 ad
3061 2414 3287 2484 etligiem
3313 2416 3567 2487 imaginis
3597 2417 3759 2489 prin-

2171 2499 2383 2570 cipalis.
2436 2499 2665 2567 Quando
2711 2503 2879 2573 igitur
2925 2506 3185 2576 grandem
3227 2504 3405 2561 fecero
3448 2508 3754 2579 imaginem

2173 2592 2448 2663 imaginis,
2479 2593 2533 2649 id
2575 2605 2694 2661 est,
2722 2597 2962 2651 animam
3006 2611 3204 2664 meam,
3239 2606 3293 2652 et
3326 2598 3759 2668 magniﬁcavero

2171 2697 2291 2737 eam
2318 2697 2502 2754 opere,
2548 2685 2895 2756 cogitatione,
2946 2701 3232 2755 sermone,
3265 2694 3394 2743 tunc
3433 2687 3620 2759 imago
3649 2687 3755 2743 Dei

2171 2775 2396 2845 grandis
2423 2775 2673 2845 edicitur,
2704 2786 2759 2834 et
2788 2778 2905 2849 ipse
2931 2777 3216 2844 Dominus,
3248 2778 3408 2851 cujus
3443 2778 3629 2850 imago
3662 2787 3759 2837 est

2172 2864 2228 2918 in
2258 2874 2445 2921 nostra
2478 2867 2683 2931 anima,
2704 2867 3107 2939 magniﬁcatur.
3144 2868 3211 2924 Et
3233 2869 3510 2939 quomodo
3542 2872 3759 2928 crescit

2174 2954 2438 3013 Dominus
2467 2957 2521 3012 in
2548 2966 2734 3016 nostra
2771 2959 3027 3031 imagine,
3050 2961 3131 3017 sic
3159 2964 3207 3018 si
3229 2970 3540 3032 peccatores
3566 2961 3755 3018 fueri-

2173 3061 2326 3112 mus,
2372 3047 2638 3103 minuitur
2678 3060 2840 3120 atque
2870 3050 3156 3106 decrescit.
3206 3049 3313 3106 Sed
3347 3067 3446 3108 nos
3474 3067 3575 3122 pro
3600 3053 3759 3110 ima-

491 3151 830 3206 quaeremus,
871 3141 1258 3199 ventilabimus
1279 3184 1294 3209 ,
1335 3145 1705 3211 disseremus,
1746 3148 1800 3202 in
1840 3149 2060 3205 Christo
2095 3173 2139 3230 ε
2172 3136 2297 3230 sine
2323 3135 2622 3230 Salvatoris
2649 3138 2786 3195 alias
2819 3139 2976 3196 nobis
2998 3139 3264 3211 imagines
3286 3141 3562 3198 induimus
3591 3159 3608 3196 ³
3640 3158 3759 3213 Ρη)

491 3227 659 3293 Jcsu,
700 3231 786 3285 cui
824 3241 911 3286 est
945 3233 1113 3303 gloria
1151 3245 1205 3290 et
1243 3235 1532 3306 imperium
1571 3237 1624 3291 in
1665 3239 1863 3293 siccula
1895 3255 2067 3296 saecu-

2173 3228 2409 3299 imagine
2472 3228 2631 3285 Verbi
2688 3231 3000 3302 sapientiae,
3036 3231 3261 3302 iustitiae
3310 3242 3758 3307 ceterarumque

494 3317 692 3374 lorum.
735 3318 933 3375 Amen.

1053 3411 1340 3469 HOMILIA
1379 3416 1515 3472 VIII.

494 3521 668 3603 Deﬁeo
712 3525 853 3603 quod
895 3529 1149 3597 scriptum
1176 3540 1349 3603 estsi
1391 3530 1702 3603 Magni/icat
1737 3536 1916 3591 anima
1954 3555 2069 3592 mea

565 3592 872 3669 Dominum,
909 3616 928 3649 ι
957 3592 1117 3669 ιιέίιιιε
1151 3601 1219 3653 ad
1246 3600 1397 3655 illum
1423 3592 1595 3657 locum
1634 3605 1722 3659 ubi
1752 3607 1827 3659 ait
1854 3623 1872 3661 :
1912 3625 1931 3660 ί
1974 3607 2067 3662 Ti-

562 3667 823 3720 mentibus
849 3669 999 3738 eﬂicit
1030 3667 1296 3727 virtutem.
1330 3691 1349 3724 ι
1377 3673 1511 3744 Cap.
1541 3690 1582 3729 ι.

562 3776 703 3832 Ante
743 3775 1005 3835 Joannem
1058 3782 1347 3853 prophetat
1379 3783 1652 3841 Elisabeth
1674 3827 1689 3851 ,
1719 3797 1845 3845 ante
1886 3798 2065 3845 ortum

492 3869 704 3924 Domini
736 3870 1037 3930 Salvator-is
1062 3876 1344 3946 prophetat
1362 3876 1530 3933 Maria
1549 3879 1681 3951 (2|).
1701 3880 1767 3936 Et
1790 3884 2066 3953 quomodo

492 3968 777 4031 peccatum
822 3964 987 4034 coepit
1032 3981 1061 4019 a
1108 3966 1356 4034 muliere,
1401 3967 1562 4041 941
1612 3977 1669 4025 et
1715 3971 1970 4041 deinceps
1998 3973 2065 4028 ad

491 4053 668 4107 virum
720 4070 892 4125 usque
934 4058 1178 4126 pervenit
1208 4077 1222 4114 :
1254 4058 1335 4114 sic
1365 4068 1421 4115 et
1451 4062 1777 4133 principium
1813 4064 2006 4119 salutis
2034 4081 2065 4120 a

491 4143 812 4201 mulieribus
866 4147 1055 4203 habuit
1106 4150 1428 4219 exordium,
1483 4161 1543 4208 ut
1589 4160 1798 4210 czeterae
1849 4171 2066 4227 quoque

490 4236 771 4302 mulieres,
818 4252 985 4294 sexus
1040 4238 1331 4310 fragilitate
1381 4240 1659 4312 deposita,
1716 4242 2067 4301 imitarentur

488 4336 656 4385 vitam
698 4331 1275 4403 conversationemque
1324 4345 1636 4390 sanctarum
1692 4351 1913 4403 earum,
1945 4353 2067 4408 qua:

487 4421 570 4475 vel
603 4423 839 4478 maxime
867 4440 1012 4480 nunc
1035 4425 1089 4479 in
1119 4424 1409 4495 Evangelio
1438 4426 1840 4484 describuntur.
1872 4427 2066 4485 Videa-

2168 3320 2452 3388 virtutum,
2482 3322 2683 3377 diaboli
2710 3321 2945 3378 formam
2973 3326 3328 3391 assumimus,
3347 3335 3406 3382 ut
3429 3327 3650 3381 dicatur
3676 3328 3755 3385 de

2169 3414 2328 3469 nobis
2355 3429 2372 3467 :
2409 3413 2699 3484 Serpentes,
2729 3415 2995 3486 generatio
3033 3416 3327 3486 viperarum
3364 3417 3429 3472 δ’.
3461 3416 3529 3473 Et
3561 3418 3757 3476 leonis

2168 3519 2456 3577 personam
2520 3507 2838 3577 induimus,
2888 3515 2943 3563 et
3002 3508 3293 3575 draconis,
3348 3517 3403 3564 et
3449 3509 3750 3578 vulpium,

2168 3600 2387 3670 quando
2422 3601 2695 3666 venenati,
2741 3599 3008 3669 crudeles,
3047 3600 3230 3656 callidi
3260 3615 3490 3657 sumus:
3522 3616 3752 3658 necnon

2166 3699 2221 3745 et
2259 3690 2418 3756 hirci,
2454 3690 2539 3745 vel
2565 3690 2742 3760 porci,
2770 3690 2994 3760 quando
3026 3689 3096 3745 ad
3128 3689 3402 3746 libidinem
3436 3693 3755 3762 promptio-

2167 3796 2274 3835 res.
2318 3779 2537 3835 Memini
2567 3778 2842 3849 quondam
2877 3778 3358 3837 Deuteronomium
3381 3781 3750 3839 disserentes

2167 3875 2221 3929 in
2251 3889 2317 3929 eo
2345 3874 2466 3928 loco
2489 3873 2579 3927 ubi
2612 3872 2875 3943 scriptum
2908 3880 2993 3928 est
3020 3890 3034 3927 :
3062 3869 3145 3927 Ne
3183 3872 3397 3941 faciatis
3422 3887 3636 3926 omnem
3659 3872 3749 3927 si-

2167 3964 2520 4018 militudinem
2555 3963 2723 4016 omnis
2762 3961 3011 4016 animalis
3038 3960 3107 4030 ⁹⁰,
3135 3962 3339 4019 dixisse
3364 3977 3453 4019 me
3472 3963 3750 4033 quoniam

2167 4058 2430 4128 spiritalis
2451 4064 2535 4112 est
2568 4056 2624 4110 in
2661 4055 2796 4111 alios
2842 4053 3023 4110 facere
3068 4055 3360 4127 imaginem
3386 4055 3646 4123 masculi,
3677 4055 3747 4112 in

2166 4150 2302 4205 alios
2352 4148 2612 4204 femina:
2659 4146 2810 4201 illum
2856 4145 3271 4203 similitudinem
3326 4146 3525 4203 habere
3570 4146 3744 4202 volu-

2167 4258 2343 4307 crum,
2384 4241 2535 4296 illum
2576 4242 2849 4311 reptilium
2884 4248 3048 4310 atque
3098 4240 3454 4310 serpentium,
3484 4248 3537 4294 et
3564 4240 3745 4296 alium

2166 4334 2347 4391 facere
2374 4332 2785 4389 similitudinem
2817 4329 2935 4386 Dei.
2959 4328 3086 4387 Haec
3121 4332 3396 4401 quomodo
3420 4331 3745 4403 intelligan-

2168 4436 2258 4481 tur
2290 4425 2423 4481 sciet
2455 4423 2551 4495 qui
2593 4424 2682 4479 illa
2730 4424 2921 4494 legerit
2960 4422 3098 4493 (22).
3140 4422 3338 4479 Anima
3390 4424 3576 4494 itaque
3624 4422 3745 4478 ιιι-

489 4528 612 4569 mus
657 4530 788 4586 ergo
843 4516 1161 4571 vaticinium
1211 4518 1488 4588 virginale.
1546 4519 1891 4591 Magniﬁcat,
1945 4524 2054 4585 ait,
2089 4525 2132 4580 D
2159 4520 2256 4574 ria:
2284 4517 2395 4588 (25)
2440 4518 2673 4586 primum
2720 4515 3031 4586 magniﬁcat
3075 4513 3401 4581 Dominum,
3445 4524 3502 4570 et
3544 4524 3745 4584 postea

487 4606 665 4658 anima
693 4622 808 4659 mea
854 4606 1158 4672 Dominum,
1191 4619 1239 4662 et
1266 4609 1548 4664 exsultavit
1583 4613 1798 4682 spiritus
1828 4629 1971 4667 meus
1998 4612 2053 4667 in
2159 4607 2396 4665 exsultat
2424 4608 2476 4661 in
2505 4606 2635 4661 Deo.
2662 4605 2775 4662 Nisi
2797 4606 2943 4663 enim
2974 4614 3136 4663 antea
3158 4606 3525 4673 crederemus,
3546 4605 3742 4661 exsul-

556 4734 601 4767 ⁸⁷
630 4734 788 4793 Joan.
824 4755 937 4807 XIV,
961 4743 1016 4797 6.
1095 4744 1142 4775 ⁸⁸
1171 4744 1383 4804 Coloss.
1411 4763 1450 4814 ι,
1490 4748 1575 4804 l5.
1652 4749 1698 4781 ”
1726 4748 1917 4806 Matth.
1942 4767 2067 4807 mu

2170 4752 2215 4805 5.
2290 4750 2337 4781 ³ο
2367 4746 2523 4801 Deut.
2556 4761 2629 4813 iv,
2664 4745 2749 4800 l7.

557 4852 680 4941 (‘21,).
712 4850 1164 4941 schedte‘Grabii
1202 4879 1216 4913 :
1245 4861 1453 4941 “aenae
1486 4862 1688 4941 ἦρξαῖο
1737 4866 1771 4934 ἡ
1816 4865 2064 4941 direptio

485 4925 593 5001 ᾆξπρ
621 4925 1037 5001 τῆς-γυναικὸς,
1071 4929 1165 5001 καὶ
1183 4930 1331 5001 μετὰ
1354 4925 1537 5001 ντοῦταῖ
1572 4925 1807 5001 ἕφθασέν
1845 4925 1925 4997 ei;
1943 4925 1954 4937 ’
1973 4935 2064 4989 τὸν

485 4995 653 5074 ᾷνδρα
670 5010 683 5024 ·
700 4993 840 5047 οὕτω
857 4997 949 5074 θεαὶ
969 4998 1036 5050 τὰ
1064 4993 1241 5074 rivali}
1264 5000 1377 5074 νάπὸ
1401 5000 1508 5074 τῷν
1539 4993 1813 5074 γυὶραικῶν
1837 4993 2059 5074 ἤρξατο,

487 5067 572 5119 ἵνα
606 5066 993 5141 προςραᾳπῶᾳῑῖν
1022 5071 1078 5122 αἱ
1114 5066 1378 5141 γυναῖκες
1417 5072 1516 5141 τὴν
1545 5066 1828 5127 ἀσθένειαν
1858 5066 1952 5128 Sidi
1992 5066 2060 5130 τὰ

485 5137 769 5216 γυνᾳικεία
798 5136 1162 5216 ᾲποθὲιέξναί,
1193 5136 1592 5216 ςῃλῷσαιρλςοὺς
1626 5143 1774 5216 βξους
1808 5143 1917 5216 τῶν
1952 5163 2058 5216 μα-

484 5205 690 5288 καρίῳν
721 5205 944 5288 τοιξῖων,
972 5205 1495 5288 ἰξῐρωμεν.δὲῄλοιτιεὸν
1538 5205 1895 5288 τέαρθξνίκὴνᾼ
1926 5205 2060 5288 τέρο-

486 5275 759 5364 is’rset;
790 5275 1130 5364 WWEW
1180 5281 1235 5364 ἡ.
1266 5283 1444 5364 ψυχή
1485 5275 1760 5364 eam
1814 5275 2055 5353 Κύριάν-

513 5344 659 5428 and:
684 5345 801 5428 £63;
828 5347 1035 5428 nti/pm
1076 5344 1771 5428 peraldvetmbvvlﬁtiptov,
1794 5344 2060 5428 κᾳτᾶνοηέ-

484 5413 624 5506 Ἐξοῖ.
684 5414 809 5506 Ἱεὶὰν
838 5413 1034 5506 legas;
1077 5413 1496 5506 ’τφλεῖευώμερς
1549 5413 1701 5506 κάτ’-
1726 5413 1911 5489 ἐίκόνα
1952 5413 2056 5506 fro?)

486 5483 807 5603 TtOtiLGaWOC
836 5487 983 5556 ἡμᾶς
1001 5527 1016 5549 ,
1049 5491 1145 5542 καὶ
1188 5483 1605 5563 ὲξομοίωθῶμεν
1632 5493 1710 5565 τῷ
1736 5486 2059 5567 ἁτροτοτύπῳ

484 5552 971 5648 :aEA-jb‘fovafb:
1003 5558 1070 5612 δι’
1094 5560 1313 5648 dratith
1341 5562 1538 5648 Epycgv,
1565 5564 1942 5648 μεγαλύχοιξεη
1966 5567 2065 5648 thy,

484 5620 689 5707 ξιξριον
717 5621 913 5707 λργθες2
939 5620 1153 5698 ἔργοις(
1169 5620 1742 5707 νρήμᾳᾰιί-Σείιήρῦνει
1766 5620 1880 5707 δὲ’τῆ
1913 5620 2058 5707 ψυχὴ

484 5690 690 5776 Κύρνιον
730 5690 1026 5776 adventorem.
1072 5690 1223 5776 gaza
1253 5690 1379 5772 "rip;
1427 5690 1840 5776 ὲνὺπᾶρχουσαν
1869 5690 2054 5776 'ioé‘qi

485 5760 704 5841 κᾳκίαν.
725 5760 896 5843 Sicut_
912 5760 944 5816 ἀ
974 5771 1188 5843 muliere
1214 5760 1484 5843 peccatum
1511 5760 1685 5840 εωρἱῗ,
1707 5784 1755 5828 et
1779 5786 1958 5843 postea
1982 5760 2051 5829 ait

490 5832 658 5884 virum
689 5834 952 5900 pervenit;
983 5837 1058 5891 ita
1083 5832 1244 5895 etiam
1279 5842 1413 5898 bona
1441 5858 1505 5898 ex
1534 5832 1840 5900 iititlieribits
1867 5855 2052 5901 exorta

2169 4861 2689 4937 sunt,_ut‘mulieres
2718 4860 2957 4931 deposita
2977 4874 3074 4937 sita
3095 4855 3452 4937 imbecillitate
3482 4853 3741 4937 rebusque

2168 4931 2561 5005 muliebribusL
2580 4926 2868 5005 incitentur
2898 4930 2989 5005 ‘ad
3026 4930 3301 5005 beatorum
3351 4926 3556 5005 Inarime
3598 4926 3738 5005 ritas

2167 5002 2478 5076 imitandos.
2522 5001 2784 5076 theritm
2824 5001 3067 5076 deinceps
3098 4997 3376 5076 _videamus
3414 4997 3737 5076 Eirginalem

2166 5073 2591 5128 vaticinationem
2630 5085 2649 5124 :
2694 5064 3204 5139 Magniticat'anima
3247 5081 3369 5121 mea
3413 5064 3739 5139 Dominum.

2166 5142 2439 5209 Quomodo
2461 5142 2641 5194 anima
2665 5135 2942 5194 Dominum
2968 5135 3737 5209 magniﬁcetconsiderandum

2163 5206 2260 5268 est.
2304 5211 2365 5267 Si
2405 5212 2559 5282 digne
2594 5212 2662 5265 ad
2700 5211 2977 5282 imaginem
3005 5206 3306 5282 Conditoris
3338 5207 3507 5282 nostri
3534 5208 3738 5282 rimeri-

2166 5300 2302 5347 mus,
2326 5291 2377 5337 et
2407 5275 2501 5349 pro
2522 5282 2719 5335 viribus
2741 5275 3029 5348 excinplari
3057 5286 3239 5349 nostra
3255 5275 3452 5349 similes
3477 5291 3572 5344 per
3597 5277 3737 5349 bona

2165 5345 2322 5421 opera
2369 5345 2719 5427 conserimus,
2759 5345 3158 5427 magniﬁcamns
3198 5345 3484 5427 Dominam
3527 5347 3736 5427 verbis,

2163 5416 2402 5491 operibus
2462 5431 2513 5475 et
2566 5416 2993 5491 cogitationibus.
3039 5416 3246 5491 dtinuit
3314 5425 3512 5491 autent
3550 5418 3737 5491 anim

2165 5487 2449 5547 Dominum
2511 5487 2876 5562 pro'ratione
2938 5487 3163 5544 malitiae
3234 5501 3351 5556 qua
3411 5487 3513 5555 ipsi
3546 5487 3733 5543 -inest.

2164 5562 2381 5619 Romus.

2239 5634 2353 5704 (22)
2391 5631 2547 5687 Nulla
2574 5648 2721 5688 nunc
2761 5629 3204 5704 lucubrationum
3226 5624 3479 5694 Origenis
3507 5625 3563 5680 in
3592 5625 3736 5682 Deu-

2159 5698 2524 5778 teronomium
2548 5710 2826 5778 superest.
2853 5698 3126 5778 llomitias
3142 5708 3258 5778 octo
3283 5710 3426 5778 unus
3457 5708 3761 5755 memorat.

2159 5774 2519 5830 Cassiodorus
2545 5766 2665 5842 cap.
2695 5772 2719 5826 I
2758 5770 3073 5842 Divinaram
3099 5766 3528 5842 Institntionum.

2231 5844 2343 5913 (25)
2383 5834 2856 5900 Εωιιυιιι’δοιιοίιω
2889 5858 2902 5894 :
2937 5839 3048 5911 Τῆς
3097 5834 3190 5892 οὖν
3237 5837 3456 5913 Μαρίας
3503 5838 3537 5909 ἡ
3585 5835 3733 5919 ψυχὴ
