4002 6562
131 423 264 479 1821
298 422 303 426 ’

1329 425 1394 481 ΙΝ
1437 427 1673 485 LUCAM
1713 425 1991 484 llOMlLlA
2033 426 2125 482 IX.

3231 433 3372 490 £89.!

129 553 245 595 lare
273 555 383 595 non
409 553 718 609 possemus.
746 539 887 606 Quia
912 536 1159 609 respexit,
1192 538 1390 612 inquit,
1419 544 1473 596 in
1495 542 1714 597 humili—
1742 549 1784 604 Α
1815 543 1957 597 citur
1981 541 2126 613 quod
2160 544 2408 612 imperet,
2442 543 2556 598 sive
2579 543 2683 600 sub
2711 561 2770 601 se
2797 546 3052 604 universa
3081 553 3379 607 contineat.

130 646 294 689 tatem
335 634 550 689 ancilla:
584 649 714 688 sate.
742 633 798 686 lu
825 649 986 703 quam
1017 634 1379 688 humilitatem
1407 634 1590 690 Mariae
1625 651 1710 690 re-

127 725 309 795 spexit
340 723 642 778 Dominus?
662 721 804 788 Quid
831 721 1062 782 habebat
1087 720 1254 775 Mater
1286 722 1585 777 Salvatoris
1617 721 1709 774 hu-

128 816 257 868 mile
304 823 470 884 atque
503 813 772 883 dejectqu
796 851 812 872 .
853 828 976 881 quae
1019 811 1112 866 Dei
1148 812 1346 866 Filium
1377 813 1622 882 gestabat
1652 813 1707 867 in

127 906 320 960 utero?
348 904 500 972 Quod
529 919 660 975 ergo
691 905 861 959 dicit:
889 903 1134 974 Respexit
1159 905 1214 959 in
1237 906 1590 961 humilitatem
1611 923 1710 961 an-

125 996 269 1048 cilla:
304 1010 434 1057 sum,
465 995 568 1049 tale
597 1002 682 1049 est
708 993 866 1063 quasi
901 993 1100 1050 dixerit
1131 1012 1144 1048 :
1175 994 1432 1064 Respexit
1465 996 1519 1050 in
1546 995 1708 1065 justi—

129 1089 260 1140 tiam
292 1085 504 1141 aneillae
527 1101 660 1151 suae,
679 1086 916 1155 respexit
937 1085 992 1139 in
1016 1087 1450 1156 temperantiam,
1469 1088 1707 1157 respexit

130 1181 181 1232 in
229 1177 608 1234 fortitudinem
659 1188 824 1250 atque
869 1179 1212 1249 sapientiam.
1248 1177 1480 1247 Dignum
1508 1179 1708 1248 quippe

125 1278 231 1331 est,
268 1277 328 1322 ut
359 1268 584 1322 virtutes
610 1268 884 1339 respiciat.
921 1267 1266 1339 Respondeat
1307 1269 1507 1338 aliquis
1538 1279 1594 1326 et
1622 1269 1708 1323 di-

126 1366 216 1410 cat
245 1374 258 1409 :
304 1354 547 1426 Intelligo
570 1356 846 1426 quomodo
883 1355 1027 1412 Deus
1049 1355 1319 1425 justitiam
1344 1355 1556 1410 ancillae
1593 1370 1707 1411 suta

127 1446 568 1516 sapientiamque
617 1447 897 1517 respiciat;
929 1447 1206 1518 quomodo
1243 1455 1425 1502 autem
1460 1447 1707 1502 intendat

126 1537 518 1600 humilitatem,
546 1551 655 1591 non
678 1537 811 1592 satis
834 1536 1023 1607 liquet.
1049 1535 1373 1592 Consideret
1393 1536 1488 1606 qui
1513 1537 1704 1607 quaerit

127 1626 280 1690 talia,
310 1625 573 1695 quoniam
618 1627 838 1696 preprie
877 1627 931 1681 in
974 1627 1272 1697 Scripturis
1297 1643 1405 1682 una
1433 1627 1500 1682 de
1535 1629 1706 1682 virtu-

126 1717 274 1771 libus
309 1717 590 1772 humilitas
635 1718 977 1788 prmdicetur.
1021 1719 1113 1773 Ait
1174 1720 1374 1790 quippe
1410 1719 1700 1776 Salvator:

126 1809 330 1863 Discite
354 1827 389 1862 a
424 1826 505 1864 me
529 1811 655 1880 quia
684 1821 985 1868 mansuetus
1021 1828 1160 1878 sum,
1198 1822 1249 1866 et
1277 1813 1494 1868 humilis
1523 1814 1700 1878 corde,

123 1911 171 1954 et
208 1902 487 1957 invenietis
527 1903 755 1973 requiem
787 1905 1064 1958 animabus
1116 1906 1300 1961 vestris
1338 1907 1404 1961 ⁸⁸.
1447 1904 1602 1972 Quod
1655 1907 1702 1962 si
1734 1892 1776 1946 Β

126 1995 206 2048 vis
255 2009 458 2050 nomen
506 1995 669 2065 hujus
714 1996 904 2052 audire
935 1997 1186 2064 virtutis,
1225 1997 1503 2066 quomodo
1538 1997 1704 2053 etiam

123 2100 154 2139 a
185 2085 530 2157 philosophis
559 2088 881 2158 appellatur,
907 2090 1156 2145 ausculta
1178 2090 1427 2146 eamdem
1457 2105 1580 2147 esse
1603 2091 1708 2146 bu-

127 2178 415 2232 militatem
438 2195 605 2248 quam
626 2181 882 2250 respiciat
911 2181 1074 2247 Deus,
1101 2197 1224 2253 qua:
1249 2183 1319 2238 ab
1347 2182 1454 2238 illis
1479 2184 1702 2253 ἀτυφία,

125 2270 240 2324 sive
293 2269 620 2342 μετριότης,
667 2271 887 2327 dicitur.
937 2271 1042 2329 Sed
1088 2282 1144 2328 et
1191 2288 1292 2329 nos
1319 2275 1553 2344 quodam
1581 2291 1702 2330 eam

127 2375 422 2430 possumus
449 2364 721 2433 appellare
768 2365 1024 2430 circuitu,
1059 2381 1184 2420 cum
1229 2367 1430 2436 aliquis
1473 2381 1582 2422 non
1621 2376 1706 2422 est

128 2452 383 2516 inﬂatus.
414 2455 509 2510 sed
539 2457 655 2525 ipse
693 2470 754 2511 se
791 2456 994 2526 dejicit.
1031 2456 1134 2523 Qui
1164 2457 1312 2513 enim
1346 2457 1584 2523 inﬂatur,
1615 2473 1705 2513 ca-

128 2543 240 2608 dit,
281 2545 580 2600 secundum
630 2544 990 2615 Apostolum,
1038 2547 1094 2601 in
1141 2545 1409 2617 judicium
1453 2546 1700 2602 diaboli:

129 2636 401 2706 siquidem
429 2645 483 2692 et
515 2637 606 2693 ille
626 2638 695 2692 ab
723 2638 1000 2694 inﬂatione
1026 2640 1197 2709 erepit
1233 2649 1397 2708 atque
1424 2639 1700 2708 superbia.

135 2727 199 2782 Ut
222 2713 573 2800 nom—inquit,
599 2731 815 2799 inﬂatus
838 2733 893 2784 in
905 2731 1168 2800 judicium
1193 2731 1394 2786 incidat
1417 2730 1614 2784 diaboli
1633 2733 1699 2789 ".

131 2818 391 2890 Respexit
418 2837 582 2891 super
620 2821 979 2876 humilitatem
1020 2823 1229 2878 ancillae
1261 2838 1393 2878 sum.
1430 2821 1702 2878 Humilem

131 2927 247 2977 me,
285 2912 497 2982 inquit,
533 2921 587 2968 et
621 2913 1057 2969 mansuetudinis
1103 2922 1400 2970 sectantem
1446 2915 1705 2984 dejectio-

130 3003 327 3072 nisque
381 3003 635 3058 virtutem
689 3003 926 3074 respexit
978 3003 1143 3062 Deus.
1195 3004 1328 3075 (24)
1380 3003 1516 3059 Ecce
1563 3007 1703 3059 enim

130 3092 320 3145 amodo
351 3092 558 3146 beatam
581 3109 660 3148 me
682 3095 862 3149 dicunt
884 3111 1061 3150 omnes
1082 3095 1463 3166 generationes.
1493 3093 1551 3149 Si
1572 3095 1704 3150 sim-

130 3184 339 3252 pliciter
374 3185 668 3256 intelligam
713 3202 906 3243 omnes
946 3188 1358 3257 generationes,
1389 3203 1552 3258 super
1581 3203 1700 3243 ere-
1724 3223 1774 3286 ο

129 3274 385 3331 dentibus
427 3276 558 3331 illud
603 3277 947 3347 interpretor.
989 3277 1048 3332 Si
1087 3287 1268 3334 autem
1298 3279 1462 3335 altius
1494 3279 1699 3349 aliquid

130 3365 292 3421 fuero
314 3377 609 3435 scrutatus,
635 3370 1062 3426 animadvertam
1107 3371 1296 3440 quanti
1330 3369 1607 3442 profectus
1633 3371 1706 3426 sit

129 3459 311 3514 dicere
336 3475 350 3512 :
383 3459 522 3524 Quia
549 3462 670 3530 fecit
696 3461 826 3515 mihi
849 3479 1042 3532 magna
1076 3465 1167 3533 qui
1194 3474 1270 3518 est
1300 3475 1482 3533 potens
1516 3481 1534 3519 :
1559 3479 1703 3534 quo-

129 3552 273 3604 niam
319 3555 490 3608 ontnis
517 3552 607 3621 qui
639 3565 694 3605 se
724 3552 975 3607 Itumiliat
1005 3549 1328 3605 exaltabitur
1357 3537 1423 3608 ".
1449 3553 1706 3625 Respexit

129 3651 309 3694 autem
345 3639 490 3694 Deus
513 3641 566 3694 in
593 3640 952 3697 humilitatem
980 3643 1152 3699 beatae
1183 3643 1390 3709 Maria},
1421 3655 1704 3715 propterea

132 3734 258 3788 fecit
291 3732 367 3786 illi
412 3747 606 3802 magna
645 3733 739 3802 qui
771 3745 964 3804 potens
993 3743 1078 3790 est
1137 3747 1188 3794 et
1229 3749 1473 3797 sanctum
1513 3752 1701 3793 nomen

124 3836 255 3887 ejus.
305 3820 368 3874 Et
393 3822 756 3876 misericordia
795 3822 908 3890 ejus
932 3825 987 3878 in
1019 3826 1376 3895 generationes
1407 3829 1701 3894 generatio-

129 3928 274 3965 num.
300 3910 670 3966 Misericordia
699 3910 794 3967 Dei
830 3927 941 3968 non
979 3913 1033 3967 in
1077 3929 1243 3968 unam
1275 3914 1701 3984 generationem,

127 4017 225 4056 nec
253 3999 419 4071 942
451 4002 508 4056 in
537 4002 697 4066 duas,
730 4017 907 4072 neque
939 4003 992 4056 in
1027 4012 1138 4058 tres
1152 4040 1182 4067 ,.
1204 4002 1302 4058 sed
1323 4018 1425 4058 nec
1451 4003 1505 4057 in
1543 4005 1705 4074 quin-

128 4106 255 4158 que,
285 4106 479 4146 verum
527 4091 582 4146 in
626 4091 1018 4161 sempiternum
1060 4090 1371 4146 extenditur
1398 4090 1452 4144 in
1479 4106 1705 4159 genera-

129 4183 307 4237 tiones
349 4182 799 4252 generationum,
852 4183 1172 4239 timentibus
1223 4183 1521 4253 potentiam
1561 4184 1701 4254 ejus.

126 4273 279 4327 Fecit
325 4275 574 4329 virtutem
623 4276 679 4329 in
725 4275 941 4329 brachio
987 4291 1104 4330 suo.
1165 4273 1316 4331 Licet
1350 4275 1600 4331 inlirmus
1635 4275 1703 4330 ad

127 4365 421 4419 Dominum
455 4366 788 4432 accesseris,
818 4365 865 4420 si
908 4365 1154 4422 timueris
1195 4381 1357 4432 eum,
1391 4365 1579 4420 audire
1608 4381 1702 4436 po-

126 4459 259 4514 teris
312 4458 791 4529 repromissionem
821 4475 986 4529 quam
1022 4459 1119 4514 tibi
1158 4459 1228 4514 ob
1272 4459 1518 4514 timorem
1550 4467 1702 4513 tuum

1811 632 1868 686 Si
1917 647 2048 705 ergo
2093 634 2340 689 timueris
2366 633 2680 702 Dominum,
2714 637 2806 692 dat
2838 638 2933 692 tibi
2985 637 3377 708 fortitudinem,

1809 725 1923 780 sive
1943 725 2255 796 imperium,
2289 726 2383 781 dat
2409 740 2658 796 regnum,
2693 735 2753 781 ut
2781 727 2956 784 factus
2978 731 3081 786 sub
3113 730 3258 801 Rege
3286 748 3378 786 re-

1807 832 1973 886 gum,
2050 818 2329 886 possideas
2392 833 2622 889 regnum
2689 819 2953 874 caelorum
2979 862 2997 887 ,
3048 821 3103 876 in
3156 821 3378 878 Christo

1806 905 1956 974 Jesu,
1990 908 2079 963 cui
2115 917 2198 964 est
2225 909 2395 980 gloria
2418 919 2474 964 et
2505 910 2792 980 imperium
2840 910 2895 964 in
2925 913 3122 967 saacula
3149 915 3378 971 saeculo-

1808 1015 1952 1054 rum.
1992 999 2186 1055 Amen.

2384 1090 2669 1147 HOMILIA
2705 1091 2798 1148 IX.

1807 1198 1884 1253 De
1942 1215 2001 1253 eo
2047 1199 2185 1270 quod
2227 1200 2481 1270 scriptum
2523 1212 2642 1257 est:
2671 1222 2689 1254 ‹
2723 1203 2970 1257 Manebat
2996 1220 3114 1257 cum
3144 1220 3205 1257 ea
3234 1222 3380 1260 men-

1878 1270 2041 1342 sibus?
2063 1272 2252 1342 tribus,
2293 1289 2314 1323 ι
2355 1287 2518 1342 usque
2544 1274 2613 1326 ad
2635 1291 2754 1327 eum
2776 1277 2949 1327 locum
2973 1276 3063 1328 ubi
3094 1275 3172 1328 ait
3204 1291 3223 1330 :
3253 1294 3273 1327 ι
3308 1275 3378 1330 Et

1871 1339 2182 1411 loquebatur
2215 1339 2514 1396 benedicens
2541 1342 2846 1399 Dominum.
2878 1361 2898 1396 ι
2937 1342 3069 1414 Cap.
3097 1359 3136 1400 ι.

1876 1451 2010 1507 Tam
2043 1468 2234 1508 eorum
2281 1470 2402 1524 qua:
2443 1454 2588 1510 dicta
2619 1464 2768 1523 sunt,
2801 1472 2963 1528 quam
3017 1457 3232 1512 illorum
3256 1473 3378 1528 quae

1807 1543 1944 1598 iacta
1971 1543 2302 1612 referuntur,
2335 1546 2497 1601 debet
2527 1546 2666 1601 ratio
2690 1561 2812 1602 esse
2839 1558 3033 1603 sancto
3057 1546 3260 1618 Spiritu
3293 1549 3376 1602 di-

1805 1650 1909 1705 gna
1934 1675 1949 1702 ,
1984 1643 2038 1690 et
2065 1635 2266 1692 Christi
2294 1635 2400 1692 ﬁde
2421 1674 2438 1701 ,
2491 1637 2558 1692 ad
2583 1652 2748 1707 quam
2781 1638 3061 1694 credentes
3094 1653 3372 1694 vocamur.

1806 1722 1960 1780 Unde
1984 1732 2040 1779 et
2073 1740 2218 1781 nunc
2258 1740 2424 1781 causa
2475 1727 2765 1796 quaarenda
2814 1736 2929 1793 est,
2982 1743 3152 1798 quare
3202 1726 3373 1782 Maria

1804 1820 1929 1883 post
1973 1823 2290 1884 conceptum
2340 1815 2548 1870 venerit
2574 1815 2641 1869 ad
2668 1814 2940 1870 Elisabeth
2961 1856 2976 1879 ,
3023 1823 3080 1871 et
3106 1820 3373 1872 manserit

1803 1920 1930 1958 eum
1957 1919 2023 1959 ea
2049 1905 2327 1960 mensibus
2362 1905 2570 1971 tribus,
2599 1916 2691 1961 aut
2720 1907 2852 1975 quid
2879 1922 3058 1962 causae
3087 1906 3250 1962 fuerit
3271 1949 3287 1974 ,
3315 1917 3375 1962 ut

1805 1992 2004 2058 Lucas,
2039 1994 2133 2064 qui
2165 1992 2440 2065 Evangelii
2472 1994 2742 2049 scribebat
2765 1994 3242 2059 historiam,e’tiam
3269 1995 3373 2050 hoc

1803 2085 2086 2148 scriberet,
2121 2086 2266 2156 quod
2312 2086 2572 2141 manserit
2605 2100 2728 2140 cum
2763 2101 2829 2140 ea
2858 2085 3139 2140 mensibus
3177 2086 3371 2150 tribus,

1802 2189 1858 2236 et
1883 2189 2070 2250 postea
2102 2196 2351 2252 regressa
2377 2182 2445 2237 sit
2476 2182 2529 2236 in
2553 2181 2777 2236 domum
2807 2198 2983 2237 suam.
3053 2180 3248 2253 Utique
3278 2183 3374 2237 de-

1801 2273 1891 2328 bet
1933 2275 2112 2344 aliqua
2143 2289 2267 2331 esse
2307 2276 2466 2341 ratio,
2505 2290 2692 2345 quam,
2729 2274 2777 2331 si
2806 2275 3068 2332 Dominus
3101 2277 3376 2345 aperuerit

1802 2377 1899 2419 cor
1931 2373 2200 2428 nostrum,
2256 2379 2490 2434 sequens
2519 2378 2700 2419 sermo
2729 2365 3074 2420 monstrabit.
3130 2363 3186 2428 Si
3221 2366 3366 2419 enim

1801 2468 1868 2508 eo
1907 2453 2053 2523 quod
2095 2461 2305 2509 tantum
2337 2455 2486 2509 venit
2515 2453 2682 2509 Maria
2706 2455 2773 2510 ad
2807 2453 3104 2519 Elisabeth,
3134 2465 3188 2509 et
3216 2456 3369 2509 salu—

1804 2545 1938 2599 tavit
1976 2560 2129 2608 eam,
2176 2546 2468 2600 exsultavit
2502 2545 2682 2602 infans
2725 2546 2780 2600 in
2829 2547 3056 2616 gaudio,
3087 2554 3139 2601 et
3164 2544 3368 2616 Spiritu

1805 2645 1996 2690 sancto
2024 2635 2181 2706 plena
2198 2635 2472 2692 Elisabeth
2508 2638 2846 2707 prophetavit
2873 2653 2936 2692 ea
2962 2638 3160 2707 quain
3194 2639 3374 2692 Evan-

1802 2728 1942 2796 gelio
1987 2729 2186 2799 scripta
2221 2737 2380 2795 sunt,
2433 2738 2486 2783 et.
2516 2729 2571 2783 in
2598 2743 2703 2783 una
2728 2729 2862 2784 hora
2893 2738 3072 2784 tantos
3101 2728 3377 2799 profectus

1803 2818 2014 2885 habuit,
2068 2829 2270 2876 nostra:
2294 2818 2621 2888 conjecturae
2649 2819 2972 2889 relinquitur
2991 2858 3007 2883 ,
3031 2820 3159 2890 quid
3187 2820 3241 2875 iu
3276 2820 3376 2874 tri-

1803 2909 2208 2966 busmensibus
2255 2910 2494 2965 Joannes
2541 2911 2804 2980 profecit,
2858 2912 3150 2967 assistente
3203 2909 3372 2968 Maria

1802 3000 2100 3056 Elisabeth.
2184 3000 2348 3056 Valde
2393 3002 2592 3071 quippe
2637 3002 2918 3072 indignum
2954 3012 3037 3057 est
3075 3003 3129 3056 in
3173 3013 3372 3071 puncto

1802 3093 1951 3148 bone
1981 3102 2145 3162 atque
2172 3101 2448 3146 momento
2486 3092 2762 3148 exsultare
2801 3091 3062 3147 infantem
3083 3131 3098 3156 ,
3150 3103 3203 3146 et
3232 3109 3371 3160 quo-

1803 3182 2094 3238 dammodo
2116 3181 2315 3253 gaudio
2349 3181 2652 3246 lascivisse,
2692 3183 3058 3252 repletumque
3088 3197 3209 3238 esse
3245 3181 3372 3252 Spi-

1805 3274 1914 3330 ritu
1965 3285 2153 3329 sancto
2198 3274 2472 3330 Elisabeth
2505 3293 2518 3330 :
2549 3291 2645 3346 per
2679 3283 2788 3330 tres
2819 3290 2948 3330 vero
2983 3290 3200 3330 menses
3221 3315 3236 3339 ,
3273 3290 3373 3329 nec

1807 3365 2074 3422 Joannem
2097 3403 2112 3429 ,
2161 3381 2260 3420 nec
2300 3365 2609 3434 Elisabeth,
2643 3382 2709 3422 ex
2742 3366 2921 3422 vicina
2947 3365 3135 3421 Matris
3159 3365 3374 3421 Domini

1801 3467 1855 3514 et
1880 3457 2052 3528 ipsius
2089 3456 2390 3513 Salvatoris
2424 3459 2712 3528 praesentia
2758 3457 3078 3530 profecisse.
3138 3456 3370 3513 Exerce-

1801 3548 1962 3604 batur
2005 3563 2165 3620 ergo,
2212 3558 2266 3604 et
2303 3550 2707 3619 quodammodo
2753 3551 2808 3605 in
2839 3549 3098 3605 athletico
3129 3565 3160 3602 a
3184 3558 3373 3604 sancta

1803 3651 1998 3707 matre,
2029 3657 2125 3710 per
2151 3650 2260 3696 tres
2286 3657 2502 3698 menses
2531 3642 2825 3713 urgebatur
2851 3640 3113 3702 Joannes.
3146 3650 3200 3694 et
3235 3656 3371 3709 prat-

1802 3732 2098 3802 parabatur
2123 3731 2179 3786 in
2203 3732 2392 3786 matris
2421 3742 2593 3794 utero,
2624 3741 2684 3785 ut
2713 3731 3030 3786 mirabiliter
3063 3739 3243 3791 natus,
3272 3731 3376 3783 mi-

1801 3825 2030 3880 rabilius
2065 3824 2380 3878 nutriretur.
2444 3820 2600 3887 Quod
2645 3822 2788 3876 enim
2819 3831 2972 3875 extra
3020 3819 3373 3877 consuetudi-

1802 3929 1927 3968 nem
1960 3912 2194 3967 nutritus
2217 3919 2322 3975 est,
2377 3925 2485 3964 non
2517 3909 2750 3965 refertur
2777 3909 3062 3978 scriptum,
3096 3909 3370 3979 quomodo

1806 4005 1994 4060 matris
2039 4002 2200 4058 fuerit
2244 4001 2476 4055 laetatus
2519 3999 2810 4064 uberibus,
2851 3999 3123 4067 quomodo
3157 3998 3212 4053 in
3245 3998 3368 4052 sinu

1803 4095 2006 4165 gerulae
2028 4094 2379 4156 constitutus,
2425 4092 2517 4147 sed
2542 4092 2725 4146 statim
2755 4092 3001 4160 sequitur
3031 4108 3046 4146 :
3085 4089 3153 4143 Et
3178 4099 3291 4144 erat
3317 4091 3374 4144 in

1803 4185 2021 4239 desertis
2042 4225 2058 4250 ,
2091 4200 2254 4254 usque
2292 4183 2360 4236 ad
2386 4182 2524 4236 diem
2563 4180 2876 4236 ostensiouis
2909 4195 3021 4234 suae
3066 4178 3135 4232 ad
3176 4177 3371 4233 Israel.

1806 4274 2006 4331 Deinde
2048 4276 2276 4346 legimus
2325 4291 2340 4329 :
2396 4270 2667 4326 Elisabeth
2712 4279 2887 4324 autem
2932 4268 3246 4337 completum
3296 4277 3375 4323 est

1808 4377 2008 4435 tempus
2060 4375 2115 4418 ut
2157 4375 2398 4434 pareret,
2445 4374 2493 4417 et
2537 4362 2735 4431 peperit
2764 4361 2957 4429 ﬁlium.
2992 4359 3143 4414 Multi
3183 4367 3377 4428 putant

1807 4457 2074 4528 superﬂue
2105 4458 2210 4513 dici
2243 4474 2258 4510 :
2299 4455 2566 4509 Elisabeth
2605 4463 2779 4509 autem
2802 4452 3112 4522 completum
3141 4462 3218 4506 est
3247 4460 3378 4504 tem-

124 4550 396 4606 Dominus
420 4551 729 4622 pollicetur.
770 4549 903 4617 Quae
929 4561 1015 4606 est
1044 4551 1145 4606 ista
1177 4551 1571 4621 repromissio?
1606 4550 1700 4606 Ti-
1734 4576 1777 4630 ι)
1806 4564 1902 4617 pus
1933 4557 1991 4600 ut
2021 4558 2250 4631 pareret,
2285 4555 2334 4601 et
2363 4545 2560 4615 peperit
2592 4542 2785 4613 ﬁlium.
2831 4541 2962 4608 Quae
2995 4542 3140 4595 enim
3183 4538 3378 4594 mulier

124 4641 442 4706 mentibus,
492 4641 707 4712 inquit,
751 4657 809 4698 se
843 4640 972 4697 fecit
999 4641 1274 4696 virtutem.
1319 4640 1540 4708 Virtus,
1589 4643 1703 4697 sive

122 4729 440 4800 imperium,
489 4741 728 4802 potestas
769 4741 854 4788 est
898 4731 1066 4802 regia.
1106 4732 1316 4786 Etenim
1352 4731 1552 4802 κράτος
1589 4731 1700 4802 (25)

123 4819 274 4888 quod
307 4835 407 4874 nos
452 4820 733 4889 imperium
765 4836 1061 4890 possumus
1090 4821 1359 4891 appellare
1383 4863 1398 4888 ,
1432 4822 1500 4876 ab
1528 4837 1592 4876 eo
1613 4819 1702 4876 ‘di-

193 4912 238 4943 ⁹¹
281 4909 471 4964 Matth.
498 4927 574 4973 xl,
597 4914 688 4968 29.
764 4916 810 4946 θ’
844 4913 1025 4967 lTim.
1056 4929 1139 4982 tu,
1174 4914 1229 4968 6.
1305 4915 1350 4947 ”
1373 4915 1508 4972 Lue.
1534 4931 1643 4980 xiv,
1672 4915 1759 4970 il.

124 5005 426 5092 ὲμεγέξλιςνε
441 5006 557 5092 ,τὸχ
573 5007 815 5092 Ιςύρερνᾷ
829 5009 890 5062 τὸ
901 5008 971 5090 53s
1004 5009 1137 5092 7:11:26
1142 5027 1220 5092 pta
1240 5010 1412 5092 αὐςῆς
1441 5010 1700 5092 genus:

125 5091 256 5151 garo
282 5077 379 5151 sui.
399 5076 478 5151 τῷ
517 5076 636 5151 Θεῷ
662 5076 740 5147 λεῷ
779 5080 1012 5151 Σῳῖῆρι.
1046 5076 1268 5150 Πρῶτον
1303 5076 1633 5151 ἐμεγάλυνεν
1669 5082 1702 5151 ἡ

122 5145 272 5222 ψυχὴ
324 5130 460 5222 αξιτῆ
466 5165 493 5210 ς
512 5127 733 5222 ,ίέῒτᾴιτ
745 5127 1123 5222 ipsum;
1136 5127 1234 5203 ’ἓεξζ
1251 5127 1704 5222 summa:

127 5217 327 5290 Anima
354 5218 517 5286 igitur
543 5217 731 5290 diaria:
758 5217 1132 5290 magnificabut
1161 5217 1462 5287 Dominum,
1484 5217 1704 5290 spiritus

124 5301 245 5338 vero
270 5285 386 5354 ejus
408 5288 706 5341 exsultabat
739 5290 790 5343 in
825 5285 1244 5348 Deo-Salvatore.
1263 5285 1706 5344 Primum'nnima

125 5356 239 5477 Eius
273 5359 647 5428 magni/icabat
673 5398 687 5424 ,
725 5361 909 5415 deinde
958 5362 1178 5430 spiritus
1224 5359 1338 5431 ejus
1379 5359 1702 5415 exsultabat.

179 5440 351 5477 uaros.

179 5440 351 5482 υιυε.

200 5497 320 5569 (ξὶλι)Δ
353 5495 564 5569 Eaedem
597 5499 807 5554 schedze
840 5515 852 5552 :
893 5498 1267 5569 Μακαριοῦσί
1307 5517 1384 5568 με
1421 5498 1609 5554 πᾶσαι
1647 5503 1708 5554 αἱ

126 5565 358 5642 meai,
379 5567 616 5642 δηλρξθότι
648 5569 756 5622 τῶν
790 5565 1168 5642 πιστευόνιέων,
1197 5571 1258 5623 οὑ
1297 5565 1358 5622 es
1387 5570 1442 5622 δὲ
1479 5571 1638 5641 μόνον
1673 5573 1706 5642 ἠ

139 5634 440 5709 Ἐλῳάᾷετζ
480 5638 696 5693 Beatam
747 5655 833 5693 me
861 5640 1047 5694 dicent
1080 5657 1272 5695 omnes
1303 5634 1698 5709 generationes,

128 5707 451 5759 credentium
488 5709 744 5774 videlicet,
780 5725 878 5762 non
908 5722 964 5763 tu
997 5711 1110 5763 sola
1148 5707 1439 5764 Elisabeth.
1479 5709 1552 5764 Ιυ.

222 5777 333 5844 (‘25)
404 5777 624 5852 Videtur
676 5789 730 5852 et
775 5780 874 5852 hoe
921 5780 1160 5834 additum
1231 5781 1328 5835 abs
1375 5779 1703 5852 Hieronymo

132 5859 364 5914 summa,
394 5849 529 5922 quod
558 5865 648 5903 nos
678 5849 954 5920 imperium
978 5866 1252 5922 possumus
1276 5851 1560 5921 appellare.

1808 4649 1986 4710 potest
2015 4653 2238 4709 parcre,
2268 4637 2373 4691 nisi
2407 4645 2623 4705 tempus
2651 4634 2891 4704 pariendi
2916 4642 3041 4688 ante
3075 4631 3378 4700 compleve-

1809 4729 1910 4783 rit?
1949 4728 2060 4798 (96)
2089 4726 2193 4782 Sed
2220 4728 2312 4796 qui
2348 4725 2656 4796 Scripturas
2681 4723 3094 4793 diligentissime
3137 4731 3380 4776 contem-

1811 4821 2018 4891 platur,
2053 4828 2110 4876 et
2143 4820 2295 4874 audit
2339 4819 2598 4889 populum
2630 4819 2975 4888 loquentem,
3011 4813 3254 4869 attendat
3303 4813 3380 4867 le-

1874 5006 1987 5078 (26)
2027 5004 2238 5078 Eaedem
2277 5003 2524 5078 seliedae‘:
2542 5001 2777 5078 96191377]
2789 4992 3054 5078 ρῄσασυξι
3085 4995 3166 5078 δεῖ
3198 4994 3259 5078 ἐγ
3279 4989 3374 5078 ὃζη

1802 5061 2100 5150 τῇιπαλαιᾷ
2129 5075 2223 5127 καὶ
2248 5074 2315 5150 1τῇ
2349 5073 2507 5150 καξνῇ
2542 5061 2732 5150 Γράερῇ
2754 5061 2858 5150 ,’”ξεὶ’
2882 5081 2995 5150 που,
3015 5061 3164 5150 sciti;

1807 5130 1898 5224 ei
1950 5131 2274 5224 ᾴμαβτωξοῡ
2625 5130 3374 5224 εῑρῆμέγονίξάξηῖιὲῖεξῖῖξνῇη

2117 5195 2222 5267 ῒῗὸῦ
2263 5195 2482 5287 teut-ir.
2513 5195 2631 5287 Οὖξ
2660 5195 2858 5287 ἆνξῖγάρ
2887 5219 2978 5287 τις
2999 5202 3167 5287 εὖοροι,
3291 5195 3372 5250 oi?

1807 5275 1925 5360 pd;
1957 5275 2074 5338 an"
2098 5285 2233 5336 ὅπου
2263 5281 2574 5360 ὠνόμίασται
2605 5279 2686 5360 ἔτι
2719 5277 2923 5360 ﬁgitque;
2951 5275 3073 5360 imo
3106 5275 3378 5360 ϊεννεῦμε-

1805 5341 2093 5422 δοςίυῦτω
2122 5354 2216 5405 καὶ
2236 5352 2330 5422 νῦν
2356 5341 2694 5422 ξέἴρηταιρτε
2715 5349 2780 5416 τῇ
2816 5341 3148 5422 Ἰξλισάὅετηῤ
3169 5341 3263 5392 τοῦ
3289 5355 3377 5390 τεο

1806 5411 1920 5482 κεῗν
1953 5425 2139 5496 χρόνος
2173 5411 2436 5496 ἐπλήσθηξ
2459 5411 2643 5487 ἐπειδὴ
2670 5411 2821 5496 ἆγίὸν
2856 5415 3050 5467 ἔτικτε.
3085 5411 3377 5496 Qbseruan:

1810 5479 1936 5550 dum
1954 5479 2042 5549 ’ἔτι
2075 5479 2142 5547 ιιιῖ
2175 5494 2229 5546 in
2266 5479 2546 5562 o'mui'tum
2568 5479 2756 5562 veteri,
2789 5497 2915 5562 tum-
2939 5499 3068 5562 nova
3097 5479 3376 5562 scriptura

1811 5567 2008 5621 alicubi
2040 5565 2332 5633 reperiatur
2367 5561 2430 5614 de
2475 5559 2760 5633 peccatoris
2805 5555 3077 5633 natiuitate
3134 5555 3371 5633 dictum;

1809 5612 2118 5705 i'inb'iéiuinr
2132 5612 2773 5705 est"tempits'_pat'ietiil_i.
2808 5624 2930 5705 an
2961 5612 3267 5705 putoullibi
3304 5635 3378 5673 re-

1807 5691 1991 5776 periri,
2019 5707 2120 5776 nisi
2147 5703 2356 5776 quando
2369 5691 2680 5776 ftt‘sti'ortus
2702 5697 3034 5749 describitur.
3057 5691 3145 5775 μα
3169 5701 3216 5776 et
3239 5706 3375 5742 nunc

1805 5763 2002 5830 dicitur
2023 5763 2289 5828 Elisabcth
2311 5763 2582 5839 impletum
2609 5783 2718 5823 esse
2743 5777 2942 5834 tempus
2963 5763 3225 5835 pariendi,
3242 5777 3376 5831 quo.

1807 5850 1950 5901 niam
1979 5857 2218 5902 sanctum
2248 5842 2505 5914 pariebat.
2535 5841 2612 5897 In.
