4002 6540
585 359 722 414 1823

2054 355 2376 414 ORIGENIS

3723 354 3840 408 {82-1

583 479 788 544 ctioni,
815 480 1117 537 observans
1151 489 1257 534 tam
1294 479 1349 534 in
1377 477 1577 560 Veteri,
1599 494 1762 549 quam
1793 479 1848 534 in
1878 477 2028 535 Novo
2057 478 2160 534 Te-
2190 486 2236 541 Α
2266 479 2475 534 mansit
2505 477 2677 534 Maria
2714 491 2841 535 cum
2886 476 3162 534 Elisabeth
3185 515 3200 543 ,
3231 482 3527 546 postquam
3558 471 3610 527 ei
3644 471 3844 560 loeutus

585 577 882 636 stamento,
920 572 1095 628 sicubi
1145 573 1405 642 scriptum
1439 571 1492 625 in
1523 581 1645 626 ortu
1681 572 1983 642 peccatoris
2013 572 2164 628 inve-

586 663 701 717 niat
733 681 746 718 :
779 661 1105 732 Comptetum
1147 673 1224 718 est
1269 673 1468 732 tempus
1511 673 1567 716 ut
1604 671 1847 733 pareret,
1881 679 2162 735 nunquam

586 756 816 811 omnino
869 757 1119 826 reperiet.
1178 755 1282 811 Sed
1318 755 1626 825 ubicunque
1667 754 1850 824 justus
1897 756 2162 821 nascitur,

586 845 665 900 ibi
693 846 996 916 completur
1022 845 1173 912 dies,
1210 845 1320 900 illic
1352 845 1406 900 in
1443 845 1706 899 mundum
1737 845 2041 915 completur
2069 847 2164 899 ad-

587 945 782 991 ventus
809 936 914 991 sui.
957 934 1120 991 Ortus
1143 935 1278 1006 justi
1303 977 1318 1000 ,
1355 935 1742 1005 plenitudinem
1790 935 1951 991 habet
1985 953 1996 990 :
2035 951 2163 1006 pec-

586 1026 790 1082 catoris
840 1025 1118 1088 nativitas.
1150 1035 1212 1081 ut
1244 1026 1314 1080 ita
1343 1026 1969 1092 dicamus,‘vaeuitatem
2001 1035 2163 1095 atque

586 1118 924 1172 inanitatem.
955 1115 1078 1173 Haec
1105 1117 1172 1172 de
1205 1132 1271 1172 eo
1300 1117 1444 1188 quod
1477 1117 1736 1187 scriptum
1765 1125 1851 1172 est
1881 1135 1895 1172 :
1925 1117 2164 1186 Comple-

587 1219 699 1262 tum
731 1217 806 1263 est
833 1219 1033 1280 tempus
1065 1219 1123 1262 ut
1144 1219 1372 1278 pareret.
1439 1207 1973 1279 Congratulabantur
2001 1208 2162 1262 matri

585 1302 704 1369 ejus
749 1301 912 1356 vicini
944 1309 1015 1370 et
1046 1302 1300 1372 cognati,
1327 1311 1380 1356 et
1401 1301 1656 1357 volebant
1688 1300 1744 1354 in
1772 1301 2032 1356 honorem
2068 1316 2164 1370 pa-

588 1394 686 1448 tris
715 1408 883 1463 puero
913 1407 1110 1448 nomen
1145 1408 1369 1463 ponere,
1420 1401 1478 1447 ut
1532 1402 1817 1448 vocaretur
1849 1391 2159 1447 Zacharias.

586 1483 754 1538 Porro
781 1483 1080 1548 Elisabeth,
1115 1493 1307 1539 sancto
1329 1482 1534 1553 Spiritu
1563 1493 1908 1554 suggerente,
1943 1485 2157 1542 aiebat:

585 1577 814 1631 Joannes
837 1585 914 1630 est
952 1591 1139 1630 nomen
1169 1575 1306 1646 ejus.
1372 1575 1571 1630 Deinde
1601 1591 1724 1630 cum
1749 1575 1825 1630 illi
1854 1581 2050 1632 causas
2071 1578 2162 1647 ju-

587 1679 702 1726 stas
734 1678 1042 1740 quaererent
1067 1684 1165 1724 cur
1190 1667 1431 1722 Joannes
1471 1667 1816 1736 potissimum
1851 1677 2158 1736 vocaretur,

585 1775 711 1820 cum
763 1760 818 1815 in
868 1775 1064 1830 genere
1099 1760 1273 1830 ipsius
1300 1760 1486 1815 nullus
1517 1760 1740 1814 haberet
1784 1759 1888 1815 hoc
1936 1774 2156 1823 nomen,

2270 578 2353 625 est
2399 569 2643 640 angelus,
2695 568 2980 624 mensibus
3029 567 3230 631 tribus,
3279 574 3336 618 ut
3380 578 3480 634 per
3521 559 3843 617 inen‘abilem

2270 660 2563 731 quamdam
2596 661 2874 726 virtutem,
2903 674 3009 714 non
3044 657 3221 712 solum
3251 653 3523 709 Joannem
3547 692 3565 718 ,
3596 651 3744 706 sicut
3768 652 3848 705 de-

2269 754 2400 808 dum
2427 752 2690 818 diximus,
2725 751 2818 807 sed
2849 751 3013 805 etiam
3051 749 3396 810 Zachariam,
3425 753 3488 800 ut
3516 759 3674 798 nunc
3695 757 3849 798 evan-

2270 847 2475 915 gelicus
2504 861 2685 901 sermo
2710 844 3224 912 declarat,pra;sens
3251 839 3503 894 Salvator
3534 837 3849 891 instrueret.

2269 936 2538 992 Paulatim
2564 937 2774 1008 fquippe
2796 943 2849 991 et
2879 935 2969 990 hic
2993 950 3091 1005 per
3136 943 3246 990 tres
3277 945 3494 987 menses
3521 928 3708 986 sancti
3738 927 3851 996 Spi-

2270 1030 2408 1086 ritus
2434 1038 2723 1100 augmenta
2759 1025 3025 1098 capiebat,
3058 1033 3114 1080 et
3144 1040 3268 1079 cum
3298 1021 3537 1077 nesciret
3557 1017 3849 1074 erudieba-

2269 1132 2393 1185 tur,
2431 1131 2485 1176 et
2528 1121 2595 1175 de
2624 1119 2844 1175 Christo
2890 1116 3232 1188 prophetavit
3278 1115 3467 1170 dicens
3494 1131 3511 1166 :
3549 1112 3659 1176 Qui
3710 1110 3851 1164 dedit

2271 1215 2677 1281 redemptionem
2707 1213 2900 1282 popqu
2924 1227 3019 1266 suo
3038 1250 3054 1274 ,
3084 1219 3133 1264 et
3160 1207 3435 1263 suscitauit
3460 1221 3628 1258 cornu
3660 1202 3850 1256 salutis

2271 1306 2418 1361 nobis
2447 1307 2501 1361 in
2525 1307 2681 1359 domo
2711 1304 2904 1370 David,
2947 1303 3002 1357 in
3036 1317 3144 1372 qua
3173 1300 3469 1356 secundum
3493 1311 3726 1352 carnem
3758 1312 3850 1349 na-

2271 1409 2358 1455 tus
2384 1407 2469 1454 est
2489 1397 2762 1452 Christus.
2803 1396 2871 1450 Et
2899 1409 3024 1449 vere
3045 1392 3177 1463 quia
3201 1390 3305 1446 fuit
3334 1405 3508 1445 cornu
3543 1388 3770 1450 salutis.
3798 1387 3849 1441 i

2268 1491 2432 1548 domo
2457 1489 2626 1544 David
2658 1487 2944 1559 prophetia
2983 1486 3088 1541 ista
3118 1484 3448 1540 concinitur.
3518 1481 3689 1535 Vinea
3715 1481 3852 1534 enim

2269 1585 2413 1654 facta
2451 1593 2526 1649 est
2569 1583 2624 1636 in
2664 1595 2825 1635 cornu
2847 1578 2915 1633 ".
2989 1578 3049 1632 In
3100 1591 3209 1647 quo
3254 1575 3460 1632 cornu?
3511 1574 3576 1628 In
3627 1573 3850 1628 Christo

2265 1674 2432 1739 Jesu,
2488 1675 2541 1729 in
2599 1673 2692 1728 illo
2741 1674 2793 1727 in
2841 1687 2952 1741 quo
2996 1685 3144 1724 nunc
3183 1668 3442 1724 scribitur
3493 1685 3506 1724 :
3558 1665 3850 1722 Suscitarit

2267 1783 2430 1821 cornu
2476 1765 2666 1820 salutis
2695 1763 2919 1818 nobisin
2949 1762 3104 1815 domu
3145 1759 3311 1814 David
3352 1759 3504 1828 pueri
3547 1759 3670 1822 sui,
3714 1758 3850 1811 sicut

587 1853 923 1922 interrogant
969 1856 1175 1920 patrem
1203 1891 1219 1916 ,
1270 1852 1364 1922 qui
1422 1867 1529 1906 non
1583 1854 1770 1907 valens
1835 1853 2162 1922 respondere
2193 1849 2233 1903 Β
2263 1857 2468 1911 locutus
2498 1866 2574 1911 est
2603 1872 2695 1926 per
2737 1871 2795 1909 os
2821 1864 3121 1908 sanctorum
3155 1868 3369 1905 suorum
3413 1851 3803 1920 prophetarum
3832 1866 3850 1902 :

585 1943 772 2014 (manu
796 1951 850 1997 et
881 1942 1075 1998 litteris
1116 1949 1201 1998 est
1242 1942 1503 2011 locutus).
1549 1942 1778 2011 Scripsit
1801 1942 1947 1996 enim
1975 1942 2028 1996 in
2057 1957 2161 2011 pu-

583 2035 757 2106 gillari
780 2076 794 2101 ,
829 2033 1062 2089 Joannes
1107 2043 1186 2088 est
1229 2050 1414 2088 nomen
1440 2035 1554 2103 ejus
1586 2051 1604 2088 :
1635 2032 1927 2103 statimque
1961 2041 2019 2086 ut
2050 2041 2163 2104 sty—

583 2127 670 2182 lus
694 2127 996 2197 impressus
1032 2135 1308 2193 estceraa,
1357 2127 1537 2194 lingua
1564 2167 1578 2192 ,
1625 2142 1747 2196 qua:
1791 2127 1944 2196 prius
1987 2124 2162 2179 fuerat

580 2215 800 2281 vincta,
848 2215 1026 2270 laxata
1057 2224 1158 2270 est.
1212 2213 1435 2284 Recepit
1468 2216 1785 2286 eloquium,
1830 2231 1934 2269 non
1964 2215 2160 2269 huma-

581 2323 745 2373 num,
776 2307 1035 2377 quoniam
1065 2307 1230 2377 ligata
1264 2307 1367 2363 fuit
1397 2308 1581 2379 lingua
1610 2307 1761 2377 ejus;
1802 2306 2038 2361 humana
2077 2317 2162 2360 ta-

582 2415 708 2454 men
753 2413 861 2453 non
908 2399 1030 2452 fuit.
1109 2397 1372 2455 Vinxerat
1415 2400 1560 2454 enim
1612 2413 1732 2453 eam
1783 2397 2155 2464 incredulitas.

581 2488 775 2545 Statim
814 2498 871 2544 ut
900 2491 1077 2546 soluta
1104 2500 1221 2556 est,
1272 2492 1513 2545 humana
1555 2505 1676 2546 esse
1721 2489 1960 2555 desinit,
1994 2496 2051 2544 et
2080 2488 2160 2543 lo-

579 2583 846 2653 quebatur
877 2583 1202 2639 benedicens
1253 2582 1420 2638 Deum
1441 2623 1455 2647 ,
1492 2591 1541 2637 et
1574 2582 1914 2652 prophetarit
1943 2596 2005 2636 ea
2037 2595 2159 2650 quae

583 2676 788 2745 scripta
815 2686 944 2731 sunt
972 2675 1026 2729 in
1053 2674 1346 2746 Evangelio
1365 2715 1379 2739 ,
1411 2675 1478 2728 de
1504 2674 1724 2742 quibus,
1748 2673 2018 2743 praebente
2050 2672 2157 2727 Do-

580 2767 730 2821 mino
777 2764 907 2822 Jesu
952 2766 1202 2833 Christo,
1239 2781 1362 2822 cum
1413 2775 1625 2836 tempus
1671 2765 1867 2831 fuerit,
1914 2766 2150 2822 dissere-

555 2873 703 2918 .mus
728 2875 742 2912 :
767 2858 855 2912 cui
887 2868 970 2912 est
1000 2858 1169 2929 gloria
1195 2866 1249 2914 et
1277 2858 1563 2928 imperium
1605 2858 1660 2912 in
1690 2858 1888 2914 saecula
1921 2857 2151 2913 saeculo-

578 2963 720 3004 rum.
761 2951 952 3004 Amen.

1170 3059 1455 3117 HOMILEA
1492 3061 1561 3117 Χ.

578 3171 656 3226 De
682 3189 740 3228 eo
770 3175 908 3243 quod
955 3174 1210 3244 scriptum
1251 3186 1380 3229 est:
1420 3195 1438 3225 ι
1483 3174 1675 3228 Plenus
1719 3173 1925 3244 Spiritu
1973 3184 2155 3229 sancto
2185 3184 2226 3238 ο

649 3244 1015 3312 prophetavit,
1069 3263 1087 3293 ι
1154 3261 1315 3312 usque
1363 3247 1431 3298 ad
1476 3261 1593 3297 eum
1652 3245 1822 3298 locant
1877 3247 1961 3298 ubi
2011 3249 2089 3299 ait
2133 3261 2154 3301 :

655 3314 981 3385 r_Antecedet
1010 3314 1148 3366 enim
1181 3330 1360 3366 coram
1385 3314 1606 3366 Domino
1627 3329 1816 3381 parare
1838 3317 1948 3369 vias
1975 3321 2108 3385 ejus.
2127 3334 2148 3370 ο

655 3382 788 3450 Cap.
817 3397 855 3434 I.

648 3490 850 3546 Plenus
898 3489 1108 3562 Spiritu
1154 3501 1346 3549 sancto
1395 3492 1708 3562 Zacharias,
1745 3497 1884 3553 duas
1923 3499 2157 3568 prophe-

577 3583 684 3639 tias
716 3585 1044 3654 generaliter
1090 3585 1337 3652 nuntiat,
1365 3587 1596 3657 primam
1637 3589 1706 3643 de
1735 3587 1956 3645 Christo
1979 3630 1993 3655 ,
2022 3591 2155 3646 alte-

577 3690 696 3729 ram
731 3675 798 3729 de
823 3672 1052 3730 Joanne.
1115 3674 1270 3742 Quod
1313 3676 1600 3734 manifeste
1645 3679 1712 3734 de
1759 3681 1940 3736 verbis
1985 3681 2156 3751 ipsius

489 3794 500 3800 -
575 3767 938 3837 approbatur.
994 3769 1046 3823 in
1079 3769 1280 3840 quibus
1311 3772 1468 3840 quasi
1513 3771 1580 3827 de
1609 3775 1896 3842 praesentia
1917 3814 1932 3839 ,
1975 3782 2030 3829 et
2061 3775 2156 3844 qui

574 3867 888 3914 versaretur
923 3861 976 3915 in
1019 3862 1223 3917 mundo
1256 3863 1494 3932 loquitur
1543 3864 1842 3920 Salvatoris
1866 3907 1880 3929 .
1931 3880 1996 3920 ac
2029 3866 2154 3920 dein

574 3954 643 4010 de
683 3953 845 4025 9&3
893 3954 1101 4010 Joanne
1158 3973 1171 4010 :
1229 3953 1471 4025 Repletus
1525 3959 1663 4011 enim
1718 3955 1922 4026 Spiritu
1969 3966 2152 4012 sancto

573 4047 902 4117 prophetarit
923 4048 1100 4101 dicens
1127 4064 1145 4101 :
1176 4046 1488 4102 Benedictus
1509 4048 1768 4103 Dominus
1787 4049 1926 4104 Deus
1957 4048 2150 4117 Israel,

571 4140 700 4210 quia
731 4140 960 4193 uisitauit
989 4149 1038 4194 et
1067 4141 1191 4210 fecit
1220 4142 1627 4212 redemptionem
1670 4141 1835 4211 plebis
1868 4157 1998 4196 suae.
2061 4141 2150 4196 Vi-

574 4231 772 4287 sitante
787 4237 930 4286 enim
947 4241 1001 4288 et
1023 4231 1131 4287 Deo
1156 4234 1369 4290 volente
1391 4234 1657 4289 redimere
1679 4235 1937 4305 populum
1964 4250 2146 4303 suum,

636 4373 683 4405 οδ
713 4371 798 4426 lsa
828 4387 880 4438 ν,
910 4371 960 4425 ί.
1035 4373 1079 4404 ’⁸
1107 4371 1318 4430 Coloss.
1355 4389 1404 4440 ι,
1432 4371 1502 4426 20

641 4501 1024 4578 (‘_27)_‘l§:edem
1077 4503 1290 4578 schelius
1322 4522 1351 4578 _:
1404 4503 1493 4569 Ὦς
1531 4507 1652 4578 γὰρ

569 4575 728 4645 ἡμῶν
767 4573 1163 4645 ’ᾼβραᾲμικαὶ
1201 4575 1382 4629 Ἰσαὰκ
1405 4615 1421 4637 ,
1460 4573 1810 4640 καὶἾὰκὼϐ,
1843 4579 1934 4631 καὶ
1972 4573 2092 4643 ὅλός
2119 4582 2147 4632 ὁ

570 4642 728 4719 χρρὸς
771 4642 878 4694 τῶεἰ
919 4642 1800 4719 ᾲγίωνῌτεροφητῷν-καὶ»δικαίων
1827 4648 2147 4719 ἀπήλαυσαν

569 4711 671 4788 ea;
700 4711 1121 4788 rgapouoiagjoﬁ
1149 4711 1404 4788 Χριςέὲοῆ.
1436 4717 1499 4768 El
1522 4717 1628 4788 γὰρ
1655 4711 2030 4788 εἰρηνοποίήσε
2059 4719 2148 4774 διὰ

569 4782 664 4858 τεοὖ
690 4782 918 4858 stipare;
943 4781 1036 4858 τῷ
1067 4781 1298 4858 σταψρᾳῦ
1334 4786 1496 4858 adeo:
1601 4781 1664 4858 es
1692 4781 1838 4858 senii
1862 4791 1930 4858 γῇ
1956 4781 2053 4842 ὶιαὶ
2079 4790 2148 4842 τὰ

571 4856 629 4906 ὲν
655 4854 767 4922 τοῖς
787 4853 1036 4922 οὐρανοῖς
1064 4853 1213 4922 natet
1227 4855 1316 4906 τὸν
1343 4853 1480 4908 Θείον
1520 4853 1837 4910 Ἀπόστολοῆ
1859 4853 1942 4910 (ξι
1971 4861 2150 4922 ὀκνεῖς

573 4919 978 5006 πᾳραδέξαὰῼαι
1011 4919 1226 5006 erraui
1251 4924 1384 5006 πρρς
1427 4927 1560 5006 ξτρὺς
1592 4927 1833 5006 γεραιτέροις
1874 4919 2149 5006 ξπιεξκοπῆ

571 4992 796 5070 ﬁrmis,
827 4993 922 5047 καὶ
945 4992 1102 5070 rubro
1126 4995 1260 5070 nale;
1292 4992 1381 5070 et»;
1423 4995 1554 5066 ᾅδην
1579 4992 1747 5070 αι)τοῦ
1777 4997 1957 5065 ἄφιξις
1988 4992 2152 5070 ἐπραζ

571 5063 952 5135 γματεύσατο;
990 5062 1057 5136 l_}t
1084 5062 1222 5119 enim
1258 5062 1522 5136 arbitror,
1563 5068 1725 5120 etiam
1756 5062 1931 5136 patres
1979 5062 2150 5123 nostri

569 5132 876 5198 Abraham,
905 5144 954 5189 et
990 5132 1180 5200 Isaac,
1228 5145 1278 5189 et
1317 5133 1516 5203 Iacob,
1549 5148 1598 5192 et
1644 5132 1915 5193 uniuersus
1959 5141 2149 5194 chorus

571 5215 878 5258 sanctorum
919 5204 1032 5274 ejus
1079 5206 1448 5276 praphet_arunt
1502 5216 1550 5261 et
1595 5207 1899 5276 justorum,
1953 5208 2150 5265 Christi

572 5276 857 5350 prtcsentia
897 5276 1059 5350 fruiti
1083 5290 1227 5329 sunt.
1271 5274 1332 5330 Si
1364 5277 1503 5350 enim
1539 5274 1701 5346 juxta
1740 5279 1976 5333 divinum
2008 5280 2152 5350 Apo-

572 5345 766 5420 stolum
803 5361 895 5413 per
913 5346 1091 5420 crucis
1131 5345 1578 5420 sutcsanguinem
1606 5350 1905 5420 paciﬁcarit
1937 5366 1999 5403 ea
2034 5345 2152 5420 qua:

574 5413 629 5488 in
661 5425 805 5468 terra
830 5426 880 5468 et
911 5431 1029 5485 qute
1075 5416 1128 5469 in
1161 5415 1309 5488 coriis
1344 5413 1498 5484 sunt,
1530 5413 1656 5488 quid
1703 5413 1914 5473 dubitas
1944 5413 2152 5474 credere

575 5483 748 5551 ipsum
769 5483 970 5558 quoque
986 5495 1174 5558 patres
1202 5483 1554 5558 ivisitasse,7et
1589 5488 1702 5558 ejus
1727 5489 1797 5543 ad
1825 5490 2020 5558 inferos
2055 5491 2152 5544 ad-

573 5563 781 5623 uentum
813 5556 909 5623 hoc
937 5556 1215 5623 eﬂ’ecisse?
1241 5555 1461 5613 Βωευε.

646 5621 758 5700 (ἓξ)
801 5621 1121 5700 Suspiiiatur
1157 5626 1387 5700 Huetius
1421 5628 1726 5700 ccclestium
1758 5631 2003 5698 nomine,
2031 5631 2154 5700 qui-

574 5691 680 5778 buls
703 5690 982 5778 Dominica
1017 5695 1352 5778 dispensatio
1386 5697 1651 5778 profuerit
1674 5741 1688 5765 ,
1724 5716 1832 5754 non
1865 5690 2154 5778 n_tod'o:an-

576 5762 818 5833 gelorum
863 5762 1120 5831 ordines;
1153 5767 1244 5822 sed
1273 5774 1326 5822 ct
1359 5762 1536 5825 sidera
1585 5762 1700 5840 ipsa
1731 5771 1910 5827 notari
1939 5772 2007 5828 ab
2030 5769 2155 5827 Ori-

2264 1947 2493 2001 salutem
2521 1962 2587 2000 ea:
2613 1946 2842 2000 inimicis
2878 1945 3095 1998 nostris.
3151 1941 3268 1997 Non
3301 1951 3561 2012 putemus
3607 1957 3758 1996 nunc
3786 1941 3850 1996 de

2263 2038 2644 2108 corporalibus
2677 2037 2915 2092 inimicis
2945 2035 3076 2099 dici,
3107 2035 3203 2090 sed
3233 2033 3298 2088 de
3328 2032 3701 2102 spiritalibus.
3746 2030 3848 2086 Ve.

2263 2131 2344 2186 nit
2370 2132 2515 2187 enim
2550 2128 2815 2184 Dominus
2842 2127 3004 2184 Jesus
3032 2125 3188 2181 fortis
3212 2125 3266 2179 in
3297 2125 3517 2195 praelia,
3564 2125 3848 2179 destruere

2261 2239 2453 2280 omnes
2486 2223 2740 2279 inimicos
2789 2231 3031 2288 nostros,
3066 2230 3126 2276 ut
3170 2234 3272 2274 nos
3305 2218 3372 2273 de
3397 2217 3625 2272 insidiis
3657 2232 3842 2272 eorum

2262 2315 2536 2369 liberaret.
2559 2312 2636 2367 De
2657 2329 2816 2366 manu
2832 2311 3169 2365 inimicorum
3195 2318 3498 2363 nostrorum
3523 2315 3576 2361 et
3600 2308 3669 2360 de
3691 2323 3844 2359 manu

2259 2421 2441 2460 eorum
2479 2404 2572 2474 qui
2615 2419 2709 2457 nos
2753 2402 2995 2457 oderunt.
3039 2399 3239 2454 Facere
3272 2399 3706 2453 misericordiam
3731 2415 3844 2452 cum

2259 2498 2499 2567 patribus
2526 2495 2722 2551 nostris
2743 2493 2880 2566 (27).
2902 2493 3016 2566 Ego
3041 2502 3173 2564 puto
3195 2491 3360 2562 quod,
3381 2490 3435 2544 in
3467 2490 3713 2544 adventu
3747 2489 3842 2543 Do.

2261 2586 2394 2640 mini
2431 2585 2769 2650 Salvatoris,
2811 2594 2865 2640 et
2907 2585 3218 2646 Abraham,
3256 2590 3310 2637 et
3357 2580 3551 2644 Isaac,
3596 2594 3656 2636 et
3680 2579 3846 2635 Jacob

2261 2676 2411 2733 fruiti
2457 2677 2569 2733 sint
2599 2676 2978 2732 misericordia
3009 2675 3128 2730 Dei.
3184 2672 3369 2743 Neque
3398 2674 3547 2728 enim
3585 2673 3848 2728 credibile

2257 2779 2361 2834 est,
2384 2778 2446 2824 ut
2466 2767 2560 2838 qui
2591 2768 2744 2838 prius
2766 2767 3014 2822 viderent
3045 2767 3187 2822 diem
3216 2766 3382 2834 illius,
3407 2776 3460 2820 et
3491 2766 3662 2820 laetati
3693 2775 3846 2829 sunt,

2259 2869 2445 2930 postea
2476 2859 2530 2914 in
2560 2860 2796 2915 adventu
2828 2860 3001 2929 ipsius
3021 2900 3038 2925 ,
3081 2868 3135 2914 et
3173 2857 3454 2913 nativitate
3494 2859 3567 2914 de
3599 2857 3848 2930 Virgine,

2258 2954 2396 3010 nihil
2447 2953 2700 3009 utilitatis
2746 2953 3077 3023 acceperint.
3139 2950 3203 3005 Et
3252 2949 3383 3021 quid
3413 2950 3484 3004 de
3510 2949 3850 3020 patriarchis

2258 3045 2490 3116 loquor?
2525 3043 2608 3099 Ad
2650 3044 2844 3099 altiora
2893 3042 3300 3114 Scripturarum
3333 3043 3730 3098 auctoritatem
3765 3057 3844 3096 se

2259 3149 2432 3204 quens
2465 3134 2725 3190 audacter
2750 3135 3042 3190 ascendam
3064 3174 3080 3200 ,
3126 3132 3382 3203 quoniam
3413 3131 3716 3201 praesentia
3743 3130 3850 3185 Do-

2261 3227 2393 3282 mini
2424 3225 2553 3282 Jesu
2599 3236 2656 3281 et
2697 3227 3034 3296 dispensatio
3070 3225 3214 3280 illius
3245 3239 3352 3278 non
3386 3224 3572 3279 solum
3603 3232 3846 3287 terrena,

2261 3319 2355 3374 sed
2381 3319 2546 3373 etiam
2580 3316 2692 3388 (28)
2723 3317 2964 3372 coelestia
3008 3315 3229 3385 juverit.
3267 3312 3422 3369 Unde
3461 3323 3520 3368 et
3547 3314 3848 3384 Apostolus

2261 3412 2338 3466 ait
2363 3413 2408 3444 ”
2441 3430 2454 3465 :
2489 3409 2684 3465 Pacem
2711 3410 2910 3480 faciens
2935 3425 3026 3479 per
3050 3409 3354 3479 sanguinem
3379 3408 3560 3462 crucis
3581 3423 3727 3471 sure,
3747 3410 3848 3460 sire

2261 3519 2416 3574 super
2442 3513 2638 3557 terram
2657 3543 2674 3570 ,
2715 3504 2822 3557 sive
2845 3503 2898 3556 in
2917 3501 3080 3556 caelis.
3141 3499 3198 3555 Si
3230 3510 3411 3555 autem
3444 3500 3498 3552 in
3529 3500 3694 3554 caelis
3718 3509 3774 3554 et
3796 3502 3845 3552 in

2263 3604 2408 3651 terra
2435 3595 2723 3665 praesentia
2750 3594 2963 3649 Domini
3011 3591 3249 3663 profuit,
3287 3607 3386 3648 cur
3421 3607 3632 3662 paveas
3669 3592 3845 3646 dicere

2260 3689 2409 3760 quod
2453 3688 2718 3744 adventus
2760 3689 2905 3743 illius
2953 3689 3115 3744 etiam
3160 3687 3462 3757 majoribus
3509 3686 3759 3756 profuit,
3791 3697 3847 3741 ut

2260 3783 2549 3852 impleatur
2576 3783 2721 3853 quod
2750 3783 2951 3837 dicitur
2983 3801 2996 3837 :
3029 3782 3228 3837 Facere
3265 3781 3701 3834 misericordiam
3729 3797 3843 3834 cum

2256 3875 2498 3945 patribus
2531 3876 2749 3938 nostris,
2781 3884 2830 3929 et
2865 3875 3135 3928 recordari
3166 3876 3467 3927 testamenti
3507 3875 3697 3926 amicti
3743 3875 3841 3936 sui,

2247 3968 2545 4036 juramenti
2570 3967 2710 4038 quod
2729 3967 2935 4037 jurauit
2959 3967 3028 4018 ad
3052 3965 3317 4020 Abraham
3341 3974 3553 4034 patrem
3578 3975 3840 4029 nostrum,

2255 4068 2311 4113 ut
2337 4061 2491 4114 daret
2517 4059 2666 4114 nobis
2692 4059 2886 4130 absque
2910 4064 3097 4114 timore
3122 4060 3186 4112 de
3211 4073 3370 4111 manu
3393 4057 3749 4110 inimicorum
3781 4056 3844 4108 li-

2255 4151 2470 4208 berari?
2498 4151 2610 4222 (29)
2651 4151 2857 4207 Crebro
2903 4153 2970 4207 de
3004 4151 3241 4206 hostium
3285 4164 3450 4204 manu
3500 4149 3681 4218 aliqui
3714 4149 3842 4202 libe-

2255 4251 2468 4310 rantur,
2522 4241 2618 4298 sed
2664 4257 2773 4298 non
2808 4243 3014 4299 absuue
3062 4242 3276 4297 timore.
3315 4240 3455 4296 Cum
3481 4240 3634 4294 enim
3665 4251 3843 4294 metus

1711 4501 1862 4580 ρϊμαι
1906 4507 2146 4580 πατέρες

2261 4523 2414 4580 gene,
2468 4510 2667 4580 quippe
2708 4525 2831 4580 quae
2881 4525 2988 4564 non
3031 4509 3212 4563 anima
3247 4508 3442 4580 modo,
3481 4508 3578 4563 sed
3617 4510 3837 4566 ratione

2248 4579 2410 4634 etiam
2457 4579 2680 4651 praedita
2730 4579 3033 4634 arbitratus
3089 4580 3179 4651 sit.
3240 4579 3372 4646 Quae
3401 4589 3586 4651 autem
3625 4581 3839 4637 ratione

2250 4649 2485 4719 pollent“,
2519 4659 2743 4721 peccato
2773 4666 2893 4705 esse
2918 4650 3153 4705 obnoxia
3175 4690 3189 4712 ,
3229 4659 3284 4704 et
3322 4649 3652 4721 purgatione.
3697 4653 3840 4706 indi-

2252 4736 2375 4789 gere
2422 4738 2437 4773 :
2489 4719 2635 4790 quod
2679 4721 2920 4790 cilicium
2976 4721 3082 4776 illis
3127 4728 3300 4774 morte
3333 4719 3778 4790 sua’exhibitum
3808 4739 3836 4774 ει

2251 4791 2471 4844 Christo
2502 4789 2809 4844 crediderit.
2867 4789 3069 4844 Confer
3091 4790 3253 4858 paulo
3282 4789 3510 4843 inferius
3540 4789 3739 4844 homil.
3768 4793 3838 4845 25

2249 4869 2303 4914 et
2333 4875 2455 4930 qua:
2489 4861 2561 4914 ibi
2604 4862 2670 4915 de
2711 4861 3012 4916 caelestium
3061 4857 3389 4928 potestatum
3414 4857 3691 4930 profectu
3746 4876 3837 4930 per

2251 4929 2464 5001 Christi
2510 4941 2738 4986 mortem
2784 4941 2948 5001 atque
2982 4931 3239 4986 Ecclesiae
3283 4929 3834 5000 pradicationcm’ex

2251 5000 2578 5057 Oriaeniana
2614 5000 2880 5057 sententia
2913 5000 3169 5056 dicimus.

2330 5019 2342 5054 ι
2384 5019 2578 5055 emana
2614 5019 2880 5057 sententia
2913 5019 3169 5056 uicimus.

2325 5019 2436 5142 (ἐῢ)
2479 5070 2692 5126 Eaedem
2724 5073 2957 5136 schedaa,
2979 5081 3032 5125 ct
3061 5069 3331 5142 Macarius
3351 5067 3833 5142 Chrysocepbalus

2251 5139 2352 5196 ms.
2383 5139 2523 5196 orat.
2560 5144 2582 5195 i
2619 5143 2671 5196 in
2704 5152 2887 5196 ortum
2923 5141 3096 5212 sancti
3122 5139 3390 5212 Joannis:
3432 5139 3657 5212 Ἐπειδὴ
3700 5142 3832 5194 πολι

2250 5212 2406 5291 iam;
2433 5212 2651 5291 έύςινται
2673 5228 2816 5291 τινες
2837 5211 3107 5291 ἐκβχξιρὸς
3129 5209 3360 5291 ὲχθρῶγ,
3385 5210 3525 5291 μετὰ
3549 5209 3723 5291 φόϐῳ
3747 5212 3826 5291 se.

2249 5281 2337 5336 διὰ
2365 5281 2522 5336 τοῦτό
2553 5299 2713 5353 φησι·
2757 5281 2866 5335 Τοῦ
2893 5281 3101 5353 bonum
3134 5281 3280 5353 ἡμῖν
3307 5281 3573 5353 ἀφόϐως,
3625 5283 3720 5335 καὶ
3768 5283 3832 5335 si

2252 5353 2401 5423 ἑξῆς.
2444 5353 2554 5406 Καὶ
2597 5351 2704 5423 γὰρ
2729 5353 2761 5420 ὴ
2791 5351 3024 5423 Χριστρῦ
3059 5351 3322 5423 ἐπιδημία
3353 5352 3829 5423 π-εετοξηκεννὴμᾶς

2251 5420 2467 5491 ἀφόϐως
2508 5425 2571 5475 ὲκ
2611 5420 2792 5504 χειρὸς
2828 5420 3036 5504 ἑχθριῖέν
3073 5420 3233 5503 ἡμῶν
3279 5420 3563 5542 ἓυςθῆναι.
3606 5422 3686 5473 Οὐ
3709 5420 3829 5506 ίγὰίρ

2251 5492 2489 5542 ἡσθάνθη
2502 5510 2597 5542 usu
2629 5509 2728 5542 τηε
2760 5491 3050 5542 ὲπιὸουλτιε
3079 5509 3188 5542 των
3218 5492 3278 5542 sy
3319 5508 3459 5542 οων.
3488 5490 3606 5542 ἀλλ’
3649 5493 3827 5542 diove-

2291 5490 2490 5577 cespes
2500 5510 2597 5562 μεν
2611 5490 2728 5577 es;
2745 5490 3050 5577 ~ém6'oolijg
3079 5490 3188 5577 γῶν
3218 5490 3426 5577 ὲχθρῷν
3444 5531 3473 5577 ,Ι
3488 5490 3606 5543 ἀλλ’
3620 5563 3635 5577 .
3649 5490 3827 5577 αξφηῖ-

2283 5580 2359 5642 ιο)
2384 5561 2802 5642 ἦρτὲὰεξεν-ήμᾶς
2821 5603 2835 5626 ,
2852 5561 3210 5642 peruecta;
3235 5561 3328 5642 ᾁπ⁴
3360 5561 3584 5642 insistunt
3616 5563 3713 5642 ξπὶ
3729 5561 3828 5642 ξὺν

2253 5630 2456 5706 κλῆρὸὺ
2486 5633 2580 5706 καὶ.
2603 5630 2707 5703 τὴῆἱ
2728 5630 2930 5706 μερίδα
2962 5630 3149 5706 aerei").
3181 5632 3279 5706 Adi
3306 5631 3400 5706 διαὶ
3426 5633 3590 5706 ἡμεῖς
3617 5630 3826 5706 beneflc-

2255 5701 2667 5774 μξιϊλατρεύψξ
2683 5701 2830 5774 αὖτῷ
2852 5706 2909 5756 ἐν
2936 5703 3293 5774 determinat
3318 5701 3634 5774 δικαιοσύνῃ
3659 5718 3672 5730 ·
3693 5703 3824 5774 ὅπερ

2253 5771 2313 5827 οὐ
2343 5771 2552 5842 γίνεται
2589 5773 2676 5829 διά
2709 5771 2830 5831 τινὰ
2861 5773 3082 5843 καιρὸν,
3105 5771 3457 5836 ’ἁλλὰ-πάσας
3483 5771 3703 5843 ὴμὲρας
3728 5772 3820 5841 τῆς
