  <div class='ocr_page' id='page_1' title='image "/cluster/home/n/w/nwhite01/storage/ocr_20150623/13/hvd.32044019207646/945.png"; bbox 0 0 4002 6548; ppageno 0'>
   <div class='ocr_carea' id='block_1_1' title="bbox 601 385 732 442">
    <p class='ocr_par' dir='ltr' id='par_1_1' title="bbox 601 385 732 442">
     <span class='ocr_line' id='line_1_1' title="bbox 601 385 732 442; baseline 0 -1"><span class='ocrx_word' id='word_1_1' title='bbox 601 385 732 442; x_wconf 67' lang='lat'><strong>[89.7</strong></span> 
     </span>
    </p>
   </div>
   <div class='ocr_carea' id='block_1_2' title="bbox 2076 379 2398 437">
    <p class='ocr_par' dir='ltr' id='par_1_2' title="bbox 2076 379 2398 437">
     <span class='ocr_line' id='line_1_2' title="bbox 2076 379 2398 437; baseline 0.006 -2"><span class='ocrx_word' id='word_1_2' title='bbox 2076 379 2398 437; x_wconf 72' lang='lat' dir='ltr'><strong>ORlGENlS</strong></span> 
     </span>
    </p>
   </div>
   <div class='ocr_carea' id='block_1_3' title="bbox 3723 375 3842 430">
    <p class='ocr_par' dir='ltr' id='par_1_3' title="bbox 3723 375 3842 430">
     <span class='ocr_line' id='line_1_3' title="bbox 3723 375 3842 430; baseline -0.034 -1"><span class='ocrx_word' id='word_1_3' title='bbox 3723 378 3738 429; x_wconf 79' lang='grc' dir='ltr'><strong>Ι</strong></span> <span class='ocrx_word' id='word_1_4' title='bbox 3749 375 3842 430; x_wconf 68' lang='grc' dir='ltr'><strong>8Ξ3</strong></span> 
     </span>
    </p>
   </div>
   <div class='ocr_carea' id='block_1_4' title="bbox 599 494 3846 579">
    <p class='ocr_par' dir='ltr' id='par_1_4' title="bbox 599 494 3846 579">
     <span class='ocr_line' id='line_1_4' title="bbox 599 494 3846 579; baseline -0.004 -13"><span class='ocrx_word' id='word_1_5' title='bbox 599 527 702 566; x_wconf 81' lang='lat' dir='ltr'><strong>non</strong></span> <span class='ocrx_word' id='word_1_6' title='bbox 752 518 838 565; x_wconf 89' lang='lat' dir='ltr'><strong>est</strong></span> <span class='ocrx_word' id='word_1_7' title='bbox 885 509 946 564; x_wconf 80' lang='lat' dir='ltr'><strong>in</strong></span> <span class='ocrx_word' id='word_1_8' title='bbox 971 517 1158 565; x_wconf 79' lang='lat' dir='ltr'><strong>nostra</strong></span> <span class='ocrx_word' id='word_1_9' title='bbox 1201 513 1489 579; x_wconf 70' lang='lat' dir='ltr'><strong>potestate.</strong></span> <span class='ocrx_word' id='word_1_10' title='bbox 1547 503 1682 571; x_wconf 82' lang='lat' dir='ltr'><strong>Quis</strong></span> <span class='ocrx_word' id='word_1_11' title='bbox 1709 502 1853 557; x_wconf 88' lang='lat' dir='ltr'><strong>enim</strong></span> <span class='ocrx_word' id='word_1_12' title='bbox 1890 501 2168 556; x_wconf 87' lang='lat' dir='ltr'><strong>hominum</strong></span> <span class='ocrx_word' id='word_1_13' title='bbox 2203 509 2243 564; x_wconf 70' lang='grc' dir='ltr'><strong>Α</strong></span> <span class='ocrx_word' id='word_1_14' title='bbox 2279 499 2538 556; x_wconf 81' lang='lat' dir='ltr'><strong>Dominus</strong></span> <span class='ocrx_word' id='word_1_15' title='bbox 2561 498 2723 572; x_wconf 68' lang='grc'><strong>945</strong></span> <span class='ocrx_word' id='word_1_16' title='bbox 2765 499 3104 570; x_wconf 88' lang='lat' dir='ltr'><strong>responderit</strong></span> <span class='ocrx_word' id='word_1_17' title='bbox 3133 499 3206 553; x_wconf 89' lang='lat' dir='ltr'><strong>ei.</strong></span> <span class='ocrx_word' id='word_1_18' title='bbox 3249 496 3364 552; x_wconf 87' lang='lat' dir='ltr'><strong>lloc</strong></span> <span class='ocrx_word' id='word_1_19' title='bbox 3397 494 3684 560; x_wconf 72' lang='lat' dir='ltr'><strong>arbitror,</strong></span> <span class='ocrx_word' id='word_1_20' title='bbox 3713 511 3846 553; x_wconf 77' lang='lat' dir='ltr'><strong>certa</strong></span> 
     </span>
    </p>
   </div>
   <div class='ocr_carea' id='block_1_5' title="bbox 599 593 2172 666">
    <p class='ocr_par' dir='ltr' id='par_1_5' title="bbox 599 593 2172 666">
     <span class='ocr_line' id='line_1_5' title="bbox 599 593 2172 666; baseline -0.007 -11"><span class='ocrx_word' id='word_1_21' title='bbox 599 616 703 655; x_wconf 91' lang='lat' dir='ltr'><strong>non</strong></span> <span class='ocrx_word' id='word_1_22' title='bbox 751 600 880 655; x_wconf 89' lang='lat' dir='ltr'><strong>velit</strong></span> <span class='ocrx_word' id='word_1_23' title='bbox 919 599 987 653; x_wconf 91' lang='lat' dir='ltr'><strong>ad</strong></span> <span class='ocrx_word' id='word_1_24' title='bbox 1041 607 1309 652; x_wconf 85' lang='lat' dir='ltr'><strong>staturam</strong></span> <span class='ocrx_word' id='word_1_25' title='bbox 1359 612 1516 653; x_wconf 87' lang='lat' dir='ltr'><strong>suam</strong></span> <span class='ocrx_word' id='word_1_26' title='bbox 1565 595 1800 666; x_wconf 84' lang='lat' dir='ltr'><strong>adjicere</strong></span> <span class='ocrx_word' id='word_1_27' title='bbox 1820 593 1904 658; x_wconf 70' lang='grc' dir='ltr'><strong>θ’,</strong></span> <span class='ocrx_word' id='word_1_28' title='bbox 1956 601 2013 646; x_wconf 91' lang='lat' dir='ltr'><strong>ut</strong></span> <span class='ocrx_word' id='word_1_29' title='bbox 2059 593 2172 645; x_wconf 89' lang='lat' dir='ltr'><strong>Ion-</strong></span> 
     </span>
    </p>
   </div>
   <div class='ocr_carea' id='block_1_6' title="bbox 600 686 2174 762">
    <p class='ocr_par' dir='ltr' id='par_1_6' title="bbox 600 686 2174 762">
     <span class='ocr_line' id='line_1_6' title="bbox 600 686 2174 762; baseline -0.006 -16"><span class='ocrx_word' id='word_1_30' title='bbox 600 694 714 761; x_wconf 79' lang='lat' dir='ltr'><strong>gior</strong></span> <span class='ocrx_word' id='word_1_31' title='bbox 763 692 901 746; x_wconf 85' lang='lat' dir='ltr'><strong>ﬁat?</strong></span> <span class='ocrx_word' id='word_1_32' title='bbox 968 691 1026 746; x_wconf 86' lang='lat' dir='ltr'><strong>Si</strong></span> <span class='ocrx_word' id='word_1_33' title='bbox 1066 707 1193 762; x_wconf 87' lang='lat' dir='ltr'><strong>ergo</strong></span> <span class='ocrx_word' id='word_1_34' title='bbox 1243 699 1526 761; x_wconf 75' lang='lat' dir='ltr'><strong>propterea</strong></span> <span class='ocrx_word' id='word_1_35' title='bbox 1577 689 1711 760; x_wconf 75' lang='lat' dir='ltr'><strong>quid</strong></span> <span class='ocrx_word' id='word_1_36' title='bbox 1760 686 2070 758; x_wconf 71' lang='lat' dir='ltr'><strong>praecipitur</strong></span> <span class='ocrx_word' id='word_1_37' title='bbox 2115 695 2174 738; x_wconf 88' lang='grc' dir='ltr'><strong>ιιι</strong></span> 
     </span>
    </p>
   </div>
   <div class='ocr_carea' id='block_1_7' title="bbox 601 775 2174 856">
    <p class='ocr_par' dir='ltr' id='par_1_7' title="bbox 601 775 2174 856">
     <span class='ocr_line' id='line_1_7' title="bbox 601 775 2174 856; baseline -0.006 -16"><span class='ocrx_word' id='word_1_38' title='bbox 601 786 726 851; x_wconf 83' lang='lat' dir='ltr'><strong>fiat,</strong></span> <span class='ocrx_word' id='word_1_39' title='bbox 799 786 1027 840; x_wconf 89' lang='lat' dir='ltr'><strong>stultum</strong></span> <span class='ocrx_word' id='word_1_40' title='bbox 1095 792 1180 839; x_wconf 89' lang='lat' dir='ltr'><strong>est</strong></span> <span class='ocrx_word' id='word_1_41' title='bbox 1247 782 1447 853; x_wconf 85' lang='lat' dir='ltr'><strong>quippe</strong></span> <span class='ocrx_word' id='word_1_42' title='bbox 1513 781 1842 851; x_wconf 68' lang='lat' dir='ltr'><strong>pramipere,</strong></span> <span class='ocrx_word' id='word_1_43' title='bbox 1923 775 2072 856; x_wconf 80' lang='lat' dir='ltr'><strong>quod</strong></span> <span class='ocrx_word' id='word_1_44' title='bbox 2126 775 2174 830; x_wconf 92' lang='lat' dir='ltr'><strong>is</strong></span> 
     </span>
    </p>
   </div>
   <div class='ocr_carea' id='block_1_8' title="bbox 601 869 2178 949">
    <p class='ocr_par' dir='ltr' id='par_1_8' title="bbox 601 869 2178 949">
     <span class='ocr_line' id='line_1_8' title="bbox 601 869 2178 949; baseline -0.006 -15"><span class='ocrx_word' id='word_1_45' title='bbox 601 879 684 934; x_wconf 90' lang='lat' dir='ltr'><strong>cui</strong></span> <span class='ocrx_word' id='word_1_46' title='bbox 728 878 1046 949; x_wconf 55' lang='lat' dir='ltr'><strong>praecipias,</strong></span> <span class='ocrx_word' id='word_1_47' title='bbox 1113 876 1293 932; x_wconf 88' lang='lat' dir='ltr'><strong>facere</strong></span> <span class='ocrx_word' id='word_1_48' title='bbox 1344 889 1453 929; x_wconf 91' lang='lat' dir='ltr'><strong>non</strong></span> <span class='ocrx_word' id='word_1_49' title='bbox 1501 873 1676 944; x_wconf 90' lang='lat' dir='ltr'><strong>possit</strong></span> <span class='ocrx_word' id='word_1_50' title='bbox 1746 891 1760 927; x_wconf 88' lang='lat'><strong>:</strong></span> <span class='ocrx_word' id='word_1_51' title='bbox 1823 879 1874 926; x_wconf 87' lang='lat' dir='ltr'><strong>et</strong></span> <span class='ocrx_word' id='word_1_52' title='bbox 1924 869 2178 940; x_wconf 69' lang='lat' dir='ltr'><strong>praecipi-</strong></span> 
     </span>
    </p>
   </div>
   <div class='ocr_carea' id='block_1_9' title="bbox 601 963 2175 1035">
    <p class='ocr_par' dir='ltr' id='par_1_9' title="bbox 601 963 2175 1035">
     <span class='ocr_line' id='line_1_9' title="bbox 601 963 2175 1035; baseline -0.006 -10"><span class='ocrx_word' id='word_1_53' title='bbox 601 981 685 1026; x_wconf 90' lang='lat' dir='ltr'><strong>tur</strong></span> <span class='ocrx_word' id='word_1_54' title='bbox 744 972 900 1025; x_wconf 90' lang='lat' dir='ltr'><strong>nobis</strong></span> <span class='ocrx_word' id='word_1_55' title='bbox 970 978 1030 1025; x_wconf 91' lang='lat' dir='ltr'><strong>ut</strong></span> <span class='ocrx_word' id='word_1_56' title='bbox 1098 983 1448 1030; x_wconf 84' lang='lat' dir='ltr'><strong>crescamus,</strong></span> <span class='ocrx_word' id='word_1_57' title='bbox 1511 967 1704 1035; x_wconf 89' lang='lat' dir='ltr'><strong>utique</strong></span> <span class='ocrx_word' id='word_1_58' title='bbox 1757 963 1810 1018; x_wconf 90' lang='lat' dir='ltr'><strong>id</strong></span> <span class='ocrx_word' id='word_1_59' title='bbox 1865 963 2175 1034; x_wconf 62' lang='lat' dir='ltr'><strong>praecipitur</strong></span> 
     </span>
    </p>
   </div>
   <div class='ocr_carea' id='block_1_10' title="bbox 601 1055 2174 1136">
    <p class='ocr_par' dir='ltr' id='par_1_10' title="bbox 601 1055 2174 1136">
     <span class='ocr_line' id='line_1_10' title="bbox 601 1055 2174 1136; baseline -0.005 -17"><span class='ocrx_word' id='word_1_60' title='bbox 601 1063 746 1136; x_wconf 90' lang='lat' dir='ltr'><strong>quod</strong></span> <span class='ocrx_word' id='word_1_61' title='bbox 798 1063 975 1118; x_wconf 87' lang='lat' dir='ltr'><strong>facere</strong></span> <span class='ocrx_word' id='word_1_62' title='bbox 1035 1076 1138 1116; x_wconf 92' lang='lat' dir='ltr'><strong>non</strong></span> <span class='ocrx_word' id='word_1_63' title='bbox 1197 1075 1509 1131; x_wconf 89' lang='lat' dir='ltr'><strong>possumus.</strong></span> <span class='ocrx_word' id='word_1_64' title='bbox 1588 1057 1685 1112; x_wconf 85' lang='lat' dir='ltr'><strong>Vis</strong></span> <span class='ocrx_word' id='word_1_65' title='bbox 1721 1057 1862 1111; x_wconf 91' lang='lat' dir='ltr'><strong>scire</strong></span> <span class='ocrx_word' id='word_1_66' title='bbox 1898 1055 2174 1126; x_wconf 91' lang='lat' dir='ltr'><strong>quomodo</strong></span> 
     </span>
    </p>
   </div>
   <div class='ocr_carea' id='block_1_11' title="bbox 601 1146 2169 1225">
    <p class='ocr_par' dir='ltr' id='par_1_11' title="bbox 601 1146 2169 1225">
     <span class='ocr_line' id='line_1_11' title="bbox 601 1146 2169 1225; baseline -0.006 -16"><span class='ocrx_word' id='word_1_67' title='bbox 601 1155 948 1225; x_wconf 76' lang='lat' dir='ltr'><strong>intelligitur,</strong></span> <span class='ocrx_word' id='word_1_68' title='bbox 1007 1150 1279 1206; x_wconf 73' lang='lat' dir='ltr'><strong>Crescite?</strong></span> <span class='ocrx_word' id='word_1_69' title='bbox 1313 1150 1558 1206; x_wconf 89' lang='lat' dir='ltr'><strong>ausculta</strong></span> <span class='ocrx_word' id='word_1_70' title='bbox 1593 1148 1722 1219; x_wconf 90' lang='lat' dir='ltr'><strong>quid</strong></span> <span class='ocrx_word' id='word_1_71' title='bbox 1756 1147 1908 1203; x_wconf 88' lang='lat' dir='ltr'><strong>lsaac</strong></span> <span class='ocrx_word' id='word_1_72' title='bbox 1947 1146 2169 1211; x_wconf 83' lang='lat' dir='ltr'><strong>fecerit.</strong></span> 
     </span>
    </p>
   </div>
   <div class='ocr_carea' id='block_1_12' title="bbox 601 1239 2171 1317">
    <p class='ocr_par' dir='ltr' id='par_1_12' title="bbox 601 1239 2171 1317">
     <span class='ocr_line' id='line_1_12' title="bbox 601 1239 2171 1317; baseline -0.006 -16"><span class='ocrx_word' id='word_1_73' title='bbox 601 1248 663 1301; x_wconf 87' lang='lat' dir='ltr'><strong>de</strong></span> <span class='ocrx_word' id='word_1_74' title='bbox 691 1261 801 1317; x_wconf 92' lang='lat' dir='ltr'><strong>quo</strong></span> <span class='ocrx_word' id='word_1_75' title='bbox 833 1246 1030 1300; x_wconf 89' lang='lat' dir='ltr'><strong>dicitur</strong></span> <span class='ocrx_word' id='word_1_76' title='bbox 1056 1263 1070 1299; x_wconf 91' lang='lat'>:</span> <span class='ocrx_word' id='word_1_77' title='bbox 1107 1243 1267 1298; x_wconf 87' lang='lat' dir='ltr'><strong>Isaac</strong></span> <span class='ocrx_word' id='word_1_78' title='bbox 1296 1241 1602 1314; x_wconf 78' lang='lat' dir='ltr'><strong>proﬁciebat</strong></span> <span class='ocrx_word' id='word_1_79' title='bbox 1623 1281 1638 1306; x_wconf 87' lang='lat'><strong>,</strong></span> <span class='ocrx_word' id='word_1_80' title='bbox 1665 1249 1714 1294; x_wconf 90' lang='lat' dir='ltr'><strong>et</strong></span> <span class='ocrx_word' id='word_1_81' title='bbox 1753 1239 1928 1309; x_wconf 87' lang='lat' dir='ltr'><strong>major</strong></span> <span class='ocrx_word' id='word_1_82' title='bbox 1973 1239 2171 1308; x_wconf 88' lang='lat' dir='ltr'><strong>ﬁebat,</strong></span> 
     </span>
    </p>
   </div>
   <div class='ocr_carea' id='block_1_13' title="bbox 601 1332 2170 1406">
    <p class='ocr_par' dir='ltr' id='par_1_13' title="bbox 601 1332 2170 1406">
     <span class='ocr_line' id='line_1_13' title="bbox 601 1332 2170 1406; baseline -0.006 -14"><span class='ocrx_word' id='word_1_83' title='bbox 601 1340 763 1392; x_wconf 69' lang='lat' dir='ltr'><strong>Iones</strong></span> <span class='ocrx_word' id='word_1_84' title='bbox 810 1338 987 1406; x_wconf 80' lang='lat' dir='ltr'><strong>factus</strong></span> <span class='ocrx_word' id='word_1_85' title='bbox 1027 1346 1104 1390; x_wconf 86' lang='lat' dir='ltr'><strong>est</strong></span> <span class='ocrx_word' id='word_1_86' title='bbox 1154 1353 1409 1406; x_wconf 86' lang='lat' dir='ltr'><strong>magnus,</strong></span> <span class='ocrx_word' id='word_1_87' title='bbox 1459 1334 1536 1389; x_wconf 88' lang='lat' dir='ltr'><strong>vel</strong></span> <span class='ocrx_word' id='word_1_88' title='bbox 1583 1333 1903 1388; x_wconf 77' lang='lat' dir='ltr'><strong>vehementer</strong></span> <span class='ocrx_word' id='word_1_89' title='bbox 1951 1332 2170 1385; x_wconf 88' lang='lat' dir='ltr'><strong>nimis‘.</strong></span> 
     </span>
    </p>
   </div>
   <div class='ocr_carea' id='block_1_14' title="bbox 601 1422 2172 1494">
    <p class='ocr_par' dir='ltr' id='par_1_14' title="bbox 601 1422 2172 1494">
     <span class='ocr_line' id='line_1_14' title="bbox 601 1422 2172 1494; baseline -0.001 -17"><span class='ocrx_word' id='word_1_90' title='bbox 601 1424 828 1494; x_wconf 69' lang='lat' dir='ltr'><strong>Semper</strong></span> <span class='ocrx_word' id='word_1_91' title='bbox 859 1423 1002 1478; x_wconf 89' lang='lat' dir='ltr'><strong>enim</strong></span> <span class='ocrx_word' id='word_1_92' title='bbox 1032 1424 1284 1477; x_wconf 90' lang='lat' dir='ltr'><strong>voluntas</strong></span> <span class='ocrx_word' id='word_1_93' title='bbox 1308 1422 1452 1477; x_wconf 89' lang='lat' dir='ltr'><strong>illius</strong></span> <span class='ocrx_word' id='word_1_94' title='bbox 1483 1423 1547 1476; x_wconf 88' lang='lat' dir='ltr'><strong>ad</strong></span> <span class='ocrx_word' id='word_1_95' title='bbox 1583 1422 1804 1475; x_wconf 85' lang='lat' dir='ltr'><strong>meliora</strong></span> <span class='ocrx_word' id='word_1_96' title='bbox 1839 1436 1896 1476; x_wconf 91' lang='lat' dir='ltr'><strong>se</strong></span> <span class='ocrx_word' id='word_1_97' title='bbox 1927 1423 2172 1488; x_wconf 81' lang='lat' dir='ltr'><strong>tendens,</strong></span> 
     </span>
    </p>
   </div>
   <div class='ocr_carea' id='block_1_15' title="bbox 601 1514 2175 1586">
    <p class='ocr_par' dir='ltr' id='par_1_15' title="bbox 601 1514 2175 1586">
     <span class='ocr_line' id='line_1_15' title="bbox 601 1514 2175 1586; baseline -0.001 -16"><span class='ocrx_word' id='word_1_98' title='bbox 601 1517 834 1571; x_wconf 89' lang='lat' dir='ltr'><strong>habebat</strong></span> <span class='ocrx_word' id='word_1_99' title='bbox 849 1514 1128 1586; x_wconf 85' lang='lat' dir='ltr'><strong>profectus</strong></span> <span class='ocrx_word' id='word_1_100' title='bbox 1146 1530 1296 1582; x_wconf 91' lang='lat' dir='ltr'><strong>suos,</strong></span> <span class='ocrx_word' id='word_1_101' title='bbox 1316 1525 1368 1570; x_wconf 91' lang='lat' dir='ltr'><strong>et</strong></span> <span class='ocrx_word' id='word_1_102' title='bbox 1393 1530 1546 1571; x_wconf 90' lang='lat' dir='ltr'><strong>mens</strong></span> <span class='ocrx_word' id='word_1_103' title='bbox 1564 1514 1803 1569; x_wconf 89' lang='lat' dir='ltr'><strong>divinius</strong></span> <span class='ocrx_word' id='word_1_104' title='bbox 1825 1514 2026 1584; x_wconf 87' lang='lat' dir='ltr'><strong>aliquid</strong></span> <span class='ocrx_word' id='word_1_105' title='bbox 2043 1529 2175 1570; x_wconf 88' lang='lat' dir='ltr'><strong>con-</strong></span> 
     </span>
    </p>
   </div>
   <div class='ocr_carea' id='block_1_16' title="bbox 601 1607 2172 1679">
    <p class='ocr_par' dir='ltr' id='par_1_16' title="bbox 601 1607 2172 1679">
     <span class='ocr_line' id='line_1_16' title="bbox 601 1607 2172 1679; baseline -0.003 -15"><span class='ocrx_word' id='word_1_106' title='bbox 601 1609 985 1679; x_wconf 89' lang='lat' dir='ltr'><strong>templabatur,</strong></span> <span class='ocrx_word' id='word_1_107' title='bbox 1019 1617 1073 1663; x_wconf 89' lang='lat' dir='ltr'><strong>et</strong></span> <span class='ocrx_word' id='word_1_108' title='bbox 1113 1608 1404 1663; x_wconf 80' lang='lat' dir='ltr'><strong>exercebat</strong></span> <span class='ocrx_word' id='word_1_109' title='bbox 1429 1623 1486 1662; x_wconf 86' lang='lat' dir='ltr'><strong>se</strong></span> <span class='ocrx_word' id='word_1_110' title='bbox 1518 1607 1804 1674; x_wconf 87' lang='lat' dir='ltr'><strong>memoria,</strong></span> <span class='ocrx_word' id='word_1_111' title='bbox 1843 1617 1900 1661; x_wconf 91' lang='lat' dir='ltr'><strong>ut</strong></span> <span class='ocrx_word' id='word_1_112' title='bbox 1931 1607 2085 1678; x_wconf 89' lang='lat' dir='ltr'><strong>plura</strong></span> <span class='ocrx_word' id='word_1_113' title='bbox 2119 1607 2172 1660; x_wconf 93' lang='lat' dir='ltr'><strong>in</strong></span> 
     </span>
    </p>
   </div>
   <div class='ocr_carea' id='block_1_17' title="bbox 601 1697 2174 1769">
    <p class='ocr_par' dir='ltr' id='par_1_17' title="bbox 601 1697 2174 1769">
     <span class='ocr_line' id='line_1_17' title="bbox 601 1697 2174 1769; baseline -0.001 -15"><span class='ocrx_word' id='word_1_114' title='bbox 601 1701 863 1755; x_wconf 87' lang='lat' dir='ltr'><strong>thesauro</strong></span> <span class='ocrx_word' id='word_1_115' title='bbox 893 1715 994 1754; x_wconf 90' lang='lat' dir='ltr'><strong>suo</strong></span> <span class='ocrx_word' id='word_1_116' title='bbox 1031 1699 1309 1763; x_wconf 88' lang='lat' dir='ltr'><strong>conderet,</strong></span> <span class='ocrx_word' id='word_1_117' title='bbox 1342 1707 1400 1752; x_wconf 89' lang='lat' dir='ltr'><strong>ut</strong></span> <span class='ocrx_word' id='word_1_118' title='bbox 1434 1699 1644 1753; x_wconf 89' lang='lat' dir='ltr'><strong>tirmins</strong></span> <span class='ocrx_word' id='word_1_119' title='bbox 1680 1699 1955 1754; x_wconf 85' lang='lat' dir='ltr'><strong>retineret.</strong></span> <span class='ocrx_word' id='word_1_120' title='bbox 1998 1697 2174 1769; x_wconf 85' lang='lat' dir='ltr'><strong>Atque</strong></span> 
     </span>
    </p>
   </div>
   <div class='ocr_carea' id='block_1_18' title="bbox 601 1791 2173 1860">
    <p class='ocr_par' dir='ltr' id='par_1_18' title="bbox 601 1791 2173 1860">
     <span class='ocr_line' id='line_1_18' title="bbox 601 1791 2173 1860; baseline -0.002 -13"><span class='ocrx_word' id='word_1_121' title='bbox 601 1794 656 1848; x_wconf 91' lang='lat' dir='ltr'><strong>in</strong></span> <span class='ocrx_word' id='word_1_122' title='bbox 690 1793 835 1846; x_wconf 92' lang='lat' dir='ltr'><strong>hunc</strong></span> <span class='ocrx_word' id='word_1_123' title='bbox 864 1793 1084 1847; x_wconf 88' lang='lat' dir='ltr'><strong>modum</strong></span> <span class='ocrx_word' id='word_1_124' title='bbox 1115 1791 1315 1857; x_wconf 90' lang='lat' dir='ltr'><strong>evenit,</strong></span> <span class='ocrx_word' id='word_1_125' title='bbox 1346 1799 1404 1844; x_wconf 89' lang='lat' dir='ltr'><strong>ut</strong></span> <span class='ocrx_word' id='word_1_126' title='bbox 1430 1791 1522 1860; x_wconf 91' lang='lat' dir='ltr'><strong>qui</strong></span> <span class='ocrx_word' id='word_1_127' title='bbox 1559 1805 1752 1846; x_wconf 91' lang='lat' dir='ltr'><strong>omnes</strong></span> <span class='ocrx_word' id='word_1_128' title='bbox 1781 1791 2013 1845; x_wconf 84' lang='lat' dir='ltr'><strong>virtutes</strong></span> <span class='ocrx_word' id='word_1_129' title='bbox 2044 1805 2173 1845; x_wconf 88' lang='lat' dir='ltr'><strong>suas</strong></span> 
     </span>
    </p>
   </div>
   <div class='ocr_carea' id='block_1_19' title="bbox 602 1857 2248 1954">
    <p class='ocr_par' dir='ltr' id='par_1_19' title="bbox 602 1857 2248 1954">
     <span class='ocr_line' id='line_1_19' title="bbox 602 1857 2248 1954; baseline -0.001 -16"><span class='ocrx_word' id='word_1_130' title='bbox 602 1885 654 1939; x_wconf 91' lang='lat' dir='ltr'><strong>in</strong></span> <span class='ocrx_word' id='word_1_131' title='bbox 682 1885 876 1939; x_wconf 64' lang='lat' dir='ltr'><strong>animae</strong></span> <span class='ocrx_word' id='word_1_132' title='bbox 901 1900 1032 1954; x_wconf 85' lang='lat' dir='ltr'><strong>agro</strong></span> <span class='ocrx_word' id='word_1_133' title='bbox 1053 1884 1376 1947; x_wconf 83' lang='lat' dir='ltr'><strong>excoluerit,</strong></span> <span class='ocrx_word' id='word_1_134' title='bbox 1404 1884 1653 1953; x_wconf 89' lang='lat' dir='ltr'><strong>impleret</strong></span> <span class='ocrx_word' id='word_1_135' title='bbox 1683 1882 1996 1938; x_wconf 88' lang='lat' dir='ltr'><strong>mandatum</strong></span> <span class='ocrx_word' id='word_1_136' title='bbox 2034 1898 2172 1952; x_wconf 72' lang='lat' dir='ltr'><strong>prte-</strong></span> <span class='ocrx_word' id='word_1_137' title='bbox 2203 1857 2248 1914; x_wconf 74' lang='grc' dir='ltr'><em>Β</em></span> 
     </span>
    </p>
   </div>
   <div class='ocr_carea' id='block_1_20' title="bbox 600 1972 2178 2044">
    <p class='ocr_par' dir='ltr' id='par_1_20' title="bbox 600 1972 2178 2044">
     <span class='ocr_line' id='line_1_20' title="bbox 600 1972 2178 2044; baseline -0.001 -16"><span class='ocrx_word' id='word_1_138' title='bbox 600 1975 831 2044; x_wconf 88' lang='lat' dir='ltr'><strong>cipiens,</strong></span> <span class='ocrx_word' id='word_1_139' title='bbox 866 1972 1113 2028; x_wconf 80' lang='lat' dir='ltr'><strong>Crescite.</strong></span> <span class='ocrx_word' id='word_1_140' title='bbox 1134 1973 1498 2039; x_wconf 84' lang='lat' dir='ltr'><strong>Quamobrem</strong></span> <span class='ocrx_word' id='word_1_141' title='bbox 1522 1982 1574 2027; x_wconf 90' lang='lat' dir='ltr'><strong>et</strong></span> <span class='ocrx_word' id='word_1_142' title='bbox 1599 1972 1835 2028; x_wconf 83' lang='lat' dir='ltr'><strong>Joannes</strong></span> <span class='ocrx_word' id='word_1_143' title='bbox 1858 1973 2036 2028; x_wconf 87' lang='lat' dir='ltr'><strong>adhuc</strong></span> <span class='ocrx_word' id='word_1_144' title='bbox 2058 1988 2178 2043; x_wconf 88' lang='lat' dir='ltr'><strong>par-</strong></span> 
     </span>
    </p>
   </div>
   <div class='ocr_carea' id='block_1_21' title="bbox 602 2063 2174 2133">
    <p class='ocr_par' dir='ltr' id='par_1_21' title="bbox 602 2063 2174 2133">
     <span class='ocr_line' id='line_1_21' title="bbox 602 2063 2174 2133; baseline -0.001 -14"><span class='ocrx_word' id='word_1_145' title='bbox 602 2065 759 2119; x_wconf 92' lang='lat' dir='ltr'><strong>vulus</strong></span> <span class='ocrx_word' id='word_1_146' title='bbox 803 2064 1118 2131; x_wconf 90' lang='lat' dir='ltr'><strong>crescebat,</strong></span> <span class='ocrx_word' id='word_1_147' title='bbox 1152 2073 1206 2120; x_wconf 92' lang='lat' dir='ltr'><strong>et</strong></span> <span class='ocrx_word' id='word_1_148' title='bbox 1255 2064 1739 2133; x_wconf 86' lang='lat' dir='ltr'><strong>multiplicahatur.</strong></span> <span class='ocrx_word' id='word_1_149' title='bbox 1793 2063 2174 2119; x_wconf 75' lang='lat' dir='ltr'><strong>Difﬁcillimum</strong></span> 
     </span>
    </p>
   </div>
   <div class='ocr_carea' id='block_1_22' title="bbox 599 2154 2175 2224">
    <p class='ocr_par' dir='ltr' id='par_1_22' title="bbox 599 2154 2175 2224">
     <span class='ocr_line' id='line_1_22' title="bbox 599 2154 2175 2224; baseline 0 -16"><span class='ocrx_word' id='word_1_150' title='bbox 599 2165 780 2209; x_wconf 77' lang='lat' dir='ltr'><strong>autem</strong></span> <span class='ocrx_word' id='word_1_151' title='bbox 809 2164 894 2210; x_wconf 89' lang='lat' dir='ltr'><strong>est</strong></span> <span class='ocrx_word' id='word_1_152' title='bbox 920 2155 1202 2224; x_wconf 89' lang='lat' dir='ltr'><strong>parvulum</strong></span> <span class='ocrx_word' id='word_1_153' title='bbox 1237 2154 1430 2224; x_wconf 90' lang='lat' dir='ltr'><strong>spiritu</strong></span> <span class='ocrx_word' id='word_1_154' title='bbox 1463 2169 1732 2221; x_wconf 87' lang='lat' dir='ltr'><strong>crescere,</strong></span> <span class='ocrx_word' id='word_1_155' title='bbox 1766 2163 1820 2209; x_wconf 90' lang='lat' dir='ltr'><strong>et</strong></span> <span class='ocrx_word' id='word_1_156' title='bbox 1848 2155 1987 2209; x_wconf 91' lang='lat' dir='ltr'><strong>inter</strong></span> <span class='ocrx_word' id='word_1_157' title='bbox 2026 2168 2175 2208; x_wconf 87' lang='lat' dir='ltr'><strong>mor-</strong></span> 
     </span>
    </p>
   </div>
   <div class='ocr_carea' id='block_1_23' title="bbox 603 2243 2178 2314">
    <p class='ocr_par' dir='ltr' id='par_1_23' title="bbox 603 2243 2178 2314">
     <span class='ocr_line' id='line_1_23' title="bbox 603 2243 2178 2314; baseline -0.001 -15"><span class='ocrx_word' id='word_1_158' title='bbox 603 2245 739 2299; x_wconf 81' lang='lat' dir='ltr'><strong>tales</strong></span> <span class='ocrx_word' id='word_1_159' title='bbox 768 2259 1070 2313; x_wconf 79' lang='lat' dir='ltr'><strong>perrarum.</strong></span> <span class='ocrx_word' id='word_1_160' title='bbox 1114 2243 1254 2298; x_wconf 85' lang='lat' dir='ltr'><strong>Puer</strong></span> <span class='ocrx_word' id='word_1_161' title='bbox 1283 2253 1457 2299; x_wconf 84' lang='lat' dir='ltr'><strong>autem</strong></span> <span class='ocrx_word' id='word_1_162' title='bbox 1492 2246 1785 2311; x_wconf 84' lang='lat' dir='ltr'><strong>crescebat,</strong></span> <span class='ocrx_word' id='word_1_163' title='bbox 1827 2254 1876 2299; x_wconf 89' lang='lat' dir='ltr'><strong>et</strong></span> <span class='ocrx_word' id='word_1_164' title='bbox 1905 2245 2178 2314; x_wconf 77' lang='lat' dir='ltr'><strong>conforta-</strong></span> 
     </span>
    </p>
   </div>
   <div class='ocr_carea' id='block_1_24' title="bbox 601 2318 2176 2404">
    <p class='ocr_par' dir='ltr' id='par_1_24' title="bbox 601 2318 2176 2404">
     <span class='ocr_line' id='line_1_24' title="bbox 601 2318 2176 2404; baseline 0.001 -18"><span class='ocrx_word' id='word_1_165' title='bbox 601 2331 759 2386; x_wconf 80' lang='lat' dir='ltr'><strong>balur</strong></span> <span class='ocrx_word' id='word_1_166' title='bbox 803 2334 1015 2400; x_wconf 78' lang='lat' dir='ltr'><strong>spiritu.</strong></span> <span class='ocrx_word' id='word_1_167' title='bbox 1062 2332 1223 2388; x_wconf 86' lang='lat' dir='ltr'><strong>Aliud</strong></span> <span class='ocrx_word' id='word_1_168' title='bbox 1262 2343 1346 2388; x_wconf 90' lang='lat' dir='ltr'><strong>est</strong></span> <span class='ocrx_word' id='word_1_169' title='bbox 1385 2335 1682 2401; x_wconf 81' lang='lat' dir='ltr'><strong>crescebat,</strong></span> <span class='ocrx_word' id='word_1_170' title='bbox 1713 2335 1857 2389; x_wconf 89' lang='lat' dir='ltr'><strong>aliud</strong></span> <span class='ocrx_word' id='word_1_171' title='bbox 1906 2318 2176 2404; x_wconf 81' lang='lat' dir='ltr'><strong>conforta-</strong></span> 
     </span>
    </p>
   </div>
   <div class='ocr_carea' id='block_1_25' title="bbox 601 2419 2178 2493">
    <p class='ocr_par' dir='ltr' id='par_1_25' title="bbox 601 2419 2178 2493">
     <span class='ocr_line' id='line_1_25' title="bbox 601 2419 2178 2493; baseline 0.003 -21"><span class='ocrx_word' id='word_1_172' title='bbox 601 2420 782 2474; x_wconf 87' lang='lat' dir='ltr'><strong>batur.</strong></span> <span class='ocrx_word' id='word_1_173' title='bbox 815 2419 1031 2475; x_wconf 82' lang='lat' dir='ltr'><strong>lnﬁrma</strong></span> <span class='ocrx_word' id='word_1_174' title='bbox 1059 2433 1142 2477; x_wconf 91' lang='lat' dir='ltr'><strong>est</strong></span> <span class='ocrx_word' id='word_1_175' title='bbox 1174 2421 1414 2477; x_wconf 90' lang='lat' dir='ltr'><strong>humana</strong></span> <span class='ocrx_word' id='word_1_176' title='bbox 1443 2433 1658 2489; x_wconf 89' lang='lat' dir='ltr'><strong>natura,</strong></span> <span class='ocrx_word' id='word_1_177' title='bbox 1692 2435 1744 2478; x_wconf 90' lang='lat' dir='ltr'><strong>et</strong></span> <span class='ocrx_word' id='word_1_178' title='bbox 1776 2433 1834 2478; x_wconf 94' lang='lat' dir='ltr'><strong>ut</strong></span> <span class='ocrx_word' id='word_1_179' title='bbox 1862 2423 1974 2478; x_wconf 79' lang='lat' dir='ltr'><strong>fieri</strong></span> <span class='ocrx_word' id='word_1_180' title='bbox 2005 2423 2178 2493; x_wconf 90' lang='lat' dir='ltr'><strong>possit</strong></span> 
     </span>
    </p>
   </div>
   <div class='ocr_carea' id='block_1_26' title="bbox 599 2511 2178 2585">
    <p class='ocr_par' dir='ltr' id='par_1_26' title="bbox 599 2511 2178 2585">
     <span class='ocr_line' id='line_1_26' title="bbox 599 2511 2178 2585; baseline 0.002 -20"><span class='ocrx_word' id='word_1_181' title='bbox 599 2511 826 2578; x_wconf 85' lang='lat' dir='ltr'><strong>fortior,</strong></span> <span class='ocrx_word' id='word_1_182' title='bbox 857 2512 1042 2566; x_wconf 87' lang='lat' dir='ltr'><strong>divino</strong></span> <span class='ocrx_word' id='word_1_183' title='bbox 1071 2513 1282 2568; x_wconf 75' lang='lat' dir='ltr'><strong>auxilio</strong></span> <span class='ocrx_word' id='word_1_184' title='bbox 1311 2514 1534 2585; x_wconf 79' lang='lat' dir='ltr'><strong>indiget.</strong></span> <span class='ocrx_word' id='word_1_185' title='bbox 1568 2513 1825 2584; x_wconf 84' lang='lat' dir='ltr'><strong>Legimus</strong></span> <span class='ocrx_word' id='word_1_186' title='bbox 1847 2516 1898 2580; x_wconf 79' lang='lat'><strong>’,</strong></span> <span class='ocrx_word' id='word_1_187' title='bbox 1932 2515 2072 2568; x_wconf 81' lang='lat' dir='ltr'><strong>Caro</strong></span> <span class='ocrx_word' id='word_1_188' title='bbox 2100 2515 2178 2568; x_wconf 86' lang='lat' dir='ltr'><strong>in-</strong></span> 
     </span>
    </p>
   </div>
   <div class='ocr_carea' id='block_1_27' title="bbox 601 2587 2177 2675">
    <p class='ocr_par' dir='ltr' id='par_1_27' title="bbox 601 2587 2177 2675">
     <span class='ocr_line' id='line_1_27' title="bbox 601 2587 2177 2675; baseline 0.003 -19"><span class='ocrx_word' id='word_1_189' title='bbox 601 2605 780 2672; x_wconf 73' lang='lat' dir='ltr'><strong>ﬁrma.</strong></span> <span class='ocrx_word' id='word_1_190' title='bbox 813 2602 934 2670; x_wconf 90' lang='lat' dir='ltr'><strong>Quo</strong></span> <span class='ocrx_word' id='word_1_191' title='bbox 961 2604 1126 2674; x_wconf 80' lang='lat' dir='ltr'><strong>igitur</strong></span> <span class='ocrx_word' id='word_1_192' title='bbox 1167 2605 1372 2660; x_wconf 79' lang='lat' dir='ltr'><strong>auxilio</strong></span> <span class='ocrx_word' id='word_1_193' title='bbox 1408 2605 1780 2660; x_wconf 79' lang='lat' dir='ltr'><strong>conﬁrmanda</strong></span> <span class='ocrx_word' id='word_1_194' title='bbox 1813 2606 1942 2661; x_wconf 89' lang='lat' dir='ltr'><strong>est?</strong></span> <span class='ocrx_word' id='word_1_195' title='bbox 1979 2587 2177 2675; x_wconf 75' lang='lat' dir='ltr'><strong>Utique</strong></span> 
     </span>
    </p>
   </div>
   <div class='ocr_carea' id='block_1_28' title="bbox 601 2693 2174 2765">
    <p class='ocr_par' dir='ltr' id='par_1_28' title="bbox 601 2693 2174 2765">
     <span class='ocr_line' id='line_1_28' title="bbox 601 2693 2174 2765; baseline 0.003 -19"><span class='ocrx_word' id='word_1_196' title='bbox 601 2693 818 2762; x_wconf 85' lang='lat' dir='ltr'><strong>spiritu.</strong></span> <span class='ocrx_word' id='word_1_197' title='bbox 837 2693 1073 2764; x_wconf 88' lang='lat' dir='ltr'><strong>Spiritus</strong></span> <span class='ocrx_word' id='word_1_198' title='bbox 1091 2695 1236 2749; x_wconf 90' lang='lat' dir='ltr'><strong>enim</strong></span> <span class='ocrx_word' id='word_1_199' title='bbox 1261 2705 1568 2765; x_wconf 86' lang='lat' dir='ltr'><strong>promptus,</strong></span> <span class='ocrx_word' id='word_1_200' title='bbox 1588 2710 1718 2750; x_wconf 89' lang='lat' dir='ltr'><strong>caro</strong></span> <span class='ocrx_word' id='word_1_201' title='bbox 1739 2704 1917 2749; x_wconf 91' lang='lat' dir='ltr'><strong>autem</strong></span> <span class='ocrx_word' id='word_1_202' title='bbox 1939 2695 2174 2750; x_wconf 88' lang='lat' dir='ltr'><strong>intirma.</strong></span> 
     </span>
    </p>
   </div>
   <div class='ocr_carea' id='block_1_29' title="bbox 601 2785 2178 2860">
    <p class='ocr_par' dir='ltr' id='par_1_29' title="bbox 601 2785 2178 2860">
     <span class='ocr_line' id='line_1_29' title="bbox 601 2785 2178 2860; baseline 0.004 -20"><span class='ocrx_word' id='word_1_203' title='bbox 601 2785 704 2853; x_wconf 92' lang='lat' dir='ltr'><strong>Qui</strong></span> <span class='ocrx_word' id='word_1_204' title='bbox 733 2788 848 2842; x_wconf 85' lang='lat' dir='ltr'><strong>vult</strong></span> <span class='ocrx_word' id='word_1_205' title='bbox 876 2786 1067 2842; x_wconf 81' lang='lat' dir='ltr'><strong>fortior</strong></span> <span class='ocrx_word' id='word_1_206' title='bbox 1093 2788 1232 2857; x_wconf 83' lang='lat' dir='ltr'><strong>ﬁeri,</strong></span> <span class='ocrx_word' id='word_1_207' title='bbox 1267 2805 1373 2844; x_wconf 89' lang='lat' dir='ltr'><strong>non</strong></span> <span class='ocrx_word' id='word_1_208' title='bbox 1404 2790 1562 2845; x_wconf 87' lang='lat' dir='ltr'><strong>debet</strong></span> <span class='ocrx_word' id='word_1_209' title='bbox 1588 2791 1690 2846; x_wconf 92' lang='lat' dir='ltr'><strong>nisi</strong></span> <span class='ocrx_word' id='word_1_210' title='bbox 1721 2788 1775 2843; x_wconf 91' lang='lat' dir='ltr'><strong>in</strong></span> <span class='ocrx_word' id='word_1_211' title='bbox 1809 2790 2016 2860; x_wconf 88' lang='lat' dir='ltr'><strong>Spiritu</strong></span> <span class='ocrx_word' id='word_1_212' title='bbox 2045 2807 2178 2846; x_wconf 82' lang='lat' dir='ltr'><strong>con-</strong></span> 
     </span>
    </p>
   </div>
   <div class='ocr_carea' id='block_1_30' title="bbox 603 2875 2175 2950">
    <p class='ocr_par' dir='ltr' id='par_1_30' title="bbox 603 2875 2175 2950">
     <span class='ocr_line' id='line_1_30' title="bbox 603 2875 2175 2950; baseline 0.006 -23"><span class='ocrx_word' id='word_1_213' title='bbox 603 2875 812 2929; x_wconf 86' lang='lat' dir='ltr'><strong>fortari.</strong></span> <span class='ocrx_word' id='word_1_214' title='bbox 849 2875 1000 2930; x_wconf 87' lang='lat' dir='ltr'><strong>Multi</strong></span> <span class='ocrx_word' id='word_1_215' title='bbox 1031 2879 1413 2934; x_wconf 89' lang='lat' dir='ltr'><strong>confortantur</strong></span> <span class='ocrx_word' id='word_1_216' title='bbox 1439 2895 1624 2946; x_wconf 89' lang='lat' dir='ltr'><strong>carne,</strong></span> <span class='ocrx_word' id='word_1_217' title='bbox 1657 2895 1885 2950; x_wconf 88' lang='lat' dir='ltr'><strong>corpore</strong></span> <span class='ocrx_word' id='word_1_218' title='bbox 1913 2883 2175 2937; x_wconf 85' lang='lat' dir='ltr'><strong>roboran-</strong></span> 
     </span>
    </p>
   </div>
   <div class='ocr_carea' id='block_1_31' title="bbox 607 2967 2178 3041">
    <p class='ocr_par' dir='ltr' id='par_1_31' title="bbox 607 2967 2178 3041">
     <span class='ocr_line' id='line_1_31' title="bbox 607 2967 2178 3041; baseline 0.006 -21"><span class='ocrx_word' id='word_1_219' title='bbox 607 2977 740 3033; x_wconf 90' lang='lat' dir='ltr'><strong>tur;</strong></span> <span class='ocrx_word' id='word_1_220' title='bbox 773 2967 975 3024; x_wconf 83' lang='lat' dir='ltr'><strong>athleta</strong></span> <span class='ocrx_word' id='word_1_221' title='bbox 1016 2977 1196 3024; x_wconf 88' lang='lat' dir='ltr'><strong>autem</strong></span> <span class='ocrx_word' id='word_1_222' title='bbox 1229 2969 1324 3025; x_wconf 86' lang='lat' dir='ltr'><strong>Dei</strong></span> <span class='ocrx_word' id='word_1_223' title='bbox 1371 2972 1560 3041; x_wconf 89' lang='lat' dir='ltr'><strong>spiritu</strong></span> <span class='ocrx_word' id='word_1_224' title='bbox 1595 2972 1938 3028; x_wconf 87' lang='lat' dir='ltr'><strong>roborandus</strong></span> <span class='ocrx_word' id='word_1_225' title='bbox 1971 2983 2086 3040; x_wconf 88' lang='lat' dir='ltr'><strong>est,</strong></span> <span class='ocrx_word' id='word_1_226' title='bbox 2123 2983 2178 3029; x_wconf 89' lang='lat' dir='ltr'><strong>et</strong></span> 
     </span>
    </p>
   </div>
   <div class='ocr_carea' id='block_1_32' title="bbox 598 3059 2173 3135">
    <p class='ocr_par' dir='ltr' id='par_1_32' title="bbox 598 3059 2173 3135">
     <span class='ocr_line' id='line_1_32' title="bbox 598 3059 2173 3135; baseline 0.007 -23"><span class='ocrx_word' id='word_1_227' title='bbox 598 3073 726 3112; x_wconf 79' lang='lat' dir='ltr'><strong>cum</strong></span> <span class='ocrx_word' id='word_1_228' title='bbox 765 3061 846 3114; x_wconf 91' lang='lat' dir='ltr'><strong>sic</strong></span> <span class='ocrx_word' id='word_1_229' title='bbox 868 3059 1032 3115; x_wconf 85' lang='lat' dir='ltr'><strong>fuerit</strong></span> <span class='ocrx_word' id='word_1_230' title='bbox 1053 3061 1415 3131; x_wconf 83' lang='lat' dir='ltr'><strong>confortatus,</strong></span> <span class='ocrx_word' id='word_1_231' title='bbox 1450 3065 1772 3135; x_wconf 87' lang='lat' dir='ltr'><strong>sapientiam</strong></span> <span class='ocrx_word' id='word_1_232' title='bbox 1793 3068 1976 3122; x_wconf 86' lang='lat' dir='ltr'><strong>carnis</strong></span> <span class='ocrx_word' id='word_1_233' title='bbox 1991 3067 2173 3133; x_wconf 90' lang='lat' dir='ltr'><strong>elidet,</strong></span> 
     </span>
    </p>
   </div>
   <div class='ocr_carea' id='block_1_33' title="bbox 602 3151 2169 3230">
    <p class='ocr_par' dir='ltr' id='par_1_33' title="bbox 602 3151 2169 3230">
     <span class='ocr_line' id='line_1_33' title="bbox 602 3151 2169 3230; baseline 0.006 -26"><span class='ocrx_word' id='word_1_234' title='bbox 602 3160 659 3204; x_wconf 88' lang='lat' dir='ltr'><strong>et</strong></span> <span class='ocrx_word' id='word_1_235' title='bbox 686 3151 952 3220; x_wconf 85' lang='lat' dir='ltr'><strong>spiritalis</strong></span> <span class='ocrx_word' id='word_1_236' title='bbox 983 3153 1228 3221; x_wconf 75' lang='lat' dir='ltr'><strong>eﬂ‘eetus,</strong></span> <span class='ocrx_word' id='word_1_237' title='bbox 1258 3155 1450 3210; x_wconf 91' lang='lat' dir='ltr'><strong>subdet</strong></span> <span class='ocrx_word' id='word_1_238' title='bbox 1485 3172 1682 3227; x_wconf 84' lang='lat' dir='ltr'><strong>corpus</strong></span> <span class='ocrx_word' id='word_1_239' title='bbox 1721 3161 1888 3213; x_wconf 89' lang='lat' dir='ltr'><strong>animi</strong></span> <span class='ocrx_word' id='word_1_240' title='bbox 1923 3160 2169 3230; x_wconf 91' lang='lat' dir='ltr'><strong>imperio.</strong></span> 
     </span>
    </p>
   </div>
   <div class='ocr_carea' id='block_1_34' title="bbox 504 3241 2172 3316">
    <p class='ocr_par' dir='ltr' id='par_1_34' title="bbox 504 3241 2172 3316">
     <span class='ocr_line' id='line_1_34' title="bbox 504 3241 2172 3316; baseline 0.008 -24"><span class='ocrx_word' id='word_1_241' title='bbox 504 3251 511 3260; x_wconf 89' lang='lat'><strong>&#39;</strong></span> <span class='ocrx_word' id='word_1_242' title='bbox 603 3241 720 3296; x_wconf 81' lang='lat' dir='ltr'><strong>Non</strong></span> <span class='ocrx_word' id='word_1_243' title='bbox 749 3252 1002 3313; x_wconf 87' lang='lat' dir='ltr'><strong>putemus</strong></span> <span class='ocrx_word' id='word_1_244' title='bbox 1042 3261 1172 3316; x_wconf 82' lang='lat' dir='ltr'><strong>ergo</strong></span> <span class='ocrx_word' id='word_1_245' title='bbox 1201 3247 1501 3315; x_wconf 87' lang='lat' dir='ltr'><strong>simplicem</strong></span> <span class='ocrx_word' id='word_1_246' title='bbox 1539 3248 1608 3302; x_wconf 90' lang='lat' dir='ltr'><strong>de</strong></span> <span class='ocrx_word' id='word_1_247' title='bbox 1650 3247 1860 3305; x_wconf 81' lang='lat' dir='ltr'><strong>Joanne</strong></span> <span class='ocrx_word' id='word_1_248' title='bbox 1889 3251 2172 3306; x_wconf 89' lang='lat' dir='ltr'><strong>historiam</strong></span> 
     </span>
    </p>
   </div>
   <div class='ocr_carea' id='block_1_35' title="bbox 602 3336 2175 3410">
    <p class='ocr_par' dir='ltr' id='par_1_35' title="bbox 602 3336 2175 3410">
     <span class='ocr_line' id='line_1_35' title="bbox 602 3336 2175 3410; baseline 0.008 -25"><span class='ocrx_word' id='word_1_249' title='bbox 602 3347 724 3386; x_wconf 88' lang='lat' dir='ltr'><strong>esse</strong></span> <span class='ocrx_word' id='word_1_250' title='bbox 749 3336 1139 3404; x_wconf 83' lang='lat' dir='ltr'><strong>conscriptam,</strong></span> <span class='ocrx_word' id='word_1_251' title='bbox 1169 3346 1224 3391; x_wconf 90' lang='lat' dir='ltr'><strong>et</strong></span> <span class='ocrx_word' id='word_1_252' title='bbox 1252 3353 1374 3406; x_wconf 69' lang='lat' dir='ltr'><strong>qua:</strong></span> <span class='ocrx_word' id='word_1_253' title='bbox 1403 3338 1539 3392; x_wconf 90' lang='lat' dir='ltr'><strong>nihil</strong></span> <span class='ocrx_word' id='word_1_254' title='bbox 1578 3339 1644 3392; x_wconf 89' lang='lat' dir='ltr'><strong>ad</strong></span> <span class='ocrx_word' id='word_1_255' title='bbox 1675 3355 1773 3394; x_wconf 91' lang='lat' dir='ltr'><strong>nos</strong></span> <span class='ocrx_word' id='word_1_256' title='bbox 1799 3342 2086 3410; x_wconf 84' lang='lat' dir='ltr'><strong>pertineat,</strong></span> <span class='ocrx_word' id='word_1_257' title='bbox 2120 3344 2175 3398; x_wconf 92' lang='lat' dir='ltr'><strong>in</strong></span> 
     </span>
    </p>
   </div>
   <div class='ocr_carea' id='block_1_36' title="bbox 602 3425 2178 3504">
    <p class='ocr_par' dir='ltr' id='par_1_36' title="bbox 602 3425 2178 3504">
     <span class='ocr_line' id='line_1_36' title="bbox 602 3425 2178 3504; baseline 0.009 -29"><span class='ocrx_word' id='word_1_258' title='bbox 602 3438 670 3476; x_wconf 91' lang='lat' dir='ltr'><strong>eo</strong></span> <span class='ocrx_word' id='word_1_259' title='bbox 704 3425 850 3492; x_wconf 88' lang='lat' dir='ltr'><strong>quod</strong></span> <span class='ocrx_word' id='word_1_260' title='bbox 879 3425 1099 3493; x_wconf 87' lang='lat' dir='ltr'><strong>dicitur,</strong></span> <span class='ocrx_word' id='word_1_261' title='bbox 1131 3428 1395 3482; x_wconf 85' lang='lat' dir='ltr'><strong>crescebat</strong></span> <span class='ocrx_word' id='word_1_262' title='bbox 1422 3439 1471 3482; x_wconf 90' lang='lat' dir='ltr'><strong>et</strong></span> <span class='ocrx_word' id='word_1_263' title='bbox 1501 3432 1905 3500; x_wconf 80' lang='lat' dir='ltr'><strong>confortabatur</strong></span> <span class='ocrx_word' id='word_1_264' title='bbox 1943 3435 2135 3504; x_wconf 76' lang='lat' dir='ltr'><strong>spiritu</strong></span> <span class='ocrx_word' id='word_1_265' title='bbox 2156 3449 2178 3489; x_wconf 91' lang='lat'><strong><em>:</em></strong></span> 
     </span>
    </p>
   </div>
   <div class='ocr_carea' id='block_1_37' title="bbox 605 3515 2180 3596">
    <p class='ocr_par' dir='ltr' id='par_1_37' title="bbox 605 3515 2180 3596">
     <span class='ocr_line' id='line_1_37' title="bbox 605 3515 2180 3596; baseline 0.009 -28"><span class='ocrx_word' id='word_1_266' title='bbox 605 3515 701 3569; x_wconf 87' lang='lat' dir='ltr'><strong>sed</strong></span> <span class='ocrx_word' id='word_1_267' title='bbox 734 3516 800 3570; x_wconf 92' lang='lat' dir='ltr'><strong>ad</strong></span> <span class='ocrx_word' id='word_1_268' title='bbox 827 3516 1182 3574; x_wconf 80' lang='lat' dir='ltr'><strong>imitationem</strong></span> <span class='ocrx_word' id='word_1_269' title='bbox 1221 3531 1483 3586; x_wconf 88' lang='lat' dir='ltr'><strong>nostram,</strong></span> <span class='ocrx_word' id='word_1_270' title='bbox 1515 3523 1930 3594; x_wconf 89' lang='lat' dir='ltr'><strong>utmultiplicati</strong></span> <span class='ocrx_word' id='word_1_271' title='bbox 1961 3526 2180 3596; x_wconf 88' lang='lat' dir='ltr'><strong>spirita-</strong></span> 
     </span>
    </p>
   </div>
   <div class='ocr_carea' id='block_1_38' title="bbox 603 3605 2176 3685">
    <p class='ocr_par' dir='ltr' id='par_1_38' title="bbox 603 3605 2176 3685">
     <span class='ocr_line' id='line_1_38' title="bbox 603 3605 2176 3685; baseline 0.011 -28"><span class='ocrx_word' id='word_1_272' title='bbox 603 3605 727 3659; x_wconf 85' lang='lat' dir='ltr'><strong>liter</strong></span> <span class='ocrx_word' id='word_1_273' title='bbox 749 3606 906 3676; x_wconf 82' lang='lat' dir='ltr'><strong>juxta</strong></span> <span class='ocrx_word' id='word_1_274' title='bbox 937 3624 1061 3664; x_wconf 90' lang='lat' dir='ltr'><strong>cum</strong></span> <span class='ocrx_word' id='word_1_275' title='bbox 1097 3626 1257 3681; x_wconf 92' lang='lat' dir='ltr'><strong>quem</strong></span> <span class='ocrx_word' id='word_1_276' title='bbox 1289 3613 1528 3671; x_wconf 80' lang='lat' dir='ltr'><strong>diximus</strong></span> <span class='ocrx_word' id='word_1_277' title='bbox 1553 3630 1773 3673; x_wconf 86' lang='lat' dir='ltr'><strong>sensum</strong></span> <span class='ocrx_word' id='word_1_278' title='bbox 1795 3660 1809 3685; x_wconf 90' lang='lat'><strong>,</strong></span> <span class='ocrx_word' id='word_1_279' title='bbox 1840 3619 2176 3674; x_wconf 87' lang='lat' dir='ltr'><strong>incrementa</strong></span> 
     </span>
    </p>
   </div>
   <div class='ocr_carea' id='block_1_39' title="bbox 603 3695 2180 3779">
    <p class='ocr_par' dir='ltr' id='par_1_39' title="bbox 603 3695 2180 3779">
     <span class='ocr_line' id='line_1_39' title="bbox 603 3695 2180 3779; baseline 0.012 -32"><span class='ocrx_word' id='word_1_280' title='bbox 603 3695 913 3765; x_wconf 81' lang='lat' dir='ltr'><strong>capiamus.</strong></span> <span class='ocrx_word' id='word_1_281' title='bbox 950 3696 1020 3753; x_wconf 87' lang='lat' dir='ltr'><strong>Et</strong></span> <span class='ocrx_word' id='word_1_282' title='bbox 1053 3713 1166 3756; x_wconf 89' lang='lat' dir='ltr'><strong>erat</strong></span> <span class='ocrx_word' id='word_1_283' title='bbox 1196 3704 1252 3757; x_wconf 84' lang='lat' dir='ltr'><strong>in</strong></span> <span class='ocrx_word' id='word_1_284' title='bbox 1286 3704 1505 3760; x_wconf 81' lang='lat' dir='ltr'><strong>desertis</strong></span> <span class='ocrx_word' id='word_1_285' title='bbox 1534 3723 1697 3779; x_wconf 85' lang='lat' dir='ltr'><strong>usque</strong></span> <span class='ocrx_word' id='word_1_286' title='bbox 1722 3709 1791 3763; x_wconf 90' lang='lat' dir='ltr'><strong>ad</strong></span> <span class='ocrx_word' id='word_1_287' title='bbox 1831 3711 1970 3764; x_wconf 89' lang='lat' dir='ltr'><strong>diem</strong></span> <span class='ocrx_word' id='word_1_288' title='bbox 2006 3721 2180 3766; x_wconf 83' lang='lat' dir='ltr'><strong>osten-</strong></span> 
     </span>
    </p>
   </div>
   <div class='ocr_carea' id='block_1_40' title="bbox 601 3786 2177 3871">
    <p class='ocr_par' dir='ltr' id='par_1_40' title="bbox 601 3786 2177 3871">
     <span class='ocr_line' id='line_1_40' title="bbox 601 3786 2177 3871; baseline 0.013 -34"><span class='ocrx_word' id='word_1_289' title='bbox 601 3786 771 3840; x_wconf 89' lang='lat' dir='ltr'><strong>sionis</strong></span> <span class='ocrx_word' id='word_1_290' title='bbox 799 3804 910 3842; x_wconf 78' lang='lat' dir='ltr'><strong>sate</strong></span> <span class='ocrx_word' id='word_1_291' title='bbox 938 3791 1008 3844; x_wconf 87' lang='lat' dir='ltr'><strong>ad</strong></span> <span class='ocrx_word' id='word_1_292' title='bbox 1031 3791 1223 3848; x_wconf 82' lang='lat' dir='ltr'><strong>Israel.</strong></span> <span class='ocrx_word' id='word_1_293' title='bbox 1258 3794 1402 3850; x_wconf 79' lang='lat' dir='ltr'><strong>Dixit</strong></span> <span class='ocrx_word' id='word_1_294' title='bbox 1431 3799 1543 3868; x_wconf 75' lang='grc'><strong>(51)</strong></span> <span class='ocrx_word' id='word_1_295' title='bbox 1577 3815 1750 3870; x_wconf 90' lang='lat' dir='ltr'><strong>nuper</strong></span> <span class='ocrx_word' id='word_1_296' title='bbox 1783 3802 1929 3871; x_wconf 90' lang='lat' dir='ltr'><strong>quod</strong></span> <span class='ocrx_word' id='word_1_297' title='bbox 1959 3813 2012 3858; x_wconf 91' lang='lat' dir='ltr'><strong>et</strong></span> <span class='ocrx_word' id='word_1_298' title='bbox 2044 3818 2177 3858; x_wconf 89' lang='lat' dir='ltr'><strong>con-</strong></span> 
     </span>
    </p>
   </div>
   <div class='ocr_carea' id='block_1_41' title="bbox 599 3877 2178 3966">
    <p class='ocr_par' dir='ltr' id='par_1_41' title="bbox 599 3877 2178 3966">
     <span class='ocr_line' id='line_1_41' title="bbox 599 3877 2178 3966; baseline 0.014 -37"><span class='ocrx_word' id='word_1_299' title='bbox 599 3883 793 3944; x_wconf 89' lang='lat' dir='ltr'><strong>ceptus</strong></span> <span class='ocrx_word' id='word_1_300' title='bbox 822 3877 1062 3938; x_wconf 78' lang='lat' dir='ltr'><strong>Joannes</strong></span> <span class='ocrx_word' id='word_1_301' title='bbox 1091 3887 1418 3955; x_wconf 89' lang='lat' dir='ltr'><strong>stupendum</strong></span> <span class='ocrx_word' id='word_1_302' title='bbox 1462 3890 1591 3959; x_wconf 92' lang='lat' dir='ltr'><strong>quid</strong></span> <span class='ocrx_word' id='word_1_303' title='bbox 1632 3892 1921 3962; x_wconf 90' lang='lat' dir='ltr'><strong>habuerit,</strong></span> <span class='ocrx_word' id='word_1_304' title='bbox 1957 3896 2178 3966; x_wconf 87' lang='lat' dir='ltr'><strong>quando</strong></span> 
     </span>
    </p>
   </div>
   <div class='ocr_carea' id='block_1_42' title="bbox 600 3969 2179 4059">
    <p class='ocr_par' dir='ltr' id='par_1_42' title="bbox 600 3969 2179 4059">
     <span class='ocr_line' id='line_1_42' title="bbox 600 3969 2179 4059; baseline 0.016 -39"><span class='ocrx_word' id='word_1_305' title='bbox 600 3969 898 4059; x_wconf 71' lang='lat' dir='ltr'><strong>exsultavit</strong></span> <span class='ocrx_word' id='word_1_306' title='bbox 927 3973 1108 4031; x_wconf 86' lang='lat' dir='ltr'><strong>infans</strong></span> <span class='ocrx_word' id='word_1_307' title='bbox 1135 3976 1188 4030; x_wconf 92' lang='lat' dir='ltr'><strong>in</strong></span> <span class='ocrx_word' id='word_1_308' title='bbox 1218 3988 1394 4046; x_wconf 89' lang='lat' dir='ltr'><strong>utero,</strong></span> <span class='ocrx_word' id='word_1_309' title='bbox 1425 3990 1479 4036; x_wconf 91' lang='lat' dir='ltr'><strong>et</strong></span> <span class='ocrx_word' id='word_1_310' title='bbox 1512 3998 1672 4038; x_wconf 88' lang='lat' dir='ltr'><strong>suum</strong></span> <span class='ocrx_word' id='word_1_311' title='bbox 1701 3987 1932 4041; x_wconf 88' lang='lat' dir='ltr'><strong>necdum</strong></span> <span class='ocrx_word' id='word_1_312' title='bbox 1964 3990 2179 4059; x_wconf 86' lang='lat' dir='ltr'><strong>genitus</strong></span> 
     </span>
    </p>
   </div>
   <div class='ocr_carea' id='block_1_43' title="bbox 607 4056 2179 4147">
    <p class='ocr_par' dir='ltr' id='par_1_43' title="bbox 607 4056 2179 4147">
     <span class='ocr_line' id='line_1_43' title="bbox 607 4056 2179 4147; baseline 0.015 -36"><span class='ocrx_word' id='word_1_313' title='bbox 607 4056 900 4116; x_wconf 89' lang='lat' dir='ltr'><strong>Dominum</strong></span> <span class='ocrx_word' id='word_1_314' title='bbox 927 4069 1242 4136; x_wconf 84' lang='lat' dir='ltr'><strong>recognovit</strong></span> <span class='ocrx_word' id='word_1_315' title='bbox 1269 4088 1282 4122; x_wconf 92' lang='lat'>:</span> <span class='ocrx_word' id='word_1_316' title='bbox 1312 4079 1366 4126; x_wconf 92' lang='lat' dir='ltr'><strong>et</strong></span> <span class='ocrx_word' id='word_1_317' title='bbox 1394 4073 1651 4128; x_wconf 90' lang='lat' dir='ltr'><strong>nativitas</strong></span> <span class='ocrx_word' id='word_1_318' title='bbox 1680 4091 1785 4130; x_wconf 92' lang='lat' dir='ltr'><strong>non</strong></span> <span class='ocrx_word' id='word_1_319' title='bbox 1814 4056 1988 4147; x_wconf 75' lang='lat' dir='ltr'><strong>impar</strong></span> <span class='ocrx_word' id='word_1_320' title='bbox 2011 4081 2179 4134; x_wconf 87' lang='lat' dir='ltr'><strong>mira-</strong></span> 
     </span>
    </p>
   </div>
   <div class='ocr_carea' id='block_1_44' title="bbox 601 4151 2178 4227">
    <p class='ocr_par' dir='ltr' id='par_1_44' title="bbox 601 4151 2178 4227">
     <span class='ocr_line' id='line_1_44' title="bbox 601 4151 2178 4227; baseline 0.015 -24"><span class='ocrx_word' id='word_1_321' title='bbox 601 4151 820 4219; x_wconf 89' lang='lat' dir='ltr'><strong>culum,</strong></span> <span class='ocrx_word' id='word_1_322' title='bbox 859 4157 1079 4224; x_wconf 87' lang='lat' dir='ltr'><strong>quando</strong></span> <span class='ocrx_word' id='word_1_323' title='bbox 1118 4160 1184 4213; x_wconf 90' lang='lat' dir='ltr'><strong>ad</strong></span> <span class='ocrx_word' id='word_1_324' title='bbox 1218 4175 1341 4215; x_wconf 89' lang='lat' dir='ltr'><strong>cum</strong></span> <span class='ocrx_word' id='word_1_325' title='bbox 1376 4164 1521 4218; x_wconf 90' lang='lat' dir='ltr'><strong>velut</strong></span> <span class='ocrx_word' id='word_1_326' title='bbox 1553 4166 1863 4222; x_wconf 89' lang='lat' dir='ltr'><strong>audientem</strong></span> <span class='ocrx_word' id='word_1_327' title='bbox 1901 4168 2178 4227; x_wconf 65' lang='lat' dir='ltr'><strong>Zachariae</strong></span> 
     </span>
    </p>
   </div>
   <div class='ocr_carea' id='block_1_45' title="bbox 602 4243 2174 4330">
    <p class='ocr_par' dir='ltr' id='par_1_45' title="bbox 602 4243 2174 4330">
     <span class='ocr_line' id='line_1_45' title="bbox 602 4243 2174 4330; baseline 0.014 -36"><span class='ocrx_word' id='word_1_328' title='bbox 602 4243 978 4312; x_wconf 89' lang='lat' dir='ltr'><strong>prophetantis</strong></span> <span class='ocrx_word' id='word_1_329' title='bbox 1000 4263 1180 4305; x_wconf 87' lang='lat' dir='ltr'><strong>sermo</strong></span> <span class='ocrx_word' id='word_1_330' title='bbox 1202 4255 1558 4320; x_wconf 85' lang='lat' dir='ltr'><strong>convertitur,</strong></span> <span class='ocrx_word' id='word_1_331' title='bbox 1585 4257 1803 4314; x_wconf 88' lang='lat' dir='ltr'><strong>dicens:</strong></span> <span class='ocrx_word' id='word_1_332' title='bbox 1833 4258 1901 4313; x_wconf 89' lang='lat' dir='ltr'><strong>Et</strong></span> <span class='ocrx_word' id='word_1_333' title='bbox 1923 4271 2002 4328; x_wconf 87' lang='lat' dir='ltr'><strong>tu,</strong></span> <span class='ocrx_word' id='word_1_334' title='bbox 2025 4281 2174 4330; x_wconf 77' lang='lat' dir='ltr'><strong>puer,</strong></span> 
     </span>
    </p>
   </div>
   <div class='ocr_carea' id='block_1_46' title="bbox 601 4338 2178 4425">
    <p class='ocr_par' dir='ltr' id='par_1_46' title="bbox 601 4338 2178 4425">
     <span class='ocr_line' id='line_1_46' title="bbox 601 4338 2178 4425; baseline 0.015 -35"><span class='ocrx_word' id='word_1_335' title='bbox 601 4338 852 4407; x_wconf 82' lang='lat' dir='ltr'><strong>propheta</strong></span> <span class='ocrx_word' id='word_1_336' title='bbox 884 4339 1148 4397; x_wconf 85' lang='lat' dir='ltr'><strong>Altissimi</strong></span> <span class='ocrx_word' id='word_1_337' title='bbox 1191 4345 1480 4402; x_wconf 80' lang='lat' dir='ltr'><strong>vocaberis.</strong></span> <span class='ocrx_word' id='word_1_338' title='bbox 1530 4347 1700 4418; x_wconf 80' lang='lat' dir='ltr'><strong>Digne</strong></span> <span class='ocrx_word' id='word_1_339' title='bbox 1747 4352 1912 4418; x_wconf 78' lang='lat' dir='ltr'><strong>igitur</strong></span> <span class='ocrx_word' id='word_1_340' title='bbox 1958 4357 2050 4425; x_wconf 89' lang='lat' dir='ltr'><strong>qui</strong></span> <span class='ocrx_word' id='word_1_341' title='bbox 2097 4358 2178 4413; x_wconf 90' lang='lat' dir='ltr'><strong>sic</strong></span> 
     </span>
    </p>
   </div>
   <div class='ocr_carea' id='block_1_47' title="bbox 600 4430 2174 4513">
    <p class='ocr_par' dir='ltr' id='par_1_47' title="bbox 600 4430 2174 4513">
     <span class='ocr_line' id='line_1_47' title="bbox 600 4430 2174 4513; baseline 0.012 -29"><span class='ocrx_word' id='word_1_342' title='bbox 600 4435 897 4498; x_wconf 88' lang='lat' dir='ltr'><strong>conceptus</strong></span> <span class='ocrx_word' id='word_1_343' title='bbox 936 4430 1114 4486; x_wconf 80' lang='lat' dir='ltr'><strong>fuerat</strong></span> <span class='ocrx_word' id='word_1_344' title='bbox 1144 4442 1199 4489; x_wconf 89' lang='lat' dir='ltr'><strong>et</strong></span> <span class='ocrx_word' id='word_1_345' title='bbox 1237 4445 1427 4504; x_wconf 88' lang='lat' dir='ltr'><strong>natus,</strong></span> <span class='ocrx_word' id='word_1_346' title='bbox 1470 4453 1580 4493; x_wconf 91' lang='lat' dir='ltr'><strong>non</strong></span> <span class='ocrx_word' id='word_1_347' title='bbox 1621 4444 1986 4513; x_wconf 80' lang='lat' dir='ltr'><strong>exspectavit,</strong></span> <span class='ocrx_word' id='word_1_348' title='bbox 2041 4456 2101 4501; x_wconf 95' lang='lat' dir='ltr'><strong>ut</strong></span> <span class='ocrx_word' id='word_1_349' title='bbox 2143 4464 2174 4503; x_wconf 91' lang='lat' dir='ltr'><strong>a</strong></span> 
     </span>
    </p>
   </div>
   <div class='ocr_carea' id='block_1_48' title="bbox 2198 3211 2246 3271">
    <p class='ocr_par' dir='ltr' id='par_1_48' title="bbox 2198 3211 2246 3271">
     <span class='ocr_line' id='line_1_48' title="bbox 2198 3211 2246 3271; baseline 0 0"><span class='ocrx_word' id='word_1_350' title='bbox 2198 3211 2246 3271; x_wconf 74' lang='lat'><strong>6</strong></span> 
     </span>
    </p>
   </div>
   <div class='ocr_carea' id='block_1_49' title="bbox 2275 591 3849 661">
    <p class='ocr_par' dir='ltr' id='par_1_49' title="bbox 2275 591 3849 661">
     <span class='ocr_line' id='line_1_49' title="bbox 2275 591 3849 661; baseline 0.002 -17"><span class='ocrx_word' id='word_1_351' title='bbox 2275 594 2340 647; x_wconf 88' lang='lat' dir='ltr'><strong>de</strong></span> <span class='ocrx_word' id='word_1_352' title='bbox 2370 592 2668 661; x_wconf 87' lang='lat' dir='ltr'><strong>Scripturis</strong></span> <span class='ocrx_word' id='word_1_353' title='bbox 2697 591 2908 645; x_wconf 85' lang='lat' dir='ltr'><strong>ratione</strong></span> <span class='ocrx_word' id='word_1_354' title='bbox 2942 598 3271 645; x_wconf 87' lang='lat' dir='ltr'><strong>commotus.</strong></span> <span class='ocrx_word' id='word_1_355' title='bbox 3303 591 3360 644; x_wconf 81' lang='lat' dir='ltr'><strong>Si</strong></span> <span class='ocrx_word' id='word_1_356' title='bbox 3393 593 3548 645; x_wconf 89' lang='lat' dir='ltr'><strong>enim</strong></span> <span class='ocrx_word' id='word_1_357' title='bbox 3594 592 3766 661; x_wconf 85' lang='lat' dir='ltr'><strong>major</strong></span> <span class='ocrx_word' id='word_1_358' title='bbox 3797 595 3849 647; x_wconf 90' lang='lat' dir='ltr'><strong>in</strong></span> 
     </span>
    </p>
   </div>
   <div class='ocr_carea' id='block_1_50' title="bbox 2275 680 3853 755">
    <p class='ocr_par' dir='ltr' id='par_1_50' title="bbox 2275 680 3853 755">
     <span class='ocr_line' id='line_1_50' title="bbox 2275 680 3853 755; baseline 0 -17"><span class='ocrx_word' id='word_1_359' title='bbox 2275 685 2416 738; x_wconf 89' lang='lat' dir='ltr'><strong>natis</strong></span> <span class='ocrx_word' id='word_1_360' title='bbox 2447 683 2741 738; x_wconf 87' lang='lat' dir='ltr'><strong>mulierum</strong></span> <span class='ocrx_word' id='word_1_361' title='bbox 2773 681 2984 737; x_wconf 84' lang='lat' dir='ltr'><strong>Joanne</strong></span> <span class='ocrx_word' id='word_1_362' title='bbox 3026 680 3264 751; x_wconf 85' lang='lat' dir='ltr'><strong>Baptista</strong></span> <span class='ocrx_word' id='word_1_363' title='bbox 3305 681 3407 737; x_wconf 88' lang='lat' dir='ltr'><strong>fuit</strong></span> <span class='ocrx_word' id='word_1_364' title='bbox 3450 698 3659 746; x_wconf 87' lang='lat' dir='ltr'><strong>nemo,</strong></span> <span class='ocrx_word' id='word_1_365' title='bbox 3690 682 3853 755; x_wconf 62' lang='lat' dir='ltr'><strong>Moysi</strong></span> 
     </span>
    </p>
   </div>
   <div class='ocr_carea' id='block_1_51' title="bbox 2273 774 3857 846">
    <p class='ocr_par' dir='ltr' id='par_1_51' title="bbox 2273 774 3857 846">
     <span class='ocr_line' id='line_1_51' title="bbox 2273 774 3857 846; baseline 0 -15"><span class='ocrx_word' id='word_1_366' title='bbox 2273 788 2454 831; x_wconf 90' lang='lat' dir='ltr'><strong>autem</strong></span> <span class='ocrx_word' id='word_1_367' title='bbox 2501 776 2782 846; x_wconf 85' lang='lat' dir='ltr'><strong>respondit</strong></span> <span class='ocrx_word' id='word_1_368' title='bbox 2809 774 2989 838; x_wconf 87' lang='lat' dir='ltr'><strong>Dens,</strong></span> <span class='ocrx_word' id='word_1_369' title='bbox 3040 784 3437 844; x_wconf 87' lang='lat' dir='ltr'><strong>consequenter</strong></span> <span class='ocrx_word' id='word_1_370' title='bbox 3483 777 3772 845; x_wconf 81' lang='lat' dir='ltr'><strong>respondit</strong></span> <span class='ocrx_word' id='word_1_371' title='bbox 3806 789 3857 831; x_wconf 81' lang='lat' dir='ltr'><strong>et</strong></span> 
     </span>
    </p>
   </div>
   <div class='ocr_carea' id='block_1_52' title="bbox 2273 861 3854 941">
    <p class='ocr_par' dir='ltr' id='par_1_52' title="bbox 2273 861 3854 941">
     <span class='ocr_line' id='line_1_52' title="bbox 2273 861 3854 941; baseline -0.001 -15"><span class='ocrx_word' id='word_1_372' title='bbox 2273 869 2467 927; x_wconf 80' lang='lat' dir='ltr'><strong>Joanni</strong></span> <span class='ocrx_word' id='word_1_373' title='bbox 2502 870 2595 941; x_wconf 89' lang='lat' dir='ltr'><strong>qui</strong></span> <span class='ocrx_word' id='word_1_374' title='bbox 2646 868 2822 939; x_wconf 89' lang='lat' dir='ltr'><strong>major</strong></span> <span class='ocrx_word' id='word_1_375' title='bbox 2856 867 3038 940; x_wconf 80' lang='lat' dir='ltr'><strong>Moyse</strong></span> <span class='ocrx_word' id='word_1_376' title='bbox 3076 867 3210 933; x_wconf 89' lang='lat' dir='ltr'><strong>fuit,</strong></span> <span class='ocrx_word' id='word_1_377' title='bbox 3247 868 3339 939; x_wconf 92' lang='lat' dir='ltr'><strong>qui</strong></span> <span class='ocrx_word' id='word_1_378' title='bbox 3375 861 3460 924; x_wconf 79' lang='lat' dir='ltr'><strong>est</strong></span> <span class='ocrx_word' id='word_1_379' title='bbox 3506 871 3756 924; x_wconf 86' lang='lat' dir='ltr'><strong>nutritus</strong></span> <span class='ocrx_word' id='word_1_380' title='bbox 3804 871 3854 924; x_wconf 85' lang='lat' dir='ltr'><strong>in</strong></span> 
     </span>
    </p>
   </div>
   <div class='ocr_carea' id='block_1_53' title="bbox 2273 960 3862 1032">
    <p class='ocr_par' dir='ltr' id='par_1_53' title="bbox 2273 960 3862 1032">
     <span class='ocr_line' id='line_1_53' title="bbox 2273 960 3862 1032; baseline -0.003 -12"><span class='ocrx_word' id='word_1_381' title='bbox 2273 977 2494 1030; x_wconf 85' lang='lat' dir='ltr'><strong>eremo,</strong></span> <span class='ocrx_word' id='word_1_382' title='bbox 2521 961 2679 1032; x_wconf 91' lang='lat' dir='ltr'><strong>cujus</strong></span> <span class='ocrx_word' id='word_1_383' title='bbox 2717 961 3056 1015; x_wconf 87' lang='lat' dir='ltr'><strong>nativitatem</strong></span> <span class='ocrx_word' id='word_1_384' title='bbox 3093 960 3233 1015; x_wconf 91' lang='lat' dir='ltr'><strong>idem</strong></span> <span class='ocrx_word' id='word_1_385' title='bbox 3267 961 3640 1032; x_wconf 83' lang='lat' dir='ltr'><strong>archangelus</strong></span> <span class='ocrx_word' id='word_1_386' title='bbox 3675 963 3769 1030; x_wconf 92' lang='lat' dir='ltr'><strong>qui</strong></span> <span class='ocrx_word' id='word_1_387' title='bbox 3808 975 3862 1016; x_wconf 87' lang='lat' dir='ltr'><strong>et</strong></span> 
     </span>
    </p>
   </div>
   <div class='ocr_carea' id='block_1_54' title="bbox 2274 1051 3858 1122">
    <p class='ocr_par' dir='ltr' id='par_1_54' title="bbox 2274 1051 3858 1122">
     <span class='ocr_line' id='line_1_54' title="bbox 2274 1051 3858 1122; baseline -0.001 -14"><span class='ocrx_word' id='word_1_388' title='bbox 2274 1054 2491 1108; x_wconf 88' lang='lat' dir='ltr'><strong>Domini</strong></span> <span class='ocrx_word' id='word_1_389' title='bbox 2533 1052 2837 1117; x_wconf 89' lang='lat' dir='ltr'><strong>nuntiavit,</strong></span> <span class='ocrx_word' id='word_1_390' title='bbox 2885 1051 3044 1121; x_wconf 89' lang='lat' dir='ltr'><strong>cujus</strong></span> <span class='ocrx_word' id='word_1_391' title='bbox 3087 1062 3239 1121; x_wconf 89' lang='lat' dir='ltr'><strong>pater</strong></span> <span class='ocrx_word' id='word_1_392' title='bbox 3269 1053 3361 1122; x_wconf 90' lang='lat' dir='ltr'><strong>qui</strong></span> <span class='ocrx_word' id='word_1_393' title='bbox 3393 1068 3522 1106; x_wconf 88' lang='lat' dir='ltr'><strong>eum</strong></span> <span class='ocrx_word' id='word_1_394' title='bbox 3555 1053 3714 1106; x_wconf 75' lang='lat' dir='ltr'><strong>nasci</strong></span> <span class='ocrx_word' id='word_1_395' title='bbox 3753 1070 3858 1107; x_wconf 86' lang='lat' dir='ltr'><strong>non</strong></span> 
     </span>
    </p>
   </div>
   <div class='ocr_carea' id='block_1_55' title="bbox 2274 1135 3862 1214">
    <p class='ocr_par' dir='ltr' id='par_1_55' title="bbox 2274 1135 3862 1214">
     <span class='ocr_line' id='line_1_55' title="bbox 2274 1135 3862 1214; baseline -0.001 -16"><span class='ocrx_word' id='word_1_396' title='bbox 2274 1144 2548 1210; x_wconf 89' lang='lat' dir='ltr'><strong>credebat,</strong></span> <span class='ocrx_word' id='word_1_397' title='bbox 2583 1143 2875 1199; x_wconf 87' lang='lat' dir='ltr'><strong>obmutuit.</strong></span> <span class='ocrx_word' id='word_1_398' title='bbox 2918 1141 3047 1197; x_wconf 88' lang='lat' dir='ltr'><strong>Erat</strong></span> <span class='ocrx_word' id='word_1_399' title='bbox 3078 1143 3241 1214; x_wconf 81' lang='lat' dir='ltr'><strong>igitur</strong></span> <span class='ocrx_word' id='word_1_400' title='bbox 3271 1144 3322 1198; x_wconf 93' lang='lat' dir='ltr'><strong>in</strong></span> <span class='ocrx_word' id='word_1_401' title='bbox 3346 1135 3566 1199; x_wconf 87' lang='lat' dir='ltr'><strong>deserto</strong></span> <span class='ocrx_word' id='word_1_402' title='bbox 3590 1145 3862 1211; x_wconf 78' lang='lat' dir='ltr'><strong>Joannes,</strong></span> 
     </span>
    </p>
   </div>
   <div class='ocr_carea' id='block_1_56' title="bbox 2274 1234 3863 1291">
    <p class='ocr_par' dir='ltr' id='par_1_56' title="bbox 2274 1234 3863 1291">
     <span class='ocr_line' id='line_1_56' title="bbox 2274 1234 3863 1291; baseline 0 0"><span class='ocrx_word' id='word_1_403' title='bbox 2274 1245 2328 1291; x_wconf 90' lang='lat' dir='ltr'><strong>et</strong></span> <span class='ocrx_word' id='word_1_404' title='bbox 2371 1234 2714 1289; x_wconf 85' lang='lat' dir='ltr'><strong>nutriebatur</strong></span> <span class='ocrx_word' id='word_1_405' title='bbox 2761 1249 2910 1289; x_wconf 88' lang='lat' dir='ltr'><strong>novo</strong></span> <span class='ocrx_word' id='word_1_406' title='bbox 2946 1243 3004 1289; x_wconf 88' lang='lat' dir='ltr'><strong>et</strong></span> <span class='ocrx_word' id='word_1_407' title='bbox 3044 1242 3198 1290; x_wconf 74' lang='lat' dir='ltr'><strong>extra</strong></span> <span class='ocrx_word' id='word_1_408' title='bbox 3250 1236 3548 1290; x_wconf 87' lang='lat' dir='ltr'><strong>humanam</strong></span> <span class='ocrx_word' id='word_1_409' title='bbox 3600 1249 3863 1291; x_wconf 83' lang='lat' dir='ltr'><strong>naturam</strong></span> 
     </span>
    </p>
   </div>
   <div class='ocr_carea' id='block_1_57' title="bbox 2275 1326 3865 1397">
    <p class='ocr_par' dir='ltr' id='par_1_57' title="bbox 2275 1326 3865 1397">
     <span class='ocr_line' id='line_1_57' title="bbox 2275 1326 3865 1397; baseline -0.001 -14"><span class='ocrx_word' id='word_1_410' title='bbox 2275 1328 2460 1395; x_wconf 84' lang='lat' dir='ltr'><strong>modo,</strong></span> <span class='ocrx_word' id='word_1_411' title='bbox 2493 1327 2546 1382; x_wconf 84' lang='lat' dir='ltr'><strong>id</strong></span> <span class='ocrx_word' id='word_1_412' title='bbox 2577 1327 2754 1397; x_wconf 91' lang='lat' dir='ltr'><strong>ipsum</strong></span> <span class='ocrx_word' id='word_1_413' title='bbox 2785 1326 3042 1381; x_wconf 78' lang='lat' dir='ltr'><strong>Matthan</strong></span> <span class='ocrx_word' id='word_1_414' title='bbox 3070 1339 3405 1382; x_wconf 82' lang='lat' dir='ltr'><strong>memorante</strong></span> <span class='ocrx_word' id='word_1_415' title='bbox 3435 1347 3448 1382; x_wconf 88' lang='lat'>:</span> <span class='ocrx_word' id='word_1_416' title='bbox 3479 1327 3653 1382; x_wconf 80' lang='lat' dir='ltr'><strong>Cibus</strong></span> <span class='ocrx_word' id='word_1_417' title='bbox 3684 1341 3865 1382; x_wconf 71' lang='lat' dir='ltr'><strong>autem</strong></span> 
     </span>
    </p>
   </div>
   <div class='ocr_carea' id='block_1_58' title="bbox 2273 1419 3863 1490">
    <p class='ocr_par' dir='ltr' id='par_1_58' title="bbox 2273 1419 3863 1490">
     <span class='ocr_line' id='line_1_58' title="bbox 2273 1419 3863 1490; baseline -0.001 -17"><span class='ocrx_word' id='word_1_418' title='bbox 2273 1420 2389 1490; x_wconf 82' lang='lat' dir='ltr'><strong>ejus</strong></span> <span class='ocrx_word' id='word_1_419' title='bbox 2415 1429 2564 1473; x_wconf 86' lang='lat' dir='ltr'><strong>erant</strong></span> <span class='ocrx_word' id='word_1_420' title='bbox 2591 1419 2810 1473; x_wconf 72' lang='lat' dir='ltr'><strong>locusta:</strong></span> <span class='ocrx_word' id='word_1_421' title='bbox 2836 1429 2883 1473; x_wconf 87' lang='lat' dir='ltr'><strong>et</strong></span> <span class='ocrx_word' id='word_1_422' title='bbox 2932 1419 3034 1473; x_wconf 89' lang='lat' dir='ltr'><strong>mel</strong></span> <span class='ocrx_word' id='word_1_423' title='bbox 3060 1419 3298 1474; x_wconf 76' lang='lat' dir='ltr'><strong>silvestre</strong></span> <span class='ocrx_word' id='word_1_424' title='bbox 3319 1419 3372 1473; x_wconf 68' lang='lat'><strong>&#39;.~</strong></span> <span class='ocrx_word' id='word_1_425' title='bbox 3392 1419 3533 1485; x_wconf 87' lang='lat' dir='ltr'><strong>Quia</strong></span> <span class='ocrx_word' id='word_1_426' title='bbox 3561 1420 3717 1474; x_wconf 88' lang='lat' dir='ltr'><strong>enim</strong></span> <span class='ocrx_word' id='word_1_427' title='bbox 3757 1423 3863 1473; x_wconf 89' lang='lat' dir='ltr'><strong>mi-</strong></span> 
     </span>
    </p>
   </div>
   <div class='ocr_carea' id='block_1_59' title="bbox 2273 1509 3863 1580">
    <p class='ocr_par' dir='ltr' id='par_1_59' title="bbox 2273 1509 3863 1580">
     <span class='ocr_line' id='line_1_59' title="bbox 2273 1509 3863 1580; baseline 0.001 -14"><span class='ocrx_word' id='word_1_428' title='bbox 2273 1513 2446 1567; x_wconf 88' lang='lat' dir='ltr'><strong>nister</strong></span> <span class='ocrx_word' id='word_1_429' title='bbox 2485 1510 2588 1566; x_wconf 87' lang='lat' dir='ltr'><strong>fuit</strong></span> <span class='ocrx_word' id='word_1_430' title='bbox 2619 1511 2779 1580; x_wconf 89' lang='lat' dir='ltr'><strong>primi</strong></span> <span class='ocrx_word' id='word_1_431' title='bbox 2829 1509 3128 1567; x_wconf 88' lang='lat' dir='ltr'><strong>Salvatoris</strong></span> <span class='ocrx_word' id='word_1_432' title='bbox 3167 1513 3473 1576; x_wconf 81' lang='lat' dir='ltr'><strong>adventus,</strong></span> <span class='ocrx_word' id='word_1_433' title='bbox 3503 1521 3561 1568; x_wconf 84' lang='lat' dir='ltr'><strong>et</strong></span> <span class='ocrx_word' id='word_1_434' title='bbox 3607 1522 3863 1567; x_wconf 84' lang='lat' dir='ltr'><strong>tantum—</strong></span> 
     </span>
    </p>
   </div>
   <div class='ocr_carea' id='block_1_60' title="bbox 2275 1603 3865 1678">
    <p class='ocr_par' dir='ltr' id='par_1_60' title="bbox 2275 1603 3865 1678">
     <span class='ocr_line' id='line_1_60' title="bbox 2275 1603 3865 1678; baseline 0 -20"><span class='ocrx_word' id='word_1_435' title='bbox 2275 1603 2436 1658; x_wconf 87' lang='lat' dir='ltr'><strong>modo</strong></span> <span class='ocrx_word' id='word_1_436' title='bbox 2457 1604 2523 1659; x_wconf 89' lang='lat' dir='ltr'><strong>de</strong></span> <span class='ocrx_word' id='word_1_437' title='bbox 2549 1603 2956 1672; x_wconf 90' lang='lat' dir='ltr'><strong>dispensatione</strong></span> <span class='ocrx_word' id='word_1_438' title='bbox 2985 1604 3164 1659; x_wconf 89' lang='lat' dir='ltr'><strong>carnis</strong></span> <span class='ocrx_word' id='word_1_439' title='bbox 3184 1603 3481 1661; x_wconf 71' lang='lat' dir='ltr'><strong>Dominica:</strong></span> <span class='ocrx_word' id='word_1_440' title='bbox 3503 1605 3865 1678; x_wconf 81' lang='lat' dir='ltr'><strong>loquebatur,</strong></span> 
     </span>
    </p>
   </div>
   <div class='ocr_carea' id='block_1_61' title="bbox 2275 1695 3862 1768">
    <p class='ocr_par' dir='ltr' id='par_1_61' title="bbox 2275 1695 3862 1768">
     <span class='ocr_line' id='line_1_61' title="bbox 2275 1695 3862 1768; baseline 0 -18"><span class='ocrx_word' id='word_1_441' title='bbox 2275 1710 2338 1750; x_wconf 91' lang='lat' dir='ltr'><strong>ac</strong></span> <span class='ocrx_word' id='word_1_442' title='bbox 2365 1695 2649 1767; x_wconf 85' lang='lat' dir='ltr'><strong>prophetia</strong></span> <span class='ocrx_word' id='word_1_443' title='bbox 2680 1696 2826 1751; x_wconf 89' lang='lat' dir='ltr'><strong>illius</strong></span> <span class='ocrx_word' id='word_1_444' title='bbox 2849 1711 2972 1751; x_wconf 91' lang='lat' dir='ltr'><strong>eum</strong></span> <span class='ocrx_word' id='word_1_445' title='bbox 3003 1696 3096 1766; x_wconf 91' lang='lat' dir='ltr'><strong>qui</strong></span> <span class='ocrx_word' id='word_1_446' title='bbox 3125 1705 3284 1751; x_wconf 90' lang='lat' dir='ltr'><strong>natus</strong></span> <span class='ocrx_word' id='word_1_447' title='bbox 3314 1695 3491 1751; x_wconf 86' lang='lat' dir='ltr'><strong>fuerat</strong></span> <span class='ocrx_word' id='word_1_448' title='bbox 3513 1713 3583 1751; x_wconf 76' lang='lat' dir='ltr'><strong>ex</strong></span> <span class='ocrx_word' id='word_1_449' title='bbox 3607 1695 3862 1768; x_wconf 72' lang='lat' dir='ltr'><strong>Virgine.</strong></span> 
     </span>
    </p>
   </div>
   <div class='ocr_carea' id='block_1_62' title="bbox 2275 1788 3866 1860">
    <p class='ocr_par' dir='ltr' id='par_1_62' title="bbox 2275 1788 3866 1860">
     <span class='ocr_line' id='line_1_62' title="bbox 2275 1788 3866 1860; baseline 0.001 -18"><span class='ocrx_word' id='word_1_450' title='bbox 2275 1790 2629 1860; x_wconf 82' lang='lat' dir='ltr'><strong>praecinebat,</strong></span> <span class='ocrx_word' id='word_1_451' title='bbox 2653 1807 2762 1846; x_wconf 90' lang='lat' dir='ltr'><strong>non</strong></span> <span class='ocrx_word' id='word_1_452' title='bbox 2793 1788 3361 1844; x_wconf 85' lang='lat' dir='ltr'><strong>babuitdomesticum</strong></span> <span class='ocrx_word' id='word_1_453' title='bbox 3385 1790 3492 1843; x_wconf 90' lang='lat' dir='ltr'><strong>mel</strong></span> <span class='ocrx_word' id='word_1_454' title='bbox 3537 1799 3592 1843; x_wconf 90' lang='lat' dir='ltr'><strong>et</strong></span> <span class='ocrx_word' id='word_1_455' title='bbox 3619 1789 3866 1844; x_wconf 77' lang='lat' dir='ltr'><strong>humana</strong></span> 
     </span>
    </p>
   </div>
   <div class='ocr_carea' id='block_1_63' title="bbox 2276 1881 3868 1955">
    <p class='ocr_par' dir='ltr' id='par_1_63' title="bbox 2276 1881 3868 1955">
     <span class='ocr_line' id='line_1_63' title="bbox 2276 1881 3868 1955; baseline 0.001 -18"><span class='ocrx_word' id='word_1_456' title='bbox 2276 1883 2555 1954; x_wconf 88' lang='lat' dir='ltr'><strong>diligentia</strong></span> <span class='ocrx_word' id='word_1_457' title='bbox 2578 1883 2952 1955; x_wconf 85' lang='lat' dir='ltr'><strong>percolatum,</strong></span> <span class='ocrx_word' id='word_1_458' title='bbox 2981 1881 3076 1936; x_wconf 91' lang='lat' dir='ltr'><strong>sed</strong></span> <span class='ocrx_word' id='word_1_459' title='bbox 3108 1881 3353 1937; x_wconf 84' lang='lat' dir='ltr'><strong>silvestre</strong></span> <span class='ocrx_word' id='word_1_460' title='bbox 3385 1884 3514 1947; x_wconf 89' lang='lat' dir='ltr'><strong>mel,</strong></span> <span class='ocrx_word' id='word_1_461' title='bbox 3550 1893 3609 1937; x_wconf 90' lang='lat' dir='ltr'><strong>et</strong></span> <span class='ocrx_word' id='word_1_462' title='bbox 3640 1883 3868 1938; x_wconf 78' lang='lat' dir='ltr'><strong>volucre</strong></span> 
     </span>
    </p>
   </div>
   <div class='ocr_carea' id='block_1_64' title="bbox 2277 1969 3865 2044">
    <p class='ocr_par' dir='ltr' id='par_1_64' title="bbox 2277 1969 3865 2044">
     <span class='ocr_line' id='line_1_64' title="bbox 2277 1969 3865 2044; baseline 0.001 -20"><span class='ocrx_word' id='word_1_463' title='bbox 2277 1987 2386 2026; x_wconf 90' lang='lat' dir='ltr'><strong>non</strong></span> <span class='ocrx_word' id='word_1_464' title='bbox 2421 1973 2649 2044; x_wconf 87' lang='lat' dir='ltr'><strong>grande,</strong></span> <span class='ocrx_word' id='word_1_465' title='bbox 2686 1988 2792 2026; x_wconf 92' lang='lat' dir='ltr'><strong>non</strong></span> <span class='ocrx_word' id='word_1_466' title='bbox 2826 1972 2880 2025; x_wconf 92' lang='lat' dir='ltr'><strong>in</strong></span> <span class='ocrx_word' id='word_1_467' title='bbox 2907 1969 3138 2026; x_wconf 89' lang='lat' dir='ltr'><strong>sublime</strong></span> <span class='ocrx_word' id='word_1_468' title='bbox 3169 1986 3226 2026; x_wconf 87' lang='lat' dir='ltr'><strong>se</strong></span> <span class='ocrx_word' id='word_1_469' title='bbox 3253 1971 3495 2034; x_wconf 88' lang='lat' dir='ltr'><strong>elevans,</strong></span> <span class='ocrx_word' id='word_1_470' title='bbox 3530 1988 3734 2027; x_wconf 84' lang='lat' dir='ltr'><strong>verum</strong></span> <span class='ocrx_word' id='word_1_471' title='bbox 3770 1988 3865 2026; x_wconf 82' lang='lat' dir='ltr'><strong>vo-</strong></span> 
     </span>
    </p>
   </div>
   <div class='ocr_carea' id='block_1_65' title="bbox 2276 2064 3864 2136">
    <p class='ocr_par' dir='ltr' id='par_1_65' title="bbox 2276 2064 3864 2136">
     <span class='ocr_line' id='line_1_65' title="bbox 2276 2064 3864 2136; baseline 0.001 -18"><span class='ocrx_word' id='word_1_472' title='bbox 2276 2065 2426 2120; x_wconf 92' lang='lat' dir='ltr'><strong>lucre</strong></span> <span class='ocrx_word' id='word_1_473' title='bbox 2459 2081 2708 2136; x_wconf 90' lang='lat' dir='ltr'><strong>parvum,</strong></span> <span class='ocrx_word' id='word_1_474' title='bbox 2746 2072 2799 2120; x_wconf 88' lang='lat' dir='ltr'><strong>et</strong></span> <span class='ocrx_word' id='word_1_475' title='bbox 2829 2064 2916 2118; x_wconf 80' lang='lat' dir='ltr'><strong>vix</strong></span> <span class='ocrx_word' id='word_1_476' title='bbox 2945 2079 2974 2118; x_wconf 90' lang='lat' dir='ltr'><strong>a</strong></span> <span class='ocrx_word' id='word_1_477' title='bbox 3002 2073 3144 2119; x_wconf 89' lang='lat' dir='ltr'><strong>terra</strong></span> <span class='ocrx_word' id='word_1_478' title='bbox 3166 2079 3529 2134; x_wconf 85' lang='lat' dir='ltr'><strong>consurgens,</strong></span> <span class='ocrx_word' id='word_1_479' title='bbox 3570 2073 3628 2118; x_wconf 92' lang='lat' dir='ltr'><strong>et</strong></span> <span class='ocrx_word' id='word_1_480' title='bbox 3659 2065 3864 2121; x_wconf 82' lang='lat' dir='ltr'><strong>saliens</strong></span> 
     </span>
    </p>
   </div>
   <div class='ocr_carea' id='block_1_66' title="bbox 2276 2154 3864 2228">
    <p class='ocr_par' dir='ltr' id='par_1_66' title="bbox 2276 2154 3864 2228">
     <span class='ocr_line' id='line_1_66' title="bbox 2276 2154 3864 2228; baseline 0.001 -19"><span class='ocrx_word' id='word_1_481' title='bbox 2276 2157 2458 2228; x_wconf 88' lang='lat' dir='ltr'><strong>potius</strong></span> <span class='ocrx_word' id='word_1_482' title='bbox 2499 2171 2662 2226; x_wconf 87' lang='lat' dir='ltr'><strong>quam</strong></span> <span class='ocrx_word' id='word_1_483' title='bbox 2703 2156 2915 2211; x_wconf 90' lang='lat' dir='ltr'><strong>volans.</strong></span> <span class='ocrx_word' id='word_1_484' title='bbox 2964 2154 3104 2222; x_wconf 86' lang='lat' dir='ltr'><strong>Quid</strong></span> <span class='ocrx_word' id='word_1_485' title='bbox 3157 2155 3359 2224; x_wconf 84' lang='lat' dir='ltr'><strong>plura?</strong></span> <span class='ocrx_word' id='word_1_486' title='bbox 3403 2154 3864 2211; x_wconf 77' lang='lat' dir='ltr'><strong>manifestissime</strong></span> 
     </span>
    </p>
   </div>
   <div class='ocr_carea' id='block_1_67' title="bbox 2269 2246 3859 2319">
    <p class='ocr_par' dir='ltr' id='par_1_67' title="bbox 2269 2246 3859 2319">
     <span class='ocr_line' id='line_1_67' title="bbox 2269 2246 3859 2319; baseline 0 -17"><span class='ocrx_word' id='word_1_487' title='bbox 2269 2248 2478 2304; x_wconf 86' lang='lat' dir='ltr'><strong>dicitur</strong></span> <span class='ocrx_word' id='word_1_488' title='bbox 2507 2248 2650 2317; x_wconf 89' lang='lat' dir='ltr'><strong>quod</strong></span> <span class='ocrx_word' id='word_1_489' title='bbox 2684 2246 2906 2302; x_wconf 79' lang='lat' dir='ltr'><strong>locustae</strong></span> <span class='ocrx_word' id='word_1_490' title='bbox 2945 2246 3148 2302; x_wconf 83' lang='lat' dir='ltr'><strong>fuerint</strong></span> <span class='ocrx_word' id='word_1_491' title='bbox 3179 2248 3334 2302; x_wconf 90' lang='lat' dir='ltr'><strong>cibus</strong></span> <span class='ocrx_word' id='word_1_492' title='bbox 3365 2247 3522 2318; x_wconf 87' lang='lat' dir='ltr'><strong>ejus,</strong></span> <span class='ocrx_word' id='word_1_493' title='bbox 3569 2250 3859 2319; x_wconf 78' lang='lat' dir='ltr'><strong>parvulum</strong></span> 
     </span>
    </p>
   </div>
   <div class='ocr_carea' id='block_1_68' title="bbox 2276 2336 3861 2409">
    <p class='ocr_par' dir='ltr' id='par_1_68' title="bbox 2276 2336 3861 2409">
     <span class='ocr_line' id='line_1_68' title="bbox 2276 2336 3861 2409; baseline 0 -17"><span class='ocrx_word' id='word_1_494' title='bbox 2276 2339 2476 2393; x_wconf 89' lang='lat' dir='ltr'><strong>animal</strong></span> <span class='ocrx_word' id='word_1_495' title='bbox 2509 2347 2562 2392; x_wconf 89' lang='lat' dir='ltr'><strong>et</strong></span> <span class='ocrx_word' id='word_1_496' title='bbox 2598 2337 2884 2392; x_wconf 89' lang='lat' dir='ltr'><strong>mundum.</strong></span> <span class='ocrx_word' id='word_1_497' title='bbox 2917 2336 3274 2392; x_wconf 85' lang='lat' dir='ltr'><strong>Considerate</strong></span> <span class='ocrx_word' id='word_1_498' title='bbox 3304 2353 3455 2409; x_wconf 77' lang='lat' dir='ltr'><strong>ergo,</strong></span> <span class='ocrx_word' id='word_1_499' title='bbox 3495 2337 3706 2392; x_wconf 84' lang='lat' dir='ltr'><strong>fratres</strong></span> <span class='ocrx_word' id='word_1_500' title='bbox 3737 2342 3861 2392; x_wconf 79' lang='lat' dir='ltr'><strong>cha-</strong></span> 
     </span>
    </p>
   </div>
   <div class='ocr_carea' id='block_1_69' title="bbox 2276 2429 3860 2501">
    <p class='ocr_par' dir='ltr' id='par_1_69' title="bbox 2276 2429 3860 2501">
     <span class='ocr_line' id='line_1_69' title="bbox 2276 2429 3860 2501; baseline 0 -15"><span class='ocrx_word' id='word_1_501' title='bbox 2276 2432 2500 2496; x_wconf 90' lang='lat' dir='ltr'><strong>rissimi,</strong></span> <span class='ocrx_word' id='word_1_502' title='bbox 2537 2431 2682 2501; x_wconf 92' lang='lat' dir='ltr'><strong>quod</strong></span> <span class='ocrx_word' id='word_1_503' title='bbox 2710 2429 2803 2501; x_wconf 87' lang='lat' dir='ltr'><strong>qui</strong></span> <span class='ocrx_word' id='word_1_504' title='bbox 2835 2445 2974 2485; x_wconf 91' lang='lat' dir='ltr'><strong>nove</strong></span> <span class='ocrx_word' id='word_1_505' title='bbox 3006 2439 3168 2486; x_wconf 90' lang='lat' dir='ltr'><strong>natus</strong></span> <span class='ocrx_word' id='word_1_506' title='bbox 3199 2429 3408 2495; x_wconf 87' lang='lat' dir='ltr'><strong>fuerat,</strong></span> <span class='ocrx_word' id='word_1_507' title='bbox 3442 2447 3590 2487; x_wconf 87' lang='lat' dir='ltr'><strong>nove</strong></span> <span class='ocrx_word' id='word_1_508' title='bbox 3621 2433 3860 2486; x_wconf 80' lang='lat' dir='ltr'><strong>nutritus</strong></span> 
     </span>
    </p>
   </div>
   <div class='ocr_carea' id='block_1_70' title="bbox 2275 2521 3862 2592">
    <p class='ocr_par' dir='ltr' id='par_1_70' title="bbox 2275 2521 3862 2592">
     <span class='ocr_line' id='line_1_70' title="bbox 2275 2521 3862 2592; baseline -0.003 -13"><span class='ocrx_word' id='word_1_509' title='bbox 2275 2533 2380 2579; x_wconf 90' lang='lat' dir='ltr'><strong>est.</strong></span> <span class='ocrx_word' id='word_1_510' title='bbox 2410 2522 2541 2578; x_wconf 85' lang='lat' dir='ltr'><strong>Post</strong></span> <span class='ocrx_word' id='word_1_511' title='bbox 2564 2538 2686 2592; x_wconf 73' lang='lat' dir='ltr'><strong>quae</strong></span> <span class='ocrx_word' id='word_1_512' title='bbox 2717 2521 2999 2591; x_wconf 88' lang='lat' dir='ltr'><strong>Scriptura</strong></span> <span class='ocrx_word' id='word_1_513' title='bbox 3029 2522 3252 2592; x_wconf 85' lang='lat' dir='ltr'><strong>subjicit</strong></span> <span class='ocrx_word' id='word_1_514' title='bbox 3277 2541 3291 2578; x_wconf 91' lang='lat'><strong>:</strong></span> <span class='ocrx_word' id='word_1_515' title='bbox 3317 2522 3548 2576; x_wconf 88' lang='lat' dir='ltr'><strong>Factum</strong></span> <span class='ocrx_word' id='word_1_516' title='bbox 3579 2534 3663 2576; x_wconf 88' lang='lat' dir='ltr'><strong>est</strong></span> <span class='ocrx_word' id='word_1_517' title='bbox 3689 2534 3862 2576; x_wconf 72' lang='lat' dir='ltr'><strong>autem</strong></span> 
     </span>
    </p>
   </div>
   <div class='ocr_carea' id='block_1_71' title="bbox 2277 2614 3863 2684">
    <p class='ocr_par' dir='ltr' id='par_1_71' title="bbox 2277 2614 3863 2684">
     <span class='ocr_line' id='line_1_71' title="bbox 2277 2614 3863 2684; baseline -0.002 -15"><span class='ocrx_word' id='word_1_518' title='bbox 2277 2617 2334 2669; x_wconf 88' lang='lat' dir='ltr'><strong>in</strong></span> <span class='ocrx_word' id='word_1_519' title='bbox 2358 2616 2538 2670; x_wconf 86' lang='lat' dir='ltr'><strong>diebus</strong></span> <span class='ocrx_word' id='word_1_520' title='bbox 2565 2615 2705 2682; x_wconf 84' lang='lat' dir='ltr'><strong>illis,</strong></span> <span class='ocrx_word' id='word_1_521' title='bbox 2744 2615 2905 2669; x_wconf 72' lang='lat' dir='ltr'><strong>exivit</strong></span> <span class='ocrx_word' id='word_1_522' title='bbox 2928 2614 3156 2668; x_wconf 87' lang='lat' dir='ltr'><strong>edictum</strong></span> <span class='ocrx_word' id='word_1_523' title='bbox 3185 2633 3217 2668; x_wconf 94' lang='lat' dir='ltr'><strong>a</strong></span> <span class='ocrx_word' id='word_1_524' title='bbox 3248 2614 3459 2669; x_wconf 69' lang='lat' dir='ltr'><strong>Cwsare</strong></span> <span class='ocrx_word' id='word_1_525' title='bbox 3489 2616 3741 2684; x_wconf 78' lang='lat' dir='ltr'><strong>Augusto</strong></span> <span class='ocrx_word' id='word_1_526' title='bbox 3764 2657 3780 2677; x_wconf 93' lang='lat'><strong>,</strong></span> <span class='ocrx_word' id='word_1_527' title='bbox 3811 2625 3863 2667; x_wconf 75' lang='lat' dir='ltr'><strong>at</strong></span> 
     </span>
    </p>
   </div>
   <div class='ocr_carea' id='block_1_72' title="bbox 2275 2706 3864 2784">
    <p class='ocr_par' dir='ltr' id='par_1_72' title="bbox 2275 2706 3864 2784">
     <span class='ocr_line' id='line_1_72' title="bbox 2275 2706 3864 2784; baseline 0.001 -24"><span class='ocrx_word' id='word_1_528' title='bbox 2275 2706 2658 2760; x_wconf 85' lang='lat' dir='ltr'><strong>describeretur</strong></span> <span class='ocrx_word' id='word_1_529' title='bbox 2680 2708 2852 2760; x_wconf 86' lang='lat' dir='ltr'><strong>omnis</strong></span> <span class='ocrx_word' id='word_1_530' title='bbox 2885 2707 3049 2762; x_wconf 82' lang='lat' dir='ltr'><strong>orbis.</strong></span> <span class='ocrx_word' id='word_1_531' title='bbox 3083 2707 3211 2784; x_wconf 75' lang='lat' dir='ltr'><strong>llwc</strong></span> <span class='ocrx_word' id='word_1_532' title='bbox 3245 2707 3343 2777; x_wconf 80' lang='lat' dir='ltr'><strong>fuit</strong></span> <span class='ocrx_word' id='word_1_533' title='bbox 3372 2708 3668 2776; x_wconf 86' lang='lat' dir='ltr'><strong>descriptio</strong></span> <span class='ocrx_word' id='word_1_534' title='bbox 3691 2711 3864 2779; x_wconf 82' lang='lat' dir='ltr'><strong>prima</strong></span> 
     </span>
    </p>
   </div>
   <div class='ocr_carea' id='block_1_73' title="bbox 2274 2797 3866 2872">
    <p class='ocr_par' dir='ltr' id='par_1_73' title="bbox 2274 2797 3866 2872">
     <span class='ocr_line' id='line_1_73' title="bbox 2274 2797 3866 2872; baseline -0.001 -18"><span class='ocrx_word' id='word_1_535' title='bbox 2274 2817 2308 2854; x_wconf 89' lang='lat' dir='ltr'><strong>a</strong></span> <span class='ocrx_word' id='word_1_536' title='bbox 2333 2799 2556 2868; x_wconf 66' lang='lat' dir='ltr'><strong>praeside</strong></span> <span class='ocrx_word' id='word_1_537' title='bbox 2585 2797 2756 2869; x_wconf 80' lang='lat' dir='ltr'><strong>Syria:</strong></span> <span class='ocrx_word' id='word_1_538' title='bbox 2780 2798 2977 2869; x_wconf 83' lang='lat' dir='ltr'><strong>Cyrino</strong></span> <span class='ocrx_word' id='word_1_539' title='bbox 3007 2800 3048 2855; x_wconf 71' lang='grc'><strong>⁸.</strong></span> <span class='ocrx_word' id='word_1_540' title='bbox 3085 2801 3238 2855; x_wconf 86' lang='lat' dir='ltr'><strong>Dicat</strong></span> <span class='ocrx_word' id='word_1_541' title='bbox 3271 2801 3471 2870; x_wconf 89' lang='lat' dir='ltr'><strong>aliquis</strong></span> <span class='ocrx_word' id='word_1_542' title='bbox 3500 2821 3513 2854; x_wconf 69' lang='grc' dir='ltr'><strong>ι</strong></span> <span class='ocrx_word' id='word_1_543' title='bbox 3546 2799 3594 2855; x_wconf 89' lang='grc' dir='ltr'>Ο</span> <span class='ocrx_word' id='word_1_544' title='bbox 3629 2817 3866 2872; x_wconf 82' lang='lat' dir='ltr'><strong>evange-</strong></span> 
     </span>
    </p>
   </div>
   <div class='ocr_carea' id='block_1_74' title="bbox 2277 2893 3866 2963">
    <p class='ocr_par' dir='ltr' id='par_1_74' title="bbox 2277 2893 3866 2963">
     <span class='ocr_line' id='line_1_74' title="bbox 2277 2893 3866 2963; baseline 0.001 -16"><span class='ocrx_word' id='word_1_545' title='bbox 2277 2893 2380 2948; x_wconf 88' lang='lat' dir='ltr'><strong>lica</strong></span> <span class='ocrx_word' id='word_1_546' title='bbox 2417 2893 2700 2947; x_wconf 88' lang='lat' dir='ltr'><strong>narratio!</strong></span> <span class='ocrx_word' id='word_1_547' title='bbox 2745 2894 3016 2960; x_wconf 89' lang='lat' dir='ltr'><strong>Quoniam</strong></span> <span class='ocrx_word' id='word_1_548' title='bbox 3059 2895 3235 2963; x_wconf 89' lang='lat' dir='ltr'><strong>prima</strong></span> <span class='ocrx_word' id='word_1_549' title='bbox 3273 2893 3576 2962; x_wconf 86' lang='lat' dir='ltr'><strong>descriptio</strong></span> <span class='ocrx_word' id='word_1_550' title='bbox 3620 2895 3866 2948; x_wconf 75' lang='lat' dir='ltr'><strong>universi</strong></span> 
     </span>
    </p>
   </div>
   <div class='ocr_carea' id='block_1_75' title="bbox 2277 2983 3868 3056">
    <p class='ocr_par' dir='ltr' id='par_1_75' title="bbox 2277 2983 3868 3056">
     <span class='ocr_line' id='line_1_75' title="bbox 2277 2983 3868 3056; baseline 0.001 -17"><span class='ocrx_word' id='word_1_551' title='bbox 2277 2984 2428 3040; x_wconf 88' lang='lat' dir='ltr'><strong>orbis</strong></span> <span class='ocrx_word' id='word_1_552' title='bbox 2460 2984 2562 3039; x_wconf 90' lang='lat' dir='ltr'><strong>sub</strong></span> <span class='ocrx_word' id='word_1_553' title='bbox 2596 2984 2809 3041; x_wconf 63' lang='lat' dir='ltr'><strong>Caesare</strong></span> <span class='ocrx_word' id='word_1_554' title='bbox 2857 2985 3105 3056; x_wconf 88' lang='lat' dir='ltr'><strong>Augusto</strong></span> <span class='ocrx_word' id='word_1_555' title='bbox 3154 2983 3352 3048; x_wconf 89' lang='lat' dir='ltr'><strong>fuerit,</strong></span> <span class='ocrx_word' id='word_1_556' title='bbox 3388 2993 3440 3037; x_wconf 91' lang='lat' dir='ltr'><strong>et</strong></span> <span class='ocrx_word' id='word_1_557' title='bbox 3477 2984 3629 3040; x_wconf 89' lang='lat' dir='ltr'><strong>inter</strong></span> <span class='ocrx_word' id='word_1_558' title='bbox 3676 3001 3868 3040; x_wconf 82' lang='lat' dir='ltr'><strong>omnes</strong></span> 
     </span>
    </p>
   </div>
   <div class='ocr_carea' id='block_1_76' title="bbox 2276 3074 3866 3148">
    <p class='ocr_par' dir='ltr' id='par_1_76' title="bbox 2276 3074 3866 3148">
     <span class='ocr_line' id='line_1_76' title="bbox 2276 3074 3866 3148; baseline 0.001 -18"><span class='ocrx_word' id='word_1_559' title='bbox 2276 3077 2441 3130; x_wconf 89' lang='lat' dir='ltr'><strong>etiam</strong></span> <span class='ocrx_word' id='word_1_560' title='bbox 2467 3074 2669 3146; x_wconf 84' lang='lat' dir='ltr'><strong>Joseph</strong></span> <span class='ocrx_word' id='word_1_561' title='bbox 2700 3091 2825 3130; x_wconf 92' lang='lat' dir='ltr'><strong>cum</strong></span> <span class='ocrx_word' id='word_1_562' title='bbox 2850 3076 3020 3131; x_wconf 86' lang='lat' dir='ltr'><strong>Maria</strong></span> <span class='ocrx_word' id='word_1_563' title='bbox 3046 3076 3372 3146; x_wconf 78' lang='lat' dir='ltr'><strong>desponsata</strong></span> <span class='ocrx_word' id='word_1_564' title='bbox 3398 3076 3504 3131; x_wconf 84' lang='lat' dir='ltr'><strong>sibi</strong></span> <span class='ocrx_word' id='word_1_565' title='bbox 3528 3085 3702 3147; x_wconf 89' lang='lat' dir='ltr'><strong>atque</strong></span> <span class='ocrx_word' id='word_1_566' title='bbox 3730 3094 3866 3148; x_wconf 60' lang='lat' dir='ltr'><strong>prx-</strong></span> 
     </span>
    </p>
   </div>
   <div class='ocr_carea' id='block_1_77' title="bbox 2278 3169 3860 3240">
    <p class='ocr_par' dir='ltr' id='par_1_77' title="bbox 2278 3169 3860 3240">
     <span class='ocr_line' id='line_1_77' title="bbox 2278 3169 3860 3240; baseline 0.001 -17"><span class='ocrx_word' id='word_1_567' title='bbox 2278 3179 2477 3240; x_wconf 86' lang='lat' dir='ltr'><strong>gnante</strong></span> <span class='ocrx_word' id='word_1_568' title='bbox 2505 3185 2704 3225; x_wconf 91' lang='lat' dir='ltr'><strong>nomen</strong></span> <span class='ocrx_word' id='word_1_569' title='bbox 2739 3169 2989 3224; x_wconf 86' lang='lat' dir='ltr'><strong>retulerit</strong></span> <span class='ocrx_word' id='word_1_570' title='bbox 3023 3169 3078 3223; x_wconf 90' lang='lat' dir='ltr'><strong>in</strong></span> <span class='ocrx_word' id='word_1_571' title='bbox 3122 3183 3345 3224; x_wconf 86' lang='lat' dir='ltr'><strong>censum</strong></span> <span class='ocrx_word' id='word_1_572' title='bbox 3366 3209 3382 3234; x_wconf 82' lang='lat'><strong>,</strong></span> <span class='ocrx_word' id='word_1_573' title='bbox 3431 3184 3498 3222; x_wconf 90' lang='lat' dir='ltr'><strong>ac</strong></span> <span class='ocrx_word' id='word_1_574' title='bbox 3529 3170 3860 3240; x_wconf 84' lang='lat' dir='ltr'><strong>priusquam</strong></span> 
     </span>
    </p>
   </div>
   <div class='ocr_carea' id='block_1_78' title="bbox 2278 3259 3864 3334">
    <p class='ocr_par' dir='ltr' id='par_1_78' title="bbox 2278 3259 3864 3334">
     <span class='ocr_line' id='line_1_78' title="bbox 2278 3259 3864 3334; baseline -0.001 -17"><span class='ocrx_word' id='word_1_575' title='bbox 2278 3262 2569 3332; x_wconf 87' lang='lat' dir='ltr'><strong>descriptio</strong></span> <span class='ocrx_word' id='word_1_576' title='bbox 2600 3263 2985 3332; x_wconf 87' lang='lat' dir='ltr'><strong>compleretur,</strong></span> <span class='ocrx_word' id='word_1_577' title='bbox 3018 3269 3175 3316; x_wconf 90' lang='lat' dir='ltr'><strong>ortus</strong></span> <span class='ocrx_word' id='word_1_578' title='bbox 3208 3259 3372 3315; x_wconf 88' lang='lat' dir='ltr'><strong>fuerit</strong></span> <span class='ocrx_word' id='word_1_579' title='bbox 3401 3259 3588 3327; x_wconf 74' lang='lat' dir='ltr'><strong>Iesus,</strong></span> <span class='ocrx_word' id='word_1_580' title='bbox 3625 3262 3864 3334; x_wconf 82' lang='lat' dir='ltr'><strong>diligen-</strong></span> 
     </span>
    </p>
   </div>
   <div class='ocr_carea' id='block_1_79' title="bbox 2277 3351 3866 3424">
    <p class='ocr_par' dir='ltr' id='par_1_79' title="bbox 2277 3351 3866 3424">
     <span class='ocr_line' id='line_1_79' title="bbox 2277 3351 3866 3424; baseline -0.003 -14"><span class='ocrx_word' id='word_1_581' title='bbox 2277 3355 2387 3410; x_wconf 90' lang='lat' dir='ltr'><strong>tius</strong></span> <span class='ocrx_word' id='word_1_582' title='bbox 2419 3354 2648 3408; x_wconf 90' lang='lat' dir='ltr'><strong>intuenti</strong></span> <span class='ocrx_word' id='word_1_583' title='bbox 2678 3362 3078 3408; x_wconf 88' lang='lat' dir='ltr'><strong>sacramentum</strong></span> <span class='ocrx_word' id='word_1_584' title='bbox 3119 3351 3393 3422; x_wconf 86' lang='lat' dir='ltr'><strong>quoddam</strong></span> <span class='ocrx_word' id='word_1_585' title='bbox 3435 3353 3666 3408; x_wconf 85' lang='lat' dir='ltr'><strong>videtur</strong></span> <span class='ocrx_word' id='word_1_586' title='bbox 3696 3354 3866 3424; x_wconf 84' lang='lat' dir='ltr'><strong>signi-</strong></span> 
     </span>
    </p>
   </div>
   <div class='ocr_carea' id='block_1_80' title="bbox 2279 3444 3864 3516">
    <p class='ocr_par' dir='ltr' id='par_1_80' title="bbox 2279 3444 3864 3516">
     <span class='ocr_line' id='line_1_80' title="bbox 2279 3444 3864 3516; baseline -0.001 -15"><span class='ocrx_word' id='word_1_587' title='bbox 2279 3448 2477 3512; x_wconf 82' lang='lat' dir='ltr'><strong>ﬁcare,</strong></span> <span class='ocrx_word' id='word_1_588' title='bbox 2527 3445 2669 3516; x_wconf 90' lang='lat' dir='ltr'><strong>quod</strong></span> <span class='ocrx_word' id='word_1_589' title='bbox 2719 3445 2772 3500; x_wconf 92' lang='lat' dir='ltr'><strong>in</strong></span> <span class='ocrx_word' id='word_1_590' title='bbox 2819 3445 2990 3499; x_wconf 87' lang='lat' dir='ltr'><strong>totius</strong></span> <span class='ocrx_word' id='word_1_591' title='bbox 3037 3445 3186 3500; x_wconf 89' lang='lat' dir='ltr'><strong>orbis</strong></span> <span class='ocrx_word' id='word_1_592' title='bbox 3232 3444 3580 3514; x_wconf 87' lang='lat' dir='ltr'><strong>professione</strong></span> <span class='ocrx_word' id='word_1_593' title='bbox 3630 3445 3864 3500; x_wconf 85' lang='lat' dir='ltr'><strong>describi</strong></span> 
     </span>
    </p>
   </div>
   <div class='ocr_carea' id='block_1_81' title="bbox 2277 3535 3866 3608">
    <p class='ocr_par' dir='ltr' id='par_1_81' title="bbox 2277 3535 3866 3608">
     <span class='ocr_line' id='line_1_81' title="bbox 2277 3535 3866 3608; baseline 0.001 -17"><span class='ocrx_word' id='word_1_594' title='bbox 2277 3536 2578 3608; x_wconf 90' lang='lat' dir='ltr'><strong>oportuerit</strong></span> <span class='ocrx_word' id='word_1_595' title='bbox 2610 3545 2665 3590; x_wconf 90' lang='lat' dir='ltr'><strong>et</strong></span> <span class='ocrx_word' id='word_1_596' title='bbox 2696 3535 2974 3590; x_wconf 88' lang='lat' dir='ltr'><strong>Christum</strong></span> <span class='ocrx_word' id='word_1_597' title='bbox 3000 3575 3015 3600; x_wconf 94' lang='lat'><strong>,</strong></span> <span class='ocrx_word' id='word_1_598' title='bbox 3069 3543 3131 3589; x_wconf 88' lang='lat' dir='ltr'><strong>ut</strong></span> <span class='ocrx_word' id='word_1_599' title='bbox 3165 3551 3287 3589; x_wconf 93' lang='lat' dir='ltr'><strong>cum</strong></span> <span class='ocrx_word' id='word_1_600' title='bbox 3325 3535 3588 3591; x_wconf 92' lang='lat' dir='ltr'><strong>omnibus</strong></span> <span class='ocrx_word' id='word_1_601' title='bbox 3629 3537 3866 3608; x_wconf 86' lang='lat' dir='ltr'><strong>scriptus</strong></span> 
     </span>
    </p>
   </div>
   <div class='ocr_carea' id='block_1_82' title="bbox 2277 3627 3863 3694">
    <p class='ocr_par' dir='ltr' id='par_1_82' title="bbox 2277 3627 3863 3694">
     <span class='ocr_line' id='line_1_82' title="bbox 2277 3627 3863 3694; baseline 0.001 -11"><span class='ocrx_word' id='word_1_602' title='bbox 2277 3628 2642 3693; x_wconf 74' lang='lat' dir='ltr'><strong>sanctilicaret</strong></span> <span class='ocrx_word' id='word_1_603' title='bbox 2662 3643 2876 3694; x_wconf 89' lang='lat' dir='ltr'><strong>omnes,</strong></span> <span class='ocrx_word' id='word_1_604' title='bbox 2904 3637 2959 3682; x_wconf 87' lang='lat' dir='ltr'><strong>et</strong></span> <span class='ocrx_word' id='word_1_605' title='bbox 2987 3637 3112 3682; x_wconf 86' lang='lat' dir='ltr'><strong>cum</strong></span> <span class='ocrx_word' id='word_1_606' title='bbox 3141 3627 3273 3682; x_wconf 93' lang='lat' dir='ltr'><strong>orbe</strong></span> <span class='ocrx_word' id='word_1_607' title='bbox 3297 3627 3499 3682; x_wconf 84' lang='lat' dir='ltr'><strong>relatus</strong></span> <span class='ocrx_word' id='word_1_608' title='bbox 3530 3628 3586 3681; x_wconf 91' lang='lat' dir='ltr'><strong>in</strong></span> <span class='ocrx_word' id='word_1_609' title='bbox 3612 3645 3863 3694; x_wconf 87' lang='lat' dir='ltr'><strong>censum,</strong></span> 
     </span>
    </p>
   </div>
   <div class='ocr_carea' id='block_1_83' title="bbox 2275 3721 3864 3791">
    <p class='ocr_par' dir='ltr' id='par_1_83' title="bbox 2275 3721 3864 3791">
     <span class='ocr_line' id='line_1_83' title="bbox 2275 3721 3864 3791; baseline 0.001 -13"><span class='ocrx_word' id='word_1_610' title='bbox 2275 3722 2721 3778; x_wconf 86' lang='lat' dir='ltr'><strong>communionem</strong></span> <span class='ocrx_word' id='word_1_611' title='bbox 2753 3721 2838 3777; x_wconf 90' lang='lat' dir='ltr'><strong>sui</strong></span> <span class='ocrx_word' id='word_1_612' title='bbox 2869 3722 3133 3791; x_wconf 68' lang='lat' dir='ltr'><strong>praaberct</strong></span> <span class='ocrx_word' id='word_1_613' title='bbox 3161 3721 3314 3787; x_wconf 87' lang='lat' dir='ltr'><strong>orbi,</strong></span> <span class='ocrx_word' id='word_1_614' title='bbox 3345 3731 3403 3775; x_wconf 91' lang='lat' dir='ltr'><strong>ut</strong></span> <span class='ocrx_word' id='word_1_615' title='bbox 3431 3732 3563 3791; x_wconf 91' lang='lat' dir='ltr'><strong>post</strong></span> <span class='ocrx_word' id='word_1_616' title='bbox 3595 3723 3747 3778; x_wconf 90' lang='lat' dir='ltr'><strong>hanc</strong></span> <span class='ocrx_word' id='word_1_617' title='bbox 3778 3725 3864 3779; x_wconf 84' lang='lat' dir='ltr'><strong>de-</strong></span> 
     </span>
    </p>
   </div>
   <div class='ocr_carea' id='block_1_84' title="bbox 2277 3814 3863 3885">
    <p class='ocr_par' dir='ltr' id='par_1_84' title="bbox 2277 3814 3863 3885">
     <span class='ocr_line' id='line_1_84' title="bbox 2277 3814 3863 3885; baseline 0.001 -16"><span class='ocrx_word' id='word_1_618' title='bbox 2277 3814 2652 3885; x_wconf 87' lang='lat' dir='ltr'><strong>scriptionem,</strong></span> <span class='ocrx_word' id='word_1_619' title='bbox 2687 3815 3018 3870; x_wconf 87' lang='lat' dir='ltr'><strong>describeret</strong></span> <span class='ocrx_word' id='word_1_620' title='bbox 3044 3829 3294 3884; x_wconf 87' lang='lat' dir='ltr'><strong>quosque</strong></span> <span class='ocrx_word' id='word_1_621' title='bbox 3325 3829 3389 3868; x_wconf 84' lang='lat' dir='ltr'><strong>ex</strong></span> <span class='ocrx_word' id='word_1_622' title='bbox 3421 3814 3558 3868; x_wconf 85' lang='lat' dir='ltr'><strong>orbe</strong></span> <span class='ocrx_word' id='word_1_623' title='bbox 3585 3831 3783 3870; x_wconf 86' lang='lat' dir='ltr'><strong>secum</strong></span> <span class='ocrx_word' id='word_1_624' title='bbox 3814 3819 3863 3871; x_wconf 89' lang='lat' dir='ltr'><strong>in</strong></span> 
     </span>
    </p>
   </div>
   <div class='ocr_carea' id='block_1_85' title="bbox 2276 3905 3861 3976">
    <p class='ocr_par' dir='ltr' id='par_1_85' title="bbox 2276 3905 3861 3976">
     <span class='ocr_line' id='line_1_85' title="bbox 2276 3905 3861 3976; baseline 0.003 -16"><span class='ocrx_word' id='word_1_625' title='bbox 2276 3905 2417 3961; x_wconf 83' lang='lat' dir='ltr'><strong>libro</strong></span> <span class='ocrx_word' id='word_1_626' title='bbox 2447 3907 2786 3962; x_wconf 82' lang='lat' dir='ltr'><strong>viventium:</strong></span> <span class='ocrx_word' id='word_1_627' title='bbox 2829 3917 2886 3960; x_wconf 91' lang='lat' dir='ltr'><strong>ut</strong></span> <span class='ocrx_word' id='word_1_628' title='bbox 2913 3905 3227 3976; x_wconf 88' lang='lat' dir='ltr'><strong>quicunque</strong></span> <span class='ocrx_word' id='word_1_629' title='bbox 3262 3905 3628 3962; x_wconf 87' lang='lat' dir='ltr'><strong>credidissent</strong></span> <span class='ocrx_word' id='word_1_630' title='bbox 3665 3910 3724 3963; x_wconf 90' lang='lat' dir='ltr'><strong>in</strong></span> <span class='ocrx_word' id='word_1_631' title='bbox 3773 3926 3861 3971; x_wconf 85' lang='lat' dir='ltr'><strong>eo.</strong></span> 
     </span>
    </p>
   </div>
   <div class='ocr_carea' id='block_1_86' title="bbox 2274 3996 3862 4067">
    <p class='ocr_par' dir='ltr' id='par_1_86' title="bbox 2274 3996 3862 4067">
     <span class='ocr_line' id='line_1_86' title="bbox 2274 3996 3862 4067; baseline 0.001 -16"><span class='ocrx_word' id='word_1_632' title='bbox 2274 4006 2464 4067; x_wconf 89' lang='lat' dir='ltr'><strong>postea</strong></span> <span class='ocrx_word' id='word_1_633' title='bbox 2493 4012 2619 4052; x_wconf 92' lang='lat' dir='ltr'><strong>cum</strong></span> <span class='ocrx_word' id='word_1_634' title='bbox 2654 3998 2860 4054; x_wconf 91' lang='lat' dir='ltr'><strong>sanctis</strong></span> <span class='ocrx_word' id='word_1_635' title='bbox 2889 3997 3034 4051; x_wconf 90' lang='lat' dir='ltr'><strong>illius</strong></span> <span class='ocrx_word' id='word_1_636' title='bbox 3063 3996 3432 4051; x_wconf 85' lang='lat' dir='ltr'><strong>scriberentur</strong></span> <span class='ocrx_word' id='word_1_637' title='bbox 3459 3997 3514 4050; x_wconf 93' lang='lat' dir='ltr'><strong>in</strong></span> <span class='ocrx_word' id='word_1_638' title='bbox 3557 4000 3750 4067; x_wconf 61' lang='lat' dir='ltr'><strong>caelis,</strong></span> <span class='ocrx_word' id='word_1_639' title='bbox 3781 4002 3862 4054; x_wconf 84' lang='lat' dir='ltr'><strong>cui</strong></span> 
     </span>
    </p>
   </div>
   <div class='ocr_carea' id='block_1_87' title="bbox 2275 4088 3861 4163">
    <p class='ocr_par' dir='ltr' id='par_1_87' title="bbox 2275 4088 3861 4163">
     <span class='ocr_line' id='line_1_87' title="bbox 2275 4088 3861 4163; baseline 0.001 -18"><span class='ocrx_word' id='word_1_640' title='bbox 2275 4097 2358 4148; x_wconf 89' lang='lat' dir='ltr'><strong>est</strong></span> <span class='ocrx_word' id='word_1_641' title='bbox 2386 4091 2557 4163; x_wconf 89' lang='lat' dir='ltr'><strong>gloria</strong></span> <span class='ocrx_word' id='word_1_642' title='bbox 2587 4099 2642 4148; x_wconf 88' lang='lat' dir='ltr'><strong>et</strong></span> <span class='ocrx_word' id='word_1_643' title='bbox 2662 4091 2952 4163; x_wconf 88' lang='lat' dir='ltr'><strong>imperium</strong></span> <span class='ocrx_word' id='word_1_644' title='bbox 2983 4089 3036 4144; x_wconf 94' lang='lat' dir='ltr'><strong>in</strong></span> <span class='ocrx_word' id='word_1_645' title='bbox 3060 4089 3256 4144; x_wconf 65' lang='lat' dir='ltr'><strong>saecula</strong></span> <span class='ocrx_word' id='word_1_646' title='bbox 3278 4088 3631 4145; x_wconf 72' lang='lat' dir='ltr'><strong>saeculorum.</strong></span> <span class='ocrx_word' id='word_1_647' title='bbox 3664 4094 3861 4148; x_wconf 78' lang='lat' dir='ltr'><strong>Amen.</strong></span> 
     </span>
    </p>
   </div>
   <div class='ocr_carea' id='block_1_88' title="bbox 2816 4203 3254 4260">
    <p class='ocr_par' dir='ltr' id='par_1_88' title="bbox 2816 4203 3254 4260">
     <span class='ocr_line' id='line_1_88' title="bbox 2816 4203 3254 4260; baseline -0.002 0"><span class='ocrx_word' id='word_1_648' title='bbox 2816 4203 3104 4260; x_wconf 81' lang='lat' dir='ltr'><strong>HOMlLlA</strong></span> <span class='ocrx_word' id='word_1_649' title='bbox 3138 4205 3254 4259; x_wconf 80' lang='lat' dir='ltr'><strong>XII.</strong></span> 
     </span>
    </p>
   </div>
   <div class='ocr_carea' id='block_1_89' title="bbox 2303 4293 3835 4370">
    <p class='ocr_par' dir='ltr' id='par_1_89' title="bbox 2303 4293 3835 4370">
     <span class='ocr_line' id='line_1_89' title="bbox 2303 4293 3835 4370; baseline 0.004 -22"><span class='ocrx_word' id='word_1_650' title='bbox 2303 4293 2380 4350; x_wconf 91' lang='lat' dir='ltr'><strong>De</strong></span> <span class='ocrx_word' id='word_1_651' title='bbox 2410 4312 2469 4350; x_wconf 88' lang='lat' dir='ltr'><strong>eo</strong></span> <span class='ocrx_word' id='word_1_652' title='bbox 2491 4297 2630 4367; x_wconf 85' lang='lat' dir='ltr'><strong>quod</strong></span> <span class='ocrx_word' id='word_1_653' title='bbox 2653 4297 2909 4370; x_wconf 88' lang='lat' dir='ltr'><strong>s_criptum</strong></span> <span class='ocrx_word' id='word_1_654' title='bbox 2936 4309 3036 4363; x_wconf 81' lang='lat' dir='ltr'><strong>est,</strong></span> <span class='ocrx_word' id='word_1_655' title='bbox 3071 4300 3313 4370; x_wconf 83' lang='lat' dir='ltr'><strong>angelum</strong></span> <span class='ocrx_word' id='word_1_656' title='bbox 3348 4302 3547 4355; x_wconf 85' lang='lat' dir='ltr'><strong>venisse</strong></span> <span class='ocrx_word' id='word_1_657' title='bbox 3579 4301 3647 4356; x_wconf 87' lang='lat' dir='ltr'><strong>de</strong></span> <span class='ocrx_word' id='word_1_658' title='bbox 3679 4301 3835 4363; x_wconf 70' lang='lat' dir='ltr'><strong>calo,</strong></span> 
     </span>
    </p>
   </div>
   <div class='ocr_carea' id='block_1_90' title="bbox 2376 4367 3772 4442">
    <p class='ocr_par' dir='ltr' id='par_1_90' title="bbox 2376 4367 3772 4442">
     <span class='ocr_line' id='line_1_90' title="bbox 2376 4367 3772 4442; baseline 0.005 -22"><span class='ocrx_word' id='word_1_659' title='bbox 2376 4376 2424 4421; x_wconf 88' lang='lat' dir='ltr'><strong>et</strong></span> <span class='ocrx_word' id='word_1_660' title='bbox 2453 4377 2625 4420; x_wconf 88' lang='lat' dir='ltr'><strong>ortum</strong></span> <span class='ocrx_word' id='word_1_661' title='bbox 2656 4367 2869 4422; x_wconf 85' lang='lat' dir='ltr'><strong>Domini</strong></span> <span class='ocrx_word' id='word_1_662' title='bbox 2904 4367 3176 4424; x_wconf 78' lang='lat' dir='ltr'><strong>nuntiasse</strong></span> <span class='ocrx_word' id='word_1_663' title='bbox 3200 4373 3524 4439; x_wconf 85' lang='lat' dir='ltr'><strong>pastoribus.</strong></span> <span class='ocrx_word' id='word_1_664' title='bbox 3556 4373 3677 4442; x_wconf 83' lang='lat' dir='ltr'><strong>Cap</strong></span> <span class='ocrx_word' id='word_1_665' title='bbox 3710 4388 3772 4428; x_wconf 87' lang='lat' dir='ltr'><strong>tt.</strong></span> 
     </span>
    </p>
   </div>
   <div class='ocr_carea' id='block_1_91' title="bbox 2341 4457 3864 4534">
    <p class='ocr_par' dir='ltr' id='par_1_91' title="bbox 2341 4457 3864 4534">
     <span class='ocr_line' id='line_1_91' title="bbox 2341 4457 3864 4534; baseline 0.003 -22"><span class='ocrx_word' id='word_1_666' title='bbox 2341 4457 2514 4515; x_wconf 84' lang='lat' dir='ltr'><strong>Natus</strong></span> <span class='ocrx_word' id='word_1_667' title='bbox 2537 4467 2620 4514; x_wconf 90' lang='lat' dir='ltr'><strong>est</strong></span> <span class='ocrx_word' id='word_1_668' title='bbox 2643 4459 2906 4516; x_wconf 91' lang='lat' dir='ltr'><strong>Dominus</strong></span> <span class='ocrx_word' id='word_1_669' title='bbox 2925 4477 3081 4517; x_wconf 90' lang='lat' dir='ltr'><strong>meus</strong></span> <span class='ocrx_word' id='word_1_670' title='bbox 3105 4461 3286 4530; x_wconf 85' lang='lat' dir='ltr'><strong>Jesus,</strong></span> <span class='ocrx_word' id='word_1_671' title='bbox 3307 4474 3358 4519; x_wconf 89' lang='lat' dir='ltr'><strong>et</strong></span> <span class='ocrx_word' id='word_1_672' title='bbox 3380 4464 3610 4534; x_wconf 79' lang='lat' dir='ltr'><strong>angelus</strong></span> <span class='ocrx_word' id='word_1_673' title='bbox 3633 4463 3864 4517; x_wconf 84' lang='lat' dir='ltr'><strong>descen-</strong></span> 
     </span>
    </p>
   </div>
   <div class='ocr_carea' id='block_1_92' title="bbox 608 4521 3862 4625">
    <p class='ocr_par' dir='ltr' id='par_1_92' title="bbox 608 4521 3862 4625">
     <span class='ocr_line' id='line_1_92' title="bbox 608 4521 3862 4625; baseline 0.002 -23"><span class='ocrx_word' id='word_1_674' title='bbox 608 4526 762 4587; x_wconf 55' lang='lat' dir='ltr'><strong>pa‘re</strong></span> <span class='ocrx_word' id='word_1_675' title='bbox 791 4521 1091 4577; x_wconf 62' lang='lat' dir='ltr'><strong>&quot;&quot;&quot;irewr</strong></span> <span class='ocrx_word' id='word_1_676' title='bbox 1125 4540 1300 4596; x_wconf 68' lang='lat' dir='ltr'><strong>usque</strong></span> <span class='ocrx_word' id='word_1_677' title='bbox 1330 4528 1396 4582; x_wconf 64' lang='lat' dir='ltr'><strong>ad</strong></span> <span class='ocrx_word' id='word_1_678' title='bbox 1426 4529 1568 4585; x_wconf 66' lang='lat' dir='ltr'><strong>diem</strong></span> <span class='ocrx_word' id='word_1_679' title='bbox 1607 4535 1936 4592; x_wconf 71' lang='grc' dir='ltr'><strong>οειεηεῖοηίε</strong></span> <span class='ocrx_word' id='word_1_680' title='bbox 1966 4552 2078 4593; x_wconf 60' lang='lat' dir='ltr'><strong>sua?</strong></span> <span class='ocrx_word' id='word_1_681' title='bbox 2111 4541 2178 4596; x_wconf 74' lang='lat' dir='ltr'><strong>ad</strong></span> <span class='ocrx_word' id='word_1_682' title='bbox 2211 4557 2255 4611; x_wconf 83' lang='grc' dir='ltr'><strong>Ι)</strong></span> <span class='ocrx_word' id='word_1_683' title='bbox 2283 4549 2362 4605; x_wconf 91' lang='lat' dir='ltr'><strong>dit</strong></span> <span class='ocrx_word' id='word_1_684' title='bbox 2391 4551 2458 4606; x_wconf 90' lang='lat' dir='ltr'><strong>de</strong></span> <span class='ocrx_word' id='word_1_685' title='bbox 2490 4552 2628 4606; x_wconf 61' lang='lat' dir='ltr'><strong>caelo</strong></span> <span class='ocrx_word' id='word_1_686' title='bbox 2655 4553 2992 4608; x_wconf 88' lang='lat' dir='ltr'><strong>annuntians</strong></span> <span class='ocrx_word' id='word_1_687' title='bbox 3023 4521 3358 4610; x_wconf 76' lang='lat' dir='ltr'><strong>nativitatem</strong></span> <span class='ocrx_word' id='word_1_688' title='bbox 3391 4521 3530 4625; x_wconf 66' lang='lat' dir='ltr'><strong>ejus.</strong></span> <span class='ocrx_word' id='word_1_689' title='bbox 3560 4553 3862 4609; x_wconf 80' lang='lat' dir='ltr'><strong>Videamus</strong></span> 
     </span>
    </p>
   </div>
   <div class='ocr_carea' id='block_1_93' title="bbox 607 4630 2176 4720">
    <p class='ocr_par' dir='ltr' id='par_1_93' title="bbox 607 4630 2176 4720">
     <span class='ocr_line' id='line_1_93' title="bbox 607 4630 2176 4720; baseline 0.014 -37"><span class='ocrx_word' id='word_1_690' title='bbox 607 4630 792 4695; x_wconf 90' lang='lat' dir='ltr'><strong>Israel,</strong></span> <span class='ocrx_word' id='word_1_691' title='bbox 823 4633 917 4689; x_wconf 90' lang='lat' dir='ltr'><strong>sed</strong></span> <span class='ocrx_word' id='word_1_692' title='bbox 953 4638 1203 4706; x_wconf 88' lang='lat' dir='ltr'><strong>recessit,</strong></span> <span class='ocrx_word' id='word_1_693' title='bbox 1232 4639 1441 4712; x_wconf 81' lang='lat' dir='ltr'><strong>fugiens</strong></span> <span class='ocrx_word' id='word_1_694' title='bbox 1471 4644 1764 4700; x_wconf 91' lang='lat' dir='ltr'><strong>tumultum</strong></span> <span class='ocrx_word' id='word_1_695' title='bbox 1799 4647 2039 4717; x_wconf 88' lang='lat' dir='ltr'><strong>urbium,</strong></span> <span class='ocrx_word' id='word_1_696' title='bbox 2079 4667 2176 4720; x_wconf 76' lang='lat' dir='ltr'><strong>po-</strong></span> 
     </span>
    </p>
   </div>
   <div class='ocr_carea' id='block_1_94' title="bbox 602 4724 2172 4807">
    <p class='ocr_par' dir='ltr' id='par_1_94' title="bbox 602 4724 2172 4807">
     <span class='ocr_line' id='line_1_94' title="bbox 602 4724 2172 4807; baseline 0.014 -31"><span class='ocrx_word' id='word_1_697' title='bbox 602 4725 714 4792; x_wconf 91' lang='lat' dir='ltr'><strong>puli</strong></span> <span class='ocrx_word' id='word_1_698' title='bbox 761 4724 1156 4798; x_wconf 90' lang='lat' dir='ltr'><strong>frequentlam,</strong></span> <span class='ocrx_word' id='word_1_699' title='bbox 1201 4734 1458 4791; x_wconf 87' lang='lat' dir='ltr'><strong>viciniam</strong></span> <span class='ocrx_word' id='word_1_700' title='bbox 1501 4738 1815 4807; x_wconf 88' lang='lat' dir='ltr'><strong>civitatum,</strong></span> <span class='ocrx_word' id='word_1_701' title='bbox 1862 4751 1917 4798; x_wconf 91' lang='lat' dir='ltr'><strong>et</strong></span> <span class='ocrx_word' id='word_1_702' title='bbox 1949 4744 2083 4800; x_wconf 91' lang='lat' dir='ltr'><strong>abiit</strong></span> <span class='ocrx_word' id='word_1_703' title='bbox 2119 4747 2172 4799; x_wconf 90' lang='lat' dir='ltr'><strong>in</strong></span> 
     </span>
    </p>
   </div>
   <div class='ocr_carea' id='block_1_95' title="bbox 509 4814 2178 4902">
    <p class='ocr_par' dir='ltr' id='par_1_95' title="bbox 509 4814 2178 4902">
     <span class='ocr_line' id='line_1_95' title="bbox 509 4814 2178 4902; baseline 0.016 -36"><span class='ocrx_word' id='word_1_704' title='bbox 509 4821 517 4835; x_wconf 89' lang='lat'><strong>’</strong></span> <span class='ocrx_word' id='word_1_705' title='bbox 601 4814 813 4870; x_wconf 87' lang='lat' dir='ltr'><strong>deserta</strong></span> <span class='ocrx_word' id='word_1_706' title='bbox 834 4855 850 4881; x_wconf 95' lang='lat'><strong>,</strong></span> <span class='ocrx_word' id='word_1_707' title='bbox 886 4818 978 4872; x_wconf 90' lang='lat' dir='ltr'><strong>ubi</strong></span> <span class='ocrx_word' id='word_1_708' title='bbox 1013 4823 1203 4889; x_wconf 86' lang='lat' dir='ltr'><strong>purior</strong></span> <span class='ocrx_word' id='word_1_709' title='bbox 1241 4839 1333 4880; x_wconf 84' lang='lat' dir='ltr'><strong>aer</strong></span> <span class='ocrx_word' id='word_1_710' title='bbox 1362 4837 1479 4882; x_wconf 89' lang='lat' dir='ltr'><strong>erat</strong></span> <span class='ocrx_word' id='word_1_711' title='bbox 1508 4838 1561 4883; x_wconf 90' lang='lat' dir='ltr'><strong>et</strong></span> <span class='ocrx_word' id='word_1_712' title='bbox 1594 4831 1790 4885; x_wconf 68' lang='lat' dir='ltr'><strong>coelum</strong></span> <span class='ocrx_word' id='word_1_713' title='bbox 1822 4836 2083 4902; x_wconf 89' lang='lat' dir='ltr'><strong>apertius,</strong></span> <span class='ocrx_word' id='word_1_714' title='bbox 2123 4846 2178 4892; x_wconf 86' lang='lat' dir='ltr'><strong>et</strong></span> 
     </span>
    </p>
   </div>
   <div class='ocr_carea' id='block_1_96' title="bbox 602 4905 2171 4986">
    <p class='ocr_par' dir='ltr' id='par_1_96' title="bbox 602 4905 2171 4986">
     <span class='ocr_line' id='line_1_96' title="bbox 602 4905 2171 4986; baseline 0.014 -27"><span class='ocrx_word' id='word_1_715' title='bbox 602 4905 924 4964; x_wconf 87' lang='lat' dir='ltr'><strong>familiarior</strong></span> <span class='ocrx_word' id='word_1_716' title='bbox 979 4910 1158 4981; x_wconf 92' lang='lat' dir='ltr'><strong>Deus,</strong></span> <span class='ocrx_word' id='word_1_717' title='bbox 1206 4925 1264 4970; x_wconf 89' lang='lat' dir='ltr'><strong>ut</strong></span> <span class='ocrx_word' id='word_1_718' title='bbox 1309 4917 1436 4986; x_wconf 89' lang='lat' dir='ltr'><strong>quia</strong></span> <span class='ocrx_word' id='word_1_719' title='bbox 1486 4921 1716 4976; x_wconf 90' lang='lat' dir='ltr'><strong>necdum</strong></span> <span class='ocrx_word' id='word_1_720' title='bbox 1772 4936 2171 4982; x_wconf 88' lang='lat' dir='ltr'><strong>sacramentum</strong></span> 
     </span>
    </p>
   </div>
   <div class='ocr_carea' id='block_1_97' title="bbox 601 4998 2170 5080">
    <p class='ocr_par' dir='ltr' id='par_1_97' title="bbox 601 4998 2170 5080">
     <span class='ocr_line' id='line_1_97' title="bbox 601 4998 2170 5080; baseline 0.012 -28"><span class='ocrx_word' id='word_1_721' title='bbox 601 4998 882 5069; x_wconf 88' lang='lat' dir='ltr'><strong>baptismi,</strong></span> <span class='ocrx_word' id='word_1_722' title='bbox 919 5017 1021 5058; x_wconf 91' lang='lat' dir='ltr'><strong>nec</strong></span> <span class='ocrx_word' id='word_1_723' title='bbox 1053 5005 1453 5072; x_wconf 84' lang='lat' dir='ltr'><strong>praedicationis</strong></span> <span class='ocrx_word' id='word_1_724' title='bbox 1484 5017 1695 5080; x_wconf 89' lang='lat' dir='ltr'><strong>tempus</strong></span> <span class='ocrx_word' id='word_1_725' title='bbox 1722 5013 2047 5080; x_wconf 87' lang='lat' dir='ltr'><strong>advenerat,</strong></span> <span class='ocrx_word' id='word_1_726' title='bbox 2081 5033 2170 5071; x_wconf 82' lang='lat' dir='ltr'><strong>va-</strong></span> 
     </span>
    </p>
   </div>
   <div class='ocr_carea' id='block_1_98' title="bbox 597 5093 2168 5173">
    <p class='ocr_par' dir='ltr' id='par_1_98' title="bbox 597 5093 2168 5173">
     <span class='ocr_line' id='line_1_98' title="bbox 597 5093 2168 5173; baseline 0.011 -30"><span class='ocrx_word' id='word_1_727' title='bbox 597 5098 748 5144; x_wconf 91' lang='lat' dir='ltr'><strong>caret</strong></span> <span class='ocrx_word' id='word_1_728' title='bbox 785 5093 1162 5160; x_wconf 87' lang='lat' dir='ltr'><strong>orationibus,</strong></span> <span class='ocrx_word' id='word_1_729' title='bbox 1199 5106 1252 5152; x_wconf 91' lang='lat' dir='ltr'><strong>et</strong></span> <span class='ocrx_word' id='word_1_730' title='bbox 1294 5113 1419 5153; x_wconf 92' lang='lat' dir='ltr'><strong>cum</strong></span> <span class='ocrx_word' id='word_1_731' title='bbox 1469 5102 1678 5172; x_wconf 87' lang='lat' dir='ltr'><strong>angelis</strong></span> <span class='ocrx_word' id='word_1_732' title='bbox 1723 5117 2168 5173; x_wconf 87' lang='lat' dir='ltr'><strong>conversaretur,</strong></span> 
     </span>
    </p>
   </div>
   <div class='ocr_carea' id='block_1_99' title="bbox 599 5183 2171 5268">
    <p class='ocr_par' dir='ltr' id='par_1_99' title="bbox 599 5183 2171 5268">
     <span class='ocr_line' id='line_1_99' title="bbox 599 5183 2171 5268; baseline 0.011 -33"><span class='ocrx_word' id='word_1_733' title='bbox 599 5183 1010 5256; x_wconf 88' lang='lat' dir='ltr'><strong>appellaretque</strong></span> <span class='ocrx_word' id='word_1_734' title='bbox 1044 5186 1358 5256; x_wconf 88' lang='lat' dir='ltr'><strong>Dominmn,</strong></span> <span class='ocrx_word' id='word_1_735' title='bbox 1399 5201 1453 5249; x_wconf 89' lang='lat' dir='ltr'><strong>et</strong></span> <span class='ocrx_word' id='word_1_736' title='bbox 1487 5193 1639 5249; x_wconf 90' lang='lat' dir='ltr'><strong>illum</strong></span> <span class='ocrx_word' id='word_1_737' title='bbox 1685 5197 1898 5252; x_wconf 89' lang='lat' dir='ltr'><strong>audiret</strong></span> <span class='ocrx_word' id='word_1_738' title='bbox 1945 5212 2171 5268; x_wconf 87' lang='lat' dir='ltr'><strong>respon-</strong></span> 
     </span>
    </p>
   </div>
   <div class='ocr_carea' id='block_1_100' title="bbox 597 5275 2166 5348">
    <p class='ocr_par' dir='ltr' id='par_1_100' title="bbox 597 5275 2166 5348">
     <span class='ocr_line' id='line_1_100' title="bbox 597 5275 2166 5348; baseline 0.011 -22"><span class='ocrx_word' id='word_1_739' title='bbox 597 5275 814 5330; x_wconf 88' lang='lat' dir='ltr'><strong>dentem</strong></span> <span class='ocrx_word' id='word_1_740' title='bbox 857 5285 1022 5348; x_wconf 91' lang='lat' dir='ltr'><strong>atque</strong></span> <span class='ocrx_word' id='word_1_741' title='bbox 1060 5278 1329 5337; x_wconf 77' lang='lat' dir='ltr'><strong>dicentem</strong></span> <span class='ocrx_word' id='word_1_742' title='bbox 1360 5302 1375 5339; x_wconf 91' lang='lat'><strong>:</strong></span> <span class='ocrx_word' id='word_1_743' title='bbox 1409 5285 1545 5340; x_wconf 87' lang='lat' dir='ltr'><strong>Ecce</strong></span> <span class='ocrx_word' id='word_1_744' title='bbox 1575 5288 1783 5342; x_wconf 87' lang='lat' dir='ltr'><strong>adsum.</strong></span> <span class='ocrx_word' id='word_1_745' title='bbox 1829 5287 1984 5344; x_wconf 91' lang='lat' dir='ltr'><strong>Sicut</strong></span> <span class='ocrx_word' id='word_1_746' title='bbox 2022 5289 2166 5345; x_wconf 88' lang='lat' dir='ltr'><strong>enim</strong></span> 
     </span>
    </p>
   </div>
   <div class='ocr_carea' id='block_1_101' title="bbox 598 5365 2170 5448">
    <p class='ocr_par' dir='ltr' id='par_1_101' title="bbox 598 5365 2170 5448">
     <span class='ocr_line' id='line_1_101' title="bbox 598 5365 2170 5448; baseline 0.013 -32"><span class='ocrx_word' id='word_1_747' title='bbox 598 5365 809 5437; x_wconf 89' lang='lat' dir='ltr'><strong>Moyses</strong></span> <span class='ocrx_word' id='word_1_748' title='bbox 855 5369 1216 5439; x_wconf 85' lang='lat' dir='ltr'><strong>loquebatur,</strong></span> <span class='ocrx_word' id='word_1_749' title='bbox 1262 5383 1319 5430; x_wconf 90' lang='lat' dir='ltr'><strong>et</strong></span> <span class='ocrx_word' id='word_1_750' title='bbox 1359 5373 1503 5432; x_wconf 89' lang='lat' dir='ltr'><strong>Deus</strong></span> <span class='ocrx_word' id='word_1_751' title='bbox 1550 5380 1908 5448; x_wconf 89' lang='lat' dir='ltr'><strong>respondebat</strong></span> <span class='ocrx_word' id='word_1_752' title='bbox 1952 5381 2046 5436; x_wconf 90' lang='lat' dir='ltr'><strong>ei:</strong></span> <span class='ocrx_word' id='word_1_753' title='bbox 2093 5382 2170 5437; x_wconf 92' lang='lat' dir='ltr'><strong>sic</strong></span> 
     </span>
    </p>
   </div>
   <div class='ocr_carea' id='block_1_102' title="bbox 597 5459 2170 5537">
    <p class='ocr_par' dir='ltr' id='par_1_102' title="bbox 597 5459 2170 5537">
     <span class='ocr_line' id='line_1_102' title="bbox 597 5459 2170 5537; baseline 0.008 -23"><span class='ocrx_word' id='word_1_754' title='bbox 597 5471 729 5529; x_wconf 90' lang='lat' dir='ltr'><strong>puto</strong></span> <span class='ocrx_word' id='word_1_755' title='bbox 770 5462 917 5530; x_wconf 91' lang='lat' dir='ltr'><strong>quod</strong></span> <span class='ocrx_word' id='word_1_756' title='bbox 964 5459 1201 5519; x_wconf 86' lang='lat' dir='ltr'><strong>Joannes</strong></span> <span class='ocrx_word' id='word_1_757' title='bbox 1252 5466 1465 5523; x_wconf 91' lang='lat' dir='ltr'><strong>locutus</strong></span> <span class='ocrx_word' id='word_1_758' title='bbox 1516 5468 1681 5524; x_wconf 83' lang='lat' dir='ltr'><strong>fuerit</strong></span> <span class='ocrx_word' id='word_1_759' title='bbox 1727 5470 1779 5524; x_wconf 92' lang='lat' dir='ltr'><strong>in</strong></span> <span class='ocrx_word' id='word_1_760' title='bbox 1829 5471 2081 5537; x_wconf 90' lang='lat' dir='ltr'><strong>deserto,</strong></span> <span class='ocrx_word' id='word_1_761' title='bbox 2115 5482 2170 5526; x_wconf 88' lang='lat' dir='ltr'><strong>et</strong></span> 
     </span>
    </p>
   </div>
   <div class='ocr_carea' id='block_1_103' title="bbox 663 5634 1732 5715">
    <p class='ocr_par' dir='ltr' id='par_1_103' title="bbox 663 5634 1732 5715">
     <span class='ocr_line' id='line_1_103' title="bbox 663 5634 1732 5715; baseline 0.013 -26"><span class='ocrx_word' id='word_1_762' title='bbox 663 5634 712 5668; x_wconf 83' lang='grc'><strong>⁶⁹</strong></span> <span class='ocrx_word' id='word_1_763' title='bbox 739 5635 926 5694; x_wconf 84' lang='lat' dir='ltr'><strong>Matth.</strong></span> <span class='ocrx_word' id='word_1_764' title='bbox 961 5657 1036 5708; x_wconf 87' lang='lat' dir='ltr'><strong>vt,</strong></span> <span class='ocrx_word' id='word_1_765' title='bbox 1064 5643 1156 5698; x_wconf 76' lang='lat'><strong>27.</strong></span> <span class='ocrx_word' id='word_1_766' title='bbox 1232 5643 1250 5675; x_wconf 77' lang='grc'>⁸</span> <span class='ocrx_word' id='word_1_767' title='bbox 1286 5645 1420 5700; x_wconf 88' lang='lat' dir='ltr'><strong>Gen.</strong></span> <span class='ocrx_word' id='word_1_768' title='bbox 1448 5663 1612 5715; x_wconf 75' lang='lat' dir='ltr'><strong>xxvi,</strong></span> <span class='ocrx_word' id='word_1_769' title='bbox 1646 5648 1732 5703; x_wconf 76' lang='lat' dir='ltr'><strong>l5.</strong></span> 
     </span>
    </p>
   </div>
   <div class='ocr_carea' id='block_1_104' title="bbox 2280 4640 3857 4716">
    <p class='ocr_par' dir='ltr' id='par_1_104' title="bbox 2280 4640 3857 4716">
     <span class='ocr_line' id='line_1_104' title="bbox 2280 4640 3857 4716; baseline 0.004 -22"><span class='ocrx_word' id='word_1_770' title='bbox 2280 4640 2464 4712; x_wconf 84' lang='lat' dir='ltr'><strong>itaque</strong></span> <span class='ocrx_word' id='word_1_771' title='bbox 2485 4658 2644 4713; x_wconf 90' lang='lat' dir='ltr'><strong>quem</strong></span> <span class='ocrx_word' id='word_1_772' title='bbox 2669 4643 2968 4712; x_wconf 60' lang='lat' dir='ltr'><strong>quasierit,</strong></span> <span class='ocrx_word' id='word_1_773' title='bbox 2988 4656 3046 4700; x_wconf 92' lang='lat' dir='ltr'><strong>ut</strong></span> <span class='ocrx_word' id='word_1_774' title='bbox 3074 4646 3194 4716; x_wconf 88' lang='lat' dir='ltr'><strong>ejus</strong></span> <span class='ocrx_word' id='word_1_775' title='bbox 3225 4646 3499 4702; x_wconf 87' lang='lat' dir='ltr'><strong>nuntiaret</strong></span> <span class='ocrx_word' id='word_1_776' title='bbox 3529 4647 3857 4701; x_wconf 79' lang='lat' dir='ltr'><strong>adventum.</strong></span> 
     </span>
    </p>
   </div>
   <div class='ocr_carea' id='block_1_105' title="bbox 2280 4731 3861 4807">
    <p class='ocr_par' dir='ltr' id='par_1_105' title="bbox 2280 4731 3861 4807">
     <span class='ocr_line' id='line_1_105' title="bbox 2280 4731 3861 4807; baseline 0.005 -21"><span class='ocrx_word' id='word_1_777' title='bbox 2280 4731 2399 4787; x_wconf 81' lang='lat' dir='ltr'><strong>Non</strong></span> <span class='ocrx_word' id='word_1_778' title='bbox 2440 4734 2587 4788; x_wconf 90' lang='lat' dir='ltr'><strong>venit</strong></span> <span class='ocrx_word' id='word_1_779' title='bbox 2625 4731 3050 4807; x_wconf 82' lang='lat' dir='ltr'><strong>Jerosolymam,</strong></span> <span class='ocrx_word' id='word_1_780' title='bbox 3083 4752 3192 4792; x_wconf 92' lang='lat' dir='ltr'><strong>non</strong></span> <span class='ocrx_word' id='word_1_781' title='bbox 3238 4739 3490 4807; x_wconf 66' lang='lat' dir='ltr'><strong>quaesivit</strong></span> <span class='ocrx_word' id='word_1_782' title='bbox 3534 4740 3772 4794; x_wconf 88' lang='lat' dir='ltr'><strong>Scribas</strong></span> <span class='ocrx_word' id='word_1_783' title='bbox 3813 4752 3861 4794; x_wconf 89' lang='lat' dir='ltr'><strong>et</strong></span> 
     </span>
    </p>
   </div>
   <div class='ocr_carea' id='block_1_106' title="bbox 2279 4822 3860 4896">
    <p class='ocr_par' dir='ltr' id='par_1_106' title="bbox 2279 4822 3860 4896">
     <span class='ocr_line' id='line_1_106' title="bbox 2279 4822 3860 4896; baseline 0.003 -20"><span class='ocrx_word' id='word_1_784' title='bbox 2279 4822 2622 4888; x_wconf 71' lang='lat' dir='ltr'><strong>Phariszeos,</strong></span> <span class='ocrx_word' id='word_1_785' title='bbox 2660 4838 2771 4877; x_wconf 91' lang='lat' dir='ltr'><strong>non</strong></span> <span class='ocrx_word' id='word_1_786' title='bbox 2811 4840 3140 4896; x_wconf 87' lang='lat' dir='ltr'><strong>synagogam</strong></span> <span class='ocrx_word' id='word_1_787' title='bbox 3182 4826 3460 4896; x_wconf 83' lang='lat' dir='ltr'><strong>ingressus</strong></span> <span class='ocrx_word' id='word_1_788' title='bbox 3508 4839 3595 4881; x_wconf 86' lang='lat' dir='ltr'><strong>est</strong></span> <span class='ocrx_word' id='word_1_789' title='bbox 3640 4825 3860 4882; x_wconf 56' lang='lat' dir='ltr'><strong>Judaeu-</strong></span> 
     </span>
    </p>
   </div>
   <div class='ocr_carea' id='block_1_107' title="bbox 2280 4915 3860 4992">
    <p class='ocr_par' dir='ltr' id='par_1_107' title="bbox 2280 4915 3860 4992">
     <span class='ocr_line' id='line_1_107' title="bbox 2280 4915 3860 4992; baseline 0.005 -25"><span class='ocrx_word' id='word_1_790' title='bbox 2280 4930 2424 4977; x_wconf 87' lang='lat' dir='ltr'><strong>rum,</strong></span> <span class='ocrx_word' id='word_1_791' title='bbox 2458 4915 2550 4970; x_wconf 91' lang='lat' dir='ltr'><strong>sed</strong></span> <span class='ocrx_word' id='word_1_792' title='bbox 2581 4920 2832 4984; x_wconf 82' lang='lat' dir='ltr'><strong>pastores</strong></span> <span class='ocrx_word' id='word_1_793' title='bbox 2856 4917 3057 4986; x_wconf 89' lang='lat' dir='ltr'><strong>reperit</strong></span> <span class='ocrx_word' id='word_1_794' title='bbox 3079 4933 3241 4988; x_wconf 88' lang='lat' dir='ltr'><strong>super</strong></span> <span class='ocrx_word' id='word_1_795' title='bbox 3274 4934 3460 4990; x_wconf 88' lang='lat' dir='ltr'><strong>greges</strong></span> <span class='ocrx_word' id='word_1_796' title='bbox 3485 4935 3622 4974; x_wconf 90' lang='lat' dir='ltr'><strong>suos</strong></span> <span class='ocrx_word' id='word_1_797' title='bbox 3645 4922 3860 4992; x_wconf 76' lang='lat' dir='ltr'><strong>vigilias</strong></span> 
     </span>
    </p>
   </div>
   <div class='ocr_carea' id='block_1_108' title="bbox 2277 5005 3857 5076">
    <p class='ocr_par' dir='ltr' id='par_1_108' title="bbox 2277 5005 3857 5076">
     <span class='ocr_line' id='line_1_108' title="bbox 2277 5005 3857 5076; baseline 0.004 -19"><span class='ocrx_word' id='word_1_798' title='bbox 2277 5005 2628 5072; x_wconf 80' lang='lat' dir='ltr'><strong>excubantes,</strong></span> <span class='ocrx_word' id='word_1_799' title='bbox 2660 5007 2849 5076; x_wconf 89' lang='lat' dir='ltr'><strong>eisque</strong></span> <span class='ocrx_word' id='word_1_800' title='bbox 2871 5005 3111 5074; x_wconf 89' lang='lat' dir='ltr'><strong>loquitur</strong></span> <span class='ocrx_word' id='word_1_801' title='bbox 3136 5024 3150 5061; x_wconf 87' lang='lat'><strong>:</strong></span> <span class='ocrx_word' id='word_1_802' title='bbox 3185 5005 3358 5060; x_wconf 82' lang='lat' dir='ltr'><strong>Natus</strong></span> <span class='ocrx_word' id='word_1_803' title='bbox 3384 5016 3458 5062; x_wconf 88' lang='lat' dir='ltr'><strong>est</strong></span> <span class='ocrx_word' id='word_1_804' title='bbox 3488 5009 3646 5062; x_wconf 84' lang='lat' dir='ltr'><strong>hodie</strong></span> <span class='ocrx_word' id='word_1_805' title='bbox 3668 5009 3857 5063; x_wconf 73' lang='lat' dir='ltr'><strong>Salta-</strong></span> 
     </span>
    </p>
   </div>
   <div class='ocr_carea' id='block_1_109' title="bbox 2277 5096 3855 5166">
    <p class='ocr_par' dir='ltr' id='par_1_109' title="bbox 2277 5096 3855 5166">
     <span class='ocr_line' id='line_1_109' title="bbox 2277 5096 3855 5166; baseline 0.005 -19"><span class='ocrx_word' id='word_1_806' title='bbox 2277 5105 2392 5160; x_wconf 89' lang='lat' dir='ltr'><strong>tor,</strong></span> <span class='ocrx_word' id='word_1_807' title='bbox 2429 5098 2518 5166; x_wconf 86' lang='lat' dir='ltr'><strong>qui</strong></span> <span class='ocrx_word' id='word_1_808' title='bbox 2551 5107 2627 5150; x_wconf 88' lang='lat' dir='ltr'><strong>est</strong></span> <span class='ocrx_word' id='word_1_809' title='bbox 2659 5096 2902 5153; x_wconf 84' lang='lat' dir='ltr'><strong>Christus</strong></span> <span class='ocrx_word' id='word_1_810' title='bbox 2946 5097 3229 5152; x_wconf 82' lang='lat' dir='ltr'><strong>Dominus.</strong></span> <span class='ocrx_word' id='word_1_811' title='bbox 3260 5097 3502 5153; x_wconf 85' lang='lat' dir='ltr'><strong>Putasne</strong></span> <span class='ocrx_word' id='word_1_812' title='bbox 3536 5102 3677 5155; x_wconf 80' lang='lat' dir='ltr'><strong>nihil</strong></span> <span class='ocrx_word' id='word_1_813' title='bbox 3711 5105 3855 5156; x_wconf 87' lang='lat' dir='ltr'><strong>aliud</strong></span> 
     </span>
    </p>
   </div>
   <div class='ocr_carea' id='block_1_110' title="bbox 2273 5187 3852 5259">
    <p class='ocr_par' dir='ltr' id='par_1_110' title="bbox 2273 5187 3852 5259">
     <span class='ocr_line' id='line_1_110' title="bbox 2273 5187 3852 5259; baseline 0.001 -17"><span class='ocrx_word' id='word_1_814' title='bbox 2273 5188 2491 5242; x_wconf 82' lang='lat' dir='ltr'><strong>divinus</strong></span> <span class='ocrx_word' id='word_1_815' title='bbox 2529 5187 2934 5258; x_wconf 89' lang='lat' dir='ltr'><strong>Scripturarum</strong></span> <span class='ocrx_word' id='word_1_816' title='bbox 2971 5204 3151 5243; x_wconf 87' lang='lat' dir='ltr'><strong>sermo</strong></span> <span class='ocrx_word' id='word_1_817' title='bbox 3184 5189 3481 5259; x_wconf 81' lang='lat' dir='ltr'><strong>signiﬁcat,</strong></span> <span class='ocrx_word' id='word_1_818' title='bbox 3514 5193 3609 5245; x_wconf 85' lang='lat' dir='ltr'><strong>sed</strong></span> <span class='ocrx_word' id='word_1_819' title='bbox 3643 5201 3852 5245; x_wconf 89' lang='lat' dir='ltr'><strong>tantum</strong></span> 
     </span>
    </p>
   </div>
   <div class='ocr_carea' id='block_1_111' title="bbox 2275 5279 3853 5351">
    <p class='ocr_par' dir='ltr' id='par_1_111' title="bbox 2275 5279 3853 5351">
     <span class='ocr_line' id='line_1_111' title="bbox 2275 5279 3853 5351; baseline 0.003 -19"><span class='ocrx_word' id='word_1_820' title='bbox 2275 5279 2378 5334; x_wconf 90' lang='lat' dir='ltr'><strong>hoc</strong></span> <span class='ocrx_word' id='word_1_821' title='bbox 2400 5280 2544 5348; x_wconf 90' lang='lat' dir='ltr'><strong>quod</strong></span> <span class='ocrx_word' id='word_1_822' title='bbox 2576 5279 2642 5334; x_wconf 92' lang='lat' dir='ltr'><strong>ad</strong></span> <span class='ocrx_word' id='word_1_823' title='bbox 2669 5289 2913 5349; x_wconf 87' lang='lat' dir='ltr'><strong>pastores</strong></span> <span class='ocrx_word' id='word_1_824' title='bbox 2940 5281 3153 5335; x_wconf 89' lang='lat' dir='ltr'><strong>venerit</strong></span> <span class='ocrx_word' id='word_1_825' title='bbox 3178 5281 3400 5351; x_wconf 87' lang='lat' dir='ltr'><strong>angelus</strong></span> <span class='ocrx_word' id='word_1_826' title='bbox 3435 5293 3488 5336; x_wconf 90' lang='lat' dir='ltr'><strong>et</strong></span> <span class='ocrx_word' id='word_1_827' title='bbox 3515 5282 3597 5336; x_wconf 91' lang='lat' dir='ltr'><strong>eis</strong></span> <span class='ocrx_word' id='word_1_828' title='bbox 3638 5282 3853 5336; x_wconf 86' lang='lat' dir='ltr'><strong>locutus</strong></span> 
     </span>
    </p>
   </div>
   <div class='ocr_carea' id='block_1_112' title="bbox 2276 5365 3848 5443">
    <p class='ocr_par' dir='ltr' id='par_1_112' title="bbox 2276 5365 3848 5443">
     <span class='ocr_line' id='line_1_112' title="bbox 2276 5365 3848 5443; baseline 0.001 -18"><span class='ocrx_word' id='word_1_829' title='bbox 2276 5371 2389 5425; x_wconf 90' lang='lat' dir='ltr'><strong>sit?</strong></span> <span class='ocrx_word' id='word_1_830' title='bbox 2437 5372 2632 5426; x_wconf 84' lang='lat' dir='ltr'><strong>Audite</strong></span> <span class='ocrx_word' id='word_1_831' title='bbox 2652 5413 2668 5439; x_wconf 90' lang='lat'><strong>,</strong></span> <span class='ocrx_word' id='word_1_832' title='bbox 2699 5381 2947 5442; x_wconf 85' lang='lat' dir='ltr'><strong>pastores</strong></span> <span class='ocrx_word' id='word_1_833' title='bbox 2980 5365 3347 5429; x_wconf 82' lang='lat' dir='ltr'><strong>Ecclesiarum</strong></span> <span class='ocrx_word' id='word_1_834' title='bbox 3368 5415 3384 5439; x_wconf 94' lang='lat'><strong>,</strong></span> <span class='ocrx_word' id='word_1_835' title='bbox 3425 5385 3681 5443; x_wconf 88' lang='lat' dir='ltr'><strong>pastores</strong></span> <span class='ocrx_word' id='word_1_836' title='bbox 3721 5374 3812 5430; x_wconf 82' lang='lat' dir='ltr'><strong>Dei</strong></span> <span class='ocrx_word' id='word_1_837' title='bbox 3834 5414 3848 5438; x_wconf 83' lang='lat'><strong><em>.</em></strong></span> 
     </span>
    </p>
   </div>
   <div class='ocr_carea' id='block_1_113' title="bbox 2275 5462 3848 5534">
    <p class='ocr_par' dir='ltr' id='par_1_113' title="bbox 2275 5462 3848 5534">
     <span class='ocr_line' id='line_1_113' title="bbox 2275 5462 3848 5534; baseline 0.003 -19"><span class='ocrx_word' id='word_1_838' title='bbox 2275 5462 2421 5530; x_wconf 90' lang='lat' dir='ltr'><strong>quod</strong></span> <span class='ocrx_word' id='word_1_839' title='bbox 2468 5477 2683 5532; x_wconf 88' lang='lat' dir='ltr'><strong>semper</strong></span> <span class='ocrx_word' id='word_1_840' title='bbox 2730 5463 2955 5533; x_wconf 83' lang='lat' dir='ltr'><strong>angelus</strong></span> <span class='ocrx_word' id='word_1_841' title='bbox 3001 5465 3122 5534; x_wconf 88' lang='lat' dir='ltr'><strong>ejus</strong></span> <span class='ocrx_word' id='word_1_842' title='bbox 3173 5466 3467 5522; x_wconf 90' lang='lat' dir='ltr'><strong>descendat</strong></span> <span class='ocrx_word' id='word_1_843' title='bbox 3512 5483 3544 5522; x_wconf 90' lang='lat' dir='ltr'><strong>e</strong></span> <span class='ocrx_word' id='word_1_844' title='bbox 3579 5468 3768 5532; x_wconf 62' lang='lat' dir='ltr'><strong>caelo,</strong></span> <span class='ocrx_word' id='word_1_845' title='bbox 3795 5476 3848 5521; x_wconf 79' lang='lat' dir='ltr'><strong>et</strong></span> 
     </span>
    </p>
   </div>
   <div class='ocr_carea' id='block_1_114' title="bbox 1819 5644 3366 5718">
    <p class='ocr_par' dir='ltr' id='par_1_114' title="bbox 1819 5644 3366 5718">
     <span class='ocr_line' id='line_1_114' title="bbox 1819 5644 3366 5718; baseline 0.001 -16"><span class='ocrx_word' id='word_1_846' title='bbox 1819 5650 1840 5680; x_wconf 79' lang='grc'>³</span> <span class='ocrx_word' id='word_1_847' title='bbox 1869 5648 2020 5705; x_wconf 85' lang='lat' dir='ltr'><strong>Matt.</strong></span> <span class='ocrx_word' id='word_1_848' title='bbox 2053 5664 2176 5703; x_wconf 77' lang='lat' dir='ltr'><strong>xxvi</strong></span> <span class='ocrx_word' id='word_1_849' title='bbox 2200 5689 2215 5715; x_wconf 92' lang='lat'><strong>,</strong></span> <span class='ocrx_word' id='word_1_850' title='bbox 2244 5646 2333 5702; x_wconf 72' lang='grc'><strong>41.</strong></span> <span class='ocrx_word' id='word_1_851' title='bbox 2402 5646 2423 5676; x_wconf 83' lang='grc'>³</span> <span class='ocrx_word' id='word_1_852' title='bbox 2454 5645 2636 5700; x_wconf 87' lang='lat' dir='ltr'><strong>Matth.</strong></span> <span class='ocrx_word' id='word_1_853' title='bbox 2670 5660 2760 5704; x_wconf 84' lang='lat' dir='ltr'><strong>nt.</strong></span> <span class='ocrx_word' id='word_1_854' title='bbox 2796 5646 2849 5701; x_wconf 74' lang='grc'><strong>4.</strong></span> <span class='ocrx_word' id='word_1_855' title='bbox 2926 5647 2946 5678; x_wconf 72' lang='grc'><strong>⁸</strong></span> <span class='ocrx_word' id='word_1_856' title='bbox 2969 5644 3102 5704; x_wconf 91' lang='lat' dir='ltr'><strong>Luc.</strong></span> <span class='ocrx_word' id='word_1_857' title='bbox 3141 5665 3199 5713; x_wconf 88' lang='grc' dir='ltr'><strong>ιι,</strong></span> <span class='ocrx_word' id='word_1_858' title='bbox 3236 5649 3284 5718; x_wconf 83' lang='grc'><strong>1,</strong></span> <span class='ocrx_word' id='word_1_859' title='bbox 3313 5651 3366 5706; x_wconf 80' lang='grc'><strong>2.</strong></span> 
     </span>
    </p>
   </div>
   <div class='ocr_carea' id='block_1_115' title="bbox 671 5818 2746 5907">
    <p class='ocr_par' dir='ltr' id='par_1_115' title="bbox 671 5818 2746 5907">
     <span class='ocr_line' id='line_1_115' title="bbox 671 5818 2746 5907; baseline 0.008 -33"><span class='ocrx_word' id='word_1_860' title='bbox 671 5818 785 5890; x_wconf 78' lang='grc'><strong>(51)</strong></span> <span class='ocrx_word' id='word_1_861' title='bbox 817 5819 1096 5878; x_wconf 78' lang='lat' dir='ltr'><strong>Maluerim</strong></span> <span class='ocrx_word' id='word_1_862' title='bbox 1125 5822 1181 5883; x_wconf 89' lang='lat' dir='ltr'><strong>in</strong></span> <span class='ocrx_word' id='word_1_863' title='bbox 1205 5834 1353 5882; x_wconf 90' lang='lat' dir='ltr'><strong>recto</strong></span> <span class='ocrx_word' id='word_1_864' title='bbox 1372 5826 1518 5884; x_wconf 71' lang='lat' dir='ltr'><strong>Dixi.</strong></span> <span class='ocrx_word' id='word_1_865' title='bbox 1547 5827 1770 5886; x_wconf 88' lang='lat' dir='ltr'><strong>Leviora</strong></span> <span class='ocrx_word' id='word_1_866' title='bbox 1794 5830 2038 5901; x_wconf 66' lang='lat' dir='ltr'><strong>quaedam</strong></span> <span class='ocrx_word' id='word_1_867' title='bbox 2064 5832 2167 5887; x_wconf 87' lang='lat' dir='ltr'><strong>alia</strong></span> <span class='ocrx_word' id='word_1_868' title='bbox 2205 5834 2352 5889; x_wconf 88' lang='lat' dir='ltr'><strong>taciti</strong></span> <span class='ocrx_word' id='word_1_869' title='bbox 2393 5834 2746 5907; x_wconf 86' lang='lat' dir='ltr'><strong>castigamus.</strong></span> 
     </span>
    </p>
   </div>
  </div>
