4002 6568
289 445 425 502 1829

1411 441 1478 496 ΙΝ
1518 441 1756 499 LUCAH
1796 442 2082 500 HOMILIA
2114 443 2258 499 Xlll.

3390 437 3526 494 1850

274 564 561 618 annuntiet
589 563 744 618 vobis
767 562 1025 633 quoniam
1047 565 1216 617 natus
1237 569 1321 618 est
1351 563 1510 620 vobis
1535 565 1696 620 hodie
1729 564 1852 619 Sal-
1881 572 1924 629 Α
1955 565 2254 635 provinciis
2300 563 2760 634 cognoscendum.
2802 563 2942 619 Ante
2985 563 3275 619 adventum
3309 562 3523 619 Domini

274 663 433 707 vator
454 693 472 719 ,
501 654 598 722 qui
637 661 724 707 est
753 651 1008 707 Christus
1039 650 1323 707 Dominus.
1358 652 1572 709 Etenim
1603 662 1849 722 pastores

273 745 648 802 Ecclesiarum
672 785 688 810 ,
728 744 838 800 nisi
878 744 966 800 ille
1000 754 1187 814 pastor
1213 746 1458 811 venerit,
1493 761 1590 817 per
1622 761 1680 801 se
1715 747 1851 801 bene

273 853 492 910 gregem
538 851 756 893 servare
802 852 910 890 non
960 847 1254 907 poterunt,
1303 838 1518 892 inﬁrma
1550 847 1847 893 esteorum

273 929 520 985 custodia
548 970 564 993 ,
595 929 702 985 nisi
733 929 987 984 Christus
1019 944 1143 984 cum
1177 930 1256 985 eis
1286 927 1498 998 paverit
1539 940 1702 992 atque
1734 945 1850 984 ser-

274 1021 500 1076 vaverit.
532 1020 744 1076 Dudum
780 1021 834 1074 in
865 1020 1127 1089 Apostolo
1165 1021 1365 1077 lectum
1399 1031 1484 1078 est
1507 1022 1558 1085 ⁵,
1595 1021 1687 1077 Dei
1722 1037 1850 1077 coo-

274 1123 554 1184 peratores
585 1129 799 1170 sumus.
825 1111 1023 1169 Pastor
1047 1114 1244 1182 bonus,
1275 1116 1371 1185 qui
1401 1115 1644 1170 imitatur
1672 1123 1851 1185 pasto-

273 1219 388 1260 rem
436 1206 642 1260 bonum
667 1205 734 1273 ",
788 1214 1112 1277 cooperator
1143 1215 1228 1262 est
1275 1206 1370 1262 Dei
1410 1215 1464 1262 et
1514 1206 1740 1262 Christi.
1783 1206 1850 1262 Et

274 1303 559 1367 propterea
592 1304 782 1366 pastor
824 1299 1000 1353 bonus
1042 1307 1125 1354 est
1153 1340 1168 1365 ,
1199 1299 1293 1370 qui
1341 1299 1503 1354 habet
1534 1314 1719 1355 secum
1753 1316 1849 1370 pa-

272 1395 476 1442 storem
509 1387 780 1457 optimum
823 1398 1259 1457 compascentem
1302 1389 1428 1446 sibi.
1461 1389 1654 1446 Posuit
1699 1391 1845 1444 enim

273 1477 418 1536 Deus
444 1479 499 1533 in
531 1477 774 1535 Ecclesia
798 1479 1098 1550 apostolos,
1128 1481 1441 1551 prophetas,
1462 1483 1846 1554 evangelistas,

271 1581 556 1641 pastores,
607 1569 898 1637 doctores,
947 1574 1131 1627 omnia
1172 1573 1226 1627 in
1259 1573 1593 1642 perfectione
1624 1585 1848 1631 sancto-

273 1679 392 1718 rum
411 1663 452 1717 ⁸.
480 1661 547 1718 Et
561 1662 678 1719 hare
698 1663 917 1735 quidem
937 1674 1064 1718 sunt
1080 1663 1222 1720 dicta
1239 1666 1562 1738 simplicius.
1577 1666 1844 1724 Caeterum

271 1755 318 1808 si
348 1755 415 1809 ad
445 1756 800 1812 sacratiorem
831 1763 1046 1825 oportet
1077 1756 1375 1812 ascendere
1402 1758 1843 1829 intelligentiam,

269 1849 449 1904 dicam
472 1849 737 1921 quosdam
767 1849 934 1905 fuisse
961 1859 1206 1921 pastores
1239 1853 1461 1922 angelos
1491 1853 1586 1924 qui
1618 1869 1706 1909 res
1731 1854 1838 1907 hu-

1953 657 2287 724 Salvatoris,
2327 657 2414 712 isti
2458 655 2634 727 angeli
2661 671 2852 726 parum
2882 665 3132 727 poterant
3151 656 3372 713 creditis
3419 654 3525 709 sibi

1951 751 2204 806 utilitatis
2261 749 2500 815 aﬁerre,
2566 757 2620 804 et
2681 757 2909 804 conatus
2963 764 3150 804 eorum
3214 747 3366 818 sequi
3413 761 3524 802 non

1945 843 2164 897 valebat
2228 840 2474 896 effectus.
2533 837 2816 905 Quoddam
2879 846 2962 892 est
3030 839 3289 908 signum,
3357 852 3522 907 quam

1948 949 2142 1004 parum
2184 933 2444 1004 prodesse
2481 939 2737 1002 poterant
2771 929 3050 998 subjectis.
3087 929 3345 984 Ausculta
3375 929 3522 997 quod

1949 1026 2226 1081 dicimus:
2277 1023 2507 1091 Quando
2545 1024 2772 1095 angelus
2816 1021 3194 1092 Egyptiorum
3236 1021 3523 1092 Egyptios

1951 1119 2270 1188 adjuvabat,
2306 1115 2396 1171 vix
2428 1135 2575 1174 unus
2607 1117 2914 1187 proselytus
2948 1113 3198 1169 credebat
3235 1114 3287 1166 in
3319 1113 3522 1180 Deum,

1949 1219 2003 1265 et
2029 1210 2133 1265 hoc
2161 1210 2342 1277 ﬁebat,
2363 1209 2648 1281 Egyptios
2670 1209 2862 1279 angelo
2882 1208 3250 1277 dispensante.
3281 1203 3526 1274 Denique

1949 1301 2076 1372 quia
2107 1301 2352 1372 plerique
2382 1303 2448 1357 de
2481 1301 2751 1372 Egyptiis
2781 1310 2834 1356 et
2865 1299 3117 1354 ldumteis
3148 1297 3405 1368 proselyti
3433 1311 3525 1350 ac-

1948 1393 2225 1462 cipiebant
2252 1394 2410 1448 ﬁdem
2445 1393 2671 1457 Christi,
2703 1402 2988 1463 propterea
3035 1391 3314 1460 Scriptura
3343 1388 3476 1443 dicit
3505 1405 3521 1442 :

1950 1482 2073 1537 Non
2093 1485 2482 1538 abominaberis
2506 1482 2844 1554 Egyptium,
2861 1483 3113 1552 quoniam
3135 1479 3348 1534 aduente
3361 1481 3522 1533 eratis

1947 1575 2001 1628 in
2034 1584 2174 1627 terra
2205 1572 2447 1643 Egypti,
2480 1581 2528 1633 et
2557 1571 2854 1625 Idumamm
2880 1609 2896 1634 ,
2925 1569 3048 1639 quia
3075 1569 3241 1636 frater
3275 1576 3396 1619 tuus
3423 1573 3521 1619 est.

1949 1663 2086 1719 Filii
2115 1665 2162 1718 si
2193 1663 2308 1716 nati
2352 1663 2546 1731 fuerint
2579 1663 2687 1728 eis,
2715 1663 2766 1715 in
2798 1659 3129 1730 generatione
3165 1659 3324 1711 tertia
3351 1656 3521 1710 intra-

1948 1753 2072 1808 bunt
2117 1754 2173 1806 in
2222 1752 2518 1806 Ecclesium
2564 1750 2662 1805 Dei
2685 1751 2726 1804 ⁸.
2776 1750 2952 1819 Atque
2999 1748 3073 1802 ita
3118 1747 3313 1814 ﬁebat,
3352 1755 3413 1800 ut
3453 1745 3522 1800 de

1946 1845 2202 1902 omnibus
2231 1845 2486 1917 gentibus
2513 1842 2758 1897 nonnulli
2794 1839 3049 1911 proselyti
3085 1839 3274 1893 ﬁerent
3292 1879 3309 1904 ,
3338 1847 3391 1892 et
3418 1837 3520 1890 hoc

270 1955 462 1996 manas
489 1917 757 2012 regerent.
786 1941 853 1996 Et
884 1917 1009 1998 cum
1050 1942 1244 1997 horum
1276 1917 1652 2016 unusquisque
1682 1959 1838 2002 suam
1870 1917 1913 1972 Β
1942 1941 2123 2011 ipsum
2153 1939 2382 2010 angelis,
2417 1938 2510 2008 qui
2542 1945 2731 2008 gentes
2762 1934 3035 1989 habebant
3063 1932 3332 1994 subditas,
3361 1929 3518 1985 adni-

269 2033 577 2088 custodiam
612 2044 983 2102 conservaret,
1012 2043 1068 2090 et
1095 2035 1290 2090 diebus
1331 2051 1394 2090 ac
1423 2037 1678 2092 noctibus
1703 2037 1842 2108 vigi-

269 2123 389 2180 laus
423 2124 537 2194 jam
577 2125 820 2182 laborem
850 2125 994 2183 ferre
1042 2143 1152 2183 non
1182 2137 1400 2198 posset,
1443 2138 1498 2184 et
1529 2129 1634 2185 hoc
1658 2139 1843 2201 ageret

269 2219 558 2284 industrie,
593 2229 654 2275 ut
680 2228 867 2290 gentes
899 2234 1022 2290 quae
1059 2220 1163 2277 sibi
1205 2221 1426 2276 creditae
1457 2220 1706 2285 fuerant,
1736 2238 1841 2293 gu-

272 2312 543 2377 ber‘naret,
575 2312 791 2368 venisse
823 2315 1073 2383 angelum
1102 2321 1230 2368 nato
1256 2312 1508 2380 Domino,
1541 2325 1596 2368 et
1621 2329 1838 2370 annun-

269 2405 439 2460 tiasse
471 2404 802 2474 pastoribus,
834 2404 979 2477 quod
1009 2420 1172 2460 verus
1204 2414 1350 2462 esset
1380 2413 1567 2475 pastor
1592 2414 1834 2460 exortus.

273 2495 434 2550 Verbi
464 2497 659 2568 gratia,
689 2505 751 2551 ut
775 2497 841 2551 ad
869 2497 1178 2566 exemplum
1205 2496 1442 2560 veniam,
1470 2504 1585 2550 erat
1613 2497 1835 2566 quidam

271 2596 456 2658 pastor
488 2588 837 2654 Macedoniae,
878 2589 967 2644 hic
997 2588 1366 2643 necessarium
1411 2587 1646 2641 habebat
1680 2586 1838 2640 auxi-

269 2681 403 2735 lium
448 2680 712 2735 Domini:
759 2689 1042 2751 propterea
1093 2679 1344 2749 apparuit
1395 2679 1451 2733 in
1502 2678 1709 2734 somnis
1755 2680 1839 2733 vir

271 2772 496 2830 Macedo
525 2772 728 2839 Paulo,
767 2775 990 2829 dicens:
1026 2773 1308 2828 Transiens
1330 2774 1384 2826 in
1432 2771 1835 2836 Macedoniam,

273 2867 466 2936 adjuea
494 2884 588 2922 nos
614 2867 654 2922 '.
689 2866 828 2933 Quid
858 2867 925 2922 de
951 2866 1121 2921 Paulo
1151 2866 1390 2936 loquar?
1413 2881 1538 2920 cum
1585 2865 1699 2920 hzec
1728 2881 1836 2920 non

269 2953 473 3022 Paulo,
517 2957 611 3012 sed
649 2956 743 3027 qui
791 2956 847 3011 in
884 2955 1053 3011 Paulo
1084 2966 1231 3022 erat,
1267 2957 1484 3012 locutus
1529 2957 1600 3011 sit
1638 2955 1840 3012 Jesus?

271 3045 518 3119 lndigent
551 3048 736 3119 itaque
762 3058 1008 3119 pastores
1033 3050 1320 3120 praesentia
1355 3049 1578 3104 Christi.
1631 3049 1838 3114 Quam-

199 3189 210 3196 .
267 3140 454 3195 obrem
500 3141 726 3212 angelus
767 3142 1047 3198 descendit
1085 3143 1153 3198 de
1189 3142 1349 3207 coelo,
1396 3152 1450 3198 et
1491 3143 1605 3198 ait:
1657 3141 1838 3198 Nolite

271 3234 473 3287 timere.
509 3231 646 3288 Ecce
671 3234 811 3288 enim
840 3234 1100 3287 annuntio
1131 3235 1271 3290 vobis
1293 3233 1542 3305 gaudium
1567 3251 1834 3305 magnum.
1863 3256 1907 3315 ο

273 3323 408 3379 Vere
431 3325 688 3394 gaudium
713 3341 992 3395 magnum,
1012 3327 1098 3383 his
1128 3327 1329 3397 quibus
1362 3327 1642 3382 hominum
1666 3329 1842 3384 fuerat

271 3424 327 3471 et
364 3417 770 3487 provinciarum
801 3433 932 3473 cura
979 3418 1275 3488 permissa,
1319 3417 1595 3474 Christum
1630 3421 1842 3476 venisse

272 3509 328 3563 in
365 3509 651 3566 mundum.
689 3508 917 3565 Multum
949 3510 1198 3566 utilitatis
1229 3511 1438 3580 accepit
1468 3513 1714 3583 angelus,
1746 3513 1840 3584 qui

271 3601 622 3670 dispensabat
653 3601 936 3674 Egyptias
968 3617 1088 3664 res,
1117 3611 1404 3672 postquam
1439 3602 1700 3660 Dominus
1741 3605 1840 3660 de-

271 3691 481 3746 scendit
502 3706 532 3746 ε
551 3692 710 3758 coelo,
735 3701 795 3746 ut
820 3691 1057 3765 Egyptii
1081 3691 1375 3747 Christiani
1402 3693 1611 3749 ﬁerent.
1630 3695 1839 3751 Profuit

267 3787 324 3833 et
381 3780 635 3848 cunctis,
702 3781 796 3851 qui
850 3781 1096 3838 diversas
1144 3783 1452 3853 provincias
1507 3785 1839 3841 obtinebant.

273 3869 437 3927 Verbi
468 3887 658 3939 causa,
683 3873 900 3944 praesidi
928 3873 1280 3942 Macedoniae,
1328 3877 1541 3946 praesidi
1585 3877 1838 3945 Achaiae,

272 3964 721 4035 reliquarumque
758 3966 1062 4036 regionum.
1106 3965 1292 4037 Neque
1331 3968 1474 4024 enim
1507 3968 1589 4024 fas
1613 3979 1698 4025 est
1719 3987 1842 4026 cre-

270 4053 401 4109 dere
448 4053 623 4109 malos
675 4055 897 4126 angelos
951 4055 1069 4111 suis
1113 4071 1348 4126 praeesse
1403 4059 1734 4128 provinciis,
1788 4071 1842 4116 et

270 4145 448 4200 bonos
468 4160 577 4200 non
597 4145 814 4200 easdem
842 4147 1151 4215 provincias
1175 4147 1372 4204 habere
1394 4151 1708 4219 permissas.
1728 4151 1841 4209 Hoc

270 4246 453 4292 autem
489 4238 636 4308 quod
666 4237 733 4292 de
760 4237 987 4308 singulis
1007 4239 1302 4309 provinciis
1333 4240 1486 4309 dicit,
1519 4251 1651 4312 puto
1675 4244 1839 4299 etiam

270 4329 340 4383 de
366 4329 638 4384 universis
673 4329 986 4385 hominibus
1019 4331 1340 4401 generaliter
1367 4332 1566 4389 debere
1597 4336 1836 4391 credere.

271 4418 578 4490 Unicuique
609 4420 718 4475 duo
745 4421 1010 4478 assistunt
1038 4423 1216 4493 angeli
1252 4424 1396 4495 (52),
1429 4425 1564 4481 alter
1582 4426 1804 4496 iustitiae
1823 4469 1838 4494 ,

271 4511 410 4566 alter
461 4512 784 4582 iniquitatis.
839 4513 896 4568 Si
953 4515 1110 4569 bona:
1160 4516 1517 4585 cogitationes
1572 4518 1626 4572 in
1679 4520 1841 4575 corde

1945 2032 2208 2086 teutibus.
2251 2029 2408 2085 Nunc
2443 2038 2623 2084 autem
2660 2026 2845 2097 populi
2877 2024 3214 2080 credentium
3251 2023 3520 2078 accedunt

1942 2123 2010 2178 ad
2062 2124 2223 2178 [idem
2268 2120 2395 2176 Jesu
2425 2163 2440 2186 ,
2475 2129 2530 2174 et
2575 2119 2752 2189 angeli
2805 2116 3003 2186 quibus
3049 2115 3268 2171 creditae
3315 2113 3519 2170 fuerint

1940 2213 2217 2278 Ecclesiae,
2251 2212 2490 2267 roborati
2523 2209 2811 2280 praesentia
2838 2205 3164 2270 Salvatoris,
3192 2204 3394 2260 multos
3419 2205 3518 2259 ad-

1939 2305 2146 2360 ducunt
2191 2303 2530 2374 proselytos,
2577 2308 2637 2354 ut
2673 2304 3074 2368 congregemur
3109 2295 3164 2349 in
3197 2295 3347 2350 omni
3387 2294 3520 2348 orbe

1939 2395 2319 2451 conventicula
2369 2392 2825 2448 Christianorum.
2884 2388 3228 2456 Quapropter
3280 2399 3518 2440 consur-

1939 2499 2126 2559 gentes
2155 2487 2445 2542 laudemus
2491 2483 2781 2538 Dominum
2807 2520 2824 2545 ,
2857 2490 2911 2535 et
2943 2481 3140 2534 ﬁamus
3181 2493 3280 2548 pro
3310 2476 3518 2532 carnali

1941 2578 2148 2643 Israel,
2191 2577 2452 2648 spiritalis
2498 2575 2684 2630 Israel.
2728 2572 3124 2628 Benedicamus
3157 2567 3516 2638 omnipotenti

1942 2670 2052 2726 Deo
2073 2685 2257 2740 opere,
2277 2669 2627 2740 cogitatione,
2645 2679 2916 2728 sermone,
2942 2662 2998 2715 in
3015 2660 3236 2716 Christo
3257 2658 3410 2724 Jesu,
3428 2659 3516 2714 cui

1940 2773 2023 2818 est
2051 2760 2225 2834 gloria
2247 2769 2304 2817 et
2328 2759 2620 2830 imperium
2646 2757 2700 2811 in
2728 2756 2925 2811 saecula
2955 2754 3300 2809 saeculorum.
3319 2751 3513 2812 Amen.

2505 2868 2788 2926 HOMILIA
2817 2866 2954 2921 Xlll.

1942 2991 2018 3046 De
2050 3008 2109 3046 eo
2143 2990 2281 3060 quod
2316 2988 2572 3060 scriptum
2600 2996 2721 3040 est:
2757 3003 2773 3036 ι
2820 2982 3182 3060 Et_facta_est
3234 2979 3516 3060 multitudo

2008 3051 2268 3115 exercitus
2299 3051 2519 3113 caelestis
2541 3096 2556 3120 ,
2598 3074 2617 3106 ι
2654 3069 2817 3122 usque
2842 3053 2910 3104 ad
2935 3068 3051 3122 eum
3080 3052 3251 3104 locum
3279 3051 3368 3102 ubi
3397 3051 3470 3102 ait
3496 3064 3515 3102 :

2013 3131 2081 3255 ὃ]
2091 3139 2372 3185 "venerunt
2391 3127 2444 3181 Μ
2451 3127 2623 3180 ariam
2635 3133 2684 3179 et
2699 3121 2880 3178 Iesum
2895 3121 3126 3190 positum
3145 3122 3196 3175 in
3211 3135 3460 3190 prtesepe.
3489 3139 3509 3171 ι

2060 3217 2148 3255 an.
2181 3216 2240 3255 li.

2060 3217 2148 3270 ap.
2181 3216 2240 3255 li.

1998 3302 2266 3360 Dominus
2322 3311 2508 3360 noster
2532 3310 2692 3373 atque
2723 3302 2970 3359 Salvator
2994 3303 3236 3359 nascitur
3257 3304 3312 3359 in
3342 3303 3503 3361 Beth-

1927 3399 2128 3462 lehem,
2157 3407 2212 3453 et
2246 3396 2537 3453 multitudo
2567 3397 2802 3452 caelestis
2825 3397 3094 3452 exercitus
3125 3398 3306 3452 laudat
3331 3400 3500 3453 Deum

1930 3500 1985 3546 et
2009 3491 2141 3546 dicit
2169 3490 2398 3547 :‘Gloria
2427 3491 2481 3543 in
2507 3489 2720 3544 excelsis
2751 3489 2878 3555 Deo,
2915 3500 2962 3544 et
2990 3506 3149 3559 super
3172 3500 3367 3568 terram
3395 3506 3504 3560 pax

1930 3583 2221 3637 hominibus
2251 3583 2395 3636 bona:
2418 3582 2721 3636 voluntatis.
2751 3582 2878 3637 Haec
2905 3591 3084 3636 autem
3111 3582 3349 3652 loquitur
3371 3585 3505 3638 mul-

1931 3677 2102 3733 titudo
2123 3674 2360 3730 ctelestis
2379 3675 2668 3739 exercitus,
2691 3675 2816 3744 quia
2834 3674 2944 3742 jam
2970 3675 3242 3730 defecerat
3263 3677 3505 3745 praebere

1931 3769 2241 3826 hominibus
2283 3765 2574 3831 auxilium,
2605 3775 2660 3820 et
2703 3766 2920 3821 videbat
2950 3783 3008 3822 se
3039 3783 3176 3836 opus
3222 3769 3366 3837 quod
3399 3768 3502 3823 sibi

1930 3864 2194 3920 creditum
2226 3861 2422 3928 fuerat,
2464 3860 2690 3930 implere
2732 3874 2842 3914 non
2879 3874 3039 3929 posse
3069 3860 3272 3929 absque
3303 3874 3368 3914 eo
3410 3861 3502 3926 qui

1939 3975 2068 4017 vere
2100 3961 2314 4016 salvare
2340 3966 2588 4029 poterat,
2623 3965 2678 4012 et
2706 3953 2964 4025 praesules
3006 3965 3224 4022 quoque
3251 3950 3397 4020 ipsos
3422 3947 3514 4016 ju-

1942 4070 2106 4120 vare,
2167 4062 2230 4110 ut
2283 4051 2533 4108 homines
2583 4047 2948 4103 salvareutur.
3005 4041 3295 4110 Quomodo
3347 4039 3512 4110 igitur

1941 4148 2205 4217 scriptum
2250 4153 2334 4202 est
2385 4144 2439 4198 in
2488 4139 2842 4210 Evangelio’,
2875 4135 3021 4207 quod
3071 4135 3290 4205 quidam
3343 4132 3512 4186 remis

1940 4238 2214 4293 sulcantes
2236 4249 2387 4290 mare
2407 4231 2672 4287 adversus
2697 4226 3006 4284 contrarios
3028 4232 3218 4280 ventos
3239 4222 3351 4293 jam
3380 4221 3511 4298 fessi
3550 4299 3562 4312 ἱ

1941 4338 2130 4396 erant,
2165 4337 2220 4382 et
2268 4323 2455 4396 viginti
2490 4323 2732 4392 quinque
2755 4359 2770 4383 ,
2813 4319 2926 4373 sive
2954 4316 3176 4388 triginta
3206 4313 3396 4371 stadiis
3431 4312 3512 4366 la-

1943 4421 2232 4484 borantes,
2263 4425 2476 4487 portum
2518 4422 2703 4467 tenere
2735 4425 2845 4464 non
2896 4416 3182 4478 poterant,
3225 4414 3278 4460 ει
3322 4411 3508 4475 postea

1943 4512 2210 4568 Dominus
2243 4503 2596 4576 supervenit,
2624 4512 2678 4558 et
2703 4502 2984 4573 quiescere
3027 4497 3157 4553 fecit
3193 4497 3388 4551 lluetus
3421 4504 3510 4550 tu-

272 4612 462 4657 nostro
488 4602 712 4668 fuerint,
739 4610 795 4658 et
825 4604 877 4655 in
904 4602 1085 4658 animo
1113 4604 1324 4672 iustitia
1354 4605 1660 4674 pullularit,
1694 4606 1837 4661 haud
1873 4598 1914 4652 D
1945 4609 2174 4662 mentes,
2200 4607 2502 4663 navemque
2532 4591 2690 4660 cujus
2718 4592 2844 4645 hinc
2871 4589 3181 4643 indelatera
3211 4586 3511 4641 tundebau-

271 4693 500 4748 dubium
527 4695 678 4764 'quin
723 4694 882 4750 nobis
932 4696 1190 4765 loquatur
1230 4697 1455 4767 angelus
1489 4695 1724 4752 Domini.
1779 4696 1837 4752 Si

271 4799 404 4840 vero
433 4785 576 4839 mala
609 4784 810 4840 fuerint
837 4785 889 4839 in
920 4795 1110 4842 nostro
1139 4786 1306 4840 corde
1334 4795 1566 4851 versata,
1600 4787 1839 4856 loquitur

273 4874 433 4929 nobis
457 4874 682 4944 angelus
715 4874 934 4928 diaboli.
971 4872 1257 4939 Quomodo
1280 4872 1442 4942 igitur
1472 4887 1566 4940 per
1593 4872 1837 4943 singulos

274 4967 524 5022 homines
545 4966 712 5039 946
733 4966 843 5020 bini
874 4975 1002 5021 sunt
1027 4965 1222 5034 angeli,
1252 4964 1333 5020 sic
1357 4964 1550 5034 opinor
1571 4974 1628 5020 et
1654 4965 1707 5018 in
1734 4965 1840 5021 siu-

275 5061 417 5131 gulis
443 5061 687 5131 dispares
713 5073 834 5114 esse
864 5057 1180 5127 provinciis,
1212 5065 1272 5110 ut
1305 5056 1415 5111 sint
1450 5065 1504 5111 et
1535 5056 1662 5111 boni
1684 5097 1700 5122 ,
1733 5056 1842 5111 sint

273 5162 330 5208 et
367 5153 518 5208 mali.
572 5150 732 5206 Verbi
777 5150 948 5221 gratia
975 5190 990 5214 ,
1026 5149 1078 5202 in
1110 5148 1323 5218 Epheso
1363 5157 1582 5218 propter
1623 5163 1718 5204 eos
1745 5149 1838 5217 qui

274 5245 329 5300 in
365 5245 454 5299 illa
500 5244 634 5298 urbe
671 5251 983 5314 peccatores
1013 5250 1190 5305 erant,
1235 5240 1458 5310 pessimi
1496 5240 1669 5310 angeli
1699 5257 1838 5310 prte—

276 5338 544 5393 sidebant.
577 5335 790 5391 Rursus
817 5334 945 5404 quia
980 5335 1134 5389 multi
1169 5341 1325 5388 erant
1355 5331 1636 5386 credentes
1666 5332 1718 5386 in
1752 5348 1839 5398 ea,

275 5437 395 5484 erat
415 5437 467 5483 et
486 5428 712 5498 angelus
736 5426 992 5483 Ecclesia:
1021 5424 1400 5495 Ephesiorum,
1429 5424 1616 5494 utique
1643 5424 1836 5479 bonus.

275 5520 390 5577 Hoc
413 5530 590 5576 autem
617 5522 762 5591 quod
786 5519 852 5575 de
879 5518 1090 5588 Epheso
1112 5517 1368 5581 diximus,
1397 5531 1561 5586 super
1586 5516 1840 5571 omnibus

1947 4703 2053 4758 tur,
2087 4691 2154 4745 ab
2185 4686 2488 4744 imminenti
2517 4682 2832 4740 discrimine
2859 4680 3136 4746 liberavit;
3170 4677 3250 4734 sic
3277 4677 3510 4747 intellige

1943 4782 2202 4854 quoniam
2230 4788 2281 4833 et
2309 4776 2484 4846 angeli
2513 4774 2766 4829 volebant
2790 4771 3006 4841 quidem
3035 4767 3349 4824 hominibus
3373 4781 3512 4838 prae-

1943 4877 2072 4931 bere
2097 4871 2384 4937 auxilium,
2400 4878 2455 4924 et
2478 4867 2559 4923 eis
2579 4867 2646 4921 ab
2672 4863 3114 4935 aegrotationibus
3137 4862 3251 4916 suis
3273 4861 3511 4914 tribuere

1947 4967 2266 5029 sanitatem,
2305 4962 2431 5032 quia
2465 4975 2640 5013 omnes
2678 4967 2798 5010 sunt
2836 4955 3161 5025 apparitores
3195 4952 3411 5020 spiritus
3454 4951 3512 5003 in

1945 5055 2300 5112 ministerium
2331 5052 2480 5108 missi
2508 5058 2720 5120 propter
2746 5064 2831 5102 eos
2859 5047 2948 5117 qui
2979 5045 3240 5099 consecuti
3266 5055 3386 5097 sunt
3417 5058 3510 5094 sa-

1945 5149 2108 5203 lutem
2133 5147 2214 5199 ¹⁰;
2258 5144 2352 5214 qui
2386 5149 2650 5212 quantum
2689 5138 2744 5192 in
2784 5138 2900 5192 suis
2945 5135 3150 5189 viribus
3178 5143 3315 5198 erat,
3349 5131 3509 5201 adju-

1939 5241 2141 5296 vabant
2175 5231 2746 5291 homines.'Videbant
2783 5237 2961 5282 autem
2996 5226 3169 5280 multo
3197 5223 3507 5279 inferiorem

1941 5347 2095 5390 suam
2121 5344 2241 5384 esse
2268 5325 2614 5388 medicinam,
2639 5337 2803 5392 quam
2826 5321 3043 5375 illorum
3071 5333 3202 5373 cura
3227 5315 3506 5386 poscebat.

1942 5422 2111 5477 Porro
2145 5427 2204 5474 ut
2253 5419 2318 5473 tle
2362 5415 2610 5484 exemplo
2642 5411 2819 5484 possis
2860 5409 3158 5480 intelligere
3196 5406 3340 5478 quod
3374 5405 3511 5466 dici-

1942 5530 2087 5577 mus,
2120 5511 2241 5567 vide
2273 5509 2405 5564 mihi
2437 5508 2626 5562 urbem
2659 5504 2713 5558 in
2742 5518 2848 5573 qua
2877 5509 3136 5572 aegrotent
3175 5498 3416 5572 plurimi,
3455 5506 3511 5551 et

349 5640 370 5670 '
397 5637 417 5691 l
443 5637 568 5693 Cor.
596 5653 680 5704 ill,
707 5637 762 5694 9.
830 5638 874 5668 ⁸·
896 5634 1054 5690 Joan.
1085 5651 1140 5691 x.
1197 5635 1218 5667 ⁸
1241 5633 1440 5704 Ephes.
1481 5631 1634 5698 1V,“
1656 5671 1672 5697 ,
1704 5630 1790 5686 12.
1859 5630 1880 5661 ⁷
1902 5628 2022 5684 Act.
2056 5643 2165 5693 xvt,
2199 5628 2252 5681 9.
2321 5626 2342 5658 ⁸
2363 5623 2693 5684 Deuan,
2725 5617 2778 5682 Ἰ,
2800 5617 2852 5671 8.
2928 5616 2950 5648 ⁹
2972 5612 3166 5670 Joann.
3197 5626 3272 5680 vt,
3301 5610 3386 5677 l9,
3414 5609 3504 5665 21.

277 5709 323 5744 ⁸⁸
349 5708 554 5775 Hebm,
583 5708 670 5763 14.

353 5801 465 5873 (52)
494 5769 566 5856 De
607 5800 812 5872 angelis
835 5799 1119 5873 hominum
1158 5793 1690 5873 provinciarumque
1712 5789 1988 5873 custodiaa-
2014 5781 2684 5873 prmleti‘tiseanrigenis
2723 5777 2992 5838 sententia
3042 5775 3162 5849 (qui
3198 5782 3376 5830 tamen
3431 5769 3510 5828 si-

275 5855 660 5943 bimetlparum
681 5855 946 5928 euastans
978 5868 1116 5939 fuit)
1147 5855 1389 5923 dicemus
1416 5855 1834 5935 paulo'inlerius
1868 5859 1937 5916 ad
1974 5855 2166 5914 hbmil.
2195 5857 2267 5912 23
2293 5864 2347 5912 et
2376 5855 2467 5911 35.
