4002 6540
551 376 680 434 1851

2005 376 2329 435 ORIGENIS

3679 382 3801 438 {832

545 495 878 551 medicorum
898 493 1154 566 frequens
1175 494 1500 552 adhibeatur
1522 510 1749 553 manus:
1773 497 1884 553 sint
1905 496 2121 553 diversa
2151 503 2193 559 Α
2225 507 2434 568 patens.
2472 497 2538 554 Et
2567 497 2845 570 quomodo
2877 499 3039 556 homo
3069 497 3116 555 si
3145 498 3499 554 commissam
3543 497 3658 553 sibi
3702 497 3805 552 dis-

543 586 791 654 vulnera,
825 586 1068 656 quotidie
1099 587 1154 640 in
1184 595 1490 641 emortuam
1516 602 1736 642 carnem
1767 603 1992 659 serpens
2018 585 2130 658 pu-'

547 679 698 734 tre'do
724 690 1002 749 penetret:
1030 688 1083 734 et
1111 690 1288 734 tamen
1315 680 1507 735 medici
1532 680 1626 750 qui
1652 680 1877 735 adhibiti
1903 690 2032 736 sunt
2051 681 2118 735 ad

545 770 872 833 curandum,
893 780 1167 840 nequeant
1188 772 1293 826 alia
1314 772 1456 826 ultra
1480 771 1721 827 invenire
1739 773 2118 837 medicamina,

544 872 598 918 et
635 863 770 918 artis
800 878 912 918 sua:
957 863 1184 942 scientia
1238 863 1664 933 magnitudinem
1697 865 1825 919 mali
1861 865 2117 932 vincere;

546 971 669 1009 cum
706 957 820 1009 haec
862 954 914 1008 in
953 955 1153 1010 talibus
1179 955 1322 1010 nacti
1367 955 1511 1019 sint,
1555 957 1770 1012 eveniat
1801 957 1996 1028 aliquis
2033 973 2121 1012 ar-

547 1047 756 1101 chiater
782 1047 873 1116 qui
910 1047 1106 1102 haheat
1139 1063 1410 1102 summam
1446 1048 1498 1102 in
1521 1057 1637 1104 arte
1665 1050 1933 1115 notitiam,
1967 1061 2020 1104 et
2042 1050 2116 1104 illi

543 1140 636 1209 qui
690 1139 840 1209 prius
887 1143 1083 1196 sanare
1133 1141 1494 1211 nequiverant
1540 1153 1824 1198 cernentes
1874 1143 2119 1214 magistri

543 1247 708 1286 manu
739 1233 1053 1302 putredines
1086 1249 1303 1291 cessare
1335 1234 1644 1302 vulnerum,
1679 1251 1787 1290 non
1821 1236 2118 1302 invideant,

543 1337 651 1377 non
689 1323 857 1380 livore
891 1325 1238 1390 crucientur,
1266 1328 1362 1382 sed
1403 1329 1458 1382 in
1489 1329 1680 1383 laudes
1707 1337 1997 1398 erumpant
2023 1343 2114 1382 ar-

541 1413 758 1479 chiatri,
784 1423 839 1469 et
871 1415 1167 1485 praedicent
1195 1416 1363 1471 Deum
1394 1417 1488 1487 qui
1511 1426 1566 1472 et
1594 1418 1696 1472 sibi
1721 1427 1774 1472 et
1805 1418 2120 1489 aegrotanti—

542 1505 645 1561 bus
665 1515 828 1562 tantm
851 1507 1092 1563 scientias
1126 1508 1404 1564 hominem
1436 1510 1666 1565 miserit.
1721 1510 1774 1564 In
1818 1511 1960 1566 hanc
1991 1526 2120 1582 ergo

542 1598 956 1657 similitudinem
1019 1608 1073 1654 et
1126 1601 1424 1657 multitudo
1477 1603 1753 1657 exercitus
1801 1603 2117 1674 angelorum

541 1690 724 1745 audita
755 1700 837 1746 est
866 1691 1091 1749 dicens:
1129 1691 1314 1748 Gloria
1351 1696 1405 1748 in
1442 1695 1660 1750 excelsis
1700 1695 1839 1762 Deo,
1882 1706 1931 1750 et
1963 1713 2119 1766 super

543 1791 738 1837 terram
763 1800 870 1854 pax
891 1784 945 1838 in
978 1785 1277 1841 hominibus
1305 1787 1453 1842 bona:
1483 1788 1793 1843 voluntatis.
1817 1787 2115 1859 Postquam

540 1875 684 1930 enim
724 1876 986 1932 Dominus
1031 1879 1182 1934 venit
1226 1879 1294 1934 ad
1348 1888 1584 1945 terram,
1629 1896 1814 1950 pacem
1855 1881 1982 1938 fecit
2025 1895 2119 1952 per

541 1971 862 2038 sanguinem
899 1971 1079 2027 crucis
1127 1987 1262 2037 sum,
1311 1974 1423 2028 sive
1469 1989 1659 2030 eorum
1691 1991 1810 2046 quae
1870 1977 1924 2031 in
1975 1985 2120 2034 terra

539 2067 716 2125 erant,
737 2060 852 2114 sive
878 2076 1069 2116 eorum
1101 2079 1223 2133 quae
1253 2065 1306 2119 in
1343 2066 1499 2121 coelis
1532 2068 1595 2119 ιι.
1624 2065 1902 2137 Siquidem
1933 2068 2121 2124 volen-

541 2159 624 2205 tes
649 2151 824 2221 angeli
850 2162 908 2206 ut
935 2154 1358 2210 recordarentur
1399 2157 1652 2213 homines
1700 2159 1966 2214 creatoris
2010 2159 2117 2225 sui,

542 2256 667 2294 cum
695 2241 957 2298 fecissent
986 2245 1169 2300 omnia
1202 2261 1326 2316 qua:
1375 2247 1426 2301 in
1462 2249 1577 2303 suis
1609 2249 1814 2305 viribus
1837 2258 2013 2314 erant,
2061 2259 2123 2306 ut

543 2344 893 2400 sanarentur,
930 2345 984 2391 et
1028 2337 1332 2394 noluissent
1374 2339 1450 2393 illi
1491 2340 1762 2415 respicere
1806 2343 2118 2410 sanitatem,

541 2437 776 2482 cernunt
812 2443 936 2482 eum
966 2429 1060 2499 qui
1091 2445 1288 2485 sanare
1311 2433 1507 2502 potuit,
1539 2441 1594 2488 et
1640 2434 2008 2504 gloriﬁcantes
2046 2435 2122 2490 di-

541 2528 675 2573 cunt
711 2533 726 2571 :
782 2517 966 2573 Gloria
1015 2521 1071 2574 in
1101 2522 1320 2576 excelsis
1355 2523 1458 2577 Deo
1511 2534 1559 2578 et
1591 2541 1747 2595 super
1774 2535 1969 2580 terram
1990 2542 2119 2596 pax.

543 2608 783 2680 Diligens
813 2609 1109 2680 Scriptura:
1144 2613 1315 2668 lector
1345 2615 1584 2684 inquirat
1617 2617 1896 2686 quomodo
1929 2616 2120 2673 Salva-

542 2709 629 2754 tor
657 2700 900 2771 loquitur
935 2703 979 2733 “
1013 2719 1026 2756 :
1062 2701 1183 2757 Non
1221 2707 1333 2759 veni
1365 2723 1547 2775 pacem
1588 2709 1794 2763 mittere
1830 2725 1985 2778 super
2019 2720 2122 2764 ter-

545 2809 682 2857 ram,
723 2793 812 2846 sed
846 2792 1107 2862 gladium,
1139 2803 1191 2850 et
1221 2811 1367 2852 nunc
1392 2799 1568 2869 angeli
1604 2801 1659 2854 in
1691 2801 1810 2871 ejus
1841 2801 2122 2857 nativitate

543 2885 866 2952 decantant,
896 2901 1053 2953 super
1075 2897 1273 2940 terram
1308 2903 1435 2958 pax.
1489 2889 1768 2961 Siquidem
1813 2901 1866 2948 et
1913 2893 1968 2948 in
2015 2895 2122 2948 alio

545 2978 666 3031 loco
710 2991 777 3031 ex
823 2993 1058 3048 persona
1100 2979 1273 3049 ipsius
1312 2982 1552 3038 dicitur:
1601 2970 1798 3040 Pacem
1848 3003 2015 3041 meam
2053 2987 2120 3040 do

543 3068 707 3132 vobis,
740 3085 920 3137 pacem
954 3070 1188 3140 relinquo
1218 3070 1380 3127 vobis.
1426 3071 1547 3126 Non
1586 3075 1724 3128 sicut
1767 3078 1993 3130 mundus
2023 3079 2121 3132 iste

2221 591 2600 660 pensationem
2637 591 2778 646 bene
2829 592 3033 663 egerit,
3072 591 3328 646 laudatur
3366 606 3396 643 a
3431 589 3679 643 Domino
3717 604 3731 638 ε
3766 592 3804 643 si

2222 684 2384 746 male,
2413 684 2584 755 culpa:
2615 693 2669 739 et
2696 684 2829 738 vitio
2853 684 3133 755 subiacet;
3161 684 3241 738 sic
3269 692 3323 738 et
3362 684 3619 750 angelus.
3661 681 3806 737 Scri-

2220 785 2371 846 ptum
2409 785 2492 833 est
2532 778 2676 832 enim
2734 777 2787 832 in
2827 778 3152 848 Apocalypsi
3179 775 3444 829 Joannis:
3493 772 3602 829 Sed
3645 774 3804 826 habes

2221 869 2294 921 ibi
2327 869 2540 922 nomina
2572 885 2743 938 pauca
2788 885 2906 938 qua:
2947 868 3245 938 polluerunt
3286 865 3458 930 illud,
3495 864 3580 920 vel
3648 862 3804 916 illud.

2222 961 2287 1016 Et
2316 978 2510 1018 rursus
2543 978 2556 1013 :
2597 960 2772 1016 Habes
2794 962 2868 1015 ibi
2903 961 2995 1031 qui
3043 961 3339 1014 doctrinam
3395 957 3804 1012 Nicolaimruns

2219 1055 2442 1108 doceant
2478 1053 2566 1106 "z
2608 1069 2674 1109 ac
2718 1054 2912 1109 deinde
2941 1053 3108 1108 habes
3153 1053 3243 1106 illa
3297 1050 3378 1105 vel
3435 1050 3529 1104 illa
3574 1055 3802 1117 peccata

2220 1143 2482 1200 facientes
2509 1186 2524 1209 ,
2588 1151 2643 1198 et
2700 1151 3028 1199 accusantur
3078 1142 3298 1212 angeli.
3343 1141 3549 1210 quibus
3577 1137 3805 1193 credit:

2221 1243 2350 1290 sunt
2397 1233 2672 1288 Ecclesiae.
2710 1231 2769 1287 Si
2826 1242 3006 1287 autem
3055 1232 3264 1303 angelis
3319 1229 3634 1286 sollicitudo
3695 1236 3800 1290 est,

2219 1326 2496 1396 quomodo
2522 1324 2779 1381 Ecclesia:
2810 1323 3199 1396 gubernentur,
3223 1323 3352 1394 quid
3377 1335 3608 1377 necesse
3628 1327 3723 1374 est
3737 1319 3801 1370 de

2221 1417 2534 1473 hominibus
2585 1417 2810 1483 dicere,
2843 1425 3108 1487 quantum
3162 1424 3365 1469 metum
3424 1411 3693 1472 habeant,
3746 1423 3812 1460 n.

2219 1509 2436 1580 possint
2461 1525 2586 1566 cum
2609 1510 2816 1582 angelis
2837 1507 3211 1564 laborantibus
3229 1506 3544 1562 laborantes
3563 1502 3803 1558 salutem

2221 1599 2648 1674 consequi?Ego
2670 1611 2804 1672 puto
2826 1599 3059 1656 inveniri
3077 1599 3240 1656 simul
3268 1611 3430 1668 posse
3458 1604 3513 1650 et
3539 1592 3805 1664 angelum

2219 1700 2275 1747 et
2303 1693 2580 1748 hominem
2614 1693 2791 1748 bonos
2827 1690 3083 1747 Ecclesia:
3114 1691 3417 1761 episcopos,
3446 1695 3499 1741 et
3527 1684 3808 1755 quodam-

2222 1788 2386 1843 modo
2419 1788 2582 1844 unius
2602 1787 2783 1857 operis
2803 1801 2924 1841 esse
2942 1784 3254 1855 participes.
3269 1780 3426 1848 Quod
3449 1794 3582 1834 eum
3605 1777 3684 1830 ita
3710 1776 3803 1840 sit,

2220 1891 2472 1950 petamus
2487 1879 2913 1951 omnipotentem
2941 1877 3128 1942 Deum,
3156 1882 3215 1930 ut
3241 1873 3416 1942 angeli
3435 1880 3490 1926 et
3519 1869 3804 1927 homines,

2220 1972 2591 2029 Ecclesiarum
2641 1968 2917 2041 episcopi,
2965 1967 3280 2038 adjumento
3327 1963 3440 2018 sint
3496 1960 3696 2020 nobis,
3752 1965 3806 2011 et

2222 2067 2462 2123 sciamus
2478 2063 2738 2135 quoniam
2771 2063 2988 2131 utrique
3002 2075 3107 2131 pro
3134 2057 3292 2115 nobis
3321 2071 3351 2110 a
3388 2054 3630 2108 Domino
3657 2052 3804 2123 judi-

2220 2168 2434 2217 centur.
2471 2156 2628 2223 Quod
2657 2156 2702 2210 si
2733 2155 2806 2208 illi
2838 2153 3037 2207 fuerint
3052 2150 3302 2220 iudicati,
3331 2158 3386 2203 et
3411 2146 3618 2201 vitium
3643 2157 3805 2214 atque

2221 2256 2507 2321 peccatum
2543 2246 2732 2300 nonin
2760 2259 2952 2299 eorum
2987 2241 3216 2306 incuria,
3243 2239 3335 2294 sed
3371 2238 3424 2292 in
3473 2246 3670 2292 nostra
3714 2250 3804 2289 ne-

2222 2341 2478 2413 gligentia
2534 2338 2700 2394 fuerit
2760 2339 3070 2399 inventum,
3126 2347 3228 2388 nos
3288 2345 3590 2401 arguemur
3643 2337 3805 2398 atque

2222 2434 2537 2504 plectemur.
2590 2429 2702 2485 illis
2747 2429 2891 2483 enim
2931 2427 3186 2482 universa
3219 2422 3570 2486 facientibus,
3607 2431 3664 2476 et
3709 2434 3804 2488 pro

2223 2533 2412 2579 nostra
2447 2523 2622 2579 salute
2668 2519 2998 2584 nitentibus,
3031 2532 3132 2572 nos
3183 2515 3539 2570 nihilominus
3589 2527 3623 2566 a
3677 2527 3803 2581 pce-

2224 2619 2360 2675 catis
2391 2615 2720 2672 vacabimus.
2756 2611 2927 2668 Porro
2961 2609 3270 2679 frequenter
3296 2607 3502 2670 evenit,
3548 2616 3616 2660 ut
3647 2605 3805 2659 nobis

2223 2710 2621 2773 laborantibus,
2648 2707 2723 2762 illi
2753 2719 2915 2762 suum
2943 2701 3180 2757 cilicium
3210 2714 3317 2754 non
3355 2699 3615 2771 expleant
3662 2707 3720 2752 et
3750 2697 3804 2748 in

2224 2805 2399 2875 culpis
2433 2803 2560 2858 sint.
2595 2799 2665 2854 Et
2698 2800 2899 2868 factum
2926 2804 3024 2862 est,
3052 2793 3249 2864 inquit,
3291 2807 3408 2844 cum
3443 2791 3706 2845 abiissent
3737 2793 3802 2842 ab

2224 2899 2300 2953 eis
2348 2895 2521 2966 angeli
2566 2895 2624 2950 in
2673 2892 2850 2954 cazlos,
2889 2900 3126 2959 pastores
3155 2886 3401 2940 dixerunt
3432 2885 3506 2938 ad
3535 2885 3760 2938 invicem
3784 2898 3806 2935 :

2228 2989 2578 3044 Transeamus
2593 3000 2751 3056 usque
2776 2981 3096 3048 Betltlehem,
3113 2989 3163 3035 et
3187 2981 3452 3034 videamus
3466 2979 3565 3031 hoc
3589 2979 3806 3031 verbum

2222 3083 2361 3155 quod
2388 3083 2590 3152 factum
2617 3089 2713 3146 est,
2735 3078 2872 3148 quod
2897 3075 3154 3130 Dominus
3183 3074 3409 3128 ostendit
3429 3072 3612 3128 mea.
3644 3069 3809 3124 Vene-

542 3164 636 3215 dat
661 3177 864 3231 pacem,
898 3178 989 3231 ego
1019 3163 1087 3216 do
1118 3179 1300 3232 pacem
1329 3165 1393 3220 ¹³.
1427 3166 1618 3222 Videat
1651 3184 1780 3240 ergo
1810 3172 1956 3240 quod
1983 3171 2124 3227 infe-
2149 3199 2191 3257 ο
2226 3185 2347 3231 runt
2373 3174 2703 3244 festinantes,
2732 3184 2777 3224 et
2802 3171 3108 3223 invenerunt
3149 3165 3380 3222 Mariam
3421 3173 3478 3219 et
3502 3157 3706 3233 Ioseph
3754 3173 3806 3217 et

542 3255 738 3318 rimus,
775 3269 842 3308 an
877 3255 1051 3322 possit
1084 3257 1294 3312 solvere
1336 3260 1714 3327 quaestionem.
1759 3261 1817 3316 Si
1858 3265 2117 3334 scriptum

543 3359 708 3412 esset,
750 3363 905 3416 super
958 3357 1153 3400 terram
1195 3364 1323 3417 pax,
1354 3358 1407 3403 et
1442 3351 1724 3422 hucusque
1775 3364 1919 3409 esset
1966 3357 2120 3412 finita

543 3439 832 3503 sententia,
869 3448 1013 3494 recte
1041 3443 1270 3508 quaestio
1321 3453 1657 3499 nasceretur.
1701 3443 1857 3501 Nune
1909 3465 2035 3504 vero
2066 3451 2121 3504 in

545 3543 612 3584 eo
643 3529 785 3599 quod
823 3528 1067 3584 additum
1091 3539 1194 3597 est,
1227 3532 1330 3587 hoc
1349 3542 1453 3598 est,
1483 3535 1622 3604 quod
1649 3546 1773 3605 post
1815 3553 2002 3608 pacem
2037 3539 2122 3594 di-

545 3625 709 3691 citur,
731 3626 785 3677 in
811 3624 1108 3678 hominibus
1142 3624 1290 3679 bona:
1307 3624 1596 3682 voluntatis
1615 3627 1752 3700 (35),
1787 3630 1948 3684 solvit
1973 3647 2122 3700 qua:-

545 3718 799 3771 stionem.
835 3715 947 3770 Pax
979 3717 1122 3770 enim
1154 3733 1318 3786 quam
1356 3733 1462 3772 non
1510 3719 1602 3773 dat
1647 3718 1911 3777 Dominus
1957 3739 2122 3793 super

545 3819 764 3872 terram,
795 3822 901 3862 non
937 3814 1019 3862 est
1046 3821 1149 3868 pax
1191 3808 1350 3862 bonae
1391 3808 1710 3865 voluntatis.
1745 3809 1934 3881 Neque
1975 3813 2119 3868 enim

543 3901 619 3954 ait
647 3901 983 3970 simpliciter,
1040 3898 1160 3953 Non
1212 3901 1326 3954 veni
1363 3917 1546 3971 pacem
1596 3903 1832 3968 mittere,
1863 3905 1956 3959 sed
1995 3921 2120 3959 cum

544 3993 937 4062 additamenta,
967 4011 1122 4065 super
1143 4003 1339 4048 terram
1363 4010 1382 4048 :
1409 4010 1587 4064 neque
1617 3997 1929 4050 econtrario
1962 3997 2118 4062 dixit,

547 4083 669 4138 Non
693 4086 805 4139 veni
823 4102 1002 4154 pacem
1030 4087 1236 4139 mittere
1255 4101 1410 4154 super
1437 4095 1632 4138 terram
1649 4085 1948 4142 hominibus
1972 4086 2121 4142 bona:

543 4177 855 4230 voluntatis.
894 4175 1018 4232 Haec
1049 4175 1212 4247 94³1
1247 4177 1414 4230 locuti
1443 4185 1570 4231 sunt
1615 4177 1790 4247 angeli
1827 4178 1894 4232 ad
1938 4189 2121 4248 pasto-

543 4283 652 4333 res,
686 4269 780 4338 qui
820 4283 926 4323 non
960 4268 1137 4323 solum
1171 4283 1238 4323 eo
1286 4277 1529 4338 tempore
1581 4268 1946 4338 loquebantur
1969 4309 1984 4334 ,
2023 4270 2119 4324 sed

545 4376 720 4430 usque
750 4359 911 4414 hodie
947 4360 1051 4415 nisi
1084 4359 1248 4416 locuti
1289 4358 1493 4414 fuerint
1531 4361 1597 4414 ad
1632 4370 1898 4430 pastores,
1935 4371 1990 4415 et
2021 4377 2120 4416 sua

541 4451 624 4506 eis
649 4468 813 4522 ope.a
844 4451 1173 4522 c0pularint,
1205 4451 1406 4506 dicitur
1436 4453 1502 4507 ad
1542 4467 1638 4507 eos
1669 4470 1682 4506 :
1714 4452 1837 4506 Nisi
1866 4453 2117 4506 Dominus

2224 3283 2464 3339 puerum.
2499 3266 2637 3334 Quia
2669 3263 2987 3318 festinantes
3008 3268 3290 3323 venerant,
3319 3266 3376 3314 et
3404 3273 3516 3312 non
3547 3258 3810 3326 pedeten-

2224 3359 2343 3420 tim,
2378 3369 2550 3426 neque
2570 3353 2713 3409 fesso
2733 3351 2925 3423 gradu,
2953 3350 3074 3406 ideo
3107 3349 3432 3404 invenerunt
3460 3344 3673 3415 Ioseph
3695 3345 3808 3400 dis-

2223 3456 2567 3518 pensatorem
2608 3452 2762 3499 ortus
2796 3441 3087 3507 Dominici,
3122 3450 3178 3495 et
3207 3438 3432 3494 Mariam
3454 3453 3584 3507 qua:
3613 3435 3806 3492 Jesum

2224 3537 2363 3592 fudit
2391 3536 2445 3589 in
2487 3542 2702 3604 partum
2723 3573 2740 3600 ,
2777 3539 2832 3586 et
2865 3531 3044 3601 ipsum
3071 3529 3410 3585 Salvatorem
3430 3528 3714 3598 jacentem
3750 3529 3805 3582 in

2221 3629 2503 3700 praesepio.
2552 3625 2690 3680 illud
2730 3633 2868 3690 erat,
2903 3623 2970 3678 de
3009 3639 3119 3693 quo
3158 3622 3421 3694 propheta
3467 3622 3807 3677 vaticinatus

2222 3732 2306 3778 est
2335 3722 2558 3776 dicens:
2595 3718 2846 3790 Cognovit
2875 3719 2964 3772 bos
2995 3732 3344 3786 possessorem
3381 3731 3568 3781 suum,
3604 3725 3654 3767 et
3691 3715 3804 3766 asi-

2223 3832 2320 3870 nus
2349 3830 2575 3885 prtesepe
2614 3811 2814 3866 domini
2853 3810 2960 3864 sui.
2991 3808 3098 3864 Bos
3135 3807 3340 3863 animal
3371 3807 3650 3861 mundum
3697 3816 3802 3870 est,

2223 3907 2412 3960 asinus
2429 3901 2634 3958 animal
2660 3901 3022 3958 immanium.
3041 3898 3308 3969 Cognovit
3336 3898 3531 3952 asinus
3558 3911 3808 3968 praesepe

2212 3984 2438 4052 domini
2488 3991 2594 4047 sui.
2631 3988 2751 4044 Non
2784 3989 3016 4060 populus
3063 3987 3231 4044 Israel
3267 3987 3525 4058 cognovit
3558 4003 3808 4058 praesepe

2209 4087 2420 4145 domini
2478 4084 2602 4151 sui,
2645 4083 2739 4138 sed
2779 4080 3122 4136 immundum
3170 4079 3373 4134 animal
3401 4094 3471 4134 ex
3519 4079 3804 4150 gentibus.

2223 4176 2395 4231 Israel
2419 4192 2537 4230 vero
2564 4189 2768 4228 menon
2790 4173 3050 4243 cognovit,
3080 4183 3127 4225 et
3150 4170 3378 4241 populus
3409 4186 3561 4224 meus
3587 4185 3674 4224 me
3702 4187 3806 4224 non

2221 4267 2482 4322 intellexit
2515 4267 2580 4319 ιθ.
2609 4265 2970 4336 lntelligentes
3005 4265 3107 4321 hoc
3127 4279 3388 4335 przesepe,
3422 4265 3671 4319 nitamur
3708 4280 3805 4320 co-

2221 4375 2485 4434 gnoscere
2514 4357 2831 4426 Dominum,
2855 4366 2909 4413 et
2933 4357 3080 4428 digni
3106 4357 3222 4412 fieri
3243 4356 3471 4412 scientia
3499 4357 3627 4426 ejus
3649 4397 3668 4424 ,
3712 4371 3804 4412 as-

2224 4470 2442 4510 sumere
2469 4468 2689 4524 quoque
2721 4451 3060 4506 nativitatem
3101 4461 3155 4504 et
3183 4449 3649 4504 resurrectionem
3683 4464 3807 4504 car-

541 4545 883 4612 wdiﬁcaverit
905 4546 1141 4608 domum,
1169 4545 1223 4596 in
1251 4559 1443 4597 vanum
1473 4543 1842 4596 laboraverunt
1871 4545 1959 4613 qui
1985 4545 2116 4598 aedi-
2155 4539 2201 4594 D
2225 4550 2310 4604 nis
2337 4548 2478 4618 ejus,
2520 4547 2614 4602 sed
2642 4555 2696 4601 et
2742 4544 2999 4614 inclytum
3043 4558 3108 4597 ac
3150 4540 3450 4597 secundum
3495 4541 3806 4610 majestatis

542 4636 702 4702 (icant
735 4651 870 4688 eam.
917 4633 1042 4688 Nisi
1075 4635 1332 4688 Dominus
1375 4637 1684 4690 custodierit
1723 4638 2018 4702 civitatem,
2061 4638 2114 4689 in

542 4743 734 4780 vanum
777 4726 1040 4780 laborabit
1077 4729 1166 4797 qui
1206 4729 1438 4782 custodit
1485 4745 1601 4782 eam
1644 4725 1710 4783 “.
1751 4727 1808 4781 Si
1857 4730 2114 4784 audacter

542 4819 762 4888 expedit
792 4819 940 4888 loqui
975 4817 1384 4888 Scripturarum
1429 4834 1651 4875 sensum
1701 4820 1979 4888 sequenti,
2021 4834 2116 4888 per

543 4909 787 4981 singulas
816 4907 1092 4964 Ecclesias
1115 4909 1226 4987 (54)
1257 4911 1371 4965 bini
1409 4920 1539 4966 sunt
1567 4910 1826 4980 episcopi,
1857 4912 1999 4966 alius
2029 4911 2114 4964 vi-

541 5006 740 5071 sibilis,
776 5004 916 5060 alius
949 5003 1273 5059 invisibilis:
1311 5004 1401 5059 ille
1430 5004 1572 5059 visui
1600 5003 1802 5067 carnis,
1822 5003 1909 5058 hic
1926 5005 2110 5058 sensui

616 5149 658 5180 “
689 5146 901 5203 Coloss.
936 5161 976 5211 ι,
1027 5145 1117 5200 20.
1152 5195 1157 5200 .
1223 5149 1265 5179 ¹¹
1297 5146 1481 5202 Matth.
1524 5163 1588 5212 χ,
1656 5146 1746 5201 54.

547 5220 590 5252 ⁸⁸
618 5218 721 5274 lsa.
764 5235 804 5274 ι.
842 5219 894 5272 5.
956 5241 958 5244 ν

642 5236 721 5275 sa.
764 5235 804 5286 ι,
842 5235 894 5272 o.
956 5241 958 5244 ν

616 5316 729 5397 (ῤ’ὀ)
761 5310 1149 5397 Genebrardus
1168 5310 1242 5397 ait
1272 5307 1943 5397 aLegit‘ergoiOIrigenes
1989 5325 2114 5397 cum

544 5379 773 5454 Latinis,
804 5385 951 5438 bona:
974 5383 1276 5445 voluntatis,
1299 5381 1422 5435 'non
1450 5389 1507 5434 ut
1529 5380 1758 5435 Graeculi
1780 5379 1803 5447 ,ί
1831 5379 1966 5434 bona
2011 5396 2102 5434 vo-

542 5457 743 5510 lunias.

617 5526 728 5595 (54)
761 5523 961 5578 Demus
989 5521 1295 5595 Adamantii
1325 5520 1564 5592 ingenio,
1593 5519 1746 5591 quod
1791 5520 1862 5576 ita
1905 5521 2114 5588 Apoca-

544 5593 717 5666 lypsis
745 5609 865 5715 cap.
920 5609 974 5646 χι
1024 5594 1200 5647 locum
1253 5593 1677 5661 interpretetur,
1728 5601 1783 5645 et
1833 5596 2109 5662 geminum

547 5664 774 5715 singulis
831 5661 1063 5715 ‘eclesiis
1086 5664 1398 5715 episcopum
1420 5662 1661 5715 deputet.
1685 5661 1913 5715 alterum
1948 5675 2108 5715 asne-

547 5661 774 5732 singulis
806 5661 1063 5719 Ecclesiis
1086 5664 1398 5731 episcopum
1420 5662 1661 5731 deputet,
1685 5661 1913 5716 alterum
1948 5675 2108 5729 aspe-

546 5733 821 5796 ctabiletn.
850 5733 1076 5786 alterum
1112 5737 1214 5786 sub
1243 5732 1429 5786 oculos
1451 5733 1765 5801 neutiquam
1800 5732 2103 5792 cadentem,

546 5804 690 5877 quod
716 5803 945 5858 inferius
980 5803 1170 5858 homil.
1202 5803 1275 5858 2'5
1297 5805 1520 5873 replicat
1554 5812 1648 5858 :at
1692 5802 1823 5857 illud
1856 5801 1946 5867 pio
1989 5801 2106 5855 uni-

1855 5146 1898 5178 “
1944 5145 2103 5203 Joan.
2138 5145 2361 5214 x1v,27.
2438 5141 2509 5213 ,υ
2537 5137 2680 5194 Psal.
2722 5149 2925 5200 cxxvn,
2969 5133 3020 5186 l.

2222 4643 2342 4712 ejus
2375 4643 2690 4704 adventum,
2727 4636 2815 4691 cui
2841 4645 2926 4690 est
2955 4635 3127 4706 gloria
3164 4644 3218 4689 et
3251 4633 3540 4704 imperium
3601 4634 3658 4687 in
3705 4650 3808 4688 sa:-

2222 4735 2346 4791 cula
2379 4732 2725 4789 saeculorum.
2764 4728 2956 4782 Amen.

3130 5132 3172 5163 ¹⁸
3200 5133 3368 5199 Apoc.
3399 5143 3483 5194 ιιι,
3506 5127 3570 5194 εις
3609 5144 3672 5193 u,
3717 5131 3794 5185 15.

2220 5308 2418 5378 cuique
2447 5303 2842 5378 repudiandum
2873 5301 3098 5378 omnino
3143 5305 3415 5378 est‘atque
3443 5310 3473 5378 a
3505 5295 3612 5350 fide
3641 5295 3801 5375 abso-

2221 5368 2371 5442 num,
2402 5368 2547 5447 quod
2577 5376 2741 5446 paulo
2788 5382 2911 5447 post
2940 5372 3124 5447 subdit
3151 5412 3184 5447 ,.
3215 5368 3532 5447 frequenter
3575 5368 3798 5421 evenire

2218 5439 2392 5503 bonos
2413 5439 2668 5503 custodes
2697 5439 2940 5514 angelos,
2976 5442 3136 5518 nobis
3162 5439 3588 5518 laborantibus,
3633 5452 3795 5491 suum

2217 5518 2461 5574 ofticium
2497 5533 2604 5571 non
2629 5505 2865 5586 explere,
2899 5513 3052 5586 et‘in
3089 5511 3433 5586 cu_lpa_esse.
3488 5505 3627 5586 _Vide
3673 5520 3793 5586 qua:

2217 5600 2408 5643 contra
2439 5577 2737 5642 solemnem
2775 5577 2915 5657 hanc
2944 5577 3226 5657 Grigetiis__
3246 5577 3668 5657 deAangelorum
3711 5579 3790 5657 la-

2216 5661 2406 5729 psibus
2429 5659 2742 5730 opinionem
2776 5654 2918 5710 infra
2959 5654 3027 5709 ad
3045 5648 3252 5708 homil.
3299 5649 3372 5704 23
3399 5648 3792 5704 animadverti-

2215 5745 2357 5785 inus.
