4002 6586
309 485 446 543 1857

1503 491 1574 548 IN
1607 492 1848 551 LUCAM
1885 493 2172 552 HOMILIA
2214 496 2331 555 XV.

3430 512 3571 568 {838

305 603 674 660 venerandum
706 612 831 660 ante
866 602 1202 660 nativitatem
1236 604 1440 663 Christi
1472 609 1750 665 masculus
1772 626 1887 666 om-
1913 616 1961 673 Α
1988 626 2108 679 nes,
2136 613 2228 668 ille
2252 613 2345 684 qui
2380 626 2476 683 pro
2501 620 2614 671 toto
2645 615 2852 676 mundo
2884 619 3230 689 nascebatur,
3257 632 3311 680 et
3337 627 3447 695 pati
3473 628 3569 683 ba-

305 697 437 751 nino
470 711 579 750 non
627 696 821 767 tetigit.
858 696 1049 751 Audeo
1090 700 1221 770 quid
1247 699 1419 769 loqui,
1451 701 1582 771 quia
1632 711 1688 757 et
1735 701 1789 757 in
1822 716 1889 758 eo

312 788 460 859 quod
495 788 758 858 scriptum
789 795 910 843 est:
953 788 1187 859 Spiritus
1229 789 1323 844 Dei
1363 791 1528 845 veniet
1558 808 1716 862 super
1742 802 1810 859 te,
1839 802 1889 848 et

306 881 470 936 uirtus
501 879 766 934 Altissimi
794 879 1128 935 obumbrabit
1163 889 1212 935 te
1244 881 1310 947 ⁸⁸,
1339 881 1671 953 principium
1719 885 1889 940 semi-

306 969 392 1025 nis
422 978 478 1025 et
521 978 817 1040 conceptus
861 967 1047 1036 fuerit,
1090 978 1143 1027 et
1174 970 1294 1027 sine
1329 974 1506 1030 vulva:
1553 976 1891 1033 reseratione

305 1076 485 1116 novus
528 1060 585 1115 in
625 1069 780 1117 utero
811 1061 954 1119 fetus
985 1062 1304 1120 adoleverit.
1355 1064 1511 1122 Unde
1540 1075 1594 1123 et
1640 1067 1890 1125 Salvator

304 1149 584 1222 loquitur:
623 1151 736 1224 Ego
770 1170 887 1208 sum
911 1154 1099 1210 semis
1122 1164 1297 1212 etnon
1330 1159 1505 1225 Immo,
1548 1161 1888 1232 opprobrium

304 1243 598 1308 hominum,
642 1254 692 1299 et
734 1244 956 1315 abjectio
1001 1248 1171 1318 plebis
1214 1251 1279 1306 ”.
1324 1248 1559 1307 Videbat
1608 1253 1663 1308 in
1698 1255 1889 1311 matris

306 1344 462 1391 utero
487 1337 887 1393 immunditiam
923 1355 1236 1412 corporum,
1270 1344 1575 1402 visceribus
1605 1346 1726 1417 ejus
1759 1348 1887 1404 hinc

304 1430 431 1485 inde
463 1431 718 1501 vallatus,
761 1441 991 1491 terrenae
1037 1434 1185 1493 faecis
1228 1438 1539 1507 patiebatur
1581 1446 1884 1512 angustias,

305 1522 450 1576 unde
476 1523 743 1578 assimilat
785 1540 845 1580 se
871 1525 1067 1590 vermi,
1107 1536 1161 1582 et
1187 1526 1352 1583 dicit:
1391 1528 1503 1599 Ego
1531 1546 1648 1583 sum
1673 1534 1884 1597 vermis,

303 1620 353 1666 et
380 1628 480 1666 non
510 1614 685 1669 homo.
714 1613 795 1669 Ex
826 1632 976 1672 mare
998 1619 1199 1690 quippe
1223 1634 1288 1675 ac
1313 1619 1513 1675 femina
1539 1621 1704 1679 homo
1735 1624 1886 1681 nasci

304 1705 465 1768 solet,
495 1720 596 1775 ego
625 1721 756 1761 veto
787 1723 893 1763 non
924 1724 988 1765 ex
1013 1711 1260 1767 masculo
1284 1721 1340 1768 et
1360 1710 1562 1768 femina
1584 1718 1883 1773 secundum

304 1798 468 1852 ritum
518 1798 815 1858 humanum
848 1812 1012 1871 atque
1047 1812 1326 1872 naturam,
1358 1805 1453 1861 sed
1488 1804 1542 1859 in
1574 1804 1882 1879 ex'emplum

303 1891 507 1946 vermis
556 1900 717 1948 natus
762 1897 1102 1973 sum,_cujus
1130 1913 1240 1953 non
1284 1910 1369 1955 est
1416 1901 1636 1956 aliunde
1674 1918 1879 1969 semen,

304 1985 399 2039 sed
443 1984 498 2039 in
540 1978 694 2054 ipsis,
729 1995 781 2042 et
826 2003 891 2043 ex
921 1989 1089 2063 949
1130 1992 1262 2062 ipsis
1309 1993 1361 2047 in
1389 1995 1592 2064 quibus
1624 1997 1884 2053 coalescit

301 2075 624 2144 corporibus
644 2076 808 2149 ‘origo
828 2086 933 2133 est.
968 2078 1195 2151 Propter
1222 2083 1368 2153 quod
1393 2086 1522 2155 quia
1552 2099 1716 2141 omne
1739 2102 1883 2142 mas-

301 2167 545 2229 culinum
578 2168 724 2236 quod
751 2171 925 2239 aperit
958 2171 1200 2235 vulvam,
1235 2184 1488 2230 sanctum
1528 2175 1758 2233 Domino
1788 2194 1883 2234 vo-

300 2258 537 2325 cabitur,
565 2260 763 2316 ductus
792 2270 877 2319 est
924 2262 981 2319 in
1029 2263 1447 2338 Jerosolymam,
1489 2278 1550 2325 ut
1598 2280 1883 2342 appareret

300 2361 428 2408 ante
467 2362 820 2425 conspectum
851 2355 965 2425 Dei,
1001 2367 1055 2415 et
1095 2370 1319 2430 propter
1350 2362 1481 2418 illud
1519 2365 1663 2433 quod
1700 2365 1883 2435 sequi-

302 2453 391 2500 tur
420 2464 434 2500 :
469 2444 540 2501 Ut
578 2448 797 2504 daretur
839 2467 1029 2507 munus
1052 2469 1147 2523 pro
1172 2470 1231 2507 eo
1265 2455 1404 2524 quod
1431 2456 1484 2508 in
1511 2455 1621 2526 lege
1671 2456 1881 2511 Domini

300 2537 559 2608 scriptum
585 2549 662 2595 est
690 2557 709 2596 :
743 2541 853 2597 Par
879 2554 1145 2600 turturum
1183 2556 1276 2601 aut
1312 2547 1445 2601 duos
1481 2548 1653 2615 pullos
1681 2548 1884 2604 colum-

301 2628 512 2687 barum.
537 2633 836 2691 Turturum
860 2653 980 2708 par,
1016 2647 1069 2693 et
1100 2638 1239 2693 duos
1270 2639 1450 2709 pullos
1477 2641 1877 2708 columbarum,

300 2738 401 2793 pro
446 2723 726 2783 Salvatore
773 2728 1022 2784 videmus
1054 2729 1291 2785 oblatos.
1326 2729 1438 2800 Ego
1480 2739 1536 2787 et
1569 2746 1698 2789 aves
1747 2733 1881 2790 istas

298 2813 489 2871 beatas
520 2824 652 2887 puto
678 2833 803 2888 quae
834 2834 932 2888 pro
977 2828 1098 2874 ortu
1148 2818 1361 2875 Domini
1405 2821 1600 2877 oblatae
1647 2831 1803 2889 sunt;
1828 2834 1883 2880 et

299 2910 580 2978 quomodo
610 2910 820 2966 asinam
868 2910 1085 2966 Balaam
1118 2911 1310 2977 miror,
1337 2920 1393 2967 et
1434 2912 1690 2971 felicitate
1717 2931 1881 2971 accu-

299 3001 472 3068 mulo,
511 3004 639 3073 quia
667 3003 829 3074 digna
866 3002 1025 3059 fuerit
1052 3021 1159 3060 non
1196 3005 1376 3059 solum
1404 3006 1590 3062 videre
1622 3008 1878 3078 angelum

298 3093 416 3160 Dei,
451 3097 543 3151 sed
572 3096 737 3151 etiam
762 3112 857 3151 ore
882 3106 1123 3153 reserato
1145 3097 1198 3153 in
1232 3097 1534 3153 humanum
1570 3114 1876 3155 sermonem

297 3202 584 3258 erumpere
609 3205 624 3243 :
647 3188 730 3244 sic
752 3188 923 3244 multo
952 3188 1187 3257 amplius
1215 3188 1316 3245 has
1341 3189 1592 3245 volucres
1621 3188 1877 3259 praedico,

297 3294 503 3352 easque
528 3280 780 3347 sustollo,
809 3282 955 3351 quod
982 3292 1080 3351 pro
1112 3280 1342 3337 Domino
1373 3291 1566 3338 nostro
1606 3289 1663 3337 et
1689 3281 1880 3338 Salva-

300 3380 421 3428 tore
441 3372 635 3429 oblata:
661 3381 809 3430 sunt.
854 3372 922 3428 Ut
953 3374 1202 3444 oﬂ'errent
1237 3391 1333 3445 pro
1361 3391 1423 3430 eo
1450 3390 1550 3446 par
1588 3383 1876 3441 turturum,

297 3476 395 3519 aut
440 3466 574 3519 duos
605 3465 779 3529 pullos
818 3465 1203 3521 columbarum.
1237 3466 1451 3524 Novum
1483 3466 1615 3539 quid
1648 3465 1878 3524 forsitan

295 3558 486 3613 videar
515 3557 738 3623 inferre,
784 3559 877 3614 sed
908 3574 1007 3629 pro
1056 3559 1341 3630 majestate
1390 3575 1583 3631 parum
1632 3559 1876 3631 dignum.

299 3647 455 3705 Sicut
479 3664 619 3706 nova
645 3649 749 3705 fuit
784 3651 1061 3722 generatio
1091 3650 1417 3718 Salvator-is,
1454 3667 1562 3707 non
1595 3667 1662 3708 ex
1687 3652 1807 3708 viro
1825 3662 1882 3708 et

296 3742 547 3810 muliere,
596 3742 689 3798 sed
735 3758 803 3798 ex
838 3743 951 3798 sola
1000 3753 1209 3798 tantum
1252 3742 1514 3815 Virgine:
1555 3744 1637 3800 sic
1677 3753 1732 3799 et
1780 3759 1880 3815 par

296 3844 573 3891 turturum
603 3843 657 3889 et
686 3834 797 3889 duo
826 3835 957 3904 pulli
997 3834 1375 3890 columbarum
1412 3850 1522 3891 non
1547 3833 1769 3890 fuerunt
1797 3842 1881 3890 ta-

295 3928 378 3984 les
409 3929 601 3999 quales
626 3928 802 3983 oculis
831 3929 1016 3984 carnis
1044 3928 1374 3999 aspicimus;
1408 3928 1504 3985 sed
1535 3928 1723 3999 quales
1754 3927 1878 3999 Spi-

294 4023 441 4078 ritus
477 4030 700 4077 sanctus
731 4028 839 4085 est,
871 4022 962 4091 qui
991 4022 1045 4076 in
1083 4023 1263 4091 specie
1295 4022 1561 4078 columbae
1602 4022 1879 4079 descendit

296 4122 353 4170 et
379 4113 531 4169 venit
572 4127 737 4183 super
767 4110 1132 4177 Salvatorem,
1164 4109 1384 4182 quando
1418 4112 1472 4166 in
1503 4110 1740 4167 Jordane
1782 4112 1880 4166 ba-

296 4207 534 4278 ptizatus
554 4207 746 4261 est”'.
768 4207 900 4262 Tale
926 4204 1028 4261 fuit
1050 4213 1104 4260 et
1119 4220 1216 4276 par
1235 4213 1508 4260 turturum
1533 4219 1548 4256 :
1582 4219 1690 4270 non
1720 4212 1877 4259 erant

294 4299 404 4355 illa;
437 4299 687 4354 volucres
718 4298 831 4370 (4i)
862 4306 922 4353 ut
959 4298 1077 4352 ista:
1119 4312 1240 4367 qua:
1282 4312 1377 4367 per
1416 4309 1597 4350 aerem
1626 4294 1876 4355 volitant,

294 4392 391 4449 sed
436 4391 681 4448 divinum
728 4390 990 4461 quiddam
1037 4399 1094 4444 et
1140 4390 1380 4444 humana
1424 4387 1879 4458 contemplatione

294 4483 605 4554 augustius,
652 4483 756 4539 sub
786 4482 969 4552 specie
997 4480 1264 4537 columhze
1295 4490 1352 4535 ct
1385 4477 1617 4534 turturis
1647 4492 1877 4548 appare-

294 4575 410 4641 bat,
448 4584 644 4630 utnon
680 4574 881 4630 talibus
910 4574 1146 4629 victimis
1186 4572 1442 4644 qualibus
1472 4586 1665 4627 omnes
1700 4571 1879 4626 horni-

366 4735 414 4769 ¹⁸
448 4732 581 4790 Luc.
622 4749 661 4800 t,
692 4733 787 4789 55.
863 4734 909 4767 ³⁸
946 4732 1094 4790 Psal.
1145 4749 1260 4801 XII,
1303 4731 1357 4787 6.
1436 4734 1504 4766 ²⁹⁶
1543 4732 1734 4788 Matth.
1775 4750 1861 4788 ιιι.

1990 704 2171 770 bebat,
2195 719 2381 762 coram
2413 705 2642 765 Domino
2670 710 3047 779 mundaretur,
3078 715 3173 771 sed
3203 726 3259 772 ut
3284 716 3569 789 dispensa-

1990 793 2067 850 tio
2098 793 2219 865 ejus
2261 810 2400 851 nova
2426 797 2631 861 omnia,
2655 796 2730 853 ita
2763 814 2933 858 novas
2961 818 3180 874 quoque
3213 805 3439 862 haberet
3469 808 3570 862 ho-

1990 885 2146 954 stias,
2203 888 2502 943 secundum
2548 889 2884 948 voluntatem
2933 895 3320 965 omnipotentis
3370 896 3464 954 Dei
3513 900 3568 954 in

1987 976 2209 1034 Christo
2237 977 2389 1047 Jcsu,
2418 981 2506 1037 cui
2550 990 2634 1038 est
2658 983 2831 1055 gloria
2861 994 2916 1040 et
2954 985 3241 1055 imperium
3278 988 3331 1043 in
3365 991 3567 1046 smcula

1989 1070 2333 1127 saeculorum.
2366 1073 2562 1129 Amen.

2568 1184 2848 1241 llOMlLIA
2886 1186 3003 1243 XV.

1991 1298 2067 1355 De
2121 1298 2382 1367 Simeone,
2431 1302 2573 1372 quod
2624 1301 2677 1355 in
2709 1303 2902 1368 spiritu
2935 1284 3005 1357 ad
3058 1303 3309 1373 templum
3350 1305 3570 1372 uenerit,

2058 1388 2220 1442 usque
2250 1374 2319 1425 ad
2351 1388 2468 1426 eum
2492 1372 2685 1437 locum,
2710 1373 2801 1426 ubi
2831 1375 2948 1429 ait:
2980 1392 2998 1425 t
3033 1373 3191 1428 Nunc
3219 1376 3445 1430 dimittis
3467 1393 3567 1431 sero

2057 1458 2177 1496 vum
2207 1454 2376 1508 tuum,
2410 1443 2652 1507 Domine,
2677 1446 2731 1497 in
2757 1459 2904 1513 pace.
2942 1464 2963 1497 s
2994 1444 3127 1515 Cap.
3163 1460 3224 1499 ll.

2055 1536 2225 1605 Digna
2253 1533 2346 1590 Dei
2375 1550 2600 1590 munere
2627 1536 2918 1605 quaerenda
2946 1545 3030 1591 est
3059 1537 3219 1593 ratio.
3247 1536 3460 1592 Simeon
3487 1539 3571 1593 vir

1985 1636 2203 1679 sanctus
2234 1634 2287 1680 et
2330 1624 2554 1678 Domino
2580 1626 2813 1695 placens,
2849 1627 2991 1683 sicut
3023 1627 3076 1681 in
3114 1627 3407 1699 Evangelio
3435 1630 3556 1684 scri-

1987 1726 2139 1787 ptum
2173 1724 2278 1783 est,
2313 1727 2625 1786 exspectans
2665 1718 3077 1773 consolationem
3109 1718 3303 1787 Israel,
3349 1738 3569 1791 respon-

1985 1823 2099 1860 sum
2133 1820 2404 1878 acceperat
2431 1824 2463 1862 a
2493 1806 2699 1878 Spiritu
2725 1819 2931 1875 sancto,
2962 1826 3066 1865 non
3090 1826 3146 1865 se
3172 1812 3321 1880 prius
3347 1822 3567 1867 mortem

1987 1898 2252 1953 obiturum
2283 1916 2442 1971 quam
2491 1901 2691 1955 uideret
2733 1898 3003 1957 Christum
3046 1901 3283 1959 Domini.
3334 1902 3475 1970 Quid
3516 1902 3567 1958 ei

1985 1991 2207 2061 profuit,
2239 2000 2299 2047 ut
2324 1992 2526 2047 videret
2550 1990 3091 2049 Christuni‘lrUtrum
3130 1993 3236 2050 hoc
3270 2003 3479 2049 tantum
3512 1996 3566 2049 in

1987 2084 2351 2154 promissione
2398 2083 2606 2149 habuit,
2644 2095 2704 2139 ut
2746 2085 2953 2141 videret
2999 2085 3174 2151 illum,
3222 2087 3469 2157 nihilque
3498 2104 3566 2144 ex

1984 2177 2103 2233 visu
2137 2176 2257 2247 ejus
2286 2188 2710 2248 consequeretur
2733 2177 3030 2235 utilitatis?
3060 2194 3128 2233 an
3173 2179 3306 2235 latet
3343 2180 3567 2250 aliquod

1983 2269 2186 2325 donum
2217 2270 2438 2341 dignum
2481 2269 2597 2337 Dei,
2627 2270 2772 2342 quod
2799 2271 2991 2327 beatus
3025 2269 3245 2328 Simeon
3273 2280 3328 2327 et
3371 2272 3569 2329 meruit

1983 2374 2038 2418 et
2067 2362 2314 2432 accepit?
2340 2360 2636 2418 Fimbriam
2666 2363 2976 2418 vestimenti
3009 2361 3138 2418 lesu
3176 2364 3372 2420 mulier
3395 2365 3569 2434 tetigit

1982 2462 2037 2509 et
2062 2463 2251 2511 sanata
2282 2464 2366 2510 est
2396 2455 2462 2508 '°.
2503 2452 2560 2509 Si
2592 2456 2681 2509 illa
2724 2454 2789 2510 ad
2816 2464 3115 2510 extremam
3160 2462 3368 2525 partem
3397 2456 3568 2512 vesti-

1984 2548 2151 2602 menti
2199 2556 2406 2602 tantum
2441 2547 2795 2602 emolumenti
2844 2546 3056 2611 habuit,
3101 2548 3230 2619 quid
3265 2549 3566 2619 putandum

1982 2648 2066 2696 est
2085 2639 2152 2694 de
2180 2638 2453 2708 Simeone,
2485 2640 2581 2712 qui
2614 2640 2669 2694 in
2695 2655 2827 2695 suas
2856 2639 3016 2695 ulnas
3040 2642 3251 2710 accepit
3280 2640 3564 2706 infantem,

1980 2743 2038 2787 et
2062 2730 2302 2787 brachiis
2333 2740 2524 2787 tenens
2557 2731 2842 2786 laetabatur
2873 2738 3037 2800 atque
3069 2730 3340 2801 gaudebat
3371 2730 3562 2786 videns

1982 2825 2274 2895 parvulum
2309 2839 2340 2878 a
2380 2839 2440 2879 se
2478 2823 2703 2894 gestari,
2738 2822 2833 2895 qui
2869 2823 2936 2878 ad
2966 2824 3179 2879 vinctos
3207 2833 3431 2879 venerat
3477 2839 3568 2879 re-

1982 2915 2294 2980 solvendos,
2326 2930 2493 2984 seque
2517 2915 2695 2985 ipsum
2728 2916 2884 2971 nodis
2910 2915 3160 2986 corporis
3190 2914 3565 2970 liberandum:

1983 3012 2164 3066 sciens
2190 3009 2461 3063 neminem
2495 3022 2657 3077 posse
2688 3008 2757 3064 de
2803 3008 3048 3064 claustro
3081 3008 3330 3078 corporis
3369 3023 3566 3078 quem-

1981 3100 2126 3170 piam
2159 3099 2408 3156 emittere
2430 3113 2554 3153 cum
2589 3112 2686 3168 spe
2714 3097 2916 3155 futuras
2942 3100 3086 3164 vitae,
3112 3099 3219 3154 nisi
3248 3114 3373 3154 eum
3399 3114 3566 3169 quem

1983 3194 2041 3249 in
2093 3192 2335 3248 brachiis
2382 3190 2716 3247 continebat.
2765 3189 2921 3246 Unde
2971 3190 3039 3245 ad
3094 3206 3219 3247 eum
3274 3191 3561 3261 loquitur:

1986 3285 2144 3341 Nunc
2167 3284 2416 3350 dimittis,
2443 3284 2684 3350 Domine,
2709 3300 2914 3338 servum
2940 3293 3088 3338 tuum
3115 3284 3173 3338 in
3193 3299 3341 3353 pace.
3383 3282 3567 3351 Quan-

1980 3378 2074 3434 diu
2117 3377 2264 3432 enim
2309 3376 2593 3431 Christum
2639 3390 2746 3430 non
2793 3375 3067 3441 tenebam,
3117 3375 3364 3445 quandiu
3410 3375 3563 3431 illum

1981 3469 2119 3525 meis
2145 3467 2386 3524 brachiis
2430 3482 2538 3521 non
2580 3464 2879 3532 arctabam,
2926 3465 3149 3523 clausus
3193 3480 3368 3532 eram,
3396 3474 3451 3522 et
3495 3465 3565 3522 de

1980 3562 2216 3618 vinculis
2245 3560 2395 3617 exire
2430 3575 2536 3616 non
2575 3570 2841 3632 poteram.
2872 3557 2986 3616 Hoc
3022 3560 3205 3615 autem
3248 3574 3357 3615 non
3384 3559 3565 3617 solum

1980 3653 2049 3708 de
2074 3651 2349 3718 Simeone,
2381 3651 2478 3707 sed
2506 3651 2574 3706 de
2600 3651 2751 3706 omni
2785 3650 3029 3705 humano
3061 3664 3256 3720 genere
3282 3649 3565 3706 sciendum

1980 3755 2084 3803 est.
2122 3744 2180 3800 Si
2216 3744 2341 3815 quis
2373 3744 2653 3814 egreditur
2676 3757 2710 3798 e
2754 3743 2982 3805 mundo,
3026 3741 3073 3798 si
3107 3740 3232 3810 quis
3279 3755 3311 3796 e
3342 3755 3564 3797 carcere

1981 3838 2288 3893 vinctorum
2321 3836 2485 3891 domo
2532 3833 2844 3897 dimittitur,
2876 3842 2934 3888 ut
2972 3832 3040 3887 ad
3085 3829 3422 3902 regnandum
3466 3846 3563 3887 va-

1980 3932 2093 3996 dat,
2140 3937 2322 3986 sumat
2347 3925 2534 3983 Jesum
2588 3930 2640 3981 in
2690 3926 2943 3981 manibus
2986 3924 3124 3992 suis,
3171 3932 3226 3979 ct
3258 3924 3563 3980 circumdet

1979 4040 2104 4080 eum
2138 4022 2377 4078 brachiis
2417 4021 2557 4086 suis,
2605 4027 2777 4075 totum
2818 4018 3016 4073 habeat
3063 4017 3116 4071 in
3164 4016 3313 4082 sinu,
3342 4025 3397 4071 et
3424 4025 3561 4073 tunc

1980 4116 2262 4172 exsultans
2313 4114 2394 4168 ire
2446 4112 2663 4182 poterit,
2706 4124 2818 4181 quo
2857 4109 3149 4164 desiderat.
3203 4105 3564 4164 Considerate

1981 4214 2184 4276 quanta
2221 4201 2556 4273 dispensatio
2591 4197 2952 4270 praecesserit,
2986 4203 3045 4250 ut
3087 4193 3284 4249 Filium
3341 4192 3434 4247 Dei
3479 4190 3564 4249 Si-

1979 4310 2140 4350 meon
2176 4301 2475 4348 mereretur
2508 4300 2710 4347 tenere.
2741 4287 2983 4342 Primum
3010 4300 3331 4357 responsqu
3362 4300 3392 4339 a
3419 4299 3551 4340 san-

1978 4396 2068 4444 cto
2116 4384 2322 4456 Spiritu
2373 4390 2674 4455 acceperat,
2727 4396 2840 4436 non
2885 4396 3010 4436 eum
3061 4380 3244 4435 videre
3296 4388 3549 4446 mortem,

1979 4478 2085 4535 nisi
2136 4480 2287 4549 prius
2328 4478 2555 4533 vidisset
2592 4476 2871 4531 Christum
2919 4471 3157 4526 Domini.
3200 4469 3404 4527 Deinde
3441 4486 3551 4526 non

1982 4570 2205 4627 fortuitu
2236 4585 2300 4627 ac
2343 4566 2664 4639 siihpliciter
2703 4567 2984 4636 ingressus
3015 4572 3100 4619 est
3142 4562 3426 4635 templum,
3462 4562 3556 4618 sed

1940 4734 1987 4766 ”
2028 4730 2216 4787 Matth.
2245 4745 2323 4795 ιι,
2349 4727 2443 4793 9.0,
2473 4725 2565 4781 22.

297 4893 455 4932 carne
499 4874 720 4936 Christi,
754 4889 873 4944 cap.
917 4872 1007 4929 95.
1055 4879 1218 4941 atque
1263 4885 1477 4944 eorum.
1508 4885 1648 4944 quos
1697 4869 1872 4944 gene-
1904 4876 1950 4935 ο
1976 4882 2150 4944 eoque
2177 4866 2476 4944 Ezechielis
2499 4865 2727 4944 oraculo
2758 4871 3177 4944 corrouoratum
3206 4880 3220 4916 :
3255 4860 3424 4944 Porta
3444 4862 3558 4918 htec

295 4947 530 5004 hrardus
556 4957 719 5013 atque
743 4939 969 4999 [laetius
995 4939 1320 5013 praetexunt,
1340 4939 1612 5013 Ambrosii
1638 4939 1866 5013 scilicet,

294 5017 599 5081 Athanasii,
627 5010 830 5078 Basilii,
865 5013 959 5083 qui
986 5010 1053 5067 de
1080 5011 1307 5080 virginei
1337 5010 1557 5083 claustri
1590 5010 1869 5083 apertione

298 5089 352 5143 in
384 5099 537 5158 partu
569 5078 865 5158 disserunt.
886 5078 1074 5158 Probe
1113 5078 1532 5158 autent___lluetio
1556 5081 1865 5158 potandum

296 5149 400 5222 est;
444 5156 700 5211 omnibus
753 5156 821 5210 lis
863 5152 1236 5222 exceptionem
1292 5151 1439 5222 illam
1503 5149 1867 5205 adhibendam

295 5220 438 5292 esse,
469 5242 575 5296 qua
611 5227 677 5280 ad
713 5220 1031 5296 solvendum
1072 5220 1348 5296 Ambrosii
1391 5220 1590 5296 locum,
1624 5235 1758 5296 ustis
1786 5228 1870 5275 est

298 5286 539 5353 Thomas
569 5308 713 5366 p.tu,
744 5311 801 5366 q.
837 5292 927 5356 28,
953 5292 1060 5366 θεᾷ,
1094 5292 1166 5345 ita
1206 5306 1399 5359 nempe
1426 5290 1641 5366 locutos
1677 5286 1868 5345 Patres

298 5370 443 5430 illos,
472 5359 595 5421 cum
624 5359 1118 5432 illud'evangelistze
1140 5370 1517 5432 exponercnt_:
1556 5359 1722 5432 Omne
1751 5376 1866 5412 ma-

296 5428 557 5493 sculinum
589 5434 898 5505 adaperieus
922 5428 1154 5505 pulpam,
1184 5428 1428 5505 sanctum
1463 5428 1686 5505 Domino
1715 5445 1869 5483 voca-

298 5511 481 5563 bitur:
517 5507 661 5577 qnod
687 5499 907 5575 quidem
937 5519 1002 5557 ex
1033 5502 1249 5577 vulgata
1291 5499 1543 5577 loquendi
1578 5510 1869 5577 consuetu:

296 5581 423 5635 dine
449 5569 768 5646 usurpatum
801 5583 905 5646 est,
941 5589 1047 5646 non
1084 5573 1150 5626 ad
1197 5569 1865 5646 signiticandam_virginei

298 5649 460 5718 sigilli
500 5647 550 5718 in
577 5640 862 5718 puerperio
896 5643 1200 5718 laesionem,
1228 5640 1322 5696 sed
1364 5641 1568 5718 exitum
1603 5640 1869 5718 dupt’asat

338 5709 465 5772 rolis
496 5709 771 5772 de'uter'o.
803 5713 1071 5768 Caeterum
1103 5713 1292 5767 eodem
1329 5712 1621 5766 adnotante
1652 5709 1864 5775 lluctio,

338 5737 465 5772 I'OIIS
496 5737 563 5772 (κ
599 5737 771 5771 utero.
803 5737 1071 5768 hwtcruul
1103 5737 1292 5767 cuucm
1329 5737 1621 5766 auuumuu:
1652 5737 1864 5775 nucuu,

299 5737 403 5844 Eoo
440 5797 524 5842 cst
561 5787 782 5857 optimae
806 5783 1178 5857 Pa_trum_tam
1211 5782 1548 5846 Graecorum,
1571 5796 1738 5857 quam
1774 5779 1872 5835 La-

298 5860 536 5914 tinorum
563 5849 752 5927 partis,
785 5865 842 5927 et
859 5853 1117 5927 Ephesini
1149 5862 1404 5922 praeterea
1431 5849 1871 5927 concilii_decre-

301 5939 438 5996 tum,
494 5921 755 5998 perpetuo
803 5921 1060 5982 Ecclesia:
1102 5921 1375 5980 cOnsensu
1433 5921 1867 5992 comprobatum,

1976 4932 2161 4992 clausa
2192 4938 2292 4992 erit
2324 4953 2341 4990 :
2375 4953 2476 4990 non
2514 4937 2797 5005 aperietur,
2826 4943 2877 4986 et
2895 4935 2998 5005 _vir
3038 4950 3142 5005 non
3177 4932 3424 4986 transibit
3465 4947 3561 5001 per

1975 5026 2090 5062 eam
2113 5025 2132 5072 ;
2159 5009 2408 5079 quoniam
2436 5002 2692 5079 Dominus
2714 5002 3058 5079 _Deus_Isr{tel
3078 5003 3344 5079 ingressus
3367 5010 3446 5055 est
3465 5017 3561 5068 per

1976 5070 2124 5143 eam,-
2169 5070 2367 5147 eritque
2415 5074 2892 5147 clausa_pr_incipi,
2925 5070 3198 5147 illibatam
3227 5078 3298 5147 et
3330 5070 3384 5147 in
3428 5086 3556 5147 con-

1977 5139 2134 5217 ceptu
2177 5156 2231 5202 et
2279 5139 2330 5201 in
2375 5155 2552 5217 partu!
2584 5139 2768 5217 Maria:
2804 5139 3191 5217 virginitatem,
3238 5139 3556 5217 Christique

1976 5209 2178 5286 corpus
2207 5209 2399 5286 eodem
2432 5215 2594 5286 modo
2624 5213 2770 5267 foras
2796 5209 3123 5286 prodidisse,
3156 5226 3266 5280 quo
3295 5209 3363 5264 ad
3392 5209 3555 5267 disci-

1977 5282 2135 5356 pulos
2164 5283 2677 5356 obseratis_foribus
2706 5282 3046 5356 penetravit._
3121 5351 3132 5356 _
3269 5349 3282 5356 _
3398 5351 3433 5356 __
3571 5334 3574 5337 .

2049 5357 2162 5428 (il)
2204 5354 2395 5410 Merito
2420 5349 2725 5428 Origenes;
2743 5352 2888 5428 quod
2925 5353 2981 5405 in
3012 5349 3315 5428 Scripturis
3350 5351 3555 5428 edisse-

1976 5421 2181 5489 reiidis,
2209 5421 2561 5496 pessumdatb
2599 5422 2797 5496 saepius
2835 5421 3097 5496 historico
3127 5435 3329 5496 sensu,
3349 5421 3553 5496 allego-

1976 5497 2104 5551 ricis
2146 5491 2580 5565 expositionibus
2622 5491 2699 5548 rei
2753 5491 3038 5565 veritatem
3085 5491 3379 5565 praevertit,
3410 5493 3555 5547 male

1975 5567 2117 5636 apud
2158 5559 2416 5621 Ecclesia:
2458 5564 2650 5636 Patres
2686 5562 2972 5636 contiuuo_
2995 5559 3190 5616 audiit.
3225 5559 3378 5636 Haud
3405 5572 3554 5636 certe

1977 5631 2112 5702 scio,
2145 5653 2252 5707 qua
2297 5636 2472 5707 possit
2498 5635 2614 5690 haec
2639 5631 3390 5707 interpretatioexcusatione
3421 5633 3553 5687 obli-

1978 5699 2108 5770 niri,
2137 5699 2260 5763 c'um
2295 5699 2537 5760 turtures
2564 5717 2663 5774 pro
2691 5699 2910 5758 Christo
2940 5703 3153 5757 oblatos
3173 5699 3343 5775 fuisse
3369 5713 3549 5775 negat,

1976 5778 2232 5843 volucres,
2256 5788 2310 5831 ut
2340 5777 2460 5831 ista
2506 5771 2650 5838 sunt,
2679 5789 2797 5844 qua:
2840 5789 2932 5843 per
2975 5771 3418 5844 aeremrvolitan‘t,
3446 5771 3552 5825 sed

1977 5850 2212 5903 divinum
2254 5847 2508 5918 quiddam
2548 5854 2599 5918 et
2627 5843 2861 5918 humana
2910 5843 3349 5918 contemplatione
3380 5848 3551 5913 aug‘u-

1976 5929 2132 5986 st:us,
2168 5914 2451 5986 sub'specie
2490 5914 2747 5971 columba:
2770 5924 2818 5970 et
2845 5914 3069 5970 turturis
3093 5915 3424 5984 apparuisse.
