4002 6576
456 442 592 497 i839
1942 433 2043 491 0R7

2147 433 2265 493 iNIS
3586 433 3726 490 18-ιᾶ

453 560 599 613 venit
623 558 676 612 in
708 556 969 627 templum
999 556 1050 610 in
1079 555 1285 625 Spiritu
1315 554 1427 608 Dei.
1456 552 1722 623 Quotquot
1746 552 1884 606 enim
1912 549 2027 619 Spi-
2062 553 2107 609 Α
2137 549 2423 620 vigilantes
2451 558 2504 606 et
2557 550 2913 607 observantes
2972 550 3252 607 custodias
3300 544 3484 608 πάντας
3549 569 3722 624 supra

454 652 561 705 ritu
586 650 683 708 Dei
711 661 965 721 aguntur,
1000 650 1053 702 hi
1084 648 1184 716 ﬁlii
1216 656 1337 701 sunt
1366 646 1458 700 Dei
1494 646 1559 701 εί.
1594 645 1832 715 Spiritus
1868 643 2033 714 igitur
2134 657 2352 714 gregem
2381 658 2564 699 suum.
2596 643 2753 700 Venit
2780 644 3006 716 angelus
3049 645 3154 700 sub
3190 646 3305 714 ipsa
3348 645 3489 699 hora
3522 648 3725 700 nativi-

452 753 677 799 sanctus
717 759 842 799 eum
887 742 1048 798 duxit
1095 740 1149 795 in
1190 740 1477 809 templum.
1512 738 1593 793 Tu
1624 752 1845 809 quoque
1872 737 1918 795 si
1950 736 2035 793 vis
2135 737 2265 793 tatis
2293 736 2442 803 Iesu,
2478 746 2533 793 et
2554 738 2630 793 ait
2661 738 2728 793 ad
2762 753 2858 795 eos
2892 756 2906 793 :
2952 737 3225 793 Annuntio
3279 740 3421 793 vobis
3464 740 3727 809 gaudium

452 842 639 890 tenere
662 832 872 899 Iesum,
905 843 960 889 et
984 832 1296 904 amplexare
1316 831 1588 896 manibus,
1612 840 1667 886 et
1693 830 1891 902 dignus
1914 828 2034 885 ﬁeri
2143 847 2414 902 magnum.
2445 829 2550 896 Ite,
2582 842 2631 887 et
2664 832 2934 889 invenietis
2974 832 3234 901 infantem
3260 832 3557 887 involutum
3588 849 3727 901 pano

451 927 602 982 exire
631 926 699 981 de
726 941 968 989 carcere,
1005 925 1155 981 omni
1186 925 1371 980 labore
1393 926 1587 987 nitere,
1620 934 1679 977 ut
1704 922 1899 977 ducem
1935 922 2035 976 ba-
2139 927 2243 993 nis,
2275 937 2323 980 et
2354 926 2585 996 positum
2617 926 2673 980 in
2714 926 2989 996 prauepio.
3036 922 3276 979 Necdum
3304 925 3532 992 angelus
3556 924 3727 978 verba

452 1021 586 1076 beas
635 1020 921 1090 Spiritum,
961 1020 1260 1090 veniasque
1301 1018 1367 1073 ad
1417 1018 1676 1090 templum
1734 1016 1851 1072 Dei.
1900 1014 2038 1071 Ecce

453 1128 601 1167 nunc
629 1122 744 1167 stas
788 1111 842 1166 in
875 1113 1079 1182 templo
1107 1111 1326 1168 Domini
1363 1110 1514 1175 Iesu,
1556 1111 1660 1165 hoc
1691 1118 1794 1173 est,
1836 1108 1902 1178 in.
1937 1105 2039 1162 Ec-

453 1203 619 1259 clesia
648 1204 790 1273 ejus,
824 1204 927 1259 hoc
954 1215 1037 1260 est
1069 1204 1330 1275 templum
1355 1204 1421 1258 de
1456 1203 1599 1258 vivis
1640 1200 1913 1272 lapidibus
1950 1214 2041 1254 ex-

455 1305 741 1355 Structum.
781 1296 904 1354 Stas
944 1308 1125 1353 autem
1168 1299 1222 1352 in
1273 1296 1475 1366 templo
1528 1294 1766 1358 Domini,
1818 1292 2039 1363 quando

451 1390 563 1445 vita
600 1397 710 1455 tua,
744 1398 798 1444 et
827 1390 1173 1443 conversatio
1203 1388 1458 1443 Ecclesiae
1491 1386 1657 1442 fuerit
1678 1384 2040 1457 appellatione

452 1481 794 1554 dignissima.
831 1481 889 1535 Si
916 1481 1129 1537 veneris
1154 1482 1348 1550 spiritu
1383 1481 1447 1535 ad
1483 1482 1765 1550 templum,
1796 1477 2040 1534 invenies

452 1573 738 1640 parvulum
777 1571 988 1640 Iesum,
1034 1574 1237 1628 levabis
1272 1573 1425 1627 illum
1456 1573 1698 1629 brachiis
1732 1573 1842 1628 tuis
1885 1580 1942 1628 et
1965 1571 2043 1627 di-

452 1681 584 1723 ces:
630 1665 789 1720 Nunc
826 1667 1051 1721 dimittis
1079 1683 1285 1721 servum
1327 1676 1498 1733 tuum,
1536 1666 1779 1729 Domine,
1810 1667 1866 1720 in
1894 1681 2040 1736 pace,

454 1760 745 1813 secundum
777 1760 988 1813 verbum
1017 1768 1187 1814 tuum.
1222 1758 1505 1829 Simulque
1532 1760 1749 1815 attende
1772 1759 1917 1830 quod
1954 1774 2044 1814 so-

452 1849 651 1905 lutioni
685 1858 740 1905 et
778 1849 1089 1907 dimissioni
1129 1865 1233 1921 pax
1276 1851 1459 1907 addita
1494 1852 1584 1908 sit.
1618 1850 1736 1907 Non
1765 1852 1910 1907 enim
1945 1852 2040 1917 ait,

454 1942 838 2011 Dimitti-voln,
868 1942 963 2000 sed
987 1959 1115 1999 cum
1147 1937 1541 2012 additamento,
1570 1944 1624 1998 in
1654 1959 1789 2015 pace
1816 1944 2037 1999 dimitti.

454 2032 591 2092 Nam
628 2044 683 2091 et
726 2037 884 2091 beato
915 2036 1150 2091 Abrahae
1195 2035 1300 2091 hoc
1347 2035 1490 2090 idem
1544 2036 1878 2106 promissum
1911 2045 1995 2091 est
2027 2052 2038 2087 :

459 2129 539 2186 Tu
568 2139 745 2185 autem
775 2130 931 2185 vades
977 2130 1047 2183 ad
1076 2140 1254 2197 patres
1295 2138 1412 2183 tuos
1450 2129 1505 2181 in
1532 2144 1680 2198 pace,
1722 2128 1957 2182 nutritus
1988 2128 2044 2181 in

455 2233 664 2280 senecta
693 2221 1027 2290 bonarQuis
1069 2231 1154 2279 est
1195 2220 1288 2292 qui
1331 2219 1602 2275 moriatur
1632 2220 1685 2274 in
1730 2235 1884 2289 pace,
1937 2220 2043 2275 nisi

455 2318 550 2388 qui
582 2316 745 2373 habet
771 2330 956 2387 pacem
987 2314 1104 2381 Dei,
1136 2330 1259 2385 quin
1289 2327 1509 2370 omnem
1544 2326 1767 2368 sensum
1799 2319 2041 2382 superat,

457 2407 827 2478 custoditque,
851 2422 948 2463 cor
988 2405 1325 2477 possessoris
1364 2404 1488 2460 sui?
1528 2404 1663 2472 Quis
1709 2412 1794 2458 est
1840 2403 1936 2474 qui
1979 2403 2045 2459 de

454 2500 658 2557 szeculo
708 2502 814 2557 isto
851 2500 1055 2554 recedit
1099 2499 1153 2552 in
1206 2512 1361 2567 pace,
1409 2497 1516 2552 nisi
1564 2497 1611 2552 is
1648 2497 1741 2566 qui
1790 2494 2045 2566 intelligit

456 2590 604 2661 quod
657 2589 802 2646 Deus
847 2601 960 2645 erat
998 2589 1053 2643 in
1090 2589 1315 2644 Christo
1362 2588 1626 2643 mundum
1681 2586 2045 2643 reconcilians

456 2683 586 2748 sibi.
626 2682 868 2753 nihilque
897 2682 1179 2736 inimicum
1208 2681 1373 2736 habet
1401 2679 1776 2736 adversarium
1810 2679 1927 2746 Dei,
1950 2678 2044 2735 sed

457 2789 678 2833 omnem
713 2789 901 2845 pacem
932 2784 1094 2845 atque
1128 2773 1480 2830 concordiam
1506 2773 1664 2829 bonis
1696 2773 1753 2828 in
1784 2788 1844 2829 se
1865 2773 2047 2844 operi-

462 2869 564 2925 bus
591 2868 908 2938 assumpsit,
940 2874 994 2923 et
1023 2867 1103 2923 sic
1130 2866 1190 2921 in
1220 2880 1354 2938 pace
1391 2866 1685 2925 dimittitur
1726 2882 1951 2939 pergere
1977 2866 2046 2921 ad

460 2971 681 3019 sanctos
715 2960 925 3027 Patres,
963 2962 1031 3017 ad
1069 2976 1209 3033 quos
1249 2968 1303 3017 et
1341 2969 1568 3017 sanctus
1616 2960 1889 3015 Abraham
1919 2975 2048 3031 pro-

2136 1020 2374 1084 ﬁnierat,
2424 1027 2477 1073 et
2510 1034 2637 1074 ecce
2690 1018 2983 1073 multitudo
3011 1017 3254 1073 cmlcstis
3298 1016 3579 1071 exercitus
3612 1018 3729 1069 lau-

2138 1111 2272 1167 dare
2302 1112 2467 1183 ctepit
2487 1122 2541 1168 et
2569 1112 2887 1168 benedicere
2912 1095 3110 1166 Deum.
3165 1109 3302 1165 Cum
3336 1111 3440 1165 hoc
3467 1118 3725 1180 pastores

2141 1204 2335 1275 trepidi
2370 1204 2798 1274 perspexissent,
2821 1214 2875 1259 et
2911 1204 3137 1274 angelus
3176 1204 3497 1258 recessisset
3524 1202 3601 1256 ab
3623 1202 3723 1264 eis.

2139 1294 2396 1349 dixrrunt
2430 1295 2495 1349 ad
2527 1294 2756 1349 invicem
2788 1314 2800 1347 :
2834 1293 3034 1348 Eamus
3086 1293 3405 1357 Bethlehem,
3434 1304 3488 1348 et
3543 1294 3729 1347 videa-

2142 1402 2258 1440 mus
2290 1386 2494 1456 factum
2523 1386 2664 1456 quod
2694 1385 2952 1440 Dominus
2976 1386 3206 1440 ostendit
3235 1385 3407 1439 nobis.
3437 1384 3728 1440 Venerunt

2142 1486 2196 1531 et
2228 1454 2555 1531 invenerunt
2586 1476 2895 1545 parvulum.
2949 1474 3083 1530 Tam
3134 1476 3209 1530 illi
3252 1454 3416 1546 quam
3442 1485 3729 1545 parentes,

2143 1568 2390 1623 videntes
2440 1583 2563 1637 quae
2621 1566 2762 1622 facta
2820 1565 3057 1634 fuerant,
3105 1569 3521 1623 admirabantur
3560 1584 3735 1640 super

2142 1660 2267 1716 hoc.
2297 1659 2364 1716 Et
2391 1661 2457 1716 de
2486 1661 2741 1717 Simeone
2781 1661 3057 1727 scribitur,
3113 1663 3258 1732 quod
3291 1678 3570 1717 rumorem
3636 1677 3735 1716 au-

2146 1755 2285 1812 xerit
2339 1755 2609 1820 miraculi,
2660 1756 2743 1810 vel
2794 1771 2988 1827 magna
3044 1771 3172 1824 pars
3206 1755 3393 1821 fuerit,
3442 1757 3736 1826 tenuitque

2146 1863 2373 1919 puerum
2404 1848 2458 1901 in
2492 1847 2730 1902 brachiis
2757 1848 2894 1910 suis,
2918 1857 2973 1901 et
2995 1847 3105 1902 ait:
3136 1845 3295 1901 Nunc
3336 1849 3593 1911 dimittis,
3630 1848 3738 1900 Do-

2148 1942 2307 2005 mine,
2330 1956 2536 1995 servum
2568 1948 2713 1993 tuum
2742 1940 2797 1993 in
2824 1955 2972 2009 pace,
2998 1939 3285 1993 secundum
3313 1938 3529 1993 verbum
3558 1948 3738 2002 turtur,

2142 2035 2270 2105 quia
2305 2032 2546 2089 viderunt
2580 2033 2722 2087 oculi
2774 2033 2875 2086 mei
2926 2032 3167 2087 salutare
3196 2042 3368 2087 tuum.
3426 2031 3737 2104 Fastigium

2142 2135 2216 2192 et,
2248 2136 2308 2181 ut
2336 2127 2409 2180 ita
2436 2125 2639 2187 dicam,
2664 2125 2881 2180 culmen
2914 2138 3083 2192 super
3121 2124 3208 2179 bis
3229 2140 3352 2194 quae
3378 2125 3741 2195 jactabantur

2143 2224 2210 2278 de
2230 2220 2382 2287 Iesu,
2413 2229 2467 2275 ct
2494 2211 2648 2291 pater
2683 2230 2737 2275 et
2783 2229 2958 2275 mater
2978 2221 3125 2274 illius
3150 2220 3516 2283 mirabantur,
3548 2235 3739 2274 sermo

2148 2315 2420 2373 Simeonis
2450 2316 2572 2372 fuit.
2602 2314 2722 2373 Non
2744 2316 2901 2372 enirn-
2918 2315 3117 2370 suﬂlcit
3139 2315 3187 2370 ei
3210 2323 3395 2370 tenere
3412 2314 3737 2384 parvulum,

2143 2417 2200 2465 et
2228 2424 2289 2464 ea
2311 2424 2437 2480 quae
2463 2410 2531 2465 de
2562 2410 2856 2480 semetipso
2900 2410 3105 2478 scripta
3141 2418 3271 2465 sunt
3324 2408 3604 2479 proloqui,
3642 2407 3741 2463 sed

2148 2501 2425 2558 benedixit
2448 2503 2587 2574 patri
2643 2502 2790 2557 illius
2829 2511 2884 2557 et
2914 2503 3076 2557 matri
3110 2520 3123 2555 :
3172 2510 3227 2557 et
3270 2502 3336 2556 de
3364 2501 3486 2571 ipso
3513 2515 3742 2571 quoque

2147 2595 2488 2665 prophetarit
2511 2594 2735 2661 infante,
2762 2595 2948 2650 dicens
2975 2612 2988 2648 :
3023 2592 3157 2649 Ecce
3180 2593 3265 2648 hic
3294 2594 3505 2663 positus
3545 2603 3626 2648 est
3684 2596 3739 2647 its

2147 2689 2361 2744 ruinam
2415 2697 2463 2742 et
2508 2689 2941 2743 resurrectionem
2997 2686 3289 2741 multorum
3321 2688 3375 2740 in
3431 2685 3636 2748 Israel,
3684 2697 3737 2741 et

2147 2782 2203 2835 in
2246 2783 2453 2853 signum
2492 2783 2577 2836 cui
2621 2782 3034 2836 contradicetur.
3098 2780 3265 2835 Tuam
3300 2797 3507 2851 quoque
3562 2781 3737 2849 ipsius

2146 2874 2382 2929 animum
2416 2875 2763 2945 pertransibit
2801 2876 3033 2946 gladius,
3076 2885 3132 2929 at
3157 2874 3447 2930 reveientar
3475 2874 3543 2926 de
3589 2874 3737 2927 mul-

2150 2967 2215 3020 tis
2241 2966 2486 3021 cordibus
2535 2967 2899 3036 cogitationes.
2939 2965 3079 3032 Quid
3134 2965 3238 3021 sibi
3276 2966 3391 3019 vult
3430 2965 3583 3034 qnod
3610 2965 3689 3019 ait
3720 2981 3735 3017 :

459 3053 637 3110 fectus
660 3055 790 3110 est?
817 3053 959 3120 Quid
980 3054 1049 3111 de
1071 3052 1327 3109 Patribus
1352 3053 1588 3123 loquar?
1611 3052 1677 3108 ad
1711 3053 1889 3123 ipsum
1917 3066 2049 3123 quo-
2150 3057 2288 3112 Ecce
2322 3059 2408 3113 hic
2444 3059 2649 3128 positas
2705 3068 2780 3112 est
2836 3059 2893 3111 in
2924 3058 3134 3112 ruinam
3182 3067 3234 3111 et
3293 3058 3739 3111 resurrectionem

454 3161 568 3219 que
612 3148 705 3219 qui
742 3147 1184 3218 patriarcharum
1230 3147 1486 3217 princeps
1529 3155 1585 3202 et
1631 3145 1897 3202 Dominus
1939 3154 2044 3215 est,
2147 3147 2436 3203 multorum
2465 3150 2518 3202 in
2560 3147 2777 3202 Israel?
2824 3146 2961 3203 lluic
2989 3148 3117 3218 quid
3147 3147 3326 3203 simile
3347 3149 3405 3201 in
3438 3147 3741 3217 Evangelio

460 3240 542 3294 ire
565 3236 777 3302 Iesum,
802 3239 870 3294 de
897 3253 1008 3309 quo
1040 3238 1275 3294 dicitur:
1310 3235 1505 3292 Helius
1531 3247 1609 3293 est
1640 3240 1828 3295 resolvi
1858 3248 1909 3294 et
1934 3257 2046 3296 esse
2073 3244 2117 3303 ο
2147 3241 2449 3298 secundum
2474 3239 2737 3295 Joannem
2775 3241 2953 3310 reperi
2984 3241 3247 3311 scriptum
3287 3259 3301 3294 :
3344 3238 3411 3293 In
3458 3238 3740 3309 judicium

460 3344 582 3387 cum
611 3329 823 3386 Christo
850 3331 914 3384 ”.
948 3329 1049 3386 ille
1079 3330 1240 3386 habet
1277 3330 1485 3399 Iesum,
1514 3333 1608 3403 qui
1646 3333 1811 3388 audet
1850 3332 1999 3404 loqui
2027 3349 2043 3387 :
2149 3350 2241 3406 ego
2274 3335 2326 3388 in
2359 3333 2614 3387 natandum
2673 3333 2834 3386 istam
2862 3333 2999 3395 veni,
3060 3340 3118 3386 ut
3166 3332 3257 3402 qui
3295 3348 3398 3386 non
3447 3332 3624 3387 videat
3658 3333 3742 3387 ei-

474 3420 600 3477 Vivo
635 3422 751 3491 jam
786 3438 889 3477 non
918 3436 1034 3493 ego,
1062 3422 1189 3476 vivit
1218 3438 1336 3477 vero
1369 3424 1427 3477 in
1462 3440 1542 3478 me
1587 3423 1835 3480 Christus
1877 3425 1942 3481 ³⁸.
1977 3424 2049 3483 Ut
2148 3428 2329 3495 deant,
2369 3435 2417 3481 et
2451 3429 2544 3498 qui
2570 3426 2739 3479 vident
2768 3425 2896 3479 εαξεὲ
2934 3425 3065 3494 [iant
3098 3425 3164 3479 “.
3195 3423 3484 3490 Quomodo
3509 3440 3645 3496 ergo
3680 3425 3739 3481 in

463 3512 629 3583 igitur
667 3521 722 3567 et
749 3526 853 3569 nos
886 3512 1053 3584 950
1100 3521 1311 3569 stantes
1345 3514 1400 3569 in
1456 3517 1677 3586 templo,
1716 3525 1770 3573 et
1798 3526 2046 3577 tenentes
2144 3520 2413 3594 judicium
2447 3519 2614 3585 venit,
2642 3528 2703 3573 ut
2734 3535 2842 3572 non
2874 3518 3114 3573 videntes
3142 3521 3211 3572 de
3235 3519 3555 3573 nationibus
3590 3518 3741 3573 vide-

465 3604 560 3663 Dci
586 3604 809 3673 Filium,
836 3607 1313 3678 amplexantesque
1332 3621 1479 3673 eum,
1513 3607 1662 3680 digni
1696 3610 2043 3677 remissione,
2147 3622 2288 3678 rent,
2324 3622 2379 3668 et
2404 3612 2498 3682 qui
2535 3611 2689 3682 prius
2719 3611 2976 3666 videbant
3021 3611 3089 3666 de
3124 3609 3290 3666 Israel
3321 3613 3453 3667 caeci
3496 3611 3735 3668 ﬁerent:

464 3709 518 3758 et
552 3699 889 3772 profectione
926 3700 992 3756 ad
1041 3700 1267 3756 meliora
1310 3702 1507 3765 simus,
1540 3716 1764 3758 oremus
1796 3704 2047 3774 omnipo-
2149 3708 2230 3763 sic
2254 3705 2400 3762 venit
2443 3707 2498 3761 in
2542 3705 2760 3760 ruinam
2794 3714 2848 3760 et
2898 3704 3353 3759 resurrectionem
3408 3704 3737 3760 muttorum.

465 3802 666 3851 tentem
696 3791 887 3860 Deum,
921 3806 1140 3847 oremus
1173 3801 1229 3848 et
1271 3791 1384 3863 (42)
1415 3791 1593 3864 ipsum
1634 3793 1918 3864 parvulum
1956 3793 2046 3851 Ie-
2150 3797 2207 3854 ln
2243 3799 2477 3853 adventu
2504 3798 2653 3852 enim
2691 3795 2905 3851 Domini
2956 3794 3279 3860 Salvatoris,
3307 3795 3400 3865 qui
3446 3796 3737 3866 priusste-

460 3900 612 3952 sum,
652 3898 817 3955 quem
850 3883 1056 3954 alloqui
1093 3892 1147 3939 et
1190 3892 1376 3939 tenere
1420 3882 1797 3940 desideramus
1832 3884 1887 3939 in
1916 3884 2046 3940 bra-

465 3976 605 4033 chiis
632 3994 646 4032 :
675 3976 762 4033 cui
792 3984 878 4031 est
899 3976 1072 4047 gloria
1097 3985 1152 4031 et
1181 3973 1472 4045 imperium
1502 3974 1558 4029 in
1589 3975 1788 4031 saecula
1823 3976 2047 4033 saeculo-

457 4083 612 4125 rum.
643 4068 837 4125 Amen.

1034 4156 1317 4214 HOMILIA
1339 4157 1480 4214 XVI.

466 4254 544 4310 De
567 4271 626 4310 eo
653 4252 791 4326 quad
827 4253 1081 4323 scriptum
1110 4262 1188 4326 est
1214 4268 1235 4326 ς
1274 4269 1293 4303 ι
1327 4249 1512 4326 Erant,
1532 4262 1684 4326 pater
1709 4254 1824 4323 ejus
1856 4263 1906 4309 et
1931 4271 2048 4310 ma-

530 4334 617 4381 ter
658 4322 912 4395 mirantes
961 4338 1135 4395 super
1168 4323 1250 4377 his
1298 4339 1416 4395 qua:
1440 4322 1771 4395 dicebantur
1813 4326 1876 4379 de
1907 4342 1990 4394 eo,
2023 4346 2042 4380 ι

534 4411 699 4466 usque
735 4394 805 4448 ad
840 4395 1010 4448 locum
1048 4393 1138 4447 ubi
1184 4395 1262 4466 ait
1291 4392 1320 4448 ί
1363 4410 1383 4443 t
1432 4392 1565 4466 Ecce
1608 4396 1707 4449 iste
1735 4398 1938 4466 positus
1969 4392 2046 4453 est

530 4470 591 4539 in
613 4464 830 4519 ruinam
860 4474 908 4519 et
934 4464 1372 4518 resurrectionem
1404 4465 1689 4539 multogum
1719 4464 1771 4520 in
1808 4465 2039 4522 Israel.)

531 4536 666 4606 Cap.
693 4551 752 4590 ιι.

536 4626 602 4682 Et
624 4636 798 4694 erant,
844 4616 1041 4696 inquit,
1069 4635 1219 4696 pater
1249 4622 1417 4682 illius
1440 4638 1489 4683 et
1524 4638 1694 4683 mater
1716 4629 2044 4685 admirantes

466 4734 621 4789 super
666 4719 746 4773 his
792 4733 910 4789 qua:
960 4720 1272 4774 dicebantur
1316 4720 1379 4775 de
1427 4738 1508 4776 eo.
1553 4720 1957 4794 Congregemus
1988 4725 2043 4779 in

466 4825 638 4868 unum
666 4827 730 4868 ea
756 4826 881 4882 quas
906 4813 963 4867 in
992 4821 1113 4867 ortu
1150 4810 1278 4869 Iesu
1315 4813 1459 4868 dicta
1488 4813 1800 4885 scriptaque
1828 4824 1957 4871 sunt
1979 4817 2047 4872 de

465 4920 553 4973 eo,
582 4903 977 4981 etnunc‘scire
1006 4904 1308 4974 potet-imus
1357 4906 1568 4977 singula
1607 4922 1837 4977 quaeque
1883 4907 2046 4979 digna

465 5011 591 5054 esse
622 4996 909 5054 miraculo.
939 4993 1305 5063 Quamobrem
1336 4998 1643 5053 mirabatur
1675 5006 1729 5052 et
1762 5006 1915 5069 pater
1941 4998 2045 5069 (sic

464 5091 615 5145 enim
638 5090 942 5161 appellatus
977 5098 1062 5146 est
1111 5087 1337 5160 Ioseph,
1400 5092 1528 5160 quia
1578 5091 1840 5147 nutritius
1871 5089 2044 5164 fuit),

467 5183 771 5241 mirabatur
796 5191 852 5240 et
872 5191 1047 5239 mater
1074 5198 1239 5254 super
1271 5183 1528 5239 omnibus
1558 5199 1680 5255 qua:
1727 5183 2047 5240 dicebantur

468 5276 534 5333 de
565 5292 649 5334 eo.
682 5276 944 5345 Quasnam
991 5290 1124 5347 ergo
1173 5283 1322 5342 sunt,
1382 5292 1505 5348 qua:
1539 5275 1609 5333 de
1661 5277 1889 5347 parvulo
1906 5272 2043 5334 Iesu

469 5367 617 5424 fama
677 5370 1048 5441 disperserat?
1101 5369 1357 5425 Pastores
1389 5379 1549 5424 erant
1579 5370 1634 5423 in
1678 5370 1902 5441 regione
1927 5371 2043 5437 illa,

541 5529 1043 5597 “Rom.vm,14.
1129 5531 1176 5563 τ’
1204 5528 1350 5585 Phil.
1386 5543 1427 5597 ι,
1455 5527 1549 5584 ss.
1626 5516 2074 5598 “Galat.t,20.

542 5662 657 5736 (42)
684 5661 948 5736 colligere
966 5663 1096 5736 hinc
1111 5663 1260 5736 licet,
1271 5735 1274 5736 ν
1286 5662 1526 5736 sensisse
1541 5660 1857 5736 Origenes),
1878 5679 2045 5719 oran-

471 5732 602 5791 dum
631 5732 849 5805 quidem
877 5748 1004 5789 cum
1024 5732 1199 5805 rgPatre
1220 5733 1440 5801 Filium,
1464 5733 1557 5805 sed
1591 5732 1810 5790 diverso
1835 5735 2043 5790 oratio-

472 5803 783 5879 nisgcnere
808 5821 822 5858 :
843 5818 983 5879 qua:
1020 5803 1097 5857 illi
1120 5804 1346 5879 inuitam
1374 5804 1631 5879 invidiam
1665 5805 1917 5861 doctrina
1942 5819 2045 5879 pe-

471 5873 631 5954 perit.
665 5873 893 5954 perinde
921 5881 1084 5945 atque
1115 5874 1376 5932 sensisset
1405 5893 1419 5932 :
1456 5873 1581 5930 Non
1613 5891 1726 5931 esse
1780 5876 2043 5931 orandum

2150 3895 2349 3953 terant,
2380 3896 2725 3954 corruerunt,
2757 3895 2812 3941 et
2852 3886 2945 3957 qui
2975 3886 3305 3949 ceciderant,
3349 3900 3733 3943 surrexerunt.

2150 3980 2272 4036 Una
2306 3979 2422 4034 haec
2451 3990 2536 4034 est
2566 3980 2939 4050 interpretatio
2972 3980 3038 4034 de
3082 3994 3148 4033 eo
3190 3979 3337 4048 quod
3364 3979 3578 4034 dictum
3606 3989 3688 4034 est
3718 3997 3735 4035 :

2152 4071 2289 4127 Ecce
2332 4072 2427 4125 .hic
2483 4072 2687 4141 positus
2741 4082 2819 4126 est
2856 4073 2912 4126 in
2967 4072 3177 4126 ruinam
3215 4083 3264 4126 et
3298 4075 3738 4126 resurrectionem

2150 4164 2440 4219 multorum
2478 4165 2534 4219 in
2562 4163 2758 4220 Israel.
2790 4165 2886 4220 Est
2917 4175 3100 4219 autem
3130 4172 3186 4219 et
3211 4164 3378 4219 altius
3410 4163 3548 4234 quid
3576 4164 3742 4219 intel-

2149 4260 2425 4331 ligendum
2454 4260 2717 4316 adversus
2742 4274 2838 4315 eos
2867 4260 2948 4314 vel
2981 4259 3236 4326 maxime,
3258 4260 3351 4328 qui
3381 4269 3575 4312 cutura
3596 4258 3741 4314 Coa.

2149 4354 2379 4409 ditorem
2419 4354 2638 4421 latrant,
2657 4362 2711 4407 et
2739 4353 2867 4408 hinc
2895 4353 3020 4408 inde
3045 4353 3113 4407 de
3138 4350 3317 4409 Veteri
3358 4350 3737 4418 Testamento,

2150 4461 2273 4518 quae
2298 4461 2405 4501 non
2432 4446 2761 4518 intelligunt,
2804 4446 3112 4501 testimonia
3151 4455 3568 4518 congregantes,
3596 4445 3736 4501 sim-

2151 4538 2375 4608 plicium
2418 4537 2582 4594 corda
2611 4536 2908 4607 decipiunt.
2960 4535 3129 4590 Aiunt
3182 4536 3376 4590 enim:
3418 4533 3558 4589 Ecce
3592 4534 3737 4591 Deus

2154 4629 2288 4700 legis
2315 4637 2370 4683 et
2414 4629 2826 4700 prophetarum,
2873 4626 3050 4681 videte
3093 4625 3271 4697 qualis
3308 4625 3420 4679 sit:
3483 4623 3620 4694 Ego,
3647 4624 3735 4677 iu-

2153 4720 2275 4790 quit
2299 4720 2368 4785 ³⁵,
2401 4720 2664 4784 occidam,
2700 4718 2867 4772 vivere
2901 4716 3099 4786 faciam
3121 4732 3141 4771 :
3196 4716 3519 4785 percutiam,
3545 4714 3598 4766 et
3641 4728 3755 4782 ego-

2152 4812 2352 4867 sanabo
2384 4827 2402 4866 :
2432 4822 2481 4867 et
2516 4820 2717 4866 nonest
2747 4810 2837 4880 qui
2861 4818 3013 4864 eruat
3038 4811 3105 4864 de
3154 4807 3401 4863 manibus
3439 4808 3594 4863 meis.
3624 4808 3739 4861 Au-

2155 4907 2331 4970 diunt,
2362 4906 2624 4970 occidam,
2656 4913 2711 4959 et
2734 4920 2843 4959 non
2870 4904 3119 4969 audiunt,
3140 4902 3414 4966 viviﬁcabo
3436 4917 3455 4954 :
3480 4901 3731 4964 audiunt,

2155 4998 2474 5067 percutiam,
2505 5005 2558 5051 et
2612 4995 2801 5050 audire
2856 5004 3234 5062 contemnunt,
3284 5002 3335 5047 et
3375 5009 3468 5062 ego
3509 4990 3731 5046 satiabo.

2151 5088 2468 5146 Istiusmodi
2517 5088 2900 5145 occasionibus
2950 5088 3263 5145 Creatorem
3305 5085 3733 5143 calumniantur.

2150 5181 2319 5253 Igitur
2337 5189 2626 5250 antequam
2647 5180 3032 5252 interpretetur
3054 5195 3216 5250 quem
3246 5194 3468 5236 sensum
3496 5178 3734 5232 habeat:

2149 5272 2264 5345 Ego
2289 5273 2611 5344 inter/icium
2659 5283 2710 5330 et
2746 5274 3039 5345 viviﬁcabo,
3091 5274 3385 5343 percutiam
3429 5280 3478 5326 et
3509 5270 3732 5334 satiabo,

2149 5378 2421 5436 opponam
2446 5365 2526 5420 eis
2548 5366 2923 5422 testimonium
2969 5363 3270 5438 Evangelii,
3310 5365 3607 5435 dicamque
3634 5363 3733 5417 ad-

2151 5528 2199 5562 "
2228 5527 2385 5584 Ioan.
2418 5543 2498 5600 ut,
2522 5527 2615 5585 59.
2694 5529 2739 5562 ⁸⁸
2768 5528 2925 5584 Deut.
2960 5543 3135 5592 um,
3177 5526 3266 5583 59.

2156 5659 2207 5714 [δ’
2208 5662 2382 5737 ilium,
2420 5681 2582 5737 neque
2608 5682 2726 5719 cum
2758 5664 2900 5720 Filio
2927 5665 3164 5720 Patrem.
3201 5663 3315 5722 Hoc
3338 5666 3597 5723 nimirum
3621 5668 3733 5723 cri-

2148 5732 2395 5809 minatur
2423 5732 2757 5809 Theophilus
2789 5737 2841 5789 in
2895 5737 3230 5809 synodicae
3286 5739 3447 5809 nobis
3492 5742 3731 5809 primum

2150 5804 2372 5879 vulgata
2433 5804 2591 5879 inter'
2624 5804 3078 5879 Hieronymiauas
3102 5808 3265 5879 epist.
3301 5807 3392 5875 92,
3450 5804 3508 5863 nI
3539 5809 3595 5878 3,
3619 5811 3730 5865 col.

2151 5872 2281 5945 54f,
2318 5891 2485 5948 quam
2515 5877 2726 5948 juvabit
2754 5872 3072 5933 reéuluisse.
