4002 6540
394 348 536 408 1845

1851 347 2174 406 ORIGEMS

3527 341 3664 398 18H

393 469 540 524 mine
567 485 582 524 :
611 467 713 523 iste
742 477 950 538 patrem
975 468 1093 540 ejus
1114 467 1314 540 Joseph
1353 477 1583 526 testatus
1609 478 1714 535 est,
1742 470 1972 526 dicens:
2005 473 2050 530 Α
2079 467 2235 524 Nunc
2285 475 2468 524 autem
2522 466 2986 538 interpr‘etanddm
3037 465 3169 536 quid
3225 462 3328 520 sibi
3378 463 3508 517 velit
3562 461 3658 516 hoc

393 561 566 616 Erant
606 571 758 630 pater
806 562 956 617 illius
1008 572 1056 616 et
1119 573 1287 616 mater
1337 563 1667 618 admirantes
1701 581 1860 633 super
1889 565 1970 619 his

391 670 513 724 qua:
543 653 857 708 dicebantur
884 655 947 708 de
976 671 1056 708 eo.
1083 653 1214 721 Qua:
1242 654 1406 724 igitur
1435 669 1600 711 causa
1651 656 1879 721 exstitit,
1915 664 1974 711 ut

393 762 520 801 cum
546 747 638 815 qui
687 756 839 816 pater
899 763 1006 800 non
1081 747 1203 811 iuit,
1269 757 1476 817 patrem
1529 763 1649 802 esse
1703 762 1973 802 memora-

393 847 478 894 ret
515 837 663 912 (45)?
694 837 801 906 Qui
862 839 1094 908 simplici
1151 840 1491 910 expositione
1543 849 1830 896 contentus
1866 849 1969 907 est,

389 931 523 986 dicit
558 950 569 986 :
609 930 909 986 Honoravit
943 949 1066 987 cum
1103 932 1339 1002 Spiritus
1389 941 1612 989 sanctus
1648 933 1827 990 Patris
1871 949 1972 989 vo-

385 1025 605 1091 cabulo,
637 1025 766 1095 quia
798 1027 1067 1080 nutrierat
1105 1026 1462 1082 Salvatorem.
1523 1027 1626 1094 Qui
1677 1038 1858 1083 autem
1893 1029 1973 1082 al-

385 1116 500 1170 tius
529 1117 734 1186 aliquid
796 1117 1042 1186 inquirit,
1097 1129 1276 1188 potest
1315 1121 1535 1175 dicere:
1588 1122 1714 1192 quia
1746 1136 1972 1191 genera-

386 1206 556 1262 tionis
587 1209 723 1263 ordo
752 1225 782 1262 a
807 1208 976 1264 David
1008 1226 1181 1280 usque
1236 1212 1302 1265 ad
1351 1210 1553 1282 Joseph
1585 1214 1870 1268 deducitur
1901 1213 1968 1276 ⁸⁸.

387 1305 442 1350 et
476 1312 544 1351 ne
568 1299 842 1353 videretur
869 1297 1070 1354 frustra
1105 1299 1306 1369 Joseph
1359 1301 1652 1365 nominari,
1683 1302 1775 1371 qui
1818 1311 1972 1371 pater

387 1403 498 1442 non
541 1388 718 1444 fuerat
741 1390 1060 1456 Salvatoris,
1095 1400 1154 1444 ut
1177 1393 1546 1461 generationis
1581 1395 1716 1448 ordo
1750 1396 1972 1450 haberet

385 1480 570 1534 locum
597 1499 612 1535 :
639 1487 794 1550 pater
816 1481 1119 1550 appellatus
1155 1491 1239 1536 est
1272 1481 1508 1538 Domini.
1546 1483 1974 1541 Admirabantur

386 1571 552 1641 igitur
601 1581 754 1643 pater
805 1573 949 1630 illius
985 1583 1040 1629 et
1091 1583 1262 1629 mater
1308 1592 1473 1646 super
1509 1576 1595 1630 his
1644 1593 1766 1646 quae
1825 1579 1974 1633 dice-

385 1661 589 1718 bantur
632 1663 698 1718 de
747 1679 833 1727 eo,
870 1674 976 1718 tam
1010 1665 1080 1719 ah
1103 1667 1313 1734 angelo,
1346 1683 1510 1737 quam
1545 1683 1574 1721 a
1625 1669 1972 1724 multitudine

383 1754 624 1810 cmicstis
678 1755 973 1818 exercitus,
1035 1772 1246 1812 necnon
1294 1774 1322 1812 a
1383 1760 1711 1828 pastoribus.
1775 1760 1968 1816 Omnia

383 1845 587 1916 quippe
615 1847 729 1900 haec
751 1848 1059 1911 audientes,
1094 1851 1572 1907 vehementissime
1603 1854 1963 1909 mirabantur.
2001 1833 2041 1892 Β

384 1937 595 1994 Dehinc
629 1937 910 2011 Scriptura
944 1943 1054 1998 ait:
1089 1943 1368 1999 Beuedixit
1392 1949 1439 2000 ei
1469 1946 1703 2014 Simeon,
1740 1959 1790 2003 ct
1828 1951 1968 2006 dixit

384 2030 454 2084 ad
490 2028 723 2086 Mariam
752 2046 974 2088 matrem
1012 2035 1126 2106 ejus
1159 2051 1177 2090 :
1231 2036 1366 2092 Ecce
1421 2040 1520 2095 iste
1568 2041 1772 2110 positus
1807 2052 1882 2096 est
1914 2033 1967 2097 in

384 2123 596 2176 ruinam
621 2135 671 2179 et
708 2124 761 2178 in
786 2129 1221 2182 resurrectionem
1272 2130 1564 2186 multorum
1595 2133 1647 2186 in
1680 2132 1875 2199 Israel,
1918 2145 1969 2190 et

382 2215 440 2267 in
468 2215 673 2286 signum
702 2219 787 2272 cui
815 2221 1230 2278 contradicetur.
1263 2222 1332 2277 Et
1363 2233 1510 2278 tuam
1531 2226 1698 2294 ipsius
1733 2228 1968 2282 animam

381 2311 725 2377 pertransibit
749 2311 982 2382 gladius,
1008 2325 1064 2368 ut
1096 2319 1387 2370 revetentur
1412 2335 1477 2372 ex
1505 2319 1691 2375 multis
1717 2323 1965 2377 cordibus

380 2403 753 2471 cogitationes.
790 2405 1076 2473 Quomodo
1107 2408 1359 2465 Salvator
1394 2412 1448 2466 in
1478 2414 1691 2468 ruinam
1733 2424 1786 2470 et
1811 2416 1862 2470 in
1887 2433 1969 2472 re-

380 2496 780 2552 surrectionem
857 2502 1156 2558 multorum
1227 2494 1476 2571 venerit,
1570 2516 1654 2562 est
1723 2518 1967 2566 contem-

379 2586 666 2656 plandum.

451 2678 554 2746 Qui
589 2680 608 2752 [
638 2683 711 2735 at.
746 2681 922 2755 Quid]
948 2686 1270 2756 simpliciter
1289 2691 1530 2758 exponit,
1562 2699 1740 2760 potest
1760 2693 1962 2761 dicere,

381 2771 438 2826 in
469 2773 684 2828 ruinam
715 2789 840 2830 eum
862 2766 1076 2834 venisse
1107 2779 1430 2845 inlidclium,
1451 2794 1504 2837 et
1533 2784 1584 2837 in
1607 2786 1965 2842 resurrectio-

380 2875 505 2915 nem
540 2863 903 2920 credentium.
933 2865 1038 2934 Qui
1097 2884 1229 2924 vero
1255 2871 1510 2928 curiosus
1565 2874 1832 2946 interpres
1859 2885 1963 2944 est,

378 2953 534 3021 dicit,
565 2971 912 3028 nequaquam
935 2975 1059 3014 eum
1091 2961 1287 3017 cadere
1319 2963 1411 3032 qui
1441 2974 1566 3020 ante
1599 2982 1703 3020 non
1729 2971 1961 3026 steterit.

377 3045 458 3102 Da
485 3048 618 3103 mihi
645 3049 830 3119 igitur,
862 3054 954 3122 qui
981 3052 1142 3108 fuerit
1175 3055 1265 3110 ille
1298 3058 1390 3128 qui
1439 3060 1670 3126 steterit,
1708 3069 1762 3115 ct
1788 3063 1841 3116 in
1869 3078 1966 3116 cur

2076 563 2221 632 quod
2251 563 2325 617 ait
2359 580 2372 615 :
2410 561 2543 618 Ecce
2579 563 2664 616 hic
2701 563 2904 632 positus
2932 571 3009 615 est
3044 563 3099 615 in
3126 561 3361 626 ruinam,
3393 568 3445 613 et
3485 559 3540 612 in
3579 575 3646 610 re-

2074 658 2452 712 surrectionem
2506 657 2794 710 multarunt
2840 656 2893 709 in
2926 653 3120 709 Israel.
3160 653 3244 708 Me
3287 661 3506 723 oportet
3548 652 3662 721 pri-

2074 765 2223 804 mum
2261 749 2484 813 cadere,
2519 757 2573 803 ct
2601 765 2724 804 cum
2762 749 3028 812 cecidero,
3064 753 3251 817 postea
3285 745 3426 800 bene
3462 759 3663 798 resur-o

2073 856 2228 911 gere,
2283 857 2350 896 ne
2391 839 2638 896 Salvator
2688 855 2860 920 causa
2891 837 3054 893 fuerit
3095 839 3251 892 mala:
3303 837 3512 902 ruinas;
3563 834 3658 888 sed

2072 943 2354 1004 propterea
2384 920 2578 1000 Cadere
2613 947 2699 986 me
2729 931 2877 998 fecit,
2914 941 2971 985 ut
2994 945 3345 1002 consurgam,
3381 938 3436 983 et
3467 927 3650 982 multo

2073 1024 2207 1078 mihi
2255 1024 2410 1078 ruina
2461 1024 2644 1078 utilior
2695 1021 2876 1088 fuerit,
2922 1038 3086 1093 quam
3129 1022 3262 1076 illud
3298 1031 3516 1091 tempus
3543 1035 3658 1089 quo

2071 1115 2295 1170 videbar
2325 1124 2490 1170 stare.
2527 1114 2748 1170 Stabant
2777 1117 2920 1169 enim
2954 1115 3008 1168 in
3037 1123 3260 1186 peccato
3287 1128 3352 1167 eo
3384 1124 3653 1181 tempore,

2071 1225 2182 1280 quo
2223 1219 2446 1280 peccato
2493 1210 2736 1264 vivebam
2791 1225 2804 1261 :
2853 1217 2907 1264 et
2954 1209 3082 1280 quia
3133 1217 3355 1279 peccato
3412 1209 3653 1271 stabam,

2071 1303 2245 1374 prima
2289 1302 2419 1356 mihi
2475 1303 2680 1357 utilitas
2733 1293 2835 1356 fuit
2884 1311 2945 1356 ut
2995 1302 3267 1368 caderem,
3319 1311 3373 1356 et
3428 1311 3657 1370 peccato

2072 1414 2334 1454 morerer.
2380 1397 2620 1469 Denique
2652 1409 2706 1453 ct
2742 1399 2914 1454 sancti
2955 1397 3252 1468 prophetm,
3285 1397 3506 1466 quando
3555 1411 3657 1448 au-

2071 1494 2282 1563 gustius
2328 1493 2530 1562 aliquid
2571 1492 3112 1561 contemplahantur,
3158 1489 3426 1546 cadebant
3474 1489 3526 1542 in
3574 1488 3657 1541 fa-

2071 1583 2206 1638 ciem
2264 1599 2439 1640 suam.
2495 1581 2782 1650 Pmpterea
2810 1590 2991 1635 autem
3023 1579 3306 1641 cadebant,
3341 1589 3398 1632 ut
3427 1589 3657 1648 peccata

2034 1669 2040 1675 ’
2071 1689 2167 1744 per
2193 1674 2404 1728 ruinam
2438 1673 2650 1743 plenius
2678 1679 3061 1742 purgarentur.
3092 1669 3206 1726 [loc
3240 1672 3416 1741 ipsum
3449 1680 3505 1725 et
3529 1669 3659 1724 Sal-

2071 1773 2225 1820 vator
2259 1765 2354 1819 tibi
2385 1764 2620 1835 primum
2671 1763 2941 1827 concedit,
2973 1772 3032 1817 ut
3082 1777 3330 1818 corruas.
3383 1759 3660 1816 Ethnicus

2071 1870 2217 1920 eras,
2246 1856 2404 1911 cadat
2435 1856 2560 1910 inte
2592 1855 2846 1911 ethnicus
2876 1873 2890 1909 :
2924 1854 3189 1925 diligebas
3237 1861 3504 1917 scortum,
3539 1851 3660 1921 pri-

2071 1963 2220 2004 mum
2266 1949 2318 2002 in
2362 1958 2412 2004 te
2443 1955 2682 2003 scortum
2719 1946 2949 2002 intereat
2981 1963 2994 1998 :
3029 1955 3285 2016 peccator
3309 1959 3456 2008 eras,
3491 1934 3661 1998 cadat

2071 2040 2127 2095 in
2173 2049 2226 2095 te
2265 2048 2539 2110 peccator,
2587 2047 2645 2093 ut
2687 2039 2865 2108 possis
2911 2036 3107 2092 dehinc
3150 2051 3433 2107 resurgere
3474 2044 3531 2089 et
3568 2034 3662 2088 di-

2069 2148 2194 2188 cere
2233 2148 2245 2184 :
2289 2130 2348 2187 Si
2385 2132 2700 2185 commortui
2738 2147 2955 2196 sumus,
2993 2138 3040 2183 et
3085 2129 3412 2183 convivemus
3447 2143 3468 2182 :
3507 2137 3558 2181 et
3609 2125 3661 2180 si

2069 2227 2253 2279 mortis
2291 2226 2605 2295 conformes,
2641 2223 2801 2278 simul
2837 2233 2885 2277 et
2916 2221 3313 2276 resurrectionis
3350 2219 3551 2273 erimus
3585 2217 3658 2274 ".

2030 2348 2032 2351 -
2069 2318 2174 2373 Iste
2205 2317 2368 2386 igitur
2399 2317 2453 2372 in
2497 2318 2710 2371 ruinam
2749 2324 2803 2371 et
2853 2315 2908 2370 in
2943 2314 3399 2370 resurrectionem
3445 2311 3661 2365 multo—

2067 2427 2189 2465 rum
2227 2411 2438 2481 positus
2467 2417 2552 2465 est
2583 2410 2636 2463 in
2664 2409 2852 2474 Israel,
2883 2409 2987 2463 hoc
3018 2415 3122 2472 est,
3159 2407 3213 2460 in
3245 2406 3329 2461 his
3363 2405 3457 2474 qui
3494 2404 3658 2474 plena

2067 2511 2300 2574 possunt
2337 2502 2454 2558 acie
2489 2511 2544 2557 et
2592 2503 2802 2556 ratione
2847 2501 3185 2570 conspicere.
3235 2496 3302 2551 Et
3344 2498 3400 2550 in
3438 2499 3658 2566 signum

2068 2597 2154 2650 cui
2202 2596 2616 2651 contradicctur.
2680 2594 2949 2650 Omnibus
3013 2607 3136 2662 qua:
3180 2599 3368 2645 narrat
3416 2587 3653 2644 historia

2067 2687 2134 2742 de
2167 2686 2482 2749 Salvatore,
2525 2684 2940 2741 contradicitur.
2995 2682 3162 2752 Virgo
3197 2691 3369 2735 mater
3405 2687 3514 2743 est,
3558 2677 3653 2734 cui

2067 2779 2479 2835 contradicitur.
2516 2777 2856 2834 Marcionita:
2889 2775 3273 2832 contradicunt
3305 2773 3432 2827 huic
3465 2773 3652 2842 signo,

2066 2879 2119 2925 ct
2153 2871 2327 2935 aiunt,
2355 2870 2571 2942 penitus
2599 2885 2724 2923 eum
2755 2869 2821 2923 de
2851 2867 3081 2922 muliere
3131 2881 3241 2920 non
3273 2881 3395 2920 esse
3421 2879 3657 2935 genera-

2068 2970 2204 3016 tum.
2243 2961 2508 3016 Ebionila:
2539 2960 2917 3015 contradicunt
2952 2958 3129 3030 signo,
3156 2958 3399 3013 dicentes
3433 2971 3500 3010 ex
3528 2956 3652 3010 viro

2066 3064 2120 3110 et
2143 3055 2371 3110 muliere
2407 3054 2479 3110 ita
2508 3063 2694 3108 natum
2723 3068 2864 3116 esse,
2891 3060 2949 3105 ut
2971 3067 3073 3106 nos
3096 3066 3312 3122 quoque
3343 3050 3648 3104 nascimur.

375 3137 468 3210 ius
492 3139 705 3196 ruinam
741 3143 992 3198 Salvator
1034 3147 1336 3212 advenerit,
1372 3166 1581 3205 necnon
1612 3160 1665 3206 et
1713 3169 1837 3207 eum
1869 3155 1962 3224 qui
1991 3181 2035 3240 ς
2070 3144 2269 3200 "abun
2314 3161 2512 3215 COI‘PUS
2552 3145 2874 3212 humanum,
2916 3153 2969 3199 εί
3011 3145 3115 3200 hoc
3162 3145 3374 3214 Signum
3421 3151 3508 3240 ςει
3558 3143 3651 3240 cili

379 3241 693 3303 consurgat.
753 3232 888 3289 Nam
939 3237 1128 3307 utique
1174 3238 1263 3294 ille
1321 3243 1626 3312 consurgit,
1653 3244 1748 3314 qui
1799 3256 1960 3301 antea

377 3334 684 3380 corruerat.
745 3325 1050 3382 Videndum
1103 3340 1186 3384 est
1241 3331 1449 3401 utique,
1501 3333 1666 3405 952
1700 3353 1767 3390 ne.
1824 3337 1964 3395 forte

383 3407 635 3468 Salvator
663 3429 770 3470 non
795 3416 918 3470 aliis
946 3425 1111 3486 atque
1135 3417 1259 3474 aliis
1314 3420 1366 3473 in
1414 3421 1628 3475 ruinam
1667 3425 1876 3479 venerit
1910 3435 1963 3480 et

381 3504 839 3559 resurrectionem
863 3507 1183 3574 multorum,
1208 3509 1301 3564 sed
1324 3509 1512 3565 iisdem
1549 3521 1602 3568 et
1643 3512 1695 3566 in
1743 3515 1960 3570 ruinam

378 3595 512 3650 etin
545 3598 1001 3654 resurrectionem
1027 3601 1254 3655 venerit.
1296 3599 1360 3655 In
1378 3603 1670 3672 judicium,
1708 3607 1808 3671 ait,
1863 3623 1957 3677 ego

379 3688 514 3747 veni.
544 3698 600 3742 ut
625 3690 716 3760 qui
743 3706 844 3744 non
888 3691 1136 3744 ridebant
1185 3693 1424 3757 videant,
1475 3703 1524 3748 et
1570 3697 1660 3767 qu‘i
1713 3697 1959 3752 videbant

376 3781 504 3836 caeci
545 3781 677 3852 ﬁant
734 3782 799 3837 “.
859 3781 955 3838 Est
1007 3785 1152 3839 enim
1219 3785 1272 3838 in
1339 3786 1496 3842 nobis
1543 3788 1690 3858 quod
1743 3790 1958 3846 videbat

375 3873 552 3944 prius,
584 3883 638 3928 et
671 3885 856 3945 postea
890 3877 1074 3931 videre
1103 3878 1299 3933 desivit
1328 3899 1340 3933 :
1405 3889 1459 3934 et
1487 3882 1635 3937 aliud
1667 3884 1812 3953 quod
1849 3901 1955 3939 non

375 3965 616 4031 videbat,
671 3975 726 4020 et
779 3977 967 4037 postea
1023 3971 1447 4040 cmpitvidcre.
1515 3971 1678 4029 Verbi
1729 3978 1954 4046 gratia:

377 4055 517 4112 Volo
564 4059 746 4113 videre
791 4059 898 4115 illis
955 4061 1154 4127 oculis,
1206 4063 1406 4133 quibus
1445 4074 1604 4120 antea
1641 4083 1748 4122 non
1803 4069 1954 4125 vide-

375 4149 527 4214 bam,
561 4160 613 4205 et
651 4152 744 4221 qui
775 4152 909 4206 mihi
962 4163 1148 4224 postea
1197 4157 1424 4220 reserati
1479 4167 1635 4225 sunt,
1699 4161 1960 4230 quoniam

375 4251 503 4312 post
560 4241 979 4300 inobedientiam
1043 4256 1098 4302 et
1141 4246 1313 4302 Adam
1370 4257 1424 4303 et
1460 4247 1584 4305 Evte
1634 4252 1778 4306 oculi
1832 4263 1961 4310 sunt

376 4334 574 4403 aperti,
622 4335 690 4390 de
721 4336 922 4406 quibus
955 4339 1227 4409 superiori
1273 4355 1526 4396 sermone
1574 4343 1953 4401 tractavimus.

444 4467 490 4501 ”
519 4467 709 4529 Matth.
747 4487 784 4526 ι.

864 4473 908 4506 ⁵⁸
936 4472 1095 4530 Joan.
1122 4493 1198 4543 ix,
1235 4478 1322 4533 '59.
1401 4479 1442 4509 "
1474 4479 1633 4537 Rom.
1656 4499 1731 4550 vr,
1760 4485 1812 4540 5.

447 4611 560 4679 (ιδ)
593 4610 820 4666 Scbedae
856 4609 1041 4664 Graliii
1081 4621 1134 4665 et
1162 4612 1474 4669 Combeiisii

420 4677 477 4734 iv
499 4677 816 4761 οὖν-λέγῗιθ
841 4679 906 4733 ἂν
928 4681 1014 4761 ,ὅτι
1041 4681 1316 4761 ἐτίμησεν.
1341 4685 1504 4761 αὐίςδν
1538 4687 1598 4761 ’ᾦ
1632 4677 1875 4761 ΠνεῦμαΙ
1897 4693 1957 4746 τὸ

414 4752 756 4828 γιον-τῇ-τοῤ
781 4750 984 4828 itu-cpe;
1011 4750 1383 4828 ’τ-ιεριρεξηγῡρίᾳἸ
1428 4758 1615 4828 ἐπειδὴ
1646 4761 1707 4813 τὸ
1749 4750 1956 4817 τὲαιδίον

385 4821 986 4901 Ἰιησοῇνᾴγεθρέψαῖοὶ
1013 4821 1420 4901 Βᾳθύέςρρνδὲ,
1455 4821 1615 4901 ’ἐπεῖ
1642 4833 1674 4901 ὴ
1703 4833 1957 4900 γενεαλο-

373 4892 471 4976 Ii?
504 4893 596 4947 τὸν
649 4892 864 4976 idem
893 4892 1000 4976 ὰῖτὸ
1048 4892 1237 4976 ᾼαυτᾶ
1260 4892 1845 4976 ξγενεαλόγησξύδωῖνα
1882 4903 1955 4976 μὴ

369 4962 506 5045 “in.
523 4963 754 5045 περξῖῖὴ
782 4962 875 5045 ἐπὶ
904 4962 994 5045 τΡΥ
1025 4962 1831 5045 "’1Iswﬁsamﬁi‘fEanﬂed
1865 4962 1955 5045 έρὶ

369 5033 609 5116 χομζένηζ
625 5033 751 5116 in"
787 5035 906 5116 ἔχη-
935 5033 1088 5116 λόγον
1113 5033 1435 5116 effectui-istam
1466 5033 1950 5116 διὰξοῦτό-’πατῆρ

369 5105 714 5183 ἀνηγρρεύθη
746 5105 839 5159 τοῦ
862 5105 1108 5183 Κυρίῳ..
1127 5105 1367 5183 δὶηιβέἱεί
1387 5113 1709 5183 expositione
1733 5114 1840 5168 dici
1865 5105 1957 5183 p5-

375 5184 472 5229 tcst
503 5178 818 5254 honoratum
855 5193 974 5229 eum
1030 5177 1193 5254 fuisse
1224 5194 1255 5229 a
1307 5177 1514 5254 Spiritu
1561 5194 1744 5238 sancto
1786 5177 1956 5254 patris

371 5247 809 5324 uocabulotquia
857 5263 1078 5314 puerum
1107 5245 1299 5324 desum
1350 5245 1637 5324 nutrierat.
1681 5254 1749 5307 At
1786 5245 1955 5324 'juxta

373 5316 619 5397 altiorem
642 5318 992 5397 in_te{lec_tum,
1027 5317 1153 5397 quia
1179 5321 1531 5397 generationis
1563 5326 1722 5397 series
1759 5316 1954 5397 Ioseph

374 5405 406 5468 (ξ
447 5386 619 5468 David
674 5389 907 5468 deducit.
978 5403 1040 5441 ne
1092 5387 1298 5456 frustra
1330 5391 1600 5468 nvideatur
1639 5394 1708 5448 ad
1757 5386 1954 5468 Ioseph

371 5455 683 5510 descendere
713 5459 802 5526 qui
858 5474 961 5511 non
1022 5455 1270 5528 genuerat
1323 5459 1673 5527 Salratorem,
1726 5468 1816 5519 sed
1862 5455 1951 5522 ra-

373 5527 775 5604 t_ionem_lta_t2eat
806 5528 1072 5593 idoneam,
1087 5539 1362 5599 propterea
1389 5544 1538 5601 pater
1560 5536 1853 5604 appellatus
1877 5551 1956 5594 est

372 5595 610 5652 Domini.
643 5595 860 5652 liti/ws.

445 5665 554 5735 (46)
580 5665 936 5740 Observatum
967 5677 1052 5722 est
1080 5685 1243 5740 supra
1278 5673 1344 5727 ad
1375 5673 1655 5730 homiliam
1683 5676 1750 5731 14
1778 5678 1947 5736 veris-

373 5736 509 5795 sime
531 5736 795 5792 creditum
819 5736 1214 5812 probatumque
1232 5740 1470 5810 Origeni,
1500 5761 1622 5800 vero
1645 5747 1942 5805 humanum

373 5823 613 5881 Corpus,
668 5820 720 5864 et
774 5824 880 5863 non
945 5813 1262 5867 ementitum
1323 5814 1605 5872 Christum
1675 5828 1936 5889 gestasse.

2069 3237 2480 3293 contradicitur.
2535 3235 2642 3291 Alii
2701 3236 2844 3290 enim
2903 3235 3112 3301 dicunt,
3165 3250 3286 3290 eum
3325 3235 3539 3289 venisse
3581 3233 3655 3290 de

2066 3331 2220 3387 cmlis
2243 3329 2352 3401 (46)
2383 3348 2394 3383 :
2430 3328 2541 3393 alii,
2581 3329 2685 3383 tale
2714 3328 2875 3398 quale
2916 3343 3015 3382 nos
3046 3343 3244 3397 corpus
3278 3327 3559 3394 habuisse,
3587 3335 3654 3382 ut

2066 3439 2163 3494 per
2211 3422 2620 3478 similitudinem
2674 3420 2924 3488 corporis
2967 3421 3132 3474 etiam
3181 3428 3366 3474 nostra
3410 3435 3653 3491 corpora

2065 3517 2358 3571 redimeret
2389 3530 2418 3568 a
2453 3513 2711 3584 peccatis,
2743 3521 2798 3568 et
2823 3513 2978 3567 daret
3016 3513 3174 3569 nobis
3206 3529 3359 3584 spem
3399 3528 3656 3569 resurre-

2065 3606 2286 3662 ctionis.
2326 3603 2646 3660 Resurrexit
2690 3619 2718 3658 a
2750 3603 3104 3658 mortuis:et
3145 3604 3250 3659 hoc
3294 3605 3515 3675 signum
3567 3611 3654 3660 est

2068 3699 2156 3755 cui
2208 3697 2624 3760 contradicitur,
2678 3697 2953 3767 quomodo
3005 3697 3323 3763 resurrexit,
3363 3705 3417 3751 et
3461 3706 3649 3754 utrum

2066 3793 2204 3864 ipse,
2233 3802 2288 3847 et
2313 3792 2436 3847 talis
2459 3791 2638 3862 qualis
2671 3799 2919 3845 mortuus
2947 3801 3051 3854 est,
3085 3806 3152 3844 an
3185 3800 3333 3846 certe
3361 3791 3415 3846 in
3456 3792 3653 3846 melio-

2063 3887 2141 3941 ris
2176 3885 2494 3940 substantia‘.
2542 3899 2741 3954 corpus
2788 3882 3166 3937 resurrexerit.
3208 3881 3275 3937 Et
3314 3894 3396 3938 est
3431 3885 3650 3942 intinita

2065 3978 2344 4033 contentio
2405 3995 2418 4030 :
2479 3976 2603 4030 aliis
2669 3975 3007 4041 dicentibus,
3068 3973 3296 4056 ﬁxuram
3362 3975 3645 4032 clavorum

2064 4068 2286 4124 Thomas
2315 4070 2550 4124 ostendit
2577 4068 2630 4122 in
2662 4069 2916 4123 manibus
2963 4066 3079 4122 suis
3101 4068 3175 4121 “’z
3207 4068 3330 4122 aliis
3362 4084 3394 4123 e
3423 4073 3647 4139 regione

2064 4163 2446 4225 tractantibus,
2473 4161 2518 4231 si
2551 4161 2690 4216 idem
2723 4175 2921 4231 corpus
2947 4160 3159 4227 habuit,
3187 4160 3467 4230 quomodo
3493 4163 3647 4217 clau-

2060 4255 2138 4311 sis
2160 4255 2439 4325 ingressus
2459 4263 2542 4308 est
2571 4253 2747 4315 ostiis,
2782 4261 2837 4307 et
2863 4252 3044 4307 stetit?
3076 4251 3238 4308 Vides
3262 4252 3429 4323 igitur
3451 4268 3646 4322 quem-

2059 4347 2353 4404 admodum
2419 4344 2761 4418 argumentis
2808 4345 2977 4402 variis
3033 4346 3198 4402 etiam
3251 4347 3642 4402 resurrectioni

1890 4487 1935 4520 ⁸⁸
1960 4487 2117 4545 Joan.
2149 4506 2241 4544 xx.

1513 4634 1525 4670 :
1563 4617 1770 4700 "Aglau-
1769 4638 1956 4700 61:5va

2065 4623 2216 4680 Nunc
2259 4642 2388 4697 ergo
2427 4627 2648 4700 quando
2685 4628 2965 4683 haereticos
2997 4629 3337 4700 pronuntiat,
3371 4629 3464 4698 qui
3513 4645 3640 4684 eum

2063 4705 2278 4769 putant,
2316 4699 2420 4752 tale
2446 4698 2609 4769 'quale
2649 4717 2740 4753 nos
2769 4715 2957 4768 corpus
2983 4698 3248 4762 habuisse,
3284 4710 3338 4754 et
3383 4716 3413 4754 a
3442 4710 3644 4754 semet-

2064 4767 2185 4837 ipso
2224 4767 2542 4834 dissentire,
2588 4779 2750 4838 atque
2795 4785 2828 4826 a
2858 4767 3085 4824 veritate
3133 4770 3348 4838 longius
3386 4775 3644 4824 aberrare

2062 4839 2242 4906 prima
2291 4839 2468 4894 fronte
2519 4841 2784 4893 videatur.
2842 4839 3035 4894 Verum
3082 4856 3171 4894 res
3215 4842 3370 4894 aliter
3401 4841 3640 4909 putanda

2062 4919 2167 4979 cst,
2207 4910 2486 4966 [Chionitas
2529 4912 2798 4979 siquidem
2845 4911 3182 4979 perstringit,
3223 4911 3316 4979 qui
3353 4910 3634 4966 communi

2063 4977 2180 5048 lege
2219 4991 2427 5036 natura;
2465 4998 2530 5035 ex
2569 4977 2685 5034 viro
2721 4991 2774 5034 et
2812 4977 3040 5034 muliere
3087 4977 3404 5049 generatum
3441 4996 3641 5050 corpus

2061 5052 2429 5119 assumpsisse
2463 5051 2859 5106 sibiChristum
2897 5052 3059 5117 impie
3091 5051 3441 5106 detiuiebant.
3475 5049 3642 5106 Hinc-

2063 5136 2169 5188 que
2196 5123 2331 5176 adeo
2357 5122 2424 5176 de
2455 5123 2542 5176 illa
2575 5123 2848 5192 putandus
2871 5131 2953 5175 est
2987 5122 3134 5190 loqui
3169 5122 3637 5182 dissimilitudine,

2061 5206 2225 5259 quam
2269 5193 2496 5261 ipsemet
2541 5193 2592 5246 in
2634 5193 2897 5262 prommio
2941 5193 3202 5245 librorum
3244 5193 3321 5245 De
3361 5193 3640 5262 principiis

2061 5264 2258 5316 astruit
2306 5263 2447 5317 inter
2487 5274 2732 5316 nostrum
2787 5274 2838 5317 et
2864 5262 3065 5316 Christi
3101 5279 3302 5332 corpus
3334 5282 3346 5317 :
3373 5261 3640 5316 Incurua-

2061 5341 2166 5396 tus,
2201 5332 2399 5402 inquit,
2442 5344 2518 5387 est
2549 5333 2842 5403 (Christus)
2884 5349 3001 5386 cum
3043 5333 3177 5386 Deus
3223 5345 3377 5397 esset,
3412 5345 3459 5387 et
3481 5333 3637 5385 homo

2059 5404 2289 5471 mansit,
2333 5404 2472 5472 quod
2510 5405 2649 5458 Deus
2695 5414 2843 5465 erat,
2883 5419 3070 5472 corpus
3117 5406 3404 5472 assumpsit
3455 5413 3637 5457 nostra

2058 5477 2265 5544 corpori
2295 5475 2488 5538 simile,
2514 5492 2574 5529 eo
2611 5474 2723 5529 solo
2746 5475 3015 5544 differens,
3039 5473 3178 5544 quod
3215 5485 3398 5528 natum
3425 5490 3488 5528 ea:
3510 5473 3634 5528 Vir-

2067 5543 2184 5612 gine
2224 5545 2287 5598 de
2331 5544 2535 5614 Spiritu
2575 5555 2758 5600 sancto
2805 5555 2902 5601 est.
2969 5543 3322 5614 Et'quouiam
3364 5545 3449 5598 hic
3476 5544 3633 5598 Iesus

2064 5614 2308 5686 Christus
2342 5627 2497 5670 natus
2541 5627 2589 5669 et
2624 5633 2812 5686 passus
2847 5624 2924 5671 est
2966 5617 3019 5669 in
3051 5618 3291 5677 veritate,
3328 5626 3376 5668 et
3409 5632 3510 5668 non
3544 5632 3634 5684 per

2059 5685 2360 5755 imaginem,
2391 5685 2653 5740 communi
2675 5687 2773 5739 hac
2810 5697 2975 5742 morte
3002 5703 3112 5742 vere
3137 5696 3375 5742 mortuus
3396 5697 3495 5754 est,
3521 5702 3633 5739 cere

2053 5757 2190 5810 enim
2228 5775 2259 5812 α
2287 5759 2507 5813 mortuis
2550 5758 2858 5813 resurrexit.
