4002 6598
406 294 545 351 1847

1870 294 2194 355 ORIGENIS

3546 298 3685 353 i8i8

402 409 584 466 solum
633 406 949 472 I‘ornieatio,
995 405 1089 460 sed
1130 414 1182 461 et
1222 407 1426 478 nuptiae
1472 408 1761 480 repellunt,
1808 424 1984 481 neque
2011 416 2058 472 Α
2086 424 2279 480 puero,
2309 408 2402 479 qui
2462 407 2693 465 necdum
2749 400 3035 465 duodecim
3075 424 3251 465 annos
3308 410 3683 481 impleverat,

406 502 553 556 enim
595 501 909 571 episcopus,
941 516 1041 556 nec
1071 499 1385 572 presbyter,
1427 517 1527 557 nec
1559 502 1856 571 diaconus,
1885 519 1986 561 nec

405 593 569 645 vidua
604 598 833 661 possunt
862 605 985 645 esse
1021 589 1222 659 digami
1249 608 1261 646 :
1288 589 1369 645 sic
1400 589 1627 646 forsitan
1654 602 1708 649 et
1737 593 1804 648 de
1840 606 1985 650 coetu

406 682 814 753 primitivorum
877 682 1460 752 immaculatorumque
1512 683 1796 751 Ecclesiae,
1863 702 1986 756 qua:

406 791 517 831 non
557 776 720 831 habet
758 776 1051 843 maculam,
1090 791 1266 846 neque
1308 791 1521 847 rugam,
1557 777 1805 848 ejicietur
1830 780 1984 852 diga—

407 884 533 925 mus
569 886 583 922 :
626 884 731 923 non
774 883 886 939 quo
936 867 989 922 in
1051 876 1315 923 aeternum
1354 872 1604 924 mittatur
1650 872 1983 941 incendium,

406 963 501 1019 sed
530 976 640 1033 quo
680 971 888 1032 partem
928 976 1034 1016 non
1067 960 1265 1015 habeat
1309 961 1362 1016 in
1402 978 1568 1034 regno
1594 961 1707 1019 Dei.
1739 950 1983 1031 Memini,

403 1071 533 1112 cum
575 1054 961 1125 interpretarer
1002 1053 1154 1120 illud,
1194 1055 1337 1125 quod
1377 1055 1442 1109 ad
1484 1054 1798 1113 Corinthios
1844 1058 1982 1114 seri-

405 1147 556 1203 bitur
582 1163 595 1198 :
631 1145 883 1201 Ecclesia:
908 1144 1028 1209 Dei,
1056 1161 1174 1216 quia
1202 1155 1277 1199 est
1303 1144 1563 1213 Corinthi,
1596 1165 1715 1202 cum
1747 1148 1985 1204 omnibus

400 1240 497 1309 aui
531 1240 774 1293 invocant
808 1254 927 1291 eum
949 1237 1017 1303 ⁵³,
1053 1238 1258 1293 dixi55e
1290 1253 1376 1293 me
1405 1239 1773 1297 diversitatem
1801 1242 1988 1301 Eccle-

402 1335 522 1400 siae,
557 1343 830 1389 eteorum
878 1333 971 1402 qui
1022 1333 1279 1386 invocant
1329 1347 1528 1388 nomen
1561 1333 1800 1390 Domini.
1847 1336 1986 1393 Puto

401 1430 551 1485 enim
584 1437 992 1498 monogamum,
1030 1436 1085 1482 et
1123 1427 1412 1498 virginem,
1448 1438 1653 1485 etcum
1685 1433 1777 1502 qui
1814 1433 1865 1487 in
1896 1450 1988 1490 ca-

403 1519 665 1575 snmonia
710 1526 1044 1589 perseverat,
1101 1532 1224 1573 esse
1271 1519 1338 1575 de
1381 1518 1622 1576 Ecclesia
1670 1522 1765 1578 Dei
1806 1541 1821 1580 :
1860 1540 1984 1581 eum

399 1626 533 1668 vero
567 1610 661 1682 qui
705 1610 777 1668 sit
812 1609 1086 1682 digamus,
1128 1613 1253 1669 licet
1288 1612 1489 1668 bonam
1527 1615 1724 1672 habeat
1756 1632 1986 1675 conver-

401 1705 695 1768 sationem,
730 1713 783 1759 et
824 1705 1037 1760 caeteris
1075 1706 1372 1762 virtutibus
1402 1708 1621 1778 polleat,
1654 1719 1833 1766 tamen
1876 1728 1983 1768 non

2085 504 2229 559 dicta
2257 513 2403 560 sunt.
2439 502 2577 558 Cum
2626 511 2808 557 autem
2842 502 3127 557 duodecim
3174 513 3320 559 esset
3366 519 3681 569 annorum,

2084 604 2332 650 remanet
2364 595 2418 649 in
2469 592 2793 650 Jerusalem.
2842 593 3099 650 Parentes
3138 596 3258 665 ejus
3310 597 3636 668 ignorantes
3665 642 3680 662 ,

2085 697 2337 759 quaerunt
2367 703 2490 741 eum
2523 688 2786 752 sollicite,
2830 696 3016 743 etnon
3047 688 3349 743 inveniunt.
3401 687 3679 757 Qua-runt

2085 781 2229 836 inter
2256 781 2443 837 aliines
2465 823 2480 847 ,
2520 790 2770 851 quaerunt
2812 780 2866 834 in
2899 781 3157 836 comitatu
3181 824 3196 849 ,
3229 793 3487 852 quierunt
3533 783 3683 837 inter

2085 881 2265 935 notos,
2297 880 2350 927 et
2377 871 2430 925 in
2476 871 2562 925 his
2589 871 2844 926 omnibus
2890 886 3000 928 non
3051 871 3353 942 reperiunt.
3396 871 3684 938 queritur

2085 978 2214 1032 ergo
2242 960 2403 1017 Jesus
2434 977 2462 1017 a
2496 962 2813 1032 parentibus
2845 962 2961 1018 suis
2982 978 3105 1017 cum
3149 971 3302 1034 patre
3325 1006 3341 1029 ,
3378 965 3473 1032 qui
3501 964 3682 1017 nutri-

2085 1056 2195 1111 tius
2218 1065 2270 1111 et
2293 1070 2478 1111 comes
2514 1053 2693 1111 fuerat
2723 1053 3017 1128 Egyptum
3043 1055 3463 1112 descendentis:
3499 1066 3557 1110 et
3590 1068 3677 1110 ta-

2087 1163 2211 1203 men
2240 1163 2345 1203 non
2377 1147 2558 1203 statim
2593 1157 2649 1201 ut
2677 1149 2977 1217 quaeritur,
3013 1147 3308 1203 invenitur.
3353 1146 3476 1201 Non
3526 1147 3677 1203 enim

2088 1235 2231 1289 inter
2252 1243 2515 1306 cognatos
2537 1245 2591 1289 et
2621 1235 2802 1291 carnis
2834 1236 3172 1306 propinquos
3190 1238 3467 1291 invenitur
3486 1234 3677 1302 Iesus,

2087 1343 2197 1382 non
2224 1328 2278 1382 in
2312 1328 2395 1383 his
2426 1329 2519 1399 qui
2549 1329 2907 1398 corporaliter
2929 1327 3095 1401 954.
3134 1330 3183 1384 ei
3224 1331 3402 1400 juncti
3434 1341 3588 1385 sunt.
3619 1330 3679 1384 in

2087 1420 2383 1476 multorum
2415 1421 2676 1476 comitatu
2698 1418 2859 1477 Jesus
2892 1437 3046 1476 meus
3072 1436 3181 1476 non
3214 1431 3391 1492 potest
3416 1421 3679 1476 inveniri.

2089 1510 2247 1568 Disce
2278 1510 2368 1565 ubi
2402 1527 2527 1565 eum
2558 1518 2862 1581 quaerentes
2890 1512 3186 1581 reperiant,
3235 1519 3295 1567 ut
3334 1520 3391 1566 et
3428 1521 3486 1566 tu
3521 1528 3682 1582 qna:-

2087 1623 2216 1663 rens
2249 1623 2373 1662 cum
2406 1605 2608 1678 Joseph
2652 1606 2932 1679 Mariaque
2969 1609 3231 1679 reperias.
3263 1607 3332 1663 Et
3354 1620 3680 1681 quaerentes,

2089 1699 2289 1770 inquit,
2319 1699 2623 1754 invenerunt
2648 1699 2801 1753 illum
2844 1700 2899 1753 in
2937 1700 3147 1769 templo.
3189 1697 3306 1754 Non
3360 1700 3685 1771 ubicunque

399 1813 523 1855 esse
549 1796 616 1853 de
640 1794 888 1852 Ecclesia
921 1805 975 1851 et
1006 1797 1072 1853 de
1106 1813 1172 1853 eo
1202 1815 1456 1864 numero,
1514 1802 1608 1872 qui
1641 1818 1748 1857 non
1786 1803 1983 1859 habent

2092 1791 2145 1846 in
2184 1792 2292 1847 alio
2325 1792 2465 1858 loco,
2489 1790 2581 1848 sed
2613 1792 2666 1846 in
2706 1792 2930 1863 templo.
2964 1790 3151 1862 Neque
3198 1792 3252 1847 in
3282 1793 3491 1866 templo
3543 1792 3686 1848 sim-

400 1903 598 1961 rugam
634 1897 730 1943 aut
773 1888 1069 1957 maculam,
1119 1899 1215 1946 aut
1260 1892 1464 1963 aliquid
1515 1894 1858 1962 istiusmodi;
1894 1898 1989 1953 sed

400 1998 523 2040 esse
571 1982 640 2039 de
687 1981 929 2038 secundo
987 1983 1191 2054 gradu,
1234 1993 1287 2040 et
1333 1987 1398 2040 de
1445 1986 1531 2041 his
1577 1989 1673 2059 qui
1730 1989 1987 2048 invocant

400 2091 601 2132 nomen
630 2074 871 2143 Domini,
899 2084 954 2131 et
981 2074 1074 2145 qui
1110 2077 1389 2134 salvantur
1418 2080 1637 2150 quidem
1677 2081 1733 2137 in
1760 2084 1983 2141 nomine

398 2162 531 2225 iesu
554 2162 794 2231 Christi,
828 2180 1174 2237 nequaquam
1221 2177 1399 2223 tamen
1435 2181 1773 2228 coronantur
1801 2175 1869 2228 ab
1901 2190 1987 2231 eo.

401 2254 503 2312 Cui
546 2264 630 2314 est
669 2258 841 2330 gloria
876 2266 930 2314 et
963 2258 1253 2329 imperium
1291 2260 1344 2315 in
1385 2264 1584 2319 sazcula
1638 2267 1986 2324 saeculorum.

398 2347 596 2405 Amen.

932 2464 1221 2523 HOMILIA
1259 2467 1457 2523 XVIII.

402 2575 481 2632 De
508 2595 570 2633 eo
588 2580 738 2651 Aquod
771 2580 1026 2651 scriptum
1053 2590 1129 2635 est
1154 2596 1172 2634 :
1221 2599 1240 2633 ι
1274 2582 1415 2636 Puer
1440 2594 1616 2637 autem
1645 2584 1908 2639 crescebat
1937 2593 1986 2639 et

472 2648 913 2722 confertabatur',
960 2672 978 2704 ι
1028 2668 1194 2722 usque
1237 2655 1305 2706 ad
1353 2669 1469 2708 cum
1518 2656 1713 2721 locum,
1744 2656 1833 2709 ubi
1875 2658 1985 2711 ait:

480 2737 499 2769 ι
531 2720 614 2773 Αη
650 2720 964 2795 nesciebatis
1003 2720 1129 2795 quia
1165 2723 1220 2776 in
1254 2723 1333 2779 liis
1361 2741 1479 2795 quae
1506 2720 1703 2781 Patris
1724 2727 1827 2780 mei
1861 2739 1987 2782 sunt

470 2799 675 2846 avertet
706 2807 786 2844 me
809 2807 922 2846 esse
938 2793 964 2845 ?
987 2789 1023 2844 »⁷
1040 2789 1174 2863 Cap.
1215 2807 1276 2846 Il.

473 2901 645 2959 Natus
690 2915 775 2962 est
803 2904 1066 2962 Dominus
1110 2923 1266 2965 meus
1303 2908 1486 2978 Iesus,
1540 2920 1593 2967 et
1625 2913 1988 2968 ascenderunt

400 3007 656 3066 parentes
696 2997 816 3069 ejus
859 2999 912 3055 in
949 2999 1368 3074 Jerosolymam,
1425 3013 1486 3059 ut
1539 3006 1878 3075 complerent
1920 3021 1982 3060 ea

398 3104 522 3159 qua:
561 3088 778 3147 fuerant
824 3093 877 3148 in
921 3094 1035 3166 lege
1073 3107 1365 3167 praecepta,
1402 3106 1457 3153 et
1496 3096 1754 3153 oﬂ'errent
1784 3113 1884 3168 pro
1916 3112 1983 3153 eo

397 3198 499 3254 par
540 3191 840 3255 turturum,
872 3196 927 3243 et
963 3190 1101 3245 duos
1139 3191 1316 3261 pullos
1351 3190 1750 3247 columbarum.
1787 3189 1984 3247 Tenuit

399 3290 525 3330 eum
556 3278 793 3334 brachiis
837 3279 954 3334 suis
980 3279 1219 3348 Simeon,
1246 3278 1520 3336 utdudum
1547 3280 1744 3336 lectum
1793 3292 1896 3348 est,
1931 3294 1984 3339 et

397 3366 742 3435 pr0phetavit
776 3368 841 3423 de
890 3383 957 3423 eo
1000 3385 1123 3440 qua:
1171 3378 1360 3426 narrat
1405 3370 1632 3425 historia
1675 3386 1689 3422 :
1735 3382 1788 3425 et
1832 3381 1984 3443 post-

399 3470 566 3525 quam
620 3456 802 3511 omnia
846 3457 901 3511 in
946 3474 1099 3515 more
1133 3461 1400 3529 completa
1441 3470 1589 3525 sunt,
1638 3471 1983 3519 revertuntur

398 3555 656 3617 parentes
710 3564 818 3619 quo
856 3547 1016 3608 Jesus
1073 3561 1201 3609 tunc
1233 3552 1344 3625 (49)
1403 3554 1640 3625 agebat:
1691 3565 1746 3611 et
1801 3565 1981 3613 tamen

399 3640 664 3695 crescebat
702 3650 752 3697 et
782 3644 1188 3714 confortabatur
1219 3646 1486 3714 sapientia
1524 3657 1573 3702 et
1603 3649 1798 3719 gratia.
1847 3647 1984 3705 Nec-

399 3731 532 3811 dum
566 3732 927 3805 quadraginta
959 3735 1078 3790 dies
1107 3736 1448 3806 purgationis
1483 3738 1819 3807 impleverat,
1855 3755 1983 3796 nec-

398 3824 531 3879 dum
568 3821 835 3881 Nazareth
876 3837 1120 3896 venerat,
1168 3839 1222 3882 et
1265 3828 1379 3898 jam
1433 3839 1601 3885 totam
1659 3832 1979 3901 sapientiam

399 3917 747 3987 respiciebat.
799 3917 982 3973 Potuit
1020 3917 1303 3990 Scriptura
1353 3921 1553 3988 dicere,
1611 3924 1892 3978 crescebat
1929 3932 1982 3978 rt

401 4006 834 4067 confortabatur.
864 4018 919 4065 et
948 4013 1250 4083 accipiebat
1281 4012 1566 4083 spiritum;
1595 4014 1690 4069 sed
1729 4015 1823 4084 qui
1856 4030 1983 4069 eva-

399 4110 659 4156 cuaverat
705 4118 764 4158 se
806 4102 1039 4159 formam
1092 4103 1235 4159 servi
1293 4105 1566 4175 accipiens
1595 4105 1663 4173 ⁵⁸,
1707 4106 1892 4161 statim
1924 4118 1982 4161 ut

397 4207 502 4261 pro
539 4193 896 4251 mundatione
925 4196 1038 4269 (50)
1078 4199 1197 4267 ejus
1239 4197 1566 4253 sacrificium
1598 4198 1839 4253 oblatum
1876 4209 1980 4264 est,

397 4284 452 4340 id
487 4287 634 4355 quod
663 4288 1055 4356 vaeuelecerat,
1086 4289 1401 4360 adimplevit
1426 4309 1438 4343 :
1466 4306 1573 4344 non
1608 4292 1752 4361 quod
1784 4307 1983 4362 corpus

398 4376 521 4445 ejus
555 4377 701 4434 illico
731 4381 910 4451 majus
938 4380 1104 4438 fuerit
1154 4383 1438 4450 etl‘ectum;
1491 4383 1585 4438 sed
1615 4381 1762 4453 quod
1796 4399 1981 4440 sacra-

2088 1885 2324 1956 plieiter,
2359 1885 2451 1942 sed
2491 1885 2546 1941 in
2582 1884 2763 1941 medio
2787 1884 3096 1951 doctorum,
3142 1884 3461 1940 audientem
3495 1894 3553 1940 et
3597 1886 3685 1940 in-

2088 1984 2452 2046 terrogantem
2484 1992 2598 2032 eos.
2633 1975 2701 2031 Et
2731 1986 2786 2031 tu
2826 1992 2956 2049 ergo
2980 1993 3163 2049 quaere
3203 1977 3388 2034 Jesum
3425 1978 3484 2032 in
3538 1985 3687 2033 tem-

2088 2066 2177 2138 plo
2207 2066 2324 2135 Dei,
2360 2083 2544 2138 quaere
2572 2068 2624 2123 in
2656 2066 2901 2126 Ecclesia
2927 2088 2940 2126 :
2971 2085 3157 2141 quaere
3204 2086 3328 2126 eum
3364 2071 3515 2141 apud
3559 2085 3684 2125 ma-

2086 2160 2309 2233 gistros,
2344 2161 2438 2232 qui
2469 2161 2522 2215 in
2552 2163 2752 2233 templo
2784 2172 2933 2229 sunt,
2965 2173 3019 2219 et
3061 2178 3168 2219 non
3220 2163 3588 2235 egrediuntur
3615 2178 3685 2220 ex

2087 2268 2176 2309 co.
2208 2251 2266 2307 Si
2300 2254 2446 2308 cnim
2470 2254 2540 2309 ita
2579 2255 2894 2325 quaesieris,
2948 2256 3191 2312 invenies
3233 2272 3382 2314 eum.
3416 2255 3602 2311 Porro
3635 2256 3687 2312 si

2088 2345 2360 2416 quispiam
2395 2346 2528 2402 dicit
2573 2363 2632 2403 se
2688 2349 3009 2420 magistrum
3040 2365 3161 2406 esse
3184 2390 3199 2414 ,
3231 2359 3289 2404 et
3320 2349 3512 2407 Iesum
3569 2366 3683 2406 non

2088 2436 2270 2501 habet,
2328 2438 2431 2493 iste
2487 2437 2709 2493 nomine
2744 2448 2952 2494 tantum
2990 2439 3248 2510 magister
3288 2447 3412 2506 est,
3460 2449 3518 2494 et
3554 2439 3685 2494 ideo

2087 2530 2230 2600 apud
2258 2545 2384 2586 eum
2416 2546 2525 2586 non
2555 2540 2730 2601 potest
2758 2531 2990 2587 inveniri
3036 2530 3198 2587 Jesus
3225 2530 3466 2587 Verbum
3503 2530 3601 2587 Dei
3627 2540 3687 2587 et

2089 2623 2372 2693 sapientia.
2403 2622 2655 2679 Inventus
2676 2633 2776 2689 est,
2810 2624 3011 2695 inquit,
3045 2626 3103 2679 in
3150 2623 3320 2679 medio
3370 2625 3681 2679 doctorum.

2087 2715 2370 2783 Quomodo
2394 2718 2447 2772 in
2477 2718 2583 2773 alio
2607 2718 2728 2774 loco
2761 2719 2826 2774 de
2858 2719 3144 2790 prophetis
3176 2720 3436 2790 scriptum
3462 2729 3570 2782 est,
3597 2720 3683 2775 sic

2088 2818 2140 2863 et
2176 2825 2320 2864 nunc
2356 2809 2594 2881 intellige
2628 2810 2681 2865 in
2712 2811 2890 2866 medio
2942 2812 3249 2867 doctorum.
3290 2810 3369 2877 Si,
3395 2811 3575 2882 inquit
3606 2814 3681 2880 ⁸⁵,

2086 2901 2241 2955 alteri
2264 2902 2545 2956 revelatum
2570 2903 2731 2972 fuerit
2759 2903 2983 2971 sedenti,
3011 2906 3217 2973 primus
3253 2914 3447 2961 taceat.
3474 2904 3536 2960 In
3568 2922 3685 2963 me-

2086 2992 2177 3048 dio
2206 2994 2489 3050 doctorum
2527 2996 2805 3052 sedentem
2837 2997 3120 3053 inveniunt
3142 3003 3267 3053 eum
3296 3015 3310 3052 :
3343 3006 3398 3053 et
3428 3013 3543 3053 non
3580 3014 3681 3055 so-

2085 3085 2197 3140 lum
2221 3088 2519 3155 sedentem,
2550 3089 2643 3144 sed
2666 3100 2718 3144 et
2748 3089 3115 3146 sciscitantem
3137 3099 3192 3145 et
3217 3090 3527 3146 audientem
3553 3106 3678 3146 eos.

2086 3177 2152 3233 Et
2189 3194 2334 3235 nunc
2365 3196 2606 3251 praesens
2634 3179 2916 3247 estJesus,
2946 3184 3244 3255 interrogat
3281 3199 3403 3247 nos,
3434 3191 3487 3238 et
3511 3184 3677 3238 audit

2086 3274 2387 3343 loquentes.
2423 3272 2490 3327 Et
2520 3273 2871 3342 mirabantur,
2897 3274 3095 3344 inquit,
3124 3290 3321 3330 omnes.
3346 3275 3528 3345 Super
3555 3291 3677 3347 quo

2086 3366 2468 3423 mirabantur?
2489 3366 2608 3422 Non
2642 3384 2803 3438 super
2836 3370 3358 3440 interrogationibus
3374 3371 3519 3443 eius,
3546 3372 3684 3428 licet

2084 3467 2140 3514 et
2172 3459 2302 3529 ipsae
2335 3459 2613 3515 mirabiles
2647 3470 2803 3517 erant
2829 3503 2845 3529 ,
2896 3462 2989 3517 sed
3022 3479 3186 3533 super
3213 3465 3680 3535 responsionibus

2084 3547 2223 3619 ejus.
2253 3548 2412 3604 Aliud
2437 3560 2522 3606 est
2549 3549 2695 3605 enim
2729 3552 3087 3621 interrogare,
3121 3553 3266 3608 aliud
3312 3555 3673 3624 respondere.

2084 3639 2461 3713 Interrogabat
2494 3644 2810 3714 magistros,
2833 3652 2887 3700 et
2908 3645 3032 3715 quia
3060 3644 3393 3715 respondere
3417 3663 3531 3700 non
3573 3662 3677 3717 po-

2086 3742 2282 3802 terant,
2314 3734 2430 3803 ipse
2465 3736 2572 3803 his,
2604 3736 2672 3793 de
2704 3737 2905 3808 quibus
2953 3739 3403 3810 interrogaverat.
3433 3755 3674 3808 respon-

2084 3827 2265 3882 debat.
2316 3827 2473 3891 Quod
2519 3837 2701 3884 autem
2755 3831 3041 3901 responsio
3088 3847 3196 3886 non
3229 3831 3672 3888 vicissitudinem

2085 3916 2515 3982 sermocinandi,
2578 3920 2672 3977 sed
2716 3922 3021 3978 doctrinam
3050 3924 3103 3977 in
3134 3923 3433 3995 Scripturis
3461 3924 3675 3981 sanctis

2085 4021 2262 4079 sonet,
2291 4012 2375 4067 lex
2428 4012 2611 4068 divina
2673 4022 2722 4068 te
2765 4015 2976 4071 doceat.
3018 4014 3231 4086 Moyses
3288 4016 3669 4086 loquebatur,

2084 4101 2229 4158 Deus
2259 4112 2439 4158 autem
2474 4104 2836 4175 respondebat
2864 4107 2915 4161 ei
2937 4122 3091 4163 voce.
3121 4106 3428 4177 Responsio
3452 4108 3544 4162 illa
3579 4122 3669 4163 eoo

2083 4210 2208 4250 rum
2248 4203 2390 4261 erat,
2421 4210 2587 4264 super
2614 4197 2816 4265 quibus
2844 4197 3190 4267 ignorantem
3225 4196 3671 4268 Moysen'Domi-

2083 4304 2187 4344 nus
2226 4289 2549 4344 instruebat.
2600 4287 2875 4346 Interdum
2923 4291 3224 4362 interrogat
3268 4290 3464 4356 Jesus,
3497 4293 3672 4346 inter-

2081 4380 2210 4435 dum
2264 4382 2577 4451 respondet,
2637 4382 2780 4436 sicut
2830 4397 2995 4452 supra
3045 4382 3305 4438 diximus.
3338 4382 3669 4453 Quanquam

400 4465 512 4524 tius
537 4470 817 4540 quippiam
849 4471 1343 4539 demonstraretur,
1366 4474 1647 4544 Scriptura
1680 4473 1975 4530 referente:
2013 4479 2056 4535 ι)
2087 4470 2351 4524 mirabilis
2373 4471 2493 4539 ejus
2525 4471 2879 4540 interrogatio
2910 4472 3001 4536 sit,
3034 4480 3214 4526 tamen
3267 4473 3441 4528 mnito
3494 4470 3671 4528 mira-'-

396 4556 541 4613 Puer
566 4573 745 4616 autem
775 4565 1035 4619 crescebat
1066 4576 1116 4621 et
1147 4568 1575 4637 confortabatur,
1600 4577 1650 4621 et
1678 4567 1980 4637 replebatur

397 4649 680 4719 sapientia.
697 4652 1018 4719 Quaeramus
1043 4659 1219 4714 sicubi
1242 4660 1370 4715 alibi
1389 4661 1454 4716 de
1472 4659 1696 4729 parvulo
1718 4661 1978 4730 scriptum

398 4744 492 4811 sit,
514 4747 780 4801 crescebat
805 4759 854 4803 et
878 4752 1308 4821 confertabatur,
1338 4766 1397 4811 ut
1419 4772 1485 4810 cx
1510 4756 1802 4811 collatione
1842 4757 1983 4811 mul-

398 4842 578 4889 torum
600 4836 729 4907 quid
750 4839 873 4908 plus
899 4840 951 4894 in
968 4839 1199 4899 Domino
1221 4857 1408 4900 nostro
1430 4846 1664 4911 dicatur,
1685 4847 1983 4917 intelligere

396 4924 699 4984 valeamus.
717 4926 793 4984 De
811 4927 1021 4987 Joanne
1041 4951 1053 4986 :
1073 4930 1217 4988 Puer
1237 4946 1409 4991 autem
1429 4940 1689 4993 crescebat
1708 4947 1757 4993 et
1775 4939 1986 5008 confor-

399 5017 617 5073 tabatur
630 5033 649 5072 :
663 5030 715 5077 et
731 5030 909 5078 tamen
928 5039 1037 5080 non
1059 5027 1298 5093 additur,
1315 5039 1364 5083 et
1382 5030 1680 5100 replebatur
1698 5032 1980 5101 sapientia,

399 5108 496 5164 sed
547 5111 958 5178 confortabatur
1000 5118 1211 5185 spiritu.
1269 5118 1367 5176 Hic
1409 5138 1538 5177 vero
1580 5124 1648 5178 de
1696 5123 1928 5177 Domino
1964 5142 1977 5178 :

397 5198 699 5269 Crescebat,
729 5203 928 5274 inquit,
955 5215 1004 5258 et
1028 5210 1456 5278 confortabatur,
1490 5224 1538 5267 et
1570 5214 1872 5283 replebatur
1890 5230 1980 5267 sa-

395 5289 618 5359 pientia,
643 5303 692 5346 et
719 5295 897 5361 gratia
926 5293 1023 5349 Dei
1041 5308 1157 5353 erat
1192 5317 1351 5371 super
1371 5319 1512 5357 eum.
1542 5302 1668 5359 lianc
1694 5304 1880 5358 omnia
1911 5302 1981 5359 de

466 5426 554 5482 ⁸³1
582 5428 709 5486 Cor.
752 5447 791 5500 ι,
814 5433 868 5486 2.
947 5434 993 5467 “
1024 5435 1219 5510 Philip.
1253 5458 1311 5509 tt,
1346 5442 1397 5497 7.
1474 5444 1519 5475 ”
1551 5442 1572 5497 I
1600 5444 1725 5500 Cor.
1761 5459 1875 5511 xw,
1908 5443 2000 5502 50.

471 5564 584 5649 (49)
606 5567 1214 5649 _I_iescripsimus__tunc,
1253 5593 1351 5649 pro
1385 5594 1494 5648 quo
1525 5596 1662 5633 nunc
1697 5579 1980 5649 legebatur

400 5645 579 5719 antea,
605 5637 767 5707 idque
793 5637 964 5712 genus
998 5637 1417 5719 aliainterdnni'
1434 5650 1582 5703 taciti
1617 5637 1975 5719 castigamus.

398 5703 977 5788 Ilicmvera'conicxtns
1007 5716 1164 5782 paulo
1201 5716 1380 5788 adhuc
1412 5703 1640 5773 videtur
1662 5703 1975 5788 impeditus.

471 5775 584 5840 (50';
636 5777 834 5836 Recole
877 5775 1287 5855 quze'superius
1330 5788 1399 5843 ad
1433 5788 1621 5846 homil.
1666 5775 1866 5846 ΜἸιίιε
1914 5790 1980 5848 de

2088 4558 2249 4613 bilior
2275 4569 2357 4612 est
2384 4559 2689 4629 responsio.
2726 4556 2794 4612 Ut
2815 4557 2980 4628 igitur
2995 4568 3050 4614 et
3077 4574 3178 4613 nos
3204 4559 3492 4617 audiamus
3514 4576 3667 4628 eum,

2088 4660 2142 4705 et
2173 4659 2442 4721 proponat
2471 4649 2631 4704 nobis
2667 4649 3021 4719 quaestiones,
3052 4664 3189 4719 quas
3234 4650 3349 4719 ipse
3376 4650 3668 4719 dissolvat,

2090 4742 2443 4797 Obsecremus
2477 4740 2653 4804 illum,
2677 4749 2883 4794 etcum
2920 4741 3104 4796 labore
3157 4742 3328 4795 nimio
3378 4753 3435 4795 et
3476 4740 3671 4797 dolore

2088 4849 2420 4905 quaeramus,
2447 4843 2500 4887 et
2531 4844 2660 4887 tunc
2691 4834 2989 4901 poterimus
3023 4833 3267 4886 invenire
3285 4848 3445 4902 quem
3467 4834 3671 4902 quaeri-

2091 4943 2235 4982 ntus.
2266 4925 2383 4993 Non
2407 4924 2551 4980 enim
2587 4923 2792 4979 frustra
2826 4926 3087 4994 scriptum
3111 4935 3195 4979 est
3227 4943 3240 4978 :
3277 4923 3388 4995 Ego
3427 4935 3475 4978 et
3514 4935 3673 4994 pater

2090 5030 2212 5074 tuus
2238 5018 2472 5073 dolentes
2492 5017 2854 5089 quaerebamus
2881 5026 2958 5071 te:
2988 5024 3200 5087 oportet
3221 5016 3368 5070 enim
3397 5016 3489 5086 qui
3517 5031 3669 5086 qua:-

2086 5115 2158 5169 rit
2176 5113 2382 5179 Iesum,
2403 5130 2512 5168 non
2535 5113 2886 5184 negligenter,
2911 5125 3019 5164 non
3046 5109 3334 5173 dissolute,
3354 5126 3462 5165 non
3486 5120 3670 5165 trans-

2085 5208 2245 5262 itorie
2290 5221 2571 5278 quaerere,
2606 5206 2749 5261 sicut
2793 5210 3044 5273 quaerunt
3095 5201 3384 5266 nonnulli,
3432 5212 3484 5256 et
3542 5202 3671 5256 ideo

2088 5300 2334 5356 invenire
2360 5313 2470 5353 non
2504 5305 2754 5369 possunt.
2779 5293 2894 5351 Nos
2923 5301 3104 5349 autem
3140 5294 3429 5349 dicamus:
3464 5291 3666 5347 Dolen-

2085 5577 2410 5649 purgatione
2454 5592 2518 5633 ex
2547 5573 2797 5649 Origenis
2843 5591 3008 5632 sensu
3049 5575 3310 5639 diximus,
3353 5572 3573 5649 quibus,
3594 5572 3658 5626 ad

2087 5645 2380 5704 tollendam
2404 5645 2752 5718 blasphemiae
2781 5649 3319 5718 suspicionem,adde
3343 5645 3657 5718 praeclaram

2086 5737 2153 5774 ex
2183 5714 2537 5787 subsequenti
2564 5717 2805 5785 ejusdem
2837 5714 3057 5771 homilia
3085 5718 3409 5771 sententiam
3432 5731 3445 5769 ε
3467 5714 3657 5767 Anima

2087 5789 2215 5847 Jesu
2247 5806 2513 5864 nunquam
2538 5787 2739 5859 peccati
2774 5787 2928 5842 sorde
2960 5788 3228 5842 maculata
3255 5797 3352 5844 est.
