4002 6584
205 452 338 509 1849

1389 460 1459 516 ΙΝ
1497 460 1733 518 LUCAM
1774 460 2057 518 liOMlLIX
2093 461 2236 517 XIX.

3318 473 3455 528 i350

200 579 277 622 tes
297 568 584 639 querimus
611 577 679 625 te.
708 567 773 624 Et
798 584 921 625 eum
952 570 1057 626 hoc
1084 567 1407 639 dixerimus,
1431 574 1498 630 ad
1524 575 1778 631 laboran-
1805 577 1852 633 Α
1877 574 2262 643 complcretur.
2301 571 2456 628 ibant
2478 573 2659 646 itaque
2686 589 2939 647 parentes
2981 582 3120 653 ejus,
3145 583 3301 655 juxta
3330 603 3458 644 con-

201 669 307 715 tem
341 660 580 715 animam
613 671 854 717 nostram
906 670 962 718 et
999 678 1125 719 cum
1171 664 1362 722 dolore
1404 678 1772 736 quaerentem,

200 754 549 824 respondebit
578 763 633 810 et
657 755 800 812 dicet
826 775 841 810 :
885 755 1118 813 Nescitis
1159 760 1286 829 quia
1326 762 1382 814 in
1404 761 1488 814 his
1511 777 1629 831 quia
1653 770 1774 816 sunt

201 845 389 903 Patris
414 847 515 901 mei
542 863 621 901 me
643 856 844 917 oportet
865 850 1017 904 esse?
1038 848 1142 905 Ubi
1175 858 1304 905 sunt
1331 851 1572 907 haeretici
1621 851 1775 921 impii

197 946 363 1009 atque
401 940 637 1004 vesani,
681 940 777 1010 qui
824 949 1079 998 asserunt
1124 957 1233 997 non
1262 957 1385 999 esse
1432 941 1610 999 Patris
1642 941 1773 999 Jesu

195 1029 403 1086 Christi
435 1029 611 1102 legem
638 1039 693 1088 et
721 1033 1058 1103 prophetas?
1088 1031 1247 1089 Certe
1279 1032 1438 1090 Jesus
1473 1034 1528 1088 in
1570 1035 1773 1105 templo

193 1133 334 1188 erat,
365 1123 510 1193 quod
540 1138 571 1178 a
600 1122 894 1179 Salomone
935 1134 1311 1181 constructum
1348 1135 1489 1194 erat,
1519 1135 1574 1183 et
1601 1128 1773 1184 conti-

191 1223 340 1272 tetur
368 1216 627 1287 templum
654 1216 785 1272 illud
814 1216 993 1273 Patris
1022 1217 1108 1274 sui
1140 1234 1282 1285 esse,
1309 1235 1471 1291 quem
1497 1220 1655 1277 nobis
1680 1236 1770 1276 re-

189 1308 413 1374 velavit,
439 1308 600 1378 cujus
636 1306 836 1365 Filium
887 1324 1010 1367 esse
1053 1325 1112 1366 se
1163 1311 1321 1368 dixit.
1386 1310 1771 1382 Respondeant

188 1401 471 1472 quomodo
506 1403 643 1458 alter
663 1403 864 1473 bonus,
892 1416 947 1460 et
968 1405 1105 1461 alter
1130 1406 1200 1462 sit
1221 1407 1405 1477 justus
1432 1407 1597 1463 Deus.
1629 1406 1768 1474 Quia

188 1493 362 1563 igitur
385 1492 636 1549 Salvator
662 1494 940 1553 Creatoris
986 1506 1069 1554 est
1110 1495 1318 1564 Filius,
1372 1498 1429 1553 in
1478 1514 1769 1555 commune

183 1583 406 1640 Patrem
441 1585 749 1657 Filiumque
784 1588 1069 1645 laudemus
1093 1630 1109 1655 ,
1154 1591 1314 1661 cujus
1351 1590 1459 1657 lex,
1504 1591 1666 1662 cujus
1713 1600 1769 1647 et

186 1673 450 1743 templum
485 1682 591 1730 est.
625 1673 730 1731 Cui
758 1684 843 1732 est
864 1677 1113 1749 gloriaet
1137 1679 1424 1752 imperium
1462 1680 1520 1736 in
1567 1682 1765 1738 saecula

184 1761 540 1818 szeculorum.
571 1763 765 1821 Amen.

746 1876 1030 1936 HOMILIA
1052 1879 1198 1938 XIX.

184 1967 264 2025 De
283 1984 343 2026 eo
366 1971 781 2043 quodgscriptum
800 1981 920 2028 est:
961 1992 981 2027 ι
1012 1973 1155 2028 Puer
1189 1984 1368 2029 autem
1410 1976 1671 2032 crescebat
1707 1987 1761 2032 et

250 1986 343 2026 reo
402 1986 503 2025 uoa
526 1986 781 2043 scriptum
800 1986 878 2028 est
900 1990 920 2028 :
961 1992 981 2027 ι
1012 1986 1155 2028 Puer
1189 1986 1368 2029 autem
1410 1986 1671 2032 crescebat
1707 1987 1760 2032 et

250 1986 690 2116 conﬂirtabatur,
713 2063 732 2096 ι
760 2060 923 2116 usque
941 2044 1011 2098 ad
1030 2044 1344 2116 eum_locum
1366 2045 1456 2101 ubi
1478 2047 1591 2102 ait:
1620 2067 1638 2101 ι
1664 2046 1760 2104 Sc-

250 2112 427 2168 niores
450 2112 505 2166 in
533 2113 723 2184 templo
748 2112 1061 2186 interrogat.
1086 2133 1106 2167 ι
1133 2114 1267 2185 Cap.
1302 2130 1364 2174 ll.

251 2222 394 2292 Quia
420 2225 668 2281 nonnulli
696 2226 790 2298 qui
814 2236 1016 2284 sanctae
1035 2228 1330 2299 Scripturas
1350 2228 1605 2286 videntur
1634 2246 1756 2288 cre-

178 2315 332 2384 dere,
361 2318 520 2388 quasi
549 2318 603 2374 in
629 2318 857 2391 gloriam
891 2320 1280 2390 omnipotentis
1300 2321 1394 2376 Dei
1418 2322 1757 2380 divinitatem

179 2406 483 2465 Salvatoris
509 2418 731 2482 negant,
761 2410 971 2481 justum
999 2410 1134 2466 mihi
1168 2411 1402 2480 videtur,
1429 2422 1489 2468 ut
1512 2413 1755 2484 ipsarum

179 2499 590 2572 Scripturarum
634 2502 957 2558 auctoritate
1007 2501 1309 2559 doceantur
1342 2504 1403 2558 in
1453 2506 1753 2562 humanum

175 2608 381 2664 corpus
414 2593 674 2665 quiddam
703 2594 919 2652 venisse
939 2595 1184 2651 divinum
1218 2614 1234 2651 :
1267 2603 1324 2652 et
1349 2611 1461 2653 non
1490 2598 1670 2654 solum
1698 2599 1754 2655 in

176 2684 480 2741 humanum
514 2700 738 2758 corpus,
773 2687 873 2744 sed
904 2687 960 2743 in
1015 2688 1314 2744 humanam
1360 2705 1580 2762 quoque
1636 2693 1756 2747 ani-

175 2793 344 2833 mam.
377 2777 703 2851 Quanquam
738 2780 786 2836 si
816 2781 1119 2853 diligenter
1144 2796 1368 2838 sensum
1421 2782 1755 2842 intendimus

176 2872 610 2944 Seripturarum,
636 2874 758 2945 plus
778 2874 986 2946 aliquid
1014 2875 1198 2930 anima
1231 2874 1323 2931 illa
1353 2874 1564 2942 habuit,
1586 2893 1754 2948 quam

172 2972 385 3020 eceterze
419 2966 700 3022 hominum
728 2968 946 3022 animae.
983 2966 1176 3024 Omnis
1200 2968 1399 3039 quippe
1433 2970 1617 3025 anima
1649 2970 1753 3027 ho-

173 3057 361 3117 minis.
391 3066 684 3130 antequam
709 3059 777 3115 ad
806 3059 1037 3115 virtutes
1067 3058 1272 3127 veniat,
1300 3059 1445 3116 vitiis
1499 3061 1751 3116 sordida-

172 3161 285 3208 tur.
327 3149 498 3208 Porro
526 3153 712 3208 anima
741 3151 871 3209 Jesu
892 3168 1173 3224 nunquam
1219 3153 1429 3224 peccati
1447 3155 1607 3211 sorde
1634 3169 1753 3209 ma-

1878 665 2225 720 suetudinem
2250 707 2265 733 ,
2314 665 2370 720 in
2394 664 2694 722 Jerusalem
2725 670 2792 725 ad
2827 673 3125 731 solemnem
3146 678 3290 733 diem
3324 678 3456 736 Pas-

1877 756 2013 812 chte.
2039 755 2108 809 Et
2134 774 2255 811 cum
2278 759 2454 827 [actus
2480 759 2669 828 fuisset
2691 764 2959 818 annorum
2983 766 3281 826 duodecim.
3322 771 3455 827 Dili-

1876 859 2064 921 geutcr
2111 849 2363 916 observa,
2421 851 2552 922 quia
2595 853 2919 924 priusquam
2973 858 3259 918 duodecim
3309 876 3456 922 esset

1875 955 2167 1009 annorum,
2197 944 2462 1015 sapientia
2493 946 2584 1001 Dei
2609 948 3045 1019 etcadmisquaa
3073 953 3139 1008 de
3158 970 3227 1011 eo
3251 946 3453 1029 scripta

1874 1041 2024 1097 sunt,
2058 1037 2451 1106 complebatur.
2470 1037 2606 1094 Cum
2626 1056 2780 1112 ergo,
2805 1050 2867 1097 ut
2885 1043 3145 1109 diximus,
3166 1048 3451 1107 duodecim

1873 1134 2019 1182 esset
2047 1142 2315 1183 annorum
2341 1141 2395 1186 et
2419 1131 2575 1201 juxta
2599 1149 2807 1190 morem
2835 1135 2951 1191 dies
2975 1137 3339 1197 solemnitatis
3368 1159 3458 1197 ex-

1870 1217 2001 1299 pleti
2029 1228 2235 1288 essent,
2266 1230 2321 1278 et
2370 1232 2771 1280 reverterentur
2822 1237 3076 1298 parentes
3116 1245 3242 1285 cum
3275 1231 3455 1287 inlau-

1872 1310 1987 1367 tulo
2011 1310 2164 1378 Jesu,
2200 1315 2467 1372 remansit
2494 1333 2631 1386 puer
2653 1319 2707 1373 in
2754 1318 3057 1378 Jerusalem
3086 1365 3101 1391 ,
3150 1311 3451 1381 et'nescie-

1870 1402 2002 1459 bant
2032 1417 2286 1475 parentes
2307 1408 2445 1479 ejus.
2470 1408 2538 1464 Et
2570 1410 2659 1467 hic
2683 1412 2973 1469 sublimius
3002 1415 3262 1484 quiddam
3285 1432 3452 1485 quam
3492 1472 3495 1473 ν

1868 1487 2108 1552 humana
2140 1509 2333 1556 natura
2358 1502 2583 1571 patitur,
2605 1503 2862 1576 intellige.
2913 1506 3077 1577 955
3107 1505 3227 1563 Non
3291 1510 3439 1563 enim

1869 1587 2188 1658 simpliciter
2231 1592 2538 1660 remansit,
2599 1602 2653 1649 et
2701 1606 2953 1665 parentes
3004 1598 3124 1667 ejus
3171 1598 3265 1653 ubi
3306 1609 3453 1655 esset

1869 1679 2233 1750 ignorabant;
2291 1684 2385 1739 sed
2444 1684 2723 1755 quomodo
2766 1686 2821 1740 in
2878 1685 3106 1744 Joannis
3153 1687 3451 1759 Evangelia

1866 1773 2128 1843 scriptum
2152 1784 2237 1830 est
2258 1776 2324 1844 ⁸⁷,
2358 1779 2617 1848 quoniam
2655 1779 3053 1836 insidiabantur
3087 1783 3136 1837 ei
3168 1768 3365 1846 Judaei,
3395 1792 3451 1840 et

1865 1864 2082 1936 elapsus
2113 1878 2199 1924 est
2226 1869 2291 1924 de
2313 1870 2493 1926 medio
2518 1886 2731 1940 eorum,
2760 1882 2815 1928 et
2860 1888 2971 1929 non
3022 1877 3274 1945 apparuit
3303 1895 3318 1932 :
3367 1878 3449 1933 sic

1866 1965 1919 2012 et
1946 1974 2092 2015 nunc
2122 1970 2253 2031 puto
2280 1964 2613 2020 remansisse
2659 1981 2890 2036 puerum
2925 1966 2980 2037 in
3013 1965 3317 2023 Jerusalem
3342 2010 3359 2034 ,
3393 1980 3450 2025 et

1865 2060 2121 2120 parentes
2159 2053 2279 2126 ejus
2328 2055 2421 2111 ubi
2445 2058 2773 2113 remanserit
2804 2058 3106 2129 ignorasse.
3139 2057 3251 2117 Nec
3282 2061 3447 2119 mire-

1866 2156 1990 2195 mur
2022 2154 2276 2213 parentes
2310 2156 2537 2203 vocatos
2566 2188 2582 2213 ,
2636 2164 2871 2219 quorum
2920 2151 3057 2206 alter
3087 2152 3158 2206 ob
3190 2161 3405 2222 partum
3429 2195 3445 2220 ,

1858 2234 1994 2291 alter
2017 2237 2088 2292 ob
2120 2238 2444 2310 obsequium
2467 2282 2482 2306 ,
2507 2241 2679 2311 patris
2699 2250 2753 2299 et
2775 2242 2966 2299 matris
2996 2256 3312 2301 meruerunt
3338 2261 3437 2300 vo-

1858 2328 2075 2384 cabula.
2113 2327 2413 2401 Sequitur:
2472 2332 2715 2389 Dolantes
2741 2376 2758 2402 ,
2812 2336 3029 2406 inquit,
3074 2337 3441 2407 quaerebamus

1858 2429 1908 2474 te
1931 2419 2067 2492 (51).
2105 2421 2223 2476 Νοη
2262 2433 2392 2493 puto
2415 2439 2509 2480 eos
2546 2425 2749 2483 idcirco
2783 2427 3026 2485 doluisse
3050 2470 3066 2495 ,
3107 2429 3234 2500 quia
3287 2436 3450 2499 puta-

1856 2520 1979 2566 rent
2007 2526 2222 2569 errasse
2244 2527 2496 2583 puerum,
2531 2515 2616 2570 vel
2648 2516 2918 2586 periisse:
2966 2533 3068 2574 nec
3100 2528 3313 2588 poterat
3341 2535 3435 2574 ac-

1855 2603 2153 2668 cidere,.ut
2182 2604 2378 2673 Maria,
2410 2622 2537 2677 quae
2554 2608 2760 2664 sciebat
2789 2625 2848 2665 se
2885 2610 2953 2665 de
3008 2609 3213 2681 Spiritu
3248 2622 3441 2671 sancto

1857 2696 2203 2767 concepisse,
2236 2712 2358 2767 quae
2383 2707 2438 2753 et
2466 2700 2717 2769 angelum
2752 2701 3088 2773 loquentem,
3127 2712 3182 2757 et
3217 2719 3444 2760 curren-

1857 2796 1941 2843 tes
1965 2796 2235 2859 pastores,
2263 2800 2317 2844 et
2347 2789 2656 2845 Simeonem
2687 2792 2934 2849 audierat
2979 2795 3395 2865 prephetantem
3424 2836 3441 2863 ,

1858 2877 2093 2943 timeret,
2128 2894 2197 2934 ne
2258 2895 2486 2949 puerum
2539 2882 2789 2950 perderet
2835 2884 3199 2939 aberrantem.
3235 2886 3445 2942 Amove

1859 2967 2003 3023 hanc
2032 2968 2346 3038 opinionem
2376 2970 2611 3024 maxime
2641 2970 2707 3025 de
2731 2969 2953 3040 Joseph,
2986 2973 3075 3027 cui
3124 2974 3194 3028 ab
3243 2976 3440 3043 angelo

1853 3056 2185 3132 praeceptum
2221 3058 2420 3123 fuerat,
2454 3068 2516 3115 ut
2546 3060 2758 3115 tolleret
2792 3077 3044 3131 puerum,
3079 3071 3135 3118 et
3167 3063 3220 3117 in
3271 3064 3440 3135 Egy-

1854 3160 2007 3222 ptum
2029 3160 2306 3223 pergeret;
2337 3151 2428 3222 qui
2458 3150 2704 3205 audierat
2741 3171 2753 3206 :
2786 3150 2867 3205 Ne
2892 3153 3077 3208 timeas
3107 3154 3287 3209 tollere
3315 3154 3438 3209 Ma-

170 3245 353 3300 eulata
381 3253 484 3302 est.
521 3244 804 3317 Siquidem
834 3254 1126 3316 antequam
1153 3246 1222 3302 ad
1263 3246 1649 3302 duodecimum
1676 3262 1751 3303 a3-
1777 3256 1820 3317 c
1857 3244 1993 3297 riam
2027 3242 2303 3314 conjugem
2327 3258 2494 3308 ruam,
2527 3244 2666 3314 quod
2688 3245 2827 3299 enim
2851 3245 2907 3298 in
2928 3261 2988 3299 ea
3010 3255 3194 3299 natum
3217 3256 3331 3313 est,
3371 3249 3435 3305 de

168 3337 301 3393 tatis
337 3338 645 3407 pervenerit
679 3353 884 3394 annum
909 3378 927 3406 ,
974 3338 1212 3410 Spiritus
1258 3348 1482 3396 sanctus
1504 3339 1572 3395 de
1596 3355 1662 3395 eo
1696 3340 1752 3396 in

167 3428 334 3485 Luca:
348 3429 539 3488 scribit
554 3429 846 3502 Evangelio
870 3449 884 3486 :
914 3428 1059 3487 Puer
1077 3441 1255 3488 autem
1278 3434 1538 3488 crescebat
1557 3442 1607 3488 et
1628 3449 1754 3487 cou-

167 3520 498 3590 fartabatur,
540 3530 590 3576 et
639 3522 940 3593 replebatur
987 3525 1268 3594 sapientia.
1303 3523 1418 3580 Hoc
1465 3524 1750 3581 hominum

167 3623 367 3670 natura
395 3630 503 3672 non
543 3616 757 3687 recipit,
776 3626 836 3672 ut
864 3626 991 3672 ante
1014 3617 1300 3673 duodecim
1328 3632 1505 3673 annos
1537 3618 1753 3689 sapien-

166 3705 243 3760 tia
278 3705 636 3776 compleatur.
667 3706 830 3762 Aliud
853 3715 938 3763 est
972 3716 1181 3777 partem
1213 3707 1417 3763 habere
1444 3708 1747 3778 sapientiae,

166 3796 317 3852 aliud
363 3796 635 3867 sapientia
674 3812 797 3855 esse
838 3799 1192 3869 completum.
1242 3797 1362 3854 Non
1418 3800 1750 3872 ambigimus

166 3896 299 3962 ergo
328 3889 573 3944 divinum
600 3891 804 3961 aliquid
841 3891 897 3947 in
924 3907 1090 3947 carne
1120 3890 1248 3948 Jesu
1277 3893 1601 3963 apparuisse
1630 3912 1643 3949 :
1694 3902 1750 3950 et

163 3998 275 4038 non
306 3982 481 4038 solum
512 3998 677 4053 super
697 3984 1001 4048 hominem,
1030 3985 1121 4041 sed
1156 4000 1321 4055 super
1353 4002 1571 4041 omnem
1606 4001 1748 4057 quo-

160 4091 273 4145 que
324 4076 646 4131 rationalem
702 4085 1034 4133 creaturam.
1072 4075 1140 4129 Et
1186 4077 1495 4145 crescebat,
1544 4079 1745 4149 inquit.

159 4166 559 4225 llumiliaverat
584 4169 729 4225 enim
764 4183 847 4235 se,
875 4168 1107 4224 formam
1144 4171 1287 4226 servi
1318 4170 1592 4241 accipiens
1623 4209 1638 4235 ,
1691 4180 1749 4226 et

159 4261 355 4316 eadem
378 4258 580 4316 virtute
610 4275 719 4332 qua
769 4276 831 4316 se
858 4260 1264 4325 bumiliaverat,
1301 4262 1522 4318 crescit.
1557 4261 1743 4332 Appa-

160 4363 351 4408 ruerat
385 4352 635 4408 inﬁrmus
666 4372 679 4407 :
708 4353 838 4423 quia
868 4352 1146 4408 inﬁrmum
1200 4368 1400 4423 corpus
1430 4343 1747 4425 assumpsi:-

160 4457 268 4513 rat,
299 4457 354 4501 et
399 4445 469 4501 ob
513 4447 565 4501 id
614 4446 811 4501 iterum
866 4446 1228 4503 confortatur.
1262 4446 1639 4504 Evacuaverat
1685 4464 1747 4505 se

156 4540 335 4596 Filius
365 4538 460 4597 Dei
488 4539 535 4571 ⁸⁸
569 4557 582 4593 :
618 4548 671 4595 et
699 4547 987 4610 propterea
1027 4555 1246 4596 rursum
1296 4542 1601 4611 completur
1654 4557 1744 4598 sa-

1856 3333 2063 3405 Spiritu
2083 3345 2265 3391 sancto
2284 3348 2359 3392 est
2392 3337 2459 3391 ⁵⁸.
2497 3335 2787 3409 Nunquam
2837 3336 2954 3392 ﬁeri
2978 3348 3211 3408 poterat,
3237 3351 3293 3395 ut
3313 3357 3439 3413 per—

1854 3427 2028 3484 ditum
2056 3428 2376 3485 formidaret
2404 3429 2687 3496 infantem,
2717 3445 2880 3502 quem
2913 3431 3157 3487 divinum
3187 3448 3307 3490 esse
3338 3450 3436 3490 co-

1856 3528 2136 3592 gnoverat.
2162 3521 2322 3575 Aliud
2366 3521 2664 3593 quidquam
2695 3522 2851 3577 dolor
2895 3534 2950 3578 et
2980 3524 3209 3594 quaestio
3238 3539 3439 3596 paren-

1854 3620 1969 3668 tum
1997 3654 2013 3681 ,
2049 3628 2215 3685 quam
2261 3613 2491 3685 simplex
2539 3615 2708 3670 lector
2741 3615 3030 3686 intelligit,
3075 3626 3254 3672 sonat.
3289 3617 3437 3684 Quo-

1853 3705 2018 3762 modo
2052 3706 2199 3762 enim
2228 3713 2307 3772 tu,
2338 3705 2386 3759 si
2406 3706 2625 3777 quando
2657 3706 2968 3778 Scripturas
3017 3707 3150 3778 legis
3170 3749 3185 3774 ,
3235 3711 3436 3779 quaeris

1853 3795 1907 3852 in
1932 3798 2012 3854 eis
2043 3812 2265 3853 sensum
2304 3814 2429 3853 cum
2458 3797 2645 3853 dolore
2669 3799 2906 3868 quodam
2929 3816 2995 3857 ac
3019 3808 3308 3869 tormento,
3325 3816 3436 3858 non

1851 3905 1963 3960 quo
1994 3888 2308 3959 Scripturas
2337 3903 2572 3954 errasse,
2598 3897 2694 3943 aut
2725 3904 3011 3960 perperam
3064 3890 3195 3960 quid
3232 3891 3435 3947 habere

1852 3980 2174 4048 arbitreris;
2215 3980 2308 4036 sed
2338 3981 2483 4051 quod
2522 3980 2627 4034 illae
2668 3981 2999 4036 intrinsecus
3028 3981 3263 4036 habeant
3291 3983 3433 4038 veri-

1854 4074 1981 4131 tatis
2009 4087 2317 4129 sermonem
2347 4081 2510 4142 alquc
2530 4072 2817 4137 rationem,
2842 4080 2896 4126 et
2937 4082 2995 4127 tu
3024 4089 3262 4144 nequeas
3283 4074 3435 4129 inve-

1851 4166 1969 4222 nire
1993 4166 2140 4235 quod
2174 4180 2360 4220 verum
2391 4174 2476 4220 est
2502 4184 2517 4231 ;
2554 4164 2629 4218 ita
2663 4173 2717 4218 et
2744 4164 2821 4219 illi
2849 4164 3168 4235 quaerebant
3199 4181 3267 4219 ne
3294 4163 3434 4221 forte

1850 4256 2173 4312 recessisset
2195 4256 2264 4310 ab
2288 4255 2389 4322 eis,
2423 4270 2490 4308 ne
2518 4253 2830 4323 relinquens
2863 4269 2979 4319 eos,
3009 4255 3074 4310 ad
3106 4255 3212 4309 alia
3246 4263 3430 4311 trans-

1850 4349 2161 4419 migrasset,
2193 4356 2247 4403 et
2270 4348 2415 4419 quod
2450 4350 2625 4421 magis
2654 4359 2784 4418 puto
2804 4389 2820 4415 ,
2849 4348 2962 4419 (52)
3019 4364 3087 4403 ne
3116 4349 3432 4403 revertisset

1849 4443 1915 4498 ad
1942 4443 2135 4507 caelos,
2170 4458 2296 4498 cum
2323 4443 2399 4498 illi
2430 4443 2761 4513 placuisset,
2793 4443 2988 4498 iterum
3038 4444 3425 4499 descensurus.

1848 4535 2103 4591 Dolentes
2135 4550 2266 4606 ergo
2293 4536 2611 4606 quzerebant
2643 4534 2839 4589 Filium
2874 4533 2991 4591 Dei.
3024 4533 3089 4589 Et
3121 4550 3245 4589 cum
3276 4549 3427 4604 quze-

156 4631 365 4703 pientia
392 4648 407 4698 ;
433 4640 487 4687 et
516 4630 692 4701 gratia
722 4630 817 4687 Dei
843 4639 962 4688 erat
984 4647 1150 4702 super
1180 4648 1328 4688 eum.
1362 4631 1482 4688 Non
1518 4634 1740 4705 quando
1771 4628 1816 4685 D
1845 4638 2049 4695 rerent,
2077 4643 2186 4683 non
2216 4629 2543 4684 invenerunt
2574 4627 2717 4682 inter
2755 4637 3038 4698 cognatos.
3064 4626 3251 4698 Neque
3277 4626 3426 4681 enin.

153 4726 309 4780 venit
333 4724 400 4779 ad
429 4724 878 4789 adolescentiam,
913 4740 1025 4779 non
1046 4725 1268 4795 quando
1302 4725 1590 4783 manifeste
1635 4728 1738 4782 do-

154 4818 353 4883 cebat;
388 4817 483 4873 sed
515 4830 639 4872 cum
676 4814 857 4871 adhuc
883 4825 1031 4872 esset
1061 4816 1321 4886 parvulus
1353 4817 1585 4874 habebat
1612 4834 1739 4890 gra-

155 4912 294 4967 tiam
333 4910 428 4966 Dei
457 4929 470 4966 :
504 4917 559 4966 et
588 4910 867 4981 quomodo
892 4910 1076 4964 omnia
1097 4911 1153 4963 in
1193 4911 1288 4965 illo
1310 4910 1587 4967 mirabilia
1617 4912 1739 4967 fue-

153 5014 304 5071 rant,
339 5004 414 5059 ita
445 5011 500 5059 et
530 5002 764 5073 pueritia
785 5001 1055 5058 mirabilis
1074 5002 1199 5069 fuit,
1229 5012 1287 5058 ut
1326 5002 1419 5058 Dei
1474 5002 1739 5073 sapientia

219 5146 271 5180 ⁸⁸
308 5144 543 5214 Philipp.
572 5157 635 5206 Il,
669 5141 721 5198 7.

231 5238 346 5311 (5n
372 5237 599 5311 scucdge
626 5236 820 5311 Grabii
840 5235 1229 5311 etggtiombelisii
1257 5249 1272 5289 :
1302 5236 1374 5311 Τς
1397 5235 1453 5311 se
1486 5235 1580 5289 καὶ
1609 5234 1737 5311 ἐζή-

150 5305 284 5369 τούν
312 5311 508 5374 αὑτόνς
542 5305 652 5380 ἆρα
684 5309 764 5380 ὅτι
796 5305 1072 5380 ἁπρὶωλψ
1100 5309 1128 5361 ὁ
1156 5311 1317 5380 παῖς,
1348 5306 1380 5378 ἢ
1417 5307 1498 5380 ἱξεςι
1530 5305 1739 5380 uertig-

151 5398 357 5458 vrjfat;
391 5371 643 5458 ᾏτέαγὲ..
660 5377 799 5433 Οὔτε
830 5377 950 5458 γὰρ¹
971 5377 1070 5458 τῆς
1091 5371 1379 5458 gravati-good
1423 5376 1640 5458 ψᾳρίαίς
1671 5371 1741 5446 ἦν

152 5446 353 5517 τςὶῢτοέ
383 5451 485 5522 τῆς
504 5446 712 5524 νμὺρίαρς
736 5446 865 5524 περὶ
886 5446 1389 5524 Δειίὢτᾳὶλᾷξξςξιμὲνης
1420 5446 1575 5524 ’θείας
1601 5448 1741 5524 (ἔπος

156 5517 602 5594 καλύψειςζοῦτέ
624 5520 712 5594 περῦ
750 5517 967 5594 Ἰώσῄφ.
1004 5517 1469 5594 ᾎλλῖῶσπερμὲάν
1494 5535 1583 5594 τις
1602 5518 1737 5590 ζητῇ

154 5588 413 5667 Γραφῆνέ
434 5593 788 5662 ὀδυνωμένως
821 5588 989 5661 αὐτὴν
1016 5589 1170 5713 (Te?
1188 5632 1202 5653 ,
1226 5588 1329 5660 οὐχ
1348 5588 1423 5653 ὡς
1458 5588 1736 5660 πεπλαήηέ

162 5668 355 5713 ιιὲντεν-
384 5665 505 5713 οὐδὲ
533 5664 609 5713 ὡς
638 5662 1007 5713 ὲσωαλιιένην.
1034 5661 1068 5712 ἀ
1102 5659 1149 5713 λ’
1175 5661 1252 5713 ὡς
1269 5659 1494 5713 ἔνουσαν
1521 5659 1618 5713 μὲν
1643 5660 1736 5712 τὸν

160 5659 355 5738 μένήνζ
384 5659 505 5719 οὐδὲ
533 5659 1007 5786 ὡς’ὲσφαλέιένήν,
1034 5659 1149 5713 ἀλλ’
1175 5661 1252 5746 ᾡς
1269 5659 1494 5724 ἔχουσαν
1521 5659 1618 5729 μὲν
1643 5659 1737 5712 τὸν

156 5737 334 5821 erat
369 5738 462 5821 κοξκ
496 5733 756 5821 erat?
774 5733 805 5785 λ
828 5729 1737 5821 certe:ieraseevsswrémi

153 5800 334 5870 οὖτξηξ
374 5800 615 5860 κὰκέῖνοι
664 5804 887 5873 ἐζήτουν
936 5801 1025 5854 τὸν
1070 5801 1272 5873 Κύριον
1318 5800 1473 5873 ἡμῖν)
1532 5800 1739 5873 Ἰησᾳῇν

154 5869 417 5944 Χρισέδν,
454 5877 670 5961 μήπωςη
686 5869 894 5943 ἀτὲέστη
927 5873 1021 5961 ἁ,π’
1054 5869 1263 5961 abstini;
1288 5869 1481 5961 ἣῆάτως
1511 5869 1740 5961 καῖςιλέῖ

154 5945 342 6001 Romam
371 5943 585 6013 αὐτούς.
632 5943 743 6002 Cur
769 5944 1076 6017 quwrebant
1102 5947 1263 6001 cum?
1295 5944 1376 5997 .ln
1405 5959 1465 5998 ne
1497 5943 1736 6014 periisset

1842 4729 2055 4793 poterat
2085 4720 2324 4773 humana
2355 4719 2606 4790 cognatio
2637 4717 2731 4773 Dei
2755 4717 2952 4772 Filium
2976 4719 3279 4773 continere.
3307 4715 3427 4773 Non

1843 4812 2168 4866 invenerunt
2201 4809 2346 4864 inter
2374 4818 2658 4879 cognatos,
2685 4808 2814 4879 quia
2839 4808 3021 4863 divina
3047 4808 3253 4879 majora
3272 4815 3426 4863 erant

1842 4905 2037 4959 notitia
2082 4903 2419 4973 scientiaque
2474 4902 2713 4956 inertali.
2773 4899 2873 4956 Ubi
2924 4902 3090 4972 igitur
3141 4901 3428 4956 inveniunt

1844 4998 2010 5053 eum?
2040 4996 2098 5052 ln
2134 4995 2356 5066 templo.
2395 4993 2474 5050 lbi
2501 4994 2647 5049 enim
2688 4994 2962 5050 invenitur
3004 4992 3177 5048 Filius
3208 4992 3323 5047 Dei.
3364 4991 3422 5046 Si

818 5140 864 5174 "
893 5139 1091 5196 Joann.
1135 5154 1254 5208 vnn,
1281 5139 1371 5194 59.
1449 5140 1496 5172 ⁸⁸
1521 5138 1716 5193 Matth.
1752 5153 1793 5204 ι,
1825 5136 1916 5192 20.

1844 5249 1993 5302 puer,
2021 5240 2116 5286 aut
2145 5230 2412 5302 errasset?
2440 5228 2611 5302 Absit.
2651 5227 2841 5302 Neque
2858 5232 2993 5282 enim
3028 5228 3083 5281 id
3120 5227 3422 5302 existimare
3506 5274 3511 5279 .

1845 5298 2017 5373 potuit
2039 5300 2449 5373 sapientissime
2470 5298 2647 5373 Maria
2676 5298 2792 5368 qua:
2824 5300 3228 5373 inqumerasfie
3250 5314 3307 5351 eo
3337 5301 3422 5352 di-

1846 5368 1993 5427 uinas
2018 5368 2289 5440 acceperat
2316 5369 2676 5440 revelationes,
2703 5386 2865 5439 neque
2886 5369 3100 5438 Joseph.
3126 5368 3228 5422 Sed
3249 5385 3423 5438 quem-

1847 5439 2147 5497 admodum
2168 5443 2215 5497 si
2248 5442 2364 5512 quis
2393 5439 2682 5512 Scripturre
2723 5457 2933 5493 sensum
2962 5440 3267 5511 quaesierit,
3301 5456 3421 5492 cum

1846 5515 2027 5568 dolore
2054 5510 2269 5584 quaerit,
2292 5529 2391 5584 non
2412 5511 2550 5584 quod
2574 5510 2849 5584 scriptura
2873 5510 3145 5576 erraverit,
3178 5520 3422 5584 autpero

1844 5602 2025 5655 peram
2065 5580 2197 5655 quid
2228 5582 2501 5647 habuerit,
2536 5580 2625 5655 sed
2669 5583 2806 5651 quod
2836 5598 3014 5655 rerum
3051 5598 3113 5634 ac
3138 5582 3421 5655 mysticum

1844 5648 2053 5709 sensum
2082 5648 2318 5717 'Imbeat,
2360 5662 2413 5704 at
2446 5648 2688 5704 nondum
2712 5652 3082 5719 manifestum;
3132 5648 3207 5705 ita
3241 5661 3291 5705 et
3336 5648 3425 5705 illi

1844 5725 2144 5795 qum-ebant
2196 5723 2486 5795 Dominum!
2522 5720 2976 5795 nostt'unchsunt
3007 5722 3309 5795 Christum,
3355 5737 3420 5775 ne

1846 5792 1982 5866 forte
2012 5796 2308 5866 recessisset
2345 5792 2409 5845 ab
2441 5793 2538 5856 eis,
2569 5800 2620 5845 et
2646 5808 2731 5866 eos
2753 5794 3087 5866 deseruisset.
3125 5793 3345 5866 Romus.

1915 5865 2029 5939 (52)
2054 5864 2170 5922 Hoc
2190 5878 2321 5924 vero
2340 5870 2421 5922 est
2456 5878 2567 5938 prae
2595 5864 2819 5935 reliquis
2842 5866 3106 5922 absonum
3137 5863 3414 5920 omnibus.
