4002 6530
532 411 664 467 1851

2011 397 2336 457 οιιιοεκιε

3658 389 3801 446 1852

529 526 751 598 quando
780 530 835 583 et
858 517 915 582 tfl
951 511 1235 597 quaesieris
1256 522 1452 581 Filium
1482 523 1600 591 Dei,
1654 539 1837 595 quaere
1864 522 2103 594 primum
2136 527 2181 581 Α
2209 529 2279 574 tet
2309 534 2389 573 me
2412 531 2541 572 esse.
2581 513 2922 571 Erubescant
2963 527 3157 569 omnes
3183 507 3424 567 haeretici
3443 551 3460 575 ,
3483 508 3586 580 qui
3616 504 3805 562 Erato

534 620 591 675 in
627 620 849 690 templo,
885 620 1015 676 illuc
1048 634 1299 690 propera,
1335 617 1410 675 ibi
1435 617 1712 673 Christum
1735 657 1751 683 ,
1796 629 2103 671 sermonem

532 723 697 784 atque
724 713 1072 784 sapientiam,
1107 715 1162 770 id
1193 723 1296 782 est,
1330 713 1529 770 Filium
1553 710 1669 778 Dei,
1688 708 1948 780 reperies.
1968 706 2111 774 Quo-

535 808 682 861 niam
716 823 847 864 vero
868 809 1130 878 parvulus
1164 816 1315 874 erat,
1357 806 1631 863 invenitur
1664 804 1718 859 in
1756 802 1934 857 medio
1972 816 2110 871 prte-

535 908 838 970 ceptorum,
867 899 1214 955 sanctificans
1252 908 1307 954 et
1349 900 1607 953 erudiens
1634 912 1750 953 eos.
1790 895 1927 963 Quia
1984 912 2110 967 par—

534 993 698 1047 vulus
722 1002 859 1056 erat,
893 991 1168 1048 invenitur
1197 992 1251 1046 in
1284 991 1483 1057 medio,
1508 1007 1615 1046 non
1637 1005 1734 1045 eos
1759 991 1983 1057 docens,
2016 989 2109 1045 sed

537 1080 899 1153 intérrogans,
933 1091 987 1138 et
1016 1084 1117 1138 hoc
1140 1098 1240 1153 pro
1282 1082 1454 1138 anatis
1488 1082 1683 1147 oliicio,
1723 1094 1780 1137 ut
1829 1098 1929 1137 nos
1951 1083 2112 1137 doce-

536 1185 623 1231 ret
646 1175 776 1245 quid
803 1175 1007 1245 pueris,
1032 1174 1282 1244 quamvis
1317 1176 1589 1244 sapientes
1631 1184 1686 1236 et
1716 1174 1915 1230 eruditi
1959 1175 2111 1242 sint,

537 1267 877 1334 conveniret,
912 1278 971 1323 ut
996 1269 1219 1323 audiant
1247 1269 1429 1339 potius
1452 1268 1767 1339 magistros,
1812 1285 1976 1339 quam
2015 1268 2115 1324 do-

539 1374 665 1414 cere
688 1359 1018 1424 desiderent,
1046 1369 1099 1415 et
1126 1375 1185 1415 se
1214 1376 1355 1415 vana
1382 1362 1743 1415 ostentatione
1760 1377 1865 1415 non
1885 1360 2111 1430 jactent.

540 1450 937 1524 lnterrogabat,
971 1453 1226 1522 inquam,
1260 1454 1550 1524 magistros
1576 1493 1591 1513 ,
1648 1469 1757 1507 non
1801 1462 1861 1507 ut
1910 1453 2116 1523 aliquid

540 1542 794 1607 disceret,
828 1544 920 1599 sed
949 1554 1009 1599 ut
1040 1544 1379 1615 interrogans
1405 1545 1663 1600 erudiret.
1686 1543 1766 1599 Ex
1785 1561 1894 1599 uno
1919 1545 2119 1615 quippe

540 1634 807 1691 doctrina:
834 1636 982 1691 fonte
1007 1647 1190 1693 manat
1222 1646 1277 1692 et
1325 1638 1663 1709 interrogare
1703 1648 1757 1693 et
1788 1638 2120 1708 respondere

542 1728 860 1798 sapienter:
891 1738 947 1784 et
965 1729 1210 1799 ejusdem
1256 1731 1497 1786 scientia:
1532 1739 1648 1792 est,
1695 1730 1836 1786 scire
1870 1730 2001 1801 quid
2030 1729 2118 1784 in-

2210 611 2410 683 gelium
2448 609 2718 679 recipiunt
2746 605 3046 663 secundum
3074 603 3277 659 Lucam
3299 644 3315 668 ,
3349 611 3404 658 et
3452 615 3582 671 qua
3615 600 3675 655 in
3732 613 3800 654 eo

2209 712 2339 760 sunt
2373 702 2573 771 scripta
2599 706 2976 756 contemnunt.
3008 695 3155 760 Haec,
3187 706 3249 751 ut
3275 695 3429 761 dixi,
3463 694 3579 748 sint
3631 690 3800 745 intel-

2209 797 2346 852 lecta
2375 792 2696 864 simplicius.
2723 789 2993 858 Quoniam
3017 802 3148 842 vero
3173 784 3406 840 infertur
3438 802 3452 837 :
3480 781 3658 853 956
3684 778 3800 848 Ipsi

2211 900 2388 945 autem
2417 905 2517 942 non
2540 886 2912 942 intellexerunt
2932 896 3256 943 sermonem,
3288 892 3512 933 sensum
3546 873 3803 943 Scriptu-

2211 999 2287 1039 ra:
2313 981 2627 1053 diligentius
2654 977 3001 1038 ventilemus,
3035 973 3080 1028 si
3100 978 3254 1027 erant
3272 970 3424 1025 stulti
3448 978 3503 1024 et
3535 967 3804 1036 insipien-

2210 1085 2314 1136 tes,
2348 1081 2408 1126 ut
2434 1071 2706 1127 nescirent
2729 1067 2857 1138 quid
2880 1067 3103 1126 diceret,
3126 1063 3254 1134 quia
3284 1062 3387 1116 hoc
3411 1056 3563 1130 quod
3586 1057 3666 1110 ait
3693 1076 3710 1111 :
3731 1055 3801 1110 In

2213 1167 2294 1220 his
2316 1180 2434 1236 qua:
2453 1174 2575 1218 sunt
2598 1161 2779 1216 Patris
2801 1160 2925 1226 mei,
2946 1174 3028 1211 me
3048 1172 3158 1211 esse
3179 1163 3380 1224 oportet
3401 1192 3419 1217 ,
3461 1149 3802 1223 signiﬁcaret

2215 1258 2270 1312 in
2297 1255 2530 1326 templo,
2588 1269 2657 1308 an
2700 1252 2843 1306 aliud
2903 1249 3161 1321 quiddam
3190 1247 3353 1301 altius
3381 1244 3699 1316 signiﬁcet,
3748 1252 3802 1298 et

2214 1352 2358 1422 quod
2385 1348 2558 1418 magis
2575 1345 3112 1403 anlilicetaudientes.
3135 1341 3522 1411 Unusquisque
3546 1348 3800 1393 nostrum

2217 1446 2262 1502 si
2290 1444 2467 1500 bonus
2499 1442 2660 1497 fuerit
2683 1450 2845 1511 atque
2872 1438 3166 1509 perfectus,
3191 1434 3465 1506 possessio
3501 1431 3601 1487 Dei
3624 1431 3805 1487 Patris

2217 1546 2301 1593 est
2337 1576 2352 1600 ,
2375 1545 2429 1592 et
2455 1536 2616 1589 habet
2643 1534 2696 1587 in
2723 1534 2899 1587 medio
2931 1529 3013 1586 sui
3037 1527 3244 1583 Iesum.
3277 1526 3588 1581 Credamus
3601 1524 3807 1594 quippe

2219 1630 2420 1688 dicenti
2450 1648 2462 1684 :
2490 1628 2755 1694 Quoniam
2779 1627 2835 1679 in
2874 1625 2957 1678 his
2999 1639 3118 1694 quae
3153 1627 3276 1674 sunt
3318 1618 3504 1672 Patris
3546 1618 3657 1670 mei
3679 1659 3696 1685 ,
3728 1632 3809 1670 me

2220 1732 2421 1797 oportet
2443 1739 2573 1777 esse.
2610 1720 2779 1791 Magis
2813 1716 3133 1773 rationabile
3156 1725 3320 1784 atque
3350 1712 3573 1776 vivens,
3608 1718 3669 1763 et
3718 1724 3811 1761 ve.

542 1829 807 1893 terroges,
832 1798 1029 1893 quidve
1062 1823 1412 1893 respondeas.
1446 1822 1700 1894 Oportuit
1730 1798 1965 1890 primum
1998 1822 2121 1878 Sal-
2153 1885 2190 1894 _
2220 1833 2344 1872 rum
2373 1815 2630 1884 templum
2678 1812 2769 1867 Dei
2815 1811 2920 1866 hoc
2951 1824 3073 1865 esse
3129 1807 3381 1877 suspicor
3404 1844 3421 1868 ,
3464 1818 3641 1874 quam
3659 1798 3812 1894 illud

541 1924 787 1970 vatorem
819 1917 1046 1972 eruditae
1083 1918 1527 1989 interrogationis
1547 1921 1868 1990 magistrum
1895 1919 2031 1984 fieri,
2063 1928 2123 1974 ut

2238 1908 2366 1981 ιιιοά
2423 1907 2599 1979 typice
2626 1914 2843 1960 terreno
2894 1917 3056 1972 opere
3089 1905 3469 1956 constructum
3504 1905 3617 1951 est.
3658 1891 3813 1948 Unde

544 2016 733 2080 postea
764 2009 1279 2080 interrogationibus
1309 2011 1832 2081 responderetjuxta
1855 2011 2120 2066 rationem

547 2099 663 2166 Dei,
703 2109 867 2171 atque
892 2117 1223 2158 sermonem.
1248 2104 1351 2158 Cui
1389 2113 1473 2161 est
1520 2104 1694 2175 gloria
1741 2112 1796 2160 et
1831 2104 2122 2176 imperium

548 2193 605 2248 in
630 2195 827 2250 saecula
857 2196 1202 2251 saeculorum.
1234 2200 1428 2253 Arnen.

1112 2310 1400 2368 HOMILIA
1427 2312 1548 2368 XX.

550 2399 631 2455 De
649 2417 708 2455 eo
725 2403 865 2477 quod
886 2404 1142 2477 scriptum
1166 2416 1284 2477 est:
1311 2425 1329 2457 ε
1365 2406 1507 2472 Quid
1527 2415 1604 2460 est
1642 2405 2127 2477 quodquazrebatis

620 2488 703 2544 me
726 2474 752 2527 .’
781 2493 798 2524 ι
827 2491 986 2544 usque
1009 2475 1079 2529 ad
1099 2492 1217 2529 eum
1240 2476 1412 2530 locum
1434 2477 1522 2530 ubi
1562 2478 1640 2530 ait
1654 2474 1680 2530 ἐ
1722 2496 1740 2530 ι
1773 2474 2129 2531 conservabat

625 2541 809 2597 Maria
830 2541 1006 2599 omnia
1027 2545 1184 2600 verba
1205 2547 1315 2601 huic
1332 2551 1386 2601 in
1407 2546 1562 2601 corde
1583 2564 1701 2604 sua.
1734 2566 1754 2599 ›
1790 2546 1924 2617 Cap.
1962 2562 2023 2601 ll.

624 2655 953 2723 Quaerebam
981 2659 1151 2716 Maria
1186 2671 1241 2716 et
1263 2661 1467 2733 Ioseph
1496 2663 1640 2718 inter
1668 2662 1857 2718 affines
1897 2661 2085 2719 Iesum
2111 2703 2127 2730 ,

553 2756 610 2803 et
649 2764 759 2805 non
802 2752 1152 2809 inveniebant
1184 2774 1198 2811 :
1230 2755 1283 2810 in
1314 2757 1597 2821 comitatu,
1631 2766 1684 2811 et
1725 2756 1973 2811 invenire
2018 2771 2131 2811 non

554 2849 828 2911 poterant.
858 2844 1204 2912 Qumsierunt
1253 2849 1307 2904 in
1365 2851 1602 2922 templo;
1650 2850 1743 2906 sed
1778 2850 1921 2921 apud
1957 2848 2132 2918 magi-

556 2943 724 3001 stros,
754 2945 808 2992 et
831 2938 885 2992 in
915 2941 1093 2995 medio
1110 2950 1506 3013 praeceptorum
1534 2943 1818 2998 inveniunt
1839 2957 1986 2996 eum.
2008 2938 2137 2997 Ubi-

557 3041 774 3099 cunque
802 3032 1047 3101 magistri
1082 3034 1302 3101 fuerint,
1327 3034 1380 3087 in
1412 3034 1590 3089 medio
1624 3034 2012 3104 magistrorum
2045 3033 2131 3087 in-

555 3121 773 3175 venitur
803 3120 961 3178 Iesus
990 3142 1003 3179 :
1045 3125 1089 3179 si
1122 3135 1301 3180 tamen
1339 3125 1595 3195 magister
1623 3124 1805 3179 sedeat
1831 3124 1884 3178 in
1907 3123 2130 3192 templo,

2225 2003 2317 2057 illo
2347 2002 2401 2055 in
2432 1999 2650 2067 templo,
2688 2004 2746 2050 ut
2771 1995 2948 2067 typice
2979 1993 3104 2055 fuit,
3137 1994 3209 2047 ita
3236 1990 3467 2046 recessit
3495 1996 3553 2043 et
3605 1987 3811 2058 typiee.

2224 2095 2492 2165 Egressus
2519 2099 2602 2145 est
2626 2089 2769 2144 enim
2800 2088 2864 2142 de
2888 2086 3089 2155 templo
3111 2093 3329 2139 terreno
3349 2083 3543 2137 dicens
3562 2080 3652 2133 "z
3684 2079 3817 2131 Ecce

2225 2185 2549 2254 relinquetur
2570 2181 2711 2235 vobis
2731 2178 2916 2232 dantur
2941 2185 3113 2231 vestra
3137 2175 3365 2240 deserta,
3400 2181 3456 2226 et
3490 2170 3819 2239 relinquens

2226 2279 2450 2333 domum
2486 2274 2632 2329 illam
2658 2271 2806 2328 venit
2831 2270 2899 2324 ad
2942 2267 3341 2339 possessionem
3386 2263 3484 2318 Dei
3517 2260 3729 2323 Patris,
3752 2259 3817 2312 ad

2227 2368 2500 2426 Ecclesias
2530 2367 2584 2421 in
2615 2374 2729 2420 toto
2763 2364 2896 2418 orbe
2943 2359 3241 2430 dispersas,
3292 2367 3347 2414 et
3384 2356 3569 2412 dicit:
3618 2352 3688 2407 In
3739 2352 3819 2405 his

2215 2480 2332 2536 qua:
2353 2468 2475 2516 sunt
2496 2456 2674 2512 Patris
2703 2455 2826 2521 mei,
2852 2470 2931 2508 me
2953 2462 3153 2523 oportet
3192 2466 3321 2506 esse.
3351 2447 3514 2503 Tunc
3534 2460 3680 2517 ergo
3713 2460 3819 2536 nou

2230 2535 2613 2610 intellexerunt
2637 2549 2882 2613 verbum,
2917 2547 3062 2616 quod
3109 2545 3322 2599 locutus
3374 2550 3459 2597 est
3498 2540 3607 2594 eis.
3644 2535 3823 2592 Simul

2229 2657 2285 2703 et
2327 2644 2455 2700 illud
2505 2641 2804 2707 attendite,
2854 2638 3001 2710 quod
3051 2635 3294 2707 quandiu
3352 2633 3409 2688 in
3458 2630 3824 2703 possessione

2232 2739 2407 2794 Patris
2433 2737 2518 2792 sui
2550 2734 2653 2790 fuit
2680 2748 2899 2790 sursum
2932 2740 3069 2795 erat,
3093 2729 3221 2801 quia
3250 2729 3484 2783 necdum
3523 2726 3752 2796 plenam
3771 2723 3826 2779 li-

2233 2834 2353 2888 dem
2369 2829 2567 2899 Ioseph
2589 2837 2642 2882 et
2664 2827 2777 2897 (54)
2796 2824 2959 2879 Maria
2979 2823 3267 2879 habebant.
3281 2829 3575 2891 propterea
3596 2831 3826 2872 sursum

2230 2940 2355 2982 cum
2382 2937 2447 2978 eo
2488 2935 2706 2975 manere
2751 2934 2858 2973 non
2891 2923 3179 2987 poterant:
3223 2913 3316 2969 sed
3343 2912 3555 2967 dicitur
3585 2912 3828 2966 descen-

2233 3018 2383 3074 disse
2415 3030 2539 3071 cum
2566 3012 2666 3069 eis.
2696 3010 2902 3067 Crebro
2927 3007 3087 3063 Iesus
3107 3004 3387 3062 descendit
3410 3019 3542 3059 cum
3577 3003 3830 3072 discipu-

2236 3110 2303 3165 lis
2333 3108 2471 3170 suis,
2508 3120 2610 3160 nec
2639 3118 2854 3172 semper
2880 3109 3129 3155 versatur
3157 3100 3211 3153 in
3240 3106 3447 3161 monte,
3481 3111 3592 3152 nec
3613 3096 3831 3165 absque

557 3217 613 3263 et
638 3226 913 3278 nunquam
959 3214 1267 3283 egrediatur
1286 3229 1351 3268 ex
1384 3187 1469 3269 eo.
1505 3211 1716 3268 Profuit
1762 3211 1922 3267 Iesus
1965 3187 2135 3282 magi;-

2241 3202 2345 3257 line
2383 3199 2638 3255 sublimia
2682 3203 2846 3250 tenet.
2893 3192 2949 3247 In
2980 3203 3165 3247 monte
3207 3206 3331 3245 cum
3362 3187 3530 3243 Petro
3560 3198 3675 3252 est,
3701 3202 3827 3241 cum

558 3301 688 3356 stris
715 3304 853 3367 suis,
886 3314 939 3357 et
968 3320 1064 3360 eos
1085 3323 1223 3376 quos
1248 3309 1583 3376 interrogare
1611 3306 1919 3371 videbatur,
1946 3306 2135 3360 docuit

562 3393 616 3446 in
654 3396 829 3448 medio
857 3410 1047 3450 eorum
1083 3398 1334 3468 loquens,
1358 3407 1412 3453 et
1453 3397 1853 3468 quodammodo
1893 3397 2136 3453 concita-

562 3483 655 3538 bat
701 3499 796 3540 eos
844 3487 909 3540 ad
942 3490 1258 3557 quaerenda,
1311 3505 1432 3561 qua:
1468 3505 1642 3560 usque
1665 3490 1730 3544 ad
1760 3488 1814 3544 id
1847 3489 2090 3544 locorum
2118 3529 2133 3554 ,

564 3585 745 3632 utrum
780 3580 1003 3648 scirent,
1050 3598 1117 3636 an
1149 3584 1482 3654 ignorarent,
1518 3598 1680 3639 nosse
1706 3598 1815 3637 non
1866 3590 2135 3652 poterant.

563 3670 846 3728 Invenitur
869 3673 1028 3730 Iesus
1060 3675 1112 3729 in
1146 3676 1325 3731 medio
1353 3675 1765 3746 magistrorum,
1797 3683 1852 3730 et
1882 3674 2135 3728 inventus

566 3763 701 3819 dicit
726 3766 1114 3835 quaesitoribus
1140 3767 1254 3822 suis
1286 3785 1299 3821 :
1357 3767 1497 3833 Quid
1534 3779 1612 3820 est
1653 3767 1779 3837 quia
1819 3763 2134 3836 quwrebatis

564 3870 647 3910 me
664 3857 689 3909 ?
714 3856 1042 3913 Nesciebalis
1064 3860 1187 3930 quia
1210 3861 1259 3913 in
1281 3859 1362 3913 his
1384 3875 1500 3916 oua:
1519 3867 1641 3913 sunt
1668 3857 1846 3912 Patris
1872 3857 1971 3911 mei
1991 3873 2139 3925 apor-

567 3957 639 4002 tet
662 3966 742 4004 me
765 3967 875 4006 esse
898 3952 924 4004 1’
950 3952 1063 4023 (55)
1102 3951 1343 4006 Primum
1365 3950 1682 4021 simpliciter
1722 3950 2015 4005 sentientes
2044 3963 2137 4001 ar-

565 4057 779 4097 memur
807 4044 1069 4100 adversus
1104 4044 1303 4115 impios
1328 4043 1612 4098 haereticos
1632 4084 1647 4108 ,
1689 4042 1781 4112 qui
1811 4041 1998 4096 dicunt
2028 4054 2139 4095 non

567 4145 689 4186 esse
717 4131 1068 4188 Conditorem
1096 4132 1311 4189 Patrem
1338 4132 1541 4189 Christi
1564 4131 1714 4195 Iesu,
1748 4147 1925 4202 neque
1963 4129 2136 4186 Deum

568 4222 726 4293 legis,
755 4225 848 4279 sed
873 4240 973 4281 nec
995 4224 1401 4295 prophetarum.
1439 4222 1579 4280 Ecce
1617 4221 1800 4287 Pater,
1825 4222 1970 4278 Deus
1999 4231 2138 4278 tem-

567 4317 643 4387 pli
671 4319 954 4374 asseritnr.
985 4318 1323 4376 Erubescant
1349 4317 1709 4373 Valentiniani
1740 4318 2025 4372 audientes
2054 4316 2145 4372 Ie-

570 4424 692 4463 sum
724 4409 1056 4481 inquientem
1093 4430 1106 4465 :
1149 4409 1217 4464 In
1252 4412 1333 4465 his
1356 4426 1473 4482 quia
1503 4419 1626 4464 sunt
1652 4409 1837 4464 Patris
1863 4409 1966 4464 mei
1987 4425 2144 4481 opor-

638 4578 685 4610 ”
716 4576 907 4633 Matth.
931 4594 1091 4646 χχιιι,
1122 4576 1212 4633 58.
1290 4577 1336 4610 ⁸⁸
1370 4576 1560 4634 Matth.
1592 4594 1727 4635 xvn.

2238 3290 2464 3356 Iacobo,
2496 3305 2620 3345 cum
2658 3286 2895 3349 Joanne,
2921 3295 2975 3340 et
3013 3298 3230 3338 rursum
3276 3282 3329 3336 in
3373 3281 3481 3335 alio
3523 3280 3655 3334 loco
3695 3294 3821 3332 cum

2240 3384 2452 3442 caeteris
2480 3380 2761 3451 discipulis
2782 3378 2848 3432 ⁸ο.
2870 3377 3042 3431 Porro
3073 3375 3200 3445 quia
3234 3388 3342 3428 non
3361 3372 3622 3427 valebant
3650 3371 3707 3425 hi
3731 3369 3824 3439 qui

2242 3476 2408 3532 variis
2437 3471 2885 3545 aegrotationibus
2927 3466 3266 3529 laborabant,
3304 3467 3358 3518 in
3397 3470 3651 3518 montem
3681 3477 3819 3515 oon-

2245 3566 2528 3627 sccndere,
2577 3564 2780 3618 idcirco
2825 3559 3125 3624 descendit,
3176 3567 3230 3612 et
3272 3556 3421 3611 venit
3464 3555 3536 3609 ad
3590 3570 3694 3610 eos
3738 3553 3833 3623 qui

2244 3660 2500 3715 deorsum
2527 3663 2704 3712 erant.
2748 3652 2902 3708 Nunc
2933 3665 3151 3721 quoque
3198 3649 3456 3704 scribitur
3486 3667 3501 3702 :
3545 3647 3834 3701 Descendit

2244 3765 2363 3804 cum
2388 3750 2486 3813 eis,
2509 3756 2561 3801 et
2586 3746 2722 3801 venit
2763 3743 3035 3799 Nazarelh
3073 3741 3209 3812 (55),
3236 3750 3285 3794 et
3307 3739 3704 3809 subjiciebatur
3737 3741 3831 3794 eis.

2244 3841 2553 3904 Discamus,
2591 3839 2710 3903 filii,
2752 3836 2983 3906 subjecti
3029 3850 3152 3890 esse
3197 3832 3517 3903 parentibus
3568 3832 3783 3886 nostris
3815 3848 3833 3884 :

2246 3934 2424 4002 major
2454 3932 2652 3986 minori
2684 3928 2991 3998 subjicitur.
3015 3924 3150 3980 Nam
3175 3925 3303 3994 quia
3334 3924 3604 3994 majorem
3627 3921 3835 3992 Ioseph

2247 4029 2464 4084 videbat
2500 4033 2679 4090 actate,
2720 4031 3006 4092 propterea
3047 4034 3174 4074 eum
3215 4017 3456 4088 parentis
3490 4017 3709 4072 honore
3744 4033 3837 4071 co—

2249 4125 2372 4191 luit,
2420 4120 2675 4177 omnibus
2722 4117 2848 4172 filiis
2893 4113 3201 4183 exemplum
3240 4113 3507 4175 tribuens,
3543 4120 3608 4165 ut
3654 4110 3837 4180 subji-

2252 4217 2467 4292 ci‘antur
2496 4209 2831 4282 parentibus.
2861 4206 3017 4273 Quod
3054 4207 3101 4261 si
3135 4214 3317 4276 patres
3358 4203 3424 4257 iis
3458 4218 3568 4257 non
3604 4201 3835 4263 fuerint,

2253 4307 2619 4378 subjiciantur
2656 4303 2742 4358 his
2779 4299 2873 4371 qui
2918 4307 3131 4369 patrum
3174 4306 3388 4351 :etatem
3422 4295 3653 4349 habent.
3692 4292 3837 4360 Quid

2251 4406 2446 4475 loquar
2489 4400 2556 4457 de
2598 4396 2912 4470 parentibus
2959 4402 3013 4449 et
3048 4392 3213 4449 liliis?
3241 4389 3299 4447 Si
3340 4388 3505 4446 Iesus
3532 4388 3714 4444 Filius
3742 4387 3835 4444 Dei

642 4715 755 4785 (55)
783 4716 991 4772 Eaedem
1022 4717 1263 4773 schedia:
1298 4718 1563 4773 Ἐνταῦθα
1586 4720 1636 4772 οἱ
1660 4719 1769 4773 ἀπὸ
1789 4719 2135 4773 Οὐαλεντίνου

2249 4716 2448 4772 Recole
2491 4726 2614 4783 quae
2662 4705 3116 4785 laudatis_locis,
3174 4704 3242 4758 ad
3290 4700 3693 4785 retundendam
3745 4714 3838 4785 sa:

569 4787 859 4862 autetiam;
882 4789 970 4862 61c
995 4786 1229 4862 Qsoﬁﬁy
1259 4792 1289 4842 6
1314 4790 1441 4862 vero;
1472 4790 1564 4842 καὶ
1592 4785 1660 4860 ἦν
1687 4792 1746 4862 ἐν
1776 4790 1927 4853 ἰδίοις
1950 4792 1977 4843 ὁ
2008 4792 2146 4862 Χρι-

572 4858 714 4931 στὸς,
748 4860 776 4911 6
808 4861 903 4914 καὶ
936 4859 1102 4914 πάλαι
1134 4858 1221 4914 διὰ
1246 4859 1340 4912 τοῦ
1373 4860 1536 4931 νόμον
1569 4858 1934 4931 γραφόμενος,
1960 4858 2149 4924 statim;

570 4928 629 4981 ἐν
660 4932 837 4992 σκιαῖς
882 4932 975 4985 καὶ
1012 4931 1203 4995 τύποις
1239 4928 1646 5002 μορφούμενγοςζ
1676 4928 2031 5002 αἰδείσθῳσαν
2065 4931 2153 4985 λέ-

569 5014 777 5084 γρξςεες,
802 5003 899 5084 ἥξει.
915 5003 1012 5074 οὐχ
1040 5005 1081 5084 6-
1102 4996 1598 5084 6qpt§upf6;,:ou§s
1620 5004 1648 5054 6
1677 5001 1808 5084 656;
1825 4999 1928 5084 Σοῦ
1946 5002 2149 5084 ,νόμουὶ
2194 4996 2199 5001 ’

504 5105 513 5113 -
570 5070 691 5143 ρρδὲ
735 5071 763 5122 ὁ
811 5072 943 5137 Θεὸς
979 5068 1083 5127 ἐξτοῦ
1139 5068 1317 5137 vam");
1350 5068 1504 5136 ὸῖιτός
1553 5073 1701 5126 ἐστιν
1744 5074 1773 5125 6
1823 5068 2153 5143 [latiqp'coﬁ

572 5141 831 5213 Χριστοῦ.
867 5144 982 5199 Hoc
1020 5147 1131 5199 loco
1177 5143 1535 5198 Valentiniani
1566 5146 1837 5198 audientes
1873 5141 2155 5212 Uei'fuisse

574 5214 856 5285 templum,
889 5227 936 5270 et
984 5218 1037 5270 in
1082 5216 1309 5285 propriis
1344 5214 1508 5284 fuisse
1539 5214 1810 5285 Christum
1835 5229 1986 5283 quem
2028 5213 2156 5285 olim

573 5281 658 5334 lex
688 5287 1044 5351 praedixerat,
1078 5281 1270 5357 quique
1305 5281 1557 5357 tanquam
1599 5288 1651 5338 in
1693 5281 1893 5338 umbris
1930 5300 1991 5336 ac
2022 5283 2157 5357 typis

574 5356 1099 5423 reprwsentahutur,
1128 5356 1435 5410 erubescant
1466 5356 1671 5426 dicere,
1714 5371 1895 5426 neque
1916 5356 2159 5426 condito-

578 5438 684 5476 rem
706 5466 720 5486 ,
740 5443 908 5498 neque
936 5427 1101 5480 Deum
1141 5428 1271 5498 legis
1293 5467 1308 5493 ,
1333 5442 1496 5498 neque
1534 5424 1705 5480 Deum
1739 5424 1915 5492 templi
1947 5424 2163 5478 Patrem

576 5509 686 5547 esse
723 5496 945 5551 Christi.
988 5496 1208 5554 Romus.

653 5567 764 5631 t54)
808 5566 1007 5624 Verum
1041 5580 1126 5625 est
1158 5567 1315 5631 adeo,
1348 5567 1402 5622 in
1432 5568 1489 5623 S.
1522 5565 1795 5635 Virginem
1831 5565 2158 5635 injuriosnm

578 5649 700 5690 esse
729 5638 1135 5696 Adamantium.
1172 5639 1347 5706 Quam
1378 5639 1593 5693 dixerat
1631 5652 1795 5707 supra
1831 5636 2017 5691 homil.
2070 5637 2156 5703 ll,

581 5709 902 5830 purgatione
930 5711 1251 5792 indiguisse,
1287 5720 1339 5764 et
1365 5718 1552 5779 postea
1577 5708 1769 5791 homil.
1803 5707 1893 5773 Π,
1922 5707 2158 5761 scanda-

607 5795 694 5830 nm
727 5794 939 5830 nassam
972 5779 1476 5830 dnbntatnonemnue
1501 5781 1567 5830 de
1598 5779 1733 5830 Filio
1763 5797 1777 5830 :
1809 5793 1954 5830 nunc
1986 5778 2158 5830 multo

607 5795 694 5831 nm
726 5794 939 5851 passam
972 5778 1476 5851 dubitationemque
1501 5781 1567 5833 de
1598 5779 1733 5834 Filio
1763 5797 1777 5832 :
1809 5793 1954 5832 nunc
1986 5778 2159 5851 multo

583 5847 847 5907 audacius
899 5848 1294 5906 incredulitatis
1347 5847 1569 5907 aecusat
1615 5858 1711 5905 aut
1752 5851 1964 5919 exigua:
2014 5847 2155 5903 fidei.

2252 4768 2525 4842 lnniniam'
2553 4798 2617 4837 ac
2645 4779 3028 4836 vindicandam
3062 4768 3133 4830 ab
3164 4775 3314 4830 omni
3344 4773 3556 4843 peccati
3593 4772 3716 4825 labe
3744 4768 3839 4825 Dei

2252 4858 2500 4920 Matrem,
2528 4852 2788 4908 diximus.
2832 4847 2987 4920 Nunc
3015 4846 3229 4920 sigtanti
3251 4845 3437 4920 estad
3455 4846 3841 4920 excusandum

2252 4914 2729 4997 Origene'm,‘Sixt_i
2760 4919 3020 4974 Senensis
3053 4917 3148 4997 lib.
3178 4933 3206 4969 v
3242 4914 3841 4997 Bibliothecaiadnota-

2257 4983 2459 5054 tionem
2494 4983 2598 5048 MO
2633 4993 3043 5048 subnectamus.
3078 4987 3246 5052 Puto,
3292 4986 3507 5054 inquit,
3562 4983 3841 5052 Origenm

2256 5067 2505 5125 vocabulo
2526 5064 2693 5135 plena'
2723 5061 2868 5132 ﬁdei,
2893 5057 3214 5135 intellexisse
3240 5056 3449 5135 plenam
3491 5056 3841 5135 cognitionem

2259 5140 2493 5194 ominum
2525 5125 2893 5205 mysteriorum
2914 5129 3207 5205 divinitatis
3235 5125 3282 5182 et
3306 5125 3842 5205 huntanitatis_Cltri-

2262 5213 2353 5276 sti,
2375 5223 2533 5280 quam
2560 5196 2732 5259 Maria
2759 5201 2936 5280 _Virgo
2978 5203 3295 5280 nondumneo
3319 5208 3569 5280 _tempare
3598 5196 3843 5280 habebat,

2261 5269 2500 5351 quamvis
2532 5293 2594 5351 ea
2629 5276 2807 5329 omnia
2837 5269 3090 5351 quietum
3116 5270 3178 5323 de
3203 5269 3419 5325 Christo
3456 5278 3706 5332 noverat,
3736 5281 3844 5319 cer-

2264 5343 2475 5407 tissima
2497 5350 2881 5404 et.inconcnssa
2903 5343 3008 5412 ﬁde
3032 5351 3246 5412 teneret,

2337 5421 2450 5491 (55)
2493 5416 2725 5491 Eaedem
2759 5407 3022 5491 scheme;
3073 5411 3183 5465 Kal
3222 5407 3304 5491 ἦν
3342 5410 3845 5491 egoquang

2265 5478 2487 5557 αὔτοῗς.
2518 5486 2617 5540 Διὰ
2638 5486 2793 5540 τοῦτο
2815 5485 2875 5538 δὲ
2893 5480 2959 5555 ἦν
2982 5478 3422 5557 ὑπογασςξόμενος
3437 5482 3659 5557 ειῦτοῖς,
3686 5478 3844 5557 πᾳ.ρά-

2268 5551 2467 5633 δειγμᾶ
2498 5559 2675 5621 διδοὺς
2714 5558 2846 5633 etaim
2873 5551 2986 5633 τρἶ
3015 5556 3181 5616 υἱοῖς,
3212 5551 3297 5633 i'va
3326 5552 3533 5633 ῖιμῇσι
3560 5553 3694 5614 τοὺς
3726 5551 3846 5633 ἐαγ-

2265 5621 2604 5700 τῶΪγονεῖς,
2649 5628 2744 5682 καὶ
2774 5621 3413 5700 ὑποτάσσωντᾳιμαὺτοξςέ
3450 5621 3515 5675 Et
3558 5632 3683 5700 erat
3724 5621 3845 5700 sub-

2265 5689 2577 5760 (Ιὶιιιέίιιίδξ
2592 5689 2879 5767 Propterea
2915 5707 3028 5750 erat
3056 5695 3297 5767 subditus
3326 5694 3456 5758 illis,
3495 5692 3746 5767 omnibus
3784 5689 3845 5755 ﬁ-

2264 5775 2353 5831 liis
2387 5774 2520 5827 dans
2546 5764 2870 5838 exemplum,
2902 5779 2959 5820 ut
2987 5776 3226 5835 parentes
3258 5765 3453 5820 honore
3484 5764 3720 5833 apiriam
3742 5802 3758 5828 ,
3799 5769 3843 5811 et

2265 5848 2339 5904 eis
2370 5843 2740 5914 subjiciantur.
2773 5841 2993 5895 limus.

3582 6516 3614 6524 -α
3678 6513 3884 6524 iﬁ—
