4002 6592
119 477 141 531 1
155 475 260 530 853

1329 471 1397 528 lN
1429 472 1669 530 LUCAM
1709 469 1997 528 HOMILIA
2036 470 2180 527 XXI.

3258 475 3403 533 i8“

121 587 413 659 subjicitur
451 585 652 658 Joseph
692 595 745 643 et
776 586 983 654 MRI‘iEP,
1014 594 1115 658 ego
1150 602 1260 644 non
1290 588 1553 658 subjiciar
1592 589 1712 659 epi-
1740 594 1787 650 Α
1817 586 2059 642 nitamur
2084 587 2355 658 deponere
2397 588 2706 658 parvulum,
2736 598 2790 644 et
2821 589 3108 646 destruere
3131 590 3309 656 illum,
3349 599 3405 647 et

115 693 300 749 secpo,
326 678 421 749 qui
445 679 581 733 mihi
604 694 635 733 a
661 678 772 734 Deo
790 680 1080 736 ordinatus
1105 688 1189 736 est
1214 684 1413 751 pater?
1441 679 1559 734 Non
1584 681 1711 737 sub-

116 770 276 842 jiciar
307 771 647 842 presbytero,
677 772 771 842 qui
805 773 941 826 mihi
978 772 1193 827 Domini
1217 772 1531 843 dignatione
1571 789 1710 842 prae-

115 861 330 935 positus
351 863 467 918 est?
486 861 622 919 Puto
637 864 782 934 quod
804 863 1371 935 intelligebatJoseph,
1387 865 1514 935 quia
1535 864 1710 934 major

117 970 179 1011 se
223 963 344 1010 erat
388 953 571 1021 Jesus,
625 956 774 1026 quod
821 957 1218 1028 subjiciebatur
1261 956 1390 1021 sibi,
1435 966 1488 1012 et
1529 957 1710 1012 sciens
1749 1023 1758 1027 _

119 1045 388 1114 majorem
445 1060 568 1100 esse
622 1046 966 1118 subjectum,
1024 1048 1269 1118 trepidus
1322 1048 1712 1104 moderabatur

119 1134 433 1206 imperium.
489 1133 674 1190 Videat
720 1151 850 1207 ergo
900 1138 1320 1210 unusquisque,
1367 1139 1517 1209 quod
1566 1154 1712 1209 saepe

118 1228 440 1283 melioribus
475 1229 900 1300 praepositusflsit
937 1230 1186 1298 inferior,
1215 1241 1268 1286 et
1312 1248 1708 1302 nonnunquam

119 1321 356 1386 accidat,
395 1332 455 1376 ut
492 1323 584 1378 ille
611 1323 708 1394 qui
749 1324 1032 1392 subjectus
1061 1335 1164 1392 est,
1199 1326 1393 1381 melior
1421 1327 1494 1382 sit
1519 1343 1584 1382 eo
1615 1327 1710 1397 qui

118 1415 221 1469 sibi
251 1416 466 1470 videtur
490 1432 613 1472 esse
643 1420 988 1489 prazpositus.
1029 1418 1185 1486 Quod
1220 1435 1346 1475 cum
1384 1421 1712 1477 intellexerit

118 1508 388 1578 dignitate
419 1510 732 1574 sublimior,
770 1527 879 1567 non
911 1512 1215 1568 elevabitur
1247 1513 1504 1583 superbia
1543 1529 1611 1568 ex
1643 1529 1710 1570 co

115 1602 260 1672 quod
305 1602 482 1674 major
526 1613 631 1670 est,
675 1604 770 1658 sed
825 1605 962 1660 sciet
1007 1604 1082 1659 ita
1117 1605 1221 1660 sibi
1268 1606 1553 1662 meliorem
1587 1623 1710 1665 esse

114 1694 444 1764 subjectum.
468 1697 742 1766 quomodo
771 1707 825 1753 et
849 1696 1011 1754 Jesus
1041 1698 1322 1769 subjectus
1353 1698 1458 1753 fuit
1478 1697 1706 1770 Joseph.

116 1788 324 1844 Deinde
377 1789 627 1859 sequitur
665 1808 678 1843 :
712 1789 891 1844 Maria
927 1799 1103 1845 autem
1142 1792 1484 1848 conservabat
1528 1795 1710 1848 omnia

115 1881 271 1938 verba
291 1882 404 1936 liwc
427 1884 484 1936 in
513 1883 668 1937 corde
689 1900 806 1938 suo.
835 1883 961 1939 Plus
983 1884 1189 1955 aliquid
1212 1901 1378 1955 quant
1401 1887 1468 1941 de
1486 1887 1708 1944 homine

1815 678 1882 734 ad
1917 687 2104 735 aetates
2139 680 2377 749 reliquas
2405 681 2706 748 pervenire,
2741 688 2800 734 ut
2829 696 2927 736 nos
2964 697 3185 753 quoque
3213 682 3405 737 audire

1812 771 2090 841 possimus
2122 789 2134 824 :
2173 768 2252 822 Tu
2299 779 2475 823 autem
2509 770 2609 823 ibis
2632 770 2699 823 ad
2731 778 2908 838 patres
2949 780 3064 825 tuos
3099 788 3219 826 cum
3249 789 3400 842 pace,

1812 864 2049 918 nutritus
2095 863 2191 935 {aL
2219 861 2472 934 nutritas]
2505 863 2560 916 in
2593 871 2805 934 senecta
2830 863 2987 930 bona,
3016 865 3203 934 utique
3239 863 3402 933 spiri-

1814 958 1928 1025 tali,
1955 973 2077 1028 qua:
2113 968 2196 1012 est
2217 973 2344 1013 vere
2370 968 2624 1013 senectus
2656 958 2818 1024 bona,
2851 973 3147 1014 canescens
3179 969 3233 1014 et
3258 961 3310 1014 in
3340 960 3404 1016 ll-

1813 1067 1937 1106 nem
1965 1066 2137 1121 usque
2169 1050 2492 1120 perveniens
2517 1051 2570 1104 in
2603 1049 2826 1105 Christo
2859 1048 3008 1104 Jesu.
3040 1050 3142 1104 Cui
3176 1060 3260 1105 est
3286 1052 3403 1120 glo-

1813 1143 1894 1198 ria
1945 1157 2000 1200 et
2047 1145 2222 1199 honor
2269 1153 2323 1199 et
2367 1143 2655 1213 imperium
2711 1145 2765 1198 in
2806 1144 3004 1199 saecula
3052 1143 3400 1200 saeculorum.

1813 1237 2012 1292 Amen.

2380 1325 2667 1381 HUMILIA
2699 1325 2840 1380 XXI.

1816 1441 1894 1497 De
1919 1458 1978 1496 eo
2006 1443 2146 1513 quod
2171 1443 2426 1512 scriptum
2449 1453 2525 1496 est
2555 1458 2573 1495 :
2621 1461 2638 1492 r
2669 1442 2867 1506 Quinto
2899 1442 3102 1495 decimo
3136 1459 3274 1496 anno
3310 1443 3406 1495 im-

1885 1515 2019 1584 perii
2061 1513 2254 1567 Tiberii
2298 1514 2552 1574 Cwsaris,
2594 1532 2612 1562 ι
2651 1530 2812 1582 usque
2847 1515 2915 1565 ad
2961 1514 3134 1566 locant
3159 1515 3244 1568 ubi
3278 1516 3352 1568 ait
3381 1530 3399 1567 :

1890 1603 1909 1636 ι
1942 1585 2130 1639 Rectas
2167 1585 2331 1655 facile
2371 1585 2589 1638 semitas
2619 1584 2752 1652 ejus.
2798 1604 2816 1635 ι
2864 1584 2997 1654 Cap.
3035 1601 3117 1638 III.

1881 1678 2116 1766 Quando
2150 1700 2215 1753 ad
2247 1697 2466 1753 Judteos
2494 1698 2606 1770 (56)
2638 1708 2849 1752 tantum
2885 1714 3068 1753 sermo
3115 1697 3400 1768 propheti-

1813 1811 1911 1850 cus
1946 1794 2281 1860 mittebatur,
2313 1791 2526 1848 Judaici
2564 1806 2719 1862 reges
2751 1791 3094 1861 ponebantur
3123 1792 3175 1844 in
3201 1790 3397 1846 titulo:

1814 1886 1977 1942 Verbi
2010 1887 2182 1958 gratia
2226 1906 2238 1940 :
2290 1885 2430 1940 Visio
2459 1901 2618 1954 quam
2650 1885 2782 1938 vidit
2834 1882 3010 1937 Isaias
3040 1883 3184 1953 ﬁlius
3215 1886 3399 1950 Amos,

119 1975 456 2045 suspicatur,
503 1976 646 2032 unde
691 1985 746 2030 et
797 1976 1138 2032 custodiebat
1170 1977 1356 2032 omnia
1389 1979 1555 2034 verba
1585 1981 1706 2050 ejus
1740 1983 1780 2036 Β
1810 1982 2062 2035 adversus
2112 1979 2361 2034 Judwam
2404 1977 2567 2049 957
2617 1987 2666 2032 et
2719 1977 2968 2032 adversus
3011 1976 3311 2032 Jerusalem
3345 1978 3401 2030 in

115 2069 169 2122 in
205 2067 378 2124 corde
405 2084 530 2134 suo,
575 2084 684 2124 non
717 2069 876 2139 quasi
915 2071 1069 2138 pueri
1103 2071 1197 2140 qui
1229 2071 1518 2128 duodecim
1561 2083 1705 2129 esset

114 2175 409 2227 annorum,
440 2160 534 2215 sed
561 2160 682 2230 ejus
717 2161 812 2232 qui
845 2161 912 2216 de
939 2158 1152 2231 Spiritu
1183 2172 1374 2217 sancto
1405 2171 1704 2234 conceptus

113 2251 314 2320 fuerat,
358 2269 522 2324 quem
569 2254 790 2311 videbat
833 2253 1099 2325 proﬁcere
1138 2255 1402 2324 sapientia
1445 2265 1500 2311 et
1531 2257 1705 2327 gratia

114 2347 252 2417 apud
287 2345 455 2402 Deum
485 2359 538 2404 et
564 2348 833 2403 homines.
857 2345 1020 2404 Jesus
1046 2348 1368 2418 proﬁciebat
1401 2351 1691 2420 sapientia,

117 2439 415 2510 sapientior
444 2454 542 2511 per
591 2439 838 2510 singulas
871 2439 1158 2495 videbatur
1201 2451 1410 2497 aetates.
1444 2441 1702 2514 Nunquid

116 2532 333 2602 sapiens
367 2546 476 2586 non
506 2541 646 2598 erat,
681 2541 741 2585 ut
772 2531 1074 2601 sapientior
1113 2532 1301 2588 ﬁeret?
1333 2537 1416 2590 An
1439 2537 1701 2606 quoniam

114 2632 473 2679 evacuaverat
520 2639 579 2679 se
630 2621 866 2678 formam
915 2625 1059 2680 servi
1111 2626 1408 2696 accipiens.
1462 2629 1514 2683 id
1555 2631 1702 2700 quod

116 2715 374 2770 amiserat
395 2715 734 2780 resumebat,
766 2722 821 2770 et
856 2715 1170 2785 replehatur
1201 2717 1516 2784 virtutibus,
1539 2734 1701 2790 quas,

116 2809 276 2878 paulo
332 2817 460 2865 ante
517 2817 803 2879 assumpto
860 2823 1111 2879 corpore,
1167 2810 1318 2868 visus
1383 2811 1561 2868 fuerat
1614 2828 1704 2869 re-

116 2901 414 2972 linquere?
467 2900 797 2957 Proﬁciebat
855 2915 987 2972 ergo
1051 2917 1163 2956 non
1233 2904 1412 2959 solum
1485 2905 1704 2977 sapien-

115 2994 208 3058 tia,
250 2993 346 3048 sed
391 3003 568 3050 aetate.
612 2994 710 3050 Est
749 2993 928 3050 aetatis
960 2992 1262 3063 profectus.
1294 2995 1427 3053 Dure
1467 2999 1520 3054 in
1553 2999 1703 3054 Scri-

115 3085 290 3155 pturis
324 3085 576 3141 feruntur
605 3096 816 3153 aetates,
845 3090 1017 3146 altera
1061 3090 1307 3162 corporis
1336 3106 1459 3161 qua:
1487 3107 1596 3147 non
1618 3102 1703 3148 est

115 3176 166 3230 in
211 3184 483 3248 potestate
525 3185 737 3244 nostra,
787 3178 883 3234 sed
938 3178 992 3236 in
1039 3181 1158 3252 lege
1202 3190 1410 3236 natura:
1463 3201 1476 3236 :
1530 3184 1700 3238 altera

113 3271 330 3335 animae,
362 3285 486 3340 qua:
509 3271 730 3341 proprie
759 3270 816 3327 in
858 3273 1019 3329 nobis
1047 3273 1150 3329 sita
1184 3282 1289 3338 est,
1315 3274 1470 3343 juxta
1505 3290 1693 3346 quam,

1807 2092 1964 2146 regno
1991 2073 2136 2130 θείω
2156 2083 2204 2128 et
2232 2071 2529 2137 Jonatlian,
2555 2081 2606 2125 et
2634 2069 2837 2135 Acltaz,
2863 2080 2910 2124 et
2941 2068 3181 2124 Ezechiaz
3199 2069 3244 2100 ”
3265 2087 3278 2123 :
3300 2085 3401 2124 nec

1804 2168 1971 2222 alium
2017 2181 2374 2237 quemquam,
2427 2163 2671 2234 exceptis
2723 2162 2925 2218 Judzeat
2974 2163 3214 2234 regibus,
3245 2163 3399 2216 Isaiae

1803 2259 1963 2315 video
1992 2268 2236 2328 tempore
2260 2256 2628 2326 designatum.
2660 2253 2718 2309 In
2747 2252 3080 2324 quibusdam
3119 2254 3398 2322 prophetis

1804 2358 1860 2406 et
1900 2348 2064 2406 Israel
2115 2363 2268 2420 reges
2313 2347 2567 2418 legimus,
2603 2345 2744 2402 sicut
2798 2346 2919 2399 ibi:
2971 2346 3037 2399 Et
3081 2344 3134 2398 in
3183 2344 3395 2411 diebus,

1804 2443 2002 2514 inquit,
2045 2441 2330 2496 Jeroboam
2376 2439 2480 2509 ﬁlii
2517 2439 2648 2494 Joas
2681 2439 2816 2509 regis
2865 2436 3038 2491 Israel
3070 2437 3130 2490 “.
3167 2435 3398 2504 Quando

1803 2552 1934 2591 vero
1963 2541 2368 2591 sacramentum
2405 2531 2684 2602 Evangelii
2733 2530 3142 2599 ptulieandum
3174 2543 3313 2600 erat,
3344 2543 3402 2591 et

1805 2627 1859 2682 in
1923 2636 2036 2682 toto
2091 2625 2638 2700 orbe'Evangcliom
2697 2627 3189 2691 disseminandum,
3241 2628 3401 2698 cujus

1804 2719 2056 2789 princeps
2075 2716 2319 2776 Joannes
2344 2716 2398 2774 in
2430 2734 2616 2774 eremo
2640 2717 2760 2784 fuit,
2785 2726 2840 2772 et
2863 2719 3051 2773 orbem
3080 2717 3390 2772 Romanum

1805 2809 2009 2870 Tiberii
2040 2813 2262 2884 regebat
2294 2812 2607 2882 imperium,
2635 2822 2689 2867 et
2718 2822 2849 2866 tunc
2882 2811 2936 2865 in
2969 2810 3163 2880 quinto
3185 2809 3400 2865 decimo

1804 2914 1949 2954 anno
1994 2900 2220 2954 verbum
2252 2897 2468 2952 Domini
2501 2901 2568 2954 ad
2600 2898 2867 2955 Joannem
2911 2899 3112 2955 factum
3143 2915 3264 2954 esse
3298 2899 3397 2954 de.

1804 2992 2085 3050 scribitur.
2116 2993 2183 3048 Et
2213 2994 2258 3048 si
2289 3002 2498 3047 tantum
2541 2992 2624 3046 his
2647 2993 2739 3061 qui
2773 2993 2841 3046 de
2868 2991 3185 3046 nationibus
3216 2991 3397 3045 credi.

1803 3087 1909 3141 turi
1941 3094 2098 3141 erant
2129 3085 2505 3140 annuntianda
2543 3085 2692 3140 salus
2730 3083 2946 3145 luisset,
2975 3092 3026 3138 et
3057 3084 3272 3152 penitus
3298 3098 3397 3137 exa

1802 3179 2104 3236 cludendus
2151 3177 2347 3245 Israel,
2413 3176 2703 3232 sullecerat
2759 3177 2948 3231 dicens
3012 3195 3024 3230 :
3084 3174 3147 3230 lu
3209 3177 3395 3246 quinta

1803 3270 2004 3326 decimo
2073 3286 2211 3323 anno
2284 3267 2480 3322 Tiberii
2555 3265 2828 3332 Cwsaris,
2903 3267 3131 3336 praeside
3189 3265 3397 3322 Juda’e

112 3363 156 3417 si
190 3363 469 3425 volumus,
499 3362 746 3434 quotidie
772 3363 1098 3432 crescimus,
1126 3372 1182 3419 et
1213 3365 1280 3419 ad
1324 3344 1695 3421 summitatem
1727 3344 1769 3404 (ἶ
1806 3361 1999 3417 Pontio
2041 3360 2240 3416 Pilato.
2288 3359 2427 3428 Quia
2455 3375 2586 3415 vero
2613 3369 2664 3416 et
2692 3359 2760 3414 de
2784 3357 2968 3414 Judaea
3009 3369 3062 3414 et
3082 3360 3148 3414 de
3176 3359 3394 3414 Galilaea

110 3451 384 3520 venimus,
412 3459 470 3509 ut
495 3469 606 3509 non
642 3455 818 3511 simus
844 3456 985 3510 ultra
1019 3458 1232 3527 parvuli
1267 3456 1618 3525 ﬂuctuantes,
1643 3468 1700 3514 et

112 3544 202 3615 qui
235 3545 697 3603 circumferamur
743 3548 893 3602 omni
929 3559 1093 3603 vento
1121 3549 1406 3616 doctrinae,
1445 3551 1538 3604 sed
1579 3565 1701 3606 esse

109 3638 321 3707 parvuli
343 3639 678 3703 desinentes,
708 3640 1036 3710 incipiamus
1058 3657 1181 3697 esse
1210 3641 1331 3705 viri,
1363 3651 1528 3712 atque
1557 3643 1700 3697 dica-

110 3747 232 3787 nrus
282 3749 297 3786 :
343 3732 573 3798 Quando
630 3733 808 3790 factus
853 3751 975 3791 sum
1030 3735 1137 3799 vir,
1189 3734 1436 3790 destruxi
1477 3751 1541 3790 ea
1578 3752 1700 3807 qua:

108 3831 265 3877 erant
306 3825 518 3894 parvuli
570 3825 638 3880 “.
680 3823 876 3896 Hujus,
914 3835 976 3880 ut
1009 3825 1144 3894 dixi,
1182 3826 1359 3881 aetatis
1399 3824 1698 3897 profectus,

108 3915 199 3985 qui
227 3916 630 3972 incrementum
664 3919 830 3974 habet
854 3919 1071 3986 animre,
1111 3919 1164 3973 in
1197 3927 1384 3973 nostra
1427 3927 1512 3975 est
1545 3931 1702 3989 pote-

107 4014 266 4060 state.
324 4004 383 4060 Si
412 4017 594 4062 autem
644 4024 754 4064 non
805 4009 1004 4066 sullicit
1055 4009 1474 4076 testimonium,
1529 4011 1694 4065 etiam

110 4096 241 4153 illud
279 4098 350 4154 de
384 4097 554 4154 Paulo
586 4116 873 4157 sumamus
913 4103 1226 4172 exemplum
1266 4121 1277 4157 :
1315 4103 1492 4157 Donec
1518 4119 1698 4173 perve-

109 4189 342 4252 niamus,
393 4189 572 4260 inquit
618 4192 685 4260 θ’,
737 4209 917 4247 omnes
963 4194 1018 4246 in
1062 4194 1236 4248 uirum
1281 4193 1592 4263 perfectum,
1640 4195 1696 4247 in

108 4298 416 4336 mensuram
463 4284 640 4338 wtatis
691 4285 1039 4354 plenitudinis
1083 4287 1318 4356 corporis
1367 4284 1588 4340 Christi.
1636 4283 1694 4340 In

107 4373 268 4431 nobis
296 4389 428 4446 ergo
450 4384 555 4438 est,
589 4385 649 4430 ut
673 4376 741 4430 ad
769 4392 1086 4433 mensuram
1115 4379 1496 4448 perveniamus
1519 4377 1696 4433 aetatis

106 4465 360 4535 corporis
401 4464 630 4534 Christi,
657 4476 713 4522 et
762 4468 810 4524 si
849 4469 905 4524 in
956 4469 1117 4526 nobis
1157 4479 1263 4535 est,
1297 4471 1449 4526 omni
1502 4472 1692 4526 labore

177 4601 224 4635 “
253 4600 275 4656 Ι
305 4600 432 4656 Cor.
469 4617 592 4669 xm,
629 4601 689 4658 il
773 4605 818 4636 "
859 4605 1060 4676 Ephes.
1085 4621 1156 4669 IV,
1196 4605 1284 4659 l3.
1361 4605 1405 4637 ⁸³
1431 4603 1536 4661 lsa.
1565 4620 1604 4672 ι,
1634 4607 1686 4662 1.

1764 4607 1810 4639 ⁸³
1842 4609 2010 4662 Amos
2038 4621 2078 4668 ι,
2109 4603 2158 4656 l.

1802 3453 1958 3508 multi
1991 3451 2254 3507 credituri
2297 3462 2474 3517 erant,
2507 3450 2713 3506 idcirco
2745 3459 2799 3504 et
2833 3450 2947 3504 haec
2987 3466 3153 3521 regna
3181 3467 3396 3520 ponun-

1803 3553 1890 3598 tur
1926 3543 1979 3597 in
2024 3544 2206 3609 titulo,
2243 3543 2556 3613 diciturque
2605 3561 2619 3597 :
2681 3541 2970 3597 Tetrarcha
3002 3542 3242 3597 Galilaea:
3287 3541 3397 3596 Ile-

1808 3637 1953 3700 rode,
1995 3646 2044 3691 et
2090 3637 2334 3707 Philippo
2379 3637 2548 3706 fratre
2600 3637 2715 3706 ejus
2762 3637 3032 3691 tetrarcha
3083 3635 3301 3690 Iturarte
3341 3647 3392 3691 et

1812 3727 2204 3783 Trachonitidis
2229 3729 2478 3798 regionis,
2505 3737 2553 3782 et
2582 3727 2816 3798 Lysania
2845 3727 3111 3782 tetrarcha
3136 3726 3392 3792 Abi/emt,

1804 3819 1900 3874 sub
1932 3819 2261 3889 principibus
2293 3817 2631 3872 sacerdotum
2661 3822 2820 3870 Anna
2850 3825 2900 3869 et
2935 3814 3140 3884 Caiplta
3191 3815 3397 3883 factum

1805 3920 1883 3966 est
1922 3911 2133 3966 verbum
2174 3909 2392 3965 Domini
2423 3908 2492 3963 ad
2519 3907 2784 3962 Joannem
2817 3907 2990 3978 ﬁlium
3031 3905 3307 3961 Zacharia:
3341 3905 3396 3958 in

1807 4003 2034 4058 deserto.

1876 4094 2016 4150 Olim
2079 4093 2307 4149 verbum
2370 4093 2465 4148 Dei
2525 4091 2689 4147 ﬁebat
2741 4089 3157 4165 adderemiam
3222 4089 3394 4145 lilium

1807 4187 2006 4243 Elchiae
2036 4187 2090 4241 in
2121 4186 2404 4240 Anathoth
2436 4187 2492 4240 in
2537 4186 2731 4241 diebus
2760 4183 2924 4240 Josia:
2950 4183 3091 4254 regis
3118 4180 3273 4236 Juda:
3303 4181 3348 4213 ⁶⁸
3375 4200 3390 4237 ε

1803 4295 1952 4334 nunc
1997 4293 2179 4334 sermo
2228 4276 2320 4334 Dei
2357 4277 2416 4332 fit
2444 4278 2510 4332 ad
2559 4276 2825 4332 Joannem
2879 4275 3051 4330 ﬁlium
3095 4273 3394 4342 Zachariae,

1804 4373 1897 4443 qui
1915 4371 2030 4441 (57)
2052 4386 2332 4440 nunquam
2359 4369 2539 4426 factus
2559 4379 2642 4425 est
2665 4370 2732 4425 ad
2760 4369 3053 4439 prophetas
3077 4368 3131 4421 in
3153 4367 3392 4422 deserto.

1809 4468 1913 4524 Sed
1954 4469 2084 4538 quia
2121 4465 2304 4536 plures
2339 4465 2436 4520 lilii
2479 4465 2743 4521 credituri
2773 4472 2932 4520 erant
2953 4464 3183 4519 deserta:
3220 4461 3397 4531 magis

2237 4603 2283 4634 ⁸⁸
2311 4600 2422 4658 Jer.
2455 4605 2573 4668 1,1.

179 4766 536 4843 (56)__Etede_m
567 4765 814 4822 schedaaz
845 4764 968 4843 Ἐςιή
999 4763 1098 4843 μὲν
1122 4766 1201 4837 τῷ
1225 4768 1700 4843 πεντεκαιᾷεξιάτῳ

1813 4770 1953 4836 data;
1989 4772 2044 4825 in
2093 4773 2340 4841 mysterio
2372 4782 2546 4826 autent
2591 4771 2884 4843 Evangelii,
2911 4771 3058 4842 'quod
3095 4788 3186 4841 per
3227 4780 3398 4843 totum

105 4836 261 4912 παρὰ
295 4838 577 4912 Ἱουδᾳζοις
599 4836 995 4912 κηρυσςσομένιρ
1017 4837 1158 4907 λόγῳ
1175 4836 1511 4912 προφητικῷ
1547 4836 1704 4909 ﬁam;

103 4907 225 4965 λείᾶ
261 4909 426 4982 μόνοχ
453 4908 722 4982 Ἰοιιδᾳίωγ
755 4907 1150 4982 ἁνᾳγράφεται.
1179 4907 1417 4982 togam;
1443 4907 1574 4980 γὰρ)
1600 4929 1706 4982 φη-

108 4983 218 5045 σὶν,
242 4982 324 5051 ἣν
343 4977 505 5034 εἶδεν
535 4979 785 5051 λ’ῌσαΐας
811 4979 880 5051 ἐκ·
909 4978 1387 5051 ἡμέραιςΫὈζῒου,
1417 4977 1521 5035 καὶ
1549 4977 1704 5035 ’1ώὰ-

107 5058 250 5122 (lay,
271 5047 376 5106 ’καὶ
411 5048 743 5122 Ἀχὰςκαζ
765 5047 1046 5122 Ἐζεκίου,
1075 5050 1128 5102 οἳ
1151 5050 1559 5122 ἐϐασίλευσαν·
1592 5052 1702 5120 τῆς

117 5119 415 5204 fici—udam}:
429 5138 442 5151 °
468 5120 564 5202 ἐπὶ
588 5119 755 5204 δὲ’τῷ
780 5119 1063 5204 μυστηρίῳ
1090 5119 1184 5204 τρῖ)
1207 5119 1701 5204 Ειξαγγελξουῌμέλὲ

105 5195 257 5248 λοντι
285 5197 343 5246 ἐν
370 5193 476 5263 ὅλῳ
498 5190 576 5262 τῷ
609 5190 799 5264 κόσμῳ
833 5190 1224 5264 κηρύσσεσθαι,
1249 5193 1514 5264 ἡγεμονία
1543 5190 1704 5247 Τιϐε-

106 5267 233 5353 ρείου
283 5261 563 5353 ἰξαίσαὲρος
578 5262 1005 5353 Ἇὰιςαγρέιίφεταιμ
1041 5261 1098 5347 ὃς
1143 5261 1316 5353 totius:
1344 5261 1467 5353 ἰξοῦ.
1497 5265 1704 5353 edition

103 5331 232 5391 ὅλου
272 5331 410 5388 εἶναι
449 5331 890 5404 βασιλεύςςιίαὶ
934 5334 981 5404 εἰ
1027 5333 1124 5403 μὲν
1169 5336 1217 5386 οἱ
1262 5335 1370 5386 ἀπὸ
1400 5334 1508 5386 τῶν
1534 5331 1704 5390 ὲθῖιῶν

107 5409 263 5478 μόνοι
299 5401 520 5478 ἐμεᾯζον
553 5401 876 5478 Δ(ξςίιζεςτϐειι)Δ
906 5401 1082 5478 arati/cr)
1130 5403 1187 5478 δὲ
1233 5405 1629 5478 ἀπεκέκλειστο
1664 5410 1696 5477 ἡ

107 5474 357 5548 aucupia
378 5475 486 5528 τῶν
512 5474 643 5527 υἱῶν
678 5474 914 5546 Ἰσραὴλ,
931 5474 1088 5558 ἤρκει
1118 5475 1179 5557 το
1203 5476 1506 5546 μνησθῆναι
1537 5474 1696 5546 μόνού

105 5547 388 5619 Τιϐερίου.
427 5547 579 5619 Ἐπεὶ
612 5545 668 5597 δὲ
695 5545 776 5619 δεῖ
805 5547 938 5619 τοὺς»
970 5545 1078 5619 (ἐπὸ
1118 5563 1215 5616 της
1245 5545 1578 5619 ξαλιλαίαςχ
1604 5548 1698 5601 καὶ

217 5565 388 5610 εριου.
432 5565 579 5600 bitat
612 5565 668 5597 οε
695 5565 774 5598 oet
805 5565 930 5608 τους
970 5565 1078 5597 arto
1118 5565 1215 5610 της
1245 5565 1265 5597 ι
1286 5565 1558 5610 αΑιΛαιας,

105 5615 374 5681 τοῦςὰπὸ
401 5617 500 5687 τῆς
534 5615 830 5688 Ἰτουραίας
860 5615 1358 5688 καὶῨΤρ-αχονιτίδος
1395 5618 1692 5684 πιστεύειν,

103 5690 195 5744 διὰ
219 5679 386 5741 ῖιοῦτο
413 5679 824 5758 ἁύξιγράιρὸνται
846 5728 860 5752 ,
889 5687 983 5740 καὶ
1011 5679 1169 5758 item
1199 5689 1254 5740 al
1286 5679 1548 5757 βάσιλεῖαι
1567 5730 1581 5751 ,
1616 5679 1694 5741 εἴὲ

103 5777 240 5814 τουν
269 5757 578 5830 τοπαρχίαιζ
613 5757 754 5811 Dum
796 5757 1138 5830 propheticus
1162 5759 1371 5820 quidem
1395 5775 1565 5813 sermo
1594 5758 1629 5811 .1
1635 5777 1698 5812 n-

105 5831 247 5884 dwis
283 5827 628 5897 prmdt’catur,
666 5844 878 5897 regnum
904 5827 1075 5880 solum
1103 5827 1414 5882 Judazorum
1441 5831 1696 5883 describi-

107 5911 248 5962 tur;
277 5900 413 5954 visio
443 5900 613 5965 enim,
647 5899 838 5967 inquit,
864 5914 1028 5967 quam
1051 5897 1186 5953 vidit
1219 5898 1387 5952 Isaias
1417 5900 1469 5953 in
1500 5901 1695 5955 diebus

108 5971 281 6035 Ozias,
305 5979 356 6027 et
386 5969 660 6039 Joatham,
695 5977 749 6026 et
779 5970 982 6037 Acbaz,
1012 5968 1103 6041 qui
1139 5981 1498 6040 regnaverunt
1521 5971 1573 6026 in
1603 5969 1696 6028 iu-

1805 4843 2409 4912 orbemiprwdicandum
2435 4853 2547 4898 erat
2575 4883 2588 4906 ,
2623 4841 2944 4896 describitur
2973 4845 3254 4912 imperium
3302 4841 3395 4895 Ti-

1804 4912 1932 4965 berii
1966 4911 2224 4976 Cresaris,
2252 4917 2342 4985 qui
2375 4916 2614 4968 universo
2654 4915 2768 4967 orbi
2793 4911 3055 4984 imperare
3087 4915 3392 4967 videbatur.

1801 4984 1880 5056 4c
1909 4985 2166 5056 siquidem
2195 4984 2322 5038 solre
2351 4997 2528 5056 gentes
2559 4986 2828 5039 salvanda:
2851 4987 3097 5054 fuissent,
3129 4985 3258 5056 [iliis
3279 4999 3397 5036 vero

1813 5052 2175 5125 Israelomnts
2211 5052 2395 5125 [uisset
2420 5056 2683 5125 prwclusa
2720 5052 2900 5120 salus,
2934 5056 3064 5107 satis
3096 5055 3283 5125 fuisset
3309 5069 3396 5105 so-

1810 5125 1914 5177 lius
1956 5124 2151 5179 Tiberii
2182 5123 2492 5180 mentionem
2535 5127 2724 5194 facere.
2755 5125 2886 5179 Cum
2931 5134 3108 5177 autem
3139 5123 3394 5178 Galilazos

1809 5197 1969 5248 etiam
1993 5207 2147 5264 atque
2172 5195 2423 5260 Iturwos,
2459 5195 2906 5265 Trachanitasqae
2930 5195 3138 5248 credere
3169 5203 3393 5265 oportet,

1808 5265 2008 5318 idcirco
2032 5263 2186 5336 regna
2209 5267 2319 5321 hare
2341 5285 2429 5322 seu
2461 5267 2744 5335 toparchia:
2771 5263 3391 5336 (ἰέδενὶὺιιηιιιικΒιιιξῖιιεἐ

1877 5337 1989 5458 ἳὸῖ)
2030 5333 2240 5391 Eidem
2267 5339 2482 5393 schedze
2511 5333 2522 5391 ἐ
2552 5337 2825 5389 Οὐδέποτε
2857 5337 3050 5404 γέγονε
3079 5337 3229 5417 ῥῆμα
3257 5333 3393 5386 Θεοῦ

1917 5424 2038 5458 τινα
2059 5408 2166 5458 τῶν
2201 5408 2496 5458 προφητῶν
2516 5409 2573 5458 ὲν
2593 5410 2657 5458 τῆ
2689 5409 2783 5458 ἐοή
2796 5425 2899 5458 um.
2923 5410 2969 5458 εἰ
3008 5407 3079 5458 μὴ
3103 5424 3200 5458 νυν
3233 5406 3393 5458 μόνον

1803 5406 1895 5480 igni
1917 5406 2038 5460 sivo.
2059 5408 2166 5460 τῶν
2201 5408 2496 5480 προφητῶν
2516 5409 2573 5480 ἐν
2593 5410 2657 5476 τῇ
2689 5409 2899 5480 ἐρήμῳ,
2920 5410 2969 5480 εἰ
3006 5406 3086 5480 μὴ
3103 5406 3200 5480 vim
3232 5406 3394 5480 μον-ογ

1802 5451 1894 5550 5;;
1909 5451 2037 5550 at;
2070 5451 2616 5550 manantia:
3004 5451 3195 5550 sua.
3222 5451 3396 5550 aut

1905 5545 2194 5636 Eéxvg'tijg
2228 5545 2438 5636 épijpou
2472 5545 2671 5630 μᾶλλον
2705 5545 2850 5634 εἶναι
2870 5545 2892 5611 ,⁷
2917 5545 3190 5636 coactiost.
3207 5548 3308 5618 τῆς
3335 5545 3397 5636 ἐξ

1805 5619 1974 5673 ἐθνῶν
2017 5618 2376 5690 Ἐκκλησίαξ,
2411 5621 2557 5690 ἥπερ
2585 5620 2684 5689 τῆς
2717 5619 2949 5690 ἐχούσης
2975 5619 3051 5682 ὡς
3094 5619 3264 5691 ἄνδρα
3300 5618 3394 5691 ίεὸν

1804 5690 2002 5760 νόμον,
2043 5692 2142 5761 τῆς
2191 5688 2461 5744 Ἰουδαίων
2507 5688 2649 5761 φημὶ
2697 5688 3050 5761 συναγωγῆς·
3101 5688 3208 5742 διὸί
3234 5688 3394 5742 τοῦτο

1805 5762 1938 5832 πρὸς
1972 5760 2222 5832 ξιωάέινην
2255 5763 2472 5829 ἐγένετο
2505 5760 2656 5832 ῥῆμα
2686 5760 2820 5813 (ξ)εοῦ
2849 5764 2907 5813 ὲν
2939 5763 3149 5832 ἐρήμῳ.
3187 5762 3250 5813 Εἰ
3284 5761 3394 5830 γὰρ

1807 5829 1883 5953 ᾗὴ
1903 5831 2059 5883 τοῦτο
2080 5829 2257 5904 ἧνζὲκ
2278 5829 2540 5904 περισσοῦ
2565 5829 2739 5884 ἐποίει
2775 5829 3068 5902 nuptiaech
3095 5829 3151 5884 ἐν
3176 5829 3388 5901 ἐτήμῳ.

1864 5918 2093 5953 unquam
2143 5905 2340 5953 factum
2399 5915 2475 5953 est
2529 5903 2738 5953 verbum
2800 5902 2891 5953 Dei
2953 5919 3109 5953 super
3161 5854 3388 5953 aliquem

1864 5902 2112 5970 unquam.
2141 5902 2364 5972 factum
2399 5915 2475 5955 est
2529 5903 2738 5955 verbum
2800 5902 2891 5955 Dei
2953 5919 3109 5970 super
3161 5902 3391 5970 aliquem

1811 5975 2185 6044 prop/telarum
2227 5975 2278 6028 in
2310 5977 2539 6043 deserto,
2571 5975 2671 6027 nisi
2699 5989 2834 6027 nunc
2867 5973 3034 6027 soluat
3069 5973 3132 6028 ob
3157 5974 3392 6043 aliquam
