4002 6538
572 425 596 479 Ι
607 420 718 481 855

2047 415 2375 476 ORIGEMS

3731 417 3853 468 1850

573 557 741 613 quam
770 541 891 614 ejus
930 496 1054 613 qua:
1080 540 1245 596 habet
1268 538 1450 595 virum
1477 540 1524 573 “
1557 557 1571 596 :
1610 539 1814 596 idcirco
1841 539 2042 596 factum
2077 550 2162 598 est
2190 543 2237 603 Α
2264 539 2441 608 Quam
2479 535 2625 592 viam
2658 533 2891 591 Domino
2919 532 3341 606 praeparemus?
3362 529 3639 602 Nunquid
3668 545 3854 601 oorpo-

569 636 795 692 verbum
824 636 920 691 Dei
949 635 1015 690 ad
1041 632 1306 689 Joannem
1337 632 1507 687 lilium
1536 630 1813 689 Zacharia:
1837 634 1891 688 in
1921 632 2157 689 deserto.

577 727 865 799 Simulque
895 725 1180 783 considera
1214 723 1361 795 quod
1403 722 1578 795 magis
1620 723 1887 779 rationem
1919 723 2081 779 habet
2113 722 2161 779 si

574 820 806 893 mystice
856 818 1192 890 intelligatur
1242 818 1543 878 desertum,
1589 824 1643 870 et
1691 831 1799 871 non
1860 815 2159 872 secundum

576 912 884 984 simplicem
937 912 1198 966 litteram.
1232 910 1335 977 Qui
1365 910 1511 965 enim
1541 908 1595 964 in
1625 908 1844 965 deserto
1880 908 2161 979 praedicat,

573 1004 852 1077 superﬂue
880 1003 1007 1059 facit
1036 1004 1111 1058 ibi
1147 1002 1462 1067 vociferari,
1492 1003 1584 1057 ubi
1615 1016 1674 1058 se
1699 1002 2010 1072 loquentem
2038 1005 2164 1058 nqu

573 1097 662 1153 lus
703 1094 975 1152 exaudiat.
1015 1092 1331 1149 Prtecursor
1371 1105 1502 1163 ergo
1552 1090 1777 1155 Christi,
1809 1100 1863 1145 et
1906 1104 2013 1145 vox
2045 1090 2160 1146 cla-

575 1188 781 1244 mantis
808 1187 863 1241 in
900 1186 1140 1251 deserto,
1165 1183 1424 1254 praedicat
1468 1182 1521 1236 in
1551 1182 1765 1237 deserto
1796 1181 2011 1251 animae,
2040 1196 2163 1251 quae

573 1295 682 1335 non
713 1279 945 1334 habebat
981 1291 1191 1348 pacem.
1233 1271 1353 1329 Non
1403 1273 1579 1329 solum
1632 1281 1812 1328 autem
1864 1280 2023 1338 tunc,
2066 1272 2163 1327 sed

573 1382 631 1429 et
669 1373 725 1427 in
765 1370 1023 1442 praesenti
1069 1370 1307 1439 primum
1357 1368 1581 1422 lucerna
1624 1367 1822 1421 ardens
1870 1375 1925 1421 et
1972 1366 2162 1422 lucens

572 1466 744 1533 venit,
774 1473 829 1521 et
851 1462 1181 1535 praedicabat
1206 1460 1477 1531 baptisma
1503 1460 1859 1530 pmnitentim,
1882 1458 1936 1513 in
1967 1458 2164 1514 remis-

574 1555 786 1611 sionem
821 1560 1171 1624 peccatorum
1208 1570 1221 1605 :
1255 1549 1453 1606 deinde
1484 1550 1576 1605 lux
1620 1564 1748 1603 vera
1778 1549 2160 1619 subsequitur,

572 1647 795 1718 quando
830 1647 1056 1701 lucerna
1103 1645 1219 1714 ipsa
1262 1643 1554 1713 loquitur:
1596 1640 1764 1697 Ilium
1802 1650 2006 1711 Oportet
2050 1658 2163 1696 cre-

574 1756 737 1807 scere,
766 1757 847 1795 me
864 1750 1042 1794 autem
1059 1739 1287 1793 minui"
1304 1737 1416 1809 (58)
1440 1756 1451 1791 :
1472 1735 1560 1791 Fit
1579 1736 1806 1791 verbum
1843 1736 1895 1790 in
1923 1736 2161 1802 deserto,

574 1843 629 1889 et
653 1833 802 1888 venit
827 1831 895 1887 ad
933 1846 1147 1887 omnem
1198 1831 1344 1885 circa
1388 1828 1664 1900 regionem
1714 1826 1989 1884 Iordanis.
2027 1826 2161 1894 Quae

575 1925 722 1981 enim
756 1925 862 1980 alia
904 1924 1026 1979 loca
1067 1922 1256 1978 debuit
1280 1921 1514 1977 circuire
1547 1918 1814 1991 Baptista.
1847 1922 1953 1977 nisi
1983 1921 2159 1976 vicina
2195 1901 2238 1960 θ

572 2015 853 2080 Iordanis,
895 2025 953 2072 ut
998 2017 1313 2088 quicunque
1354 2013 1657 2071 voluissent
1705 2028 1865 2085 agere
1892 2015 2162 2084 paeniten-

577 2110 734 2178 tiam,
762 2117 959 2181 praesto
986 2117 1171 2166 essent
1201 2108 1268 2163 ad
1302 2108 1578 2162 lavacrum
1612 2107 1812 2177 aquae?
1841 2106 2012 2162 Porro
2039 2105 2164 2161 Jor-

576 2201 847 2273 danis(59)
860 2200 1173 2255 descendens
1193 2200 1601 2268 interpretatur.
1621 2196 1967 2252 Descendens
1979 2205 2161 2252 autem

575 2303 633 2351 et
659 2297 812 2365 largo
841 2294 1043 2364 impetu
1080 2306 1310 2349 currens
1339 2289 1539 2345 ﬂuvius
1574 2287 1667 2344 Dei
1700 2288 1952 2345 Salvator
1978 2299 2164 2346 noster

580 2386 850 2443 Dominus
900 2396 1004 2448 est,
1057 2385 1110 2439 in
1170 2399 1282 2453 quo
1340 2384 1706 2454 baptizamur.
1737 2381 1911 2450 Quam
1977 2397 2161 2439 veram

577 2496 777 2553 aquam
816 2480 1134 2544 salutarem,
1169 2478 1223 2531 in
1248 2476 1631 2532 remissionem
1659 2491 1880 2547 quoque
1914 2487 2166 2547 peccato-

577 2589 702 2629 rum
749 2573 804 2627 in
849 2571 1120 2642 baptismo
1167 2571 1470 2642 praedicat:
1508 2569 1710 2634 venite,
1758 2572 2163 2636 eatechumeni,

579 2667 724 2739 agite
768 2666 1168 2737 ptenitentiam,
1204 2675 1263 2720 ut
1293 2666 1347 2719 in
1383 2664 1767 2733 remissionem
1814 2673 2165 2735 peccatorum

581 2760 853 2829 baptisma
876 2759 1312 2830 eonsequamini.
1335 2760 1395 2813 In
1414 2758 1794 2815 remissionem
1816 2765 2169 2827 peccatorum

581 2849 674 2905 ille
721 2850 921 2921 accipit
963 2850 1254 2921 baptisma,
1301 2849 1394 2921 qui
1427 2864 1653 2920 peccare
1690 2848 1923 2904 desistit.
1958 2846 2014 2902 Si
2045 2847 2170 2919 quis

584 2942 726 3000 enim
765 2958 998 3013 peccans
1029 2945 1096 2998 ad
1132 2944 1413 2999 lavacrum
1447 2942 1616 3009 venit,
1648 2949 1703 2997 et
1729 2940 1828 3014 [αι.
1862 2939 1935 3013 ei]
1965 2956 2074 2996 non
2111 2941 2171 2996 iit

585 3033 834 3089 0emissio
872 3042 1245 3104 peccatormn.
1293 3032 1591 3105 Propterea
1637 3033 1867 3088 obsecro
1909 3048 2042 3100 vos,
2102 3046 2171 3087 ne

581 3128 795 3199 absque
820 3128 1031 3184 cautela
1063 3137 1117 3183 et
1156 3126 1401 3200 diligenti
1434 3127 1921 3198 circumspectione
1965 3127 2033 3182 ad
2078 3126 2171 3180 ba-

2264 629 2452 686 reain?
2498 630 2608 683 Aut
2653 634 2833 698 potest
2873 640 3055 683 sermo
3091 624 3183 681 Dei
3230 625 3325 680 tali
3357 623 3561 679 itinere
3604 623 3856 693 pergere?

2262 721 2347 775 An
2398 718 2729 774 intrinsecus
2775 715 3130 788 praeparanda
3170 724 3255 770 est
3305 714 3562 780 Domino,
3594 713 3653 767 in
3700 714 3858 769 corde

2264 820 2458 870 nostro
2498 820 2647 867 recta
2694 821 2749 866 et
2778 808 3006 880 aqualis
3046 809 3241 863 semita
3281 805 3717 876 componenda?
3742 804 3859 861 Ila:

2263 916 2349 965 est
2389 908 2476 962 via
2506 920 2607 978 per
2635 918 2800 976 quam
2840 905 3124 975 ingressus
3163 910 3247 956 est
3284 916 3469 957 sermo
3515 900 3642 968 Dei,
3675 902 3773 972 qui
3805 904 3857 957 in

2265 1000 2493 1056 humani
2540 997 2787 1069 corporis
2835 995 3137 1067 capacitate
3179 994 3452 1050 consistit.
3485 993 3861 1065 Magnumest

2265 1107 2363 1148 cor
2392 1091 2654 1156 hominis,
2682 1098 2738 1145 et
2759 1089 3085 1160 spatiosum,
3110 1097 3165 1143 et
3184 1102 3378 1158 capax,
3404 1088 3453 1143 si
3484 1097 3677 1142 tamen
3702 1103 3861 1143 mun-

2265 1184 2395 1239 dum
2437 1183 2620 1239 fuerit.
2671 1182 2766 1238 Vis
2789 1181 2911 1252 ejus
2934 1179 3362 1251 magnitudinem
3395 1179 3860 1250 latitudineatque

2265 1276 2629 1349 cognoscere?
2652 1270 2786 1329 Vide
2817 1281 3076 1344 quantam
3103 1272 3411 1327 divinorum
3447 1287 3722 1327 sensuum
3747 1288 3860 1326 ma-

2265 1371 2602 1444 gnitudinem
2652 1366 2818 1439 958
2866 1368 3068 1437 capiat.
3114 1367 3252 1436 Ipse,
3281 1365 3377 1429 ait,
3412 1364 3567 1419 dedit
3594 1365 3741 1418 mihi
3769 1380 3859 1420 eo-

2266 1479 2410 1527 rum,
2446 1477 2568 1533 qua:
2595 1469 2746 1525 sunt,
2783 1458 3058 1524 notitiam,
3091 1460 3357 1513 rationem
3382 1457 3583 1513 mundi
3608 1457 3777 1522 scire,
3808 1467 3859 1511 et

2265 1569 2433 1625 opera
2459 1554 2877 1618 elementorum,
2913 1551 3243 1621 principium
3270 1559 3323 1605 et
3350 1551 3515 1605 tinem
3557 1561 3615 1605 et
3660 1552 3861 1606 medie-

2264 1654 2430 1703 tatem
2463 1645 2811 1712 szrculorum,
2847 1654 3155 1716 temporum
3180 1644 3495 1709 varietates,
3519 1654 3580 1700 et
3625 1645 3858 1700 transla-

2268 1739 2469 1794 tionem
2519 1737 2816 1806 mensium,
2871 1751 3142 1792 annorum
3195 1735 3459 1801 circulos,
3506 1745 3567 1791 et
3620 1737 3858 1792 siderum

2266 1831 2457 1897 sedes,
2504 1840 2731 1887 naturas
2776 1829 3130 1895 animalium,
3175 1836 3229 1883 et
3267 1826 3485 1884 furores
3531 1828 3861 1894 bestiarum,

2265 1922 2557 1993 spirituum
2595 1922 2906 1990 violentias,
2940 1932 2996 1978 et
3026 1920 3388 1993 cogitationes
3422 1919 3752 1985 hominum,
3780 1921 3860 1975 di-

2263 2017 2550 2074 versitates
2614 2016 2916 2081 arborum,
2972 2023 3028 2072 et
3090 2015 3201 2071 vim
3270 2013 3529 2070 radicum
3575 2016 3653 2067 ⁸³.
3710 2012 3863 2070 Vides

2264 2123 2374 2163 non
2422 2123 2650 2178 parvum
2707 2123 2837 2165 esse
2876 2123 2976 2163 cor
3023 2106 3304 2175 hominis,
3371 2107 3525 2178 quod
3572 2116 3735 2162 tanta
3777 2122 3861 2166 ca—

2264 2199 2396 2270 piat.
2448 2198 2636 2270 Neque
2692 2199 2747 2254 in
2803 2198 3056 2270 corporis
3101 2199 3431 2270 quantitate,
3478 2199 3583 2254 sed
3621 2199 3682 2253 in
3720 2197 3865 2253 forti.

2266 2291 2456 2349 tudine
2499 2291 2622 2373 ejus
2656 2291 2914 2361 intelligo,
2950 2305 3073 2363 qum
3113 2301 3317 2347 tantam
3358 2291 3666 2347 scientiam
3698 2294 3867 2363 capiat

2265 2383 2525 2439 veritatis.
2568 2381 2636 2438 Ut
2673 2392 2939 2440 autemet
2980 2386 3255 2457 simplices
3284 2401 3545 2459 quosque
3596 2390 3869 2459 quotidia-

2268 2474 2358 2530 nis
2382 2476 2648 2546 exemplis
2674 2478 2741 2531 ad
2776 2478 3110 2534 credendum
3142 2479 3434 2547 adducam,
3476 2482 3639 2551 quod
3677 2482 3871 2553 grande

2268 2567 2340 2623 sit
2367 2582 2465 2623 cor
2487 2569 2747 2634 hominis,
2765 2569 3466 2643 videamuqunascunque
3496 2574 3681 2629 urbes
3706 2584 3871 2630 trans

2268 2657 2486 2726 ivimus,
2524 2659 2790 2716 habemus
2828 2661 2948 2715 illas
2984 2661 3038 2715 in
3085 2663 3293 2726 animo,
3354 2672 3411 2720 et
3444 2664 3781 2733 qualitates,
3825 2677 3873 2720 et

2269 2749 2412 2807 sitas
2457 2752 2783 2821 platearum,
2833 2766 3251 2822 murorumque,
3290 2762 3347 2807 et
3391 2753 3773 2810 aediﬁciorum
3821 2757 3873 2813 in

2271 2846 2437 2903 corde
2460 2856 2653 2903 nostro
2672 2857 2984 2904 versantur.
3014 2846 3169 2902 Viam
3194 2863 3358 2918 quam
3384 2849 3633 2920 ingressi
3664 2865 3877 2914 sumus.

2271 2939 2327 2994 in
2373 2939 2651 2995 memoria
2693 2940 2902 3010 pictura
2952 2955 3020 2995 ac
3066 2940 3434 3010 descriptione
3494 2943 3818 2999 retinemus
3860 2962 3874 2996 :

2273 3045 2426 3087 mare
2452 3032 2600 3102 quod
2627 3032 3005 3104 navigavimus
3039 3034 3203 3088 tacita
3229 3034 3575 3103 cogitatione
3598 3037 3878 3106 amplecti-

2271 3136 2418 3181 mur.
2444 3122 2562 3180 Non
2597 3133 2680 3181 est
2729 3140 2980 3196 parvum,
3017 3135 3079 3181 ut
3124 3127 3260 3190 dixi,
3293 3141 3388 3182 cor
3422 3126 3706 3191 hominis,
3739 3130 3878 3199 quod

582 3221 844 3292 ptismum
894 3220 1149 3284 veniatis,
1207 3222 1298 3275 sed
1336 3220 1638 3276 ostendatis
1670 3220 1903 3290 primum
1957 3218 2169 3275 fructus
2198 3260 2240 3318 Ο
2275 3224 2453 3288 potest
2476 3225 2626 3273 tanta
2656 3232 2870 3288 capere.
2904 3218 2961 3272 Si
2994 3226 3176 3272 autem
3205 3232 3311 3273 non
3344 3227 3429 3273 est
3455 3234 3706 3289 parvum
3737 3230 3878 3275 tanta

586 3314 780 3384 dignos
812 3312 1162 3383 paenitentiae.
1200 3312 1382 3367 Facite
1413 3312 1621 3383 aliquid
1655 3312 1915 3382 temporis
1950 3314 2003 3367 in
2034 3327 2173 3367 con-

588 3405 905 3458 versatione
946 3403 1111 3469 bona,
1156 3404 1392 3458 mundos
1436 3418 1535 3459 vos
1581 3418 1613 3457 a
1658 3408 1870 3458 cunctis
1919 3390 2173 3460 sordibus

586 3492 844 3562 vitiisque
877 3504 1091 3549 servate
1133 3504 1231 3549 :ct
1276 3502 1405 3549 tunc
1448 3494 1604 3550 vobis
1645 3495 1897 3550 remissio
1924 3504 2176 3565 peccato-

589 3600 712 3640 rum
745 3587 855 3652 liet,
888 3588 1108 3657 quando
1143 3587 1419 3658 emperitis
1443 3596 1499 3642 et
1545 3587 1647 3658 ipsi
1693 3588 1913 3659 propria
1955 3597 2174 3657 peccata

592 3688 959 3736 contemnere.
997 3680 1262 3736 Di.nittite
1290 3682 1486 3736 delicta
1516 3690 1717 3747 vestra,
1746 3690 1799 3736 et
1832 3681 2175 3735 dimittentur

590 3771 773 3828 vobis.
818 3770 932 3828 Hoc
961 3783 1144 3828 autem
1184 3774 1364 3844 ipsum
1395 3774 1541 3844 quod
1583 3788 1730 3829 nunc
1766 3774 1833 3828 de
1881 3771 2059 3828 Veteri
2088 3774 2175 3828 ln-

591 3874 899 3921 stramento
932 3866 1176 3937 ponitur,
1213 3867 1267 3920 in
1300 3865 1440 3921 Isaia
1486 3866 1749 3937 propheta
1796 3866 2055 3935 scriptum
2099 3866 2177 3921 le-

595 3958 800 4028 gimus,
830 3958 902 4012 ibi
928 3958 1072 4013 enim
1096 3958 1298 4013 dicitur
1327 3976 1340 4012 :
1394 3956 1503 4011 Vox
1528 3956 1812 4012 clamantis
1841 3959 1896 4011 in
1925 3956 2127 4011 deserto
2157 3972 2174 4010 :

596 4050 800 4104 Parate
838 4053 976 4105 viam
1019 4050 1255 4116 Domini,
1288 4058 1459 4104 rectas
1501 4050 1660 4119 facite
1692 4050 1908 4104 semitas
1954 4050 2068 4119 ejus
2107 4049 2173 4104 ".

596 4140 725 4197 Vult
761 4142 1025 4197 Dominus
1058 4142 1112 4196 in
1156 4141 1314 4197 vobis
1352 4141 1588 4211 reperire
1634 4141 1799 4206 viam,
1829 4151 1885 4196 ut
1917 4140 2091 4210 possit
2121 4140 2177 4195 in

597 4242 811 4289 vestras
843 4234 1058 4288 animas
1086 4234 1319 4304 ingredi,
1345 4242 1396 4288 et
1424 4233 1529 4288 iter
1550 4248 1713 4288 suum
1745 4231 1942 4287 facere.
1974 4231 2180 4301 Praepa-

594 4338 712 4384 rate
739 4328 788 4382 ei
817 4328 1090 4392 semitam,
1127 4327 1192 4381 tle
1220 4340 1327 4396 qua
1357 4326 1558 4381 dicitur
1584 4344 1596 4379 :
1626 4325 1813 4379 Rectus
1844 4326 2001 4395 facile
2022 4325 2180 4378 semi-

598 4427 682 4474 tas
708 4419 868 4486 ejus:
925 4416 1037 4470 Voce
1091 4417 1372 4470 clamantis
1412 4418 1466 4469 in
1521 4417 1746 4470 deserto.
1784 4415 1899 4469 Vox
1953 4414 2174 4481 clamat,

597 4519 897 4580 praeparate
931 4510 1097 4567 viam.
1129 4508 1316 4563 Primo
1343 4513 1488 4564 enim
1536 4524 1639 4563 vox
1673 4508 1739 4562 ad
1778 4522 1939 4561 aures
1982 4520 2176 4575 perve-

2274 3309 2516 3380 capiens,
2550 3319 2953 3381 consequenter
2983 3309 3168 3365 inillo
3200 3310 3287 3364 via
3321 3308 3546 3364 Domini
3600 3324 3879 3383 praepara-

2274 3411 2383 3468 tur,
2414 3412 2468 3457 et
2500 3412 2648 3459 recta
2696 3402 2758 3458 iit
2798 3404 3011 3469 semita,
3053 3411 3114 3458 ut
3148 3403 3389 3459 ambulet
3436 3403 3491 3458 in
3547 3403 3649 3459 illa
3701 3421 3877 3460 senae

2275 3491 2373 3549 Dei
2420 3502 2583 3564 atque
2635 3494 2922 3564 sapientia.
2978 3492 3230 3564 Prtepara
3281 3494 3426 3548 viam
3488 3492 3740 3549 Domino
3790 3511 3878 3566 per

2276 3586 2748 3640 conversationem
2800 3586 3018 3650 bonam,
3056 3594 3111 3641 et
3152 3586 3385 3656 egregiis
3434 3588 3714 3657 operibus
3763 3599 3875 3643 tene

2276 3678 2527 3733 semitam
2563 3696 2577 3733 :
2617 3679 2825 3750 absque
2859 3677 3065 3733 oﬁ‘ensa
3093 3679 3200 3734 ulla
3226 3680 3544 3735 deambulet
3573 3681 3633 3735 in
3662 3691 3720 3736 te
3751 3681 3875 3737 Ver-

2275 3767 2405 3823 bum
2439 3767 2557 3833 Dei,
2586 3778 2643 3824 et
2664 3769 2831 3825 donet
2862 3770 2960 3825 tibi
2985 3772 3369 3843 mysterion
3398 3785 3639 3826 suorum
3672 3772 3873 3829 adven-

2276 3867 2474 3929 tusque
2506 3860 2775 3915 notitiam.
2819 3859 2920 3915 Cui
2959 3871 3045 3916 est
3075 3860 3247 3932 gloria
3273 3868 3328 3917 et
3364 3856 3666 3932 imperium
3696 3864 3753 3918 in
3786 3878 3874 3920 m-

2277 3949 2399 4005 eula
2435 3951 2780 4007 saeculorum.
2814 3953 3008 4006 Amen.

2826 4060 3108 4118 IIOMILIA
3152 4061 3322 4119 XXII.

2278 4150 2356 4209 De
2376 4168 2435 4207 eo
2464 4152 2603 4225 quod
2619 4154 2878 4238 scriptum
2902 4166 2977 4210 est
3007 4171 3026 4208 :
3050 4175 3069 4238 ς
3090 4153 3281 4238 .Omnis
3302 4154 3823 4238 val'l‘isimplebitir,
3845 4176 3865 4209 ι

2353 4240 2517 4295 usque
2542 4226 2629 4307 cad
2661 4242 2780 4306 cum
2808 4225 3100 4307 locumlubi
3140 4230 3261 4308 ait:
3301 4244 3321 4278 ι
3372 4224 3576 4279 Potens
3617 4241 3699 4281 est
3733 4228 3871 4282 Dens

2351 4296 2417 4349 de
2443 4295 2708 4366 lapidibus
2730 4306 2847 4350 tslts
2871 4309 3131 4352 suscitare
3152 4297 3293 4366 ﬁlios
3319 4297 3607 4352 Abt-alma
3626 4298 3770 4368 Cap.
3794 4317 3867 4352 Ill.

2357 4407 2657 4464 Videamus
2703 4424 2825 4479 quae
2869 4410 2923 4464 in
2960 4410 3165 4465 Christi
3218 4410 3585 4481 prmdiccntur
3607 4414 3868 4473 adventu,

2281 4502 2424 4557 inter
2454 4516 2576 4571 quae
2606 4502 2843 4571 primum
2887 4502 2953 4556 de
2981 4500 3194 4557 Joanne
3220 4502 3496 4558 scribitur
3543 4520 3560 4556 :
3610 4502 3731 4558 Vos:
3765 4505 3871 4557 de.

597 4604 679 4658 nit
722 4620 736 4656 :
772 4602 966 4657 deinde
1012 4611 1133 4672 post
1177 4618 1391 4669 vocem,
1430 4603 1540 4657 imo
1583 4616 1707 4657 cum
1748 4615 1899 4666 voce,
1932 4600 2176 4653 auditum
2209 4609 2258 4668 ι)
2283 4594 2479 4647 mantis
2519 4593 2575 4646 in
2602 4594 2809 4647 deserto
2840 4608 2858 4646 :
2899 4591 3099 4647 Pan-ate
3130 4594 3267 4647 viam
3299 4592 3538 4660 Domini,
3570 4605 3754 4648 rectas
3790 4595 3869 4665 [a-

599 4707 781 4748 sermo
827 4701 1088 4762 penetrat.
1126 4689 1288 4747 Juxta
1321 4693 1465 4747 hunc
1501 4707 1721 4746 sensum
1763 4707 1792 4745 a
1823 4689 2033 4746 Joanne
2071 4707 2174 4745 an-

598 4786 884 4841 nuntiatus
909 4794 993 4839 est
1022 4785 1296 4840 Christus.
1338 4785 1628 4840 Videamus
1662 4797 1793 4851 ergo
1817 4784 1946 4853 quid
1978 4799 2078 4839 vox
2107 4785 2175 4839 de

516 4951 525 4957 _
596 4879 763 4935 verbo
815 4877 1118 4932 annuntiet.
1153 4876 1482 4947 I’rwparatc,
1520 4875 1718 4946 inquit,
1753 4876 1891 4927 viam
1925 4874 2172 4932 Domino.

666 5024 713 5055 '°
738 5020 857 5078 Gal.
883 5037 956 5090 IV,
985 5021 1090 5086 27;
1119 5020 1219 5077 lsa.
1253 5036 1362 5089 LIV,
1384 5021 1434 5075 l.

597 5188 873 5258 mysticam
891 5187 1383 5242 considerationem.
1404 5185 1545 5258 Nam
1562 5187 1811 5257 quoniam
1833 5189 2002 5256 futuri
2022 5196 2175 5242 erant

600 5257 755 5312 multi
784 5258 884 5327 ﬁlii
907 5260 1150 5322 desertw,
1177 5262 1272 5311 Itoc
1294 5268 1392 5320 est,
1420 5257 1673 5313 Ecclesiw
1696 5274 1760 5312 ea:
1786 5260 2047 5327 gentibus,
2068 5275 2175 5311 ma-

599 5331 678 5399 gis
712 5345 871 5400 quam
897 5330 1011 5399 ejus
1041 5345 1159 5400 qua:
1192 5331 1351 5399 legem
1395 5338 1648 5398 tanquam
1677 5331 1846 5400 virum
1877 5330 2051 5393 habet,
2079 5329 2175 5400 Itoc

598 5397 701 5464 est,
725 5397 1377 5470 ‘Judwtirum‘synagogte,
1408 5412 1683 5468 propterea
1721 5398 1789 5452 ad
1809 5397 2069 5470 Joannem
2092 5399 2180 5468 fa-

602 5461 743 5522 ctum
766 5480 841 5525 est
866 5471 1074 5525 verbum
1102 5461 1301 5523 Dei-in'
1314 5461 1537 5523 deserto.
1579 5470 1701 5522 Nisi
1730 5470 1867 5522 enim
1883 5461 1986 5522 'Izoc
2011 5461 2102 5523 ita'
2124 5486 2179 5523 se

604 5538 835 5605 haberet,
864 5542 1066 5610 [rustra
1100 5542 1439 5610 prwdicasset
1461 5541 1513 5593 in
1536 5541 1761 5594 deserto.
1790 5539 2008 5610 Romus.

682 5611 792 5669 (53)
836 5608 1043 5665 Eaedem
1090 5608 1302 5666 Scheda:
1342 5629 1354 5666 :
1399 5608 1630 5664 Ἦλθεν
1657 5612 1744 5675 εἰς
1774 5609 1981 5664 πᾶσαν
2012 5609 2178 5677 περί-

607 5696 803 5753 χωρρν
844 5682 947 5753 tot?
986 5681 1300 5750 Ἰορδάνου.
1328 5681 1438 5734 Ποῦ
1473 5679 1582 5753 γὰρ
1612 5681 1718 5735 ἔδει
1744 5681 1834 5753 Τὸν
1873 5682 2181 5753 Βᾳπτιστῂν

609 5750 1012 5824 πξριέρχεσβμαι,
1048 5753 1080 5822 ἢ
1109 5754 1189 5815 εἰς
1213 5753 1311 5824 τὴν
1340 5750 1641 5824 περίχωρον
1675 5751 1770 5824 τοῦ
1806 5751 2090 5824 Ἰορδάνῳ,
2110 5750 2175 5803 ἵν’

608 5819 703 5874 es;
726 5819 807 5895 at;
835 5819 1089 5895 βρύλητειζ
1112 5819 1628 5895 μετανοεῖνζξρθέίυς
1656 5819 1938 5895 εὐπορήὰῃ
1962 5822 2054 5875 τοῦ
2078 5838 2179 5874 πο-

607 5891 817 5964 sagaci»;
857 5892 1215 5964 ἑρμηνεύεται
1239 5893 1297 5948 δὲ
1330 5893 1618 5965 Ἰορδάνης,
1645 5891 2033 5949 καταϐαίνων.
2064 5895 2178 5947 Κα-

2282 4688 2384 4741 cite
2425 4687 2641 4741 semitas
2681 4686 2796 4755 ejus
2849 4686 2916 4739 '°.
2953 4685 3018 4740 Et
3050 4685 3198 4756 quod
3238 4686 3489 4755 sequitur
3535 4686 3766 4755 proprie
3808 4686 3870 4740 de

2281 4779 2516 4834 Domino
2542 4778 2830 4834 Salvatore
2861 4789 2962 4833 est.
2991 4777 3179 4848 Neque
3210 4778 3354 4833 enim
3378 4793 3409 4831 a
3439 4774 3663 4832 Joanne
3687 4778 3869 4832 omnis

2282 4872 2435 4928 vallis
2464 4872 2683 4942 impleta
2710 4881 2815 4937 est,
2840 4872 2932 4926 sed
2959 4886 2989 4924 a
3013 4870 3244 4923 Domino
3273 4866 3578 4923 Salvatore.
3613 4867 3869 4938 Seipsum

1512 5020 1554 5052 θ’
1586 5018 1743 5075 Joan.
1778 5034 1860 5085 ιιι,
1892 5018 1982 5074 50.
2059 5019 2103 5052 ⁸⁸
2130 5018 2169 5077 It

2276 5035 2354 5085 ιι,
2392 5018 2445 5073 5.
2523 5016 2566 5048 ⁶⁹
2604 5013 2732 5085 Sap.
2765 5029 2859 5077 vn,
2892 5011 2979 5066 l7.
3056 5011 3103 5043 "
3136 5012 3242 5066 Isa.
3273 5011 3435 5074 x1..3.

2281 5185 2554 5241 ταϐαίνων
2585 5182 2699 5253 γάρ
2718 5182 2865 5234 ἐστιν
2899 5178 3115 5253 aliubi};
3144 5181 3173 5232 ὁ
3484 5178 3587 5231 τοῦ
3604 5179 3749 5253 θεοῦ
3774 5220 3789 5239 ,
3812 5181 3871 5253 τὸ

2283 5258 2427 5327 ὕδωρ
2463 5254 2524 5308 τὸ
2575 5248 2878 5327 dirimitva
2903 5248 3143 5327 τὺςῦδῳρ
3168 5250 3240 5327 εδ
3279 5248 3569 5327 σωτήριον.
3607 5248 3867 5327 Venit_in

2283 5319 2502 5383 omnem
2538 5319 2815 5393 regionem
2854 5319 3467 5393 JordanisLQutrenim
3499 5321 3722 5375 decebat
3763 5321 3872 5375 Be-

2285 5389 2652 5469 1115810731066
2688 5410 3003 5469 peragrare,
3047 5391 3149 5445 nisi
3181 5389 3412 5469 Iordani
3441 5392 3705 5469 conﬁnia,
3740 5404 3798 5469 ut
3823 5394 3869 5445 si

2284 5463 2401 5539 quis
2431 5466 2965 5539 veliet_pte_nitentiam
2992 5478 3143 5539 agere
3165 5501 3181 5526 ,
3209 5463 3633 5539 protinusﬂurii
3661 5466 3867 5539 copiam

2282 5534 2536 5593 haberet?
2564 5534 2821 5590 Jerdanis
2861 5544 3037 5587 autem
3077 5534 3457 5599 interpretatur
3500 5535 3864 5587 descendens.

2280 5608 2561 5730 (Descendit
2593 5609 2729 5661 enim
2764 5621 2879 5660 vere
2911 5604 3009 5659 Dei
3029 5604 3243 5674 ﬂuvius,
3269 5620 3413 5673 aqua
3430 5620 3581 5669 vero,
3614 5620 3757 5676 aqua
3781 5620 3866 5657 ss-

2303 5681 2490 5730 utaris.
2554 5694 2606 5730 D.

2280 5681 2490 5734 (utaris.
2530 5681 2606 5732 lo.

2356 5749 2469 5821 (59)
2502 5748 2567 5802 Et
2605 5762 2734 5821 vero
2773 5746 2827 5801 in
2860 5744 3171 5815 Origenian.
3210 5743 3787 5821 Lamentata-ﬁcere.
3815 5744 3875 5798 id-

2283 5814 2374 5877 cst'
2393 5814 2683 5884 descensio,
2716 5814 3123 5888 interpretatur,
3161 5832 3286 5887 qua:
3314 5824 3372 5871 et
3400 5814 3617 5873 Pbil'uni
3653 5826 3856 5885 etymo-

2284 5891 2424 5946 logia
2452 5890 2673 5946 placuit.

2284 5891 2424 5963 logia
2451 5890 2673 5963 placuit.
