4002 6578
194 485 346 543 1857
1409 482 1475 537 ΙΝ
1508 480 1745 539 LUCAM

1877 475 2070 533 MlLlA
2109 474 2274 531 XXII.
3339 480 3478 539 1858

192 600 585 672 unusquisque
611 599 938 662 consideret,
965 598 1090 670 quis
1120 608 1238 654 erat
1278 609 1570 670 antequam
1602 595 1792 653 crede-
1821 596 1867 655 Δ
1897 590 1999 647 bus
2031 589 2101 645 ad
2128 589 2459 661 baptismum
2483 587 2723 666 Joannes
2753 591 3030 663 loquitur,
3062 594 3471 658 attendendum.

193 704 287 750 ret
323 712 338 749 :
373 703 503 750 tunc
530 694 948 761 animadvertet,
982 693 1178 748 vallem
1206 693 1490 755 humilem,
1514 693 1709 748 vallem
1732 706 1792 748 se
1900 680 1955 736 Si
1983 681 2110 752 (Ιυίδ
2139 682 2254 736 “in
2280 681 2570 752 δθριίῑθτίν
2604 684 2933 754 θὸτθάίθιυτο
2991 684 3215 741 “anelis
3244 688 3388 743 cnim
3422 689 3476 749 in

193 787 376 841 fuisse
418 787 747 857 ριιειιοίρξιεηι
786 787 837 841 ει,
872 787 979 841 ima
1016 786 1347 841 demersam,
1382 785 1613 851 Quando
1641 784 1791 840 venit
1896 775 2133 845 pristino
2161 783 2330 842 statu,
2354 784 2408 829 et
2436 790 2622 831 mores
2649 790 2782 832 suos
2814 784 2867 830 et
2886 779 3333 835 consuetudinem
3368 797 3475 837 non

196 879 473 934 Dominus
515 878 698 943 Jesus,
751 889 805 934 et
834 879 987 934 misit
1036 877 1302 949 Spiritum
1342 889 1594 933 sanetum
1642 878 1792 934 vica-
1896 868 2236 937 relinquens,
2285 883 2630 938 nequaquam
2680 868 2785 923 Γίιθ
2822 868 2886 921 ad
2932 868 3260 937 baplismum
3306 874 3475 929 νθιιῖιο

194 972 349 1025 rium
406 985 592 1036 suum,
641 968 801 1024 vallis
838 969 1020 1024 omnis
1065 970 1280 1039 expleta
1314 978 1418 1024 est.
1451 967 1677 1039 Expleta
1707 980 1791 1026 est
1892 960 1966 1016 Ul
2001 970 2181 1016 autem
2215 960 2486 1031 intelligas
2528 961 2659 1032 quid
2693 961 2763 1016 sit
2795 961 2978 1032 egredi
3009 963 3074 1016 ad
3120 964 3471 1033 baptismum,

193 1070 386 1116 autem
422 1061 683 1131 operibus
723 1060 885 1117 bonis
919 1070 975 1115 et
1007 1060 1280 1116 fructibus
1313 1059 1552 1131 Spiritus
1586 1063 1785 1117 sancti.
1894 1053 2081 1123 accipe
2111 1055 2483 1110 testimonium
2523 1065 2576 1110 et
2621 1055 2868 1111 ausculta
2897 1055 3060 1110 verba
3102 1057 3299 1126 quibus
3334 1057 3477 1116 Deus

192 1153 457 1209 Charitas
508 1168 618 1208 non
655 1153 788 1208 sinit
834 1168 1153 1223 permanere
1194 1164 1245 1209 te
1289 1154 1506 1209 vallem.
1552 1153 1707 1221 Quod
1740 1171 1769 1209 s

1888 1145 2133 1215 loquitur
2162 1147 2229 1200 ad
2254 1146 2567 1201 Abraham:
2610 1145 2869 1218 Egredere
2911 1147 2975 1202 de
3018 1157 3160 1202 terra
3199 1159 3291 1203 tua
3318 1151 3394 1217 ⁷³,
3423 1162 3473 1207 et

192 1261 391 1317 pacem
447 1246 703 1301 habueris
745 1254 800 1301 ει
845 1245 1167 1316 sapientiam
1209 1257 1265 1301 ει
1311 1247 1630 1312 bonitatem,
1676 1262 1784 1303 ηοιι
1890 1238 2120 1307 reliqua.
2166 1236 2583 1309 Egredientibus
2608 1241 2792 1310 itaque
2836 1241 2903 1296 ad
2948 1242 3227 1298 lavacrum
3277 1243 3476 1313 turbis,

195 1337 382 1393 solum
432 1337 593 1393 vallis
635 1352 760 1393 esse
808 1336 1064 1405 desistes,
1108 1338 1202 1393 sed
1252 1338 1418 1393 etiam
1474 1353 1634 1393 mons
1665 1354 1787 1396 esse
1887 1344 1999 1383 "0"
2033 1331 2309 1399 δεηθεῖεν
2355 1331 2451 1385 sed
2507 1341 2718 1386 ιθηωῐη
2768 1333 3205 1403 egredientibus.
3237 1334 3477 1397 Joalllles

194 1430 434 1501 incipies
462 1429 579 1485 Dei.
617 1430 771 1497 Quod
803 1440 985 1487 tamen
1023 1433 1092 1487 de
1115 1432 1368 1503 gentibus
1397 1432 1642 1501 quotidie
1672 1447 1772 1486 ma-

1887 1419 2132 1489 loquitur
2174 1438 2297 1491 qua:
2337 1431 2666 1491 sequuntur.
2703 1422 2761 1477 Si
2786 1424 2931 1479 enim
2956 1424 3070 1495 jam
3104 1427 3310 1497 egressi
3341 1426 3467 1482 fuis-

194 1522 284 1591 gis
319 1521 433 1575 lieri
468 1521 736 1588 videmus,
761 1530 924 1592 atque
948 1523 1234 1593 compleri,
1265 1521 1453 1576 Omnis
1482 1521 1639 1577 vallis
1682 1523 1782 1575 im—

1882 1522 2042 1580 seut,
2088 1529 2371 1585 nunquam
2416 1516 2482 1570 ad
2537 1530 2632 1571 eos
2681 1515 2905 1583 diceret,
2961 1519 3226 1587 generatio
3270 1519 3474 1590 vipera-

192 1613 463 1683 plebitur;
512 1628 679 1683 quam
723 1614 791 1668 de
838 1614 1037 1685 populo
1088 1613 1278 1677 lsrael,
1323 1616 1421 1685 qui
1465 1614 1534 1670 de
1565 1617 1772 1673 excelse

1888 1623 2026 1663 runt.
2082 1604 2434 1677 Quaecunque
2481 1608 2646 1678 igitur
2687 1608 2754 1663 ad
2788 1608 2908 1664 iilos
2941 1610 3212 1680 loquitur,
3252 1613 3320 1665 ad
3351 1627 3468 1681 vos,

191 1706 481 1774 depositus
508 1715 631 1760 est:
667 1703 877 1773 Omnis,
909 1706 1106 1776 inquit,
1144 1723 1293 1761 mons
1324 1716 1371 1760 et
1405 1707 1558 1763 collis
1603 1708 1781 1763 humi-

192 1797 440 1852 liabimr.
482 1796 638 1853 Mons
658 1806 786 1852 'crat
816 1798 1093 1868 quondam
1126 1799 1216 1854 ille
1241 1799 1478 1869 populus
1516 1809 1571 1855 et
1600 1802 1780 1870 collis,

193 1891 294 1961 qui
323 1891 606 1961 depositus
635 1900 720 1947 est
746 1899 910 1961 atque
946 1891 1283 1947 destructus.
1312 1891 1538 1947 Illorum
1583 1894 1781 1949 delicto

1881 1700 2052 1772 959
2094 1718 2128 1757 ο
2175 1703 2553 1758 calechumeni
2604 1711 2660 1757 et
2711 1703 3156 1771 catechumenas,
3206 1704 3467 1774 loquitur.

1884 1793 1988 1859 Qui
2038 1795 2331 1865 disponitis
2378 1796 2565 1851 venire
2596 1796 2663 1851 ad
2715 1796 3077 1866 baptismum,
3127 1799 3470 1856 considerate

1886 1901 1994 1940 non
2026 1885 2256 1943 forsitan
2287 1888 2442 1945 vobis
2467 1888 2574 1947 dici
2605 1889 2801 1958 possit,
2833 1891 3102 1960 generatio
3146 1892 3465 1960 viperarum.

193 1985 349 2039 salus
371 1984 623 2053 gentibus
655 1982 783 2038 data
809 1994 893 2039 est
913 1984 981 2039 ad
1000 1984 1370 2041 aemulandum
1398 2000 1496 2043 eos
1522 1986 1587 2041 ⁷⁸.
1619 1985 1772 2053 Quod

1883 1974 1988 2030 Sed
2018 1987 2073 2032 et
2092 1977 2227 2033 illud
2260 1979 2407 2049 quod
2433 1978 2702 2049 sequitur,
2731 1980 2836 2036 nisi
2865 1982 3189 2050 pravitatem
3230 1998 3467 2039 venena-

188 2085 251 2131 et
280 2076 328 2131 si
358 2076 667 2131 contrarias
690 2075 1066 2140 fortitudines,
1084 2093 1206 2147 qua:
1232 2079 1496 2134 adversus
1521 2079 1779 2136 mortales

191 2170 568 2239 erigebantur,
589 2168 796 2225 dixeris
822 2178 1036 2225 montes
1056 2178 1114 2224 et
1143 2170 1310 2226 colles
1335 2186 1458 2227 esse
1477 2171 1776 2241 depositos,

192 2276 307 2318 non
362 2261 633 2332 peccabis.
679 2259 748 2315 Ut
803 2262 949 2316 enim
1015 2263 1346 2333 impleantur
1400 2263 1777 2333 hujuscemodi

192 2352 382 2417 valles,
408 2350 759 2406 humilianda:
783 2360 929 2408 sunt.
952 2348 1055 2405 Sed
1081 2352 1259 2407 ethoc
1280 2353 1426 2422 quod
1454 2353 1509 2407 in
1539 2354 1776 2410 adventu

192 2442 399 2498 Christi
436 2444 818 2514 prophetatum
848 2452 956 2511 est,
993 2452 1175 2498 utrum
1206 2446 1482 2515 expletum
1517 2447 1612 2511 sit,
1643 2462 1778 2502 con-

193 2536 537 2606 templemur.
559 2535 819 2607 Sequitur
832 2537 978 2593 enim
1007 2561 1019 2594 ;
1048 2536 1117 2591 Et
1143 2539 1323 2592 omnia
1351 2555 1517 2607 prava
1540 2548 1694 2593 erunt
1720 2539 1776 2593 in

192 2629 418 2684 directa.
449 2628 836 2701 Unusquisque
861 2639 1107 2686 nostrum
1132 2646 1333 2701 pravus
1353 2644 1491 2699 erat,
1518 2632 1565 2687 si
1592 2642 1775 2687 tamen

192 2738 304 2777 non
348 2732 402 2777 et
447 2738 623 2792 usque
658 2723 820 2777 hodie
860 2733 1211 2794 perseverat:
1245 2732 1300 2779 et
1344 2739 1437 2795 per
1478 2725 1777 2781 adventum

188 2811 398 2869 Christi
445 2814 538 2884 qui
585 2814 763 2870 factus
817 2823 903 2869 est
940 2817 1012 2871 ad
1043 2817 1283 2872 animam
1317 2827 1582 2883 nostram,
1612 2833 1777 2888 prava

122 2937 131 2943 -
191 2922 425 2977 quasque
444 2908 651 2964 directa
675 2917 822 2964 sunt.
842 2907 983 2976 Quid
1006 2910 1153 2965 enim
1177 2911 1271 2967 tibi
1295 2913 1538 2982 prodest,
1556 2912 1603 2968 si
1618 2913 1778 2968 Chri-

189 3007 314 3056 stus
337 3006 614 3070 quondam
641 3001 788 3055 venit
814 3002 867 3055 in
889 3016 1135 3067 carnem,
1161 3002 1268 3059 nisi
1287 3018 1509 3074 quoque
1531 3004 1598 3059 ad
1625 3012 1775 3059 tuam

194 3091 433 3146 animam
463 3092 701 3147 venerit?
714 3092 948 3148 Oremus
974 3104 1032 3148 ut
1059 3094 1205 3150 illius
1227 3095 1470 3165 quotidie
1495 3096 1654 3151 nobis
1681 3094 1779 3150 ad-

193 3190 390 3240 ventus
423 3183 551 3250 ﬂat,
586 3195 641 3241 et
670 3189 944 3256 possimus
992 3187 1173 3243 dicere
1220 3206 1234 3242 :
1297 3186 1425 3241 Vivo
1454 3197 1633 3243 autem
1654 3188 1775 3259 jam

193 3291 296 3330 non
318 3292 431 3347 ego,
451 3277 573 3330 vivit
594 3288 770 3331 autem
794 3279 848 3332 in
873 3294 954 3333 me
978 3277 1328 3333 Christus'“.
1356 3276 1412 3332 Si
1437 3279 1584 3334 enim
1609 3278 1771 3334 Citri-

193 3377 311 3425 stus
363 3370 491 3424 vivit
535 3370 589 3423 in
646 3369 843 3437 Paulo,
882 3386 991 3426 nou
1038 3371 1173 3425 vivit
1206 3371 1257 3425 in
1295 3386 1416 3438 me,
1457 3372 1586 3442 quid
1637 3371 1773 3427 mihi

188 3463 469 3531 proderit?
504 3463 642 3518 Cum
672 3474 851 3519 autem
895 3474 948 3519 ct
987 3466 1054 3519 ad
1088 3481 1174 3520 me
1205 3466 1443 3532 venerit,
1488 3474 1544 3521 et
1572 3466 1773 3522 fruitus

194 3555 288 3609 illo
315 3553 495 3618 inero,
517 3556 659 3612 sicut
682 3556 881 3612 l‘ruitus
904 3568 988 3613 est
1010 3556 1232 3623 Paulus,
1248 3567 1378 3613 tunc
1403 3566 1457 3614 et
1477 3573 1579 3629 ego
1603 3559 1774 3615 Paulo

193 3648 441 3703 similiter
473 3648 667 3719 loquar
701 3668 714 3703 :
755 3650 884 3705 Vivo
897 3651 1014 3721 jam
1042 3667 1146 3705 non
1168 3668 1284 3722 ego,
1322 3653 1444 3706 vivit
1469 3669 1588 3707 vero
1619 3654 1671 3707 in
1694 3669 1775 3708 me

194 3739 460 3798 Christus.
507 3742 930 3799 Consideremus
964 3759 1095 3815 ergo
1120 3754 1334 3811 ctetera,
1378 3760 1503 3815 qua:
1527 3745 1582 3799 in
1610 3745 1774 3801 Chri-

192 3833 264 3889 sti
311 3835 675 3905 pradicentur
722 3838 978 3892 adventu.
1042 3837 1186 3893 Nihil
1237 3847 1289 3894 te
1336 3838 1587 3909 asperius
1632 3846 1775 3895 erat.

196 3922 330 3981 Vide
358 3925 619 3997 pristinos
648 3939 830 3983 motus
859 3937 1005 3992 tuos,
1034 3929 1159 3985 vide
1199 3930 1358 3991 iram.
1393 3938 1447 3984 et
1475 3937 1669 3985 caetera
1692 3930 1773 3984 vi-

193 4015 288 4080 tia,
315 4015 362 4071 si
398 4025 576 4070 tamen
602 4029 955 4073 cessaverunt
981 4034 1104 4075 esse
1132 4035 1255 4089 qua:
1282 4019 1515 4083 fuerant,
1536 4028 1590 4074 et
1622 4019 1773 4075 inteh

190 4107 316 4177 iigis
347 4108 485 4163 nihil
529 4117 581 4164 te
609 4110 882 4179 asperius,
931 4120 985 4166 et
1014 4112 1098 4182 (ut
1122 4111 1525 4183 signiﬁcantius
1554 4111 1770 4182 loquar)

192 4202 331 4256 nihil
361 4201 535 4257 fuisse
566 4203 911 4273 inaequalius.
977 4203 1336 4259 Conversatio
1365 4213 1455 4258 tua
1486 4203 1770 4273 inaequalis

190 4307 308 4350 erat
327 4337 341 4361 ,
368 4304 423 4350 et
451 4310 633 4350 sermo
664 4305 718 4351 et
745 4311 907 4367 opera
945 4295 1252 4367 inaequalia.
1314 4295 1473 4352 Venit
1504 4313 1634 4363 ergo
1664 4296 1770 4352 Do-

191 4386 374 4440 minus
407 4402 561 4441 meus
608 4385 788 4453 Jesus,
837 4395 891 4441 et
938 4388 1244 4459 exzequavit
1268 4390 1590 4457 asperitates
1623 4398 1766 4453 tuas,

191 4478 552 4551 incomposita
584 4496 814 4551 qumque
840 4483 1000 4536 vertit
1040 4482 1093 4535 in
1140 4483 1258 4536 vias
1283 4482 1495 4551 planas,
1530 4489 1589 4535 ut
1614 4481 1769 4536 ﬁeret

192 4575 248 4629 in
278 4585 329 4631 te
357 4575 458 4631 iter
481 4576 601 4631 sine
626 4576 949 4643 oﬁ‘ensione,
982 4585 1035 4632 et
1072 4577 1187 4633 leve
1213 4577 1371 4649 [forte
1397 4575 1573 4646 laeve].
1606 4583 1767 4645 atque

1798 3328 1845 3387 C

1881 2084 1989 2137 que
2021 2079 2334 2140 serpentum
2365 2071 2432 2127 de
2463 2073 2630 2128 corde
2657 2083 2842 2129 vestro
2867 2074 3190 2144 expuleritis
3208 2115 3226 2142 ,
3255 2075 3469 2131 dicetur

1880 2161 1948 2216 ad
1980 2176 2079 2218 vos
2108 2180 2124 2218 :
2164 2163 2297 2229 Quis
2322 2166 2554 2220 ostendit
2598 2165 2739 2221 vobis
2768 2167 2946 2237 fugere
2976 2168 3042 2221 ab
3084 2169 3169 2223 ira
3210 2169 3470 2225 ventura!

1879 2253 2073 2325 Magna
2108 2256 2239 2313 huic
2282 2259 2483 2314 saeculo
2524 2260 2802 2330 impendet
2829 2262 2909 2317 ira
2939 2280 2954 2315 :
2989 2262 3171 2319 omnis
3205 2261 3342 2318 iram
3370 2261 3468 2319 Dei

1879 2342 2150 2419 passurus
2180 2365 2266 2406 est
2295 2352 2535 2408 mundus
2566 2372 2579 2408 :
2614 2362 2821 2409 tantam
2856 2356 3165 2411 vastitatem
3206 2356 3328 2411 coeli
3350 2396 3367 2422 ,
3413 2364 3470 2411 et

1878 2444 2225 2500 latitudinem
2250 2453 2430 2511 terrae,
2460 2459 2515 2502 et
2545 2448 2826 2503 stellarum
2858 2448 3086 2510 choros,
3106 2447 3466 2517 splendorem

1880 2536 2014 2591 solis
2035 2577 2050 2602 ,
2081 2545 2135 2591 et
2164 2536 2307 2591 luna:
2336 2548 2617 2594 nocturnae
2649 2539 2843 2594 solatia
2865 2578 2883 2604 ,
2934 2537 3029 2594 Dei
3056 2539 3137 2595 ira
3165 2539 3462 2596 subvertet.

1882 2627 2008 2684 Haec
2039 2629 2184 2683 enim
2212 2630 2399 2684 omnia
2433 2641 2655 2701 propter
2680 2631 2964 2687 hominum
2997 2643 3217 2702 peccata
3266 2631 3467 2701 transi-

1881 2721 2038 2778 bunt.
2079 2720 2147 2777 Et
2173 2722 2306 2778 olim
2331 2724 2552 2794 quidem
2587 2740 2753 2796 super
2785 2726 2971 2780 osuuia
2997 2733 3207 2781 tantum
3238 2726 3294 2781 in
3318 2733 3466 2783 terra

1880 2815 2031 2870 venit
2061 2814 2142 2870 ira
2165 2813 2281 2882 Dei,
2301 2816 2432 2886 quia
2459 2816 2639 2873 omnis
2661 2833 2791 2873 caro
2812 2818 3108 2888 reliquerat
3137 2819 3279 2873 viam
3307 2832 3465 2874 suam

1879 2922 2047 2977 super
2095 2916 2297 2963 terram
2330 2908 2377 2941 "
2410 2927 2423 2962 :
2456 2925 2602 2965 nunc
2633 2918 2815 2965 autem
2854 2918 2905 2965 et
2953 2925 3119 2979 super
3143 2912 3378 2977 omium,
3410 2917 3468 2966 et
3510 2894 3516 2900 ’

1882 3015 2049 3069 super
2092 3009 2295 3055 terram
2339 3010 2571 3057 ventura
2602 3010 2686 3056 est
2726 3002 2810 3059 ira
2850 3000 2967 3055 Dei.
3012 3001 3144 3056 Coeli
3166 3002 3466 3071 pet-transi.

1878 3093 2046 3155 bunt,
2095 3103 2152 3147 tu
2198 3101 2376 3147 autem
2418 3093 2748 3162 permanebis
2784 3093 2872 3158 (ad
2916 3091 3088 3148 Deum
3123 3094 3382 3163 dicitur),
3410 3101 3465 3149 e.‘

1874 3198 2060 3238 omnes
2084 3182 2223 3236 sicut
2251 3183 2616 3238 vestimentum
2652 3193 2973 3237 veterasceut
3006 3183 3073 3236 ⁷⁵.
3119 3181 3305 3237 Videte
3331 3197 3465 3251 qua-

1878 3274 1951 3330 lis
1976 3284 2032 3330 et
2050 3283 2256 3345 quanta
2287 3276 2367 3328 ira
2393 3274 2483 3341 sit,
2512 3290 2634 3345 qua:
2658 3274 2921 3329 mundum
2948 3289 3164 3330 omnem
3200 3288 3463 3329 consum-

1878 3378 2039 3437 ptura
2072 3365 2176 3430 sit,
2205 3379 2259 3421 et
2289 3366 2479 3436 puniet
2502 3380 2599 3422 eos
2628 3365 2721 3437 qui
2756 3380 2915 3437 paena
2944 3365 3092 3435 digni
3118 3373 3281 3432 sunt,
3313 3365 3463 3421 inve-

1874 3464 2099 3533 nietque
2125 3463 2410 3518 materiam
2436 3464 2491 3518 in
2518 3479 2626 3534 qua
2654 3478 2713 3518 se
2734 3473 3005 3519 exerceat.
3076 3461 3463 3535 Unusquisque

1876 3563 2126 3611 nostrum
2159 3573 2224 3611 ex
2255 3571 2321 3612 eo
2354 3556 2498 3627 quod
2526 3560 2713 3627 gessit,
2739 3557 2834 3611 ira:
2864 3557 3149 3612 materiam
3189 3571 3463 3627 praepara-

1875 3647 1973 3702 vit.
2024 3647 2327 3704 Secundum
2366 3647 2624 3701 duritiam
2664 3649 2805 3701 enim
2847 3659 2994 3701 tuam
3038 3658 3089 3703 et
3133 3650 3458 3718 impaenitens

1876 3754 1968 3793 cor
1994 3740 2328 3793 thesaurisas
2353 3738 2448 3792 tibi
2474 3738 2610 3791 iram
2639 3738 2693 3790 in
2718 3739 2803 3792 die
2826 3740 2920 3792 ira:
2940 3750 2986 3793 et
3011 3738 3343 3794 reuelationis
3362 3739 3460 3808 ,ἰκα-

1873 3831 1945 3885 sti
1964 3831 2163 3900 judicii
2208 3831 2326 3893 Dei,
2357 3830 2561 3885 dicitur
2595 3828 2661 3883 ad
2692 3826 2974 3884 Romanos
3003 3830 3069 3883 ⁷⁸.
3112 3828 3245 3883 Dein
3275 3831 3460 3900 sequi-

1873 3930 2002 3977 tur:
2047 3921 2177 3987 Quis
2208 3921 2437 3976 ostendit
2471 3921 2611 3975 vobis
2655 3920 2836 3990 fugere
2857 3920 2921 3975 ab
2946 3923 3025 3975 ira
3049 3923 3309 3976 ventura?
3345 3920 3459 3976 Fa-

1872 4015 1975 4068 cite
1995 4031 2118 4083 ergo
2139 4014 2347 4084 fructus
2368 4013 2553 4084 dignos
2586 4012 2927 4083 ptenitentiw.
2969 4012 3036 4068 Et
3062 4013 3215 4069 vobis
3245 4014 3339 4084 qui
3365 4028 3458 4069 ve-

1868 4110 2004 4165 nitis
2036 4110 2102 4163 ad
2137 4109 2489 4179 baptismum,
2537 4110 2738 4165 dicitur
2771 4127 2784 4164 :
2823 4107 3012 4162 Facite
3041 4108 3247 4177 fructus
3269 4106 3454 4178 dignos

1871 4205 2210 4274 paenitentiae.
2272 4202 2447 4258 Vultis
2477 4204 2618 4259 scire
2644 4204 2737 4274 qui
2779 4212 2907 4259 sunt
2935 4201 3146 4259 fructus
3188 4202 3455 4273 peniten—

1867 4296 2001 4351 tiae?
2038 4295 2295 4352 Charitas
2325 4294 2540 4351 fructus
2560 4305 2649 4352 est
2678 4296 2932 4368 Spiritus,
2955 4297 3215 4369 gaudium
3243 4296 3455 4352 fructus
3485 4320 3494 4327 -

1869 4399 1957 4445 est
1994 4389 2252 4458 Spiritus,
2293 4403 2419 4459 pax,
2453 4390 2734 4459 patientia,
2761 4390 3089 4461 benignitas,
3121 4390 3356 4456 bonitas,
3384 4389 3454 4445 ﬁ-

1866 4482 1985 4546 des,
2037 4481 2423 4545 mansuetudo,
2476 4480 2834 4548 continentia,
2863 4492 2919 4538 et
2960 4482 3165 4552 reliqua
3200 4482 3454 4552 hujusce-

1869 4574 2017 4627 modi
2048 4572 2117 4627 ".
2162 4571 2220 4627 Si
2250 4572 2364 4628 haec
2396 4573 2580 4627 omnia
2627 4572 3017 4640 habuerimus,
3056 4573 3285 4630 iecimus
3331 4574 3453 4629 fru-

194 4667 544 4736 purissimum
565 4710 579 4735 ,
626 4670 1046 4740 gradereturque
1093 4670 1148 4723 in
1197 4678 1250 4723 te
1299 4668 1441 4724 Deus
1486 4667 1665 4734 Pater,
1710 4676 1763 4722 et
1795 4689 1839 4744 ι)
1867 4676 1992 4723 ctus
2020 4666 2217 4737 dignos
2242 4666 2593 4736 poenitentiae.
2636 4664 2875 4721 Rursum
2907 4665 3111 4720 dicitur
3140 4667 3207 4721 ad
3235 4682 3331 4723 eos
3351 4667 3447 4737 qui

188 4760 441 4818 Christus
469 4761 735 4818 Dominus
761 4765 1101 4817 mansionem
1137 4761 1283 4832 apud
1330 4773 1381 4817 te
1415 4761 1646 4828 iaceret,
1678 4763 1763 4817 di-

190 4866 480 4925 ceretque:
518 4854 629 4927 Ego
652 4864 703 4909 et
729 4854 894 4909 Pater
935 4873 1080 4909 meus
1108 4857 1391 4922 veniemus,
1438 4864 1487 4910 et
1529 4855 1764 4909 mansio-

191 4962 307 5001 nem
349 4948 489 5018 apud
528 4964 645 5002 eum
682 4948 937 5017 faciemus
976 4949 1046 5001 ⁷⁸.
1107 4947 1404 5018 Sequitur:
1457 4946 1526 5001 Et
1569 4946 1761 5002 videbit

189 5041 359 5095 onuiis
404 5057 528 5094 caro
573 5040 808 5095 salutare
853 5040 972 5096 Dei.
1013 5038 1092 5096 Tu
1135 5041 1412 5110 quondam
1455 5055 1585 5096 caro
1614 5055 1760 5108 eras,

190 5131 301 5186 imo
323 5143 381 5186 ut
404 5130 710 5187 mirabilius
737 5132 931 5200 loquar
954 5170 969 5195 ,
1006 5146 1127 5185 cum
1173 5131 1354 5184 adhuc
1383 5130 1437 5183 in
1470 5144 1635 5185 carne
1662 5129 1761 5199 sis,

186 5224 338 5280 vides
361 5224 604 5280 salutare
630 5220 745 5279 Dei.
786 5222 927 5291 Quid
964 5230 1145 5278 autem
1173 5222 1277 5277 sibi
1305 5222 1432 5276 velit
1461 5222 1606 5292 quod
1632 5220 1767 5278 dici-

187 5326 276 5373 tur
293 5356 309 5381 ,
344 5316 525 5373 omnis
548 5328 711 5384 caro,
736 5327 803 5371 eo
827 5315 972 5386 quod
996 5315 1143 5370 nulla
1178 5313 1481 5383 excipiatur
1501 5329 1622 5384 qua:
1652 5328 1761 5369 non

186 5409 367 5464 videat
396 5407 632 5463 salutare
661 5405 791 5474 Dei,
822 5406 1077 5476 relinquo
1107 5404 1514 5474 intelligendum
1554 5403 1641 5459 his
1667 5402 1762 5474 qui

189 5500 370 5558 sciunt
400 5499 807 5569 Scripturarum
838 5497 1116 5568 mysteria.
1156 5495 1415 5564 Quaenam
1438 5493 1765 5565 egredienti-

254 5666 298 5698 "
344 5664 505 5721 Rom.
538 5679 615 5729 xt,
649 5662 735 5717 il.
812 5664 883 5695 “‘
916 5660 1038 5717 Gal.
1070 5677 1128 5727 ιι,
1158 5661 1250 5718 20.
1323 5662 1373 5694 "
1398 5659 1558 5718 Joan.
1582 5677 1696 5727 xw,
1722 5660 1815 5718 2'5.

188 5738 236 5775 ⁷⁸
265 5736 421 5791 Rom.
470 5752 508 5791 ιι
532 5776 545 5799 ,
575 5735 662 5809 5.,
705 5732 751 5767 ’⁷
782 5733 901 5789 Gal.
937 5749 992 5797 v,
1025 5733 1117 5796 22,
1141 5733 1233 5787 2'5.

260 5833 371 5905 (60)
415 5833 642 5905 Schedae
684 5831 959 5905 Grabiiet
1000 5829 1311 5886 Combetisii
1342 5829 1499 5905 :Tc'iw
1535 5824 1760 5905 pavebit

201 5900 468 5959 ’loudaiwv
492 5902 633 5975 οἱίτω
664 5902 762 5975 τὴν
792 5902 1108 5975 καθαίρεςξιν
1147 5902 1514 5975 προφητεύει,
1540 5900 1761 5975 stage;

187 5978 244 6031 δὲ
283 5977 390 6032 τῶν
431 5974 599 6029 ὲθνῶν
630 5970 730 6049 vim
758 5970 971 6045 κλῆσιῆ
1006 5970 1099 6036 οὓς
1133 5970 1226 6026 καὶ
1265 5970 1444 6035 λίθους
1484 5970 1757 6041 ὀνομάζει.

1869 4760 1936 4815 ad
1963 4758 2191 4815 Joannis
2225 4758 2558 4829 baptismum
2608 4759 2939 4814 veniebant:
2979 4757 3048 4813 Et
3075 4775 3139 4814 ne
3176 4760 3446 4830 incipiatis

1869 4849 2043 4903 dicere
2061 4849 2205 4903 intra
2229 4848 2593 4917 vosmetipsos,
2619 4856 2822 4916 patrem
2847 4844 3098 4901 habemus
3135 4844 3405 4899 Abraham
3426 4860 3447 4901 :

1868 4943 1991 4995 dico
2028 4941 2167 4995 enim
2202 4940 2365 5006 vobis,
2392 4940 2518 5011 quia
2556 4947 2725 5009 potest
2762 4938 2902 4994 Deus
2938 4942 3002 4994 de
3030 4939 3290 5009 lapidibus
3326 4939 3445 4993 istis

1869 5034 2129 5088 suscitare
2151 5031 2291 5103 ﬁlios
2317 5031 2585 5086 Abraham
2614 5030 2746 5102 (60).
2777 5029 3069 5101 Prophetat
3090 5029 3327 5086 Joannes
3354 5044 3448 5084 no-

1862 5126 2123 5183 vissimus
2154 5124 2540 5195 prophetarum
2574 5122 2952 5192 expulsionem
3001 5122 3199 5191 prioris
3234 5121 3439 5191 populi,

1863 5232 1916 5278 et
1945 5219 2285 5276 vocationem
2316 5216 2579 5286 gentium.
2644 5214 2756 5271 illis
2783 5214 2930 5270 enim
2958 5214 3051 5284 qui
3078 5215 3145 5269 de
3168 5214 3445 5270 Abraham

1864 5310 2239 5385 gloriabantur
2268 5306 2441 5362 dicit:
2472 5303 2545 5358 Et
2582 5320 2645 5359 ne
2666 5304 2936 5373 incipiatis
2977 5303 3148 5356 dicere
3185 5303 3238 5355 in
3272 5301 3445 5355 vobis-

1866 5403 2123 5474 metipsis,
2155 5409 2360 5470 patrem
2394 5399 2643 5453 habemus
2669 5395 2958 5451 Abraham.
2998 5393 3065 5449 Et
3093 5394 3160 5450 de
3191 5394 3443 5465 gentibus

1867 5512 2091 5552 rursum
2113 5493 2356 5565 loquitur
2392 5510 2406 5546 :
2435 5489 2569 5545 Dico
2591 5490 2730 5545 enim
2754 5488 2895 5544 vobis
2916 5527 2930 5551 ,
2960 5487 3085 5558 quia
3108 5494 3276 5557 potest
3300 5485 3441 5540 Deus

1888 5662 1937 5695 ⁷³
1964 5661 2102 5718 Gen.
2140 5676 2240 5725 xu,
2274 5660 2327 5714 l.
2403 5658 2449 5692 ⁷⁸
2477 5658 2613 5715 Gen.
2657 5672 2745 5723 vt,
2773 5655 2863 5710 i2.
2935 5653 2981 5686 ⁷⁸
3008 5650 3155 5708 Psal.
3203 5665 3316 5717 cu,
3346 5650 3437 5705 26.

1868 5830 2176 5884 Iudaeorum
2207 5827 2370 5897 igitur
2398 5828 2712 5899 eversionem
2742 5823 2838 5876 hoc
2865 5819 3018 5899 modo
3041 5817 3315 5899 prophetat
3337 5856 3349 5877 ,
3386 5824 3435 5869 et

1868 5901 2073 6023 iudngit
2117 5887 2439 5952 vocdtioucm
2475 5897 2704 5967 gentium
2745 5909 2876 5965 quas
2915 5887 3077 5951 etiam
3112 5887 3313 5958 lapides
3357 5900 3439 5942 t'o-

1868 5980 1973 6023 cat.
2051 5983 2218 6023 unius.
3312 5988 3315 5989 ν

1868 5980 1973 6024 cat.
1999 5980 2218 6024 timeas.
3312 5988 3315 5989 '
