4002 6546
566 414 706 473 i859
776 431 780 435 '

2029 404 2355 464 ORIGENIS

3717 399 3845 456 ιεςι

568 529 632 584 de
653 525 919 602 lapidibus
944 525 1064 581 istis
1086 524 1343 580 suscitare
1360 522 1506 594 ﬁlias
1530 521 1783 578 Abrahae.
1837 518 1920 577 De
1944 520 2147 591 quibus
2176 524 2220 583 Α
2249 518 2386 574 Cum
2412 524 2595 573 autem
2632 523 2782 572 tanta
2812 522 2936 587 post
2963 512 3164 571 stecula
3195 511 3494 580 ﬂuxerint,
3527 520 3587 567 α
3614 520 3734 567 tam
3763 514 3840 566 im

567 620 882 694 lapidibus?
929 619 1043 691 (ﬁt)
1088 617 1210 674 Non
1257 616 1447 688 utique
1489 615 1699 688 lapides
1754 612 2155 669 irrationabiles

570 724 974 785 corporeosque
997 709 1372 772 monstrabat,
1397 708 1490 763 sed
1522 706 1774 762 homines
1806 704 2156 761 insensibiles

571 816 628 862 et
651 804 925 875 quondam
975 804 1176 867 duros,
1225 799 1321 870 qui
1352 798 1481 869 quia
1515 796 1722 868 lapides
1753 804 1806 852 et
1836 795 1984 866 ligna
2022 795 2157 848 ado~

569 897 788 963 rabant,
813 895 1098 965 impletum
1129 899 1214 947 est
1241 890 1371 945 illud
1398 889 1544 960 quod
1580 889 1634 943 iu
1662 887 1876 958 psalmo
1903 886 2159 941 cantaba-

569 999 661 1045 tur
688 1007 702 1044 :
742 986 954 1042 Similes
986 985 1096 1039 illis
1132 984 1264 1054 ﬁant
1309 980 1404 1053 [al.
1433 978 1593 1052 ﬁunt]
1619 981 1709 1050 qui
1736 978 1939 1048 faciunt
1974 994 2070 1042 ea,
2098 987 2149 1032 et

571 1099 751 1138 omnes
795 1081 886 1152 qui
931 1079 1202 1148 conﬁdunt
1243 1078 1318 1131 eis
1343 1076 1411 1129 "'.
1454 1073 1593 1130 Vere
1619 1075 1714 1145 qui
1750 1073 1959 1129 faciunt
1986 1072 2155 1139 idola,

570 1184 627 1230 et
652 1173 935 1230 conﬁdunt
960 1171 1014 1226 in
1045 1169 1160 1235 eis,
1211 1168 1420 1224 similes
1462 1175 1591 1222 sunt
1629 1165 1738 1222 diis
1765 1165 1916 1232 suis,
1952 1166 2160 1235 absque

570 1280 737 1321 sensu
758 1304 772 1324 ,
828 1264 947 1319 sine
977 1261 1085 1316 ulla
1128 1258 1376 1323 ratione,
1417 1257 1472 1312 in
1502 1256 1709 1327 lapides
1740 1256 1996 1327 lignaque
2021 1270 2159 1311 con-

572 1356 716 1412 versi
743 1361 892 1410 sunt.
931 1353 1067 1407 Cum
1099 1351 1245 1407 enim
1292 1358 1503 1404 tantum
1531 1348 1753 1403 videant
1781 1356 2159 1403 creaturarum

573 1445 848 1509 ordinem,
874 1442 1152 1507 decorem,
1177 1438 1438 1503 ollicium,
1468 1446 1676 1493 tantam
1706 1437 1897 1493 mundi
1923 1437 2162 1508 pulchri-

570 1534 840 1599 tudinem,
875 1532 1072 1587 nolunt
1102 1532 1169 1586 de
1200 1530 1470 1586 creaturis
1492 1529 1795 1601 intelligere
1816 1529 2157 1595 Creatorem,

572 1642 751 1697 neque
798 1623 1150 1679 considerant
1202 1630 1366 1677 tantae
1431 1621 1865 1693 dispensationis
1916 1622 2157 1693 aliquam

572 1716 1011 1789 providentiam,
1067 1714 1303 1785 aliquem
1356 1729 1479 1770 esse
1528 1720 1835 1778 rectorem,
1886 1714 1981 1769 sed
2032 1723 2162 1768 sunt

474 1876 485 1883 ι
572 1809 703 1866 (ιιιὶεί
725 1849 739 1873 ,
777 1808 863 1863 his
900 1816 1109 1862 tantum
1139 1806 1314 1862 oculis
1348 1807 1613 1861 mundum
1645 1805 1927 1869 videntes,
1958 1806 2159 1875 quibus

571 1898 980 1956 irrationabilia
1013 1899 1259 1970 jumenta
1306 1906 1361 1952 et
1408 1897 1595 1951 bestiae
1626 1895 1831 1950 vident.
1869 1893 1987 1950 Non
2013 1895 2156 1950 enim
2191 1875 2235 1935 Β

574 1993 1016 2047 animadvertunt
1060 1990 1116 2044 in
1167 1990 1251 2044 his
1293 2004 1414 2059 qua:
1440 1989 1623 2043 vident
1657 1987 1867 2041 ratione
1895 1986 2030 2057 regi,
2060 1985 2160 2043 ali-

573 2099 740 2155 quam
773 2085 955 2138 inesse
990 2082 1280 2137 rationem.
1343 2081 1468 2137 Haec
1496 2090 1805 2152 propterea,
1839 2080 1968 2150 quia
1991 2078 2159 2134 Joan-

574 2190 670 2231 nes
696 2176 907 2230 dixerat
937 2192 950 2229 :
986 2172 1169 2229 Potest
1194 2174 1336 2229 Deus
1360 2174 1424 2228 de
1449 2173 1718 2244 lapidibus
1759 2173 1878 2228 istis
1900 2171 2159 2227 suscitare

573 2268 715 2337 ﬁlios
741 2268 991 2323 Abrahw.
1032 2265 1099 2322 Et
1126 2283 1228 2323 nos
1273 2268 1439 2339 igitur
1480 2267 1835 2322 Obsecremus
1865 2265 2065 2332 Deum,
2101 2275 2161 2320 ut

574 2360 623 2415 si
651 2361 872 2430 quando
897 2359 1104 2415 fuimus
1132 2358 1363 2429 lapides,
1382 2367 1662 2413 vertamus
1684 2357 1737 2413 in
1761 2357 1903 2413 ﬁlios
1927 2357 2160 2413 Abrahae

572 2466 675 2522 pro
702 2452 786 2507 bis
810 2452 935 2508 llliis
958 2453 1051 2523 qui
1075 2451 1235 2520 ejecti
1260 2457 1411 2517 sunt,
1438 2460 1495 2505 et
1518 2451 2001 2520 repromissionem
2029 2449 2161 2504 ado-

576 2547 924 2615 ptionemque
954 2560 1055 2600 suo
1079 2543 1214 2598 vitio
1241 2544 1598 2615 perdiderunt
1624 2541 1760 2613 (62).
1799 2539 1980 2596 Unum
2010 2540 2161 2595 testi-

575 2636 824 2689 monium
873 2634 1054 2689 adhuc
1096 2633 1164 2689 de
1206 2633 1482 2704 lapidibus
1526 2648 1749 2703 ponam.
1793 2631 2073 2703 Siquidem
2103 2633 2158 2687 in

576 2726 791 2782 cantico
835 2724 1009 2780 Exodi
1057 2725 1318 2780 scribitur
1360 2727 1452 2780 1'9:
1512 2724 1794 2779 Vertantur
1834 2725 1891 2777 in
1934 2723 2158 2795 lapides,

575 2817 740 2871 donec
759 2826 1087 2886 pertranseat
1109 2817 1333 2887 populus
1351 2828 1498 2882 tuus,
1522 2816 1767 2881 Domine,
1792 2817 1955 2872 donec
1985 2827 2161 2871 trans-

570 2917 662 2964 eat
705 2908 931 2979 populus
969 2918 1091 2963 tuus
1122 2911 1222 2965 iste
1262 2926 1415 2981 quem
1444 2911 1746 2982 possedisti.
1782 2909 2024 2982 Rogatur
2052 2912 2158 2966 ita-

575 3016 684 3073 que
714 2999 880 3068 Deus,
916 3011 974 3056 ut
998 3003 1274 3074 paulisper
1297 3013 1687 3060 convertantur
1711 3004 1764 3058 in
1789 3004 2028 3075 lapides;
2057 3005 2160 3060 hoc

574 3093 723 3149 enim
757 3092 866 3165 (63)
904 3092 1128 3149 Graecus
1152 3110 1338 3150 sermo
1385 3094 1785 3166 signiﬁcantius
1810 3107 2003 3163 sonat,
2029 3097 2161 3151 ἀνα-

574 3184 965 3252 λιοούσθωσαν,
994 3186 1169 3240 donec
1194 3194 1534 3256 pertranseat
1561 3186 1795 3256 populus
1818 3184 2156 3244 Iudaeorum.

2256 610 2630 668 numerabiles
2682 609 2812 664 anni
2845 609 2914 664 ab
2951 608 3049 663 illo
3078 617 3321 678 tempore
3354 620 3539 677 usque
3584 605 3659 661 ad
3712 621 3841 675 pra-

2256 712 2466 757 sentem
2503 702 2647 757 diem
2677 699 2844 772 960
2870 698 3227 764 transierint,
3278 698 3562 769 quomodo
3610 696 3847 769 Spiritus

2254 803 2479 851 sanctus
2508 794 2563 848 in
2589 793 2853 867 propheta
2885 791 3033 846 dicat
3068 809 3085 845 :
3120 789 3255 845 Ecce
3295 790 3496 845 securis
3526 790 3603 843 ad
3638 790 3847 842 radices

2256 885 2506 940 arborum
2546 885 2720 954 posita
2752 878 2871 947 est,
2908 883 3170 938 debemus
3210 882 3508 952 inquirere.
3568 879 3690 952 Ego
3718 891 3846 951 puto

2257 978 2556 1034 lsraelitieo
2602 976 2802 1047 populo
2847 975 3197 1045 prophetari,
3238 974 3382 1045 quod
3432 972 3693 1044 praecisio
3726 972 3848 1041 ejus

2255 1070 2435 1126 vicina
2469 1070 2558 1124 sit.
2600 1067 2697 1123 His
2723 1067 2868 1123 enim
2892 1067 2987 1137 qui
3029 1066 3448 1137 egrediebantur
3482 1065 3555 1121 ad
3580 1081 3711 1120 eum
3732 1105 3751 1132 ,
3787 1073 3849 1121 ut

2256 1161 2689 1233 haptizarentur,
2720 1160 2861 1215 inter
2883 1166 3077 1215 caetera
3109 1158 3436 1229 loquebatur
3470 1178 3484 1212 :
3510 1155 3711 1212 Facite
3731 1157 3851 1226 {rl-

2257 1266 2372 1310 ctus
2409 1254 2596 1325 dignos
2636 1253 2987 1323 paenitentiae;
3030 1260 3085 1309 et
3125 1252 3282 1322 quasi
3328 1249 3535 1307 Iudaeis
3581 1251 3843 1307 dicebat:

2260 1344 2344 1400 Ne
2367 1345 2634 1415 incipiatis
2657 1345 2830 1400 dicere
2855 1346 2911 1398 in
2931 1344 3333 1413 nobismetipsis,
3360 1354 3571 1413 patrem
3595 1344 3845 1399 habeats

2259 1436 2552 1491 Abraham.
2594 1434 2727 1490 Dico
2763 1437 2902 1490 enim
2938 1435 3106 1499 vobis,
3132 1436 3258 1505 quia
3290 1444 3461 1505 potest
3506 1436 3655 1490 Deus
3677 1436 3847 1490 exle-

2257 1533 2471 1604 pidibus
2497 1532 2616 1585 istis
2636 1531 2898 1585 suscitare
2922 1530 3065 1601 ﬁlios
3089 1529 3336 1585 Abralue.
3378 1528 3497 1585 Hoc
3520 1544 3661 1600 ergo
3700 1530 3843 1601 quod

2259 1625 2337 1679 ait
2367 1641 2383 1679 :
2417 1623 2554 1678 Ecce
2574 1623 2772 1677 securis
2794 1623 2863 1677 ad
2896 1622 3101 1676 radices
3134 1622 3382 1676 arborum
3405 1623 3588 1692 posita
3616 1634 3719 1687 est,
3752 1620 3848 1675 Ju-

2259 1718 2392 1774 daeis
2415 1717 2678 1787 loquitur.
2718 1714 2819 1771 Cui
2844 1714 3032 1772 sensui
3058 1724 3112 1769 et
3154 1714 3518 1785 apostolicum
3550 1714 3687 1768 illud
3714 1729 3848 1769 cou-

2261 1810 2427 1882 gruit,
2459 1808 2663 1864 fractos
2687 1822 2811 1863 esse
2843 1806 2913 1863 ab
2946 1807 3049 1863 hac
3076 1807 3256 1864 securi
3287 1806 3642 1862 inﬁdelitatis
3670 1822 3852 1863 ramos

2266 1910 2432 1972 atque
2464 1900 2747 1966 succisos,
2783 1908 2843 1953 ut
2867 1906 3175 1972 am’putaret
3202 1913 3269 1953 ex
3310 1898 3512 1954 arbore
3553 1914 3675 1953 non
3708 1898 3850 1953 radi—

2264 2003 2407 2051 cem,
2442 1987 2537 2043 sed
2566 2002 2629 2042 ea
2661 2001 2783 2057 qua:
2803 1986 2869 2041 de
2896 1987 3078 2042 radice
3102 1987 3458 2057 pullularunt,
3486 1998 3549 2044 ut
3582 1989 3644 2043 in
3674 1990 3854 2044 radice

2265 2080 2511 2152 pristina:
2561 2078 2809 2143 arboris,
2845 2080 2987 2135 rami
3039 2081 3251 2146 possint
3306 2080 3532 2136 oleastri
3584 2082 3759 2136 inseri
3787 2082 3849 2134 ⁸⁸.

2264 2172 2457 2229 Omnis
2496 2186 2627 2243 ergo
2658 2172 2854 2239 arbor,
2883 2188 3007 2243 qua:
3038 2190 3144 2229 non
3191 2173 3319 2229 facit
3350 2173 3599 2228 fructum
3629 2174 3851 2239 bonum,

2264 2263 2589 2334 praecidetur
2613 2263 2746 2318 etin
2775 2264 2953 2334 ignem
2989 2265 3233 2321 mittetur
3268 2285 3281 2320 :
3322 2267 3475 2322 hunc
3510 2266 3671 2321 enim
3700 2266 3852 2320 ﬁnem

2267 2355 2453 2421 habet,
2501 2365 2563 2411 ut
2599 2355 2854 2412 incendio
2883 2366 3282 2412 concremetur.
3326 2356 3537 2412 Deinde
3566 2370 3689 2413 tres
3713 2358 3849 2411 ordi-

2267 2463 2366 2503 nes
2395 2447 2734 2503 inducuntur
2754 2448 3154 2504 sciscitantium
3175 2446 3440 2504 Joannem
3476 2465 3657 2519 super
3688 2449 3855 2505 salute

2267 2556 2367 2597 sua
2399 2560 2413 2596 :
2442 2558 2586 2599 unus
2614 2557 2776 2613 quem
2815 2541 3098 2612 Scriptura
3133 2543 3423 2613 appellavit
3452 2544 3709 2614 pOpulos
3734 2559 3857 2598 ese-

2265 2643 2428 2690 untes
2451 2635 2519 2689 ad
2547 2634 3012 2718 haptismanalius
3039 2650 3200 2706 quem
3228 2635 3560 2705 publicanos
3584 2636 3855 2701 nominat,

2265 2728 2461 2784 tertius
2490 2728 2586 2799 qui
2625 2728 2858 2784 militum
2891 2728 3253 2799 appellatione
3287 2738 3573 2785 censetur.
3618 2728 3858 2783 Interro-

2266 2823 2463 2893 gabant
2498 2837 2617 2875 eum
2653 2821 2855 2887 turbat,
2883 2821 3115 2876 dicentes
3150 2837 3170 2876 :
3218 2819 3358 2886 Quid
3404 2821 3722 2889 faciemus?
3761 2819 3859 2886 Qui

2265 2912 2583 2983 respondens
2617 2914 2693 2967 eis
2717 2929 2736 2968 .'
2780 2911 2885 2979 Qui
2919 2912 3074 2967 liabet
3114 2913 3248 2967 duas
3287 2913 3524 2976 tunicas,
3570 2914 3665 2967 det
3689 2916 3741 2968 ei
3775 2916 3860 2983 qui

2265 3021 2371 3059 non
2398 3004 2549 3060 liabet
2573 3020 2592 3059 :
2616 3015 2666 3059 et
2704 3007 2795 3076 qui
2816 3005 2968 3059 habet
2994 3005 3158 3069 cibos,
3181 3005 3430 3061 similiter
3465 3005 3671 3075 faciat.
3710 3005 3861 3075 Quod

2265 3095 2511 3170 quidem,
2548 3094 2736 3151 nescio
2771 3096 2817 3150 si
2860 3095 3032 3150 turba:
3061 3094 3348 3151 conveniat
3392 3095 3649 3166 praecipi.
3698 3095 3862 3161 Magis

2266 3187 2412 3244 enim
2462 3187 2726 3259 apostolis
2768 3202 2933 3258 quam
2966 3188 3130 3259 vulgo
3173 3187 3463 3258 congruit,
3496 3197 3565 3242 ut
3598 3188 3701 3257 qui
3730 3189 3864 3242 duas

540 3342 546 3349 .
577 3274 732 3331 Haud
765 3250 991 3331 dubium
1026 3276 1160 3345 quin
1194 3250 1494 3347 postquam
1524 3250 1599 3330 illi
1632 3250 1980 3343 lransierint,
2028 3295 2161 3349 gen-
2185 3250 2234 3315 ο
2266 3250 2731 3347 ιιιιιίοδείιεώει,
2765 3250 2931 3336 tinam
2987 3250 3191 3336 tribuat
3238 3250 3342 3335 non
3392 3250 3646 3335 habenti.
3708 3278 3780 3335 Et
3808 3289 3863 3335 ut

576 3374 661 3422 tes
687 3366 914 3437 lapideas
940 3381 1063 3421 esse
1099 3367 1418 3433 cessabunt,
1443 3376 1497 3421 et
1523 3381 1620 3437 pro
1656 3368 1794 3423 duro
1824 3369 1990 3425 corde
2021 3372 2161 3427 reci-

576 3458 728 3528 pient
776 3458 1072 3511 humanam
1121 3458 1175 3511 iu
1215 3458 1440 3514 Christo
1480 3459 1968 3531 rationabilemque
2002 3472 2162 3518 uatu-

578 3564 718 3605 ram.
757 3548 860 3603 Cui
888 3558 972 3604 est
1003 3549 1176 3621 gloria
1206 3559 1260 3605 et
1286 3551 1577 3620 imperium
1611 3551 1665 3606 in
1694 3551 1893 3608 saecula
1934 3554 2163 3610 saculo-

577 3656 725 3697 rum.
761 3641 957 3697 Amen.

1113 3752 1398 3812 HOMILIA
1438 3756 1626 3813 XXIII.

578 3866 659 3922 De
691 3885 749 3923 eo
783 3868 922 3939 quod
944 3870 1203 3939 scriptum
1235 3880 1356 3925 est:
1390 3891 1408 3923 ι
1448 3871 1584 3925 Ecce
1619 3872 1819 3926 securis
1851 3871 1920 3926 ad
1956 3871 2162 3926 radices

646 3942 895 4012 arborum
917 3942 1088 4009 posita
1109 3950 1208 4002 est,
1248 3960 1268 3993 ι
1299 3959 1458 4012 usque
1481 3946 1549 3995 ad
1572 3960 1690 3996 eam
1719 3944 1892 3996 locum
1919 3944 2005 3996 ubi
2035 3944 2111 3995 ait
2143 3958 2163 3997 :

656 4028 677 4061 ς
724 4009 978 4135 Venéruut
1003 4021 1178 4065 autem
1208 4022 1257 4066 et
1280 4009 1573 4082 publicani,
1597 4023 1655 4067 ut
1682 4015 2081 4081 baptizareutar
2095 4013 2160 4067 ab

656 4094 729 4135 eo.
760 4098 780 4132 ι
860 4096 948 4135 an.
982 4096 1068 4135 ιιι.

647 4094 729 4136 eo.
760 4098 780 4132 ι
813 4094 948 4151 Cap.
982 4096 1068 4135 ιιι.

647 4190 889 4249 Joannes
919 4192 1013 4248 illo
1037 4193 1152 4263 jam
1183 4203 1429 4264 tempore
1456 4195 1783 4264 loquebatur
1813 4215 1827 4252 :
1867 4195 2001 4252 Ecce
2025 4214 2166 4252 secu-

578 4285 655 4338 ris
682 4284 752 4338 ad
785 4284 992 4341 radices
1033 4288 1283 4340 arborum
1323 4290 1497 4358 posita
1523 4298 1623 4343 est.
1665 4288 1733 4343 Et
1755 4289 2023 4360 siquidem
2048 4290 2161 4360 jam

578 4375 857 4447 ingrueret
884 4382 1306 4446 consummatio,
1331 4392 1384 4435 et
1410 4391 1716 4452 temporum
1752 4382 1877 4438 ﬁnis
1907 4382 2159 4448 instaret,

578 4468 728 4523 nulla
756 4469 894 4523 mihi
936 4469 1167 4540 quaestio
1203 4482 1542 4526 nasceretur.
1586 4470 1835 4527 Dicerem
1877 4472 2019 4527 enim
2060 4473 2161 4527 hoc

578 4565 726 4636 quod
756 4564 833 4619 ait
862 4583 875 4620 :
913 4563 1049 4619 Ecce
1076 4566 1275 4620 securis
1304 4570 1371 4619 ad
1399 4566 1606 4620 radices
1629 4565 1837 4620 arboris
1862 4566 2036 4636 posita
2060 4573 2159 4632 est,

578 4664 636 4710 et
669 4656 800 4710 illud
831 4675 845 4710 :
876 4655 1061 4711 Omnis
1096 4658 1236 4711 enim
1281 4657 1439 4711 arbor
1477 4675 1593 4729 qua:
1633 4674 1735 4712 non
1780 4659 1908 4728 facit
1933 4660 2166 4729 fructum

554 4743 774 4797 -bonum
792 4785 807 4812 ,
832 4745 1151 4813 prtecidetur
1169 4786 1185 4812 ,
1232 4756 1281 4800 et
1305 4748 1357 4801 in
1385 4749 1555 4818 ignem
1581 4750 1821 4802 mittetur
1840 4759 2167 4820 ,propterea

579 4836 996 4907 prophetatum,
1052 4838 1181 4908 quia
1225 4838 1281 4892 in
1330 4839 1422 4893 illo
1475 4849 1718 4909 tempore
1769 4842 2161 4910 complebatur.

688 4953 736 4986 ⁷⁸
763 4951 909 5010 Psal.
937 4969 1060 5023 cxv,
1089 4953 1143 5009 8.
1244 4954 1288 4987 7°
1324 4953 1497 5010 Exod.
1530 4971 1624 5024 xv,
1652 4955 1740 5011 l6.

792 5069 1017 5145 Eaedem
1047 5071 1295 5145 schedia:
1322 5071 1396 5126 Οὐ
1430 5071 1613 5145 λίθους
1647 5071 1891 5145 ἀψύχους
1922 5073 2157 5140 δεικνὺς.

579 5142 692 5217 ἀλλ’
717 5141 1036 5217 ἁγθρῴτεους
1066 5141 1442 5217 ᾲναισθήτοιις.
1470 5141 1912 5217 Παρξᾳτήκέισαγ
1938 5145 2046 5217 γὰρ
2069 5147 2163 5200 καὶ

579 5214 783 5269 ἐθνικοὶ
810 5211 891 5283 ’ὲῷ
928 5211 1297 5283 βαπτίσματι.
1347 5212 1441 5279 οὓς
1483 5211 1577 5267 καὶ
1607 5211 1789 5278 λίθόυς
1829 5211 2163 5281 καλέῖξὲξο-

583 5284 750 5367 μυιῶν
765 5284 963 5374 placui);
978 5285 1094 5374 τιοξςη
1107 5300 1411 5365 προςκυνου
1419 5287 1600 5374 μένρις
1618 5285 1850 5374 καίτὰρτὸ,
1866 5284 2053 5374 ὅμοιοι
2068 5290 2170 5342 ai)-

579 5353 704 5421 ἰοῖς
718 5353 988 5423 γένοιντο
1003 5355 1058 5407 οἱ
1078 5353 1390 5421 ποιοῦντες
1409 5353 1579 5418 aera,
1599 5354 1698 5408 καὶ
1721 5358 1774 5409 οἱ
1800 5353 2151 5424 πεποιθότες

579 5422 673 5477 ἐπ’
701 5423 926 5489 αὐτοῖς.
957 5422 1079 5479 Non
1101 5423 1303 5493 lapides
1337 5427 1518 5478 anima
1549 5437 1780 5480 carentes
1813 5427 2162 5492 monstrabat,

581 5494 671 5547 sed
712 5495 947 5567 nomines
990 5511 1143 5567 sensu
1190 5496 1486 5567 destitutos.
1525 5496 1763 5549 Aderant
1807 5498 1945 5549 enim
1986 5498 2162 5567 bapti-

583 5565 929 5635 smatietiam
953 5565 1192 5635 gentiles,
1223 5581 1354 5635 quos
1384 5566 1587 5635 lapides
1611 5568 1773 5619 etiam
1808 5577 1959 5621 vocat
1987 5607 2001 5630 ,
2040 5565 2164 5623 illos

581 5631 887 5705 assimilans
910 5631 1068 5705 idolis
1082 5650 1199 5705 qute
1225 5631 1543 5702 adorabunt,
1558 5635 1720 5704 juxta
1748 5636 1883 5690 illud
1900 5654 1919 5691 :
1944 5636 2164 5694 Similes

581 5702 870 5827 alligent,
901 5705 996 5772 qui
1037 5702 1247 5760 faciunt
1273 5722 1360 5772 ea,
1407 5720 1462 5763 et
1507 5702 1599 5776 qui
1649 5709 1931 5763 conﬁdunt
1952 5709 2007 5783 in
2034 5709 2168 5766 illis.

629 5786 799 5830 υευς.

652 5844 763 5914 (62)
806 5839 1016 5899 Eaedem
1048 5844 1262 5902 scheda:
1288 5864 1301 5902 :
1339 5847 1460 5901 Ἔτι
1488 5847 1544 5901 δὲ
1580 5849 1710 5919 περὶ
1738 5847 1846 5905 τῶν
1868 5847 2031 5904 λίθων
2065 5848 2162 5920 γέ-

1834 4956 1880 4988 ⁸⁰
1904 4954 2067 5014 Rom.
2096 4977 2173 5030 xi,
2206 4964 2293 5031 16,
2323 4964 2390 5019 l7
2417 4978 2533 5034 seq.

2263 3373 2416 3430 scias
2442 3373 2618 3445 magis
2659 3373 2764 3429 hoc
2806 3373 3071 3443 apostolis
3094 3388 3259 3443 quam
3288 3372 3507 3443 populis
3534 3375 3860 3433 convenire,

2262 3466 2390 3522 audi
2422 3466 2553 3537 quid
2588 3481 2619 3520 ιι
2659 3465 2942 3522 Salvatore
2987 3467 3202 3522 dicatur
3235 3466 3301 3520 ad
3328 3481 3427 3521 eos
3456 3484 3472 3520 :
3510 3464 3712 3537 Neque
3729 3467 3860 3519 dus

2266 3561 2474 3614 tunicas
2501 3558 2703 3616 tollatis
2726 3561 2782 3629 in
2803 3562 2889 3615 uia
2911 3561 2978 3615 ⁸³.
3021 3559 3230 3630 Duplex
3253 3560 3439 3629 itaque
3461 3560 3860 3615 vestimentum

2265 3668 2378 3723 quo
2413 3655 2797 3726 unusquisque
2827 3654 3079 3720 vestitur,
3112 3663 3168 3709 et
3196 3654 3508 3724 pracipitur
3541 3663 3608 3708 ut
3630 3654 3859 3709 alterum

2266 3747 2473 3802 tribuat
2516 3762 2627 3803 non
2675 3748 2933 3811 babenti,
2987 3748 3149 3803 aliam
3208 3747 3632 3817 intelligentiam
3681 3758 3857 3803 sonat.

2268 3834 2398 3891 Vult
2443 3838 2589 3891 enim
2642 3853 2746 3893 nos
2796 3838 3078 3902 Salvator,
3126 3838 3402 3908 quomodo
3447 3854 3558 3893 non
3593 3839 3859 3893 habemus

2266 3927 2481 3983 duobus
2510 3929 2717 3984 servire
2759 3929 3020 3994 dominis,
3055 3929 3136 3984 sic
3163 3942 3261 3983 nec
3289 3929 3428 3983 duas
3454 3927 3664 3982 habere
3713 3928 3859 3983 tuni-

2267 4034 2384 4086 cas,
2409 4034 2510 4075 nec
2544 4019 2748 4091 duplici
2776 4029 2926 4076 veste
2959 4019 3325 4085 circumdari,
3356 4034 3423 4074 ne
3452 4021 3525 4074 sit
3565 4035 3746 4074 unum
3780 4019 3859 4072 in-

2266 4111 2587 4169 dumentum
2613 4114 2808 4170 veteris
2841 4114 3098 4180 hominis,
3132 4122 3189 4168 et
3211 4114 3443 4168 alterum
3481 4113 3638 4166 novi.
3680 4110 3857 4166 Econ-

2270 4195 2440 4258 trario
2465 4213 2648 4259 autem
2672 4205 2842 4275 cupit,
2878 4214 2935 4261 ut
2962 4206 3332 4275 exspoliemus
3362 4219 3466 4259 nos
3493 4213 3739 4259 veterem
3769 4202 3857 4258 ho-

2268 4293 2497 4361 minem,
2530 4304 2584 4350 et
2614 4296 2908 4352 induamus
2940 4312 3167 4352 novum.
3215 4294 3511 4365 [lucusque
3544 4295 3729 4350 lacilis
3762 4309 3854 4349 ex-

2266 4385 2468 4454 positio
2512 4395 2616 4441 est.
2673 4384 2846 4441 Porro
2875 4387 3167 4456 quteritur,
3199 4391 3479 4457 quomodo
3523 4386 3686 4455 juxta
3719 4384 3856 4440 hanc

2271 4479 2775 4550 interpretationem
2827 4480 3084 4550 iubeatur
3113 4482 3274 4537 nobis
3330 4495 3438 4536 non
3495 4481 3724 4536 habenti
3762 4482 3854 4536 tri-

2196 4600 2242 4657 D
2270 4569 2438 4626 buere
2474 4569 2879 4626 vestimentum.
2939 4571 3204 4638 Quisnam
3230 4579 3315 4627 est
3345 4572 3434 4627 ille
3460 4571 3554 4643 qui
3583 4586 3658 4628 ne
3686 4588 3851 4627 unum

2274 4661 2497 4733 quidem
2544 4662 2923 4719 indumentum
2966 4677 3132 4733 super
3176 4678 3399 4719 carnem
3450 4677 3615 4718 suam
3670 4663 3853 4721 habet.

2274 4757 2369 4826 qui
2402 4756 2585 4811 nudus
2629 4765 2735 4822 est,
2783 4756 2876 4826 qui
2903 4756 3130 4812 omnino
3162 4756 3311 4811 nulla
3338 4764 3492 4811 veste
3517 4754 3855 4827 coopertus?

2271 4846 2460 4917 Neque
2482 4863 2610 4903 vero
2635 4847 2741 4904 hoe
2769 4848 2923 4914 dico,
2952 4862 3062 4918 quo
3087 4863 3194 4903 non
3226 4847 3575 4919 praecipiatur
3614 4846 3855 4902 liberali-

2631 4964 2675 4996 ⁸³
2711 4964 2901 5020 Matth.
2930 4980 2985 5030 ι,
3012 4963 3104 5019 20.

2268 5095 2514 5152 γραπται
2556 5081 2615 5152 ὲν
2644 5082 2710 5151 τῇ
2738 5080 2848 5152 ᾠδῇ
2880 5082 2945 5151 τῇ
2976 5081 3034 5132 ἐν
3060 5081 3129 5152 τμῇ
3155 5078 3370 5151 Ἐξόδῳ·
3407 5079 3850 5152 143015006613}-

2270 5145 2392 5204 ὰὶιν
2441 5151 2513 5204 τὰ
2556 5145 2764 5218 ἕθνὴ’,’
2787 5145 2898 5216 ἕῶς
2920 5145 3221 5218 ’παρέζὶῑθιη
3276 5145 3505 5215 δῖ’λαός
3554 5145 3739 5216 οὗτος
3785 5145 3850 5204 ὃν

2268 5219 2522 5293 ἐκτήσω·
2542 5221 2619 5293 ᾡς
2641 5221 2796 5293 δῆλον
2812 5222 2892 5274 ὅτι
2915 5219 3054 5293 petra
3075 5220 3138 5274 τὸ
3160 5221 3451 5293 παρελθεῖν
3471 5220 3735 5293 cavsam,
3763 5238 3851 5291 pr,-

2272 5290 2389 5363 uést
2431 5290 2931 5363 duobtﬂoiﬁsiqauv,
2959 5290 3524 5363 examussim“
3556 5291 3739 5363 ψυχὴν

2273 5359 2571 5432 εἶρωπίνην.
2589 5359 2792 5416 ΑιιΙιιιε⁷
2808 5363 2870 5416 de
2895 5361 3161 5431 lapidibus
3188 5363 3441 5432 scriptum
3466 5373 3546 5416 est
3574 5359 3853 5415 incumin

2321 5404 2449 5486 audi
2462 5404 2780 5487 :i’er‘tantur
2797 5404 3079 5502 inulap'ides
3096 5404 3496 5503 genvtesfdonec
3512 5442 3850 5503 pertranseat

2272 5504 2505 5572 populus
2532 5504 2633 5558 iste
2664 5519 2824 5572 quem
2860 5503 3150 5573 possedisti
3189 5519 3202 5555 :
3236 5505 3363 5572 quia
3401 5504 3750 5572 manifestum
3777 5511 3851 5555 est

2275 5582 2392 5641 post
2422 5575 2707 5628 transitum
2750 5575 2963 5643 populi,
2992 5584 3167 5643 gentes
3194 5575 3464 5628 desituras
3489 5590 3604 5629 esse
3628 5574 3849 5643 lapides,

2273 5653 2324 5697 et
2361 5646 2598 5699 animam
2628 5642 2917 5698 humanam
2954 5642 3272 5713 recepturus.
3305 5642 3384 5698 In.

2354 5713 2618 5786 (63)_ﬂaac
2642 5730 2879 5784 quoque,
2906 5727 2965 5769 ut
2994 5729 3154 5786 nemo
3201 5729 3308 5770 non
3355 5713 3557 5781 sensit,
3586 5713 3847 5784 interpre-

2279 5783 2453 5842 tantis
2468 5783 2781 5856 Hieronymi
2809 5784 3117 5841 observatio
3144 5793 3245 5842 est.
