4002 6542
505 366 670 460 ἰεδδ
2003 389 2085 448 0B

2209 387 2329 447 ms
3114 342 3119 347 ’
3673 382 3789 437 tisi

526 530 746 589 quoque
774 511 879 587 ipsi
914 523 971 570 et
997 511 1256 584 apostoli,
1288 526 1454 568 omne
1479 507 1629 583 quod
1660 516 1958 573 resonant,
2005 524 2114 564 non
2145 514 2187 568 Α
2214 521 2376 579 quam
2399 520 2520 560 eum
2551 502 2663 558 illis
2683 501 2753 557 "’.
2806 500 2874 557 Et
2918 499 3102 557 statim
3141 500 3211 556 ad
3262 504 3459 572 places
3492 498 3670 556 sancti
3705 503 3789 559 viri

529 610 705 665 solum
738 606 1077 670 hominibus,
1126 603 1228 660 sed
1260 613 1315 661 et
1335 603 1543 675 angelis
1583 602 1921 674 pradicant-
1955 599 2112 667 Quod
2210 600 2442 672 angelos
2468 613 2603 668 quos
2633 596 2787 667 prius
2811 593 2963 651 Giezi
2990 609 3100 650 non
3122 593 3342 650 videbat
3362 635 3376 659 ,
3412 594 3663 648 intuitus
3703 606 3792 649 est.

531 711 590 757 ιιι
614 701 755 757 scias
774 714 1001 754 verum:
1027 697 1273 764 Attende,
1294 696 1492 767 inquit,
1516 695 1726 762 caelum,
1752 703 1803 749 et
1824 694 2013 765 loquar
2033 692 2112 758 ﬁ";
2218 689 2346 747 llaec
2384 689 2590 745 idcirco
2616 687 2860 744 diximus
2876 726 2892 751 ,
2918 694 2985 741 ut
3007 684 3423 741 ostenderemus
3458 695 3520 739 et
3569 685 3797 754 publica-

530 791 703 851 et:ln
728 800 1006 861 conspectu
1034 789 1345 860 angelorum
1369 787 1598 857 psallam
1627 785 1723 840 tibi
1737 786 1819 852 ⁸⁸;
1845 794 1900 840 et
1930 803 1943 840 :
1971 782 2118 838 Lau-
2217 798 2320 839 nos
2351 781 2534 837 doceri
2588 796 2619 836 a
2668 776 2900 843 Joanne,
2927 787 2983 833 et
3016 791 3124 835 non
3169 778 3347 832 solum
3377 793 3479 833 eos
3509 778 3609 847 qui
3632 778 3798 847 reipu-

528 884 651 939 date
681 882 990 946 Dominum,
1022 880 1138 936 coeli
1168 880 1505 943 caelorum,et
1524 894 1675 950 aquae
1702 892 1820 949 quae
1840 892 1997 946 super
2021 891 2118 931 θυε-
2218 876 2375 931 ιιιίεεε
2396 872 2756 943 vectigalibus
2785 871 3052 933 serviunt,
3088 869 3182 925 sed
3217 870 3383 925 etiam
3417 870 3552 925 illos
3596 870 3690 940 qui
3716 886 3797 924 ve-

530 978 608 1032 las
634 972 755 1031 sunt
785 974 1001 1030 laudent
1031 989 1215 1027 nomen
1242 970 1456 1025 Domini
1479 971 1559 1036 ⁸⁹;
1594 979 1649 1025 et
1680 988 1696 1025 ι
1731 968 1973 1023 Laudent
1995 985 2117 1024 eum
2218 966 2442 1023 niebant
2469 964 2535 1020 ad
2560 962 2961 1035 penitentiam.
3014 960 3082 1016 Et
3112 961 3203 1016 alii
3239 970 3399 1016 erant
3434 976 3470 1015 a
3506 963 3797 1030 corporali-

533 1065 707 1137 angeli
738 1065 816 1132 ⁹⁰;
856 1074 909 1119 et
937 1082 949 1117 :
984 1061 1050 1116 In
1076 1062 1218 1116 omni
1264 1061 1378 1115 loco
1432 1061 1710 1130 potestatis
1737 1059 1852 1126 ejus
1880 1057 2113 1122 benedic,
2218 1061 2321 1117 bus
2351 1058 2651 1130 publicani,
2676 1059 2821 1117 sicut
2841 1065 2896 1112 et
2921 1057 3014 1112 alii
3038 1056 3260 1125 milites,
3314 1057 3410 1127 qui
3448 1056 3799 1128 egredieban-

531 1162 710 1216 anima
743 1176 878 1225 mea,
912 1159 1139 1213 Domina
1180 1159 1252 1213 ἰ.
1296 1155 1545 1211 Invenies
1586 1155 1642 1209 in
1674 1154 1926 1224 plurimis
1958 1153 2113 1218 locis,
2217 1160 2307 1208 tur
2336 1150 2403 1208 ad
2464 1150 2796 1221 baptismum
2852 1148 3208 1221 paenitentiae.
3264 1147 3426 1205 Venit
3491 1150 3644 1204 enim
3699 1165 3795 1204 nou

530 1262 586 1308 et
611 1253 847 1308 maxime
876 1252 929 1306 in
958 1249 1212 1315 Psalmis,
1234 1258 1287 1305 et
1314 1248 1381 1304 ad
1406 1247 1629 1319 angelos
1654 1260 1961 1303 sermonem
1978 1244 2113 1310 ﬁeri.
2216 1243 2457 1300 Joannes
2488 1252 2543 1301 et
2572 1244 2839 1315 propheta
2871 1251 3083 1299 tantum
3103 1283 3119 1307 ,
3146 1243 3241 1298 sed
3267 1242 3434 1299 etiam
3473 1243 3597 1314 ipse
3627 1241 3797 1299 Salta-

532 1345 658 1400 data
693 1344 900 1399 homini
934 1352 1232 1414 potestate,
1259 1343 1310 1397 ei
1339 1351 1518 1397 tamen
1550 1341 1644 1411 qui
1673 1338 1937 1411 Spiritum
1984 1351 2115 1393 san-
2218 1346 2327 1404 tor,
2347 1347 2404 1393 et
2432 1337 2768 1401 hominibus,
2799 1345 2855 1391 et
2886 1335 3001 1407 (68)
3024 1336 3255 1407 angelis,
3292 1345 3348 1391 et
3380 1336 3684 1392 virtutibus
3711 1352 3799 1391 ca-

533 1448 677 1495 ctum
704 1440 888 1504 habet,
907 1447 1033 1493 utet
1062 1438 1285 1509 angelos
1310 1437 1635 1507 alloquatur.
1662 1432 1918 1503 Equibus
1946 1446 2115 1485 unum
2220 1429 2353 1485 teris
2384 1432 2678 1485 salutarem
2703 1428 3079 1499 penitentiam
3114 1427 3436 1498 pmdicam,
3496 1436 3563 1483 ut
3610 1429 3664 1482 in
3711 1444 3801 1483 no-

531 1533 841 1601 exemplum
877 1546 1100 1602 ponam,
1134 1541 1194 1587 ut
1223 1530 1462 1586 sciamus
1487 1528 1711 1600 angelos
1739 1540 1958 1597 quoque
2016 1525 2119 1579 hn-
2218 1520 2366 1576 mine
2391 1519 2522 1576 Jesu
2549 1535 2713 1576 omne
2741 1535 2883 1591 genu
2939 1519 3210 1586 ﬂectatur,
3247 1519 3602 1587 caelestium,
3634 1531 3800 1577 etter-

533 1624 713 1679 manis
751 1625 977 1679 vocibus
1006 1625 1232 1680 erudiri.
1272 1622 1548 1693 Scriptum
1580 1631 1666 1676 est
1695 1621 1748 1676 in
1791 1617 2117 1690 Apocalypsi
2218 1613 2501 1680 restrium,
2530 1622 2587 1668 et
2614 1612 2980 1678 infernarum,
3013 1621 3069 1667 et
3100 1613 3281 1669 omnis
3302 1613 3497 1684 lingua
3554 1616 3801 1668 conﬁtea-

531 1714 762 1772 Joaunis
786 1716 833 1749 ⁹⁹
862 1736 875 1771 :
906 1716 1104 1788 Angela
1140 1716 1490 1787 Ephesiorum
1517 1712 1767 1768 Ecclesite
1787 1711 1987 1765 scribe:
2011 1708 2119 1764 Ha.
2220 1713 2330 1770 tttr,
2365 1705 2494 1775 quia
2519 1703 2786 1760 Dominus
2813 1703 2976 1761 Jesus
3003 1704 3259 1760 Christus
3301 1706 3356 1759 in
3391 1706 3575 1773 gloria
3605 1715 3687 1761 est
3714 1704 3798 1761 Dei

530 1805 625 1862 beo
653 1808 857 1879 aliquid
886 1820 1072 1864 contra
1110 1818 1195 1874 te;
1234 1818 1288 1864 et
1336 1822 1554 1863 rursum
1577 1806 1624 1840 ⁸⁸
1652 1824 1665 1859 :
1701 1803 1902 1876 Angela
1928 1801 2117 1857 Eccle-
2216 1795 2400 1854 Patris
2425 1797 2471 1832 "
2502 1816 2514 1852 :
2553 1798 2643 1853 cui
2665 1807 2749 1854 est
2779 1797 2956 1869 gloria
2975 1806 3029 1855 et
3048 1798 3342 1869 imperium
3369 1799 3423 1854 in
3462 1798 3669 1855 secula
3707 1813 3799 1856 sc-

531 1902 628 1956 sia:
646 1900 895 1972 Pergami
924 1901 1092 1956 scribe
1108 1918 1126 1955 :
1155 1901 1337 1955 Habeo
1356 1899 1630 1972 quidpiam
1656 1908 1841 1952 contra
1864 1906 1934 1950 te.
1956 1894 2116 1951 Certe
2146 1879 2188 1935 Β
2214 1893 2486 1950 culorum.
2514 1892 2709 1949 Amen.

532 1994 700 2049 homo
726 1994 934 2063 estqui
978 1993 1170 2049 scribit
1193 1992 1433 2064 angelis,
1487 2000 1542 2046 et
1592 1989 1798 2059 aliquid
1846 1987 2111 2059 praecipit.
2746 2006 3036 2063 ῃοΜῙιιΑ
3073 2006 3265 2064 XXIV.

536 2081 652 2153 Ego
684 2097 794 2137 non
827 2081 1046 2154 ambigo
1072 2090 1128 2138 et
1161 2082 1214 2137 in
1249 2092 1393 2139 coetu
1424 2090 1614 2136 nostro
1643 2079 1835 2136 adesse
1856 2080 2111 2150 angelos,
2216 2100 2294 2157 ι),
2322 2118 2381 2156 eo
2407 2101 2546 2171 quod
2569 2101 2824 2170 son-pm,"
2849 2108 2965 2154 es);
3004 2118 3031 2172 ,γ
3060 2099 3172 2170 Ego
3190 2100 3399 2172 quidem
3450 2099 3675 2172 ιαριξεο
3718 2116 3793 2156 ,ω

535 2188 644 2229 non
703 2174 881 2230 solum
916 2174 1243 2246 generaliter
1295 2172 1446 2228 omni
1482 2172 1738 2229 Ecclesiae
1761 2214 1776 2239 ,
1824 2173 1917 2228 sed
1948 2172 2113 2228 etiam
2287 2170 2448 2246 aqua,
2486 2189 2703 2246 rusque
2744 2173 2813 2246 ad
2845 2187 2966 2226 eum
3014 2170 3210 2246 locum
3235 2172 3324 2225 ubi
3357 2173 3434 2246 ait
3463 2188 3487 2225 :
3518 2193 3539 2223 ι
3576 2170 3693 2239 Ipse
3717 2187 3793 2226 eos

534 2266 876 2338 singillatim.
910 2242 984 2322 ne
1003 2266 1206 2337 quibus
1235 2263 1486 2321 Salvator
1514 2265 1654 2320 ait“
1686 2284 1703 2319 ε
1731 2265 1917 2337 Angeli
1935 2282 2114 2320 eorum

2035 2282 2117 2320 um
2288 2244 2581 2315 baptizabit
2608 2242 2817 2313 Spiritu
2840 2251 3023 2297 sancto
3044 2253 3094 2296 et
3117 2243 3252 2313 igne.
3299 2261 3317 2296 ι
3347 2242 3492 2313 Cap.
3531 2258 3615 2298 ιιι.

532 2375 740 2428 semper
788 2358 960 2413 uident
1008 2359 1199 2429 faciem
1242 2357 1427 2414 Patris
1461 2360 1563 2413 mei
1604 2360 1696 2429 qui
1733 2360 1789 2413 in
1842 2359 1986 2414 cwlis
2015 2368 2119 2417 est.
2285 2356 2586 2423 Joannem,
2615 2357 2708 2428 qui
2739 2357 2920 2413 minor
2946 2366 3031 2413 est
3058 2355 3282 2413 Christo
3305 2396 3320 2419 ,
3352 2357 3608 2428 suscepit
3634 2371 3794 2427 popu-

532 2452 741 2523 Duplex
780 2451 869 2528 hic
900 2452 1054 2507 adest
1083 2450 1349 2517 Ecclesia,
1369 2467 1477 2506 una
1498 2451 1809 2516 hominum,
1834 2451 2005 2507 altera
2026 2467 2120 2507 an-
2214 2450 2327 2515 lus,
2364 2458 2624 2519 reputans
2652 2456 2708 2503 et
2733 2449 2983 2518 cogitans
3012 2463 3083 2505 ne
3111 2446 3250 2503 forte
3296 2447 3417 2517 ipse
3450 2457 3611 2506 esset
3654 2446 3796 2503 Clari-

533 2544 802 2615 gelarum.
832 2540 891 2598 Si
920 2544 1048 2613 quid
1073 2545 1230 2614 juxta
1259 2548 1547 2609 rationem,
1594 2553 1649 2598 et
1690 2543 1845 2613 juxta
1872 2543 2120 2614 Scriptu-
2217 2554 2379 2608 stus;
2405 2556 2532 2596 eum
2565 2554 2715 2607 vero,
2750 2540 2844 2611 qui
2878 2541 3055 2610 major
3082 2540 3177 2595 ille
3198 2548 3442 2607 venerat,
3474 2556 3596 2596 non
3628 2555 3795 2595 susse.

532 2650 719 2691 rarum
747 2635 986 2691 dicimus
1017 2636 1375 2700 voluntatem,
1400 2636 1654 2691 laetantur
1675 2637 1850 2707 angeli
1880 2646 1935 2692 et
1962 2646 2121 2692 orant
2216 2636 2316 2706 pit.
2349 2633 2443 2691 Vis
2474 2648 2697 2690 causam
2727 2632 2912 2688 scire?
2937 2632 3250 2705 Cognosce:
3283 2631 3515 2689 Joannis
3542 2634 3794 2703 baptisma

535 2725 845 2783 nobiscum.
869 2724 934 2780 Et
954 2725 1080 2797 quia
1109 2736 1406 2797 praesentes
1423 2726 1600 2797 angeli
1625 2736 1754 2782 sunt
1781 2727 1836 2782 in
1856 2726 2117 2792 Ecclesia,
2220 2725 2527 2791 videbatur,
2571 2722 2776 2779 Christi
2829 2722 3139 2792 baptismus
3192 2722 3487 2781 invisibilis
3526 2734 3666 2780 erat.
3696 2724 3797 2797 Ege

544 2816 602 2875 in
617 2818 705 2874 illa
730 2818 994 2876 duntaxat
1010 2836 1132 2891 qua:
1155 2828 1414 2884 meretur,
1442 2830 1496 2876 et
1523 2820 1729 2876 Christi
1756 2829 1860 2887 est,
1874 2828 2124 2892 propter-
2216 2817 2379 2882 enim,
2411 2814 2609 2884 inquit,
2638 2812 2847 2883 baptizo
2895 2830 2983 2870 vos
3034 2815 3090 2868 in
3127 2830 3267 2885 aqua
3292 2831 3311 2868 :
3341 2816 3435 2885 qui
3466 2827 3654 2870 autem
3692 2825 3795 2886 post

532 2926 601 2968 ea
633 2912 915 2969 orantibus
968 2911 1188 2969 feminis
1227 2914 1568 2985 praecipitur,
1610 2925 1673 2970 ut
1704 2914 1936 2969 habeant
1973 2916 2121 2970 vela-
2219 2924 2302 2964 me
2321 2908 2482 2973 venit,
2504 2905 2679 2974 major
2718 2921 2799 2959 me
2841 2916 2939 2973 est,
2978 2907 3086 2976 ipse
3135 2922 3225 2960 vos
3273 2907 3575 2976 baptizabit
3610 2908 3796 2977 Spiritu

537 3019 662 3060 men
695 3020 860 3074 super
888 3012 1053 3074 caput
1081 3013 1301 3076 propter
1326 3007 1549 3077 angelos
1576 3008 1644 3070 ’⁵,
1680 3004 1793 3076 (67)
1830 3004 2022 3076 utique
2057 3007 2122 3061 ιι-
2219 3009 2403 3055 sancto
2424 3008 2473 3053 et
2503 2999 2633 3070 igni.
2662 2997 2892 3065 Quando
2913 2997 3331 3067 baptizatlesus
3356 2998 3573 3069 Spiritu
3599 3009 3794 3063 sancto,

536 3092 622 3148 los
651 3094 745 3162 qui
772 3093 1041 3149 assistunt
1072 3095 1311 3161 sanctis,
1368 3105 1421 3151 et
1479 3096 1731 3151 lattantur
1768 3096 1822 3150 in
1856 3095 2118 3152 Ecclesia.
2219 3101 2274 3148 et
2295 3106 2516 3147 rursum
2557 3090 2778 3161 quando
2812 3089 2937 3159 igne
2960 3089 3242 3159 baptizat?
3274 3087 3536 3161 Nunquid
3595 3106 3701 3146 uno
3725 3101 3798 3145 at-

533 3181 687 3251 Quos
710 3185 935 3255 quidem
965 3201 1088 3252 nos,
1129 3186 1258 3256 quia
1292 3196 1641 3257 peccatorum
1678 3189 1929 3245 sordibus
1977 3189 2121 3244 oculi
2150 3240 2189 3257 η
2222 3199 2331 3256 que
2362 3185 2552 3241 eodem
2589 3196 2832 3255 tempore
2856 3181 3065 3254 Spiritu
3090 3191 3144 3237 et
3170 3184 3281 3254 igni
3319 3184 3589 3255 baptizat,
3622 3201 3689 3239 an
3718 3201 3798 3239 va-

534 3276 713 3332 nostri
738 3277 889 3332 obliti
914 3284 1062 3340 sunt,
1092 3240 1199 3332 min
1241 3240 1513 3345 videmus,
1548 3280 1644 3335 sed
1672 3280 1856 3335 vident
1882 3281 2119 3352 apostoli
2146 3240 2191 3300 ο
2222 3240 2308 3330 rio
2337 3283 2500 3346 atque
2520 3274 2779 3331 diverso?
2821 3273 2921 3329 Vos
2947 3286 3125 3329 autem
3165 3274 3578 3345 baptisabimini
3610 3276 3797 3346 Spiritu

537 3365 667 3425 Jesu
696 3369 761 3424 ad
783 3385 924 3439 quos
958 3369 1204 3439 loquitur
1230 3371 1277 3403 9°
1309 3389 1322 3425 :
1352 3371 1543 3439 Amen,
1575 3389 1728 3427 auten
1777 3373 1898 3428 dico
1933 3375 2076 3429 vobis
2101 3415 2117 3441 ,

2222 3375 2433 3429 sancto,
2466 3381 2570 3419 non
2591 3375 2705 3435 post
2735 3364 2931 3419 multos
2953 3364 3047 3418 llos
3074 3366 3187 3419 dies
3238 3367 3304 3420 9".
3361 3364 3637 3436 Baptizati
3681 3379 3795 3423 sunt

536 3460 776 3519 uidebitis
804 3461 991 3515 celum
1017 3471 1276 3531 apertum,
1316 3475 1365 3518 et
1396 3464 1606 3535 angelos
1654 3463 1752 3518 Dei
1777 3466 2118 3520 ascendentes
2221 3457 2453 3527 αροειοιί
2501 3465 2625 3527 post
2682 3457 3063 3512 asceuSionem
3119 3457 3242 3526 eius
3276 3459 3345 3512 ad
3381 3462 3558 3516 caelos
3609 3460 3795 3531 Spiritu

536 3561 588 3606 et
613 3549 977 3608 descendentes
1001 3568 1157 3623 super
1181 3550 1385 3607 Filium
1406 3553 1653 3609 hominis.
1681 3553 1838 3621 Quod
1868 3556 1912 3611 si
1946 3555 2117 3611 habe-
2221 3562 2411 3607 salicto
2436 3552 2535 3606 "'z
2564 3551 2714 3622 quod
2756 3560 2935 3607 autem
2973 3551 3083 3624 igni
3116 3551 3325 3608 fuerint
3353 3554 3643 3625 baptizati,
3672 3554 3801 3611 Scri-

538 3657 654 3698 rem
683 3643 826 3699 hanc
846 3646 1099 3716 gratiam,
1138 3654 1199 3700 ut
1226 3646 1504 3716 quomodo
1530 3648 1789 3717 apostoli,
1834 3649 1915 3705 sic
1961 3649 2111 3705 vide-
2220 3654 2377 3715 plura
2398 3660 2509 3698 non
2536 3655 2823 3700 memorat.
2843 3645 2948 3701 Sed
2966 3648 3242 3717 quomodo
3257 3647 3497 3704 Joannes
3518 3649 3798 3719 juxtalor-

538 3749 680 3799 rem,
708 3742 764 3789 et
795 3735 940 3791 sicut
973 3735 1176 3792 Paulus
1200 3737 1433 3807 aspexit,
1490 3740 1733 3794 intuerer
1762 3780 1777 3805 ,
1832 3754 2118 3795 cernerem
2223 3737 2418 3793 danem
2452 3738 2676 3794 ﬂuvium
2710 3739 2993 3795 venientes
3034 3742 3101 3795 ad
3154 3741 3492 3811 baptismum
3531 3745 3798 3813 ιιι-θειώδ-

537 3838 686 3881 nunc
714 3825 1034 3893 angelorum
1078 3827 1482 3883 multitudinem
1512 3868 1526 3893 ,
1580 3829 1724 3899 quod
1753 3829 1970 3885 videbat
2006 3828 2120 3883 Eli-
2224 3829 2407 3894 batur,
2430 3829 2916 3900 etaliosabigebat,
2942 3830 3164 3887 dicens:
3185 3831 3472 3889 Generatia
3491 3837 3794 3905 viperarum,

539 3927 701 3982 διευς,
736 3925 790 3972 et
812 3916 963 3972 Giezi
991 3919 1233 3989 quicum
1261 3935 1327 3976 eo
1354 3929 1578 3976 steterat
1604 3936 1712 3975 non
1768 3922 2005 3977 videbat.
2062 3921 2121 3977 ln
2225 3933 2279 3980 et
2309 3926 2556 3996 reliqua;
2612 3942 2778 3997 porro
2803 3942 2897 3982 eos
2924 3928 3015 3997 q‘ui
3050 3929 3452 3985 conﬁtebantur
3492 3932 3628 3988 vitia
3651 3943 3797 4002 atque

538 4018 689 4064 metu
722 4018 842 4065 erat
878 4010 1051 4075 Giezi,
1087 4027 1157 4067 ne
1185 4012 1255 4067 ab
1289 4012 1541 4069 hostibus
1585 4023 1915 4084 caperetur,
1970 4014 2122 4071 solus
2226 4028 2481 4088 peccata,
2516 4018 2852 4089 suscipiebat
2881 4039 2894 4074 :
2926 4021 3018 4076 sic
3066 4022 3233 4076 stabit
3276 4023 3332 4077 in
3383 4024 3549 4093 igneo
3590 4024 3799 4080 ﬂumine

540 4100 768 4158 Elisaaus
787 4104 998 4160 videns.
1029 4105 1136 4161 Sed
1169 4105 1419 4174 Elisaaus,
1458 4115 1519 4162 ut
1544 4109 1831 4179 prophetes
1861 4107 2076 4163 Domini
2104 4148 2119 4173 ,
2226 4107 2489 4164 Dominus
2516 4107 2677 4166 Iesus
2712 4111 2866 4181 juxta
2917 4111 3222 4166 ﬂammeam
3272 4114 3611 4186 rompbaaam
3642 4118 3659 4148 ³
3682 4158 3698 4184 ,
3749 4128 3800 4171 ιιι

538 4195 883 4266 deprecatur,
917 4209 974 4255 et
1001 4199 1174 4256 dicit:
1203 4198 1247 4256 0
1274 4199 1518 4268 Domine,
1553 4202 1702 4272 aperi
1748 4202 1927 4257 oculos
1970 4202 2122 4272 pueri
2227 4218 2612 4273 quemcunque
2663 4203 2776 4276 (69)
2828 4212 2952 4275 post
2999 4205 3205 4259 exitum
3240 4206 3363 4262 vita:
3395 4208 3581 4279 hujus,
3609 4211 3700 4281 qui
3738 4210 3797 4264 ad

537 4287 715 4356 istius,
737 4298 786 4344 et
811 4290 990 4345 videat
1018 4293 1270 4360 quoniam
1308 4295 1476 4349 multo
1503 4295 1679 4366 plures
1707 4295 1975 4349 nobiscum
1997 4303 2120 4349 sunt
2229 4294 2541 4363 paradisum
2577 4296 2812 4351 transire
2847 4296 3141 4361 desiderat,
3169 4306 3223 4352 et
3241 4300 3567 4369 purgatione
3586 4303 3797 4372 indiget,

653 4407 698 4440 ⁸⁷
730 4406 886 4462 Deut.
913 4424 1088 4473 xxx",
1122 4410 1174 4464 i.
1246 4409 1292 4442 ⁸⁸
1334 4409 1480 4468 Psal.
1507 4426 1728 4467 cxxxvu
1760 4451 1776 4474 ,
1809 4410 1861 4464 l.
1930 4410 1974 4444 ⁸⁸
2025 4407 2171 4463 Psal.
2210 4424 2233 4463 ε

2211 4424 2435 4473 εχιγιιι,
2476 4409 2529 4471 4.
2560 4409 2615 4473 5,
2691 4410 2738 4444 ⁹⁰
2767 4409 2895 4464 ibid.
2925 4409 2981 4465 2.
3048 4412 3090 4443 ⁹¹
3124 4410 3269 4466 Psal.
3302 4427 3420 4475 cm,
3448 4413 3542 4471 ‘22.
3619 4418 3664 4449 ”
3687 4432 3791 4475 cap.

538 4484 603 4557 tl,
622 4493 777 4557 fers.
822 4479 874 4547 l,
899 4479 969 4557 4._
988 4550 1009 4557 Α
1032 4480 1360 4557 "_i_bid.“12_,
1393 4482 1479 4537 M.
1529 4481 1602 4557 _"‘
1623 4480 1815 4557 Matth.
1848 4496 2007 4545 xvm,
2048 4480 2115 4557 l_0

2215 4482 2306 4557 ”_l
2334 4480 2461 4534 Cor.
2494 4496 2571 4547 xl,
2607 4480 2659 4536 5.
2738 4481 2785 4512 ⁹⁶
2810 4479 2971 4536 Joan.
3019 4498 3058 4551 l,
3106 4482 3197 4537 52.
3273 4483 3317 4513 ⁸⁷
3342 4482 3407 4538 IV
3436 4483 3575 4557 Reg.
3601 4503 3683 4554 Vl,
3720 4479 3795 4542 17.

538 4548 585 4581 ⁸⁸
617 4547 817 4618 Philip.
851 4565 912 4615 ll,
948 4550 1036 4616 l0,
1072 4551 1159 4605 ll.
1236 4550 1280 4583 "
1312 4551 1435 4608 Act.
1465 4568 1504 4619 ι,
1527 4552 1581 4608 5.
1658 4552 1726 4584 θ’·
1772 4555 1897 4606 Act.
1943 4567 2005 4617 ιι,
2063 4551 2118 4605 4.

948 4550 1036 4616 l0,
1072 4551 1159 4605 ll.
1236 4550 1280 4583 "
1312 4551 1435 4608 Act.
1465 4568 1504 4619 ι,
1527 4552 1581 4608 5.
1658 4552 1726 4584 θ’·
1772 4555 1897 4606 Act.
1943 4567 2005 4617 ιι,
2063 4551 2152 4615 4.,
2199 4552 2215 4583 ¹
2247 4549 2385 4607 Gen.
2419 4566 2500 4611 lu.

539 4647 854 4703 deridiculae
874 4647 1135 4723 doctrinae
1178 4650 1337 4723 quasi
1367 4648 1797 4723 consectarium,
1835 4664 1945 4723 qua
1992 4663 2119 4718 pec-
2150 4656 2193 4709 D
2221 4648 2366 4723 enim
2407 4647 2613 4723 dudum
2644 4647 2833 4723 homil.
2859 4648 2928 4723 i2
2949 4650 3361 4719 pronuntiasset
3387 4651 3686 4723 unicuique
3708 4654 3796 4708 bo-

540 4732 667 4789 care
706 4732 864 4786 posse
888 4720 1115 4788 angelos
1148 4718 1357 4781 statuit,
1376 4735 1679 4789 eorumque
1708 4719 1946 4773 alliciqu
1980 4734 2118 4773 uou-
2226 4720 2436 4775 minum
2471 4719 2611 4774 duos
2639 4718 2859 4788 praefici,
2893 4718 3095 4774 bunum
3131 4737 3335 4787 unum,
3368 4735 3421 4777 et
3447 4718 3677 4777 alterum
3717 4741 3797 4779 ne-

542 4788 647 4841 nisi
675 4802 739 4841 ex
768 4790 961 4843 merito
990 4798 1242 4871 cmistare
1274 4808 1288 4844 :
1324 4788 1921 4871 undectadversarias
1966 4800 2118 4859 pote-
2226 4804 2391 4861 quam
2414 4799 2518 4871 ;“et
2579 4800 2977 4871 nunerepetat,
3015 4791 3196 4871 adesse
3238 4792 3451 4871 angelos
3494 4796 3795 4871 non-solum

542 4867 709 4913 states
737 4869 957 4935 propter
987 4860 1316 4935 offensiones
1345 4861 1661 4915 hominibus
1692 4858 2117 4935 praebitas,’cor-
2225 4858 2546 4935 generaliter
2595 4860 2738 4913 omni
2772 4858 3022 4927 Ecclesia:
3050 4903 3066 4925 ,
3102 4866 3194 4935 sed
3240 4858 3401 4935 etiam
3458 4865 3795 4935 singillatim;

542 4945 646 4999 pus
678 4932 862 4986 subire
890 4932 1214 4995 humanum,
1248 4932 1300 4984 in
1332 4946 1507 5000 eoque
1527 4945 1717 4999 plenas
1748 4930 1932 4995 luere,
1960 4938 2015 4983 et
2039 4929 2121 4984 vi-
2226 4929 2416 4988 Subllit
2448 4940 2649 4993 tamen,
2677 4941 2957 5000 praesentes
2986 4948 3100 4986 esse
3142 4934 3196 4986 in
3243 4932 3481 4987 Ecclesia
3543 4929 3794 4988 duntaxat

541 5000 730 5075 cissinl
753 5017 820 5056 ex
851 5000 1074 5075 humani
1104 5003 1321 5071 generis
1348 5001 1716 5075 ordineseligi
1740 5000 2123 5075 anilnas,_qum
2226 5017 2346 5073 qua!
2373 5010 2701 5075 meretur,_et
2733 5001 2933 5075 Clu'isti
2969 5013 3086 5057 est:
3122 5004 3198 5075 in
3237 5019 3413 5075 quam
3445 5007 3643 5075 saepius
3675 5005 3793 5060 alibi

542 5080 666 5141 post
692 5072 791 5145 rite
819 5072 1011 5142 pieque
1026 5088 1310 5145 emensum
1345 5073 1397 5126 in
1435 5073 1595 5127 terris
1622 5075 1746 5145 vitae
1762 5072 2118 5145 currielllum,
2228 5072 2554 5145 sententiain
2612 5072 2874 5145 libentius
2909 5074 3175 5129 concedit.
3235 5072 3365 5129 Vide
3395 5072 3537 5145 qure'
3566 5076 3705 5130 infra
3732 5076 3792 5130 ad

543 5140 597 5195 ill
635 5140 952 5214 angelorum
980 5144 1225 5199 ordinem
1260 5153 1634 5199 assumantur.
1670 5143 1865 5214 Noster
1920 5140 2118 5214 lliero-
2186 5182 2195 5192 .
2227 5143 2418 5198 homil.
2445 5144 2524 5214 353
2559 5143 2907 5199 adnotamus.

543 5210 760 5284 nymus,
815 5224 874 5268 ut
910 5214 1047 5284 alios
1091 5230 1236 5269 nunc
1287 5215 1695 5284 praetermittam
1726 5254 1743 5280 ,
1794 5212 1848 5265 ill
1905 5210 2116 5284 praefat.
2239 5282 2261 5284 ᾖ
2298 5214 2409 5284 (6-8)
2444 5212 2639 5268 Recole
2672 5215 2919 5284 proxime
2949 5213 3336 5283 praecedentem
3374 5216 3788 5273 adnotationem.

545 5280 837 5360 Comment.
874 5280 1315 5360 insulanum
1343 5326 1357 5350 ,
1411 5294 1575 5355 atque
1602 5285 1731 5341 alibi
1776 5280 1919 5352 saepe
1952 5283 2121 5339 hocce
2224 5280 2315 5360 Cl.
2344 5280 2573 5360 liuetius
2627 5280 2801 5360 hocce
2839 5280 3091 5354 Origenis
3145 5284 3484 5355 paradoxum
3541 5288 3790 5360 singulali

544 5352 811 5425 abnorme
837 5356 1095 5424 placitum
1136 5355 1440 5425 impugnat.
1485 5352 1503 5355 ⁷
2225 5354 2621 5425 disceptatione
2649 5354 2905 5425 exagitat.

617 5423 729 5493 (67)
768 5423 887 5499 llic,
922 5423 1458 5499 quemadmodumet
1484 5425 1702 5480 laudato
1759 5426 2119 5498 Apocalypsis
2296 5425 2408 5495 (69)
2442 5423 2698 5499 Notatuul
2745 5423 3115 5499 Genebrardo,
3174 5427 3460 5499 doctisque
3483 5430 3607 5486 aliis
3645 5429 3786 5492 viris,

546 5490 1012 5564 loco,angelorlim
1036 5497 1291 5558 nomine,
1320 5495 1625 5565 episcopos,
1662 5504 1718 5551 et
1742 5490 2117 5552 sacramento-
2224 5490 2600 5566 purgatorium
2636 5496 2812 5565 ignem
2840 5507 2964 5566 post
2989 5490 3111 5552 vitai
3144 5499 3349 5552 exitum
3372 5490 3527 5555 'satis
3554 5490 3788 5554 luculené

549 5577 668 5639 rum
694 5566 975 5639 ministros
1008 5566 1304 5636 designari,
1333 5567 1967 5639 verissimeinterpretes
1997 5569 2117 5636 ple-
2228 5579 2307 5620 ter
2336 5567 2440 5639 hoc
2478 5566 2791 5621 testimonio
2850 5568 3240 5622 Adamantium
3288 5572 3555 5639 proﬁteri.
3588 5572 3788 5625 Addere

550 5635 703 5703 rique
732 5650 921 5710 omnes
947 5635 1161 5701 docent,
1195 5639 1482 5710 inepteque
1514 5638 1648 5691 adeo
1662 5635 1923 5710 Origenes
1947 5635 2116 5706 argu-
2225 5637 2434 5710 possim
2459 5651 2569 5710 ego
2594 5648 2847 5691 sexcenta
2881 5639 2987 5692 alia
3027 5640 3179 5702 loca,
3211 5635 3413 5709 quibus
3470 5644 3608 5695 idem
3638 5657 3786 5710 aper—

550 5704 1153 5781 mentatur._Cmte_rum_
1171 5704 1346 5781 neque
1371 5704 1421 5761 id
1443 5717 1651 5781 eertum
1671 5704 1942 5781 habuisse
1970 5704 2121 5781 vAide-
2227 5704 2738 5781 tissimedeclarat:
2777 5724 2951 5778 neque
2992 5711 3137 5764 enim
3180 5704 3420 5781 unquam
3467 5714 3517 5766 id
3586 5704 3780 5766 crimini

550 5774 987 5852 tur,_sin_gulisne
1010 5774 1346 5852 hominibus,
1379 5795 1447 5833 au
1481 5778 1683 5852 Christi
1721 5779 1880 5852 tidem
1935 5775 2117 5833 solum
2226 5778 2413 5852 datum
2443 5774 2879 5852 Origeni,_quud'
2926 5774 3297 5852 purgatoriun'i
3359 5792 3583 5852 negat-vt
3636 5796 3783 5845 esse;

551 5846 828 5921 professis.
856 5855 913 5906 et
945 5846 1148 5905 sanctis
1171 5856 1358 5906 custos
1382 5849 1606 5922 angelus
1632 5850 1971 5921 assignetur;
1994 5864 2122 5905 cum
2228 5848 2326 5905 sed
2356 5849 2664 5904 eeontrario
2689 5850 2792 5904 hoc
2826 5846 3198 5921 ipsuquuod
3238 5867 3342 5907 suo
3400 5846 3564 5909 uiola
3595 5853 3785 5907 consti-
