4002 6596
269 468 288 521 l
300 469 405 525 865

1470 468 1538 525 1N
1571 468 1813 526 LUCAM
1850 466 2135 523 IIOMILIA
2165 468 2331 524 XXV.

3392 476 3531 534 i868

264 588 369 642 hoc
402 602 525 641 eum
549 602 709 642 amne
757 588 1012 658 haptizet,
1042 596 1098 642 et
1126 588 1192 642 ad
1242 587 1426 658 cupita
1459 588 1797 641 transmittat
1825 605 1838 640 :
1870 592 1915 648 Α
1947 586 2106 642 behat
2138 589 2443 650 sacculum,
2482 602 2587 641 non
2624 587 2907 657 famulum,
2946 609 3052 647 non
3086 592 3275 648 saltem
3312 594 3415 649 vile
3441 604 3533 651 tu-

263 691 390 732 eum
426 693 576 745 vero,
604 679 696 748 qui
736 693 843 732 non
882 677 1047 733 habet
1090 676 1307 745 signum
1356 675 1600 745 priorum
1637 665 1847 743 raptis?

263 776 499 830 matum,
528 769 745 823 lavacro
781 768 938 839 igneo
988 782 1097 823 non
1125 767 1290 839 962
1328 766 1588 837 baptizet.
1622 764 1851 835 Oportet

259 862 411 919 enim
459 862 613 932 prius
642 862 878 932 aliquem
922 861 1186 932 baptizari
1235 875 1377 930 aqua
1409 871 1464 914 et
1504 858 1699 929 spiritu
1726 900 1742 925 ,
1792 867 1851 913 ut

257 969 390 1011 cum
441 954 509 1009 ad
571 952 788 1024 igneum
833 951 1061 1009 ﬂuvium
1096 952 1346 1017 venerit,
1382 950 1637 1007 ostendat
1690 964 1751 1008 se
1797 959 1854 1006 et

257 1061 420 1117 aquae
444 1054 500 1102 et
530 1045 755 1115 spiritus
782 1045 997 1100 lavacra
1024 1059 1295 1108 servasse,
1320 1051 1378 1100 et
1402 1051 1534 1100 tunc
1574 1051 1851 1099 mereatur

259 1140 428 1196 etiam
461 1139 604 1211 ignis
654 1138 905 1207 accipere
952 1137 1285 1208 baptismum
1317 1136 1372 1191 in
1403 1135 1626 1191 Christo
1671 1134 1800 1191 Jesu
1832 1155 1846 1190 :

256 1232 352 1290 cui
403 1239 490 1287 est
532 1230 702 1302 gloria
748 1239 804 1286 et
845 1230 1137 1301 imperium
1173 1231 1227 1285 in
1262 1230 1463 1287 saecula
1497 1230 1848 1286 saeculorum.

261 1326 460 1381 Amen.

813 1415 1104 1472 HOMlLlA
1133 1414 1302 1471 XXV.

262 1509 341 1566 De
369 1508 673 1582 Suspicione
710 1525 869 1579 quam
914 1508 1136 1582 habebat
1164 1508 1387 1582 populus
1410 1508 1473 1562 de
1507 1507 1738 1576 Joanne,
1774 1525 1838 1563 ne

540 1582 677 1651 forte
699 1581 811 1651 ipse
842 1590 977 1635 esset
1009 1580 1274 1634 Christus.
1303 1578 1437 1650 Cap.
1468 1595 1549 1635 in.

333 1695 508 1752 Habet
539 1695 843 1767 periculum
867 1704 921 1750 et
942 1695 1183 1761 dilectio,
1229 1694 1277 1750 si
1329 1694 1551 1749 modum
1582 1703 1851 1753 transeat.

264 1786 434 1845 Debet
457 1788 605 1844 enim
634 1789 729 1860 qui
756 1788 991 1858 aliquem
1027 1786 1235 1858 diligit,
1266 1795 1493 1843 naturas
1546 1797 1600 1843 et
1649 1803 1850 1845 causas

267 1884 625 1939 considerare
658 1883 862 1948 dilecti,
895 1890 948 1937 et
978 1897 1084 1937 non
1113 1896 1237 1936 eum
1270 1882 1393 1952 plus
1426 1881 1652 1952 diligere
1683 1897 1848 1952 quam

1955 678 2195 749 gurium.
2226 678 2546 734 Morahatur
2580 679 2633 733 in
2660 681 2882 737 deserto
2915 698 3022 739 non
3061 686 3237 740 solum
3270 702 3443 758 usque
3463 688 3535 747 ad

1954 773 2100 827 diem
2135 772 2469 828 ostensionis
2497 788 2611 827 suae
2640 774 2706 827 ad
2742 773 2931 840 Israel,
2959 794 3142 833 verum
3177 795 3243 833 eo
3271 791 3537 852 tempore,

1956 879 2066 934 quo
2097 865 2472 934 paenitentiam
2505 866 2705 936 populo
2735 868 3080 936 praedicabat,
3106 882 3223 926 erat
3256 874 3310 927 in
3344 875 3537 930 solitu-

1956 950 2084 1014 dine
2112 957 2331 1028 Judazae,
2356 970 2410 1016 et
2434 975 2576 1030 aqua
2612 960 2848 1031 simplici
2879 961 3234 1033 irrigabatur,
3276 975 3339 1021 ut
3385 977 3441 1022 et
3481 968 3538 1023 in

1957 1059 2085 1121 potu
2120 1061 2263 1107 esset
2283 1051 2535 1107 diversus
2558 1068 2587 1106 a
2615 1053 2848 1108 caeteris.
2876 1052 2985 1109 Nos
3014 1057 3109 1126 qui
3151 1068 3433 1112 versamur
3482 1057 3540 1114 in

1956 1143 2211 1206 urbibus,
2244 1143 2336 1215 qui
2364 1144 2416 1198 in
2453 1144 2635 1199 medio
2662 1146 2986 1215 populorum
3017 1162 3232 1212 sumus,
3263 1157 3317 1203 et
3363 1158 3545 1207 vestes

1957 1235 2259 1305 quaerimus
2290 1236 2573 1303 lautiores,
2604 1245 2659 1290 et
2681 1235 2854 1301 cibos,
2896 1248 2947 1293 et
2991 1239 3194 1294 habilia
3225 1238 3338 1311 (70)
3378 1259 3390 1295 :
3450 1241 3543 1297 ille

1957 1342 2088 1382 vero
2139 1328 2234 1399 qui
2268 1329 2323 1382 in
2372 1343 2560 1384 eremo
2586 1330 2906 1385 morabatur
2928 1372 2943 1398 ,
2996 1330 3173 1387 videte
3195 1333 3345 1403 quali
3372 1333 3544 1391 vesti-

1961 1429 2145 1474 mento
2173 1421 2397 1477 indutus
2435 1422 2616 1477 fuerit.
2648 1422 2724 1480 De
2766 1424 2891 1493 pilis
2925 1425 3261 1481 camelorum
3296 1428 3399 1483 sibi
3457 1436 3544 1483 tu-

1959 1512 2139 1569 nicam
2172 1513 2405 1581 fecerat,
2439 1523 2494 1570 et
2524 1530 2656 1569 zona
2683 1516 2903 1587 pellicea
2956 1518 3294 1590 cingebatur.
3348 1518 3545 1575 Omnia

1958 1619 2092 1676 ergo
2127 1606 2181 1660 in
2228 1607 2320 1662 illo
2367 1616 2657 1673 noverant,
2692 1617 2747 1663 et
2777 1617 3000 1679 propter
3037 1611 3544 1668 dissimilitudinem

1960 1699 2086 1753 vitm
2109 1701 2348 1756 universi
2383 1701 2474 1771 qui
2505 1701 2784 1764 videbant,
2814 1703 3230 1759 admirabantur
3256 1720 3383 1761 eum
3415 1748 3431 1773 ,
3491 1719 3548 1766 et

1961 1793 2223 1849 mirantes
2263 1795 2669 1851 studiosissime
2694 1795 2967 1861 colebant,
2992 1813 3157 1869 super
3181 1800 3367 1855 omnia
3396 1802 3544 1872 quod

1960 1887 2290 1954 ptenitentcs
2323 1888 2375 1942 in
2411 1888 2790 1943 remissionem
2836 1899 3182 1959 peccatorum
3214 1892 3542 1962 baptizabat.

263 1986 529 2032 meretur.
560 1974 695 2030 Nam
716 1976 776 2055 psi
801 1989 1115 2029 mensuram
1143 1974 1459 2039 charitatis,
1512 1975 1849 2045 modumque
1890 1971 1931 2024 Β
1961 1976 2110 2043 Quas
2135 1978 2205 2031 ob
2238 1994 2438 2033 causas
2465 1979 2762 2051 diligebant
2798 1982 3015 2052 quidem
3045 1999 3170 2039 eum
3196 1985 3501 2056 justissime
3525 2028 3543 2055 ,

262 2069 678 2135 transcenderit,
702 2054 757 2124 et
777 2067 869 2139 qui
897 2067 1090 2138 diligit,
1121 2074 1176 2121 et
1201 2067 1294 2137 qui
1326 2066 1608 2137 diligitur,
1635 2067 1690 2121 in
1724 2082 1853 2138 pec-

256 2172 385 2219 cato
412 2170 594 2217 erunt.
619 2159 775 2228 Quod
805 2168 868 2215 ut
885 2158 1233 2215 manifestius
1254 2158 1345 2214 [lat
1369 2174 1639 2229 ponamus
1667 2174 1853 2215 exem-

260 2254 435 2323 plum.
463 2251 729 2307 Joannem
750 2249 987 2321 populus
1005 2249 1329 2316 mirabatur,
1343 2258 1398 2303 et
1414 2249 1673 2320 diligebat
1691 2265 1847 2305 eum:

256 2354 317 2402 et
341 2359 527 2401 revera
547 2353 664 2400 erat
689 2344 889 2416 dignus
926 2341 1214 2406 miraculo,
1246 2350 1305 2395 ut
1329 2341 1453 2411 plus
1483 2341 1531 2395 ei
1559 2356 1724 2411 quam
1748 2355 1856 2396 cre-

262 2440 396 2495 teris
428 2437 743 2493 hominibus
778 2435 1106 2501 deferretur,
1135 2433 1265 2504 quia
1290 2433 1449 2488 aliter
1480 2449 1645 2505 quam
1671 2433 1853 2490 cuncti

262 2532 523 2587 mortales
546 2531 773 2585 vixerat.
804 2526 926 2583 Non
954 2542 1146 2583 omnes
1180 2541 1376 2582 sumus
1419 2527 1654 2596 simplici
1712 2542 1852 2583 cou-

258 2624 396 2682 tenti
430 2624 577 2691 cibo,
607 2623 701 2678 sed
724 2622 986 2677 varietate
1013 2619 1354 2675 delectamur
1368 2633 1658 2674 escarum:
1683 2635 1854 2675 unum

259 2718 424 2773 nobis
455 2708 535 2771 ad
554 2714 852 2786 potandum
885 2714 1074 2767 vinum
1103 2710 1322 2774 sutiicit,
1355 2710 1492 2765 varii
1518 2719 1712 2782 gustus
1731 2712 1857 2767 vina

263 2826 602 2866 mereamur.
634 2807 874 2862 Joannes
901 2821 1032 2862 vero
1059 2820 1274 2875 semper
1320 2804 1549 2861 locustis
1576 2844 1591 2869 ,
1644 2820 1860 2876 semper

258 2903 590 2961 vescebatur
629 2899 790 2955 melle
819 2898 1094 2964 silvestri,
1141 2906 1195 2953 et
1225 2906 1518 2952 contentus
1567 2906 1688 2951 erat
1723 2897 1856 2951 sim-

260 2997 394 3070 plici
428 3004 484 3053 et
510 2995 661 3051 tenui
686 2993 833 3058 cibo;
856 3007 926 3048 ne
952 3005 1156 3062 corpus
1171 2991 1320 3047 illius
1345 2990 1712 3047 crassioribus
1741 2991 1860 3061 pul-

263 3089 468 3145 mentis
501 3089 883 3159 pingueseeret
908 3126 922 3152 ,
959 3094 1014 3140 et
1045 3084 1335 3155 exquisitis
1371 3083 1608 3153 dapibus
1661 3099 1860 3156 grava-

266 3191 459 3248 retur;
521 3178 839 3251 hujusmodi
902 3175 1102 3247 quippe
1146 3184 1342 3231 natura
1392 3189 1623 3245 corpora
1674 3186 1863 3234 nostra

266 3277 422 3335 sunt,
455 3277 515 3325 ut
536 3270 679 3325 escis
713 3266 1005 3338 superﬂuis
1037 3276 1440 3338 aggraventur:
1475 3274 1539 3322 et.
1577 3281 1702 3323 cum
1731 3283 1855 3325 cor-

266 3380 373 3436 pus
402 3362 567 3418 fuerit
590 3370 965 3434 aggravatum,
990 3361 1171 3415 anima
1196 3375 1415 3430 quoque
1430 3368 1710 3427 oneretur,
1735 3377 1859 3432 quae

267 3474 374 3528 per
408 3467 582 3513 totum
618 3456 816 3512 dill‘usa
863 3470 1065 3527 corpus
1116 3454 1465 3525 passionibus
1498 3453 1645 3510 illius
1673 3454 1857 3527 subia-

268 3559 377 3608 cet.
404 3550 769 3617 Quamobrem
802 3558 949 3604 rectc
976 3547 1291 3619 praecipitur
1322 3547 1403 3602 eis
1426 3546 1519 3616 qui
1562 3547 1856 3604 observare

268 3653 502 3715 possunt
528 3662 542 3697 :
579 3642 786 3697 Bonum
815 3651 892 3696 est
915 3652 1017 3695 non
1045 3639 1367 3694 manducare
1398 3655 1641 3707 carnem,
1696 3655 1858 3710 neque

260 3736 444 3791 bibere
466 3737 663 3805 uinum,
687 3751 850 3806 neque
868 3736 923 3788 in
944 3750 1045 3805 quo
1067 3733 1237 3803 frater
1256 3741 1379 3785 tuus
1402 3731 1849 3786 scandalizetur’.

271 3826 405 3882 Erat
439 3828 603 3899 igitur
628 3826 870 3882 Joannes
925 3826 1051 3880 vitae
1083 3822 1353 3879 mirabilis
1411 3831 1467 3877 et
1514 3824 1747 3879 multum
1785 3824 1856 3878 ab

256 3920 506 3985 ,aliorum
538 3920 821 3974 hominum
857 3916 1272 3974 conversatione
1306 3916 1577 3972 diversus.
1615 3913 1733 3971 Non
1753 3916 1852 3971 ha—

342 4038 363 4067 ²
392 4033 553 4088 Rom.
590 4050 703 4099 xw,
728 4033 819 4089 21.
862 4033 884 4065 ⁸
911 4032 954 4088 ll
985 4033 1111 4089 Cor.
1140 4050 1246 4103 xtl,
1274 4033 1330 4101 6,
1367 4034 1418 4089 7.
1497 4034 1520 4066 ’⁵
1545 4032 1837 4105 δοεηκιιν,
1870 4031 1936 4087 16

269 4153 438 4209 tuerit
463 4173 476 4207 :
501 4151 577 4206 ita
608 4166 824 4220 nempe,
858 4162 915 4206 ut
959 4167 1066 4206 non
1098 4151 1264 4206 alium
1313 4151 1490 4221 ignem
1518 4190 1534 4211 ,
1596 4166 1703 4205 non
1739 4151 1847 4205 alia

268 4224 538 4294 supplicia
560 4232 836 4294 maneant
865 4222 1341 4294 quaevisadmissa
1369 4222 1573 4276 scelera
1610 4263 1623 4286 ,
1652 4238 1848 4294 quam

268 4292 573 4367 purgatorii
610 4312 624 4348 :
664 4308 842 4367 neque
865 4294 999 4348 adeo
1022 4292 1145 4348 aliis
1177 4292 1712 4367 quam‘temporariis
1741 4302 1853 4367 tor-

269 4361 473 4421 mentis
502 4366 704 4435 putarit
757 4361 970 4435 animas
1016 4361 1289 4435 torqueri.
1337 4361 1494 4435 Quod
1535 4378 1664 4435 vero
1696 4363 1850 4417 nefa-

269 4439 411 4491 riam
439 4432 559 4491 eain
589 4436 891 4490 doctrinam
918 4433 1009 4489 hic
1037 4432 1255 4504 quoque
1278 4433 1380 4489 loci
1403 4432 1675 4504 propinet,
1699 4434 1855 4505 equi-

267 4508 394 4563 dent
426 4508 693 4561 allirmare
721 4521 829 4561 nou
858 4504 1057 4568 ausim,
1084 4520 1206 4559 nam
1240 4505 1342 4559 etsi
1373 4504 1853 4574 quemcunque,di-

267 4587 380 4643 eat,
421 4587 538 4648 post
568 4579 768 4631 exitum
795 4578 915 4648 vita:
940 4575 1097 4645 hujus
1129 4575 1226 4648 hoc
1257 4591 1411 4648 amne
1427 4574 1807 4648 baptizandum
1832 4590 1851 4627 :

1959 2071 2051 2126 sed
2078 2087 2185 2125 non
2220 2072 2515 2127 servabant
2537 2073 2589 2145 in
2614 2074 2882 2129 charitate
2914 2076 3135 2131 modum
3166 2096 3179 2131 :
3235 2079 3550 2149 cogitabant

1956 2166 2102 2221 enim
2140 2181 2208 2220 ne
2239 2164 2377 2220 forte
2410 2166 2524 2236 ipse
2557 2174 2701 2223 esset
2739 2166 3009 2224 Christus.
3057 2168 3231 2235 Quam
3266 2172 3548 2227 inordina-

1958 2266 2070 2309 tam
2100 2263 2153 2310 et
2187 2256 2620 2312 irrationabilcm
2673 2258 2997 2314 charitatem
3032 2276 3241 2317 cavens
3269 2264 3551 2333 apostolus

1959 2342 2167 2400 Paulus
2198 2347 2264 2400 de
2286 2347 2586 2417 semetipso
2616 2347 2943 2418 loquebatur
2969 2348 2990 2380 ⁸
3018 2367 3029 2402 :
3073 2348 3255 2405 Timeo
3281 2363 3458 2406 autem
3487 2369 3552 2408 ne

1957 2439 2079 2508 quis
2108 2438 2173 2492 de
2205 2455 2286 2492 me
2304 2440 2500 2508 cogitet
2536 2456 2693 2510 super
2716 2442 2771 2495 id
2797 2441 2935 2513 quod
2966 2442 3181 2495 videtin
3214 2459 3317 2508 me,
3337 2455 3429 2499 aut
3453 2463 3554 2501 au-

1962 2530 2042 2584 dit
2068 2545 2133 2585 ex
2158 2547 2257 2594 me,
2283 2542 2332 2586 et
2362 2546 2425 2585 ne
2456 2534 2768 2603 magnitudo
2794 2533 3176 2589 revelationum
3200 2536 3422 2591 extollat
3446 2555 3547 2598 tne.

1961 2633 2069 2678 etc.
2102 2622 2261 2691 Quod
2294 2633 2543 2679 metuens
2570 2641 2638 2681 ne
2664 2626 2830 2680 etiam
2859 2627 2974 2696 ipse
3005 2627 3281 2690 incurrat,
3328 2630 3552 2684 nolebat

1963 2716 2150 2771 omnia
2198 2715 2267 2771 de
2312 2730 2373 2771 se
2418 2716 2667 2786 judicare
2710 2733 2833 2787 qua:
2863 2727 3045 2783 norat,
3074 2734 3141 2773 ne
3170 2718 3294 2789 quis
3333 2736 3400 2775 eo
3429 2720 3552 2790 plus

1964 2807 2261 2860 arbitretur
2289 2822 2412 2862 esse
2444 2823 2610 2876 quam
2642 2817 2913 2876 cerneret,
2937 2819 2990 2863 et
3024 2825 3341 2864 mensuram
3377 2810 3552 2865 hono-

1963 2899 2042 2954 ris
2074 2898 2365 2964 excedens,
2390 2899 2596 2954 diecret
2622 2900 2768 2965 quod
2792 2899 2997 2955 dictum
3026 2900 3202 2955 fuerat
3231 2902 3297 2957 de
3319 2901 3549 2967 Joanne,

1968 2993 2097 3063 quia
2129 2993 2246 3062 ipse
2300 3002 2447 3047 esset
2505 2991 2784 3047 Christus.
2842 2992 2999 3059 Quod
3044 2995 3263 3065 quidem
3301 2996 3553 3052 nonnulli

1962 3088 2131 3142 etiam
2159 3086 2227 3141 de
2270 3084 2529 3141 Dositheo
2566 3085 2678 3155 (Ἠ)
2737 3085 3133 3142 Samaritarum
3184 3088 3550 3156 literesiarcba

1968 3177 2250 3243 dixerunt,
2285 3176 2375 3231 alii
2398 3191 2530 3233 vero
2581 3175 2650 3233 de
2702 3174 2842 3232 Juda
2900 3176 3150 3235 Galilaeo.
3202 3177 3442 3250 Denique
3494 3182 3550 3235 in

1968 3278 2174 3325 tantam
2241 3269 2465 3341 quidam
2538 3269 2853 3326 dilectionis
2929 3272 3215 3327 audaciam
3280 3288 3551 3344 prorupe—

1964 3369 2133 3425 runt,
2183 3367 2243 3415 ut
2271 3376 2409 3415 nova
2443 3361 2692 3433 quaedam
2748 3369 2802 3417 et
2856 3362 3099 3417 inaudita
3151 3378 3317 3433 super
3375 3362 3547 3419 Paulo

1964 3460 2210 3507 monstra
2259 3454 2651 3523 contingerent.
2694 3453 2797 3508 Alii
2844 3453 2987 3507 enim
3039 3454 3194 3510 aiunt
3245 3456 3348 3511 hoc
3406 3458 3552 3527 quod

1965 3546 2231 3614 scriptum
2277 3554 2395 3609 est,
2446 3545 2636 3600 sedere
2682 3562 2709 3598 a
2744 3544 2953 3600 dextris
3000 3544 3303 3603 Salvatoris
3331 3553 3386 3602 et
3414 3547 3553 3604 sini-

1965 3639 2117 3703 stris,
2149 3639 2216 3693 de
2258 3637 2428 3693 Paulo
2466 3647 2521 3694 et
2568 3638 2635 3694 de
2682 3637 2955 3693 Marcione
2993 3638 3129 3703 dici,
3162 3641 3307 3708 quod
3348 3639 3551 3696 Paulus

1966 3732 2117 3786 sedet
2164 3747 2194 3785 a
2243 3730 2473 3797 dextris,
2518 3729 2723 3785 Marcio
2773 3728 2960 3784 sedeat
2996 3746 3026 3783 a
3072 3731 3331 3786 sinistris.
3377 3731 3553 3787 Porro

1963 3825 2051 3879 alii
2098 3824 2337 3895 legentes
2376 3821 2399 3854 ’⁵
2436 3840 2449 3875 :
2487 3822 2705 3876 Mittam
2752 3822 2896 3876 vobis
2944 3823 3261 3877 advocatum
3289 3822 3548 3895 Spiritui

1961 3918 2231 3985 ueritatis,
2277 3916 2475 3972 nolunt
2517 3915 2820 3987 intelligere
2866 3914 3081 3969 tertiam
3116 3916 3228 3987 (79.)
3263 3931 3546 3986 personam

1955 4146 2236 4201 Dositheus
2265 4145 2484 4215 quidam
2509 4142 2784 4215 Samarites
2811 4142 2924 4197 suis
2978 4140 3299 4215 persuadere
3340 4157 3396 4215 se
3435 4158 3547 4198 esse

1960 4219 2233 4274 Christum
2260 4211 2439 4270 illum.
2471 4230 2622 4285 quem
2655 4211 2860 4285 Moyses
2894 4212 3548 4285 prwdigerattyisusqne

1957 4299 2036 4343 est
2069 4284 2349 4340 nonnullos
2377 4279 2604 4339 sibi'sua
2629 4279 3210 4336 doct’rina'conciliare.
3262 4279 3424 4339 Varia
3460 4279 3547 4338 ‘de

1959 4359 2218 4413 Dositheo
2250 4357 2339 4409 alii
2396 4357 2640 4421 tradunt,
2687 4369 2848 4422 quem
2880 4368 2980 4407 nec
3023 4353 3125 4421 ipsi
3158 4349 3371 4406 Judaiei
3408 4353 3548 4408 scri-

1997 4440 2146 4486 tores
2201 4427 2335 4483 satis
2368 4434 2591 4481 norunt.
2650 4424 2767 4486 Ipse
2805 4425 2969 4479 etiam
3028 4424 3286 4478 aberrare
3332 4423 3546 4479 videtur

2010 4444 2146 4486 Lores
2201 4440 2335 4483 satis
2368 4440 2591 4481 norunt.
2650 4440 2664 4476 ι
2709 4441 2767 4479 se
2805 4440 2969 4479 etiam
3028 4440 3286 4478 aberrare
3332 4440 3543 4479 vruetur

2010 4502 2326 4565 ieronymus
2373 4513 2498 4553 cum
2551 4440 2777 4565 Diaggo
2829 4490 3543 4565 adversusiLuciferianos,

1959 4587 2015 4625 n.
2047 4571 2140 4636 23,
2168 4563 2487 4622 Dositheum
2527 4563 3007 4636 Samaritanorum
3036 4564 3334 4636 principem
3372 4563 3541 4628 facit,

272 4634 451 4728 neque
476 4648 612 4728 adeo
644 4664 811 4728 unum
852 4634 1465 4728 aliquemexeipiatlut
1492 4634 1655 4728 paulo
1690 4659 1851 4726 supe-
1884 4662 1930 4720 υ
1957 4634 2371 4728 qui‘prophe‘tas
2400 4636 2721 4728 repudiarit,
2749 4646 2895 4728 et‘ex
2923 4635 3083 4728 clujus
3124 4634 3307 4728 radiace
3336 4642 3540 4728 .o‘rtum

272 4715 391 4775 rius
424 4720 492 4774 ad
519 4719 713 4773 homil.
747 4718 834 4781 M,
868 4715 958 4771 ubi
989 4718 1055 4772 de
1085 4718 1188 4773 hoc
1217 4716 1339 4785 ipso
1365 4716 1523 4785 igneo
1578 4715 1851 4784 baptismo

271 4791 536 4860 disputat,
564 4788 1074 4857 animadvertimus)
1097 4829 1113 4853 ,
1141 4796 1196 4843 et
1223 4802 1291 4841 ne
1318 4785 1696 4860 sanctissimos
1722 4787 1850 4855 qui-

270 4855 396 4916 dem
424 4862 592 4922 viros,
617 4861 710 4931 qui
740 4869 834 4914 aut
855 4860 1022 4921 nulla,
1047 4855 1141 4931 aut
1167 4867 1314 4931 certe
1330 4855 1667 4931 temporaria
1689 4872 1850 4931 poena

270 4931 577 4987 lustrantur
612 4928 652 4985 ς’
687 4941 924 4985 attamen
970 4930 1115 4997 quod
1167 4928 1256 4982 hic
1312 4929 1471 4997 quasi
1527 4928 1848 4982 sententiam

269 5011 598 5082 temperans,
630 5002 832 5082 subdit,
868 5011 917 5054 et
948 5001 1261 5082 purgatione
1289 5000 1536 5082 indiget“,
1581 4998 1853 5078 suspieio-

272 5069 400 5128 neni
432 5073 573 5127 tollit
604 5073 831 5136 erroris,
864 5086 1033 5140 seque
1056 5069 1240 5125 innuit
1271 5070 1337 5140 d_e
1366 5069 1431 5123 iis
1466 5069 1680 5132 dicere,
1730 5069 1852 5137 qui-

273 5145 375 5200 bus
405 5144 632 5198 leviores
664 5144 906 5198 eluenda:
932 5138 1040 5196 sint
1064 5142 1255 5209 culpae.
1290 5138 1355 5193 Et
1388 5152 1517 5193 vero
1564 5140 1748 5193 nescio
1781 5153 1851 5192 an

270 5215 415 5271 alius
448 5215 502 5268 in
536 5212 878 5337 Origcnianis
901 5208 1291 5281 scriptionilius
1315 5211 1468 5264 locus
1510 5216 1705 5271 exstet,
1758 5208 1851 5278 qui

271 5296 381 5337 tam
412 5300 630 5337 commo
670 5301 702 5337 a
725 5284 1177 5337 interoretationc
1206 5280 1396 5335 donari
1423 5279 1613 5337 possit.

271 5296 381 5343 tam
412 5279 702 5339 commoda
725 5279 1177 5352 interpretatione
1206 5280 1396 5335 donari
1423 5279 1613 5352 possit.

343 5354 458 5425 (70)
492 5354 748 5425 fortasse
781 5350 1066 5424 legendum
1094 5354 1362 5425 videatur,
1396 5350 1602 5425 altilia.

343 5360 437 5425 (70
493 5360 748 5410 Fortasse
781 5360 1066 5424 legendum
1094 5360 1362 5415 videatur,
1402 5360 1602 5403 altilia.

343 5360 458 5498 (τις
484 5424 603 5480 Huc
629 5425 943 5498 referendus
967 5425 1193 5498 omnino
1210 5422 1442 5492 insignis
1462 5420 1706 5498 ejusdem
1731 5410 1855 5498 _0‘ri-

265 5489 419 5569 genis
441 5489 616 5552 'loeus
638 5496 779 5551 libro
804 5511 830 5569 _l
879 5504 1063 5548 contra
1089 5489 1503 5569 Celsumfnum.
1531 5490 1621 5555 57,
1651 5491 1744 5569 qui
1773 5489 1854 5544 sic

269 5562 321 5623 in
348 5566 549 5623 Latino
575 5575 769 5621 sonat:
790 5566 986 5620 Census
1018 5576 1266 5633 tempore,
1291 5562 1503 5632 quando
1526 5568 1728 5633 constat
1758 5576 1856 5633 na-

265 5649 379 5693 tum
400 5655 518 5695 esse
539 5636 743 5702 Iesum,
770 5636 943 5691 ludus
970 5629 1186 5706 quidam
1215 5629 1467 5688 Galilazus
1483 5650 1516 5687 α
1539 5630 1731 5706 populo
1750 5629 1854 5706 Ju-

263 5710 421 5764 daico
460 5710 730 5780 deﬁciens,
765 5706 959 5760 multos
982 5702 1166 5780 secum
1207 5707 1545 5780 traxit,_tum
1568 5702 1851 5780 sapientia,

304 5797 429 5836 nam
458 5772 764 5845 simulabat,
801 5786 912 5831 tum
945 5777 1111 5842 novis,
1140 5792 1272 5846 quas
1300 5774 1639 5846 moliebatur,
1677 5772 1850 5846 rebus.

304 5797 429 5836 nam
458 5797 764 5845 “mutabat,
801 5797 912 5831 tum
945 5797 1111 5842 navis,
1140 5797 1272 5846 quas
1300 5797 1639 5839 mouebatur,
1677 5797 1850 5826 rebus.

266 5797 375 5907 gert
406 5860 689 5921 postquam
732 5852 842 5921 ipse
885 5848 1096 5921 sceleris
1140 5862 1342 5921 paruas
1369 5844 1534 5921 dedit,
1590 5844 1855 5897 exstincta

269 5915 457 5975 statim
495 5933 570 5975 est
605 5922 718 5989 ejus
753 5915 1180 5989 ’doetrinatuec
1214 5917 1343 5989 _nisi
1390 5915 1531 5985 apud
1567 5926 1853 5989 perpaucos

274 5992 474 6047 nullius
507 5984 731 6046 nominis
764 5989 1012 6043 obtinuit.
1047 5987 1173 6041 Post
1198 5986 1327 6042 Jesu
1353 5984 1587 6059 tempora
1618 5984 1780 6041 voluit
1804 5989 1855 6036 et

612 6087 884 6148 ΡΑτιιοι..
918 6084 1037 6145 Gs.
1078 6083 1249 6145 XIII.

2002 4703 2245 4767 addueiei
2279 4703 2584 4773 traxerint;
2621 4723 2744 4761 nam
2767 4716 2820 4761 et
2853 4703 3023 4761 multo
3051 4714 3209 4761 antea
3230 4703 3544 4776 Scripturas

1960 4781 2246 4837 Samaritae
2281 4780 2722 4850 repudiaverunt,
2759 4786 2809 4850 et
2838 4775 3387 4850 Tsadochoprincipc
3407 4776 3541 4850 sad-

1958 4853 2270 4907 ducaeorum
2301 4846 2573 4906 recentior
2601 4848 2893 4911 Dositheus
2925 4847 3047 4901 fuit.
3086 4846 3191 4900 Alii
3228 4846 3411 4915 plures
3437 4846 3534 4901 Do-

1959 4923 2167 4978 sitlieos
2194 4923 2709 4985 comminiscuntur,
2740 4929 2799 4972 ut
2832 4920 3048 4974 diversa
3080 4929 3323 4985 veterum
3358 4917 3424 4971 de
3475 4932 3542 4971 eo

1959 4994 2271 5048 testimonia
2320 4993 2637 5046 concilient.
2690 4984 2899 5056 Quibus
2944 4988 3199 5042 omnibus
3250 4984 3537 5056 Origenem

1959 5065 2209 5134 praefero,
2234 5077 2471 5132 quocum
2499 5061 2601 5134 iaci
2626 5054 2791 5134 "ire:
2819 5058 3162 5134 _Hegesippus
3190 5056 3332 5134 apud
3356 5054 3539 5134 .Euse-

1960 5122 2109 5189 bium
2139 5122 2331 5195 lih.iv,
2355 5147 2474 5200 cap.
2509 5133 2612 5197 22;
2651 5122 3248 5200 ΤΙιρούοτῖὶηεἩφνεῐ.
3287 5122 3399 5200 fab.
3440 5126 3534 5181 lib.

1960 5220 1998 5269 ι,
2032 5220 2153 5274 cap.
2187 5203 2253 5269 i;
2286 5196 2684 5271 Recoynitiones
2721 5198 2983 5253 Clementi
3020 5197 3312 5262 attributw,
3345 5196 3438 5249 lib.
3476 5211 3541 5267 it,

1960 5275 2182 5329 aliiaue.

2032 5291 2239 5469 ἐξὲῑῦ
2270 5343 2352 5397 cui
2400 5356 2637 5412 persona:
2675 5336 2996 5394 vocabulum
3029 5337 3084 5391 in
3117 5334 3317 5391 divinis
3349 5348 3541 5391 recen-

2032 5431 2069 5469 lS
2153 5413 2352 5469 riiteuis
2379 5429 2495 5467 aevo
2525 5412 2793 5469 videatur,
2826 5416 3036 5469 reputet
3064 5421 3131 5461 eo
3168 5420 3327 5459 usum
3364 5404 3421 5460 S.
3452 5406 3538 5460 in-

1960 5404 2069 5470 tius
2102 5404 2352 5483 Origeuis
2379 5404 2495 5467 aevo
2525 5412 2793 5483 videatur,
2826 5416 3036 5476 reputet
3064 5421 3131 5461 eo
3168 5420 3337 5483 usum_
3364 5404 3421 5460 S.
3452 5406 3538 5483 in-

1960 5475 2284 5555 terpretem,
2334 5499 2433 5553 pro
2499 5496 2609 5551 quo
2661 5475 2956 5555 ὑπᾷστᾳάιγ
2998 5485 3191 5531 auctor
3220 5475 3536 5555 _scripser_it.

1960 5546 2227 5610 Cie-terum
2267 5546 2533 5609 et'tomo'
2557 5552 2798 5606 secundo
2829 5551 2885 5604 in
2905 5547 3162 5603 Joannem
3219 5546 3540 5602 luculentis-

1961 5626 2099 5681 sime
2118 5624 2478 5679 Adamantius
2503 5641 2517 5676 :
2550 5622 2740 5692 Ἡμεῖς
2771 5621 3017 5692 μέντοιγε
3041 5620 3189 5692 τρεῖς
3210 5618 3540 5692 discordem;

1962 5695 2270 5767 πειθόμενοι
2296 5688 2723 5767 τυγχᾲγειγέτρν
2754 5688 2972 5767 Derepit
2997 5688 3115 5767 (udi.
3131 5688 3409 5767 eburlbv,‘
3444 5688 3540 5759 qui

2033 5757 2246 5835 rpeIram
2291 5766 2344 5819 in
2370 5757 2539 5835 pellitis
2568 5762 2721 5835 libris
2755 5757 3116 5835 desideratur)
3158 5759 3253 5835 κᾳξι
3294 5758 3357 5812 τὸ
3383 5757 3540 5827 ἅγιόν

1988 5826 2185 5906 Ινέῦῥα
2217 5854 2229 5889 :
2262 5834 2453 5889 Latine
2480 5850 2551 5906 ex
2594 5832 2826 5887 Ferrarii
2866 5826 3149 5906 versione,
3195 5828 3313 5906 Nos
3340 5839 3537 5906 autem,

1960 5909 2051 5978 qui
2078 5898 2180 5961 tres
2204 5902 2730 5978 personas,__Patrem
2769 5914 2817 5958 et
2858 5899 3060 5956 Filium
3092 5910 3248 5972 atque
3274 5898 3537 5969 Spiritum

1962 5976 2206 6033 sanctum
2237 5993 2348 6031 esse
2376 5976 2658 6031 credimus.

3265 6067 3343 6126 59
