4002 6562
542 446 685 502 1867

1980 430 2302 491 ORIGENIS
2324 442 2327 443 ⁷

3648 434 3770 490 1868

541 574 574 614 a
599 558 757 612 Patre
789 565 843 611 et
872 555 1032 621 Filio,
1065 562 1118 609 et
1144 553 1380 609 divinam
1418 554 1820 626 sublimemque
1846 561 2117 616 naturam,
2149 554 2195 610 A
2225 563 2318 601 nos
2346 564 2594 616 separare
2624 565 2657 603 a
2684 549 2943 604 charitate
2968 549 3083 613 Dei,
3108 564 3223 621 qum
3249 556 3323 604 est
3349 550 3406 604 in
3434 547 3637 604 Christo
3658 549 3772 605 Iesu

538 651 637 708 sed
674 649 981 721 apostolum
1004 647 1258 704 Paulum.
1291 645 1482 703 Nonne
1519 648 1617 704 tibi
1650 662 1840 703 omnes
1866 646 2119 701 videntur

539 742 663 813 plus
692 752 908 797 amasse
939 756 1102 811 quam
1134 740 1372 811 expedit,
1398 747 1452 795 et
1489 740 1616 795 dum
1642 740 1897 795 virtutem
1926 738 2119 793 unius-

540 835 808 904 cujusque
850 834 1159 898 mirantur,
1203 833 1511 887 dilectionis
1558 832 1859 902 perdidisse
1900 846 2124 886 mensu-

537 927 694 981 ram?
731 924 887 990 Quod
909 923 1131 994 quidem
1154 923 1207 977 in
1236 921 1476 977 Ecclesia
1504 921 1743 990 patimur
1772 937 1786 974 :
1814 920 1928 990 (75)
1958 918 2122 989 pleri-

541 1034 648 1089 que
679 1017 824 1072 enim
868 1016 996 1070 dum
1038 1014 1161 1084 plus
1199 1012 1433 1083 diligunt
1471 1026 1634 1081 quam
1679 1024 1972 1075 meremur,
2007 1009 2122 1064 haec

538 1113 766 1183 jactant,
789 1117 843 1164 et
871 1109 1191 1177 loquuntur,
1224 1120 1506 1161 sermones
1530 1114 1750 1159 nostros
1789 1102 2123 1157 doctrinam-

541 1221 648 1276 que
680 1203 985 1268 laudantes,
1024 1213 1149 1269 quae
1184 1196 1518 1252 conscientia
1565 1202 1747 1250 nostra
1777 1210 1882 1248 non
1909 1194 2118 1263 recipit.

540 1297 644 1352 Alii
680 1310 806 1351 vero
832 1302 1096 1348 tractatus
1123 1299 1342 1346 nostros
1366 1288 1788 1351 calumniantes,
1825 1302 1888 1342 ea
1920 1287 2124 1341 sentire

542 1404 645 1444 nos
674 1387 1063 1452 criminantur,
1090 1398 1213 1455 qua:
1253 1396 1534 1452 nunquam
1569 1378 1807 1436 sensisse
1840 1393 1940 1434 nos
1967 1378 2125 1434 novi-

544 1499 688 1538 mus.
728 1480 833 1536 Sed
866 1494 1043 1549 neque
1075 1479 1132 1533 hi
1159 1478 1252 1549 qui
1281 1478 1402 1548 plus
1436 1475 1688 1545 diligunt,
1723 1488 1901 1543 neque
1926 1471 2005 1526 illi
2028 1471 2122 1542 qui

542 1574 795 1639 oderunt,
828 1570 1073 1626 veritatis
1102 1569 1343 1639 regulam
1387 1572 1574 1620 tenent
1615 1580 1625 1615 :
1664 1572 1717 1618 et
1748 1562 1836 1617 alii
1866 1578 1959 1632 per
1989 1562 2123 1617 dile-

543 1667 778 1733 ctionem
799 1705 813 1731 ,
846 1663 937 1718 alii
985 1678 1079 1731 per
1126 1661 1310 1716 odium
1341 1658 1697 1714 mentiuntur.
1724 1652 1879 1709 Unde
1909 1660 2124 1724 oportet

542 1754 798 1812 charitati
828 1753 978 1808 l'rena
1008 1752 1305 1822 imponere,
1332 1756 1384 1803 et
1417 1755 1630 1802 tantum
1664 1747 1713 1801 ei
1750 1746 1977 1817 vagandi
2002 1759 2124 1815 per-

542 1849 760 1905 mittere
789 1846 1126 1911 libertatem,
1156 1850 1420 1913 quantum
1457 1841 1511 1894 in
1546 1849 1818 1911 praerupta
1860 1852 1967 1892 non
2000 1852 2122 1891 cor-

540 1953 685 1996 ruat.
728 1939 1001 2008 Scriptum
1044 1945 1129 1992 est
1177 1936 1234 1990 in
1284 1934 1608 1991 Ecclesiaste
1647 1935 1709 1985 ‘z
1746 1930 1828 1985 Ne
1851 1930 2122 1999 sisjustus

540 2031 785 2097 multum,
811 2044 970 2098 neque
992 2026 1251 2096 ampliora
1277 2026 1491 2096 cogites,
1520 2040 1582 2078 ne
1607 2022 1741 2093 forte
1764 2019 2121 2090 obstupescas.

541 2123 699 2189 Quod
743 2120 1050 2190 exemplum
1103 2133 1338 2189 sequens
1387 2130 1609 2188 possum
1646 2113 1823 2170 simile
1871 2112 2003 2183 quid
2040 2111 2125 2166 di-

542 2230 663 2271 cere
695 2231 709 2266 :
740 2211 819 2268 Ne
854 2211 1045 2283 diligas
1090 2210 1369 2266 hominem
1414 2223 1481 2263 ex
1524 2214 1635 2262 tota
1683 2206 1865 2261 anima
1904 2216 2031 2269 tua,
2072 2214 2125 2259 et

542 2323 605 2362 ex
636 2314 747 2361 tota
772 2304 971 2358 virtute
1000 2311 1088 2357 tua
1121 2317 1133 2353 :
1162 2316 1229 2356 ne
1253 2314 1403 2354 ames
1430 2297 1679 2369 angelum
1707 2295 1775 2351 de
1796 2302 1911 2349 toto
1938 2293 2121 2357 corde,

542 2399 609 2453 de
638 2405 751 2451 tota
777 2395 979 2458 anima,
1006 2394 1073 2447 de
1103 2401 1214 2447 tota
1241 2391 1474 2455 virtute;
1507 2388 1599 2443 sed
1628 2395 1952 2456 praeceptum
1971 2384 2122 2455 juxta

472 2526 477 2531 ο
542 2489 818 2553 eloquium
861 2484 1162 2540 Salvatoris
1195 2482 1299 2538 soli
1346 2496 1502 2537 serva
1546 2478 1680 2533 Deo.
1716 2477 1917 2548 Diliges
1959 2477 2123 2542 enim,

540 2584 753 2654 inquit,
784 2581 1069 2635 Dominum
1113 2576 1278 2631 Deum
1326 2585 1473 2629 tuum
1502 2589 1565 2628 ea:
1597 2583 1704 2627 toto
1746 2573 1903 2626 corde
1930 2582 2042 2633 tuo,
2073 2584 2120 2626 et

540 2692 607 2731 ea:
638 2684 749 2728 tota
780 2674 960 2725 anima
996 2680 1107 2737 tua,
1137 2679 1185 2722 et
1216 2683 1280 2721 ea:
1307 2676 1417 2721 tota
1450 2667 1638 2720 uirtute
1671 2674 1765 2718 tua
1802 2664 1844 2717 ⁸.
1876 2661 2123 2733 Respon-

543 2771 669 2824 deat
697 2765 830 2821 mihi
858 2762 1077 2833 aliquis,
1120 2768 1174 2816 et
1200 2759 1383 2815 dicat:
1418 2758 1669 2813 Salvator
1697 2756 1943 2827 praecipit
1974 2773 1987 2809 :
2025 2754 2123 2810 Di-

540 2858 669 2930 liges
700 2857 983 2911 Dominum
1031 2852 1196 2908 Deum
1237 2860 1386 2905 tuum
1426 2866 1491 2906 ea:
1521 2859 1627 2904 toto
1657 2850 1812 2903 corde
1840 2858 1949 2914 tuo,
1981 2857 2030 2901 et
2058 2863 2131 2901 ex.

544 2958 656 3004 tota
687 2949 868 3003 anima
894 2957 1004 3012 tua,
1037 2955 1086 3000 et
1124 2960 1188 2999 ea:
1233 2951 1345 2997 tota
1387 2944 1576 2997 virtute
1603 2953 1716 3009 tua,
1740 2950 1790 2996 et
1824 2942 2122 3011 proximum

544 3054 691 3097 tuum
734 3050 986 3112 tanquam
1033 3042 1276 3110 teipsum.
1314 3035 1453 3092 Volo
1509 3035 1735 3106 diligere
1776 3034 2057 3089 Christum
2103 3049 2115 3086 :

540 3133 676 3189 doce
703 3147 832 3203 ergo
868 3148 954 3186 me
987 3130 1263 3201 quomodo
1294 3143 1418 3184 eum
1446 3128 1688 3198 diligam.
1719 3125 1774 3180 Si
1808 3126 1951 3180 enim
1983 3126 2120 3180 dile-

2225 640 2446 695 Domino
2476 640 2754 697 Saluatore
2784 652 2983 710 nostra,
3012 644 3100 698 cui
3121 652 3204 698 est
3230 643 3399 715 gloria
3424 653 3474 699 et
3509 644 3771 715 imperium

2223 732 2276 785 in
2306 732 2503 789 saecula
2529 733 2869 788 surculorum.
2898 734 3092 789 Amen.

2752 843 3041 899 HOMILIA
3079 844 3268 902 XXVI.

2224 956 2300 1011 De
2338 973 2396 1011 eo
2436 958 2576 1029 quod
2619 959 2872 1028 scriptum
2911 967 2988 1013 est
3022 975 3040 1013 .'
3082 975 3103 1009 ι
3154 957 3318 1027 Cuius
3367 958 3772 1013 ventilabrumin

2292 1044 2474 1099 manu,
2515 1040 2565 1083 et
2603 1029 2879 1099 mundabit
2909 1044 3089 1083 aream
3127 1045 3299 1095 suam,
3333 1048 3352 1080 ι
3386 1046 3548 1099 usque
3581 1031 3646 1083 ad
3670 1046 3773 1083 eum

2293 1097 2466 1152 locum
2509 1100 2598 1153 ubi
2640 1100 2760 1153 ait:
2790 1116 2809 1150 ι
2844 1098 2911 1153 Ει
2948 1100 3279 1169 congregabit
3313 1097 3546 1153 triticum
3582 1102 3634 1153 in
3662 1102 3772 1154 Itor-

2294 1185 2461 1223 reum.
2503 1189 2521 1221 ι
2548 1169 2680 1240 Cap.
2710 1185 2792 1225 Ill.

2294 1281 2547 1337 Christus
2575 1291 2659 1337 est
2685 1282 2826 1338 Deus
2858 1301 2870 1336 :
2897 1294 2952 1337 et
2980 1283 3071 1353 qui
3103 1282 3295 1338 adorat
3333 1298 3481 1348 eum,
3513 1284 3568 1337 in
3601 1284 3774 1353 spiritu

2223 1382 2278 1430 et
2308 1374 2538 1430 veritate
2569 1385 2782 1446 oportet
2826 1377 3056 1431 adorare
3084 1376 3128 1431 ⁸.
3152 1375 3295 1431 Deus
3332 1391 3553 1447 quoque
3592 1387 3773 1443 noster,

2224 1466 2365 1539 ignis
2392 1483 2721 1524 consumens
2742 1478 2825 1524 est
2854 1469 2897 1521 ’.
2924 1468 3220 1539 Dupliciter
3243 1470 3547 1540 appellatur
3570 1469 3705 1527 Deus
3730 1481 3779 1526 et

2225 1561 2467 1631 spiritus,
2490 1569 2544 1615 et
2568 1561 2728 1632 ignis.
2756 1559 2927 1617 Justis
2960 1562 3203 1631 spiritus,
3229 1562 3368 1632 ignis
3397 1565 3775 1634 peccatoribus.

2227 1652 2333 1709 Sed
2362 1653 2492 1709 dum
2525 1662 2578 1709 et
2601 1654 2776 1723 angeli
2804 1653 3050 1725 spiritus,
3086 1655 3335 1726 ignisque
3363 1656 3622 1712 dicuntur
3648 1674 3662 1710 :
3686 1657 3777 1723 ραι

2225 1746 2379 1816 facit,
2412 1746 2613 1817 inquit,
2642 1746 2852 1817 angelos
2877 1764 3003 1801 suos
3028 1749 3265 1817 spiritus,
3288 1758 3339 1804 et
3373 1752 3642 1809 ministros
3671 1771 3783 1809 suos

2224 1839 2395 1910 ignem
2439 1851 2673 1894 urentem
2716 1840 2758 1872 ²⁰
2796 1856 2809 1891 :
2856 1841 3031 1911 angeli
3083 1842 3287 1899 sanctis
3333 1844 3640 1916 quibusque
3667 1858 3783 1903 sunt

2226 1930 2453 2001 spiritus
2483 1949 2496 1985 :
2534 1930 2620 1985 his
2663 1945 2792 1987 vero
2832 1932 2925 2002 qui
2961 1944 3273 2001 merentur,
3304 1936 3567 1993 addicunt
3597 1938 3782 2010 ignem,

2224 2032 2278 2076 et
2312 2021 2580 2077 fervorem
2617 2024 3060 2082 subministrant.
3090 2027 3253 2084 Juxta
3289 2044 3451 2099 quem
3481 2046 3700 2087 sensum
3736 2041 3787 2086 et

2226 2111 2369 2167 Deus
2402 2121 2587 2168 noster
2607 2124 2768 2184 atque
2800 2113 3070 2183 Salvator,
3094 2133 3218 2173 cum
3243 2119 3314 2175 sit
3344 2120 3592 2192 spiritus,
3618 2123 3783 2193 ignem

2225 2203 2373 2257 venit
2403 2204 2619 2258 mittere
2649 2219 2812 2275 super
2843 2216 3067 2262 terram.
3109 2206 3364 2279 Spiritus.
3405 2214 3704 2267 secundum
3729 2215 3789 2267 ιι-

2225 2295 2316 2349 Iud
2348 2296 2490 2365 quod
2526 2296 2787 2352 scribitur
2816 2314 2829 2349 :
2867 2296 2999 2354 Cum
3036 2311 3210 2355 autem
3238 2319 3516 2358 conversus
3543 2306 3703 2374 fueris
3726 2307 3786 2360 ad

2225 2384 2531 2454 Dominum,
2568 2388 2837 2458 auferetur
2868 2384 3102 2446 velamen
3130 2394 3208 2460 ¹¹;
3260 2401 3316 2450 et
3355 2411 3369 2447 :
3410 2395 3665 2453 Dominus
3688 2390 3789 2469 spi-

2226 2476 2362 2530 ritus
2393 2488 2469 2531 est
2503 2478 2567 2529 ¹².
2597 2476 2778 2549 Ignem
2824 2487 3008 2535 autem
3044 2484 3192 2537 venit
3232 2484 3444 2542 mittere
3492 2502 3606 2542 non
3641 2503 3792 2559 super

2225 2569 2421 2624 caelum
2444 2609 2459 2633 ,
2509 2570 2603 2625 sed
2650 2585 2813 2641 super
2847 2581 3071 2638 terram,
3102 2583 3163 2630 ut
3192 2574 3309 2646 ipse
3344 2577 3684 2636 demonstrat
3712 2582 3789 2636 di-

2225 2676 2356 2717 cens
2389 2660 2432 2693 ¹³
2463 2680 2477 2716 :
2518 2660 2699 2733 Ignem
2737 2665 2850 2719 veni
2899 2666 3106 2722 mittere
3139 2684 3295 2738 super
3331 2667 3569 2738 terram;
3596 2684 3645 2728 et
3672 2673 3790 2744 quid

2224 2751 2339 2806 volo
2379 2753 2483 2808 nisi
2528 2762 2585 2808 ut
2606 2753 2725 2823 jam
2758 2755 2984 2837 ardeat?
3019 2757 3078 2812 Si
3111 2759 3257 2814 enim
3290 2776 3593 2819 conversus
3632 2765 3793 2822 fueris

2224 2842 2291 2897 ad
2324 2842 2635 2911 Dominum,
2670 2847 2765 2917 qui
2797 2857 2881 2903 est
2930 2851 3176 2919 spiritus,
3220 2852 3472 2911 Christus
3508 2855 3610 2912 tibi
3641 2858 3792 2928 spiri-

2226 2948 2313 2995 tus
2346 2940 2468 3004 erit,
2495 2951 2550 2996 et
2592 2958 2701 2996 non
2740 2943 2889 2998 venit
2924 2944 3102 3015 ignem
3143 2948 3360 3004 mittere
3386 2965 3556 3020 super
3580 2961 3787 3007 terram.

2224 3030 2379 3097 Quod
2415 3033 2460 3088 si
2511 3047 2619 3088 non
2652 3036 2987 3092 converteris
3016 3038 3084 3092 ad
3128 3036 3322 3103 Deum,
3352 3040 3448 3095 sed
3476 3041 3652 3097 habes
3694 3050 3790 3097 ter-

2226 3139 2343 3178 ram
2398 3134 2451 3179 et
2504 3122 2740 3179 fructum
2787 3126 2940 3197 ejus,
2992 3129 3170 3199 ignem
3214 3131 3360 3186 venit
3397 3132 3615 3188 mittere
3643 3148 3791 3203 super

540 3241 674 3281 sero
698 3241 823 3280 eum
845 3239 912 3279 ex
939 3233 1052 3279 toto
1078 3223 1244 3279 corde
1275 3236 1418 3287 meo,
1443 3230 1497 3277 et
1527 3235 1594 3275 ex
1627 3227 1737 3274 tota
1764 3218 1947 3273 anima
1979 3232 2119 3285 mea,
2149 3242 2190 3301 ο
2227 3223 2429 3269 terram
2464 3224 2633 3271 tuam.
2668 3215 2809 3273 Huic
2851 3219 2979 3288 quid
3015 3221 3194 3275 simile
3219 3222 3381 3277 etiam
3424 3223 3490 3278 de
3528 3223 3641 3279 Deo
3667 3224 3792 3280 scri-

537 3325 593 3371 et
621 3329 689 3369 ex
721 3322 832 3369 tota
857 3313 1075 3378 virtute,
1105 3321 1296 3366 contra
1326 3317 1653 3380 prmceptum
1685 3306 1860 3372 facio,
1897 3314 1957 3361 ut
1987 3306 2122 3361 alte-

543 3423 664 3461 rum
692 3406 900 3475 absque
930 3419 1041 3459 uno
1074 3402 1185 3459 Deo
1214 3403 1296 3459 sic
1323 3402 1566 3472 diligam.
1598 3400 1695 3455 Sin
1725 3409 1907 3455 autem
1937 3400 2121 3455 minus

537 3510 664 3554 eum
693 3496 953 3561 dilexero,
986 3509 1149 3564 quam
1187 3492 1612 3563 omnipotentem
1659 3490 1871 3545 Patrem
1900 3530 1915 3556 ,
1954 3489 2121 3546 timeo

538 3604 609 3645 ne
653 3589 707 3643 in
750 3586 1178 3659 Primogeuitum
1216 3585 1378 3656 963
1417 3584 1683 3640 universa:
1723 3594 1988 3640 creaturae
2019 3583 2122 3637 im-

539 3682 663 3752 pius
710 3687 764 3735 et
809 3678 1075 3750 profanus
1101 3677 1366 3733 inveniar.
1423 3676 1565 3732 Doce
1611 3692 1740 3744 me,
1789 3682 1845 3732 et
1893 3675 2122 3732 ostende

540 3772 828 3836 rationem,
871 3770 1146 3841 quomodo
1186 3769 1327 3824 inter
1376 3774 1671 3838 utrumque
1712 3767 1929 3822 medius
1968 3768 2120 3823 ince-

538 3864 709 3931 dens,
761 3863 983 3934 diligere
1030 3862 1255 3918 debeam
1301 3859 1605 3916 Christum.
1665 3857 1761 3914 Vis
1816 3859 1959 3914 scire
2012 3876 2119 3930 qua

540 3956 804 4010 charitate
830 3954 1082 4009 Christus
1109 3952 1416 4023 diligendus
1440 3952 1546 4007 sit?
1574 3950 1819 4005 Breviter
1845 3950 2118 4006 ausculta.

539 4048 740 4118 Diliges
770 4046 1059 4102 Dominum
1095 4045 1264 4101 Deum
1300 4055 1454 4100 tuum
1486 4045 1539 4100 in
1565 4044 1803 4101 Christo.
1844 4043 2010 4100 Putas
2034 4045 2119 4100 di.

539 4154 753 4193 versam
784 4140 984 4194 habere
1019 4152 1180 4207 posse
1220 4137 1275 4191 in
1320 4136 1480 4192 Patre
1512 4146 1566 4192 et
1596 4134 1734 4192 Filio
1764 4137 2122 4192 charitatem?

541 4230 717 4285 Simul
758 4231 921 4302 dlige
951 4230 1242 4287 Dominum
1274 4230 1577 4286 Christum.
1606 4227 1781 4298 Dilige
1810 4227 2027 4283 Patrem
2064 4229 2120 4284 in

537 4319 716 4390 Filio,
765 4321 964 4375 Filium
1004 4322 1059 4375 in
1097 4320 1278 4387 Patre,
1322 4336 1389 4374 ex
1424 4328 1537 4375 toto
1577 4319 1775 4383 corde,
1814 4328 1867 4374 et
1895 4333 1963 4373 ex
2009 4326 2119 4373 tota

538 4412 743 4476 anima,
780 4419 834 4465 et
855 4427 921 4465 ex
951 4420 1063 4466 tota
1104 4411 1324 4466 virtute.
1369 4409 1526 4476 Quod
1559 4412 1607 4465 si
1641 4409 1840 4479 aliquis
1870 4410 2118 4464 setscita-

539 4514 648 4571 tur,
679 4513 731 4558 et
757 4503 889 4558 dicit
915 4521 927 4557 :
960 4504 1067 4559 hoc
1099 4504 1244 4574 quod
1273 4503 1473 4558 asseris
1502 4501 1570 4557 de
1597 4499 1897 4572 Scripturis
1926 4502 2117 4572 proba,

2222 3316 2372 3376 ptum
2423 3315 2509 3362 est
2535 3308 2578 3338 “’
2610 3326 2623 3361 :
2661 3308 2806 3379 Ignis
2853 3326 3101 3364 accensus
3143 3321 3219 3367 est
3265 3313 3464 3382 furaris
3507 3315 3662 3382 ejus,
3697 3330 3788 3368 non

2221 3415 2383 3468 usque
2429 3400 2499 3452 ad
2542 3399 2731 3454 ctelum
2781 3418 3026 3470 sursum,
3077 3404 3170 3457 sed
3216 3421 3377 3475 usque
3418 3406 3488 3459 ad
3538 3408 3789 3477 infernum

2220 3491 2464 3546 deorsum
2488 3509 2506 3546 :
2534 3503 2584 3547 et
2606 3494 2871 3549 devorabit
2897 3512 3000 3549 non
3038 3495 3242 3563 cretum,
3268 3497 3359 3551 sed
3390 3508 3593 3552 terram
3615 3509 3665 3554 et
3691 3515 3793 3570 ger-

2169 3651 2177 3662 ,
2222 3583 2365 3636 mina
2392 3584 2528 3652 ejus.
2558 3584 2830 3651 Quorsum
2871 3587 2975 3641 ista
3011 3588 3347 3643 memoravi?
3388 3588 3525 3656 Quia
3561 3600 3616 3646 et
3642 3591 3792 3661 bapti-

2222 3694 2396 3745 smus,
2426 3694 2534 3749 quo
2577 3680 2816 3750 baptizat
2844 3679 3023 3745 Jesus,
3056 3682 3109 3736 in
3154 3681 3359 3752 Spiritu
3398 3693 3593 3739 sancto
3622 3691 3789 3750 est,et

2220 3770 2354 3842 igni.
2387 3770 2607 3825 Memini
2641 3787 2852 3837 eorum,
2899 3789 3022 3843 qua:
3066 3789 3238 3844 nuper
3280 3775 3497 3832 locutus
3521 3793 3671 3840 sum,
3701 3791 3791 3831 nec

2220 3863 2462 3931 praeterit
2512 3864 2822 3933 explanatio
2858 3866 3137 3935 superior;
3189 3867 3283 3922 sed
3317 3869 3440 3923 volo
3486 3878 3541 3925 et
3600 3886 3788 3925 novum

2220 3953 2424 4023 aliquid
2475 3954 2697 4010 inferre.
2747 3953 2805 4010 Si
2850 3966 3074 4012 sanctus
3118 3957 3309 4023 fueris,
3358 3959 3567 4030 Spiritu
3614 3973 3789 4016 sancto

2220 4044 2583 4115 baptizaberis
2618 4063 2630 4099 :
2661 4046 2708 4102 si
2755 4058 3028 4118 peccator,
3078 4048 3135 4103 in
3180 4050 3356 4121 ignem
3408 4053 3705 4124 mergeris;
3740 4065 3790 4107 et

2222 4152 2392 4192 unum
2423 4145 2587 4207 atque
2616 4136 2759 4193 idem
2789 4138 3056 4208 baptisma
3086 4140 3323 4211 indignis
3344 4148 3399 4196 et
3419 4146 3788 4211 peccatoribus

2222 4229 2277 4282 in
2315 4228 2825 4285 condemnationem
2878 4231 3167 4301 ignemque
3205 4240 3445 4287 vertetur
3486 4250 3500 4285 :
3546 4234 3633 4289 his
3670 4250 3788 4290 vero

2221 4321 2313 4391 qui
2353 4321 2529 4376 sancti
2569 4331 2718 4388 sunt,
2756 4330 2810 4377 et
2847 4330 2958 4377 tota
2996 4321 3104 4376 ﬁde
3140 4323 3208 4377 ad
3246 4322 3539 4380 Dominum
3580 4342 3789 4382 conver-

2221 4423 2431 4479 tuntur,
2488 4411 2727 4481 Spiritus
2777 4412 2952 4468 sancti
3004 4413 3177 4483 gratia
3216 4414 3476 4484 salusque
3514 4415 3788 4471 tribuenda

2221 4514 2323 4561 est.
2366 4503 2423 4559 Is
2451 4521 2594 4576 ergo,
2619 4505 2708 4575 qui
2738 4501 2942 4575 Spiritu
2973 4514 3155 4558 sancto
3183 4516 3233 4559 et
3255 4507 3372 4576 igne
3392 4506 3594 4561 dicitur
3617 4507 3789 4575 bapti-

535 4597 722 4652 audiat
752 4595 1061 4665 apostolum
1106 4595 1330 4650 Paulum
1355 4637 1369 4661 ,
1409 4596 1503 4665 qui
1550 4595 1786 4650 habebat
1818 4594 2117 4650 rationabi-
2148 4587 2193 4640 ι)
2222 4614 2366 4664 zare,
2395 4596 2547 4652 habet
2582 4596 2931 4652 uentilabrum
2969 4598 3023 4650 in
3068 4614 3229 4651 manu
3268 4614 3400 4665 sua,
3437 4608 3499 4652 et'
3522 4599 3788 4653 mundabit

535 4686 638 4741 lem
692 4686 1045 4751 charitatem,
1092 4687 1403 4756 loquentem
1443 4688 1463 4719 τ
1498 4703 1511 4739 :
1556 4684 1740 4741 Certus
1784 4687 1924 4741 enim
1965 4704 2114 4753 sum,

532 4779 657 4849 quia
691 4793 852 4848 neque
877 4793 1039 4841 mors,
1068 4794 1227 4847 neque
1256 4780 1385 4845 vita,
1421 4795 1581 4849 neque
1610 4778 1804 4848 angeli,
1830 4795 1991 4840 neque
2025 4797 2118 4848 po-

535 4880 782 4937 testates,
821 4871 912 4923 nec
952 4871 1273 4939 prwsentia,
1310 4887 1400 4924 nec
1444 4871 1660 4942 futura,
1701 4886 1792 4924 nec
1823 4871 2113 4940 fortitudo,

530 4982 624 5022 nec
653 4964 902 5030 altitudo,
932 4980 1021 5018 nec
1042 4965 1385 5034 profundum,
1410 4978 1501 5017 nec
1522 4962 1633 5017 alia
1658 4971 1900 5017 creatura
1922 4965 2112 5032 poterit

607 5082 630 5113 ⁸
674 5081 805 5152 Cap.
849 5097 962 5152 vn,
1019 5082 1051 5151 ᾖ
1104 5080 1187 5136 16.
1300 5082 1319 5112 ⁸
1357 5079 1578 5152 MatthL
1614 5095 1746 5146 xxu,
1794 5080 1883 5152 37.

536 5239 711 5289 mut,
739 5224 829 5277 22.

606 5316 721 5387 (75)
749 5316 991 5385 Idipsum
1037 5315 1399 5387 Hieronymus
1423 5314 1671 5384 queritur
1711 5312 1873 5387 epist.
1914 5312 2006 5387 62,
2044 5314 2110 5387 ad

537 5382 971 5455 Tranquilli—num
1018 5404 1030 5439 :
1070 5385 1215 5454 quod
1244 5382 1337 5439 'uel
1378 5382 1701 5438 iniamorem
1740 5382 1989 5455 _0rigenis
2030 5386 2113 5439 ni-

537 5453 723 5521 mium,
750 5456 825 5509 vel
852 5456 1034 5524 odium
1062 5453 1319 5509 stomachi
1343 5455 1426 5508 sui
1452 5455 1712 5524 pravitate
1740 5453 1990 5524 homines
2013 5456 2113 5510 du-

537 5534 810 5579 cerentur.
841 5523 1090 5580 Profecto
1121 5526 1347 5581 dubium
1389 5532 1493 5588 est,
1525 5524 1792 5593 majorine
1817 5524 1867 5578 ei
1906 5523 2111 5579 fuerint

537 5594 863 5650 detrimento
914 5597 1352 5651 adversariorum
1405 5595 1714 5658 calumnias,
1760 5608 1829 5647 an
1872 5593 2111 5665 profusae

536 5666 708 5789 nimi:
734 5666 1031 5789 qmicorum
1071 5667 1282 5732 laudes,
1314 5667 1514 5737 quibus
1551 5665 1874 5720 aemulorum
1904 5665 2110 5720 invidia

536 5753 670 5789 20118
712 5750 739 5787 a
770 5751 854 5788 lll‘.

535 5743 854 5793 acuebatur.

609 5805 723 5877 (74)
758 5804 985 5877 Schedae
1024 5805 1205 5861 Grabii
1228 5816 1301 5877 et
1329 5804 1639 5861 Combeﬁsii
1672 5805 1979 5877 ςΒούλομαι
2012 5799 2105 5859 οὖν

538 5876 668 5932 ἰδεῖν
710 5876 835 5932 τίνα
866 5876 1067 5949 τρόπον
1101 5877 1129 5929 ὁ
1158 5876 1360 5948 Κύριός
1386 5894 1487 5948 μου
1525 5876 1730 5947 Ἰησοῦς
1770 5876 1881 5948 ἔχει
1911 5877 2102 5945 πτύον,

1995 5083 2015 5113 ⁷
2056 5082 2212 5137 Rom.
2262 5096 2380 5143 vui,
2435 5078 2524 5146 58,
2565 5079 2655 5134 59.

535 5152 579 5185 ¹⁶
613 5149 776 5208 Hebr:
804 5152 875 5219 1,7
900 5169 913 5217 ;
942 5149 1085 5207 Psal.
1119 5167 1225 5219 CIV,
1265 5151 1319 5206 4.
1396 5152 1435 5182 “
1466 5150 1508 5205 ll
1540 5150 1669 5206 Cor.
1715 5167 1796 5217 ιιι,
1830 5151 1913 5205 16.
1991 5154 2031 5184 ¹²
2054 5152 2118 5207 Jo

2239 5168 2313 5216 tv,
2342 5151 2445 5218 24;
2479 5149 2523 5203 ll
2557 5149 2683 5204 Cor.
2723 5165 2809 5217 ιιι,
2838 5150 2923 5205 16.
3005 5152 3046 5183 ³³
3070 5150 3205 5208 Luc.
3235 5166 3334 5218 xu,
3364 5154 3453 5208 49.

2223 4702 2400 4740 aream
2429 4702 2578 4740 suam
2601 4727 2616 4753 ,
2662 4697 2711 4740 et
2754 4686 3085 4757 congregabit
3118 4687 3357 4743 triticum
3395 4705 3552 4743 suum
3578 4691 3631 4744 in
3668 4690 3786 4743 lior-

2223 4792 2397 4842 reum,
2442 4776 2621 4845 paleas
2669 4786 2844 4831 autent
2890 4777 3155 4832 comburat
3198 4780 3308 4849 igni
3355 4780 3785 4852 inexstinguibili.

2224 4868 2335 4940 (74)
2366 4867 2504 4924 Volo
2536 4869 2780 4925 invenire
2809 4871 3097 4936 rationem,
3122 4886 3294 4942 quare
3322 4872 3585 4930 Dominus
3614 4883 3789 4928 noster

2223 4962 2415 5017 habeat
2440 4961 2823 5027 ventilabrum,
2850 4971 2905 5018 et
2931 4963 3077 5032 quod
3102 4962 3301 5020 blando
3323 4973 3486 5020 vento
3526 4966 3673 5021 leves
3700 4980 3791 5035 pa-

3327 5082 3348 5113 '
3376 5080 3533 5137 Deut.
3579 5098 3654 5146 Iv,
3702 5082 3785 5134 9.4.

3562 5153 3605 5184 “
3637 5152 3783 5207 Dclll.

2760 5080 2781 5110 ⁸
2807 5078 2963 5134 Joan.
3006 5094 3080 5145 tv,
3129 5080 3219 5134 24.

3660 5333 3669 5347 0

2212 5315 2307 5369 καὶ
2352 5313 2495 5376 τινος
2537 5311 2737 5384 ᾁνέμου
2785 5312 3069 5384 πνέοντος,
3117 5313 3415 5368 καὶταῦτα
3460 5312 3689 5384 σφοδροῦ
3722 5313 3784 5383 (εὲ

2212 5382 2606 5457 γὰρ-νηνεμίᾳ,
2641 5382 2914 5457 ἄχρηστόν
2933 5384 3059 5457 Δἐονιτι
3168 5384 3440 5457 πτύον),τὸ
3470 5382 3568 5457 μὲν
3591 5382 3783 5457 ἄχυρον

2212 5451 2503 5526 χωρίζελεαί
2534 5454 2613 5517 εἰς
2641 5451 2855 5526 οἶᾷὲεῖονί
2885 5452 3048 5526 τόπον
3066 5495 3084 5521 ,
3109 5456 3144 5526 γὸ
3174 5455 3231 5526 δὲ
3263 5451 3406 5526 aito;
3443 5451 3672 5526 νὶκήσάξ

2212 5523 2412 5595 ἇνέμον
2440 5524 2808 5597 κᾳταγφέρετοιι
2841 5525 2934 5576 ἐπὶ
2965 5523 3025 5576 τὸ
3061 5525 3212 5597 auro.
3239 5526 3349 5579 Καὶ
3368 5525 3477 5597 papa
3506 5523 3711 5597 μήποτε
3736 5524 3781 5575 οξ

2212 5593 2511 5719 arefactum
2544 5596 2594 5646 oi
2637 5593 2699 5647 τὸ
2731 5593 2930 5664 ἄχυρον
2975 5594 3322 5666 χωρίζοντες,
3355 5595 3383 5647 ὁ
3408 5593 3609 5666 ἄνεμός
3642 5596 3782 5646 ἐστιν

2212 5666 2242 5719 ὀ
2332 5664 2616 5727 ποδεικνὺς
2665 5664 2755 5717 τὸν
2803 5668 2948 5718 σῖτον
2990 5666 3069 5718 ὅτι
3120 5665 3237 5719 ἐστὶ
3286 5668 3449 5727 σῖτος.
3488 5667 3563 5718 Οὐ
3606 5663 3715 5727 γὰρ
3754 5662 3781 5712 ὁ

2215 5680 2242 5719 ο
2292 5680 2616 5727 αποοεικνυς
2665 5680 2755 5717 τον
2803 5682 2948 5718 σιτον
2990 5682 3069 5718 οτι
3120 5680 3237 5719 εστι
3286 5680 3449 5728 σιτος.
3488 5680 3563 5718 ua
3606 5680 3715 5733 γαρ
3754 5680 3780 5712 o

2215 5736 2416 5815 ἄνεμρς
2448 5733 2626 5815 eiram
2668 5736 2969 5815 πειρασμὸς
2982 5736 3225 5815 ,νιξίήσας
3246 5736 3594 5815 τιεζᾲιᾲχρρον
3624 5731 3780 5811 αὐτον

2214 5809 2376 5869 ποιεῖ,
2412 5805 2656 5858 τουτέστι
2686 5805 2884 5875 κοῦφον
2911 5805 3005 5858 καὶ
3033 5806 3280 5870 ἄπιστον,
3314 5805 3442 5858 am
3461 5805 3586 5860 am
3608 5805 3779 5875 tosti):

2211 5893 2304 5930 τον
2351 5875 2582 5948 ἐλέγχει.
2630 5878 2750 5931 Κᾶν
2801 5871 3107 5948 λπειρασμόν
3157 5894 3241 5940 τις
3285 5877 3582 5948 ὑπομείνῃ,
3627 5871 3777 5942 οὐχό
