4002 6582
310 445 447 502 1889

1466 443 1535 501 ΙΝ
1573 444 1809 503 LUCAM
1846 444 2129 502 HOMILIA
2166 444 2357 504 XXVII

3414 457 3549 512 {S70

304 561 403 619 lea:
441 562 550 618 buc
598 561 834 634 illucque
878 561 1193 633 rapiantur,
1243 577 1407 635 grave
1450 578 1582 619 vero
1634 564 1872 620 triticum
1907 571 1947 624 A
1978 562 2123 629 ﬁcat,
2160 564 2345 620 dicens
2383 583 2395 619 :
2433 561 2607 619 Multa
2652 568 2858 637 quidem
2896 578 2948 623 et
2989 571 3097 624 alia
3138 569 3418 625 exhortans
3455 588 3551 626 an-

302 656 359 711 in
388 672 559 712 unum
586 655 860 712 deferatur
881 657 1083 724 locum,
1108 670 1285 728 neque
1315 658 1459 714 enim
1484 656 1688 730 absque
1716 669 1878 714 vento

300 759 534 818 possunt
563 749 800 804 triticum
835 757 885 804 et
924 747 1089 819 paleae
1113 751 1389 820 separari;
1421 751 1673 808 existimo
1700 758 1876 807 tenta-

304 840 480 895 tiones
519 856 619 911 pro
651 849 810 895 vento
850 840 1096 909 intelligi,
1126 856 1247 911 quae
1278 841 1508 897 confuso
1534 841 1875 898 credentium

300 947 533 996 acervo,
577 932 716 988 alios
757 933 960 1003 paleas,
1010 934 1148 989 alios
1191 934 1431 990 triticum
1479 949 1603 990 esse
1649 934 1875 989 demon-

300 1031 496 1079 strant.
526 1024 663 1078 Cum
695 1024 839 1080 enim
875 1024 1056 1079 anima
1099 1032 1188 1079 tua
1219 1025 1379 1081 fuerit
1411 1035 1465 1082 et
1490 1028 1671 1098 aliqua
1702 1035 1876 1083 tenta-

298 1115 446 1170 tione
476 1126 749 1185 superata,
784 1131 891 1170 non
927 1116 1154 1170 tentatio
1186 1126 1237 1172 te
1266 1119 1424 1173 vertit
1450 1119 1502 1173 in
1530 1120 1746 1190 paleas;
1778 1119 1872 1175 sed

298 1223 424 1263 cum
454 1224 605 1263 esses
632 1209 804 1278 palea,
837 1209 971 1264 levis
993 1208 1239 1265 videlicet
1260 1219 1313 1265 et
1337 1211 1668 1280 incredulus,
1696 1221 1873 1268 osten-

298 1302 377 1357 dit
407 1311 458 1355 te
484 1317 604 1357 esse
634 1302 857 1357 tentatio
886 1303 1031 1373 quod
1075 1305 1301 1360 latebas.
1338 1305 1654 1360 Econtrario
1686 1316 1869 1361 autem

295 1408 421 1447 cum
452 1391 663 1447 fortiter
690 1401 1015 1447 tentamenta
1046 1394 1264 1462 toleras,
1288 1411 1397 1451 non
1429 1405 1479 1453 te
1503 1397 1631 1451 facit
1659 1397 1866 1453 ﬁdelem

296 1484 543 1550 tentatio,
579 1492 740 1554 atque
783 1485 1100 1554 patientem,
1136 1487 1227 1542 sed
1274 1489 1546 1553 virtutem,
1581 1506 1702 1560 quae
1727 1491 1782 1544 in
1816 1500 1869 1546 te

292 1586 430 1641 erat,
465 1577 737 1647 patientiae
761 1587 814 1632 et
836 1576 1202 1645 fortitudinis,
1234 1588 1287 1635 et
1316 1581 1537 1645 latebat,
1572 1582 1777 1652 profert
1810 1584 1865 1638 in

291 1668 551 1723 medium.
582 1668 752 1724 Putas
795 1672 953 1735 enim,
1002 1672 1079 1726 ait
1108 1672 1397 1738 Dominus,
1442 1672 1600 1728 aliter
1645 1691 1725 1729 me
1767 1675 1865 1730 tibi

289 1759 522 1813 locutum
572 1761 735 1830 fuisse
780 1778 939 1832 quam
985 1773 1043 1817 ut
1085 1780 1295 1833 parares
1333 1765 1558 1834 justus?
1584 1765 1652 1820 Et
1685 1767 1859 1821 alibi:

288 1852 465 1921 Aﬁlixi
497 1861 564 1921 te,
593 1864 641 1907 et
676 1855 829 1924 a/feci
854 1858 1096 1926 penuria,
1119 1868 1182 1912 ut
1210 1858 1492 1929 manifesta
1515 1862 1720 1930 ﬁerent,
1745 1879 1862 1933 qua:

285 1952 435 1997 erant
466 1944 521 1998 in
558 1947 721 2001 corde
768 1957 879 2002 tuo.
914 1948 972 2003 In
1024 1949 1169 2004 hunc
1207 1952 1428 2006 modum
1472 1961 1528 2007 et
1568 1962 1860 2023 tempestas

286 2050 394 2090 non
438 2036 567 2092 facit
609 2054 771 2109 super
822 2054 1042 2095 arenam
1092 2040 1380 2097 aedilicium
1417 2044 1736 2111 consistere,
1765 2045 1860 2101 sed

284 2142 448 2198 super
468 2137 691 2185 terram.
711 2129 844 2198 Quae
868 2147 994 2187 cum
1027 2130 1190 2188 fuerit
1215 2140 1426 2201 exorta,
1452 2134 1503 2188 id
1526 2138 1670 2207 quod
1696 2153 1859 2208 super

280 2230 483 2275 terram
515 2220 797 2278 fundatum
826 2233 930 2290 est,
962 2241 1068 2280 non
1092 2238 1301 2284 evertet
1325 2250 1340 2283 :
1366 2230 1517 2300 quod
1545 2245 1675 2286 vero
1697 2246 1860 2301 super

279 2328 502 2368 arenam
536 2313 784 2381 ﬁuctuat,
818 2317 1013 2387 prohat
1050 2318 1198 2375 illico
1233 2334 1342 2375 non
1373 2320 1509 2377 bene
1542 2321 1711 2377 fuisse
1742 2321 1859 2378 lun-

276 2404 487 2462 datum.
530 2406 873 2480 Quapmpter
931 2421 1222 2483 antequam
1273 2414 1483 2473 oriatur
1530 2423 1854 2486 tempestas,

277 2506 568 2569 antequam
614 2511 903 2557 ventorum
940 2502 1111 2558 ﬂabra
1156 2515 1507 2575 consurgant,
1533 2507 1853 2577 priusquam

280 2590 643 2647 intumescant
676 2591 922 2660 ﬁumina,
957 2595 1087 2650 dum
1127 2596 1309 2653 adhuc
1363 2598 1524 2653 silent
1576 2599 1852 2665 universa,

277 2698 439 2739 omne
464 2686 702 2741 studium
740 2697 987 2742 nostrum
1022 2689 1088 2743 ad
1115 2689 1472 2745 tediliciorum
1503 2689 1854 2748 fundamenta

276 2783 574 2845 vertamus,
621 2777 954 2836 aediﬁcamus
998 2781 1222 2836 domum
1275 2793 1518 2838 nostram
1570 2784 1735 2839 variis
1765 2784 1856 2839 ﬁr-

276 2871 489 2940 misque
532 2871 803 2940 lapidibus
840 2882 1235 2943 praeceptorum
1272 2875 1387 2942 Dei,
1420 2884 1481 2930 ut
1514 2891 1639 2933 cum
1669 2892 1853 2947 perse-

274 2964 423 3018 cutio
444 2962 609 3036 965.
628 2964 870 3043 saevierit
897 2965 1159 3043 adversus
1182 2966 1545 3034 Christianos,
1573 2969 1853 3037 durusque

273 3056 437 3110 turbo
466 3057 796 3122 surrexerit,
830 3059 1181 3115 ostendamus
1213 3075 1314 3115 nos
1343 3060 1543 3118 habere
1562 3061 1850 3117 aedilicium

272 3161 436 3217 super
476 3156 685 3218 petram
722 3149 1002 3204 Christum
1031 3148 1220 3206 Jesum
1269 3151 1357 3206 “‘2
1406 3150 1464 3207 Si
1498 3154 1622 3223 quis
1666 3161 1846 3209 autem

273 3240 440 3309 (quod
467 3243 652 3311 procul
676 3243 822 3303 absit
851 3258 879 3296 a
912 3242 1091 3313 nobis)
1121 3244 1416 3315 negaverit,
1445 3246 1547 3301 iste
1574 3246 1711 3302 sciat
1739 3262 1847 3302 non
1875 3270 1918 3326 ρ

270 3346 331 3386 se
375 3331 468 3386 illo
502 3341 744 3403 tempore
788 3350 898 3404 quo
946 3350 1172 3405 negasse
1201 3337 1353 3393 visus
1398 3347 1513 3403 est,
1566 3338 1845 3396 Christum

268 3437 526 3494 negasse;
570 3426 663 3481 sed
713 3427 920 3482 semina
966 3436 1021 3483 et
1062 3429 1273 3484 radices
1314 3430 1571 3486 habuisse
1614 3433 1845 3504 negandi

261 3512 377 3583 jam
410 3522 640 3579 veteres,
672 3524 800 3573 tunc
835 3533 962 3574 vero
990 3518 1161 3575 fuisse
1206 3521 1447 3591 agnitum
1490 3522 1637 3592 quod
1680 3524 1846 3580 babe-

266 3604 379 3671 bat,
414 3614 469 3661 ct
513 3608 568 3662 in
612 3609 848 3665 medium
881 3627 1003 3668 esse
1033 3613 1381 3683 productum.
1409 3612 1639 3671 Oremus
1679 3615 1845 3687 igitur

266 3693 598 3767 Dominum,
648 3708 709 3755 ut
766 3702 940 3757 simus
988 3702 1308 3771 aediﬁcium,
1354 3704 1498 3774 quod
1549 3715 1842 3776 tempestas

266 3788 415 3844 nulla
436 3790 743 3857 subvertat,
798 3792 1081 3849 fundatum
1131 3811 1294 3866 supra
1342 3810 1576 3866 petram,
1609 3813 1704 3868 per
1736 3799 1842 3853 Do—

265 3883 476 3938 minum
514 3895 760 3941 nostrum
791 3884 976 3943 Jesum
1010 3886 1310 3953 Christum,
1343 3888 1433 3943 cui
1461 3897 1546 3945 est
1583 3890 1753 3962 gloria
1787 3899 1843 3946 et

261 3974 554 4045 imperium
586 3978 640 4032 in
666 3979 861 4035 saecula
894 3981 1238 4035 saeculorum.
1270 3979 1465 4036 Amen.

787 4094 1071 4151 HOMILIA
1097 4093 1310 4150 XXVII.

261 4208 341 4263 De
375 4226 433 4282 eo
477 4210 615 4280 quod
650 4210 905 4280 scriptum
940 4221 1016 4266 est
1050 4227 1067 4265 :
1098 4230 1117 4262 ‹
1159 4210 1334 4265 Multa
1377 4209 1586 4282 quidem
1628 4221 1678 4263 et
1727 4210 1837 4282 alia

332 4281 615 4353 exhortans
649 4282 1022 4353 annuntiabat,
1062 4300 1083 4334 ι
1112 4299 1272 4353 usque
1301 4282 1369 4353 ad
1390 4280 1511 4335 eum
1537 4280 1710 4334 locum
1746 4280 1836 4333 ubi

333 4352 411 4423 ait
450 4367 468 4404 :
507 4370 525 4405 t
572 4349 803 4421 Spiritus
853 4362 1066 4406 sanctus
1114 4349 1379 4407 descendit
1421 4369 1577 4423 super
1616 4366 1755 4406 eum.
1809 4369 1829 4402 ι

329 4419 462 4492 Cap.
496 4437 576 4477 tu.

329 4532 435 4600 Qui
478 4533 753 4606 Evangelii
797 4549 1105 4590 sermonem
1149 4534 1334 4598 docet,
1364 4549 1471 4587 non
1514 4549 1680 4588 unam
1716 4549 1829 4587 rem

1983 654 2281 710 nuntiabat.
2312 654 2500 726 itaque
2521 657 2682 712 etiam
2709 660 2833 725 alia,
2871 676 2992 730 quae
3018 662 3219 732 scripta
3262 678 3367 717 non
3399 668 3547 727 sunt,

1977 746 2212 805 Joannes
2255 750 2454 820 populo
2492 752 2819 822 praedicabat
2854 773 2867 809 :
2913 772 3035 826 qtne
3087 766 3268 811 autem
3314 760 3548 828 scripta,

1978 837 2317 893 considerate
2358 851 2562 910 quanta
2613 841 2817 897 fuerint
2860 860 2980 914 qua:
3026 849 3352 903 annuntiant
3392 850 3551 904 Chii-

1977 936 2141 982 stum.
2182 928 2503 987 Monstravit
2532 934 2676 988 enim
2719 935 3049 1004 baptismum
3091 936 3325 1006 Spiritus
3350 943 3548 1009 sancti,

1973 1023 2286 1092 praedicavit
2320 1025 2627 1095 publicanis
2667 1027 2920 1094 salutem,
2951 1028 3135 1082 docuit
3160 1029 3360 1088 milites
3392 1032 3550 1089 disci.

1973 1115 2199 1184 plinam,
2235 1131 2417 1172 aream
2460 1120 2703 1191 purgari,
2751 1121 2955 1175 succidi
2986 1121 3233 1186 arbores,
3264 1132 3319 1177 et
3355 1135 3547 1179 caetera

1972 1223 2094 1277 quae
2136 1208 2411 1281 Evangelii
2452 1221 2639 1267 narrat
2679 1212 2931 1268 historia.
2979 1211 3233 1284 Exceptis
3275 1230 3407 1287 ergo
3457 1218 3543 1272 his

1970 1317 2091 1371 qua:
2116 1302 2317 1372 scripta
2352 1313 2499 1370 sunt,
2542 1304 2704 1359 etiam
2742 1305 2829 1359 illa
2858 1321 2978 1375 quae
3016 1308 3217 1377 scripta
3249 1322 3357 1363 non
3393 1319 3543 1371 sunt,

1970 1392 2325 1448 annuntiasse
2353 1404 2687 1450 monstratur
2721 1396 2775 1450 in
2811 1412 2877 1453 eo
2905 1399 3050 1467 quod
3092 1399 3292 1454 dicitur
3324 1418 3338 1454 :
3373 1400 3548 1455 Multa

1967 1481 2179 1551 quidem
2218 1494 2268 1537 et
2325 1483 2437 1537 alia
2485 1484 2769 1540 exhortans
2807 1487 3159 1541 annuntiabat
3212 1487 3425 1557 populo.
3482 1487 3549 1542 Et

1967 1575 2242 1643 quomodo
2275 1575 2328 1629 in
2362 1573 2654 1648 Evangelia
2677 1578 2975 1634 secundum
3009 1578 3274 1634 Joannem
3300 1581 3368 1637 de
3392 1579 3547 1635 Chri«

1967 1675 2051 1721 sto
2080 1666 2313 1723 refertur
2344 1668 2386 1701 ¹⁵
2419 1687 2431 1721 :
2465 1669 2607 1735 Quia
2640 1671 2810 1726 multa
2841 1680 2890 1726 et
2922 1672 3032 1726 alia
3061 1672 3266 1727 locutus
3299 1683 3398 1739 est,
3425 1690 3544 1745 qua:

1966 1775 2070 1813 non
2112 1770 2236 1814 sunt
2272 1764 2470 1833 scripta
2509 1764 2563 1816 in
2598 1762 2734 1817 libro
2771 1766 2894 1831 ista,
2934 1782 3052 1836 qua:
3085 1766 3131 1818 si
3169 1765 3540 1836 scriberentur,

1966 1869 2126 1923 neque
2166 1855 2340 1923 ipsum
2384 1866 2511 1925 puto
2557 1854 2810 1909 mundum
2845 1873 3028 1926 capere
3077 1859 3309 1927 potuisse
3356 1859 3541 1927 libros,

1961 1946 2051 2015 qui
2079 1947 2340 2002 scribendi
2369 1959 2550 2014 erant;
2584 1950 2663 2005 sic
2692 1960 2745 2004 ct
2768 1949 2823 2004 in
2851 1951 3102 2020 praesenti
3129 1951 3248 2006 loco
3280 1953 3537 2024 intelligo,

1962 2038 2105 2107 quod
2152 2038 2378 2095 forsitan
2426 2039 2623 2106 Lucas,
2660 2041 2920 2112 quoniam
2962 2042 3169 2113 majora
3215 2045 3462 2114 quaedam
3507 2062 3536 2100 a

1959 2127 2168 2187 Joanne
2216 2133 2702 2199 annuntiabantur,
2752 2150 2915 2205 quam
2958 2145 3019 2190 ut
3062 2135 3321 2192 deberent
3344 2138 3539 2194 litteris

1960 2223 2138 2289 credi,
2185 2225 2413 2280 voluerit
2447 2242 2510 2281 ca
2563 2227 2882 2281 nominatim
2932 2227 3151 2296 dicere,
3185 2230 3280 2286 sed
3326 2239 3535 2287 tantum

1960 2317 2346 2387 signiﬁcaverit
2383 2320 2529 2389 quod
2570 2320 2715 2375 dicta
2764 2320 2872 2375 sint
2913 2339 2928 2376 :
2968 2330 3023 2376 et
3050 2321 3253 2378 idcirco
3285 2323 3535 2380 dixisse:

1961 2407 2137 2463 Multa
2168 2411 2377 2480 quidem
2406 2421 2456 2466 et
2483 2411 2593 2465 alia
2628 2411 2909 2468 exhortans
2942 2414 3296 2470 annuntiabat
3321 2418 3534 2486 populo.

1958 2500 2217 2557 Miremur
2260 2503 2478 2573 quidem
2509 2502 2774 2559 Joannem
2819 2520 2886 2561 ex
2931 2506 3017 2562 his
3055 2522 3176 2577 quae
3208 2519 3533 2579 sequuntur,

1959 2595 2196 2650 maxime
2225 2596 2371 2666 quod
2416 2595 2553 2651 inter
2597 2606 2757 2652 natos
2789 2597 3078 2654 mulierum
3125 2599 3302 2669 major
3325 2599 3537 2656 Joanne

1959 2685 2198 2755 Baptista
2249 2701 2412 2741 nemo
2444 2685 2610 2741 fuerit
2648 2688 2712 2754 ¹⁶,
2752 2696 2806 2743 et
2852 2689 2908 2743 in
2963 2696 3169 2744 tantum
3218 2692 3533 2761 opinionem

1956 2778 2152 2832 merito
2186 2777 2402 2833 virtutis
2447 2780 2773 2847 ascenderit,
2812 2788 2872 2837 ut
2905 2797 2937 2836 a
2979 2782 3253 2853 plerisque
3285 2783 3536 2841 Christus

1953 2880 2274 2940 putaretur;
2310 2871 2403 2926 sed
2437 2871 2582 2926 aliud
2622 2873 2796 2928 multo
2845 2873 3171 2930 mirabilius.
3204 2876 3320 2947 ('75)
3364 2875 3536 2933 Hero-

1953 2963 2049 3018 des
2083 2963 2354 3018 tetrarcha
2406 2962 2642 3017 habebat
2673 2964 2877 3034 regiam
2920 2974 3266 3035 potestatem,
3296 2976 3351 3022 et
3379 2977 3536 3038 pote-

1954 3061 2040 3107 rat
2069 3067 2217 3116 eum,
2248 3067 2373 3107 cum
2403 3052 2686 3117 voluisset,
2720 3053 2969 3111 occidere
3003 3071 3017 3108 :
3059 3066 3114 3111 et
3142 3071 3266 3112 cum
3302 3073 3415 3112 rem
3455 3058 3534 3115 fe-

1953 3147 2118 3201 cisset
2145 3147 2424 3216 injustam,
2455 3151 2510 3198 et
2539 3152 2729 3199 contra
2761 3144 2933 3215 legem
2969 3145 3174 3217 Moysi,
3210 3155 3269 3203 ut
3297 3164 3527 3205 uxorem

1954 3235 2138 3303 fratris
2165 3237 2248 3293 sui
2282 3236 2573 3306 acciperet,
2598 3250 2722 3306 quae
2755 3235 2990 3291 habebat
3031 3237 3196 3293 ﬁliam
3242 3238 3312 3294 de
3353 3239 3531 3309 priori

1954 3329 2095 3397 viro,
2128 3344 2237 3384 non
2265 3344 2390 3385 eum
2423 3327 2626 3395 timuit,
2674 3341 2785 3382 non
2817 3328 3027 3398 accepit
3073 3344 3389 3399 personam,
3421 3346 3532 3386 non

1952 3424 2248 3495 cogitavit,
2289 3430 2349 3478 ut
2392 3422 2536 3487 dixi,
2570 3421 2772 3492 regiam
2804 3427 3126 3491 potestatem
3150 3462 3167 3489 ,
3199 3438 3307 3478 non
3339 3421 3531 3478 formi-

1949 3516 2096 3571 davit
2118 3516 2428 3582 interitum;
2459 3513 2665 3570 sciebat
2689 3514 2858 3581 enim,
2890 3513 3104 3570 etiamsi
3132 3514 3392 3585 propheta
3418 3530 3528 3570 non

1947 3617 2114 3675 esset,
2161 3607 2307 3678 quod
2355 3606 2641 3663 lacessitus
2683 3620 2808 3661 eum
2855 3612 3043 3676 posset
3088 3607 3355 3663 occidere.
3402 3606 3529 3664 Haec

1951 3701 2115 3771 igitur
2164 3700 2421 3755 universa
2469 3714 2592 3754 cum
2638 3707 2858 3763 nosset,
2910 3699 3161 3754 libertate
3211 3698 3528 3770 prophetica

1947 3792 2216 3862 corripuit
2263 3789 2565 3856 Herodem,
2596 3799 2650 3846 et
2687 3790 2923 3846 incestas
2966 3788 3185 3860 nuptias
3219 3792 3435 3862 arguit,
3472 3801 3527 3846 ct

1946 3884 2017 3940 ob
2058 3883 2112 3938 id
2154 3883 2376 3939 clausus
2417 3882 2472 3936 in
2506 3896 2746 3948 carcere,
2775 3897 2885 3936 non
2926 3880 2993 3937 de
3027 3891 3201 3938 morte
3232 3882 3521 3947 sollicitus,

1946 3992 2055 4032 non
2083 3976 2150 4031 de
2181 3977 2388 4032 incerto
2419 3975 2611 4046 judicii
2636 4016 2652 4043 ,
2686 3975 2777 4030 sed
2820 3974 2875 4028 in
2916 3973 3150 4030 vinculis
3181 3975 3248 4030 de
3276 3974 3522 4041 Christo,

1945 4085 2105 4139 quem
2153 4068 2603 4131 annuntiaverat,
2658 4067 2949 4138 cogitabat.
2998 4066 3066 4122 Et
3117 4066 3244 4136 quia
3292 4066 3407 4137 ipse
3451 4069 3521 4124 ad

1942 4178 2067 4217 eum
2105 4162 2183 4216 ire
2212 4176 2323 4215 non
2366 4172 2598 4230 peterat,
2638 4160 2803 4215 mittit
2844 4158 3141 4229 discipulos
3170 4174 3302 4215 suos
3332 4159 3521 4215 scisci-

1943 4263 2117 4309 tantes
2140 4268 2156 4303 :
2190 4250 2267 4305 Tu
2288 4269 2341 4307 es
2362 4253 2452 4324 qui
2476 4263 2722 4306 venturus
2741 4267 2816 4316 es,
2844 4267 2910 4304 an
2933 4250 3097 4304 alium
3119 4254 3524 4319 exspectamus!

1939 4346 2366 4411 Animadvertis,
2397 4344 2544 4416 quod
2580 4353 2636 4399 et
2676 4343 2730 4398 in
2777 4357 2996 4399 carcere
3037 4342 3302 4409 docuerit,
3326 4338 3517 4397 videns

1939 4458 2065 4499 eum
2091 4451 2146 4498 et
2179 4441 2233 4495 in
2266 4439 2358 4494 illo
2393 4438 2515 4492 loco
2562 4436 2860 4506 discipulos
2890 4435 3109 4502 habere,
3151 4444 3205 4490 et
3235 4449 3400 4505 quam
3444 4434 3515 4488 ob

1939 4550 2166 4593 causam
2217 4531 2416 4587 ibidem
2458 4544 2554 4600 per
2587 4543 2647 4583 se
2683 4528 2985 4583 erudiebat.
3032 4526 3175 4582 lnter
3201 4541 3322 4598 quae
3349 4525 3511 4580 etiam

258 4628 495 4697 nuntiat,
527 4629 619 4685 sed
647 4629 931 4701 plurimas.
974 4627 1088 4684 Hoc
1121 4628 1319 4700 quippe
1349 4627 1629 4697 Scriptura
1659 4627 1829 4698 signi-
1864 4635 1907 4688 D
1936 4646 2062 4687 cum
2092 4627 2158 4682 de
2179 4624 2308 4680 Jesu
2343 4630 2460 4677 orta
2483 4630 2629 4677 esset
2663 4620 2911 4691 quaestio,
2944 4619 3112 4674 mittit
3140 4634 3204 4674 ex
3232 4617 3516 4689 discipulis

323 4762 391 4796 ³⁸⁸
420 4762 442 4816 Ι
477 4763 606 4818 Cor.
638 4779 692 4829 x,
719 4762 773 4817 4.
853 4765 897 4795 ¹³
935 4761 1091 4817 Joan.
1123 4778 1237 4825 XXI,
1273 4761 1363 4814 25.

255 4906 566 4979 πειρασμὸς
588 4906 770 4979 ,αὐτὸν
816 4905 1082 4979 narretque
1127 4905 1316 4979 πιστὴν
1335 4945 1349 4969 ,
1378 4904 1469 4957 καὶ
1502 4905 1829 4979 ὑπομονητι-

256 4973 375 5042 κὸνξ
411 4973 525 5031 ἀΧλ⁹
554 4973 716 5031 οὖσαν
750 4979 806 5029 ἐν
837 4976 984 5046 αὑτῷ
1006 4973 1238 5046 δύναμιν
1266 4973 1669 5046 ὑπομονητικὴν
1697 4973 1830 5042 ἐφα-

252 5030 513 5120 Ᾰρτέρὼάεγ.
534 5030 710 5120 Cupio
734 5047 897 5120 igitur
922 5030 1094 5100 videre
1120 5030 1656 5120 q'uomado'Dor'ninu's
1684 5030 1829 5120 meus

250 5115 411 5175 Iesus
451 5118 605 5171 habet
627 5115 1019 5179 'ventilabrum,
1056 5115 1253 5187 etquo
1296 5125 1445 5187 vento
1478 5115 1648 5187 ﬂante
1683 5115 1830 5187 (nam

251 5187 344 5243 ubi
385 5205 489 5243 non
532 5189 630 5257 ﬂat
671 5198 883 5250 ventus,
915 5187 1104 5241 inutile
1146 5184 1225 5257 est
1273 5184 1642 5257 ventilabrum)
1677 5184 1831 5253 palea

248 5257 464 5328 quidem
495 5255 737 5329 rapiatur
763 5259 831 5329 ad
874 5259 1145 5329 proprium
1174 5255 1364 5329 locum
1384 5296 1398 5320 ,
1434 5256 1669 5329 triticum
1705 5270 1824 5307 vero

251 5324 460 5383 centum
505 5324 756 5399 superans
801 5324 1070 5399 deferatur
1111 5328 1180 5380 ad
1223 5343 1397 5380 suum.
1435 5325 1510 5377 Ac
1558 5324 1668 5379 vide
1699 5338 1826 5399 num

250 5399 390 5468 forte
422 5394 733 5453 tentationes
774 5394 891 5469 qua:
922 5397 1101 5467 paleas
1144 5405 1451 5468 segregant,
1498 5403 1678 5449 ventus
1709 5394 1826 5469 _s_int

247 5462 341 5546 qui
385 5469 621 5523 triticum
671 5462 797 5546 vere
831 5462 1081 5546 triticum
1109 5462 1220 5523 esse
1270 5462 1823 5546 dento_nstrant._an

248 5535 391 5593 enim
432 5550 648 5604 ventus,
685 5538 740 5592 id
777 5548 855 5592 est
894 5539 1114 5591 tentatio
1137 5578 1152 5601 ,
1196 5554 1314 5590 cum
1351 5538 1579 5606 aliquem
1627 5535 1820 5606 vincit,

245 5611 456 5680 paleam
480 5611 653 5679 ipsum
682 5609 852 5678 efﬁcit,
884 5609 1104 5680 Itoc_est,
1135 5608 1296 5663 levem
1320 5616 1376 5680 et
1409 5604 1703 5680 inﬁdelem,
1731 5604 1822 5680 sed

245 5676 368 5734 eum
406 5676 563 5734 talem
587 5676 927 5749 esseqarguit.
958 5677 1026 5730 Et
1056 5679 1117 5749 si
1140 5679 1478 5733 tentationem
1504 5678 1619 5749 quis
1652 5676 1819 5729 susti-

246 5760 393 5815 neat,
436 5766 538 5804 non
577 5767 696 5806 eum
740 5747 958 5802 tentatio
997 5748 1201 5818 ﬁdelem
1245 5749 1368 5819 fecit
1406 5758 1455 5801 et
1490 5747 1816 5819 tolerantem,

245 5820 338 5890 sed
360 5819 686 5885 latentemin
715 5819 807 5873 illo
846 5816 1116 5890 patientiw
1158 5816 1401 5873 virtutem
1439 5816 1815 5885 tnanifestavit.

248 5889 468 5947 Boius.

1443 4760 1486 4790 ⁸⁸
1513 4759 1701 4813 Matth.
1732 4776 1808 4826 XI,
1841 4760 1928 4814 11.

2001 4902 2113 4974 (75)
2150 4901 2362 4958 Eaedem
2406 4901 2627 4974 scitula:
2669 4916 2694 4974 _:
2733 4892 2901 4974 Οὗτος
2954 4897 3289 4974 παρ-ανᾷμῳς
3337 4896 3512 4974 ξγημε

1929 4968 2030 5045 τὴὺ
2058 4968 2291 5045 γὺναξδςα
2340 4971 2434 5045 τοῦ
2464 4970 2696 5045 ἀδελφοῦ
2730 4969 2895 5045 enim}?
2936 4968 3088 5045 παρὰ
3113 4968 3511 5045 τὸν-Μωῦςέῳς

1928 5038 2120 5119 νϐμοίν
2175 5042 2289 5119 ἀλλ’
2339 5044 2369 5095 ὁ
2389 5038 2798 5119 Δᾁκακτάληιιςςίτςις
2845 5038 3146 5119 ξῐῳόξννηςι,
3194 5038 3254 5119 ὀη
3285 5038 3512 5119 μηρενρς

1929 5107 2220 5181 πρόσωπον
2267 5111 2611 5181 λαμρἁνωνν
2645 5107 2705 5181 ob
2736 5180 2739 5181 ν
2769 5108 3025 5178 φοϐηθεὶς
3077 5108 3177 5181 τὴν
3226 5107 3510 5181 βᾳςτιλιξιὴν

1929 5176 2207 5265 Egone-iw,
2230 5176 2354 5265 οὑξξ
2377 5176 2538 5265 ﬁxam
2563 5176 2789 5265 πληρῶν
2808 5176 3151 5265 etpriusquth
3174 5176 3509 5265 nappqaiav:

1930 5245 2124 5326 ήλεγξξ
2158 5252 2249 5326 τὸν
2291 5245 2537 5326 Ἡρῶδηλν
2578 5245 2689 5326 ἐςττῖ
2712 5245 3026 5326 παράνρμίᾳ
3051 5245 3143 5300 τοῦ
3159 5245 3376 5326 ﬁgo»;
3414 5245 3509 5298 καὶ

1932 5267 2124 5326 ηλεγςε
2158 5267 2249 5306 τον
2292 5267 2537 5322 τιρωοην
2578 5267 2672 5304 sm
2712 5267 3026 5358 napavoptq.
3051 5267 3143 5300 του
3159 5267 3375 5369 ,γαιὸιοιν
3414 5267 3505 5298 και

1932 5321 2289 5400 ξωιτεᾳλείσθη
2315 5319 2922 5400 ε.ἱς-ςρυλακῂν,.ξιξι.ιξιῖῂ
2945 5334 3226 5400 pepigi.va
3252 5395 3261 5400 Δ
3284 5316 3505 5377 avditae,

1931 5393 2204 5466 ἐμερίμνα
2225 5389 2363 5466 crept
2396 5389 2654 5466 Χριᾳτοῦ.
2696 5389 2795 5466 H_i_c
2824 5389 3009 5466 illicite
3038 5389 3263 5466 duxerat
3290 5402 3507 5466 natarent

1932 5456 2119 5534 fratris
2153 5463 2235 5534 sui
2277 5456 2464 5517 contra
2510 5462 2672 5534 legem
2724 5459 2924 5529 Moysis
2947 5474 2966 5512 .'
2993 5467 3047 5511 at
3080 5457 3314 5534 Joannes
3364 5456 3507 5525 apud

1929 5529 2079 5605 quem
2107 5532 2253 5587 nulla
2280 5543 2390 5585 erat
2426 5533 2657 5605 acceptio
2695 5545 3058 5605 personarum,
3092 5529 3397 5605 quique-nec
3423 5543 3512 5580 rc-

1929 5596 2072 5675 Qiam
2114 5613 2428 5675 potestatem
2465 5596 2854 5675 extimescebat,
2886 5615 3052 5675 neque
3080 5596 3253 5675 minus
3282 5596 3509 5675 liberta:-

1929 5665 2032 5729 ἷειη
2079 5665 2434 5743 propheticum
2485 5672 2766 5743 implebat,
2820 5665 3074 5743 corripuit
3126 5667 3389 5721 Herodem
3440 5665 3507 5719 ob

1925 5740 2147 5798 illicitas
2176 5740 2427 5812 nuptias.
2480 5740 2567 5795 Et
2592 5741 2855 5812 conjectus
2897 5750 2972 5812 est
3016 5740 3071 5812 in
3110 5753 3409 5812 carcerem,
3451 5743 3509 5789 et

1925 5814 1990 5868 de
2025 5822 2190 5869 morte
2220 5806 2353 5868 nihil
2392 5806 2693 5875 sollicitus,
2719 5811 2871 5869 unice
2904 5810 2967 5864 de
3007 5809 3218 5863 Christo
3256 5806 3502 5864 curabat.

1928 5887 2004 5969 lu.
2034 5956 2040 5961 ο
