4002 6574
305 496 445 557 1873

1478 500 1546 556 ΙΝ
1584 498 1823 558 LUCAM
1862 497 2148 556 HOMILM
2189 499 2385 556 XXIX.

3433 504 3570 560 1875

299 612 524 684 quando
547 612 934 671 conscendere.
970 613 1075 682 Qui
1114 617 1258 675 enim
1289 619 1416 677 fecit
1440 636 1566 677 eum
1604 621 1757 680 cmlis
1784 621 1881 679 tibi
1907 623 1957 682 Α
1984 634 2296 677 sermonem
2325 619 2440 676 Dei.
2474 619 2781 693 Congregat
2805 622 2873 678 de
2905 623 3205 694 prophetis,
3238 625 3305 678 de
3328 623 3472 694 lege,
3506 624 3577 685 de

300 704 744 773 descendentem,
782 708 1042 767 mulieres
1081 727 1189 769 non
1223 715 1514 786 quaslibet,
1563 717 1656 772 sed
1689 732 1886 787 pecea-

301 798 493 865 triees,
518 806 574 853 et
597 815 735 869 quas
770 798 1051 873 Scriptura
1077 807 1517 877 reprehenderat,
1553 809 1885 868 introducit:

299 892 398 963 qui
438 907 569 949 vero
595 894 929 965 baptizatum
959 908 1167 967 narrat,
1220 901 1427 957 nullius
1471 901 1600 959 facit
1642 905 1889 962 mulieris

304 984 657 1039 mentionem.
699 984 755 1039 ln
790 985 1044 1045 Matthaao
1083 989 1230 1046 enim
1273 991 1323 1023 "
1350 1031 1366 1058 ,
1402 1000 1463 1047 ut
1491 990 1756 1058 diximus.
1789 1009 1890 1050 no-

302 1074 547 1129 minatur
576 1075 849 1142 Thamar,
879 1094 1003 1149 quae
1041 1096 1165 1136 cum
1215 1098 1407 1139 socero
1451 1082 1641 1139 fraude
1686 1099 1891 1140 concu-

301 1164 443 1229 buit.
484 1174 540 1222 et
593 1165 741 1222 Ruth
795 1168 1054 1228 Moabitis
1081 1188 1184 1229 nec
1232 1174 1301 1230 de
1346 1192 1545 1247 genere
1597 1178 1891 1234 Israelzet

302 1255 480 1325 Raab,
511 1276 634 1329 qua:
665 1261 811 1317 unde
844 1272 1061 1335 sumpta
1091 1265 1183 1332 sit,
1220 1268 1363 1324 seire
1386 1284 1599 1340 nequeo
1632 1288 1644 1325 :
1671 1278 1726 1326 et
1754 1286 1888 1326 con-

301 1347 396 1419 jux
442 1346 607 1416 Uriaz,
641 1367 763 1421 qua:
813 1352 1038 1410 violavit
1086 1358 1271 1412 mariti
1323 1366 1523 1415 torum.
1560 1359 1698 1428 Quia
1741 1362 1887 1417 enim

307 1440 573 1498 Dominus
597 1452 783 1499 noster
811 1454 975 1517 atque
1011 1447 1262 1505 Salvator
1290 1452 1357 1505 ad
1384 1452 1487 1508 hoc
1528 1464 1753 1509 venerat
1776 1495 1792 1520 ,
1830 1464 1890 1511 ut

306 1533 591 1589 hominum
627 1546 850 1607 peccata
886 1541 1212 1612 susciperet,
1237 1553 1291 1598 et
1313 1560 1436 1599 eum
1467 1545 1561 1616 qui
1600 1563 1708 1603 non
1743 1548 1891 1604 fece-

303 1632 390 1679 rat
423 1636 732 1695 peceatum,
767 1644 865 1698 pro
888 1630 1050 1685 nobis
1079 1641 1361 1701 peccatum
1387 1632 1514 1689 fecit
1535 1634 1680 1692 Deus
1714 1653 1729 1689 :
1762 1651 1890 1708 pro-

305 1725 489 1784 pterea
519 1718 858 1776 descendens
894 1721 947 1777 in
984 1723 1270 1791 mundum,
1294 1729 1596 1799 assumpsit
1635 1740 1888 1799 peceato-

304 1821 427 1860 rum
471 1808 751 1863 hominum
783 1810 1215 1883 vitiosorumque
1263 1829 1549 1884 personam
1578 1858 1595 1884 ,
1633 1828 1687 1873 et
1737 1817 1888 1873 nasci

305 1899 478 1954 voluit
514 1900 582 1955 de
613 1902 783 1972 stirpe
814 1901 1144 1969 Salomonis,
1186 1906 1343 1976 cujus
1379 1917 1599 1978 peccata
1643 1911 1887 1967 conscri-

304 1998 418 2060 p’a,
442 1998 498 2046 et
534 1970 805 2062 Roboam,
836 1994 996 2065 cujus
1030 1997 1225 2053 delicta
1254 1970 1528 2067 feruntur,
1551 2011 1605 2058 et
1634 2002 1701 2058 de
1727 2011 1887 2060 caete-
1919 1970 1964 2030 Β

306 2084 404 2147 ris,
437 2098 468 2139 e
500 2084 702 2157 quibus
752 2088 908 2143 multi
945 2087 1193 2148 fecerunt
1242 2092 1446 2148 malum
1496 2094 1550 2149 in
1592 2107 1888 2167 conspectu

305 2171 420 2228 Dei.
451 2174 684 2242 Quando
724 2176 853 2233 véro
880 2179 947 2235 de
977 2180 1195 2240 lavacro
1227 2187 1570 2255 conscendit,
1601 2196 1655 2243 et
1693 2204 1891 2245 secun-

302 2266 407 2321 dus
431 2267 565 2321 ordo
604 2282 726 2324 esse
756 2269 1108 2340 describitur,
1140 2289 1247 2329 non
1269 2290 1365 2346 per
1398 2275 1768 2346 Salomonem,
1793 2279 1887 2336 sed

302 2374 337 2426 p
358 2373 400 2411 -r
425 2356 641 2415 Nathan
674 2361 940 2430 nascitur,
966 2365 1058 2435 qui
1093 2364 1212 2436 ejus
1251 2368 1433 2440 arguit
1466 2380 1675 2440 patrem
1725 2387 1889 2443 super

303 2451 447 2508 Uria:
492 2463 669 2510 morte
700 2465 935 2528 ortuque
992 2457 1324 2518 Salomonis.
1371 2462 1477 2522 Sed
1526 2465 1579 2521 in
1630 2467 1888 2527 Mattltazo

300 2561 515 2616 s-mper
538 2548 910 2618 generationis
958 2567 1157 2608 nomen
1207 2555 1568 2629 adjungttur:
1622 2559 1712 2616 hic
1763 2576 1891 2618 vero

300 2637 518 2705 penitus
543 2639 771 2696 siletur:
807 2640 1081 2713 Scriptum
1114 2653 1197 2700 est
1219 2646 1365 2701 enim
1396 2648 1469 2704 ibi
1500 2650 1582 2703 ’δε
1618 2651 1888 2707 Abraham

298 2730 475 2798 genuit
494 2726 672 2799 Isaac,
699 2729 860 2786 Isaac
883 2736 1060 2803 genuit
1081 2734 1272 2805 Iacob,
1294 2737 1461 2794 Iacob
1487 2743 1664 2811 genuit
1688 2741 1886 2798 Iudam

296 2832 346 2876 et
402 2822 597 2891 fratres
646 2820 784 2894 ejus,
818 2823 993 2881 Iudas
1039 2830 1221 2899 genuit
1268 2829 1471 2887 Phares
1520 2845 1569 2889 et
1598 2833 1795 2889 Zaram
1824 2838 1888 2893 de

304 2915 556 2984 Thamar,
585 2925 641 2973 et
669 2935 845 2990 usque
870 2921 937 2976 ad
966 2921 1126 2976 finem
1151 2963 1167 2988 ,
1209 2926 1419 2995 genuit,
1471 2915 1686 2999 semper
1720 2946 1888 3002 appo-

299 3012 467 3067 nitur.
500 3014 560 3067 In
594 3012 743 3069 Luca
774 3030 925 3082 vero,
956 3015 1048 3071 ubi
1088 3018 1156 3073 de
1200 3018 1421 3076 lavacro
1449 3025 1767 3080 conscendit
1796 3025 1888 3082 Ie-

298 3120 416 3169 sus,
449 3105 591 3161 [ilius
622 3108 824 3164 dicitur
850 3125 862 3161 :
896 3108 1044 3166 Sicut
1075 3111 1365 3181 putabatur
1388 3115 1533 3185 ﬁlius
1560 3115 1755 3188 Ioseph
1782 3137 1802 3175 :
1832 3129 1888 3176 et

300 3194 354 3248 in
410 3206 516 3250 tam
551 3197 722 3254 multa
773 3200 916 3256 serie
949 3203 1266 3267 nominum,
1302 3214 1529 3277 excepto
1558 3209 1703 3279 quod
1727 3219 1887 3279 puta-

296 3288 457 3344 batur
485 3290 633 3394 ﬁlius
658 3292 887 3394 Ioseph,
924 3297 1292 3366 generationis
1333 3314 1531 3356 nomen
1582 3303 1880 3375 ascriptum
1911 3334 1954 3394 α

297 3397 407 3438 non
439 3394 543 3440 est.
572 3384 631 3440 In
660 3385 916 3443 Mattbaao
943 3404 1051 3445 non
1078 3398 1163 3445 est
1208 3392 1494 3462 scriptum,
1548 3394 1834 3466 incipiebat
1865 3417 1883 3455 :

298 3474 389 3532 hic
417 3492 583 3544 vero,
635 3479 765 3550 quia
811 3480 880 3536 de
932 3481 1260 3553 baptismate
1309 3499 1717 3545 conscensurus
1745 3501 1883 3560 erat,

298 3566 581 3636 incipiebat
610 3568 830 3641 legitur,
857 3571 1140 3643 Scriptura
1170 3574 1437 3633 referente
1466 3595 1480 3630 :
1523 3577 1593 3634 Et
1636 3582 1746 3651 ipse
1770 3591 1886 3637 erat

296 3656 453 3713 Iesus
514 3661 790 3730 incipiens.
819 3661 1052 3731 Quando
1104 3666 1250 3721 enim
1301 3668 1612 3741 baptizatus
1662 3684 1786 3744 est,
1833 3690 1885 3733 et

298 3751 619 3822 mysterium
650 3754 905 3810 secundae
930 3759 1302 3828 generationis
1350 3767 1690 3836 assumpsit,
1733 3778 1792 3824 ut
1827 3780 1881 3827 tu

296 3857 518 3913 quoque
541 3844 778 3914 priorem
810 3847 1149 3904 nativitatem
1174 3850 1446 3920 destruas,
1474 3864 1529 3910 et
1559 3856 1612 3911 in
1643 3861 1883 3917 secunda

297 3936 710 4007 regeneratione
753 3942 1033 4007 nascaris,
1077 3951 1209 4000 tunc
1247 3944 1450 4002 dicitur
1491 3948 1786 4021 incepisse.
1819 3952 1886 4010 Et

288 4029 574 4098 quomodo
597 4031 832 4101 populus
859 4030 1197 4105 Iudaeorum,
1226 4040 1450 4109 quando
1478 4051 1599 4097 erat
1626 4044 1688 4103 in
1714 4044 1884 4119 Egy-

296 4131 412 4192 pto,
449 4138 557 4178 non
589 4124 825 4180 habebat
851 4126 1071 4183 initium
1126 4132 1398 4188 mensium
1435 4152 1449 4189 :
1496 4138 1717 4207 quando
1752 4156 1882 4198 vero

295 4229 553 4285 egressus
590 4232 657 4271 ex
704 4215 963 4290 Egypto,
1001 4229 1132 4278 tunc
1170 4221 1281 4295 [al.
1335 4225 1515 4301 nunc]
1567 4229 1770 4286 dicitur
1813 4234 1883 4289 ad

294 4321 421 4363 eum
445 4307 492 4340 "
526 4325 542 4363 :
572 4308 767 4364 Mensis
790 4311 959 4384 966
984 4314 1084 4368 iste
1120 4315 1334 4371 initium
1371 4321 1630 4375 mensium
1674 4324 1880 4393 primus

295 4401 393 4456 erit
426 4399 570 4455 vobis
607 4402 673 4456 de
715 4405 983 4460 mensibus
1032 4408 1163 4461 anni
1191 4424 1210 4463 :
1252 4408 1332 4465 sic
1375 4410 1472 4481 qui
1518 4412 1752 4470 necdum
1798 4424 1883 4473 est

296 4492 624 4563 baptizatus,
652 4510 754 4551 nec
782 4497 1016 4568 erupisse
1038 4511 1313 4557 narratur.
1349 4500 1462 4560 Nec
1492 4503 1638 4560 enim
1675 4504 1878 4565 frustra

294 4582 539 4637 additum
570 4592 824 4654 putemus
854 4587 921 4642 ad
950 4588 1001 4643 id
1026 4589 1174 4658 quod
1206 4591 1449 4646 dicitur:
1482 4592 1607 4662 Ipse
1627 4606 1744 4651 erat
1786 4597 1881 4654 Ie-

1989 714 2272 785 apostolis,
2298 714 2461 770 verba
2486 714 2835 771 abundantiae
2860 732 2872 769 :
2900 716 3044 773 unde
3074 717 3296 789 quando
3319 717 3432 788 jam
3464 732 3576 773 non

1990 806 2307 863 scribuntur
2336 807 2481 874 libri,
2520 823 2622 863 nec
2651 823 2852 863 novum
2900 809 3121 880 aliquod
3173 810 3459 866 conficitur
3488 811 3575 866 in-

1989 907 2379 963 Strumentum,
2409 913 2512 955 nec
2540 897 2831 954 mittuntur
2855 899 2924 953 ab
2955 901 3216 969 apostolis
3255 918 3317 956 ea
3339 917 3463 972 quae
3506 901 3576 957 ab

1987 985 2118 1041 Iesu
2162 987 2216 1041 in
2261 988 2458 1043 horrea
2512 988 2891 1058 apostolorum
2946 987 3161 1045 fuerant
3208 1002 3573 1063 comportata,

1992 1077 2098 1133 hoc
2140 1086 2226 1135 est
2268 1079 2322 1134 in
2358 1080 2573 1135 animas
2599 1095 2813 1147 eorum,
2843 1080 3202 1152 omniumque
3232 1094 3574 1150 sanctorum,

1992 1172 2285 1228 distribuat
2306 1182 2359 1229 et
2393 1175 2601 1229 nutriat
2631 1173 2927 1246 ZEgyptum
2971 1174 3114 1231 fame
3151 1176 3576 1246 periclitantem,

1992 1265 2339 1336 maximeque
2364 1263 2585 1333 fratres,
2629 1264 2697 1321 de
2727 1267 2928 1336 quibus
2988 1266 3291 1322 scribitur:
3328 1265 3577 1322 Narrabo

1991 1376 2176 1414 nomen
2206 1369 2354 1413 tuum
2380 1358 2637 1428 fratribus
2664 1360 2815 1421 meis.
2859 1360 2913 1413 in
2949 1359 3120 1414 medio
3164 1357 3417 1416 Ecclesia:
3445 1377 3578 1416 can-

1993 1457 2112 1506 tabo
2146 1462 2194 1505 te
2224 1451 2291 1507 “.
2319 1449 2533 1506 Habent
2558 1460 2612 1505 et
2645 1451 2735 1506 alii
2766 1451 3019 1507 homines
3054 1450 3217 1507 verba
3253 1454 3529 1522 patientiae
3560 1469 3573 1505 :

1991 1540 2266 1612 verbaque
2312 1539 2505 1610 judicii
2541 1548 2595 1593 et
2639 1541 2975 1609 reliquarum
3036 1540 3199 1595 verba
3268 1542 3574 1598 virtutum:

1991 1633 2096 1689 hoc
2135 1644 2217 1690 est
2248 1632 2491 1689 triticum
2524 1633 2669 1704 quod
2721 1632 2921 1704 Ioseph
2954 1631 3226 1706 Egyptiis
3272 1635 3575 1692 distribuit.

1992 1724 2097 1780 Sed
2129 1725 2275 1780 aliud
2306 1732 2390 1781 est
2412 1723 2749 1780 frumentum
2778 1726 2923 1795 quod
2951 1724 3233 1792 fratribus,
3280 1726 3331 1780 id
3365 1736 3471 1797 est,
3495 1727 3579 1781 di-

1992 1817 2217 1888 scipulis
2250 1816 2365 1873 suis
2394 1816 2673 1872 distribuit
2700 1816 2766 1871 de
2797 1815 3007 1872 Iessem
3040 1826 3184 1872 terra
3208 1858 3222 1882 ,
3253 1818 3320 1872 de
3351 1834 3413 1872 ea
3455 1833 3578 1888 quae

1993 1917 2058 1971 ad
2082 1916 2348 1971 orientem
2373 1914 2615 1986 respicit,
2640 1914 2880 1969 triticum
2906 1915 3301 1985 evangelicum,
3334 1914 3575 1970 triticum

1992 2010 2378 2081 apostolicum.
2414 2008 2490 2065 De
2525 2010 2628 2067 hoc
2658 2010 2840 2065 tritico
2868 2011 3134 2078 debemus
3168 2026 3337 2081 panes
3372 2010 3571 2077 facere.

1991 2102 2065 2156 ita
2100 2110 2280 2157 tamen
2334 2110 2395 2157 ut
2442 2119 2547 2158 non
2595 2103 3018 2160 commisceatur
3066 2104 3235 2158 veteri
3277 2103 3574 2170 fermento,

1991 2194 2398 2266 habeamusque
2447 2210 2644 2266 panem
2693 2211 2893 2251 novum
2931 2196 2998 2252 de
3040 2195 3416 2266 Sripturarum
3473 2196 3574 2251 tri-

1992 2286 2133 2354 tico,
2167 2286 2512 2359 farinamque
2547 2290 2922 2346 eommolitam
2957 2288 3011 2343 in
3041 2288 3262 2344 Christo
3297 2287 3448 2355 Iesu,
3484 2288 3571 2345 cui

1989 2390 2074 2436 est
2098 2381 2269 2453 gloria
2296 2390 2350 2438 et
2382 2382 2674 2453 imperium
2700 2382 2754 2437 in
2783 2383 2982 2439 saecula
3006 2382 3353 2439 smeulorum.
3377 2382 3571 2438 Amen.

2520 2499 2811 2557 llOMILlA
2844 2499 3037 2555 XXIX.

1990 2607 2068 2663 De
2089 2625 2149 2663 eo
2174 2610 2314 2679 quod
2342 2610 2599 2677 scriptum
2628 2619 2706 2665 est
2732 2626 2750 2663 :
2786 2627 2804 2659 ι
2826 2606 2994 2679 Iesus
3020 2618 3195 2661 autem
3235 2604 3420 2679 plenus
3450 2601 3558 2679 Spi-

2060 2682 2166 2735 ritu
2187 2676 2379 2736 sancto
2429 2676 2662 2736 reversus
2690 2689 2767 2734 est
2799 2678 2873 2734 ί»
2937 2688 2985 2731 et
3020 2680 3083 2732 de
3128 2678 3415 2732 tentatione
3458 2676 3568 2744 ejus

2057 2754 2254 2824 prima.
2285 2753 2415 2822 Cap.
2454 2766 2528 2806 tv.

2059 2845 2292 2912 Quando
2321 2844 2457 2915 legis
2488 2843 2542 2899 in
2594 2841 2892 2914 Evangelio
2919 2881 2934 2907 ,
2969 2838 3127 2895 Iesus
3157 2848 3337 2894 autem
3385 2838 3569 2907 plenus

1984 2934 2195 3007 Spiritu
2217 2944 2401 2990 sancto
2424 2951 2657 2989 reversus
2685 2944 2782 2996 est.
2806 2942 2860 2989 et
2876 2934 2929 2987 in
2954 2933 3181 2988 Actibus
3198 2931 3569 3002 apostolorum

1987 3023 2080 3078 ubi
2111 3023 2335 3088 dicitur,
2375 3023 2522 3094 quod
2558 3022 2747 3093 repleti
2784 3021 2987 3076 fuerint
3022 3019 3230 3091 Spiritu
3274 3029 3467 3076 saneto
3501 3021 3568 3087 ³⁷,

1987 3115 2109 3170 vide
2157 3131 2228 3171 ne
2276 3115 2515 3186 aequales
2556 3123 2714 3184 putes
2763 3130 2884 3171 esse
2918 3113 3193 3183 apostolos
3246 3111 3516 3167 Salvatori
3553 3131 3567 3167 :

1986 3205 2084 3263 sed
2112 3214 2166 3262 et
2188 3204 2400 3271 Iesum,
2433 3204 2712 3276 apostolos
2734 3244 2747 3270 ,
2794 3213 2849 3260 et
2894 3204 3063 3259 alium
3105 3202 3404 3274 quemlibet
3441 3216 3571 3258 san-

1987 3312 2197 3356 ctorum
2244 3301 2432 3371 plenos
2478 3297 2685 3371 Spiritu
2739 3306 2930 3355 sancto
2963 3312 3234 3368 cognosce
3267 3296 3569 3353 secundum

1990 3407 2305 3447 mensuram
2336 3391 2545 3448 vasculi
2594 3390 2678 3447 sui
2707 3409 2721 3445 :
2757 3399 2811 3446 et
2834 3389 3151 3460 quomodo,
3194 3388 3344 3443 verbi
3371 3386 3568 3457 gratia,

1988 3487 2035 3542 si
2063 3484 2306 3541 volueris
2353 3485 2576 3552 dicere,
2604 3483 2725 3543 haec
2752 3498 2884 3539 vasa
2915 3482 3075 3554 plena
3130 3490 3261 3537 sunt
3304 3479 3434 3537 vino
3483 3480 3572 3541 vel

1986 3580 2132 3645 oleo,
2155 3595 2265 3635 non
2288 3578 2475 3635 statim
2498 3577 2718 3648 judieas
2739 3577 2885 3648 quod
2908 3576 3105 3647 aequali
3126 3579 3385 3632 mensura
3409 3574 3572 3646 plena

1987 3672 2406 3743 sint(siquidem
2434 3669 2581 3726 aliud
2614 3670 2914 3726 sextarium
2942 3684 3140 3739 capere
3186 3677 3387 3739 potest,
3419 3666 3567 3722 aliud

1986 3777 2204 3826 urnam,
2234 3760 2382 3817 aliud
2414 3760 2779 3832 amphoram),
2810 3759 3001 3816 eodem
3037 3759 3199 3815 modo
3223 3768 3277 3814 et
3321 3757 3483 3814 Iesus
3513 3765 3570 3814 et

1986 3849 2189 3907 Paulus
2213 3851 2357 3923 pleni
2392 3861 2550 3907 erant
2583 3849 2790 3921 Spiritu
2836 3859 3026 3906 saneto
3060 3868 3074 3904 :
3111 3848 3207 3907 sed
3249 3849 3422 3904 multo
3471 3864 3568 3905 vas

1984 3940 2138 3997 Pauli
2168 3943 2350 3998 minus
2378 3951 2497 3997 erat
2516 3956 2645 3997 vase
2665 3940 2818 4007 Iesu,
2838 3949 2893 3996 et
2915 3950 3096 3997 tamen
3118 3948 3236 3996 erat
3261 3939 3563 3996 secundum

1985 4050 2299 4091 mensuram
2329 4050 2484 4091 suam
2506 4044 2804 4106 utrumque
2825 4033 3184 4104 completum.
3206 4032 3444 4103 Accepto
3466 4033 3568 4088 ita-

1983 4142 2090 4197 que
2118 4126 2414 4197 baptismo,
2447 4124 2701 4182 Salvator
2731 4126 2926 4197 plenus
2954 4122 3161 4196 Spiritu
3191 4133 3385 4180 saneto
3408 4166 3423 4190 ,
3470 4122 3567 4194 qui

1983 4235 2148 4290 super
2187 4230 2313 4275 eum
2344 4220 2396 4273 in
2452 4218 2636 4290 specie
2662 4217 2933 4276 columbae
2993 4216 3061 4274 de
3112 4216 3269 4273 caelis
3319 4228 3563 4286 venerat,

1980 4310 2285 4367 ducebatur
2352 4326 2384 4365 a
2446 4310 2664 4380 spiritu.
2729 4308 2873 4375 Quia
2915 4309 3057 4363 enim
3113 4318 3367 4381 quotquot
3438 4308 3566 4380 Spi-

1981 4404 2093 4457 ritu
2142 4401 2242 4457 Dei
2269 4401 2555 4469 ducuntur,
2589 4402 2643 4455 hi
2675 4400 2780 4472 ﬁlii
2805 4410 2926 4455 sunt
2964 4398 3060 4455 Dei
3091 4400 3174 4468 '3;
3225 4401 3327 4457 iste
3376 4410 3563 4457 autem

1982 4500 2136 4549 extra
2169 4507 2362 4549 omnes
2389 4493 2607 4564 proprie
2632 4490 2803 4549 Filius
2825 4491 2921 4548 Dei
2958 4501 3096 4559 erat,
3126 4493 3248 4549 ideo
3285 4504 3340 4550 et
3378 4495 3559 4565 ipsum

1981 4582 2268 4653 oportebat
2303 4580 2508 4652 Spiritu
2550 4590 2741 4638 saneto
2783 4581 2930 4637 duci.
2972 4580 3253 4652 Siquidem
3296 4583 3562 4654 scriptum

294 4689 406 4738 sus,
441 4676 589 4744 quod
646 4677 929 4747 sequitur,
974 4680 1255 4750 incipiens.
1307 4681 1414 4738 Sed
1467 4695 1522 4739 et
1556 4688 1706 4757 quod
1753 4691 1872 4747 ait:
1909 4682 1952 4739 ι)
1979 4687 2104 4730 est:
2138 4674 2440 4730 Ducebatur
2468 4682 2645 4728 autem
2682 4674 2739 4727 in
2775 4673 3041 4728 desertum
3082 4691 3116 4728 a
3157 4674 3372 4745 spiritu.
3405 4674 3562 4743 Qua-

295 4765 463 4833 Quasi
494 4785 755 4823 annorum
778 4771 1020 4842 triginta,
1045 4774 1529 4833 considerandum.
1551 4776 1754 4853 Ioseph
1786 4786 1881 4841 tri-

294 4856 443 4927 ginta
469 4874 738 4916 annorum
763 4870 902 4927 erat,
929 4864 1149 4933 quando
1180 4864 1447 4924 dimissus
1473 4882 1506 4924 e
1533 4870 1791 4942 vinculis,
1820 4884 1876 4932 et

293 4949 684 5017 interpretatus
714 4954 990 5009 somnium
1030 4955 1359 5027 Pharaonis,
1392 4959 1611 5035 Egypti
1647 4965 1872 5025 effectus

291 5053 375 5100 est
396 5045 670 5117 princeps,
703 5047 1078 5119 ubertatisque
1110 5059 1353 5121 tempore
1382 5055 1625 5111 triticum
1649 5073 1877 5132 congre-

290 5135 457 5206 gavit,
484 5146 544 5192 ut
578 5135 739 5194 famis
772 5149 1018 5209 tempore
1048 5140 1275 5198 haberet
1315 5145 1463 5213 quod
1497 5146 1876 5208 distribueret.

291 5226 404 5299 Ego
465 5239 597 5299 puto
638 5231 783 5301 quod
802 5234 1021 5305 triginta
1045 5234 1174 5292 anni
1195 5233 1401 5306 Ioseph
1415 5235 1472 5291 in
1488 5242 1617 5307 typo
1652 5242 1877 5315 triginta

291 5336 561 5378 annorum
593 5326 972 5394 praecesserint
998 5326 1317 5385 Salvatoris.
1357 5328 1463 5384 lste
1497 5331 1642 5386 enim
1666 5332 1870 5407 Ioseph

291 5428 398 5468 non
435 5413 540 5470 tale
572 5415 814 5471 triticum
837 5420 1210 5489 congregavit,
1241 5420 1401 5490 quale
1428 5420 1483 5474 in
1518 5421 1756 5497 Egypto
1780 5428 1873 5486 ille

288 5500 513 5575 Ioseph,
547 5508 643 5563 sed
676 5508 916 5564 triticum
948 5527 1162 5578 verum,
1188 5522 1354 5582 atque
1373 5513 1616 5582 cmleste,
1646 5527 1705 5573 ut
1731 5528 1871 5575 tem-

291 5610 420 5666 pore
452 5598 718 5656 ubertatis
748 5602 932 5658 tritico
966 5612 1295 5677 congregato
1328 5606 1553 5664 haberet
1583 5603 1731 5681 quod
1757 5613 1869 5671 dis-

292 5686 571 5757 tribueret,
600 5707 725 5748 eum
750 5691 923 5749 fames
950 5704 1099 5751 esset
1126 5696 1296 5754 missa
1334 5698 1390 5753 in
1418 5699 1735 5774 A'Sgypwm,
1761 5720 1870 5761 non

292 5775 465 5838 fames
486 5782 669 5855 patris,
698 5801 875 5856 neque
913 5786 1035 5843 sitis
1058 5803 1235 5859 aquae,
1272 5793 1369 5848 sed
1393 5792 1568 5849 fames
1608 5795 1866 5851 audiendi

366 5967 409 5998 ³³
441 5970 573 6040 Cap.
604 5985 636 6024 ι.
717 5972 760 6004 ’³
786 5970 974 6028 Matth.
1004 5988 1042 6040 t,
1063 5971 1118 6041 '2,
1150 5975 1202 6029 3.

1297 5976 1342 6008 ⁸⁸
1375 5975 1545 6032 Ελοαη
1586 5993 1682 6045 xu,
1718 5977 1771 6033 '2.
1853 5975 2065 6034 “Psal.
2104 5994 2217 6044 xxi,
2248 5976 2340 6033 2‘2.

1984 4767 2233 4837 draginta
2263 4766 2456 4822 diebus
2492 4774 2733 4821 tentatur
2759 4764 2940 4834 Iesus,
2974 4774 3029 4822 et
3064 4781 3187 4837 qua:
3216 4766 3419 4823 fuerint
3446 4776 3563 4824 ten-

1984 4868 2223 4916 tamenta
2272 4860 2550 4916 nescimus
2576 4873 2751 4929 aqua:
2784 4859 2907 4914 ideo
2936 4858 3166 4915 forsitan
3194 4861 3561 4930 praetermissa

1980 4961 2130 5021 sunt,
2163 4952 2292 5023 quia
2323 4953 2532 5025 majora
2556 4959 2715 5008 erant
2744 4966 2909 5023 quam
2948 4961 3008 5008 ut
3046 4952 3244 5008 litteris
3272 4953 3560 5009 crederen-

1978 5053 2085 5100 tur.
2129 5043 2199 5099 Et
2232 5044 2279 5101 si
2319 5045 2399 5101 sic
2427 5055 2642 5116 oportet
2693 5045 2897 5113 dicere,
2929 5045 3072 5101 sicut
3105 5045 3340 5100 mundus
3369 5061 3560 5116 capere

1975 5152 2086 5193 non
2117 5144 2328 5207 poterat
2360 5152 2555 5193 omnes
2588 5137 2783 5203 libros,
2818 5138 2865 5193 si
2914 5137 3117 5208 scripta
3159 5137 3393 5193 fuissent
3438 5154 3560 5208 qua

1974 5232 2102 5288 fecit
2128 5241 2182 5287 et
2202 5229 2600 5288 docuitIesus:
2642 5231 2723 5288 sic
2746 5232 3111 5303 quadraginta
3136 5232 3349 5287 dierum
3381 5240 3558 5288 tenta-

1976 5326 2154 5381 tiones
2179 5326 2381 5396 quibus
2410 5334 2650 5382 tentatus
2666 5334 2751 5381 est
2785 5324 3049 5381 Dominus
3070 5341 3099 5379 a
3128 5325 3367 5391 diabolo,
3393 5340 3555 5381 mun-

1977 5421 2082 5477 dus
2111 5418 2255 5475 ferre
2284 5435 2395 5476 non
2421 5426 2656 5489 poterat,
2687 5419 2734 5473 si
2761 5416 3044 5488 Scriptura
3078 5416 3378 5473 docuisset.
3399 5415 3564 5472 Sulli-

1974 5511 2050 5566 cit
2072 5509 2230 5567 nobis
2248 5510 2355 5566 hoc
2370 5518 2585 5566 tantum
2618 5510 2781 5573 scire,
2809 5509 2955 5580 quod
2979 5508 3340 5580 quadraginta
3363 5507 3567 5566 diebus

1974 5602 2029 5657 in
2062 5601 2283 5658 deserto
2308 5599 2496 5670 fuerit,
2521 5611 2575 5657 et
2609 5601 2923 5657 tentabatur
2965 5616 2997 5656 a
3040 5599 3292 5668 diabolo,
3346 5607 3400 5655 et
3456 5615 3566 5655 non

1973 5697 2272 5754 comederit
2308 5694 2609 5769 quidquam
2659 5694 2714 5748 in
2761 5692 2954 5749 diebus
3015 5692 3146 5749 illis.
3197 5691 3566 5747 Mortiﬁcabat

1971 5790 2116 5847 cnim
2150 5805 2375 5846 sensum
2408 5788 2592 5844 carnis
2636 5787 2754 5859 jngi
2792 5786 3161 5856 continuoque
3196 5784 3405 5855 jejunio
3437 5799 3450 5835 :
3510 5792 3563 5837 et

2437 5975 2481 6008 ⁸⁷
2504 5973 2627 6029 Act.
2661 5990 2721 6044 tt,
2752 5974 2784 6028 -l
2900 5972 2944 6005 ⁸³
2974 5970 3131 6027 Rom.
3167 5982 3284 6034 vtu,
3330 5963 3416 6021 ΗΑ
