4002 6564
224 447 355 506 1881

1386 445 1453 501 IN
1494 443 1732 504 LUCAM
1774 444 2058 502 IIOMILIA
2096 443 2310 500 XXXII.

3356 437 3492 496 {882

217 574 278 622 et
304 565 692 634 interpretatur
715 563 845 618 illud
878 562 947 617 de
971 558 1211 625 Christo,
1243 561 1386 630 quod
1415 577 1525 618 non
1552 563 1618 619 de
1646 563 1806 619 Chri-
1833 569 1879 627 Α
1907 572 2228 634 potestatem
2273 559 2628 618 conenlcandi
2665 537 2762 625 ite,
2805 569 2860 616 et
2905 561 3088 617 datam
3139 561 3297 618 nobis
3353 560 3492 614 hanc

219 666 330 723 sto,
365 655 458 712 sed
483 656 550 711 de
583 656 790 712 sanctis
817 655 1142 726 generaliter
1172 654 1434 724 scriptum
1469 663 1572 711 est.
1607 653 1798 710 Libere

216 749 421 817 quippe
445 758 496 801 et
523 755 632 801 tota
659 747 984 802 conﬁdentia
1011 746 1326 801 contradieo
1363 745 1600 812 diabolo,
1634 762 1800 816 super

215 837 423 894 Christi
447 853 676 908 persona
709 839 810 892 hoc
833 853 940 892 non
971 854 1128 908 posse
1156 837 1402 906 intelligi.
1435 836 1619 908 Neque
1651 839 1797 892 enim

219 930 426 1000 indiget
473 932 787 1000 angelorum
836 931 1061 995 auxilio,
1107 931 1199 1000 qui
1255 931 1429 1001 major
1473 931 1698 1000 angelis,
1747 939 1802 986 et

221 1025 420 1080 melius
474 1025 608 1093 ipsis
660 1025 1028 1080 haereditatem
1085 1036 1412 1080 consecutus
1469 1035 1524 1080 et
1577 1041 1798 1081 nomen.

217 1115 367 1171 Nulli
406 1119 720 1189 angelorum
770 1134 1010 1188 unquam
1041 1119 1181 1174 dixit
1225 1117 1410 1174 Deus:
1448 1118 1623 1172 Filius
1657 1135 1800 1174 meus

216 1228 272 1264 es
303 1220 499 1280 tu,_ego
527 1209 678 1264 hodie
705 1212 858 1280 genui
879 1223 926 1264 te
954 1211 1041 1264 “2
1061 1211 1141 1266 Ad
1181 1211 1390 1266 nullum
1418 1227 1606 1266 eorum
1643 1211 1800 1281 quasi

219 1303 289 1357 ad
318 1301 516 1356 Filium
552 1303 768 1358 locutus
801 1319 814 1354 :
853 1302 957 1368 Qui
987 1303 1116 1372 facit
1162 1303 1374 1370 angelos
1409 1319 1531 1356 suos
1559 1303 1800 1373 spiritus,

217 1405 269 1448 et
299 1394 568 1448 ministros
614 1411 736 1448 suos
767 1397 939 1466 ignem
977 1405 1210 1450 urentem
1241 1395 1320 1462 ³⁸;
1367 1395 1462 1449 sed
1505 1395 1572 1450 ad
1601 1395 1641 1450 F
1648 1397 1798 1451 ilium

217 1487 438 1557 proprie
464 1503 647 1553 suum,
665 1487 732 1542 de
755 1502 864 1557 quo
892 1487 1309 1543 innumerabilia
1330 1489 1574 1559 loquitur
1596 1489 1649 1542 in
1677 1504 1802 1558 pro-

218 1581 417 1650 phetis.
451 1578 568 1634 Non
603 1581 825 1650 indiget,
859 1582 1104 1652 inquam,
1133 1583 1447 1650 angelorum
1475 1582 1679 1637 auxilio
1710 1581 1802 1634 Fi-

219 1669 328 1724 lius
361 1669 475 1723 Dei.
514 1669 657 1736 Quin
689 1672 869 1740 potius
903 1671 1074 1737 disce,
1109 1673 1346 1737 diabole,
1378 1673 1527 1743 quod
1577 1671 1681 1727 nisi
1708 1670 1801 1727 Je-

217 1776 318 1818 sus
346 1762 616 1831 adiuverit
649 1763 870 1832 angelos
911 1762 1048 1833 (86),
1083 1763 1355 1819 oﬁ‘endent
1383 1765 1574 1834 pedem
1618 1781 1800 1819 suum.

219 1852 290 1906 Et
322 1854 366 1909 si
394 1854 517 1923 quis
552 1847 866 1924 angelorum
900 1855 1049 1910 visus
1071 1865 1156 1911 est
1181 1856 1475 1920 oﬂ‘endere,
1508 1859 1575 1914 de
1601 1858 1800 1928 quibus

1900 659 2201 721 ditionem,
2256 672 2363 710 non
2407 654 2582 708 solum
2629 653 2680 708 in
2730 653 2906 709 Veteri
2961 653 3309 709 Testamento
3351 655 3493 708 sicut

1900 763 2044 802 nunc
2071 755 2324 800 cantatur
2368 745 2420 798 in
2452 744 2684 814 psalmo,
2721 746 2814 800 sed
2849 747 3010 800 etiam
3048 747 3098 799 in
3139 742 3314 809 Novo,
3370 745 3492 798 Sal-

1902 849 2084 894 vatore
2117 839 2330 893 dicente
2349 837 2390 868 “
2417 856 2430 892 :
2468 837 2602 891 Ecce
2627 837 2694 890 do
2728 837 2870 892 vobis
2906 848 3212 907 potestatem
3238 839 3491 892 calcandi

1901 949 2056 1001 super
2106 940 2366 1000 serpentes
2413 941 2462 984 et
2520 931 2842 1000 scorpiones,
2885 941 2933 984 et
2983 947 3184 984 onmem
3238 933 3489 985 virtutem

1900 1025 2125 1086 inimici,
2176 1032 2224 1077 et
2271 1023 2404 1077 nihil
2451 1023 2592 1076 vobis
2646 1022 2922 1077 nocebunt.
2984 1021 3280 1078 Sumamus
3338 1039 3486 1078 arma

1901 1124 2051 1170 tanta
2092 1123 2356 1185 potestate
2401 1114 2621 1178 ﬁrmati,
2668 1126 2722 1170 et
2773 1116 3029 1171 universa
3079 1115 3387 1172 faciamus:
3431 1124 3492 1170 ut

1904 1222 1999 1276 per
2044 1207 2517 1261 conversationem
2564 1216 2808 1261 nostram
2850 1208 3061 1262 leonem
3097 1209 3489 1265 conculcemus

1901 1307 1957 1356 et
1984 1299 2300 1354 draconem.
2334 1297 2506 1353 Porro
2544 1307 2604 1354 ut
2639 1300 2784 1355 scias
2817 1301 3095 1370 quomodo
3134 1303 3490 1357 conculcetur

1902 1396 1987 1452 leo
2020 1408 2071 1452 et
2127 1405 2442 1452 conteratur
2474 1398 2660 1460 draco,
2703 1396 2858 1451 Pauli
2907 1397 3206 1468 Epistolam
3246 1398 3382 1467 lege,
3434 1399 3488 1451 in

1902 1504 2008 1560 qua
2037 1489 2232 1543 asserit
2275 1488 2582 1543 conculcari
2620 1497 2938 1555 peccatores
2987 1488 3125 1542 Filio
3172 1489 3286 1542 Dei.
3335 1486 3487 1542 Sicut

1901 1596 2032 1651 ergo
2081 1581 2174 1649 qui
2213 1590 2464 1650 peccator
2510 1588 2593 1635 est
2641 1581 2991 1636 conculcatur
3045 1581 3185 1635 Filio
3229 1581 3321 1634 Dei
3357 1602 3368 1636 :
3407 1581 3488 1635 sic

1901 1672 2209 1726 econtrario
2245 1671 2336 1742 qui
2364 1671 2546 1740 justus
2575 1681 2659 1727 est
2689 1674 2975 1729 concaleat
3025 1672 3237 1726 leonem
3264 1681 3318 1727 et
3349 1672 3481 1727 dra-

1902 1778 2116 1826 conem,
2145 1773 2198 1817 et
2225 1777 2440 1817 omnem
2470 1763 2720 1817 virtutem
2755 1765 2958 1818 inimici
2986 1765 3269 1819 conculcat
3297 1766 3349 1818 in
3383 1780 3485 1820 no-

1903 1869 2050 1908 mine
2072 1853 2238 1924 970
2267 1851 2394 1909 Jesu
2423 1852 2649 1915 Christi,
2673 1855 2762 1908 cui
2792 1863 2874 1910 est
2898 1855 3068 1926 gloria
3097 1863 3150 1910 et
3190 1855 3481 1925 imperium

217 1946 425 2001 dudum
453 1948 648 2001 lectum
674 1955 776 2012 est,
805 1950 930 2017 quia
957 1949 1170 2019 angelos
1186 1949 1548 2019 judicabimus
1573 1950 1620 1982 ³⁸
1647 1969 1660 2003 :
1687 1951 1806 2005 ideo
1838 1955 1879 2009 Β
1910 1946 1964 2001 in
1995 1947 2193 2002 saecula
2228 1946 2574 2002 saeculorum.
2599 1947 2793 2002 Amen.

217 2038 466 2106 offendit,
493 2039 623 2109 quia
657 2055 763 2092 non
794 2041 1034 2094 extendit
1060 2058 1282 2096 manum
1315 2059 1468 2097 suam
1498 2043 1561 2096 ad
1591 2041 1799 2108 Jesum,

217 2141 280 2184 ut
304 2133 678 2201 apprehensus
704 2133 772 2186 ab
796 2147 860 2187 eo
882 2148 990 2187 non
1017 2133 1333 2190 olIenderet.
1361 2134 1630 2201 Quoniam
1655 2136 1799 2190 enim

219 2224 274 2278 in
315 2226 532 2294 propria
579 2223 780 2279 virtute
825 2224 1126 2288 conﬁdens,
1181 2241 1288 2280 non
1343 2226 1562 2281 invocas
1613 2227 1802 2295 praesi-

215 2315 368 2369 dium
404 2315 553 2381 Jesu,
587 2316 838 2381 oﬁ‘endis,
871 2325 926 2370 et
969 2316 1192 2371 credere
1222 2317 1274 2371 in
1302 2316 1488 2372 Jesum
1518 2318 1798 2373 Christum

216 2406 413 2463 Filium
447 2407 535 2461 Dei
579 2408 825 2463 noluisti.
863 2406 932 2462 Ut
963 2418 1144 2462 autem
1180 2409 1323 2464 scias
1348 2409 1492 2478 quod
1530 2409 1672 2464 male
1711 2410 1796 2463 in-

218 2507 546 2568 terpretatus
573 2513 653 2565 es,
690 2507 745 2553 et
769 2514 875 2552 non
903 2498 970 2553 de
1002 2497 1242 2562 Christo,
1277 2499 1367 2553 sed
1398 2499 1464 2554 de
1489 2501 1694 2555 sanctis
1725 2500 1800 2554 in-

213 2590 383 2658 telligi
417 2605 539 2659 qua:
571 2597 891 2659 sequantur,
926 2591 1196 2643 ausculta.
1240 2589 1283 2642 A
1320 2591 1478 2644 ruina
1508 2601 1562 2646 et
1589 2591 1796 2646 daemo-

216 2681 313 2736 nio
343 2680 644 2736 meridiano
675 2679 719 2711 ³⁷
753 2695 860 2734 non
887 2678 1072 2736 Jesum
1107 2680 1384 2736 Christum
1417 2683 1608 2736 liberat
1631 2681 1795 2749 Deus,

214 2771 311 2828 sed
354 2781 600 2826 sanctos.
656 2771 792 2842 Lege
835 2772 1249 2841 nonagesimum
1300 2772 1593 2840 psalmum,
1639 2775 1798 2844 cujus

213 2863 541 2933 principium
570 2881 582 2916 :
615 2862 720 2928 Qui
763 2864 968 2918 habitat
1009 2865 1062 2917 in
1109 2863 1378 2931 adjutorio
1412 2863 1704 2926 Altissimi,
1739 2865 1794 2919 in

209 2958 533 3024 protectione
586 2956 681 3010 Dei
729 2957 844 3011 cali
878 2955 1298 3010 commorabitur
1339 2956 1406 3022 ³⁸,
1447 2965 1502 3011 et
1541 2956 1796 3011 invenies

214 3049 334 3102 haec
365 3048 538 3118 magis
579 3047 729 3116 justo
775 3048 912 3109 viro,
945 3064 1108 3116 quam
1155 3047 1248 3102 Dei
1282 3046 1420 3102 Filio
1467 3048 1790 3102 convenire:

212 3136 418 3190 Cadent
450 3154 482 3191 a
513 3138 675 3191 latere
709 3148 798 3190 tuo
826 3136 989 3200 mille,
1016 3147 1064 3190 et
1106 3137 1283 3190 decem
1317 3137 1491 3191 millia
1523 3153 1556 3190 a
1589 3137 1792 3192 dextris

212 3232 360 3290 tuis;
402 3231 471 3283 ad
513 3240 560 3284 te
594 3240 770 3284 autem
811 3245 914 3282 non
944 3229 1407 3299 appropinquabit,
1438 3238 1790 3283 verumtamen

2428 2057 2721 2114 IIOMILIA
2746 2057 2962 2114 XXXII.

1905 2172 1981 2227 De
2013 2189 2073 2227 eo
2115 2173 2252 2243 quod
2283 2173 2541 2243 scriptum
2569 2183 2686 2227 est:
2731 2193 2749 2224 ι
2803 2173 3052 2226 Reversus
3096 2185 3172 2226 est
3217 2175 3375 2227 Iesus
3427 2173 3481 2224 in

1973 2248 2166 2298 virtute
2193 2245 2436 2312 spiritus,
2477 2265 2494 2296 ι
2535 2260 2698 2313 usque
2741 2244 2808 2296 ad
2847 2260 2964 2296 eum
2999 2244 3193 2306 locant,
3245 2244 3332 2295 ubi
3365 2243 3480 2295 ait:

1976 2333 1994 2366 ι
2033 2314 2098 2367 Et
2133 2316 2366 2367 omnium
2399 2316 2538 2368 oculi
2565 2325 2714 2368 erant
2749 2318 2803 2368 in
2844 2330 3112 2386 synagoga
3159 2314 3483 2367 intendentes

1971 2387 2027 2438 in
2060 2402 2199 2439 eum.
2241 2403 2259 2437 ι
2296 2385 2430 2455 Cap.
2472 2402 2546 2440 tv.

1965 2490 2208 2546 Primum
2241 2493 2460 2562 quidem
2498 2492 2658 2549 Iesus
2692 2494 2884 2564 plenus
2926 2495 3131 2565 Spiritu
3171 2505 3361 2550 sancto
3395 2510 3478 2549 re-

1900 2599 2092 2640 versus
2117 2594 2202 2640 est
2234 2601 2261 2638 a
2295 2583 2554 2650 Jordane,
2584 2596 2638 2640 et
2687 2587 2953 2656 agebatur
2992 2589 3044 2641 in
3079 2588 3271 2657 spiritu
3303 2589 3357 2641 in
3389 2588 3484 2642 de-

1899 2685 2046 2731 snrto
2068 2676 2260 2732 diebus
2291 2677 2674 2748 quadraginta.
2699 2678 2835 2732 Cum
2861 2688 3160 2733 tentaretur
3185 2694 3214 2732 a
3244 2678 3479 2743 diabolo,

1899 2767 2012 2839 (88)
2055 2769 2184 2839 quia
2226 2771 2403 2824 adhuc
2433 2768 2482 2823 vi
2526 2778 2832 2827 certaturus
2865 2779 2982 2826 erat
3013 2772 3276 2827 adversus
3325 2786 3477 2833 eum,

1896 2869 1950 2916 et
1983 2862 2172 2927 semel,
2205 2872 2258 2917 et
2289 2863 2392 2929 bis,
2422 2878 2529 2918 non
2572 2878 2698 2918 cum
2746 2865 3118 2920 additamento
3152 2865 3338 2933 aliquo
3366 2864 3483 2933 spi-

1897 2955 2030 3008 ritus
2073 2956 2314 3024 ponitur.
2361 2955 2592 3022 Quando
2640 2974 2768 3013 vero
2814 2967 2925 3013 tres
2975 2959 3302 3012 tentationes
3347 2973 3486 3027 quas

1897 3044 2181 3116 Scriptura
2219 3057 2636 3113 commemorat,
2667 3050 2962 3120 pugnando
3001 3050 3300 3119 superavit,
3351 3050 3480 3118 quid

1893 3143 1961 3199 de
1984 3144 2178 3213 spiritu
2233 3145 2515 3216 signanter
2544 3154 2811 3214 cauteque
2857 3152 3114 3214 ponatur,
3157 3143 3228 3196 ait
3264 3161 3279 3197 :
3311 3141 3378 3195 Et
3404 3160 3487 3197 re-

1897 3254 2072 3292 versus
2098 3249 2175 3293 est
2205 3237 2361 3294 Iesus
2388 3239 2443 3293 in
2470 3239 2662 3292 virtute
2682 3238 2924 3308 spiritus.
2953 3237 3141 3291 Virtus
3170 3235 3351 3290 addita
3379 3244 3484 3301 est,

209 3323 383 3377 oculis
419 3323 524 3377 tuis
575 3322 794 3387 videbis,
839 3331 889 3376 et
918 3323 1316 3376 retributionem
1347 3324 1570 3392 aspicies
1609 3339 1790 3392 pecca-
1819 3304 1863 3362 (ί
1898 3332 2027 3402 quia
2069 3331 2487 3388 conculcaverat
2511 3332 2828 3396 draconem,
2858 3339 2913 3386 et
2963 3336 3286 3384 tenuiorem
3313 3328 3487 3384 comi-

209 3424 390 3472 corum
425 3417 490 3480 ³³,
515 3425 569 3472 et
597 3418 825 3485 reliqua,
854 3432 1018 3486 super
1049 3432 1338 3487 personam
1367 3418 1498 3488 justi
1533 3418 1799 3487 interpre-

213 3519 358 3564 tans.
397 3509 500 3564 Sed
531 3519 583 3566 et
612 3510 692 3566 sic
719 3526 939 3580 quoque
985 3527 1240 3580 perverse
1271 3511 1511 3568 efferens
1543 3513 1796 3569 diabolus

209 3603 550 3667 testimonia,
584 3611 643 3656 ut
693 3611 962 3658 assereret
1007 3619 1172 3672 super
1219 3603 1500 3659 Salvatore
1541 3605 1792 3674 intelligi,

209 3690 338 3746 silet
367 3699 422 3745 et
457 3692 650 3748 transit
678 3692 980 3748 versiculos
1002 3693 1095 3762 qui
1127 3703 1316 3748 contra
1345 3709 1405 3748 se
1431 3695 1618 3763 scripti
1643 3705 1792 3750 sunt.

208 3783 350 3837 Cum
380 3784 524 3838 enim
554 3783 784 3841 dixisset
820 3803 833 3838 :
883 3787 1082 3858 angelis
1113 3788 1222 3842 suis
1255 3789 1525 3840 mandavit
1555 3789 1618 3842 de
1650 3798 1717 3854 te,
1745 3799 1796 3843 et

205 3877 265 3928 in
299 3876 540 3930 manibus
583 3878 768 3932 tollent
813 3888 879 3944 te,
907 3895 971 3932 ne
999 3878 1134 3948 forte
1163 3878 1401 3946 offendas
1441 3879 1510 3932 ad
1563 3878 1795 3948 lapidem

205 3969 391 4037 pedem
417 3980 588 4035 tuum,
617 3971 788 4027 tacuit
813 3970 944 4026 illud
973 3970 1120 4040 quod
1146 3972 1391 4042 sequitur
1415 3987 1428 4023 :
1460 3969 1631 4041 Super
1649 3973 1796 4042 aspi-

202 4061 327 4114 dem
354 4071 404 4115 et
446 4061 753 4116 basiliscum
791 4063 1108 4131 ambulabis,
1138 4074 1184 4118 et
1227 4064 1558 4118 conculcabis
1590 4063 1794 4119 leonent

201 4160 257 4208 et
277 4154 580 4209 draconem.
615 4155 817 4221 Quare,
864 4156 1099 4219 diabole,
1131 4156 1279 4219 siles,
1311 4157 1414 4211 nisi
1455 4157 1602 4225 quod
1642 4166 1697 4212 tu
1731 4172 1794 4213 es

204 4246 600 4309 basiliseus.tu
647 4264 705 4301 es
734 4248 977 4301 omnium
1026 4248 1358 4318 serpentium
1399 4249 1642 4318 regulus,
1691 4265 1792 4304 no-

201 4338 446 4393 centiora
493 4338 699 4393 habens
733 4353 937 4393 venena
982 4353 1146 4407 quam
1193 4339 1419 4394 czeteri?
1455 4339 1558 4406 Qui
1610 4341 1792 4395 statim

204 4439 268 4484 ut
292 4429 496 4483 videris
526 4429 794 4498 aliquem,
831 4430 1112 4495 interﬁcis,
1143 4440 1196 4486 et
1219 4431 1382 4485 aliam
1419 4429 1792 4485 fortitudinem

200 4521 539 4578 contrariam
567 4523 769 4578 sociam
799 4524 878 4576 tui
919 4525 1178 4589 assumis,
1209 4539 1331 4593 quae
1360 4523 1510 4592 aspis
1551 4525 1791 4594 appella-

200 4631 318 4683 tur,
345 4627 400 4674 et
431 4620 550 4674 viro
591 4619 739 4686 justo
762 4619 1006 4688 subjecta
1034 4627 1140 4684 est,
1169 4627 1224 4672 et
1251 4618 1455 4673 idcirco
1490 4618 1675 4673 omnia
1711 4628 1792 4672 ta-

199 4727 318 4768 ces.
352 4710 431 4765 Tu
459 4727 519 4766 es
549 4711 736 4772 draco,
768 4719 822 4765 tu
849 4726 908 4765 es
937 4711 1042 4775 leo,
1079 4711 1147 4765 de
1178 4710 1379 4780 quibus
1403 4710 1661 4766 scribitur
1699 4711 1744 4742 ⁸⁰
1774 4730 1787 4764 :

203 4803 378 4874 Super
401 4803 634 4874 aspidem
661 4813 712 4857 et
749 4803 1053 4858 basiliscum
1101 4802 1353 4869 calcabis,
1381 4811 1431 4857 et
1460 4802 1791 4859 conculcabis

200 4898 405 4951 leonem
454 4906 501 4950 et
548 4897 850 4950 draconem.
911 4895 1015 4950 Sed
1066 4896 1192 4952 licet
1225 4905 1278 4950 tu
1323 4905 1526 4963 taceas,
1561 4913 1661 4953 nos
1698 4897 1791 4966 qui

203 4988 518 5056 Scripturas
548 4987 748 5042 rectius
777 4987 1028 5056 legimus,
1061 4986 1266 5041 scimus
1297 4986 1498 5041 habere
1547 5003 1650 5042 nos
1678 4987 1790 5057 (87)

275 5103 344 5136 ’δ’
383 5102 527 5158 Psal.
565 5121 626 5166 ιι,
657 5104 709 5158 ’7.

199 5175 430 5240 ιαι,15.
533 5177 577 5207 ⁸³
618 5174 751 5233 Luc.
787 5191 844 5240 ιι,
873 5175 959 5230 19.

277 5292 390 5363 (86)
437 5291 635 5349 Recole
673 5309 794 5362 qua:
830 5293 1086 5362 superius
1128 5291 1195 5347 ad
1248 5291 1500 5347 homilias
1531 5290 1600 5346 10
1630 5300 1685 5348 et
1717 5292 1788 5347 23

199 5365 272 5419 de
301 5363 403 5434 hac
424 5364 668 5418 diximus
695 5363 944 5432 Origenis
969 5364 1304 5434 opinatione.

278 5433 394 5504 (87)
435 5436 609 5488 Antea
639 5435 777 5489 falso
802 5431 1086 5503 legebatur
1119 5451 1226 5488 vos.
1262 5431 1587 5504 Ilnjusmodi
1621 5433 1792 5486 mani-

205 5503 348 5584 festa
378 5503 576 5559 menda
609 5521 716 5560 non
747 5504 914 5560 semel
944 5504 1107 5571 infra,
1137 5505 1340 5560 lectore
1365 5519 1465 5560 nec
1487 5504 1788 5569 admonito,

203 5583 567 5629 castigantur.

203 5784 529 5873 (ξνομάζιξται
563 5784 626 5839 τὸ
652 5786 868 5873 aucupa
889 5787 1060 5873 χωρὶς
1093 5784 1789 5873 πάξηςιᾱτροσθήκηζςΌτε

204 5856 616 5926 ἀγωνισάμενος
651 5856 868 5928 ἐνίκησε
892 5856 1038 5920 ἑοὺς
1077 5856 1237 5927 τρεῖς
1266 5856 1792 5928 ἀναγεγραμμένους

209 5929 570 5998 πειρασμοὺς,
613 5928 849 5999 πρόσχες
894 5931 958 5999 τῇ
987 5928 1242 6000 ἀκριϐείᾳ
1271 5929 1368 5998 τῆς
1413 5929 1632 5999 Γραφῆς
1665 5929 1791 5999 περὶ

789 5105 833 5135 ³⁸
871 5103 1018 5158 Psal.
1042 5119 1161 5170 cur,
1189 5102 1243 5157 Δ.
1321 5103 1366 5134 ³⁸
1407 5105 1427 5158 Ι
1477 5103 1604 5160 Cor.
1643 5119 1714 5170 vr,
1751 5104 1804 5158 ὅ.

1897 3439 2004 3478 nus
2026 3424 2254 3478 vicerat.
2296 3423 2571 3479 Reversus
2615 3432 2700 3479 est
2719 3439 2848 3494 ergo
2874 3422 3034 3478 Jesus
3056 3422 3109 3476 in
3132 3423 3330 3476 virtute
3358 3418 3485 3491 Spi-

1897 3515 2036 3571 ritus
2061 3516 2113 3570 in
2143 3515 2422 3572 Galilaeam
2453 3526 2678 3579 terram,
2715 3527 2768 3569 et
2791 3517 2933 3571 fama
2971 3517 3105 3572 exiit
3141 3532 3237 3586 per
3263 3530 3484 3572 omnem

1898 3608 2182 3678 regionem
2205 3609 2272 3662 de
2294 3625 2360 3664 eo
2393 3627 2408 3664 :
2443 3609 2558 3678 ipse
2587 3610 2819 3666 docebat
2858 3609 2909 3662 in
2946 3609 3239 3680 synagogis
3271 3623 3488 3676 eorum,

1895 3707 1950 3752 et
1973 3697 2474 3768 gloritieabatur‘ah
2504 3702 2782 3756 omnibus.
2832 3699 2978 3755 Cave
3012 3716 3080 3754 ne
3130 3701 3318 3756 beatos
3367 3701 3490 3756 illos

1899 3801 2111 3846 tantum
2136 3792 2371 3860 judices,
2397 3801 2452 3848 et
2509 3801 2562 3848 te
2612 3792 2895 3847 arbitreris
2949 3793 3184 3862 primum
3240 3809 3362 3848 esse
3391 3793 3490 3847 do-

1896 3883 2092 3936 ctrina.
2123 3883 2183 3936 Si
2206 3898 2332 3936 vera
2368 3891 2496 3937 sunt
2524 3895 2648 3952 quae
2693 3881 2897 3950 scripta
2951 3889 3104 3945 sunt,
3152 3895 3258 3934 non
3309 3879 3487 3935 solum

1895 3984 2028 4030 tunc
2055 3975 2109 4028 in
2146 3973 2660 4046 congregationibus
2701 3971 3040 4039 Jntlreorum,
3089 3971 3184 4026 sed
3240 3980 3295 4026 et
3329 3971 3488 4025 hodie

1897 4067 1952 4120 in
2006 4069 2112 4122 hac
2167 4067 2591 4137 congregatione
2647 4064 2913 4120 Dominus
2971 4064 3254 4134 loquitur:
3294 4072 3486 4118 etnon

1899 4159 2078 4213 solum
2107 4160 2158 4212 in
2187 4159 2309 4226 hac,
2342 4159 2434 4214 ’sed
2459 4160 2622 4214 etiam
2649 4159 2703 4214 in
2733 4159 2841 4213 alio
2863 4165 3030 4222 cmtu,
3061 4167 3114 4212 et
3142 4158 3194 4212 in
3224 4166 3336 4212 toto
3357 4159 3488 4211 orbe

1895 4253 2054 4307 docet
2082 4250 2264 4317 Jesus,
2285 4267 2536 4321 qurerens
2561 4265 2764 4321 organa
2790 4266 2884 4321 per
2911 4265 3032 4321 qua:
3063 4251 3275 4304 doceat.
3296 4247 3482 4317 Orate,

1896 4354 1956 4400 ut
1983 4360 2071 4399 me
2122 4359 2340 4415 quoque
2371 4344 2733 4414 compositum
2791 4343 2860 4398 ad
2889 4343 3216 4407 canendum,
3265 4352 3484 4413 aptum-

1895 4456 2000 4509 que
2036 4439 2290 4508 reperiat.
2322 4436 2477 4492 Sieut
2502 4437 2648 4492 enim
2701 4437 2896 4508 quaerit
2945 4436 3299 4504 omnipotens
3341 4435 3491 4493 Deus

1898 4531 2193 4601 prophetas
2220 4546 2286 4585 eo
2333 4539 2575 4598 tempore
2619 4544 2729 4598 quo
2772 4527 3056 4598 prophetia
3115 4528 3372 4582 mortales
3401 4528 3490 4581 in-

1896 4623 2100 4693 digent,
2136 4631 2190 4677 et
2243 4623 2468 4685 invenit,
2505 4621 2653 4675 verbi
2698 4621 2869 4691 gratia
2897 4619 3114 4684 Isaiam,
3170 4618 3486 4683 Jeremiam,

1899 4715 2262 4778 Ezechielem,
2300 4715 2579 4770 Danielem
2611 4734 2622 4770 :
2659 4715 2738 4772 sic
2771 4715 2965 4785 quaerit
2995 4714 3140 4771 Deus
3163 4731 3365 4784 organa
3396 4730 3492 4784 per

1900 4821 2023 4876 quae
2055 4807 2248 4862 doceat
2282 4822 2590 4861 sermonem
2645 4822 2830 4873 suum,
2877 4807 2957 4861 vel
2995 4806 3206 4862 erudiat
3257 4807 3496 4876 populos

1899 4899 1954 4952 in
1987 4898 2280 4968 synagOgis
2323 4913 2555 4964 eorum,
2602 4906 2658 4953 et
2718 4897 3054 4969 gloriﬁcetur
3091 4897 3160 4950 ab
3211 4897 3488 4950 omnibus.

1899 4987 2058 5044 Nunc
2086 4991 2260 5058 magis
2306 4990 2643 5060 gloriﬁcatur
2693 4991 2763 5045 ab
2809 4991 3066 5045 omnibus
3094 4989 3276 5054 Iesus,
3321 5003 3486 5057 quam

1881 5105 1924 5137 ³⁷
1963 5103 2110 5161 Psal.
2142 5121 2230 5170 xc,
2266 5105 2318 5158 6.
2397 5105 2443 5138 ³⁸
2470 5104 2605 5160 ibid.
2643 5104 2692 5158 I.
2771 5105 2815 5136 ”
2855 5103 2989 5159 ibid.
3021 5103 3087 5168 7,
3121 5101 3176 5157 8.
3259 5101 3307 5132 "
3338 5099 3484 5155 Psal.

1886 5291 1980 5345 τοῦ
2017 5290 2346 5363 πνεύματος.
2377 5291 2442 5344 Τί
2466 5307 2667 5363 φησιν;
2710 5296 2794 5348 ὅτι
2835 5288 3066 5363 Ἰησοῦς
3102 5287 3492 5363 {insidant-21,496.?

1887 5364 1956 5416 ἐν
1985 5362 2059 5431 τῇ
2091 5356 2340 5431 δύνάμει
2375 5356 2489 5416 τοῦ
2519 5356 2882 5430 ἇτνεύματος.
2901 5356 3020 5414 Καὶ
3050 5358 3390 5431 προσέθηιεεν
3418 5356 3494 5411 ἐν

1888 5432 1962 5501 τῇ
1987 5428 2360 5501 δύνάμείδιὰ
2383 5433 2480 5487 τὸν
2523 5428 2762 5504 ἀοληίεὴν
2799 5433 2891 5485 τὸν
2924 5428 3268 5504 νενικῂκότᾳ.
3303 5428 3494 5492 Quatt-

1889 5499 2169 5573 doquidem
2225 5514 2527 5558 certaturus
2551 5499 2664 5558 erat
2695 5499 2880 5556 contra
2911 5499 3492 5573 diabrolum,_in‘tenta-

1891 5571 2031 5645 tione
2057 5575 2134 5645 bis
2167 5575 2477 5628 nominatur
2507 5575 2729 5645 spiritus
2755 5576 2946 5644 absque
2966 5571 3487 5645 u_llo_additamento.

1893 5644 2120 5710 Quando
2153 5662 2270 5700 vero
2313 5655 2417 5699 tres
2449 5641 2766 5699 tentationes
2806 5641 2938 5714 quas
2974 5642 3260 5714 Scriptur_a
3303 5641 3486 5714 refert,

1893 5717 2174 5784 pugnando
2197 5717 2485 5785 superavit,
2516 5715 2725 5770 attende
2749 5710 2907 5785 quam
2929 5721 3177 5768 accurate
3207 5710 3490 5785 scriptura

1894 5780 2146 5848 loquatur
2181 5791 2244 5839 de
2262 5780 2485 5856 spiritu.
2519 5788 2660 5852 Qui!
2689 5780 2815 5842 ait?
2843 5785 3116 5856 Iievcrstts
3139 5792 3222 5838 est
3249 5780 3407 5836 Jesus
3433 5781 3482 5835 in

1897 5859 2096 5911 virtute
2145 5855 2394 5926 spiritus.
2456 5857 2522 5909 It't
2575 5857 2786 5910 addidit
2834 5876 2850 5912 :
2911 5858 2965 5912 in
3022 5855 3242 5920 virtute,
3280 5861 3492 5923 propter

1897 5927 2111 5982 athleta:
2145 5929 2442 5982 victoriam.
2484 5927 2702 5984 [ιινιευε.
