4002 6560
215 450 374 518 {885'
1352 454 1426 513 IN
1454 455 1699 515 LUCAII
1734 452 2023 511 WA
2058 453 2306 513 XXXIV.

215 586 361 637 hanc
392 593 501 634 non
535 564 805 649 recepisse
837 576 1154 647 prophetas,
1197 585 1252 633 et
1273 590 1463 633 eorum
1493 575 1744 633 vaticinia
1773 594 1786 629 :
1822 579 1863 634 Α
2317 573 2603 631 llOMILlA
2645 574 2869 632 xxxw
2913 574 3048 648 (92).

213 690 382 748 porro
417 674 668 783 “at???”
712 688 834 744 qum
883 674 1059 783 lfmlge,
1094 673 1310 730 meram
1334 690 1363 729 ³
1393 675 1710 783 Ρ¹ξ⁰ῐ⁵¹¹θίίδς,
1894 710 1973 765 De
2006 729 2065 767 eo
2096 712 2233 783 quod
2258 711 2513 780 scriptum
2535 721 2613 765 est
2644 727 2662 765 :
2702 731 2720 762 ι
2764 709 3038 779 Magister,
3066 708 3193 779 quid
3237 707 3358 763 boni
3405 706 3482 777 fa-

3341 452 3481 507 1886

211 781 407 824 eorum
435 766 684 821 notitiam
731 782 840 821 non
906 766 1197 834 habebant,
1251 768 1558 838 suscepisse
1602 765 1795 821 vatici-

216 860 369 914 nium
397 857 525 913 Jesu
560 857 787 914 Christi.
813 858 985 914 Nemo
1015 868 1099 915 est
1143 874 1275 931 ergo
1325 859 1587 929 propheta
1641 873 1797 914 acce-

215 960 342 1021 ptns
368 952 420 1005 in
447 951 620 1021 patria
657 968 778 1018 sua,
815 952 916 1007 hoc
965 961 1049 1007 est
1102 951 1155 1005 in
1211 952 1411 1023 populo
1461 949 1793 1006 Iudaeorum.

212 1041 329 1099 Nos
364 1058 545 1098 autem
577 1044 670 1114 qui
695 1060 915 1100 eramus
945 1043 1107 1100 alieni
1157 1060 1187 1099 a
1218 1053 1543 1100 testamento
1569 1052 1621 1099 et
1644 1059 1799 1114 pere-

214 1135 358 1205 grini
384 1153 414 1190 a
444 1136 927 1206 promissionibus,
955 1146 1071 1191 toto
1095 1138 1389 1208 prophetas
1416 1137 1579 1193 corde
1606 1151 1797 1192 susce-

215 1231 422 1300 pimus,
460 1229 747 1302 magisque
774 1228 1039 1284 habemus
1075 1228 1294 1301 Moysen
1326 1238 1379 1283 et
1415 1228 1705 1299 prophetas
1732 1227 1799 1282 de

215 1323 442 1380 Christo
466 1324 844 1394 praedicantes,
874 1339 1035 1395 quam
1066 1324 1141 1378 illi
1185 1323 1278 1394 qui
1311 1340 1375 1380 ex
1403 1338 1468 1378 eo
1512 1323 1657 1394 quod
1690 1337 1798 1376 non

217 1422 581 1484 susceperunt
609 1412 818 1479 Iesum,
875 1429 975 1469 nec
1036 1414 1158 1469 illos
1205 1421 1565 1484 susceperunt
1596 1412 1687 1482 qui
1734 1411 1800 1467 de

216 1508 315 1563 illo
372 1507 855 1563 annuntiaverunt.
909 1505 1065 1562 Unde
1112 1507 1179 1561 ad
1233 1506 1283 1559 id
1338 1507 1483 1577 quod
1536 1504 1795 1561 dixerat:

222 1601 395 1657 Nemo
424 1602 678 1673 propheta
717 1612 958 1673 acceptus
1019 1602 1070 1654 in
1116 1601 1295 1671 patria
1339 1616 1437 1654 sua
1471 1613 1491 1653 :
1546 1609 1600 1653 et
1655 1598 1800 1653 aliud

217 1692 467 1764 adjungit
504 1712 518 1747 :
553 1692 622 1747 In
646 1692 863 1747 veritate
892 1694 1029 1747 enim
1064 1693 1186 1746 dico
1232 1692 1396 1756 vobis,
1434 1694 1560 1762 quia
1617 1690 1802 1745 multa

218 1786 395 1842 vidua:
428 1794 581 1841 erant
611 1787 665 1840 in
696 1785 879 1840 diebus
906 1783 1044 1840 Elia:
1070 1785 1127 1838 in
1154 1782 1350 1851 Israel,
1400 1784 1613 1855 quando
1661 1783 1804 1836 clau-

216 1896 338 1934 sunt
358 1889 438 1934 est
469 1878 656 1934 cretum
698 1878 853 1932 annis
907 1879 1095 1942 tribus,
1135 1887 1183 1933 et
1212 1876 1476 1933 mensibus
1508 1891 1619 1933 sex.
1646 1875 1801 1943 Quod

217 1970 354 2026 dicit
384 1971 492 2025 tale
523 1978 607 2025 est
632 1989 645 2024 :
675 1968 821 2023 Elias
856 1969 1120 2039 propheta
1152 1977 1290 2033 erat,
1317 1968 1409 2024 sed
1444 1977 1563 2024 erat
1604 1968 1660 2022 in
1708 1982 1805 2038 po-

216 2060 350 2132 pulo
382 2057 718 2115 Judatorum.
757 2057 864 2114 Sed
892 2059 1113 2128 quando
1161 2059 1409 2113 mirabile
1457 2058 1585 2127 quid
1631 2056 1801 2111 factu.

218 2167 318 2208 rus
346 2164 464 2206 erat
491 2166 615 2207 cum
639 2159 826 2207 essent
856 2151 1039 2221 plures
1067 2151 1245 2206 viduae
1269 2151 1322 2204 in
1364 2149 1551 2215 Israel,
1586 2149 1806 2219 reliquit

217 2257 336 2307 eas,
361 2251 417 2296 et
448 2242 599 2297 venit
634 2241 700 2297 ad
724 2241 944 2296 viduam
984 2241 1039 2295 in
1093 2240 1373 2312 Sareptam
1435 2240 1691 2308 Sidoniae,
1738 2239 1804 2295 ad

221 2330 478 2403 gentilem
535 2330 938 2394 mulierculam,
995 2331 1224 2401 ﬁguram
1284 2331 1480 2386 futura:
1509 2333 1585 2386 rei
1635 2332 1807 2402 expli-

219 2439 376 2489 cans,
435 2422 562 2495 quia
595 2433 898 2495 occupante
939 2423 1082 2479 fame
1127 2440 1235 2479 non
1266 2424 1447 2494 panis,
1504 2439 1681 2495 neque
1717 2424 1807 2479 siti

218 2530 400 2585 aquae,
436 2514 530 2571 sed
551 2514 696 2570 fame
728 2515 982 2570 audiendi
1046 2530 1353 2570 sermonem
1402 2515 1517 2582 Dei,
1554 2517 1704 2571 venit
1736 2516 1802 2571 ad

220 2608 468 2673 viduam,
494 2607 562 2663 de
588 2623 695 2678 qua
724 2615 777 2663 et
808 2608 1072 2678 pr0pheta
1110 2616 1343 2663 testatur
1372 2609 1561 2664 dicens
1592 2627 1605 2663 :
1644 2607 1807 2664 Multi

220 2698 323 2770 filii
345 2700 590 2767 desertre,
618 2700 786 2772 magis
814 2715 974 2771 quant
1020 2699 1135 2769 ejus
1182 2717 1300 2771 qua:
1342 2700 1494 2755 habet.
1540 2702 1709 2756 virum
1736 2702 1804 2755 “.

223 2791 448 2849 Etcum
481 2793 741 2858 venisset,
790 2807 984 2863 panem
1034 2792 1181 2849 illius
1213 2802 1268 2849 et
1321 2794 1578 2850 alimenta
1623 2794 1810 2850 multi-

220 2885 405 2955 plicat.
438 2885 519 2941 Tu
551 2901 676 2943 eras
710 2886 871 2943 vidua
902 2886 955 2940 in
983 2884 1211 2956 Sarepta
1263 2884 1524 2952 Sidoniae,
1573 2904 1605 2943 e
1648 2887 1809 2958 cujus

225 2980 428 3036 ﬁnibus
451 2981 761 3037 Chananaza
789 2981 988 3036 mulier
1025 2980 1329 3053 egreditur,
1367 2989 1422 3037 et
1449 2980 1601 3052 cupit
1624 2982 1807 3037 sanari

224 3075 390 3130 ﬁliam
428 3090 607 3141 suam,
632 3084 687 3130 et
712 3084 939 3146 propter
959 3075 1119 3131 ﬁdem
1158 3074 1359 3130 meruit
1390 3074 1637 3145 accipere
1660 3076 1808 3145 quod

224 3169 463 3238 petebat.
492 3167 682 3222 Multa:
727 3184 850 3238 ergo
874 3167 1049 3223 vidule
1095 3177 1249 3222 erant
1287 3167 1344 3221 in
1378 3167 1572 3238 populo
1609 3167 1805 3234 Israel,

223 3263 317 3317 sed
353 3263 424 3316 ad
459 3260 667 3316 nullam
699 3277 883 3316 earum
911 3261 1105 3316 missus
1159 3270 1237 3316 est
1275 3260 1451 3327 Elius,
1487 3261 1593 3317 nisi
1621 3263 1678 3316 in
1704 3262 1807 3318 Sa—

219 3358 386 3426 reptis
418 3355 487 3410 ad
518 3356 789 3410 mulierem
818 3355 1054 3411 viduam.
1078 3354 1185 3411 Sed
1209 3365 1263 3410 et
1286 3355 1431 3411 aliud
1461 3356 1528 3411 ad
1552 3357 1805 3412 eumdem

225 3466 450 3509 sensum
483 3450 764 3521 pertinens
813 3449 1096 3520 loquitur:
1138 3447 1299 3504 Multi
1329 3459 1481 3505 erant
1529 3450 1720 3521 leprosi
1750 3451 1804 3506 in

229 3542 403 3599 Israel
426 3542 482 3597 in
519 3542 700 3597 diebus
746 3540 932 3595 Elisrei
981 3541 1267 3611 prop/tene,
1327 3551 1375 3595 et
1422 3558 1574 3596 nemo
1625 3558 1805 3597 eorum

222 3635 513 3688 mundatus
538 3641 615 3686 est
666 3631 772 3687 nisi
800 3629 1052 3685 Naamau
1088 3629 1279 3700 Syrus,
1308 3631 1400 3701 qui
1453 3633 1643 3702 utique
1694 3649 1805 3687 non

219 3735 342 3784 erat
375 3741 441 3782 ex
462 3725 649 3782 Israel.
671 3723 968 3781 Considera
997 3740 1171 3795 usque
1214 3724 1279 3779 ad
1309 3733 1629 3794 praesentem
1663 3725 1807 3780 diem

223 3821 430 3877 multos
460 3820 707 3890 leprosos
756 3817 810 3872 in
860 3815 1027 3871 lsrael
1077 3816 1379 3873 secundum
1407 3833 1651 3883 carnem,
1682 3817 1808 3874 vide

224 3910 538 3968 eeontrario
558 3908 723 3978 leprze
748 3907 1006 3978 squalore
1031 3905 1308 3976 perfusos,
1344 3913 1510 3975 atque
1555 3904 1667 3977 (9t)
1692 3906 1807 3977 spi-

222 4004 372 4060 ritali
396 4002 595 4059 Elisato
623 4001 856 4057 Domino
888 4008 1078 4054 nostro
1100 4008 1150 4054 et
1185 3996 1490 4066 Salvatore,
1549 4007 1600 4055 te
1624 4008 1808 4054 autem

226 4096 448 4169 purgari
478 4092 735 4165 baptismi
761 4099 1131 4158 sacramento,
1158 4099 1213 4147 et
1238 4090 1348 4147 diei
1391 4094 1459 4147 ad
1494 4102 1546 4149 te
1586 4113 1598 4149 :
1641 4091 1807 4165 Surge

222 4201 277 4247 et
302 4190 433 4245 vade
456 4189 511 4243 in
555 4186 870 4253 Iordanem,
919 4194 970 4240 et
1023 4186 1223 4253 lavare,
1270 4195 1321 4241 et
1366 4187 1677 4241 restituetur
1712 4188 1809 4240 tibi

229 4288 357 4325 caro
396 4282 487 4326 tua
515 4272 581 4326 ‘7.
626 4272 870 4331 Surrexit
903 4273 1144 4329 Naaman
1175 4283 1231 4330 et
1258 4275 1415 4340 abiit,
1448 4284 1503 4330 et
1527 4275 1669 4329 lotus
1699 4274 1803 4328 im-

222 4363 396 4434 plevit
436 4364 754 4436 mysterium
796 4365 1080 4437 baptismi,
1119 4374 1175 4422 et
1204 4366 1353 4423 facta
1394 4375 1478 4423 est
1517 4381 1643 4422 caro
1684 4366 1804 4437 ejus

226 4463 389 4535 quasi
421 4476 552 4517 caro
576 4461 751 4531 pueri,
788 4461 881 4530 qui
911 4462 964 4515 in
999 4462 1218 4516 lavacro
1257 4464 1683 4533 regenerationis
1714 4479 1808 4519 or-

226 4565 323 4613 tus
350 4554 514 4610 fuerit
542 4554 597 4608 in
625 4552 850 4608 Christo
887 4551 1039 4608 Jesu.
1074 4553 1176 4608 Cui
1208 4563 1292 4609 est
1324 4555 1495 4626 gloria
1546 4566 1599 4612 et
1640 4557 1812 4629 impe-

225 4649 372 4705 rium
406 4648 462 4703 in
494 4646 693 4703 saecula
719 4646 1068 4703 saeculorum.
1094 4645 1289 4701 Amen.

291 4971 340 5005 “
390 4969 498 5027 lsa.
552 4984 664 5033 LIV,
722 4967 773 5021 l.

227 5112 446 5167 modum
474 5118 525 5167 et
546 5110 707 5166 vidua
736 5125 854 5181 qua:
875 5111 931 5163 in
965 5108 1200 5177 Sureptis
1226 5116 1364 5181 erat,
1404 5106 1597 5181 Elian:
1633 5127 1811 5181 susce-

227 5187 330 5254 pit,
363 5184 507 5254 facta
527 5185 584 5254 in
627 5178 799 5237 Israel
839 5182 981 5254 [ante
1003 5178 1255 5254 audiendi
1307 5178 1447 5233 verbi
1483 5178 1601 5254 Dei.
1641 5180 1709 5235 Et
1748 5185 1813 5235 de

230 5250 381 5310 nobis
413 5250 615 5308 dictum
644 5261 721 5308 est
764 5267 783 5306 :
833 5252 991 5322 Multi
1030 5251 1124 5306 ﬁlii
1153 5251 1401 5315 desertae,
1442 5250 1619 5322 magis
1647 5267 1811 5321 quam

228 5325 351 5395 ejus
385 5340 507 5393 qua:
530 5325 694 5379 habet
722 5323 920 5377 virum.
970 5321 1039 5375 Et
1072 5338 1257 5395 rursus
1290 5322 1401 5395 alia
1429 5318 1816 5395 Scripturadi-

227 5392 305 5449 cit
337 5408 357 5447 :
406 5392 618 5449 Sterilis
647 5396 878 5465 peperit,
906 5401 959 5449 et
981 5408 1104 5464 qum
1137 5393 1339 5448 multos
1388 5392 1624 5447 habebat
1654 5394 1815 5460 ﬁlios,

229 5466 508 5521 inﬁrmata
540 5464 653 5521 est.
673 5464 893 5522 limus.

305 5535 549 5608 (9l)Aut
579 5536 773 5607 absque
827 5534 1112 5608 legendum
1159 5543 1244 5591 est
1286 5549 1385 5605 pro
1436 5543 1612 5605 atque,
1652 5549 1817 5608 sensu

233 5606 514 5677 utcunque
547 5624 654 5663 non
688 5606 1057 5671 incommodo,
1083 5616 1339 5661 autcerte
1376 5608 1599 5661 mutilus
1635 5606 1816 5661 verbis

232 5678 443 5747 aliquot
466 5679 664 5733 misere
697 5677 1033 5733 detruncatis
1055 5677 1142 5733 hic
1168 5685 1350 5731 textus
1375 5686 1478 5731 est.

308 5749 425 5821 (92)
473 5747 770 5830 Postrema:
800 5750 906 5830 .hte
961 5747 1495 5830 subsequentes‘sex
1549 5748 1808 5813 humilite,

232 5818 361 5875 cum
388 5820 769 5879 continuatum
799 5819 853 5872 in
893 5818 1267 5888 superioribus
1302 5819 1548 5873 ordinem
1579 5834 1687 5874 non
1732 5829 1811 5873 te-

234 5900 423 5955 neant,
460 5890 752 5947 manifesto
783 5906 842 5945 se
865 5890 1099 5958 produnt
1120 5904 1149 5943 a
1175 5889 1368 5959 majori
1397 5890 1668 5945 detractas
1707 5890 1809 5944 ho-

234 5961 553 6031 tniliarum,
613 5977 752 6040 quas
809 5960 1169 6019 Adamantius
1220 5961 1647 6030 clueubraverit,
1706 5976 1812 6019 nu-

1967 778 2120 838 ciens
2138 784 2301 836 vitam
2329 778 2582 838 (sternam
2610 778 2934 847 possidebo?
2964 800 2982 831 ι
3040 778 3203 850 usque
3244 778 3313 832 ad
3356 794 3476 831 eum

1966 854 2140 908 locum
2184 854 2269 907 ubi
2314 854 2390 910 ait
2445 872 2466 908 :
2520 871 2538 905 ι
2585 852 2728 907 Vade
2787 860 2837 905 et
2896 861 2950 904 tu
3004 849 3420 920 fac'similiter.
3455 867 3476 901 ι

1967 926 2098 995 Cap.
2128 941 2181 981 x.
3060 940 3066 949 ·

1967 1039 2104 1095 Cum
2134 1038 2305 1093 multa
2361 1038 2416 1093 in
2469 1037 2585 1108 lege
2632 1045 2901 1107 praecepta
2939 1033 3069 1098 sint,
3103 1033 3219 1088 haec
3266 1040 3477 1087 tantum

1900 1131 2154 1187 Salvator
2173 1133 2227 1186 in
2262 1130 2557 1200 Evangelio
2586 1130 2766 1200 posuit
2803 1143 2928 1198 quat
2950 1127 3187 1198 quodam
3216 1140 3477 1194 compen-

1898 1225 1991 1280 dio
2017 1226 2082 1279 ad
2111 1233 2313 1280 aeterna
2345 1223 2665 1278 obedientes
2688 1222 2970 1276 ducerent.
3004 1218 3084 1272 Ad
3142 1217 3194 1272 id
3218 1216 3365 1270 enim
3397 1228 3486 1269 re-

1900 1319 2061 1389 spicit
2089 1319 2233 1389 quod
2256 1318 2391 1389 legis
2419 1317 2611 1372 doctor
2644 1317 3073 1385 interrogaverat
3098 1326 3222 1366 cum
3249 1310 3477 1364 dicens:

1903 1409 2185 1483 Magister,
2232 1410 2360 1482 quid
2396 1410 2596 1479 faciens
2652 1410 2815 1463 vitam
2870 1416 3126 1462 retentam
3172 1400 3487 1474 possidebo?

1901 1521 2023 1576 qua:
2060 1504 2221 1560 lectio
2255 1503 2556 1559 secundum
2608 1502 2808 1558 Lucam
2866 1500 3029 1554 hodie
3071 1497 3229 1552 vobis
3257 1495 3485 1550 recitata

1901 1609 1985 1654 est
2010 1616 2023 1653 :
2064 1598 2344 1668 respondit
2372 1616 2385 1652 :
2439 1595 2504 1650 In
2557 1595 2685 1667 Lege
2714 1595 2841 1666 quid
2866 1592 3031 1664 972
3078 1592 3336 1661 scriptum
3363 1587 3488 1643 est?

1907 1692 2183 1758 Quomodo
2227 1690 2624 1764 legis?Diliges
2683 1688 2971 1742 Dominum
3013 1684 3182 1739 Deum
3234 1693 3384 1737 tuum
3419 1694 3487 1735 ιτ

1906 1795 2016 1841 toto
2039 1786 2195 1840 corde
2230 1794 2340 1848 tuo,
2383 1793 2432 1839 et
2470 1800 2535 1838 ex
2583 1792 2693 1837 tota
2740 1783 2935 1836 virtute
2992 1789 3105 1844 tua,
3151 1786 3199 1831 et
3247 1791 3312 1829 ea:
3373 1782 3487 1828 tota

1907 1890 2078 1935 mente
2100 1887 2213 1945 tua,
2257 1887 2306 1933 et
2331 1878 2635 1949 proximum
2673 1884 2822 1929 tuum
2861 1882 3113 1942 tanquam
3139 1868 3381 1932 teipsunt.
3410 1865 3490 1921 Ae

1907 1969 2333 2034 deindezBene,
2377 1969 2471 2036 ait,
2500 1966 2870 2038 respondisti:
2914 1962 3010 2016 hoc
3081 1961 3189 2028 fac,
3232 1968 3282 2013 et
3328 1958 3487 2013 vives.

1910 2065 2066 2121 Haud
2117 2064 2349 2121 dubium
2400 2063 2534 2133 quin
2586 2060 2974 2131 sempiternam
3026 2056 3196 2110 vitam
3263 2055 3366 2107 hoc
3409 2049 3490 2106 fa-

1907 2158 2098 2213 ciendo
2129 2164 2456 2226 accepturus
2493 2155 2592 2217 sis,
2624 2154 2692 2209 de
2716 2167 2826 2223 qua
2852 2159 2906 2207 et
2931 2149 3065 2219 legis
3098 2148 3305 2204 doctor‘
3328 2145 3494 2198 inter-

1907 2260 2211 2322 rogaverat.
2264 2250 2548 2320 Simulque
2604 2245 2891 2317 perspicue
2945 2243 3209 2298 docemur
3258 2237 3314 2291 in
3352 2235 3494 2305 legis

1908 2354 2195 2417 praecepto,
2252 2353 2310 2399 ut
2357 2343 2649 2414 diligamus
2702 2338 2895 2394 Deum.
2954 2335 3011 2389 ln
3070 2326 3494 2388 Deuteronomio

1908 2439 2174 2509 scriptum
2198 2445 2282 2493 est
2320 2454 2334 2491 :
2370 2436 2531 2500 Audi,
2563 2433 2762 2504 inquit,
2818 2429 3012 2496 Israel,
3054 2427 3313 2482 Dominus
3350 2422 3494 2477 Deus

1910 2543 2055 2598 tuus,
2080 2532 2221 2586 Deus
2274 2546 2411 2585 unus
2462 2538 2560 2584 est.
2609 2526 2681 2581 Et
2726 2526 2915 2597 diliges
2985 2522 3269 2577 Dominum
3324 2517 3494 2571 Deum

1910 2634 2148 2679 tuuntex
2188 2633 2300 2679 tota
2356 2634 2527 2678 mente
2571 2631 2685 2687 tua,
2720 2628 2776 2674 et
2823 2618 3056 2689 reliqua,
3097 2624 3147 2670 et
3193 2612 3495 2680 proximum

1911 2728 2059 2775 tuum
2083 2718 2238 2791 quasi
2267 2718 2487 2787 teipsum
2520 2714 2584 2767 ⁸⁸.
2612 2712 2676 2767 Ει
2703 2711 2957 2767 Salvator
2997 2722 3161 2778 super
3211 2705 3297 2760 his
3332 2713 3499 2758 testa-

1911 2819 2001 2866 tus
2023 2820 2107 2865 est
2148 2808 2387 2864 dicens:
2445 2804 2512 2859 In
2562 2804 2644 2857 Itis
2681 2800 2884 2856 duobus
2934 2796 3201 2852 mandatis
3257 2798 3370 2848 tota
3410 2791 3497 2847 lea:

1909 2902 2095 2974 pendet
2123 2908 2173 2954 et
2197 2899 2462 2970 propheta:
2492 2895 2560 2950 δ’.
2608 2892 2831 2948 Veiente
2876 2899 3057 2945 autem
3095 2887 3320 2942 doctore
3361 2882 3501 2953 legis

1906 2994 2210 3066 justilicare
2266 2989 2645 3059 semetipsum,
2689 2994 2743 3040 et
2795 2982 3085 3037 ostendere
3138 2978 3280 3049 quod
3333 2989 3498 3029 nemo

1911 3087 2015 3143 sibi
2040 3091 2186 3141 esset
2214 3081 2516 3153 proximus,
2550 3088 2713 3149 atque
2737 3076 2953 3133 dicente
2988 3093 3001 3128 :
3036 3072 3169 3139 Quis
3206 3079 3284 3125 est
3312 3067 3499 3138 proxi-

1912 3196 2029 3234 mus
2054 3177 2238 3232 meus?
2263 3174 2449 3230 intulit
2486 3171 2755 3226 Dominus
2784 3166 3125 3239 parabolam,
3158 3164 3314 3233 cujus
3339 3178 3500 3218 exor-

1832 3251 2059 3341 c'dium
2091 3278 2175 3325 est
2205 3289 2229 3324 ες
2256 3266 2431 3322 Homo
2459 3263 2677 3337 quidam
2704 3259 3047 3316 descendebat
3091 3259 3155 3312 de
3197 3257 3497 3312 Jerusalem

1916 3368 1971 3421 in
1993 3363 2227 3427 Iericho,
2258 3371 2312 3417 et
2342 3359 2552 3431 reliqua
2586 3376 2600 3413 :
2641 3368 2695 3413 et
2720 3357 2878 3410 docet
2901 3352 3102 3408 nullius
3130 3351 3298 3407 fuisse
3322 3350 3501 3421 proxi-

1916 3476 2066 3517 ntum
2098 3455 2543 3516 descendentem,
2576 3450 2680 3507 nisi
2734 3450 2882 3504 illius
2910 3446 3003 3517 qui
3059 3445 3293 3501 voluerit
3315 3451 3501 3499 custo-

1916 3548 2032 3604 dire
2064 3552 2354 3616 praecepta,
2407 3551 2462 3597 et
2514 3554 2824 3611 prteparare
2864 3553 2945 3600 se,
2994 3546 3054 3592 ut
3097 3536 3169 3591 sit
3217 3533 3501 3604 proximus

1917 3639 2065 3694 omni
2095 3635 2304 3692 homini
2330 3633 2425 3704 qui
2455 3632 2660 3687 auxilio
2690 3630 2913 3701 indiget.
2935 3627 3050 3682 Hoc
3074 3626 3219 3681 enim
3244 3622 3499 3692 estquod

1916 3743 2043 3801 post
2075 3729 2391 3801 parabolam
2425 3726 2479 3779 in
2519 3725 2625 3779 ﬁne
2661 3722 2906 3793 ponitur.
2945 3719 3081 3786 Quis
3104 3719 3171 3773 de
3208 3716 3298 3772 bis
3323 3715 3503 3771 tribus

1917 3827 2131 3883 videtur
2155 3823 2251 3877 tibi
2287 3820 2570 3892 proximus
2589 3833 2710 3872 esse
2738 3816 2857 3884 ejus
2886 3815 2979 3885 qui
3010 3812 3065 3867 in
3092 3813 3333 3867 latrones
3363 3810 3501 3865 inci-

1917 3918 2165 3979 dit?Nec
2188 3916 2335 3972 enim
2385 3913 2662 3978 sacerdos,
2710 3926 2810 3964 nec
2858 3908 3071 3963 Levites
3121 3903 3355 3977 proximi
3380 3902 3502 3974 ejus

1920 4016 2141 4072 fuerunt
2169 4030 2184 4067 :
2212 4011 2328 4078 sed,
2368 4017 2430 4065 ut
2465 4009 2583 4077 ipse
2610 4019 2830 4075 quoque
2873 4002 3007 4073 legis
3043 4001 3237 4057 doctor
3270 4013 3500 4070 respon-

1918 4109 2016 4174 dit,
2052 4106 2142 4160 ille
2197 4103 2291 4174 qui
2348 4099 2477 4156 fecit
2522 4094 2983 4158 misericordiam,
3048 4094 3336 4164 proximus
3378 4090 3502 4160 ejus

1921 4199 2041 4256 fuit.
2072 4197 2227 4252 Unde
2257 4203 2309 4250 et
2339 4210 2370 4248 a
2405 4190 2688 4246 Salvatore
2740 4188 2962 4249 dicitur,
3014 4184 3178 4249 Vade,
3237 4192 3286 4237 et
3321 4191 3375 4235 tu
3416 4181 3502 4250 [ac

1919 4291 2188 4348 similiter.
2220 4287 2416 4343 Aiebat
2438 4283 2661 4354 quidam
2694 4281 2761 4335 de
2802 4278 3139 4351 presbyteris
3164 4275 3354 4331 volens
3407 4288 3501 4344 pa—

1919 4385 2165 4441 rabolam
2197 4376 2568 4449 interpretari,
2603 4372 2881 4429 hominem
2930 4370 3021 4439 qui
3053 4367 3334 4423 descendit
3383 4379 3504 4419 esse

1918 4478 2127 4544 Adam;
2162 4473 2488 4537 Jerusalem,
2537 4465 2897 4539 paradisum;
2927 4461 3167 4528 Jerieho,
3204 4458 3504 4521 mundum;

1919 4575 2160 4629 latrones
2212 4564 2519 4623 contrarias
2569 4558 2958 4624 fortitudines;
3023 4554 3386 4616 sacerdotem,
3437 4549 3501 4603 le-

1849 4654 1894 4709 Ῐ)
1923 4682 2080 4738 gem;
2114 4662 2378 4725 Levitem,
2435 4656 2758 4727 prophetas;
2795 4649 3143 4713 Samaritem,
3171 4646 3452 4702 Christum
3487 4659 3502 4695 :

1922 4761 2148 4815 vulnera
2183 4769 2337 4821 vero,
2376 4749 2839 4813 inobedientiam;
2872 4744 3098 4810 animal,
3147 4755 3347 4811 corpus
3402 4738 3503 4790 Do-

1920 4850 2085 4915 mini;
2137 4845 2503 4920 pandochium
2555 4833 2696 4908 (95),
2756 4838 2811 4893 id
2858 4847 2961 4902 est,
3013 4836 3316 4899 stabulum,
3352 4830 3500 4901 quod

851 4965 893 4997 ⁸⁷
933 4963 1000 5020 IV
1034 4962 1166 5034 Reg.
1203 4980 1254 5029 v,
1290 4964 1375 5019 lt).
1454 4965 1499 4995 ⁸⁸
1526 4963 1677 5020 Deut.
1712 4983 1784 5034 vt,
1809 4967 1865 5035 «i,
1894 4967 1951 5024 5.
2028 4966 2073 4999 δ’
2104 4963 2295 5020 Matth.
2320 4975 2459 5024 xx",
2491 4956 2562 5013 '59

1918 5126 2092 5168 mero.
2120 5108 2244 5178 lpse
2268 5090 2661 5178 auctor,_quod
2690 5106 2744 5152 et
2889 5092 3119 5178 Huetius
3153 5091 3501 5178 anima-dves-

1920 5164 2194 5249 tit,tomo
2239 5193 2340 5233 xm
2394 5164 2737 5249 iit—Joannem
2767 5166 2951 5249 plures
2982 5164 3102 5219 istis
3151 5166 3376 5249 triginta
3408 5177 3500 5249 no-

1921 5233 2221 5321 vem—,quas
2273 5250 2588 5321 supersunt,
2640 5239 2738 5321 abs
2768 5233 3122 5321 ’llierony‘mo
3158 5233 3349 5321 Lati-ne
3379 5233 3471 5321 red

2105 5301 2237 5375 asc
2272 5301 2443 5372 fuisse
2471 5301 2776 5388 adqrnatasu
2796 5301 3058 5388 declarat,
3087 5320 3210 5388 cum
3238 5304 3332 5388 ait‘,
3360 5303 3428 5388 ιεὰ
3448 5301 3501 5357 δὲ

1926 5375 2405 5466 impleatis):an
2443 5375 3500 5466 7190691chsxetg‘eicaaeﬁuﬁiaﬁou:

1921 5448 2026 5519 κᾶξω
2051 5460 2269 5533 ὁμιλίας
2289 5478 2302 5491 ·
2340 5458 2471 5533 Qum
2489 5448 2677 5509 'autem
2703 5448 2771 5532 ad
2796 5456 3003 5533 centum
3020 5463 3136 5502 oves
3152 5448 3501 5528 pertinentn'a

1918 5518 2097 5590 Itabes'
2130 5534 2185 5586 in
2227 5518 2473 5585 liam-ilius
2521 5540 2654 5598 quas
2715 5522 2771 5573 in
2814 5518 3016 5598 Lucani
3065 5519 3500 5598 conscripsimus.

1914 5587 2234 5661 Nihilenim
2271 5603 2377 5658 tale
2430 5600 2486 5653 in
2527 5587 2634 5659 ins,
2695 5606 2820 5662 quae
2881 5596 3117 5652 exstant,
3167 5587 3408 5643 homiliis
3447 5587 3503 5639 in

1916 5676 2112 5731 Lucam
2128 5674 2414 5737 ginvenias.

1906 5728 2101 5819 filii»)
2120 5728 2235 5819 Hoc
2250 5728 2813 5819 quoqueprofeetum
2835 5752 2899 5793 ex
2919 5732 3141 5819 l-lierotrt.
3158 5741 3243 5787 est
3265 5728 3501 5819 calamo,

1916 5804 2063 5945 ἓὲιὶηξ
2084 5804 2363 5873 stabulum
2385 5804 2578 5869 Latine
2605 5819 2782 5882 sonet,
2807 5809 2954 5883 quod
2987 5809 3041 5863 in
3065 5804 3336 5862 Graec.est
3362 5814 3500 5858 παν-ν
3538 5866 3561 5893 χ

1976 5906 2140 5945 γειον.
2629 5930 2637 5941 .

1976 5906 2036 5962 χε
2046 5906 2140 5943 ιον.
2629 5930 2637 5941 .
