4002 6540
638 396 770 453 P887

2114 397 2437 455 ORICENIS

3722 400 3820 460 l898

637 513 923 567 universos
973 512 1219 568 volentes
1277 509 1503 568 introire
1554 511 1849 581 suscipiat,
1912 511 2209 568 Ecclesiam
2240 519 2287 575 Α
2313 512 2532 583 quidem
2566 524 2668 582 ego
2694 520 2845 581 puto,
2888 525 2997 566 non
3024 520 3245 583 propter
3288 511 3449 567 istum
3490 528 3651 569 unum
3695 518 3819 569 semi-

637 604 1003 674 interpretari.
1032 603 1205 659 Porro
1231 603 1373 661 duos
1403 602 1680 668 denarios,
1705 603 1918 659 Patrem
1941 614 1994 659 et
2012 604 2209 661 Filium

636 695 912 765 intelligi;
981 695 1381 762 stabularium,
1429 694 1685 751 Ecclesia:
1744 698 2062 767 praesidem,
2120 700 2210 754 cui

632 788 974 856 dispensatio
1002 788 1207 845 credita
1234 797 1337 844 est.
1380 790 1451 842 De
1483 804 1549 844 eo
1581 805 1712 844 vero
1737 790 1883 860 quod
1912 789 2210 849 Samarites

632 894 981 941 reversurum
1011 895 1070 933 se
1104 895 1225 934 esse
1254 880 1541 949 promittit,
1574 882 1874 936 secundum
1912 882 2210 939 Salvatoris

629 970 905 1041 ﬁgurabat
937 972 1254 1033 adventum.
1286 972 1412 1028 lltec
1466 990 1589 1030 cum
1653 976 2045 1033 rationabiliter
2082 977 2206 1048 pulo

631 1063 873 1133 clareque
912 1065 1187 1133 dicantur,
1237 1082 1346 1123 non
1401 1079 1486 1125 est
1540 1078 1720 1125 tamen
1782 1070 2205 1127 existimandum

629 1155 779 1223 quod
805 1155 872 1233 ad
906 1170 1123 1213 omnem
1151 1158 1429 1215 hominem
1466 1162 1795 1231 pertineant.
1838 1161 2027 1234 Neque
2057 1164 2205 1219 enim

629 1247 812 1304 omnis
837 1249 1004 1305 homo
1061 1250 1347 1308 descendit
1386 1253 1454 1309 de
1496 1253 1799 1311 Jerusalem
1856 1256 1911 1311 in
1959 1254 2203 1325 Jericho,

631 1353 733 1394 nec
764 1340 1003 1398 universi
1058 1354 1345 1414 propterea
1389 1346 1443 1400 in
1500 1348 1753 1417 praesenti
1810 1350 2014 1406 saeculo
2057 1366 2209 1407 com-

629 1441 919 1487 morantur
964 1453 976 1488 :
1016 1434 1143 1491 licet
1174 1436 1262 1493 ille
1311 1438 1404 1508 qui
1433 1439 1635 1496 missus
1662 1448 1764 1507 est,
1816 1453 2035 1513 propter
2078 1460 2205 1514 per-

628 1522 773 1579 ditas
800 1538 930 1580 oves
978 1526 1186 1583 venerit
1216 1529 1412 1585 domus
1457 1528 1644 1586 Israel.
1702 1531 1878 1589 Homo
1913 1534 2079 1605 igitur
2110 1536 2205 1606 qui

626 1614 694 1668 de
718 1612 1021 1672 Jerusalem
1052 1618 1333 1675 descendit
1374 1622 1430 1677 in
1458 1619 1697 1689 Jericho,
1728 1626 1855 1695 quia
1887 1627 2056 1682 voluit
2091 1627 2207 1699 ipse

625 1706 977 1774 descendere,
1011 1719 1302 1781 propterea
1331 1713 1384 1767 in
1422 1715 1660 1772 latrones
1697 1717 1903 1775 incidit.
1940 1718 2205 1779 Latrones

628 1806 811 1853 autem
840 1800 974 1855 nulli
1008 1811 1137 1858 sunt
1172 1805 1284 1873 alii,
1315 1806 1422 1863 nisi
1449 1807 1518 1864 de
1552 1809 1752 1880 quibus
1797 1811 2047 1870 Salvator
2087 1817 2200 1872 ait:

630 1888 824 1945 Omnes
846 1893 936 1960 qui
960 1905 1081 1949 ante
1108 1911 1189 1950 me
1209 1908 1476 1965 venerunt,
1502 1878 1644 1968 fures
1680 1904 1892 1972 [uerunt
1926 1916 1976 1961 et
1993 1914 2012 1926 “
2034 1907 2203 1971 latro-
2235 1878 2275 1934 Β

626 1996 715 2034 πρε
764 1984 832 2038 ⁸ο.
886 1983 1270 2045 Verumtamen
1318 2008 1429 2047 non
1473 1993 1663 2053 incidit
1699 1996 1754 2053 in
1794 1996 1966 2066 fures,
1997 2001 2093 2057 sed
2147 2002 2202 2057 in

627 2073 801 2128 multo
832 2074 1044 2134 furibus
1071 2080 1361 2150 nequiores
1388 2083 1650 2149 latrones,
1675 2088 1768 2157 qui
1786 2089 2200 2148 descendentem

623 2177 749 2217 eum
789 2165 855 2221 de
886 2164 1190 2225 Jerusalem
1236 2188 1360 2228 cum
1393 2174 1675 2233 incidisset
1702 2178 1756 2232 in
1798 2179 1944 2247 illos,
1998 2182 2202 2251 spolia-

624 2265 820 2310 verunt
850 2267 917 2343 et
948 2258 1327 2330 imposuerunt
1359 2265 1406 2320 ei
1442 2267 1647 2339 plagas.
1682 2268 1813 2337 Quae
1838 2280 1963 2327 sunt
2003 2273 2205 2343 plagae?

622 2361 745 2416 qua:
771 2342 995 2406 vulnera
1033 2353 1234 2423 quibus
1276 2359 1595 2416 vulneratus
1656 2369 1741 2417 est
1793 2363 1999 2419 homo“!
2060 2342 2202 2420 Vitia

622 2448 787 2508 atque
827 2454 1066 2511 peccata.
1106 2448 1309 2505 Deinde
1360 2453 1487 2521 quia
1535 2454 1777 2511 latrones
1816 2455 1911 2525 qui
1957 2457 2200 2515 nudave-

623 2538 750 2583 rant
774 2544 923 2597 eum,
961 2545 1014 2590 et
1039 2538 1477 2607 vulneraverant,
1503 2558 1611 2599 non
1648 2546 1891 2601 assident
1914 2548 2081 2612 nudo,
2104 2548 2199 2604 sed

620 2619 795 2690 plagis
821 2638 1015 2681 rursus
1043 2628 1312 2698 impositis
1340 2633 1655 2705 relinquunt
1679 2653 1826 2704 eum,
1846 2639 2049 2696 idcirco
2065 2642 2202 2697 scri-

620 2720 773 2779 ptum
820 2726 949 2771 cst:
1006 2718 1308 2790 Spoliantes
1347 2741 1487 2792 eum,
1525 2738 1577 2783 et
1616 2730 1834 2786 vulnera
1884 2745 2198 2805 opponentes

621 2805 886 2875 abierunt,
914 2826 974 2864 eo
1007 2827 1114 2867 non
1144 2825 1381 2886 mortuo,
1424 2820 1518 2876 sed
1546 2824 1818 2880 seminece.
1843 2806 2071 2886 Factum
2116 2840 2200 2886 est

618 2906 802 2952 autem
840 2910 901 2955 ut
932 2902 987 2957 in
1023 2904 1211 2962 eadem
1260 2910 1347 2965 via
1404 2912 1615 2982 primus
1681 2920 1958 2985 sacerdos,
2002 2921 2198 2979 deinde

623 2986 839 3047 Levites
860 2993 1384 3072 descenderent,qui
1425 3003 1655 3062 forsitan
1704 3010 1827 3065 aliis
1881 3012 2199 3072 hominibus

616 3076 781 3173 bona
811 3083 1060 3153 quaedam
1106 3084 1370 3160 fecerant,
1419 3109 1527 3150 non
1560 3104 1742 3152 tamen
1786 3099 1932 3165 huic,
1955 3103 2047 3173 qui
2095 3105 2193 3159 de-

617 3171 905 3229 scenderat
931 3177 999 3230 ab
1031 3176 1329 3238 Jerusalem
1355 3185 1408 3240 in
1428 3184 1668 3243 Jericho.
1691 3188 1846 3248 Hunc
1876 3171 2019 3248 enim
2062 3196 2194 3252 vidit
2220 3236 2260 3262 ,η
2298 3199 2500 3247 nanlur
2532 3192 2749 3262 angelo,
2796 3200 2857 3248 ut
2896 3192 3209 3262 diligentius
3249 3200 3402 3248 curet
3452 3192 3558 3247 sibi
3597 3191 3822 3247 hominem
3924 3171 3925 3237 Ὺ

617 3263 895 3332 sacerdos,
923 3276 1053 3336 puto
1084 3270 1194 3327 Lex
1227 3275 1359 3332 vidit
1389 3295 1405 3333 :
1449 3277 1688 3349 Levites,
1732 3292 1791 3338 ut
1840 3299 1983 3351 reor,
2012 3302 2192 3344 sermo

616 3355 991 3444 propheticus.
1022 3359 1233 3419 Etcum
1260 3367 1903 3444 vidissentzreliquerunt,
1931 3386 1985 3433 et
2014 3387 2189 3438 trans.

616 3441 820 3500 ierunt.
880 3447 1151 3515 Servahat
1179 3457 1380 3530 quippe
1420 3464 1743 3520 seminecem
1772 3469 2110 3537 providentia
2140 3474 2190 3528 ei

614 3539 711 3608 qui
744 3539 938 3599 fortior
964 3557 1083 3604 erat
1101 3549 1216 3623 lege
1245 3562 1301 3609 et
1331 3557 1631 3629 prophetis,
1673 3559 2018 3621 Samaritano
2041 3567 2191 3625 vide-

614 3630 763 3729 licet,
801 3637 895 3706 qui
921 3638 1312 3714 interpretatur
1335 3660 1534 3707 custos.
1570 3652 1672 3709 lste
1699 3665 1784 3712 est
1816 3659 1908 3729 qui
1932 3675 2040 3716 non
2064 3663 2191 3718 dor-

613 3725 793 3827 mitat,
837 3746 1014 3803 neque
1064 3737 1266 3795 dormit
1319 3745 1636 3803 custodiens
1699 3725 1913 3809 Israel:
1967 3764 2190 3827 propter

614 3818 941 3883 seminecem
971 3827 1249 3896 profectus
1285 3842 1371 3891 est
1415 3835 1518 3894 iste
1552 3838 1930 3901 Samaritanus
1967 3818 2087 3904 non
2122 3849 2190 3906 de

611 3906 917 3972 Jerusalem
953 3918 1008 3974 in
1032 3919 1271 3995 Jericho,
1302 3928 1445 3985 sicut
1476 3934 1733 3990 sacerdos
1769 3946 1825 3993 et
1871 3937 2059 3997 Levita
2096 3942 2190 3999 de-

610 4003 880 4102 scendens
916 4026 933 4065 :
968 4021 1063 4068 aut
1091 4015 1136 4071 si
1180 4017 1478 4088 descendit,
1526 4025 1729 4084 idcirco
1788 4030 2085 4102 descendit,
2127 4045 2190 4092 ut

609 4091 848 4193 salvaret
870 4104 1287 4193 custodiretque
1331 4115 1677 4173 moriturum.
1710 4120 1793 4176 Ad
1825 4138 1986 4193 quem
2019 4091 2184 4185 locuti

608 4194 739 4276 sunt
782 4185 954 4246 Judtei
984 4212 998 4249 :
1042 4195 1417 4260 Samaritanus
1440 4225 1494 4262 es
1528 4220 1606 4276 tu,
1648 4222 1697 4267 et
1731 4185 2053 4273 daemonium
2089 4222 2185 4276 ha-

606 4271 695 4326 bes
722 4276 789 4377 '_'.
824 4279 929 4348 Qui
956 4300 1081 4343 cum
1111 4304 1361 4364 negasset
1397 4313 1456 4354 se
1485 4271 1683 4359 habere
1708 4271 2059 4377 daemonium,
2086 4271 2186 4370 Sa-

605 4369 854 4428 ruaritcm
877 4390 1074 4450 negaee
1090 4398 1149 4439 se
1172 4387 1366 4445 noluit.
1394 4390 1611 4449 Sciebat
1633 4397 1780 4453 enim
1802 4414 1862 4457 se
1876 4369 2180 4462 custodem.

605 4464 794 4531 Itaque
822 4483 946 4525 cum
972 4475 1208 4533 venisset
1244 4481 1308 4536 ad
1343 4486 1694 4557 seminecem,
1720 4501 1775 4547 et
1801 4493 2023 4553 vidisset
2056 4513 2182 4554 eum

2313 617 2522 664 necem.
2558 605 2651 660 sed
2682 613 2900 674 propter
2925 604 3063 660 alios
3087 620 3308 675 quoque
3333 606 3423 675 qui
3449 605 3521 660 oh
3552 607 3710 661 varias
3733 621 3820 661 cas-

2312 709 2404 749 sas
2435 695 2650 752 fuerant
2692 698 2983 765 vulnerati,
3023 707 3079 754 et
3122 698 3433 770 indigebant
3468 699 3757 770 alligatoris,
3781 713 3819 757 et

2310 783 2451 849 oleo,
2482 793 2537 840 et
2565 787 2711 854 vino,
2740 803 2927 843 secum
2960 796 3207 858 portasse
3248 787 3592 843 Samaritem.
3633 788 3819 846 Habebat

2310 877 2489 931 oleum
2525 879 2593 933 de
2626 895 2735 949 quo
2766 880 3027 950 scriptum
3054 890 3138 936 est
3169 881 3216 913 ⁸³
3242 898 3257 935 :
3310 879 3378 935 Ut
3397 881 3649 936 esbitaret
3676 882 3817 950 {tum

2310 969 2364 1022 in
2391 968 2538 1033 oleo;
2570 970 2715 1026 haud
2740 972 2967 1028 dubium
3001 974 3135 1043 quin
3164 973 3284 1043 ejus
3306 973 3401 1043 qui
3429 982 3646 1028 curatus
3673 976 3817 1037 fuerat.

2309 1062 2430 1119 oleo
2467 1064 2631 1121 etiam
2680 1074 2926 1122 tumores
2972 1067 3262 1124 vulnerum
3305 1067 3635 1121 sedarentur.
3678 1065 3819 1123 Sedet

2307 1155 2436 1211 vino
2459 1158 2685 1212 mundat
2713 1159 2958 1225 vulnera,
2981 1159 3293 1230 asperitatis
3316 1159 3521 1229 aliquid
3535 1159 3816 1214 admiscens:

2307 1262 2545 1319 eumque
2582 1250 2674 1319 qui
2712 1250 2888 1307 fuerat
2921 1250 3514 1322 vulneratusimposuit
3534 1251 3819 1321 jumenlo,id

2308 1348 2414 1409 est,
2450 1344 2670 1413 proprio
2700 1345 2942 1415 corpori,
2981 1346 3137 1416 juxta
3176 1345 3228 1400 id
3275 1345 3420 1416 quod
3467 1354 3552 1400 est
3598 1344 3815 1398 hominem

2307 1433 2561 1505 dignatus
2586 1452 2885 1493 assumere.
2912 1439 3020 1494 Iste
3039 1437 3415 1494 Samaritanus
3447 1445 3657 1506 peccata
3681 1447 3821 1490 nostra

2306 1534 2505 1595 portat,
2544 1536 2598 1583 et
2630 1543 2728 1598 pro
2753 1530 2911 1586 nobis
2937 1531 3105 1598 dolet,
3124 1538 3306 1602 portat
3333 1529 3673 1595 seminecem,
3704 1530 3823 1584 indu-

2306 1618 2382 1672 cit
2444 1618 2497 1673 in
2548 1620 2952 1689 pandochium,
3009 1622 3062 1677 id
3114 1629 3198 1676 est
3248 1619 3302 1675 in
3334 1618 3682 1682 ﬂectesiam,
3732 1635 3822 1689 qua

2306 1725 2497 1766 omnes
2527 1712 2774 1781 suscipit,
2800 1722 2854 1768 et
2883 1714 3016 1769 nulli
3046 1714 3307 1769 auxilium
3335 1729 3499 1770 suum
3533 1712 3753 1784 denegat,
3775 1714 3823 1767 ad

2306 1818 2472 1873 quam
2494 1812 2723 1861 cunctos
2740 1815 2999 1877 provocat
3040 1804 3198 1862 Jesus
3227 1807 3413 1863 dicens
3441 1806 3492 1837 “
3530 1825 3545 1861 :
3590 1804 3744 1860 Venite
3778 1808 3823 1859 ad

2305 1908 2405 1957 me,
2432 1907 2607 1948 omnes
2630 1896 2719 1965 qui
2744 1894 3003 1950 laboratis
3025 1905 3074 1951 et
3113 1897 3319 1950 onerati
3361 1897 3518 1962 estis,
3558 1904 3605 1951 et
3638 1912 3718 1967 ego
3736 1897 3825 1964 reji-

2303 1984 2441 2038 ciam
2466 2001 2577 2041 vos.
2633 1984 2701 2042 Et
2748 1996 3036 2058 postquam
3085 1986 3248 2062 973
3296 1990 3515 2046 induxit
3568 2006 3702 2057 eum,
3744 2005 3824 2043 non

2304 2078 2485 2133 statim
2517 2078 2741 2146 recedit,
2779 2081 2875 2135 sed
2919 2096 3029 2135 uno
3051 2081 3139 2136 die
3184 2082 3237 2136 in
3282 2083 3501 2138 stabulo
3547 2098 3664 2137 cum
3702 2083 3825 2139 semi-

2305 2185 2436 2225 nece
2459 2180 2795 2239 perseverat.
2822 2180 2876 2227 et
2899 2182 3057 2228 curat
3080 2175 3304 2229 vulnera
3337 2190 3449 2229 non
3479 2176 3650 2231 solum
3672 2175 3717 2228 in
3742 2176 3821 2238 die,

2304 2278 2490 2318 verum
2512 2263 2675 2319 etiam
2699 2263 2752 2318 in
2779 2274 2958 2333 nocte,
2983 2267 3245 2337 reliquam
3264 2268 3678 2324 sollicitudinem
3705 2284 3820 2325 suasi

2300 2363 2356 2410 et
2372 2340 2696 2412 industriam
2727 2358 2994 2414 tribuens.
3027 2358 3275 2429 Cumque
3315 2361 3477 2415 vellet
3518 2376 3670 2415 mane
3701 2362 3823 2430 proli-

2302 2446 2457 2514 cisci,
2488 2446 2555 2502 de
2587 2448 2818 2517 probato
2842 2458 3066 2520 argento
3114 2466 3235 2516 suo,
3280 2451 3348 2505 de
3382 2452 3608 2521 probata
3641 2453 3824 2522 pecuina

2302 2553 2400 2592 sua
2448 2539 2590 2594 tollit
2634 2540 2775 2597 duos
2813 2541 3085 2609 denarios,
3149 2551 3203 2598 et
3256 2555 3450 2600 onerat
3494 2546 3823 2609 stabularium,

2300 2630 2448 2687 haud
2475 2630 2700 2688 dubium
2737 2633 2869 2703 quin
2900 2634 3152 2705 angelum
3185 2634 3462 2702 Ecclesiae,
3508 2640 3594 2692 cui
3630 2636 3825 2707 praecipit

2300 2732 2362 2779 ut
2384 2724 2671 2797 diligenter
2702 2734 2857 2782 curet
2893 2741 3042 2794 eum,
3072 2737 3127 2783 et
3159 2730 3225 2783 ad
3250 2730 3538 2785 sanitatem
3559 2745 3716 2800 usque
3733 2745 3826 2799 per-

2300 2817 2485 2885 ducat,
2516 2833 2678 2889 quem
2716 2834 2816 2890 pro
2842 2820 3093 2891 angustia
3133 2823 3389 2892 temporis
3415 2823 3580 2878 etiam
3624 2823 3725 2893 ille
3749 2837 3821 2876 cu-

2300 2923 2538 2971 raverat.
2568 2914 2689 2971 Duo
2722 2915 2929 2972 denarii
2963 2917 3155 2972 notitia
3183 2918 3313 2972 mihi
3362 2919 3579 2974 videtur
3607 2933 3716 2974 esse
3742 2915 3821 2970 Pa-

2296 3005 2398 3062 tris
2434 3014 2488 3062 et
2511 3004 2656 3071 Filii,
2683 3014 2738 3062 et
2763 3007 2990 3064 scientia
3031 3008 3379 3070 sacramenti,
3409 3008 3681 3079 quomodo
3702 3006 3824 3062 Pater

2299 3098 2353 3153 in
2376 3096 2534 3166 Filio,
2552 3107 2607 3154 et
2624 3098 2797 3155 Filius
2822 3099 2877 3155 in
2904 3098 3062 3156 Patre
3082 3100 3271 3170 sit,qui
3299 3099 3450 3154 velut
3478 3100 3737 3155 mercedes
3753 3099 3823 3151 do-

2298 3288 2764 3354 commendatum,
2798 3295 2853 3342 et
2872 3286 3208 3357 promittitur
3235 3286 3283 3340 ei
3314 3285 3579 3356 quidquid
3598 3288 3659 3341 de
3684 3302 3770 3340 suo
3784 3285 3822 3337 in

2297 3378 2564 3434 medelam
2601 3377 2890 3434 seminecis
2931 3377 3268 3447 expenderit,
3299 3376 3448 3431 illico
3477 3392 3599 3433 esse
3635 3374 3823 3430 redden-

2295 3471 2447 3527 dum.
2486 3468 2626 3526 Vere
2674 3468 2836 3541 Legis
2875 3475 2930 3525 et
2971 3469 3268 3540 prophetiae
3326 3478 3520 3526 custos
3565 3469 3822 3524 animarum
3926 3468 3927 3543 γ

2295 3564 2398 3619 istc
2419 3563 2670 3628 vicinior,
2696 3564 2789 3634 qui
2819 3562 2948 3619 fecit
2974 3560 3407 3617 misericordiam
3460 3561 3514 3618 ei
3540 3563 3632 3633 qui
3658 3561 3823 3615 incide—

2294 3662 2382 3710 rat
2416 3654 2471 3709 in
2496 3655 2756 3720 latrones,
2798 3661 2854 3709 et
2879 3653 3163 3724 proximus
3192 3654 3312 3723 ejus
3344 3655 3599 3724 apparuit
3624 3668 3721 3707 non
3738 3659 3822 3704 tam

2296 3764 2549 3804 sermone
2577 3764 2741 3819 quam
2765 3763 2948 3819 opere.
2984 3747 3122 3815 Quia
3145 3762 3276 3819 ergo
3302 3748 3566 3820 possibile
3601 3754 3679 3802 est
3702 3745 3821 3815 juxta

2294 3841 2431 3897 illud
2463 3842 2610 3913 quod
2648 3842 2916 3913 sequitur,
2958 3841 3159 3896 imitari
3196 3857 3299 3897 nos
3334 3840 3638 3906 Christum,
3672 3848 3719 3895 et
3745 3835 3823 3891 mi-

2293 3936 2462 3993 sereri
2485 3951 2678 3992 eorum
2708 3937 2802 4008 qui
2832 3934 3137 3992 inciderant
3183 3935 3239 3989 in
3301 3935 3568 4000 latrones,
3612 3931 3823 3988 accedat

2293 4031 2361 4084 ad
2389 4043 2505 4097 eos,
2534 4028 2703 4099 ligare
2738 4029 2986 4095 vulnera,
3028 4028 3314 4084 infundere
3349 4029 3534 4083 oleum
3565 4036 3620 4083 et
3654 4027 3822 4087 vinum,

2292 4119 2573 4189 imponere
2595 4134 2761 4189 super
2790 4118 3070 4190 proprium
3093 4117 3428 4188 jumentum,
3453 4128 3511 4174 et
3527 4118 3666 4174 ferre
3690 4128 3823 4171 onera

2292 4211 2567 4282 ipsorum;
2620 4220 2903 4282 propterea
2940 4212 3009 4266 ad
3038 4212 3163 4267 talis
3202 4227 3304 4269 nos
3362 4213 3654 4268 cohortans
3689 4208 3826 4263 Filius

2291 4306 2408 4373 Dei,
2434 4321 2545 4362 non
2569 4316 2677 4360 tam
2714 4305 2926 4360 doctori
2960 4305 3092 4374 legis
3124 4320 3291 4375 quam
3315 4305 3473 4359 nobis
3505 4318 3716 4377 quoque
3738 4316 3825 4358 om-

2290 4400 2452 4456 nibus
2475 4399 2714 4469 loquitur
2745 4416 2760 4453 :
2807 4397 2947 4452 Vade
2976 4408 3025 4453 et
3063 4409 3119 4452 tu
3143 4398 3231 4468 [ac
3252 4398 3524 4454 similiter.
3554 4398 3682 4465 Quae
3707 4396 3747 4451 si
3768 4395 3824 4449 si-

2288 4493 2490 4547 militer
2521 4472 2833 4555 fecerimus,
2861 4490 3028 4545 vitam
3066 4505 3471 4560 consequemur
3514 4499 3755 4545 a:ternam
3781 4485 3823 4537 in

606 4560 662 4614 in
694 4577 797 4617 suo
828 4567 1093 4636 sanguine
1121 4571 1378 4643 volutari,
1416 4578 1674 4639 misertus
1694 4589 1926 4645 accessit
1952 4592 2020 4647 ad
2054 4607 2180 4649 eum
2212 4604 2257 4661 ι)
2288 4583 2509 4639 ChriSlO
2540 4581 2690 4648 ³8811,
2721 4583 2807 4638 συί
2842 4593 2923 4640 εει
2946 4584 3116 4655 Βιοΐίθ
3145 4592 3199 4639 ει
3229 4584 3515 4654 imperium
3561 4582 3613 4637 ίη
3658 4576 3823 4635 53w“

536 4706 547 4717 _
606 4654 863 4750 utileret-
895 4657 1014 4727 ejus
1063 4665 1360 4730 proximus.
1423 4670 1636 4744 Ligavit
1692 4680 1934 4750 vulnuta,
1983 4683 2181 4741 infudit

603 4743 786 4847 pleum
816 4746 945 4847 vino
970 4752 1217 4824 mistum,
1248 4775 1424 4832 neque
1465 4743 1603 4823 dixit
1631 4771 1775 4839 quod
1816 4743 1873 4827 in
1916 4743 2181 4847 propheta

602 4835 839 4908 legitur:
869 4841 992 4898 Non
1025 4855 1102 4901 est
1145 4849 1413 4923 malagma
1457 4835 1740 4933 imponere,
1781 4835 1942 4935 neque
1981 4835 2176 4936 oieum,

600 4946 764 5002 neque
809 4933 1129 5032 alligaturus
1182 4944 1248 5000 ".
1293 4944 1400 5004 iste
1439 4958 1522 5005 est
1565 4933 1965 5027 Samaritanus,
2019 4933 2178 5032 cujus

764 5036 820 5081 et
863 5030 1068 5124 auxilio
1103 5048 1295 5094 omnes
1325 5040 1420 5110 qui
1456 5044 1596 5100 male
1638 5045 1858 5113 habent,
1912 5030 2174 5124 indigent.

603 5114 779 5217 ilujus
805 5123 899 5217 vel
921 5126 1155 5183 maxime
1184 5127 1516 5189 Samaritani
1556 5137 1830 5209 indigebat
1852 5114 2061 5199 auxilio
2082 5146 2176 5217 qui

597 5207 988 5303 de‘Jerusalem
1027 5219 1361 5280 descendens
1408 5207 1694 5286 inciderat—
1722 5233 1775 5288 in
1809 5235 2068 5303 latrones,
2099 5207 2177 5294 ἐι

600 5298 917 5358 vulneratus
950 5305 1019 5360 ab
1052 5306 1152 5372 eis,
1186 5312 1527 5371 semianimis
1557 5316 1734 5374 fuerat
1756 5298 2067 5379 derelictus.
2105 5322 2176 5380 Ut

598 5397 779 5445 autem
805 5394 949 5451 scias
975 5400 1119 5467 quod
1142 5400 1296 5471 juxta
1326 5408 1720 5475 providentiam
1750 5413 1841 5469 Dei
1875 5414 2174 5475 Samarites

594 5476 699 5534 iste
727 5483 1071 5545 descenderit
1101 5501 1160 5546 ut
1186 5507 1406 5553 curaret
1427 5515 1551 5554 eum
1590 5504 1681 5572 qui
1712 5503 1975 5561 inciderat
2010 5511 2062 5563 in
2090 5510 2171 5564 la-

595 5579 800 5639 trones,
828 5581 1112 5637 manifesto
1140 5585 1423 5645 docebcris
1450 5607 1517 5647 ex
1560 5609 1628 5649 eo
1665 5598 1811 5666 quod
1855 5615 2038 5655 secum
2076 5602 2173 5657 ha-

594 5662 758 5720 bebat
775 5667 1114 5740 alligaturas.
1152 5692 1338 5735 secum
1370 5681 1575 5753 oleum,
1597 5662 1782 5742 secum
1801 5688 2010 5746 viuum.
2035 5690 2170 5759 Quae

2283 4676 2630 4735 saaculorum.
2652 4678 2848 4732 Amen.

2802 4788 3087 4845 IlOMlLlA
3109 4787 3327 4843 XXXV.

2282 4882 2360 4937 De
2384 4882 2603 4958 ecquod
2620 4883 2876 4952 scriptum
2899 4892 2974 4936 cst
3002 4898 3020 4936 :
3047 4901 3065 4933 ι
3104 4882 3331 4958 Quaado
3356 4882 3501 4958 vadis
3528 4878 3821 4958 cuna-dest

2350 4949 2494 5006 sario
2519 4962 2643 5022 tuo,
2662 4971 2680 5004 ι
2708 4949 2753 5007 et
2778 4964 2989 5018 cetera,
3013 4969 3173 5022 usque
3196 4953 3264 5005 ad
3286 4968 3404 5006 eum
3432 4952 3606 5006 locum
3625 4949 3705 5003 ubi
3727 4949 3821 5002 ait:

2350 5042 2374 5075 ε
2406 5022 2477 5076 Et
2497 5020 2837 5078 nocis'simum
2860 5020 3116 5077 minutum
3145 5023 3348 5077 reddes.
3372 5041 3393 5076 ι
3424 5021 3557 5094 Cap.
3591 5035 3688 5076 xu.

2346 5131 2463 5188 Nisi
2491 5140 2639 5188 esset
2667 5133 2827 5190 nobis
2864 5142 3060 5187 natura
3100 5133 3350 5199 insitum,
3391 5133 3442 5189 id
3470 5133 3616 5204 quod
3639 5133 3819 5204 justum

2276 5235 2361 5280 cst
2396 5224 2701 5296 iudicandi,
2736 5241 3016 5295 nunquam
3062 5223 3314 5281 Salvator
3364 5226 3569 5281 diceret
3608 5244 3623 5280 :
3673 5223 3818 5288 Qum

2278 5331 2477 5382 autem,
2502 5329 2553 5373 et
2579 5336 2611 5373 a
2634 5319 3014 5388 vobismetipsis
3039 5335 3142 5372 non
3166 5319 3306 5387 quod
3325 5318 3531 5389 justum
3544 5329 3625 5373 est
3630 5316 3817 5387 judica-

2278 5412 2395 5465 tis?
2434 5408 2632 5467 Verum
2681 5427 2750 5466 ne
2803 5412 2871 5467 ad
2931 5412 3308 5481 probationem
3348 5413 3510 5484 hujus
3568 5409 3819 5469 statuentia:

2274 5503 2492 5575 longius
2525 5519 2841 5576 evagemur,
2886 5506 3122 5560 maxime
3162 5522 3285 5561 cum
3328 5507 3498 5561 multa
3543 5503 3815 5560 diﬂiciliora

2273 5598 2402 5654 huic
2423 5598 2663 5669 capitulo
2698 5600 2940 5655 subnexa
2968 5600 3100 5662 sint,
3133 5608 3343 5657 tantum
3371 5600 3634 5672 superbos
3676 5593 3816 5665 signi-

2272 5690 2469 5748 ficasse
2492 5692 2741 5748 sufﬁciet.
2778 5690 2921 5760 Quin
2960 5695 3141 5764 potius
3181 5696 3488 5751 aniarum
3533 5700 3813 5749 nostrarum

667 5849 715 5880 "
740 5848 897 5908 Joan.
931 5871 985 5924 χ,
1014 5859 1065 5914 8.
1142 5861 1183 5893 ⁶¹
1211 5860 1369 5921 Joan.
1405 5883 1523 5935 vm,
1551 5871 1640 5926 48.
1715 5873 1760 5904 ⁵³
1788 5872 1888 5930 lsa.
1919 5890 1957 5941 ι,
1989 5876 2039 5930 6.
2121 5877 2194 5932 ⁸³1

2297 5880 2321 5933 ι.
2361 5895 2480 5949 cm,
2520 5880 2605 5936 l5.
2686 5882 2731 5913 ”
2757 5879 2947 5937 llatth.
2986 5897 3060 5951 ιι,
3089 5881 3177 5938 28.
