4002 6608
219 430 374 491 1889
1398 428 1466 487 ΙΝ
1505 429 1742 489 LUCAM
1781 431 1804 487 Ι

1907 432 2068 490 IILIA
2106 433 2321 492 XXXV.
3362 438 3503 496 1850

219 553 301 612 ad
338 551 511 607 Deum
556 549 674 605 vela
739 546 1065 620 pendamus,
1109 546 1574 622 deprecemurque
1616 550 1817 606 adven-
1847 555 1892 611 Α
1918 562 2019 609 est.
2057 551 2114 608 Si
2147 564 2330 609 autem
2367 550 2704 620 forinsecus,
2741 568 2842 611 nec
2868 554 2936 611 de
2982 554 3071 610 illa
3105 553 3344 612 Ecclesia
3376 574 3499 629 qua:

219 654 349 702 tum
377 645 654 702 sermonis
678 643 820 713 ejus,
866 650 927 697 ut
959 642 1350 712 interpretetur
1391 646 1705 715 parabolam
1749 646 1818 702 de
1918 659 2029 698 non
2064 643 2228 699 habet
2255 643 2526 699 maculam
2560 654 2656 699 aut
2700 660 2891 715 rugam
2918 645 2965 678 ⁸⁸
2986 687 3002 711 ,
3046 656 3142 702 aut
3170 647 3300 718 quid
3335 649 3499 707 istius

227 754 343 811 qua
375 737 678 794 scribitur:
709 735 940 802 Quando
963 734 1113 790 uadis
1140 751 1260 789 cum
1297 736 1599 791 aduersario
1629 747 1719 792 tuo
1746 738 1815 792 ad

222 831 547 901 principem,
572 830 628 884 in
651 828 736 883 uia
760 828 832 882 da
855 844 1088 898 operam,
1119 838 1178 882 ut
1219 827 1406 884 liberes
1444 840 1492 885 te
1529 829 1594 885 ab
1626 846 1709 899 eo,
1754 846 1818 887 ne

225 923 374 993 forte
398 922 581 978 tradat
609 931 658 976 te
682 920 877 992 judici,
913 930 966 976 et
979 920 1149 991 judex
1176 922 1356 976 tradat
1386 931 1434 978 te
1464 922 1721 991 exactori,
1765 931 1817 977 et

225 1016 288 1067 in
313 1029 578 1069 carcerem
601 1013 860 1068 mittaris.
889 1012 1054 1068 Amen
1073 1016 1191 1068 dico
1215 1013 1330 1081 tibi,
1374 1031 1479 1069 non
1507 1016 1631 1069 inde
1647 1017 1814 1081 exies,

221 1110 400 1164 donec
432 1106 776 1161 novissimum
803 1105 1065 1160 minutum
1093 1104 1304 1161 reddas.
1344 1106 1594 1174 Quatuor
1626 1123 1816 1179 perso-

222 1217 332 1257 nas
364 1199 489 1271 poni
517 1198 697 1267 video,
722 1198 1056 1265 adversarii,
1088 1199 1352 1270 principis
1372 1241 1388 1266 ,
1432 1201 1635 1272 judicis
1660 1242 1675 1267 ,
1714 1216 1814 1258 ex-

222 1294 455 1361 actoris,
482 1303 539 1349 et
570 1292 699 1364 quia
725 1291 939 1348 videtur
961 1292 1290 1363 evangelista
1319 1292 1605 1351 Matthazus
1636 1295 1815 1352 simile

222 1389 363 1460 quid
395 1391 615 1443 locutus
645 1387 700 1441 in
737 1400 804 1441 eo
826 1384 970 1456 quod
1002 1384 1080 1440 ait
1113 1403 1127 1440 :
1163 1384 1293 1440 Esto
1328 1386 1600 1442 benevolus
1623 1387 1814 1442 aduer-

224 1480 379 1535 sario
405 1490 494 1534 tua
516 1480 643 1533 dum
668 1494 722 1532 es
746 1478 800 1532 in
816 1478 900 1532 via
922 1493 1041 1532 cum
1064 1493 1122 1531 eo
1152 1479 1220 1543 ⁸³,
1244 1495 1430 1549 quaero
1456 1488 1637 1535 utrum
1669 1481 1810 1537 idem

223 1586 431 1628 sensus
474 1570 567 1636 sit,
612 1585 682 1625 an
726 1569 907 1640 aliqua
955 1570 1028 1625 sit
1079 1571 1299 1637 vicinia,
1359 1572 1627 1643 siquidem
1668 1575 1811 1644 apud

222 1662 547 1722 Matthaaum
576 1679 682 1719 una
707 1678 941 1734 persona
970 1665 1341 1735 prastermissa
1375 1666 1467 1732 sit,
1491 1676 1545 1724 et
1572 1668 1676 1724 alia
1708 1670 1813 1724 im-

222 1767 462 1813 mutata.
503 1756 915 1815 Przetermissus
936 1766 1021 1814 est
1041 1759 1316 1830 princeps,
1347 1767 1403 1815 et
1436 1776 1536 1830 pro
1557 1770 1813 1819 exactore

225 1852 483 1906 minister
504 1850 742 1908 insertus
784 1870 799 1908 :
831 1852 1182 1910 adversarius
1211 1868 1341 1909 vero
1373 1862 1426 1909 et
1454 1853 1622 1924 judex
1649 1854 1773 1911 simi
1786 1885 1805 1896 -

224 1944 354 1999 liter
373 1944 442 1998 ab
464 1953 696 2014 utroque
716 1953 845 2001 sunt
872 1945 1060 2016 positi.
1085 1945 1230 2001 lmus
1251 1945 1436 2016 itaque
1465 1962 1590 2002 cum
1620 1947 1808 2002 adver—

222 2035 378 2089 sario
419 2042 609 2090 nostro
655 2035 721 2090 ad
775 2036 1101 2106 principem,
1148 2045 1203 2091 et
1253 2045 1468 2107 oportet
1506 2053 1626 2105 nos,
1673 2037 1803 2093 dum

220 2126 405 2181 adhuc
426 2126 479 2181 in
511 2127 598 2181 via
632 2142 848 2194 sumus,
881 2126 1094 2183 fortiter
1127 2126 1394 2192 laborare,
1423 2134 1485 2182 It
1514 2128 1809 2184 liberemur

220 2216 297 2271 ab
322 2231 409 2271 eo.
438 2216 707 2284 Quoniam
755 2217 1068 2289 ambiguum
1100 2216 1299 2289 quippe
1336 2218 1546 2292 (94-95)
1579 2222 1805 2277 verbum

218 2318 328 2374 est,
348 2318 401 2365 et
415 2319 593 2380 potest
612 2318 719 2365 tam
739 2310 805 2365 ad
827 2310 1125 2381 principem
1148 2326 1309 2382 quam
1327 2311 1394 2368 ad
1410 2311 1804 2380 adversarium,

224 2400 419 2457 referri
452 2420 466 2459 :
497 2401 579 2458 Ne
602 2402 737 2471 forte
770 2402 952 2457 tradat
990 2412 1038 2458 te
1059 2444 1075 2469 ,
1115 2404 1231 2460 sive
1272 2404 1642 2473 adversarius,
1692 2406 1808 2462 sive

221 2493 503 2565 princeps,
526 2492 721 2562 judici,
746 2501 795 2547 et
807 2492 978 2562 judex
1009 2493 1195 2549 tradat
1229 2506 1277 2551 te
1304 2498 1563 2564 exactori,
1613 2505 1662 2549 et
1702 2510 1806 2550 non

222 2580 348 2636 inde
363 2582 526 2647 exies,
561 2582 724 2636 donec
761 2584 1099 2638 novissimum
1128 2583 1241 2657 (98)
1271 2593 1524 2641 neutrum
1568 2584 1804 2639 reddas:

225 2687 329 2743 pro
357 2688 469 2744 quo
515 2673 802 2732 Matthacus
843 2676 918 2731 ait
955 2694 968 2732 :
1018 2676 1193 2731 Donec
1236 2677 1425 2731 reddas
1464 2678 1808 2731 novissimum

224 2764 577 2833 quadrantem
617 2766 684 2820 ⁵⁸.
727 2765 961 2821 Verbum
1006 2782 1137 2823 vero
1188 2768 1530 2823 novissimum
1580 2777 1808 2835 uterque

226 2856 422 2913 scribit
451 2875 466 2912 :
497 2858 810 2929 discrepare
835 2867 1016 2915 autem
1043 2868 1173 2914 sunt
1196 2859 1321 2925 visi,
1356 2861 1502 2931 quod
1539 2860 1629 2916 hic
1671 2877 1807 2932 qua-

226 2946 477 3003 drantem
498 2990 515 3015 ,
549 2949 639 3005 ille
671 2950 942 3007 minutum
986 2950 1203 3020 posuit:
1237 2952 1646 3022 quaedammihi
1679 2961 1809 3008 sunt

227 3038 526 3096 secretiora
553 3041 845 3113 tangenda,
875 3050 936 3096 ut
964 3043 1330 3114 intelligamus
1369 3043 1534 3097 alium
1559 3059 1682 3099 esse
1711 3044 1809 3100 ad-

224 3131 563 3197 versarium,
603 3133 738 3189 alias
771 3143 882 3189 tres
920 3148 1184 3204 personas
1206 3173 1224 3201 ,
1260 3135 1312 3190 id
1350 3143 1435 3190 est
1464 3135 1764 3205 principem
1787 3177 1803 3203 ,

1916 737 2104 803 modi,
2134 745 2189 792 et
2230 737 2347 808 ipsa
2386 751 2447 792 re
2488 737 2692 807 probor
2732 738 2944 795 alienus
2986 755 3109 797 esse
3149 756 3181 796 a
3219 741 3312 796 tali
3359 759 3496 798 con-

1914 829 2250 901 gregatione,
2274 844 2384 884 non
2414 829 2578 884 habet
2600 829 2854 886 fiduciam
2886 833 3110 902 angelus
3130 838 3294 891 "meus
3322 837 3499 906 respi-

1916 920 2096 977 ciendi
2136 921 2345 977 vultum
2389 919 2571 977 Patris
2612 921 2718 977 mei
2752 922 2847 992 qui
2886 924 2938 977 in
2985 924 3139 980 cretis
3170 940 3272 982 est.
3320 925 3497 994 Quam

1915 1013 1988 1070 ob
2020 1028 2243 1071 causam
2275 1015 2455 1085 angeli
2489 1028 2589 1084 pro
2619 1014 2780 1072 bonis
2811 1015 3030 1072 solliciti
3070 1028 3221 1083 sunt,
3258 1020 3498 1077 scientes

1914 1109 2059 1178 quod
2084 1108 2130 1163 si
2154 1123 2256 1163 nos
2276 1108 2417 1163 bene
2438 1107 2883 1178 gubernaverint,
2901 1118 2955 1164 et
2976 1110 3042 1163 ad
3063 1110 3294 1166 salutem
3323 1126 3497 1183 usque

1914 1201 2304 1272 perduxerint,
2342 1201 2577 1255 habeant
2616 1201 2779 1255 etiam
2820 1201 2921 1271 ipsi
2970 1202 3228 1257 fiduciam
3276 1203 3497 1260 videndi

1914 1290 2108 1347 faciem
2146 1293 2342 1348 Patris.
2376 1292 2665 1358 Quomodo
2698 1294 2843 1348 enim
2876 1294 2924 1350 si
2956 1310 3052 1365 per
3080 1311 3269 1352 curam
3305 1313 3495 1352 eorum

1912 1391 1971 1437 et
1998 1382 2323 1438 industriam
2354 1383 2504 1438 salus
2539 1382 2858 1438 hominibus
2884 1395 3268 1453 comparatur,
3298 1384 3495 1442 faciem

1913 1468 2092 1527 Patris
2142 1487 2361 1543 semper
2390 1473 2721 1528 attendunt:
2764 1473 2846 1529 sic
2883 1473 2929 1529 si
2978 1490 3073 1545 per
3113 1475 3499 1548 negligentiam

1913 1579 2106 1618 eorum
2141 1564 2308 1619 homo
2333 1564 2622 1631 corruerit,
2651 1564 2814 1620 etiam
2844 1568 2929 1623 sui
2959 1566 3188 1637 periculi
3227 1585 3340 1624 rem
3373 1584 3498 1627 esse

1914 1670 2024 1711 non
2057 1656 2334 1712 nesciunt.
2367 1656 2435 1711 Et
2460 1658 2605 1714 sicut
2634 1657 2814 1714 bonus
2835 1659 3148 1730 episcopus,
3178 1669 3229 1715 et
3252 1660 3497 1731 Optimus

1912 1743 2174 1802 Ecclesiae
2202 1747 2547 1817 dispensator
2578 1747 2681 1803 scit
2705 1747 2790 1803 sui
2818 1749 2999 1803 meriti
3038 1764 3162 1805 esse
3190 1757 3355 1820 atque
3377 1750 3497 1806 vir-

1918 1841 2054 1897 tutis
2078 1883 2093 1908 ,
2122 1842 2167 1897 si
2211 1857 2342 1897 oves
2375 1840 2556 1913 gregis
2591 1840 2696 1896 sibi
2726 1840 2917 1896 crediti
2948 1841 3151 1897 fuerint
3182 1842 3492 1909 custodite,

1909 1933 1985 1989 ita
2027 1932 2265 2005 intellige
2297 1941 2352 1989 et
2383 1932 2450 1988 de
2477 1932 2706 2004 angelis.
2738 1933 3042 2004 Ignominia
3076 1934 3271 2005 angelo
3316 1946 3402 1993 est
3443 1937 3492 1992 si

1909 2026 2076 2081 homo
2097 2025 2279 2095 justus
2306 2022 2552 2082 creditus
2574 2024 2759 2089 fuerit,
2787 2034 2843 2080 et
2868 2026 3209 2095 peccaverit:
3242 2038 3302 2082 ut
3327 2043 3494 2084 econ-

1907 2121 2078 2177 trario
2107 2120 2280 2194 gloria
2304 2126 2390 2175 est
2415 2119 2607 2191 angelo
2637 2114 2684 2172 si
2710 2117 2878 2190 974
2897 2120 3139 2175 creditus
3167 2120 3271 2175 sibi
3300 2122 3490 2178 saltem

1909 2212 2175 2270 minimus
2207 2213 2261 2267 in
2294 2211 2539 2269 Ecclesia
2566 2209 2750 2267 fuerit.
2781 2207 3056 2266 Videbunt
3072 2211 3219 2269 enim
3249 2229 3356 2269 non
3387 2216 3491 2268 ali--

1907 2306 2148 2377 quando,
2177 2306 2272 2363 sed
2302 2321 2539 2377 semper,
2569 2304 2764 2359 faciem
2787 2302 2966 2359 Patris
2991 2304 3085 2376 qui
3113 2314 3198 2362 est
3224 2306 3278 2360 in
3313 2307 3491 2371 cmlis,

1909 2415 2033 2457 cum
2067 2400 2160 2455 alii
2196 2414 2415 2473 semper
2452 2415 2561 2455 non
2606 2399 2844 2454 videant.
2880 2396 3203 2455 Secundum
3232 2400 3490 2457 meritum

1907 2494 2055 2549 enim
2087 2507 2277 2548 eorum
2304 2506 2541 2562 quorum
2566 2489 2747 2561 angeli
2778 2497 2941 2569 sunt,
2976 2497 3072 2545 aut
3111 2505 3361 2560 semper,
3393 2496 3493 2546 aut

1908 2600 2190 2656 nunquam
2211 2626 2225 2651 ,
2254 2585 2340 2640 vel
2370 2599 2560 2655 parum
2585 2624 2600 2648 ,
2639 2584 2723 2639 vel
2755 2584 2878 2653 plus
2899 2623 2916 2648 ,
2957 2582 3150 2638 faciem
3186 2582 3285 2638 Dei
3312 2583 3496 2655 angeli

1911 2676 2455 2748 contemplabuntur.
2501 2675 2676 2746 Cujus
2715 2675 2792 2729 rei
2822 2675 2887 2730 ad
2918 2675 3184 2745 liquidum
3235 2676 3489 2731 notitiam

1910 2769 2055 2826 Deus
2084 2769 2319 2835 noverit,
2348 2775 2404 2823 et
2433 2767 2478 2824 si
2518 2768 2676 2837 quis,
2706 2767 2834 2822 licet
2860 2781 3006 2830 raro,
3037 2764 3206 2822 fuerit
3236 2767 3492 2824 inventus

1909 2878 2072 2934 quem
2118 2860 2372 2918 C-hrislus
2416 2859 2680 2915 illuxerit.
2740 2858 3031 2915 Videamus
3071 2873 3203 2930 ergo
3249 2860 3481 2930 primunt

1910 2954 2037 3025 quis
2062 2954 2134 3009 sit
2162 2954 2509 3009 adversarius
2533 2968 2658 3007 cum
2683 2968 2794 3023 quo
2820 2951 2923 3007 iter
2946 2951 3236 3008 faciamus.
3263 2951 3492 3022 Semper

1912 3046 2197 3101 nobiscum
2221 3053 2305 3100 est
2330 3045 2697 3100 adversarius.
2720 3043 2966 3099 Infelices
2989 3058 3113 3108 nos,
3133 3051 3298 3112 atque
3323 3042 3489 3097 mise-

1913 3140 2140 3195 rabiles!
2174 3134 2623 3208 Quotiescunque
2669 3136 3099 3207 peccaverimus.
3139 3135 3492 3191 adversarius

220 3225 488 3297 judicem,
521 3237 853 3282 exactorem.
884 3227 1142 3300 Legimus
1173 3228 1255 3295 (si
1290 3236 1469 3285 tamen
1501 3230 1589 3283 cui
1630 3230 1804 3300 placet
1833 3253 1874 3312 ο
1913 3241 2096 3284 noster
2126 3229 2397 3295 exsultat,
2440 3229 2623 3284 sciens
2652 3227 2911 3298 quoniam
2960 3227 3121 3281 habet
3169 3225 3485 3280 facultatem

226 3318 607 3388 hujuscemodi
644 3318 984 3390 Scripturam
1021 3320 1298 3390 recipere)
1335 3321 1563 3391 iustitiae
1605 3329 1660 3377 et
1702 3320 1806 3375 ini-

225 3412 451 3482 quitatis
496 3413 721 3485 angelos
772 3427 936 3482 super
977 3414 1211 3470 Abrahae
1257 3414 1435 3469 salute
1477 3422 1532 3470 et
1582 3413 1802 3469 interitu

222 3501 617 3571 disceptantes,
650 3504 779 3557 dum
817 3511 1062 3573 utraeque
1093 3512 1287 3559 turmae
1322 3518 1424 3560 suo
1457 3519 1580 3560 eum
1614 3504 1806 3560 volunt

222 3597 391 3652 οωιυὶ
430 3596 729 3652 vindicare.
768 3595 924 3664 Quod
957 3597 1001 3652 si
1036 3598 1124 3652 cui
1154 3597 1433 3668 displicet,
1466 3606 1707 3655 transeat
1736 3598 1802 3652 ad

223 3687 483 3744 volumen
517 3690 662 3757 qund
698 3690 857 3744 titulo
883 3688 1129 3743 Pastoris
1163 3690 1443 3756 scribitur,
1478 3698 1533 3745 et
1565 3690 1806 3745 inveniet

224 3782 441 3837 cunctis
476 3782 789 3838 hominibus
818 3782 954 3853 (97)
995 3783 1134 3839 duos
1173 3784 1364 3837 adesse
1397 3782 1648 3853 angelos:
1687 3798 1805 3837 ma-

222 3875 357 3942 lum,
389 3875 485 3948 qui
522 3876 588 3931 ad
614 3890 871 3946 perversa
901 3877 1222 3932 exhortatur
1241 3916 1256 3939 ,
1285 3883 1340 3930 et
1373 3875 1576 3931 bonum
1609 3877 1703 3948 qui
1732 3875 1804 3931 ad

222 3967 428 4037 Optima
466 3984 697 4040 quaeque
750 3968 1061 4040 persuadet.
1119 3967 1389 4023 Scribitur
1438 3968 1609 4035 alibi,
1655 3968 1803 4038 quod

222 4062 486 4119 assistant
530 4063 779 4129 homini,
822 4062 937 4119 sive
969 4062 1023 4117 in
1066 4061 1308 4127 bonam,
1341 4061 1457 4117 sive
1503 4061 1556 4115 in
1602 4062 1800 4116 malam

222 4162 432 4223 partem
479 4152 726 4224 duplices
776 4152 976 4223 angeli.
1028 4150 1105 4207 De
1138 4152 1297 4207 bonis
1340 4151 1506 4208 etiam
1554 4151 1804 4207 Salvator

223 4245 512 4308 meminit,
553 4245 742 4300 dicens
782 4245 859 4299 ⁸⁷;
915 4243 1103 4315 Angeli
1148 4260 1330 4298 eorum
1378 4260 1580 4315 semper
1627 4244 1803 4298 vident

222 4334 413 4407 faciem
462 4334 643 4389 Patris
688 4336 790 4390 mei
840 4336 932 4406 qui
974 4335 1028 4388 in
1071 4335 1214 4390 cwlis
1255 4343 1354 4391 est.
1396 4329 1573 4390 Simul
1620 4349 1803 4405 quaere

221 4437 404 4485 utrum
454 4428 805 4497 parvulorum
842 4427 895 4481 in
929 4425 1169 4483 Ecclesia
1203 4440 1420 4496 semper
1448 4426 1670 4481 videant
1698 4442 1796 4481 an-

220 4519 324 4590 geli
354 4518 547 4574 faciem
593 4519 808 4585 Patris,
854 4529 908 4574 et
935 4520 1169 4572 aliorum
1210 4518 1387 4586 angeli
1423 4532 1530 4573 non
1568 4518 1803 4575 habeant

1909 3322 2051 3393 apud
2084 3321 2384 3392 principem
2413 3316 2597 3376 seaculi
2627 3319 2813 3389 hujus,
2840 3318 2935 3388 qui
2968 3333 3027 3374 se
3057 3318 3283 3372 miserat
3310 3318 3491 3373 exsul-

1905 3416 2056 3472 tandi
2078 3423 2132 3470 et
2154 3413 2445 3485 gloriandi,
2467 3428 2534 3470 eo
2556 3413 2701 3484 quod
2729 3412 3097 3475 adversarius,
3125 3411 3271 3466 verbi
3293 3412 3492 3483 gratia,

1904 3508 2072 3578 hujus
2099 3507 2186 3563 vel
2228 3507 2405 3573 illius,
2453 3521 2581 3561 eum
2613 3506 2804 3561 fecerit
2833 3505 3067 3576 principi
3104 3504 3289 3559 saeculi
3324 3506 3490 3575 hujus

1905 3618 2027 3659 esse
2073 3601 2386 3671 subjectum
2416 3614 2514 3671 per
2549 3598 2673 3654 talia
2715 3606 2902 3669 totque
2943 3606 3199 3668 peccata,
3246 3613 3344 3668 per
3384 3598 3491 3654 hoc

1907 3695 2150 3764 illudque
2183 3692 2464 3749 delictum.
2518 3689 2715 3745 Evenit
2761 3699 2943 3744 autem
2994 3690 3301 3755 interdum,
3348 3699 3409 3744 ut
3441 3691 3487 3745 si

1904 3787 1998 3858 qui
2051 3784 2217 3841 fuerit
2257 3791 2591 3854 praeparatus
2631 3790 2909 3836 armatura
2957 3780 3086 3846 Dei,
3124 3793 3178 3835 et
3219 3795 3284 3834 ex
3334 3784 3487 3836 omni

1905 3885 2059 3949 parte
2082 3892 2145 3932 se
2170 3876 2384 3940 texerit,
2408 3882 2637 3929 conetur
2659 3870 2881 3943 quidem
2914 3870 3260 3925 adversarius
3288 3872 3489 3926 vulnus

1905 3970 2150 4036 inferre,
2205 3968 2298 4025 sed
2350 3966 2661 4021 facultatem
2711 3979 2817 4019 non
2878 3964 3075 4018 haheat
3125 3963 3488 4034 percutiendi.

1906 4060 2134 4131 Semper
2173 4060 2460 4115 nobiscum
2509 4056 2857 4113 adversarius
2890 4056 3168 4126 graditur,
3203 4071 3486 4127 nunquam

1903 4172 2005 4211 nos
2032 4154 2267 4217 deserit,
2300 4152 2494 4223 qttmrit
2530 4151 2876 4207 occasionem
2910 4149 3255 4213 insidiarum,
3287 4149 3333 4203 si
3375 4166 3489 4220 quo

1903 4245 2068 4301 modo
2100 4259 2202 4298 nos
2224 4243 2544 4311 subvertere
2566 4251 2750 4313 queat,
2779 4251 2837 4296 ut
2863 4241 2917 4296 in
2943 4238 3226 4310 principali
3261 4239 3491 4311 [ἡγεμο-

1902 4336 2059 4410 νικῷ]
2098 4332 2278 4393 cordis
2313 4335 2487 4391 nostri
2533 4336 2730 4389 malam
2783 4334 3041 4403 subjiciat
3074 4334 3460 4403 cogitationem

1904 4431 2130 4498 Quando
2152 4432 2301 4485 vadis
2325 4431 2394 4485 ad
2421 4430 2712 4499 principem
2728 4427 2797 4481 ⁸³.
2818 4427 3084 4494 Quisnam
3110 4426 3213 4482 iste
3235 4425 3486 4495 princeps

1901 4525 2024 4581 est?
2042 4524 2267 4590 Quando
2298 4523 2570 4578 diuidebat
2588 4521 2899 4575 Altissimus
2923 4529 3119 4591 gentes,
3143 4520 3355 4591 quando
3378 4519 3486 4573 dis-

220 4611 522 4667 libertatem
572 4613 782 4666 vultum
826 4609 1008 4665 Patris
1057 4609 1376 4665 attendere:
1425 4626 1602 4680 neque
1650 4613 1794 4667 enim
1828 4617 1874 4672 D
1901 4616 2196 4673 seminabat
2222 4614 2364 4685 [ilics
2392 4614 2586 4680 Adam,
2615 4613 2804 4667 statuit
2831 4615 3080 4666 terminos
3106 4610 3385 4664 nationum
3410 4626 3488 4663 se-

223 4704 549 4774 sperandum
609 4713 732 4768 est,
797 4703 1043 4756 omnium
1093 4700 1316 4771 angelos
1366 4701 1549 4757 videre
1602 4700 1795 4758 faciem

221 4794 397 4850 Patris
419 4795 511 4865 qui
536 4796 589 4849 in
614 4795 767 4851 caelis
787 4804 889 4849 est.
913 4794 967 4849 Si
995 4794 1151 4851 fuero
1172 4797 1239 4849 de
1259 4793 1526 4860 Ecclesia,
1546 4796 1798 4866 quamvis

221 4889 481 4943 niinimus
503 4889 629 4954 sim,
649 4889 811 4943 habet
831 4888 1134 4943 libertatem
1160 4887 1384 4957 mgelus
1410 4902 1563 4941 meus
1584 4896 1635 4942 et
1659 4887 1800 4943 fidu-

222 4981 361 5036 ciam
391 4997 606 5052 semper
642 4981 821 5036 videre
860 4979 1052 5035 faciem
1082 4976 1264 5036 Patris
1292 4978 1399 5035 mei
1437 4979 1530 5049 qui
1559 4979 1613 5034 in
1642 4980 1797 5037 etelis

1907 4709 2137 4763 cundum
2166 4723 2440 4761 numerum
2468 4706 2776 4777 angelorum
2804 4703 2925 4770 Dei,
2957 4713 3007 4757 et
3036 4704 3183 4773 facta
3205 4713 3284 4757 est
3311 4705 3487 4771 portio

1906 4796 2123 4854 Domini
2167 4798 2392 4869 papulas
2433 4798 2547 4868 ejus
2586 4796 2787 4862 Iacob,
2838 4794 3111 4866 funiculus
3156 4792 3486 4849 hereditatis

1902 4891 2019 4962 ejus
2054 4888 2228 4944 Israel
2251 4890 2315 4945 ⁸ο.
2348 4888 2458 4961 (98)
2491 4890 2657 4959 igitur
2685 4888 3045 4959 principibus,
3079 4886 3132 4941 id
3158 4894 3243 4940 est
3274 4885 3487 4956 angelis

1903 4984 2018 5058 (99)
2045 4984 2115 5040 ab
2146 4982 2375 5040 exordio
2403 4992 2546 5039 terra
2574 4983 2747 5037 divisa
2777 4993 2881 5037 est.
2913 4980 3099 5036 Daniel
3132 4979 3334 5051 quippe
3361 4993 3485 5033 ma-

287 5118 335 5153 ”
360 5117 548 5175 Matth.
578 5133 634 5185 v,
661 5116 753 5175 25.
827 5117 874 5151 ⁵⁸
900 5116 1033 5173 ibid.
1062 5116 1155 5174 26.
1228 5116 1481 5189 "Matth.
1507 5120 1765 5185 “111,10.
1842 5125 1890 5158 ⁸⁸
1918 5124 2186 5197 Ephes.v,
2206 5123 2298 5178 27.
2377 5123 2423 5157 "
2450 5122 2642 5177 Matth.
2671 5138 2771 5184 xu,
2806 5121 2895 5176 58.
2974 5121 3019 5153 ⁶⁰
3046 5118 3203 5175 Deut.
3230 5116 3479 5182 xxxn,8.

292 5252 509 5327 (947-95)
534 5252 782 5327 Graecum
824 5251 965 5327 sacri
992 5258 1172 5327 textus
1197 5250 1445 5327 verbum,
1482 5251 1792 5327 κατασύρῃ,

221 5320 656 5393 substituendum
684 5323 774 5393 hic
801 5323 1015 5379 videtur
1039 5320 1257 5387 Latino,
1291 5325 1498 5393 quippe.

289 5394 398 5466 (96)
429 5392 654 5466 Videtur
672 5393 738 5466 de
759 5392 1030 5450 industria
1054 5392 1346 5466 lectionem.
1368 5395 1513 5466 illam
1537 5393 1795 5466 praeferre

220 5463 391 5521 Grazci
423 5463 722 5535 archetypi,
754 5479 877 5534 quae
915 5465 970 5518 in
1012 5474 1207 5519 neutro
1243 5464 1405 5519 habet
1429 5464 1493 5519 τὸ
1523 5463 1751 5535 ἔσχατον
1774 5507 1791 5533 ,

115 5600 121 5609 κ
220 5536 372 5609 alteri
386 5551 510 5609 qua:
530 5536 583 5609 in
601 5534 721 5589 allis
742 5536 981 5609 occurrit
989 5535 1416 5609 exemplaribus,
1434 5534 1787 5609 τὸκίέᾀχατον.

290 5604 675 5678 (97)“[)ἱχὶηιυε
701 5619 866 5674 supra
894 5606 961 5660 ad
988 5604 1191 5678 homil.‘
1210 5604 1287 5678 25
1306 5605 1472 5678 videri
1498 5604 1787 5677 Origcnem

167 5684 175 5692 ‘
222 5676 460 5732 sensisse
477 5678 636 5731 bonis
659 5685 891 5742 tantum,
909 5676 1221 5746 sanctisque
1243 5677 1375 5731 viris
1389 5676 1670 5731 custodem
1696 5692 1789 5732 an-

220 5748 394 5817 gelum
429 5747 683 5818 adjungi:
722 5746 809 5802 hic
835 5748 1007 5818 multo
1036 5747 1193 5801 aliter
1220 5747 1357 5810 duos
1381 5748 1579 5817 cuique
1606 5747 1787 5802 homi-

223 5833 347 5872 num
369 5817 680 5889 assignatos
703 5817 1135 5889 apocrypborum
1161 5832 1380 5889 quoque
1403 5818 1667 5889 librorum
1693 5833 1787 5873 au-

224 5890 469 5945 ctoritate
490 5887 802 5949 contendit:
831 5887 885 5944 et
902 5887 1072 5967 paulo
1098 5887 1329 5946 inferius
1353 5887 1786 5947 luculentissima

1901 5259 1971 5315 iis
1995 5259 2161 5315 etiam
2191 5258 2283 5329 qui
2308 5257 2378 5312 ab
2396 5255 2643 5329 Ecclesia
2659 5255 2820 5329 alieni
2845 5264 3006 5329 sunt,
3023 5254 3335 5329 assignatas
3355 5270 3483 5325 pro-

1902 5331 2119 5385 nuntiat
2139 5325 2397 5385 custodes
2419 5328 2662 5398 angelos,
2686 5328 2813 5381 dum
2837 5342 2933 5398 eos
2960 5327 3035 5381 ait
3057 5341 3164 5379 non
3188 5325 3391 5398 audere
3409 5329 3479 5382 ad

1901 5400 2141 5457 cmlestis
2168 5400 2349 5454 Patris
2372 5396 2564 5454 faciem
2587 5398 2777 5453 oculos
2804 5397 3071 5460 attollere,
3102 5405 3157 5450 et
3178 5411 3277 5465 pro
3303 5396 3476 5451 homi-

1901 5487 2032 5525 num
2059 5470 2165 5526 sibi
2201 5470 2542 5526 subditorum
2575 5469 2785 5523 meritis
2816 5477 2910 5520 aut
2952 5482 3175 5535 semper,
3221 5474 3314 5519 aut
3343 5483 3481 5521 nun-

1898 5558 2080 5608 quam,
2114 5541 2192 5596 vel
2222 5557 2411 5611 parum
2430 5581 2446 5607 ,
2479 5539 2560 5594 vel
2587 5539 2707 5609 plus
2753 5538 2947 5610 faciem
2992 5536 3101 5611 Dei
3132 5538 3479 5611 contemplari

1896 5607 2103 5683 posse;
2137 5607 2680 5684 quaaexaggeratio,
2733 5607 3020 5684 quantum
3053 5607 3122 5662 ab
3171 5607 3479 5665 orthodoxa

1897 5681 2171 5742 sententia
2202 5682 2518 5744 abhorreat,
2551 5696 2711 5736 nemo
2746 5696 2854 5735 non
2886 5681 3069 5734 sentit.

1972 5747 2083 5828 (98)
2120 5753 2250 5828 Yide
2275 5768 2393 5828 cap.-
2420 5749 2455 5806 δ
2489 5753 2585 5807 ιίιι-
2616 5768 2674 5828 ψ
2697 5750 2842 5828 seu
2870 5750 3077 5828 ἀρλῶγ-

1970 5819 2084 5895 (99)
2120 5825 2252 5881 Vide
2281 5819 2354 5879 ιι.’
2374 5823 2428 5879 in
2460 5838 2582 5894 cap.
2620 5823 2657 5878 3
2696 5819 2799 5880 lib;
2832 5819 3067 5894 ιη’Περὶ
3101 5819 3305 5891 ἀρχῶν.
