4002 6540
213 386 357 445 1893

1363 390 1430 446 ΙΝ
1470 390 1710 449 LUCAM
1749 388 2035 449 ﬂOMlLIA
2074 392 2317 449 XXXVI.

3349 407 3491 467 1891

202 503 308 558 t‘ia.
363 503 484 560 Non
530 514 614 561 est
668 506 813 562 aliud
862 515 1079 575 tempus
1127 504 1391 562 facienda:
1430 479 1664 563 rationis
1693 507 1799 563 nisi
1832 513 1875 568 Α
1906 507 2063 577 hujus
2095 509 2161 561 ⁷³.
2202 508 2312 564 Aut
2346 511 2759 579 comparatione
2810 515 3060 586 majoris,
3117 526 3277 574 tenue
3322 529 3488 592 atque

213 601 442 669 tempus
484 598 713 671 judicii,
755 600 976 669 quando
1018 598 1226 668 liquido
1269 609 1630 670 cognoscetur
1665 600 1797 670 quid

209 692 375 747 nobis
425 692 691 747 creditum
746 700 847 757 est,
900 701 955 748 et
1000 692 1132 763 quid
1179 692 1339 758 lucri,
1389 692 1591 762 quidve
1631 692 1799 747 detri-

208 784 385 836 menti
432 780 744 846 fecerimus,
796 785 922 853 quis
973 796 1223 842 nostrum
1276 785 1544 854 acceperit
1590 800 1795 852 mnam,

209 874 341 944 quis
370 889 541 929 unum
586 875 873 943 talentum,
921 878 1047 947 quis
1087 878 1229 942 duo,
1276 877 1403 947 quis
1450 877 1694 947 quinque
1727 877 1793 933 ".

210 966 451 1026 Necesse
477 983 587 1024 non
620 978 700 1025 est
733 970 890 1039 plura
922 970 1187 1036 indicare,
1226 987 1350 1027 eum
1392 971 1497 1026 hoc
1546 971 1602 1025 in
1646 984 1797 1025 com-

210 1077 384 1117 mune
421 1063 628 1118 dixisse
666 1062 917 1128 suﬂiciat,
957 1065 1269 1121 reddituros
1312 1079 1412 1121 nos
1462 1079 1584 1119 esse
1629 1064 1797 1117 ratio-

211 1171 341 1209 nem
373 1156 463 1211 iet
492 1155 850 1213 sirdebitores
886 1158 1094 1213 inventi
1135 1157 1402 1214 fuerimus
1433 1157 1575 1211 trahi
1608 1158 1674 1212 ad
1708 1156 1798 1226 ju-

210 1244 412 1309 dicem,
446 1254 502 1301 et
530 1261 559 1300 a
581 1245 764 1314 judice
793 1249 1041 1304 exactori
1072 1250 1236 1305 tradi.
1268 1247 1478 1320 Singuli
1511 1259 1797 1305 exactores

212 1337 468 1407 proprios
500 1339 765 1395 habemus
790 1356 803 1391 :
828 1342 1009 1398 omnis
1036 1357 1167 1396 vero
1199 1342 1511 1406 multitudo,
1548 1343 1797 1412 pluribus

210 1431 490 1495 traditur,
556 1434 856 1488 secundum
914 1434 968 1489 id
1021 1436 1169 1505 quod
1226 1436 1280 1490 iu
1340 1434 1478 1491 Isaia
1531 1437 1793 1507 scriptum

208 1529 299 1577 est
322 1524 409 1576 '°:
444 1523 677 1590 Populus
710 1541 877 1589 meus,
916 1536 1188 1581 exactores
1224 1529 1382 1582 vestri
1414 1529 1644 1599 spoliant
1684 1548 1793 1599 vos,

208 1622 259 1669 et
283 1614 372 1684 qui
390 1623 624 1684 potentes
651 1626 772 1670 sunt
801 1618 1151 1672 dominantur
1198 1621 1376 1675 vestri.
1432 1619 1797 1679 Dominantur

207 1718 518 1774 exactores,
554 1709 601 1765 si
639 1709 992 1769 debuerimus
1020 1713 1248 1784 aliquid.
1283 1712 1341 1769 Si
1370 1725 1553 1770 autem
1589 1718 1795 1774 habue-

209 1798 387 1854 rimus
412 1799 687 1870 ﬁduciam,
721 1812 775 1859 et
808 1802 983 1859 fronte
1009 1804 1180 1860 libera
1207 1805 1533 1875 vixerimus,
1561 1810 1792 1866 servabo

211 1898 539 1961 praeceptum
567 1892 741 1949 libens
771 1911 784 1948 :
812 1893 1031 1950 Reddite
1054 1895 1296 1951 omnibus
1324 1897 1501 1953 debita
1527 1913 1545 1952 :
1572 1900 1660 1953 cui
1689 1902 1792 1955 tri-

209 1978 419 2046 butum,
453 1981 709 2037 tributum
733 2002 752 2040 :
776 1986 862 2039 cui
896 1988 1157 2054 timorem,
1194 1987 1477 2044 timorem:
1514 1991 1599 2044 cui
1633 1991 1793 2046 vecti-

206 2070 320 2140 gal,
351 2073 573 2144 uectigal
595 2089 614 2127 :
635 2078 722 2130 cui
746 2077 1018 2147 honorem,
1062 2079 1311 2136 honorem
1335 2082 1413 2137 7‘.
1446 2079 1503 2137 Si
1534 2084 1792 2140 omnibus

207 2162 468 2221 universa
509 2166 817 2238 reddidero,
848 2171 1007 2227 venio
1043 2171 1111 2227 ad
1152 2186 1487 2237 exactorem,
1528 2184 1584 2230 et
1625 2176 1792 2231 intre-

208 2255 337 2325 pida
379 2268 561 2313 mente
605 2262 930 2331 respondeo,
954 2261 1103 2319 Nihil
1148 2266 1245 2322 tibi
1270 2266 1461 2323 debeo.
1494 2266 1655 2322 Venit
1696 2282 1793 2323 ex-

207 2357 366 2405 actor
403 2350 471 2405 ad
496 2349 922 2423 deposcendum,
962 2357 1163 2413 resisto
1193 2359 1264 2413 ei.
1308 2357 1437 2414 Scio
1470 2360 1616 2414 enim
1644 2359 1792 2431 quod

207 2440 254 2497 si
305 2441 442 2497 nihil
493 2442 769 2511 debuero,
832 2446 887 2500 in
936 2463 1022 2503 me
1071 2464 1184 2504 non
1233 2450 1395 2505 habet
1442 2460 1789 2520 potestatem.

208 2533 367 2600 Quod
398 2534 445 2589 si
470 2534 686 2591 debitor
730 2536 908 2606 fuero,
940 2542 1120 2596 mittet
1149 2556 1240 2597 me
1269 2552 1493 2597 exactor
1539 2558 1694 2598 meus
1735 2543 1792 2599 in

207 2639 507 2711 carcerem,
546 2627 638 2681 illo
680 2630 872 2685 ordine
897 2631 990 2701 qui
1016 2632 1311 2703 praedictus
1355 2642 1458 2690 est.
1520 2635 1794 2692 Adversa-

207 2719 326 2774 rius
367 2720 512 2775 enim
550 2736 636 2776 me
675 2721 826 2778 dueit
864 2723 931 2778 ad
961 2725 1285 2797 principem,
1318 2728 1570 2799 princeps
1607 2732 1673 2786 ad
1701 2731 1792 2802 ju-

206 2808 409 2878 dicem,
460 2820 515 2867 et
561 2812 728 2882 judex
785 2815 961 2869 tradet
1015 2831 1101 2870 me
1149 2819 1415 2882 exactori,
1475 2830 1529 2874 et
1569 2830 1793 2877 exactor

209 2898 389 2956 mittet
418 2900 470 2956 in
502 2917 799 2960 carcerem.
833 2904 965 2972 Quae
993 2906 1069 2978 (4)
1100 2916 1183 2963 est
1222 2908 1308 2963 lex
1339 2910 1575 2965 carceris
1598 2908 1795 2966 istius?

205 2989 331 3048 Non
382 2996 631 3066 egredior
681 3012 749 3052 ex
794 3012 882 3066 eo,
931 3014 1108 3070 neque
1167 3014 1256 3055 me
1312 3012 1536 3057 exactor
1586 3003 1792 3073 patitur

206 3084 389 3151 exire,
430 3088 537 3142 nisi
580 3089 822 3144 debitum
873 3105 1035 3145 omne
1075 3092 1409 3162 persolvere.
1468 3093 1584 3149 Non
1631 3096 1794 3152 habet

205 3185 431 3270 exactor
479 3187 823 3249 potestatem,
872 3191 932 3235 ut
973 3183 1106 3236 mihi
1159 3184 1352 3240 saltem
1404 3187 1788 3255 quadrantem.
1818 3212 1860 3270 ς

207 3263 295 3318 vel
346 3265 630 3321 minimam
674 3269 981 3338 portionem
1039 3272 1216 3329 valeat
1261 3275 1597 3344 concedere,
1644 3293 1790 3334 unus

200 3366 313 3426 (δᾶ,
341 3359 434 3429 qui
480 3359 816 3418 debitoribus
859 3378 969 3418 non
1012 3364 1338 3423 habent-ibus
1392 3369 1536 3423 unde
1587 3372 1791 3440 persol-

204 3460 357 3517 vant,
382 3462 563 3526 potest
585 3456 901 3513 concedere.
922 3459 1175 3528 Accessit,
1193 3460 1389 3532 inquit,
1416 3461 1486 3515 ad
1509 3479 1627 3516 eum
1651 3479 1785 3519 unus

204 3543 298 3613 qui
338 3542 555 3599 debebat
588 3545 898 3618 quingentos
942 3550 1213 3615 denarios,
1256 3560 1308 3606 et
1349 3552 1490 3607 alius
1529 3557 1788 3627 quinqua-

207 3634 362 3702 ginta
391 3652 409 3690 :
438 3645 488 3690 et
519 3651 637 3689 cum
669 3652 770 3689 non
797 3638 1046 3693 haberent
1076 3640 1215 3694 unde
1245 3641 1523 3696 redderent
1542 3638 1577 3705 ,'
1608 3644 1789 3699 ambo-

206 3724 305 3777 bus
340 3725 558 3779 donavit
586 3727 654 3781 τ’.
692 3727 796 3794 Qui
832 3729 1054 3785 donavit
1082 3730 1347 3787 Dominus
1374 3741 1458 3788 est
1484 3751 1498 3787 :
1527 3734 1629 3790 iste
1658 3751 1788 3790 vero

204 3816 303 3887 qui
336 3828 556 3875 exactor
579 3829 679 3886 est,
711 3837 819 3876 non
852 3833 935 3878 est
955 3825 1231 3890 dominus,
1263 3827 1357 3881 sed
1388 3842 1418 3880 a
1456 3826 1689 3884 Domino
1717 3831 1783 3884 ad

205 3911 473 3982 exigenda
519 3912 700 3969 debita
747 3916 1088 3984 praepositus.
1141 3914 1259 3971 Non
1309 3916 1458 3974 fuisti
1496 3920 1693 3990 dignus
1729 3931 1789 3978 ut

208 4002 311 4057 tibi
344 4004 647 4075 quingenti,
691 4010 805 4061 sive
837 4008 1237 4079 quinquaginta
1264 4010 1473 4065 denarii
1516 4013 1788 4069 donaren-

207 4107 323 4162 tur,
356 4111 456 4152 uec
493 4097 683 4153 audire
708 4100 977 4167 meruisti,
1009 4099 1246 4157 Dimissa
1289 4111 1418 4157 sunt
1460 4104 1558 4158 tibi
1590 4107 1786 4161 delicta

208 4202 304 4247 tua
350 4208 364 4245 ε
413 4192 510 4247 sed
559 4194 793 4249 mitteris
847 4195 902 4247 in
954 4209 1265 4261 carcerem,
1316 4206 1370 4252 et
1410 4198 1484 4253 ibi
1552 4200 1786 4270 exigeris

205 4299 306 4355 per
341 4285 582 4340 laborem
627 4295 676 4341 et
708 4301 893 4356 opera,
944 4286 1060 4342 sive
1101 4303 1197 4358 per
1227 4304 1418 4359 pmnas
1453 4299 1616 4362 atque
1658 4307 1788 4362 sup-

206 4378 389 4447 plicia,
423 4386 476 4433 et
516 4393 624 4433 non
666 4379 791 4434 inde
823 4381 974 4437 exies
1014 4382 1121 4436 nisi
1159 4382 1464 4439 reddideris
1504 4384 1786 4453 quadran-

207 4481 340 4536 tem,
390 4472 475 4526 vel
525 4472 886 4527 novissimum
939 4474 1234 4538 minutum,
1282 4475 1426 4545 quod
1474 4477 1549 4547 (ὅ)
1602 4476 1788 4534 Graece

1902 599 2123 653 subtile.
2164 599 2365 655 Beatus
2391 614 2475 654 εει
2508 601 2690 670 igitur,
2728 605 2964 673 primum
2998 610 3091 677 qui
3123 623 3233 663 non
3266 623 3481 681 peccat,

1902 692 2141 745 secundo
2182 699 2240 745 ut
2287 692 2342 745 in
2384 690 2673 747 collatione
2707 693 2906 764 aliquis
2936 698 3128 753 saltem
3164 709 3327 756 tenue
3357 716 3488 772 pec-

1901 787 2083 833 catum
2129 779 2346 834 habeat.
2384 779 2451 834 Et
2492 782 2787 852 inter'ipsa
2835 801 3056 856 quoque
3105 793 3287 845 tenuia
3323 803 3487 863 atque

1899 872 2142 936 subtilia.
2172 884 2255 928 est
2281 874 2571 931 diversitas
2606 884 2972 946 peccatorum.
3002 877 3118 937 Nisi
3148 896 3291 940 esset
3320 902 3490 956 pecu-

1899 963 1991 1017 nia
2044 964 2293 1028 subtilis,
2330 980 2610 1035 nunquam
2661 966 2972 1022 diceretur:
3017 970 3306 1028 Nouexies
3342 977 3487 1045 inde,

1898 1055 2063 1109 donec
2099 1056 2290 1109 reddas
2333 1058 2676 1112 novissimum
2706 1060 3057 1129 quadrantem
3079 1064 3147 1119 ⁷⁸.
3194 1066 3485 1131 Quomodo

1898 1147 2016 1202 sine
2051 1148 2281 1217 pecunia
2328 1150 2537 1206 diceret
2579 1152 2940 1208 novissimum
2989 1156 3284 1225 tuinutum,
3332 1162 3478 1229 quod

1896 1248 1981 1294 est
2020 1241 2300 1305 denarius,
2348 1241 2462 1296 sive
2505 1257 2780 1308 nummus,
2822 1246 2938 1300 sive
2980 1247 3201 1314 obolus,
3250 1251 3332 1305 vel
3376 1262 3488 1307 sta-

1900 1342 2036 1387 tera.
2066 1333 2220 1399 Quod
2253 1334 2298 1388 si
2332 1348 2585 1403 magnam
2615 1336 2900 1404 pecuniam
2933 1338 3307 1409 debuerimus,
3340 1343 3485 1398 sicut

1899 1425 1986 1481 ille
2025 1425 2118 1497 qu‘i
2152 1428 2413 1482 scribitur
2446 1427 2633 1483 decem
2671 1429 2841 1485 millia
2891 1432 3089 1488 talenta
3142 1435 3396 1491 debuisse
3416 1436 3487 1503 ⁷⁵,

1895 1528 2102 1588 quanto
2146 1528 2388 1589 tempore
2426 1520 2745 1576 claudamur
2784 1523 2838 1577 in
2875 1539 3116 1590 carcere,
3149 1529 3323 1584 donec
3359 1532 3484 1584 red-

1896 1612 2092 1668 damus
2116 1612 2381 1679 debitum,
2407 1628 2511 1668 non
2540 1631 2765 1684 possum
2791 1618 3076 1675 manifeste
3100 1623 3476 1690 pronuntiare.

1898 1702 1954 1760 Si
2000 1705 2148 1761 enim
2200 1709 2293 1777 qui
2340 1722 2533 1778 parum
2582 1710 2773 1778 debet,
2815 1726 2926 1766 non
2979 1714 3323 1784 egredietur,
3375 1716 3481 1770 nisi

1895 1799 2141 1854 exsolvat
2185 1800 2458 1856 minutum
2501 1803 2863 1873 quadrantem
2899 1824 2911 1859 :
2955 1807 3142 1875 utique
3181 1806 3276 1877 qui
3330 1816 3483 1864 tanto

1894 1891 2078 1947 debito
2123 1889 2287 1947 fuerit
2336 1893 2639 1962 obnoxius,
2671 1895 2884 1952 inﬁnita
2934 1897 2984 1952 ei
3029 1898 3095 1953 ad
3145 1898 3480 1955 reddendum

1893 1983 2135 2040 debitum
2164 1986 2362 2042 stecula
2396 1989 2853 2045 numerabuntur.
2904 1989 3248 2062 Quapropter
3269 1992 3347 2064 (6)
3383 1994 3481 2047 de-

1895 2090 2020 2132 mus
2069 2090 2325 2147 Operam,
2380 2078 2439 2135 ut
2486 2081 2782 2137 liberemur
2825 2081 2896 2138 ab
2937 2084 3286 2152 adversario,
3347 2086 3477 2141 dum

1893 2186 2088 2228 sumus
2136 2172 2193 2227 iu
2236 2173 2346 2240 via,
2376 2183 2431 2228 et
2470 2175 2772 2245 jungamur
2807 2174 3038 2229 Domino
3062 2174 3217 2244 Jesu,
3267 2177 3354 2232 cui
3400 2186 3486 2235 est

1893 2264 2066 2335 gloria
2095 2275 2149 2322 et
2177 2267 2465 2337 imperium
2497 2269 2550 2322 in
2574 2269 2776 2325 saecula
2803 2269 3151 2325 saeculorum.
3176 2270 3372 2325 Amen.

2390 2378 2674 2435 IIOMILIA
2725 2378 2986 2436 XXXVI.

1896 2488 1972 2544 De
2008 2507 2068 2545 eo
2107 2492 2248 2562 quod
2300 2494 2555 2562 scriptum
2601 2502 2678 2547 est
2715 2510 2734 2548 :
2776 2513 2795 2546 ι
2832 2493 2938 2560 Qui
2981 2493 3201 2548 voluerit
3244 2495 3480 2548 animam

1964 2561 2377 2634 suam‘salvare,
2410 2564 2587 2634 perdet
2620 2581 2737 2617 eam
2758 2605 2773 2630 ,
2811 2583 2829 2615 ι
2877 2581 3041 2634 usque
3069 2566 3138 2617 ad
3163 2582 3280 2618 eum
3308 2567 3482 2619 locum

1966 2633 2056 2686 ubi
2086 2632 2165 2686 ait
2192 2648 2210 2686 :
2242 2652 2260 2684 ι
2292 2632 2526 2705 Regnum
2560 2633 2655 2687 Dei
2686 2635 2831 2687 intra
2863 2632 2963 2688 vos
2978 2643 3074 2688 est.
3109 2654 3127 2686 ι
3178 2635 3313 2704 Cap.
3345 2650 3479 2689 xvtt.

1971 2721 2079 2788 Qui
2102 2724 2395 2793 quasierit,
2424 2722 2621 2790 inquit,
2659 2724 2895 2777 animam
2921 2739 3073 2777 suout
3101 2724 3331 2787 salvare,
3361 2740 3482 2793 per--

1895 2820 1982 2870 det
2010 2832 2127 2869 eam
2157 2831 2175 2868 :
2218 2825 2268 2869 et
2298 2817 2389 2886 qui
2420 2816 2711 2886 perdiderit
2742 2833 2878 2883 eam,
2914 2816 3140 2870 salrabit
3169 2833 3305 2870 eam.
3340 2815 3485 2869 Mar-

1898 2917 2042 2977 tyres
2088 2917 2340 2975 quaerunt
2392 2908 2603 2961 salvare
2655 2907 2895 2960 animam
2948 2921 3103 2961 suam
3144 2924 3157 2960 :
3197 2914 3481 2976 propterea

1895 2998 2148 3067 perdunt,
2193 3006 2251 3051 ut
2292 2997 2501 3052 solvent
2547 3011 2690 3050 eam.
2726 2997 2829 3062 Qui
2862 3011 2992 3051 vero
3024 2996 3214 3050 volunt
3264 2996 3481 3051 salvare

1895 3092 2134 3145 animam
2177 3106 2368 3155 suam,
2411 3100 2471 3144 ut
2506 3104 2614 3143 non
2648 3089 2877 3158 perdant
2907 3104 3051 3154 eam,
3091 3088 3146 3142 hi
3186 3098 3241 3144 et
3279 3104 3479 3160 corpus

1894 3195 1947 3238 et
1993 3182 2233 3236 animam
2278 3181 2446 3253 976
2500 3181 2735 3251 perdunt
2785 3180 2991 3250 pariter
3042 3179 3095 3234 in
3150 3180 3477 3251 gehennam.

1898 3271 2249 3338 Quamobrem
2272 3273 2431 3327 nolite
2465 3272 2646 3325 timere
2674 3288 2783 3336 eos,
2807 3272 2900 3337 ait,
2928 3272 3019 3341 qui
3041 3282 3259 3342 possunt
3288 3288 3478 3341 corpus

1897 3366 2153 3431 occidere,
2192 3365 2282 3419 sed
2323 3367 2499 3419 timete
2537 3363 2705 3433 magis
2750 3379 2870 3417 cum
2909 3364 3000 3433 qui
3037 3374 3207 3434 potest
3241 3364 3478 3418 animam

1894 3470 1942 3514 et
1978 3475 2166 3528 corpus
2199 3459 2411 3527 perdere
2445 3458 2500 3510 in
2525 3456 2832 3526 gehennam.
2867 3453 2982 3511 l’loc
3013 3457 3077 3510 ad
3110 3457 3476 3527 prepositum,

1891 3553 2047 3624 juxta
2080 3551 2225 3606 vires
2267 3548 2469 3618 ingenii
2512 3548 2681 3602 nostri
2715 3548 2950 3603 breviter
2979 3548 3300 3603 dixerimus.
3347 3550 3479 3603 Ani-

1896 3644 2053 3699 malis
2092 3651 2267 3696 autem
2315 3656 2419 3694 non
2470 3639 2656 3709 recipit
2704 3655 2765 3693 ea
2798 3655 2915 3710 qua:
2960 3648 3083 3693 sunt
3138 3640 3362 3709 spiritus
3396 3639 3477 3697 ":

1894 3748 1949 3792 et
2003 3736 2205 3791 idcirco
2259 3732 2459 3787 salvari
2505 3748 2613 3785 non
2668 3740 2864 3801 potest.
2925 3729 3235 3785 Seminatur
3286 3748 3476 3799 cor,:us

1897 3830 2157 3895 animale,
2207 3828 2377 3897 surgit
2420 3842 2610 3896 corpus
2665 3825 2909 3896 spiritale
2935 3826 3000 3880 "".
3044 3825 3215 3880 Porro
3247 3825 3341 3896 qui
3380 3827 3477 3882 ad-

1894 3925 2063 3978 haeret
2089 3920 2339 3983 Domino,
2383 3917 2609 3987 spiritus
2650 3916 2793 3971 unus
2833 3914 3079 3969 edicitur.
3129 3913 3185 3968 Si
3217 3929 3347 3984 ergo
3381 3917 3472 3985 qui

1894 4015 2127 4069 Domino
2170 4011 2478 4082 c0pulatur,
2522 4024 2646 4064 cum
2694 4008 2947 4063 animalis
2993 4017 3140 4063 esset
3186 4024 3283 4078 per
3323 4008 3376 4063 id
3419 4007 3475 4063 in

1895 4105 2191 4176 spiritalem
2223 4101 2474 4164 vertitur,
2508 4109 2561 4155 et
2590 4114 2734 4154 unus
2768 4107 2849 4152 est
2884 4098 3110 4167 spiritus
3146 4113 3158 4149 :
3205 4112 3307 4153 nos
3338 4113 3476 4167 quo-

1894 4214 2002 4269 que
2045 4196 2337 4267 perdamus
2388 4193 2626 4247 animam
2699 4201 2985 4256 nostram,
3044 4200 3103 4245 ut
3135 4190 3476 4246 adhaerentes

1894 4287 2127 4343 Domino
2161 4286 2213 4339 in
2248 4300 2417 4339 unum
2471 4282 2721 4352 spiritum
2772 4278 3247 4335 transformemur.
3284 4278 3387 4333 Sed
3418 4291 3473 4335 et

1894 4382 1960 4437 dc
1990 4394 2156 4451 regno
2188 4376 2280 4432 Dei
2316 4377 2707 4445 interrogatus.
2746 4374 3027 4444 respondit
3056 4371 3304 4426 Salvator
3329 4370 3473 4426 Pha-

1895 4473 2108 4528 riszcis:
2157 4467 2382 4535 Quando
2417 4464 2880 4535 venerit,_inquit,
2926 4479 3029 4515 non
3071 4462 3207 4516 venit
3253 4478 3468 4543 regnum

208 4570 363 4616 tenue
405 4562 513 4617 dici
559 4571 757 4632 potest,
809 4562 1042 4619 Peccata
1088 4575 1272 4620 autem
1319 4576 1507 4621 nostra
1563 4568 1783 4639 pinguia
1819 4582 1861 4635 ι)
1892 4567 1986 4623 Dei
2018 4578 2136 4617 cum
2170 4560 2548 4621 observatione,
2595 4574 2756 4627 neque
2787 4556 3002 4619 dicunt,
3050 4571 3165 4609 ecce
3207 4553 3313 4615 hic,
3362 4562 3460 4606 aut

208 4661 358 4709 sunt.
406 4654 673 4710 Scribitur
713 4656 861 4710 enim
900 4674 913 4710 :
950 4654 1319 4712 Incrassatum
1361 4667 1439 4713 est
1475 4675 1568 4712 cor
1604 4661 1788 4729 populi

280 4794 323 4826 ⁶⁰
348 4777 535 4847 Malui.
564 4809 688 4847 xxv.
776 4795 823 4825 '°
861 4792 991 4863 Cap.
1023 4811 1103 4860 ιιι,
1154 4811 1295 4851 vers.
1341 4796 1427 4851 η.

206 4864 253 4895 ’⁸
270 4863 460 4921 Matth.
493 4865 651 4929 V326.
729 4865 773 4897 ⁷⁸
797 4864 987 4921 Matth.
1016 4881 1169 4921 xvm.

281 5011 360 5080 (4)
388 5007 467 5063 Ex
495 5008 599 5064 hoc
629 5009 771 5080 item,
794 5008 915 5063 loco
940 5009 1009 5064 cl.
1037 5006 1270 5065 Huetius
1298 5009 1528 5080 colligit,
1567 5021 1790 5079 putasse

206 5080 517 5152 Origenem,
543 5080 720 5148 poenis
744 5079 1131 5152 damnatorum
1160 5080 1321 5152 tinem
1353 5080 1668 5152 impositum
1698 5082 1785 5149 iri,

208 5164 265 5207 et
302 5148 486 5207 omnia
526 5165 697 5206 unum
743 5150 797 5203 in
834 5148 943 5205 Deo
980 5150 1194 5204 tandem
1228 5150 1525 5220 aliquando
1565 5148 1784 5217 futura;

165 5273 179 5281 ,
210 5237 387 5291 neque
414 5222 566 5291 adeo
611 5222 745 5274 alias
789 5235 953 5289 quam
988 5221 1332 5290 purgatorias
1380 5236 1572 5290 pcenas
1611 5221 1787 5275 admi-

209 5290 369 5348 sisse.
410 5290 542 5355 Nos,
586 5306 899 5361 quanquam
939 5300 994 5346 et
1035 5306 1199 5360 supra
1229 5290 1296 5345 ad
1344 5292 1531 5345 homil.
1558 5292 1629 5345 24
1675 5292 1788 5346 ani-

211 5362 626 5424 madvertimus,
657 5369 710 5416 et
740 5361 861 5415 aliis
892 5361 1264 5431 compluribus
1286 5378 1350 5415 ex
1382 5361 1515 5415 locis
1558 5361 1786 5416 manife-

210 5444 356 5488 stum
393 5433 598 5487 erroris
638 5442 921 5503 teneamus
961 5432 1246 5503 Origenem
1289 5433 1342 5487 iu
1378 5433 1680 5503 quaestione
1716 5433 1784 5487 de

246 5519 497 5559 (nuarum
526 5502 863 5568 aeternitate;
910 5519 1018 5556 non
1068 5502 1251 5557 tamen
1287 5503 1433 5557 hunc
1477 5502 1666 5556 eadem
1702 5503 1781 5557 la-

249 5589 407 5629 orare
445 5573 604 5643 culpa
646 5581 960 5628 contextum
1002 5574 1404 5636 existimamus,
1434 5573 1565 5643 quin
1602 5574 1783 5643 potius

213 5644 519 5699 ccontrario
549 5659 615 5699 ex
652 5644 718 5697 iis
753 5660 895 5698 unus
928 5645 1194 5714 videatur,
1234 5645 1326 5714 qui
1360 5645 1413 5697 in
1444 5644 1564 5713 ejus
1595 5644 1783 5699 defen-

214 5716 422 5769 sionem
459 5714 650 5769 adduci
677 5724 897 5784 queant.
933 5713 1090 5769 Certe
1118 5713 1463 5784 cum’posset
1500 5716 1783 5769 commode

221 5786 569 5840 Adamantius
597 5786 928 5854 prepositam
953 5785 1264 5854 parabolam
1293 5787 1345 5839 in
1370 5800 1530 5839 suum
1558 5799 1780 5840 sensum

216 5870 465 5923 perverse
488 5855 835 5927 detorquere,
864 5857 1132 5912 catholico
1163 5856 1273 5913 fere
1303 5870 1466 5913 sensu
1496 5856 1747 5926 exposuit

1531 4798 1574 4829 "
1622 4777 1779 4855 Rom.
1823 4816 1943 4865 xttt,
1995 4798 2043 4850 7.

1246 4868 1292 4898 '°
1327 4867 1495 4923 lCor.
1523 4884 1582 4933 tt,
1610 4870 1696 4925 M.
1771 4872 1815 4903 ⁷⁷
1850 4870 2018 4925 lCor.
2056 4883 2144 4932 xv,
2176 4865 2267 4921 44.

1878 4674 2011 4715 ’ecce
2036 4656 2129 4710 ibi.
2165 4653 2400 4723 Regnum
2432 4651 2573 4705 enim
2596 4649 2692 4703 Dei
2731 4651 2872 4703 intra
2902 4665 2989 4702 vos
3016 4658 3113 4703 est.
3141 4645 3257 4701 Non
3293 4645 3471 4701 omni-

2153 4797 2199 4826 "
2233 4794 2367 4849 Luc.
2412 4809 2508 4856 vn,
2545 4790 2637 4857 il,
2678 4791 2768 4845 Η.
2878 4791 2923 4821 ⁷³
2960 4791 3077 4845 Act.
3128 4804 3295 4844 xxvnt
3322 4829 3339 4852 ,
3376 4786 3467 4843 27.

1896 5020 2011 5066 tum
2044 5004 2483 5063 luculentissime
2520 5001 2783 5063 definivit,
2813 5001 3126 5070 graviorum
3154 5000 3467 5070 criminum

1894 5096 2019 5136 reos
2051 5077 2268 5148 aeternis
2301 5072 2630 5148 addicendos
2657 5068 3084 5148 suppliciiscnm
3114 5069 3190 5148 ait
3221 5086 3234 5121 :
3266 5068 3468 5148 Sima-

1887 5132 2338 5216 gnainpecuniam
2354 5132 2740 5216 debuerimus,
2764 5132 2902 5193 sicut
2942 5139 3037 5193 ille
3069 5140 3158 5208 qui
3203 5132 3465 5216 scribitur

1893 5209 2073 5273 decent
2106 5216 2279 5270 millia
2313 5212 2513 5267 talenta
2540 5211 2798 5272 debuisse,
2822 5219 3017 5279 quanto
3064 5219 3291 5275 tempore
3322 5209 3468 5262 cluu-

1893 5291 2087 5343 damur
2134 5288 2192 5339 in
2232 5300 2470 5348 carcere,
2514 5282 2678 5334 donec
2722 5281 3002 5333 reddamus
3054 5279 3319 5345 debitum,
3362 5295 3465 5333 non

1890 5374 2121 5429 possunt
2147 5354 2426 5429 manifeste
2463 5351 2928 5429 pronuntiare"...
2971 5351 3152 5429 utique
3186 5349 3277 5429 qui
3318 5358 3467 5429 tanta

1889 5418 2066 5483 debito
2096 5427 2255 5497 fuerit
2281 5418 2559 5497 obnoxius,
2590 5437 2827 5475 turtmn
2854 5421 2902 5474 ei
2928 5420 2997 5473 ad
3025 5418 3343 5475 reddendum
3374 5421 3469 5475 de-

1892 5500 2059 5554 bitum
2096 5492 2292 5552 swcula
2318 5492 2757 5549 numerabantur.

1961 5571 2039 5641 (5)
2082 5568 2348 5641 Additum
2388 5565 2494 5641 hoc
2530 5579 2747 5641 quoque
2784 5576 2997 5641 comma
3031 5571 3115 5641 est
3151 5561 3249 5641 alis
3272 5559 3466 5641 Hiero-

1889 5632 2087 5713 iiyino._
2118 5654 2176 5713 ut
2206 5632 2670 5713 quod_in_).smdv
2704 5634 2851 5713 vocis
2880 5632 3030 5687 varia
3072 5633 3465 5704 signiﬁcatione

1890 5706 2029 5767 ludit
2052 5706 2337 5779 Origenes,
2363 5706 2592 5761 Latinus
2619 5708 2790 5759 lector
2817 5715 3222 5779 assequeretur.

1962 5782 2037 5853 (6)
2075 5774 2277 5837 Vitiose
2309 5779 2588 5850 legebatur
2615 5783 2775 5831 antea
2804 5776 3047 5832 debemus
3069 5816 3085 5842 ,
3121 5790 3220 5845 pro
3257 5774 3457 5827 demus.
