4002 6530
547 369 572 424 1
582 367 687 425 895

545 580 670 635 dem
704 582 758 635 in
791 580 1172 651 peccatoribus
1202 595 1428 651 regnum
1463 579 1670 651 peccati
1704 587 1809 643 est,
1844 587 1899 634 et
1921 577 2128 650 absque

547 674 659 729 ulla
693 675 1071 745 ambiguitate,
1099 684 1193 729 aut
1232 688 1457 743 regnum
1500 673 1731 753 peccati,
1777 681 1871 727 aut
1900 687 2125 743 regnum

548 762 642 820 Dei
674 764 727 818 in
754 765 920 820 corde
959 776 1148 820 nostro
1180 767 1427 836 imperat.
1483 762 1637 820 Unde
1685 765 1801 821 sive
1833 781 1956 836 quae
1990 764 2126 821 iaci-

548 873 703 922 mus,
756 858 873 913 sive
913 874 1036 927 qua:
1083 859 1403 928 loquimur,
1451 857 1566 913 sive
1621 873 1742 927 qua:
1794 858 2123 929 cogitamus,

542 951 978 1018 contemplemur
1021 952 1300 1015 attentius,
1341 960 1396 1007 et
1430 959 1560 1007 tunc
1604 950 1909 1006 videbimus
1942 960 2124 1006 utrum

544 1040 639 1096 Dei
674 1041 962 1111 imperium
1003 1052 1192 1114 regnet
1233 1043 1288 1097 in
1328 1042 1510 1108 nobis,
1553 1057 1622 1096 an
1664 1041 1951 1111 imperium
1996 1042 2129 1097 deli-

542 1142 778 1189 ctorum.
807 1133 981 1201 Quam
1006 1134 1377 1190 diversitatem
1412 1134 1590 1190 sciens
1613 1134 1927 1205 Apostolus,
1953 1150 2124 1205 quos-

541 1224 665 1277 dam
714 1233 1054 1289 commonet,
1095 1224 1285 1280 dicens
1323 1243 1337 1279 :
1379 1223 1503 1279 Non
1540 1237 1715 1296 regnet
1758 1235 2028 1295 peccatum
2070 1227 2126 1280 in

542 1315 759 1369 mortali
788 1326 955 1370 vestro
982 1333 1198 1387 corpore
1219 1318 1285 1372 ⁷⁸.
1318 1315 1374 1372 Si
1421 1318 1544 1388 quis
1584 1327 1827 1373 nostrum
1854 1319 2127 1374 desiderat

540 1421 767 1477 regnum
806 1406 921 1473 Dei,
966 1416 1226 1479 regnatur
1268 1410 1338 1464 ab
1376 1424 1463 1464 eo.
1503 1408 1560 1463 Si
1593 1410 1718 1479 quis
1750 1409 1994 1465 avaritire
2036 1424 2127 1463 ar-

539 1497 673 1555 dore
702 1499 1000 1562 cruciatur,
1033 1508 1293 1571 regnatur
1324 1500 1392 1555 ab
1421 1502 1670 1556 avaritia.
1713 1501 1885 1556 Porro
1914 1500 2007 1572 qui
2040 1501 2125 1556 iu-

535 1589 806 1659 justitiam
842 1592 1084 1662 reginam
1123 1592 1305 1658 habet,
1333 1602 1591 1666 regnatur
1624 1595 1693 1649 ab
1718 1610 1802 1649 ea.
1836 1595 1941 1660 Qui
1969 1609 2125 1649 vame

539 1683 725 1754 gloriae
756 1683 1054 1739 ambitione
1094 1686 1426 1751 sustollitur,
1460 1695 1651 1757 regnat
1692 1686 1740 1740 ei
1778 1699 1909 1741 aura
1945 1702 2124 1758 popu-

538 1772 690 1828 laris.
720 1771 823 1840 Qui
852 1782 1066 1839 mceret,
1097 1776 1188 1846 qui
1221 1776 1424 1846 aliquid
1454 1777 1797 1841 reformidat,
1829 1779 1922 1849 qui
1953 1786 2121 1843 amat,

538 1866 632 1936 qui
668 1866 963 1932 desiderat,
1010 1868 1280 1938 imperant
1324 1869 1377 1923 ei
1427 1870 1661 1942 singula,
1706 1880 1869 1942 prout
1902 1880 2119 1942 pertur-

542 1961 857 2017 bationibus
903 1961 1071 2017 variis
1114 1961 1442 2032 possidetur.
1492 1961 1624 2029 Quae
1663 1962 1845 2017 omnia
1909 1976 2116 2034 cogno-

538 2065 779 2121 sceutes,
835 2065 890 2112 et
934 2071 1097 2126 quam
1148 2057 1320 2112 multa
1379 2056 1489 2111 sint
1533 2070 1731 2127 genera
1800 2070 2115 2127 regnorum,

539 2161 829 2218 surgamus
868 2163 1266 2219 precemurque
1302 2147 1494 2215 Deum,
1536 2157 1597 2204 ιιι
1640 2147 1856 2204 auferat
1892 2165 1922 2204 a
1960 2150 2118 2206 nobis

541 2255 765 2311 regnum
811 2241 1055 2307 inimici,
1093 2250 1148 2296 et
1185 2243 1464 2312 possimus
1503 2244 1606 2299 sub
1650 2259 1821 2314 regno
1867 2259 1991 2300 esse
2022 2243 2114 2300 Dei

539 2334 949 2405 omnipotentis,
1003 2335 1056 2393 id
1095 2343 1181 2391 est
1226 2336 1331 2393 sub
1378 2351 1547 2408 regno
1591 2337 1893 2408 sapientiae,
1942 2339 2116 2409 pacis,

534 2425 780 2495 justitim,
808 2427 1073 2493 veritatis,
1100 2443 1223 2497 qua:
1247 2438 1442 2484 cuneta
1476 2429 1529 2484 in
1560 2429 1842 2501 unigenito
1864 2429 1959 2485 Dei
1978 2429 2117 2486 Filio

537 2516 937 2590 intelliguntur,
974 2521 1062 2576 cui
1093 2529 1180 2577 est
1208 2521 1381 2593 gloria
1410 2529 1466 2579 et
1497 2522 1782 2593 imperium
1832 2523 1887 2577 in
1919 2525 2116 2582 mula

535 2612 882 2669 saeculorum.
911 2612 1124 2685 Amena

1028 2726 1308 2785 HOMILIA
1354 2726 1619 2784 XXXVII.

590 2814 664 2871 De
695 2833 754 2872 eo
779 2819 919 2890 quod
949 2837 982 2874 a
1012 2820 1292 2946 αἱδσὶρὲιὶε
1320 2819 1498 2891 pullus
1530 2821 1695 2877 asime
1728 2821 1934 2877 solutus
1962 2833 2060 2881 est.

1224 2906 1312 2946 an.
1360 2907 1472 2946 χιχ.

1224 2906 1312 2961 ap.
1360 2907 1472 2946 XIX.

605 2996 830 3052 Lectum
864 3006 949 3053 est
986 2998 1039 3053 in
1065 2996 1358 3071 Evangelio
1386 3001 1684 3057 secundum
1714 3002 1941 3066 Lucam,
1977 3019 2115 3075 quo-

534 3087 700 3143 modo
743 3104 870 3144 cum
915 3089 1155 3146 venisset
1194 3088 1447 3146 Salvator
1476 3091 1809 3165 Betbphagc,
1836 3105 1890 3150 et.
1921 3095 2116 3151 Betha-

535 3180 679 3233 niam
707 3177 862 3247 juxta
888 3188 1130 3236 montem
1150 3180 1365 3247 Oliveti,
1385 3182 1597 3237 miserit
1618 3185 1757 3240 duos
1777 3201 1807 3240 e
1831 3185 2113 3257 discipulis
2143 3204 2186 3263 ε

533 3270 671 3334 suis,
702 3282 761 3325 ut
786 3271 1060 3326 solverent
1082 3272 1290 3341 pullum
1320 3273 1511 3341 asinte,
1538 3275 1632 3344 qui
1666 3276 1880 3332 vinctus
1902 3288 2039 3344 erat,
2061 3287 2117 3334 et

533 3375 699 3432 super
711 3378 870 3432 quem
899 3364 1079 3417 nullus
1097 3364 1380 3419 hominum
1399 3365 1694 3436 aliquando
1714 3370 1945 3425 sederat.
1962 3371 2115 3438 Quod

535 3451 757 3522 quidem
789 3453 921 3506 mihi
957 3454 1172 3511 videtur
1197 3456 1373 3526 magis
1413 3457 1479 3510 ad
1527 3458 1777 3515 altiorem
1812 3462 2118 3535 intelligen-

536 3545 688 3613 tiam,
716 3561 880 3615 quam
913 3547 979 3601 ad
1012 3546 1316 3618 simplicem
1342 3548 1630 3606 historiam
1666 3553 1962 3622 pertinere.
1991 3556 2117 3612 Asi-

533 3654 637 3693 nus
683 3638 897 3693 vinctus
941 3649 1075 3694 erat.
1141 3638 1415 3696 Ubinam?
1462 3642 1663 3699 Contra
1708 3643 2022 3719 Betbphagc
2060 3658 2115 3705 et

531 3729 872 3786 Bcthaniam.
952 3730 995 3787 E
1043 3734 1243 3804 quibus
1297 3734 1557 3791 Bethania
1604 3736 1995 3808 interpretatur
2035 3740 2111 3813 (7)

528 3823 717 3879 domus
744 3824 1072 3894 obedientiaz,
1108 3826 1421 3899 Betbphagc
1451 3845 1605 3897 vero,
1630 3830 1818 3885 domus
1856 3834 2111 3888 pauxilla-

529 3930 648 3969 ntm
681 3931 700 3970 :
734 3918 1092 3974 sacerdotalis
1121 3920 1341 3989 quidam
1371 3920 1525 3975 locus
1555 3939 1568 3974 :
1595 3922 1827 3978 maxillae
1849 3924 1993 3978 enim
2023 3941 2113 3979 sa-

500 4007 843 4063 cerdotibus
878 4009 1171 4076 dabantur,
1207 4011 1351 4067 sicut
1378 4011 1431 4066 in
1461 4013 1577 4083 lege
1603 4014 1933 4085 praecipitur.
1978 4018 2112 4074 Illuc

525 4116 658 4170 ergo
686 4100 778 4155 ubi
809 4101 1136 4169 obedientia,
1175 4105 1266 4159 ubi
1290 4104 1449 4161 locus
1495 4105 1872 4164 sacerdotibus
1902 4109 2113 4165 manci-

526 4201 722 4262 patus,
777 4192 942 4247 mittit
988 4192 1237 4251 Salvator
1263 4196 1563 4267 discipulos
1595 4213 1759 4264 suos,
1793 4208 1854 4253 ut
1896 4200 2113 4255 solvant

531 4284 743 4355 pullum
808 4285 975 4340 asinae
1026 4302 1190 4357 super
1236 4304 1398 4358 quem
1445 4290 1627 4346 nullus
1678 4291 1959 4347 hominum
2011 4293 2111 4347 ali-

527 4376 749 4445 quando
776 4376 1011 4432 sederat.
1047 4376 1221 4433 Porro
1256 4380 1385 4450 quid
1419 4381 1564 4436 aliud
1589 4397 1751 4453 super
1774 4383 1988 4438 asinum
2022 4400 2109 4440 se-

524 4469 654 4522 dere
685 4477 865 4535 potest
893 4469 1100 4540 absque
1127 4470 1388 4527 homine?
1446 4471 1581 4529 Volo
1613 4475 1891 4546 paulisper
1918 4492 2106 4532 exem—

526 4561 673 4629 plum
707 4576 924 4617 sumere
946 4604 960 4628 ,
994 4572 1055 4619 ut
1085 4566 1229 4636 quod
1263 4565 1510 4622 dicturus
1545 4583 1666 4623 sum
1689 4609 1704 4633 ,
1742 4569 1916 4638 possit
1942 4570 2103 4625 intel-
2137 4588 2181 4643 ι)

523 4651 636 4723 ligi.
688 4652 962 4723 Scriptum
1011 4665 1089 4711 est
1128 4657 1180 4710 in
1218 4655 1355 4713 Isaia
1388 4659 1433 4691 ⁷³
1469 4678 1481 4714 :
1526 4658 1674 4713 Visio
1700 4662 2103 4733 quadrupedum

522 4743 579 4797 in
614 4745 957 4800 tribulatione
981 4757 1030 4801 et
1057 4751 1326 4819 angustia,
1350 4760 1405 4806 et
1433 4752 1663 4822 reliqua,
1688 4770 1861 4823 usque
1885 4758 1951 4810 ad
1976 4772 2100 4811 eum

523 4838 704 4893 locum
738 4836 831 4891 ubi
857 4838 936 4892 ait
978 4856 993 4894 :
1031 4838 1155 4894 Non
1189 4842 1475 4910 proderunt
1505 4845 1578 4899 eis
1608 4846 1809 4902 divitia:
1836 4849 2100 4917 aspidum.

526 4926 918 5001 Unusquisque
940 4940 1188 4987 nostrum
1212 4934 1523 4999 consideret
1550 4947 1786 5007 quantas
1805 4954 1937 5010 Opes
1965 4943 2104 5012 aspi-

521 5025 650 5078 dum
683 5032 812 5079 ante
841 5027 1158 5094 portaverit,
1186 5036 1422 5098 quantas
1454 5028 1673 5087 divitias
1699 5031 2020 5098 bestiarum,
2048 5043 2103 5090 et

520 5116 797 5187 quomodo
842 5133 1122 5189 nunquam
1175 5120 1515 5175 rationabilis
1564 5122 1728 5178 homo
1775 5125 1977 5180 sederit
2007 5141 2101 5181 su-

521 5223 616 5278 per
643 5208 860 5263 asinum
889 5204 1164 5276 nostrum,
1198 5222 1307 5266 non
1339 5228 1523 5267 sermo
1563 5212 1756 5285 Moysi,
1790 5230 1895 5270 non
1925 5214 2096 5283 Isaiae,

520 5313 630 5352 non
670 5296 953 5362 Ieremia,
1001 5315 1104 5356 nec
1137 5302 1471 5373 reliquorum
1516 5305 1761 5359 omnium
1804 5306 2096 5376 propheta-

590 5457 635 5487 ⁷⁸
656 5455 813 5513 Rom.
845 5476 925 5524 VI,
954 5458 1043 5516 12.
1119 5461 1164 5494 ⁷⁸
1197 5460 1332 5532 σοι).
1373 5478 1480 5517 xxx
1501 5504 1517 5530 ,
1544 5478 1687 5518 vers.
1728 5462 1782 5518 6.

593 5609 670 5683 (7)
710 5610 913 5691 Confer
943 5613 1004 5670 S.
1030 5613 1343 5691 Hieronymi
1376 5619 1547 5691 libros
1578 5617 1867 5674 Nominum
1904 5618 2092 5688 Hann,

521 5690 576 5736 et
602 5698 724 5760 qua:
751 5682 815 5736 ad
850 5684 1044 5739 harum
1088 5682 1282 5760 vocum
1330 5690 1684 5760 etymologias
1714 5706 1814 5745 nos
1840 5682 2091 5744 animati;

523 5754 983 5836 vertitttus;mnon
1034 5759 1201 5836 semel
1240 5754 1552 5836 Betbphagc
1570 5754 1749 5816 uillam
1793 5762 2096 5817 sacerdota-

527 5822 657 5876 lium
689 5822 1031 5880 maxillarum
1062 5822 1459 5900 interpretatur.

1996 361 2323 422 ORIGENIS

546 488 649 544 bus
674 485 925 543 Salvator
952 487 1102 554 dicit,
1133 503 1349 558 regnum
1380 486 1475 542 Dei
1502 487 1644 540 intra
1685 501 1771 540 ros
1800 493 1879 539 est
1906 500 1924 538 :
1955 483 2130 554 siqui-
2155 487 2201 543 Α
2231 495 2352 558 rum
2401 497 2417 534 :

1876 5465 1921 5497 ⁸ο
1951 5463 2085 5521 Luc.
2133 5483 2227 5535 tu,
2274 5467 2323 5522 l.

3682 372 3816 427 1896

2284 495 2352 559 nn
2401 497 2417 534 :
2469 487 2525 535 et
2550 479 2753 537 videbit
2780 490 2909 538 tunc
2945 483 3153 540 sedisse
3180 501 3345 555 super
3371 503 3476 542 nos
3501 504 3816 545 sermonem

2233 570 2327 626 Dei
2357 580 2520 641 atque
2564 574 2827 629 rationem
2848 616 2865 638 ,
2908 577 3127 645 quando
3158 577 3303 632 venit
3339 577 3611 634 Dominus
3636 580 3819 651 Iesus,

2227 673 2282 720 et
2305 665 2563 735 praecepit
2598 665 2885 738 discipulis
2914 669 3031 729 suis
3063 679 3121 724 ut
3150 678 3344 726 euntes
3370 672 3657 729 solverent
3693 675 3817 745 pul-

2238 758 2350 813 lum
2381 758 2570 824 asinae,
2612 759 2707 830 qui
2739 762 2890 830 prius
2919 762 3135 818 vinctus
3163 762 3360 830 fuerat,
3403 775 3464 820 ut
3489 766 3635 821 liber
3670 768 3822 824 inec-

2228 850 2404 907 deret.
2443 851 2669 911 Solutus
2694 854 2879 926 itaque
2897 856 3079 926 pullus
3110 855 3280 911 asina:
3306 856 3602 914 adducitur
3631 859 3703 915 ad
3729 859 3822 918 Je-

2228 960 2374 1010 sum,
2402 946 2468 1001 ad
2499 947 2659 1018 cujus
2693 949 3021 1004 solutionem
3069 950 3290 1005 mittens
3320 949 3630 1022 discipulos
3658 954 3819 1010 dixe-

2207 1046 2315 1091 rat
2342 1056 2355 1093 :
2395 1036 2455 1093 Si
2480 1040 2596 1109 quis
2621 1057 2710 1095 vos
2738 1040 3136 1112 interrogaverit
3172 1059 3335 1114 quare
3352 1045 3559 1100 solvitis
3583 1047 3818 1116 pullum,

2226 1128 2389 1182 dicite
2439 1129 2489 1183 ei
2541 1131 2667 1201 quia
2721 1131 2975 1187 Dominus
3021 1135 3374 1189 necessarium
3420 1136 3581 1205 iuuat
3636 1138 3816 1198 habet.

2226 1218 2378 1275 Multi
2432 1231 2589 1277 erant
2637 1222 2846 1278 domini
2887 1222 3050 1295 hujus
3084 1226 3217 1296 pulli
3245 1226 3325 1298 (8)
3355 1238 3657 1299 antequam
3693 1231 3820 1285 Sal—

2227 1323 2383 1367 vator
2424 1330 2548 1368 eum
2600 1315 2824 1371 haberet
2875 1318 3244 1375 necessarium
3297 1338 3311 1375 :
3353 1331 3652 1392 postquam
3682 1339 3819 1378 vero

2226 1405 2318 1460 ille
2348 1406 2513 1476 αωρίι
2540 1421 2664 1463 esse
2687 1406 2964 1473 dominus,
3011 1409 3196 1480 plures
3224 1410 3437 1468 domini
3468 1429 3594 1470 esse
3624 1430 3818 1471 cessa-

2226 1506 2441 1552 verunt.
2482 1495 2654 1553 Nemo
2683 1499 2829 1553 enim
2867 1509 3046 1569 potest
3075 1499 3185 1556 Deo
3215 1503 3423 1559 servire
3446 1515 3505 1559 et
3533 1520 3823 1558 mammo-

2227 1603 2331 1643 ηπ.
2402 1587 2633 1653 Quando
2680 1588 2900 1644 malitiae
2945 1590 3327 1658 servierimus,
3383 1592 3576 1649 multis
3619 1610 3824 1650 sumus

2226 1680 2577 1750 passionibus
2599 1680 2855 1751 vitiisque
2884 1681 3134 1750 subjecti.
3167 1681 3312 1738 Solvi
3342 1700 3409 1740 ur
3434 1700 3569 1757 ergo
3601 1687 3818 1755 pullus,

2225 1771 2354 1838 quia
2402 1768 2669 1826 Dominus
2713 1771 3082 1826 necessarium
3129 1787 3255 1827 eum
3298 1774 3478 1830 habet.
3538 1775 3655 1832 Vos
3684 1780 3823 1833 estis

2227 1860 2408 1930 pullus
2449 1862 2648 1929 asinte,
2702 1862 2832 1933 quid
2882 1865 3049 1918 vestri
3082 1863 3252 1921 Filius
3294 1867 3388 1923 Dei
3434 1871 3820 1925 necessarium

2225 1951 2432 2008 habet?
2465 1954 2591 2024 quid
2621 1970 2653 2010 a
2685 1956 2840 2012 vobis
2862 1958 3101 2029 expetit?
3131 1961 3305 2016 salute
3329 1970 3509 2016 vestra
3533 1977 3684 2031 opus
3719 1963 3821 2015 ha-

2224 2044 2348 2111 bet,
2400 2046 2550 2115 cupit
2600 2062 2700 2102 vos
2745 2049 2883 2104 solvi
2917 2050 3150 2107 vinculis
3178 2062 3555 2121 peccatorum.
3607 2053 3824 2108 Deinde

2225 2136 2450 2191 mittunt
2486 2137 2737 2208 discipuli
2778 2150 2956 2197 vestes
2990 2158 3119 2199 suas
3148 2158 3314 2213 super
3336 2144 3593 2213 asinum,
3640 2154 3703 2201 et
3737 2162 3823 2201 se-

2224 2228 2352 2283 dere
2379 2227 2586 2285 iaciunt
2613 2230 2970 2288 Salvatorem.
3023 2234 3320 2290 Assumunt
3347 2252 3669 2293 sermonem
3700 2237 3819 2302 Dei,

2224 2329 2278 2375 ct
2307 2320 2595 2391 imponunt
2623 2337 2749 2379 eum
2779 2339 2941 2395 super
2986 2326 3199 2383 animas
3226 2328 3568 2384 auditorum.
3633 2327 3822 2384 Vesti-

2225 2412 2328 2468 bus
2359 2426 2657 2480 exountur,
2707 2417 3065 2473 substernunt
3104 2434 3199 2475 eas
3245 2420 3300 2473 in
3344 2420 3452 2474 via.
3490 2419 3681 2491 Super
3716 2437 3820 2477 nos

2224 2514 2356 2561 sunt
2402 2508 2726 2563 vestimenta
2773 2511 3144 2581 apostolorum
3178 2531 3191 2567 :
3224 2526 3384 2582 opera
3413 2527 3608 2568 eorum
3644 2515 3817 2579 horia,

2225 2609 2545 2655 ornamenta
2592 2609 2779 2656 nostra
2807 2611 2957 2667 sunt,
2986 2604 3176 2659 volunt
3213 2604 3444 2674 aposmli
3482 2607 3819 2663 indumenta

2223 2704 2322 2746 sna
2356 2692 2553 2747 calcari
2595 2709 2626 2748 a
2668 2694 2847 2750 nobis.
2888 2693 2956 2750 Et
2995 2711 3181 2753 revera
3208 2696 3423 2753 solutus
3454 2714 3486 2752 a
3516 2701 3820 2771 discipulis

2222 2781 2432 2845 asinus,
2468 2792 2522 2838 et
2554 2793 2778 2853 portans
2811 2783 2998 2841 Jesum
3019 2828 3034 2853 ,
3066 2786 3255 2843 incidit
3286 2803 3450 2859 super
3473 2791 3816 2847 vestimenta

2223 2875 2593 2945 apostolorum
2615 2917 2631 2943 ,
2667 2879 2887 2947 quando
2916 2870 3219 2935 doctrinam
3247 2895 3435 2936 eorum
3471 2884 3735 2939 imitatur
3762 2898 3819 2941 et

2221 2968 2412 3023 vitam.
2469 2967 2606 3035 Qu's
2637 2977 2885 3024 nostrum
2930 2970 3004 3026 ita
3047 2971 3238 3029 beatus
3264 2981 3367 3040 est,
3402 2986 3463 3028 ut
3492 2977 3689 3031 sedeat
3717 2995 3815 3033 sa-

2221 3073 2318 3128 per
2343 3058 2490 3113 illum
2522 3056 2726 3115 Jesus?
2781 3057 2884 3125 Qui
2910 3052 3168 3130 quandiu'
3192 3063 3247 3115 in
3286 3070 3470 3118 monte
3506 3062 3651 3130 fuit,
3678 3079 3818 3119 cum

2221 3148 2337 3203 suis
2366 3148 2627 3219 apostolis
2655 3150 2968 3203 morabatur
3000 3167 3019 3207 ς
3052 3150 3275 3221 quando
3302 3166 3433 3207 vero
3470 3155 3641 3223 ctepit
3670 3156 3819 3210 viei-

2222 3254 2327 3292 nus
2371 3253 2495 3293 esse
2542 3238 2851 3304 descensui,
2883 3248 2995 3295 tum
3019 3241 3258 3297 occurrit
3291 3243 3341 3297 ei
3374 3244 3535 3298 turba
3573 3247 3817 3315 populo—

2220 3345 2362 3383 rum.
2403 3328 2460 3384 Si
2486 3345 2595 3384 non
2620 3331 2856 3386 venisset
2881 3332 2949 3386 ad
2981 3331 3329 3398 descensum,
3358 3349 3469 3389 non
3502 3338 3551 3389 ei
3588 3350 3817 3406 potent

2217 3434 2506 3475 occurrere
2531 3420 2839 3476 multitudo.
2880 3420 3189 3491 Descendit,
3216 3425 3465 3496 seditque
3492 3443 3665 3499 super
3696 3434 3816 3498 pul-

2217 3511 2328 3566 lum
2355 3512 2544 3580 asinae,
2573 3521 2629 3567 et
2653 3514 2833 3569 omnis
2858 3515 3092 3586 populus
3115 3532 3247 3572 voce
3272 3532 3516 3575 consona
3539 3521 3816 3580 laudabat

2217 3601 2407 3658 Deum.
2440 3602 2597 3670 Quod
2630 3603 2892 3661 Pharisaei
2924 3606 3191 3673 videntes,
3228 3609 3484 3666 dicebant
3507 3611 3757 3671 Domino
3792 3636 3811 3674 :

2216 3693 2442 3766 Increpa
2489 3713 2596 3752 eos.
2648 3696 2858 3763 Quibus
2901 3699 2991 3755 ille
3032 3703 3314 3771 respondit
3353 3721 3368 3759 :
3402 3703 3461 3759 St
3490 3706 3588 3761 isti
3623 3717 3815 3763 tacu-

2216 3789 2359 3853 rint,
2399 3788 2602 3857 lapides
2642 3788 2807 3860 977
2837 3791 3164 3850 clamabunt.
3221 3794 3451 3862 Quando
3484 3813 3592 3854 nos
3626 3800 3812 3871 loqui-

2215 3895 2368 3946 mur,
2413 3880 2623 3951 lapides
2652 3883 2815 3937 silent
2842 3901 2855 3937 :
2886 3885 3106 3953 quando
3137 3901 3239 3942 nos
3268 3896 3513 3944 tacemus
3532 3931 3549 3956 ,
3592 3891 3810 3962 lapides

2213 3973 2469 4029 clamant.
2532 3973 2716 4031 Potest
2764 3977 2910 4030 enim
2958 3976 3225 4035 Dominus
3257 3981 3324 4035 de
3350 3980 3631 4051 lapidibus
3682 3985 3809 4041 istis

2213 4067 2484 4123 suscitare
2528 4069 2668 4125 lilios
2705 4069 2939 4125 Abraha:
2959 4070 3030 4126 ⁸ο.
3091 4074 3211 4139 Quo
3246 4081 3489 4142 tempore
3521 4089 3626 4132 nos
3657 4087 3812 4134 tace-

2211 4158 2427 4215 bimus?
2442 4158 2674 4226 Quando
2690 4163 2964 4217 refrixerit
2979 4162 3219 4218 charitas
3237 4165 3557 4231 multorum,
3573 4172 3808 4238 quando

2212 4251 2343 4305 illud
2378 4256 2521 4322 quod
2547 4268 2576 4307 a
2610 4253 2893 4309 Salvatore
2932 4256 3281 4325 praedicatum
3314 4265 3433 4321 est,
3482 4257 3656 4315 fuerit
3694 4261 3810 4317 im-

2208 4344 2413 4414 pletum
2448 4365 2460 4401 :
2498 4346 2669 4401 Putas
2695 4350 2900 4404 veniens
2927 4350 3106 4407 Filius
3131 4353 3358 4408 hominis
3384 4355 3615 4411 inueniet
3637 4359 3808 4428 fidem

2212 4455 2370 4507 super
2404 4448 2601 4495 terram
2630 4442 2715 4498 3‘?
2764 4441 3052 4514 Propterea
3095 4445 3313 4502 Domini
3353 4450 3805 4509 miscricttrdiam

2212 4532 2587 4602 deprecemur.
2605 4548 2691 4600 ne,
2716 4535 2874 4590 nobis
2892 4538 3217 4602 tacentibus,
3240 4539 3445 4610 lapides
3471 4542 3762 4601 clamitent
3785 4566 3804 4611 ;

2213 4626 2306 4679 sed
2334 4625 2623 4695 loquamur
2652 4636 2706 4681 et
2729 4627 3015 4684 laudemus
3037 4628 3205 4684 Deum
3244 4631 3296 4685 in
3328 4630 3508 4699 Patre,
3542 4644 3597 4688 et
3631 4634 3801 4703 Filio,

2210 4724 2262 4769 et
2294 4713 2497 4783 Spiritu
2527 4728 2718 4772 sancto
2751 4719 2876 4774 :cui
2906 4729 2989 4775 est
3010 4721 3180 4792 gloria
3207 4732 3262 4778 et
3288 4724 3579 4794 imperium
3608 4728 3666 4782 in
3698 4744 3805 4784 Ste-

2211 4809 2333 4863 cula
2369 4811 2714 4866 saeculorum.
2757 4812 2948 4867 Amen.

2695 4903 2838 4959 HOM
2850 4905 2984 4959 lLlA
3020 4905 3311 4964 XXXVIII.

2212 4993 2290 5049 De
2330 5011 2390 5049 eo
2434 4994 2582 5077 quod
2606 4997 2869 5077 _s_cript_um
2901 5009 2979 5053 est
3007 5015 3025 5053 :
3058 5000 3250 5077 i_Ct_tm
3296 5012 3470 5056 autem
3503 5009 3804 5077 appropin-

2276 5076 2508 5149 quasset,
2530 5068 2661 5149 vidit
2685 5069 2970 5149 civitatem,
2994 5080 3042 5123 et
3063 5072 3207 5149 ﬂeuit
3223 5088 3391 5149 super
3415 5068 3605 5140 eam,»
3632 5068 3801 5149 itaque

2273 5139 2342 5191 ad
2388 5154 2505 5191 eum
2552 5138 2727 5192 locum
2756 5139 2843 5193 ubi
2876 5142 2998 5194 ait:
3035 5138 3259 5205 t‘Eiecit
3299 5138 3480 5198 omnes
3514 5138 3799 5203 retulerim

2282 5208 2575 5263 columbas.
2617 5229 2637 5261 ι
2680 5209 2813 5279 Cap.
2843 5227 2956 5266 χιχ.

2282 5299 2416 5353 Cum
2450 5302 2917 5371 appropinquasset
2955 5301 3253 5358 Jerusalem
3300 5303 3561 5361 Dominus
3590 5318 3791 5372 noster,

2416 5466 2460 5498 ”
2490 5462 2623 5520 Luc.
2659 5480 2824 5529 xvm,
2861 5465 2917 5521 8.

2276 5621 2355 5692 (8)
2395 5620 2896 5693 Recolendagtmjus
2933 5620 3036 5675 loci
3074 5619 3492 5690 Hieronymiaua
3514 5624 3785 5693 expositie

2205 5693 2260 5748 in
2289 5691 2583 5747 Comment.
2616 5694 2669 5745 in
2699 5691 3035 5760 Matthwum,
3086 5707 3209 5761 quae
3237 5692 3429 5748 iisdem
3456 5691 3623 5763 plane
3648 5710 3779 5752 con.

2204 5765 2408 5820 texitur
2431 5763 2705 5820 sensibus.

2904 5878 2997 5907 ,λη’
3028 5876 3035 5885 ‘
