4002 6590
285 365 413 421 1897

1464 368 1532 425 ΙΝ
1571 361 1804 428 ιῘῘΕᾹΜ
1844 369 2126 427 llOMlLlA
2167 373 2402 428 XXXIX.

3396 375 3532 432 1893

281 479 461 532 videns
493 494 608 532 eam
647 479 784 548 ﬂevit
807 521 821 544 ,
867 486 916 534 et
958 472 1099 531 dixit
1129 496 1145 533 :
1181 478 1238 534 Si
1266 495 1598 550 cognosceres
1638 493 1684 537 et
1718 491 1772 536 tu
1800 483 1854 535 in
1883 486 1929 544 Α
1959 484 2087 540 riosi
2115 485 2231 548 ﬁlii,
2265 485 2356 555 qui
2388 484 2748 540 substantiam
2780 502 2934 541 suam
2971 485 3180 558 accepit
3212 499 3240 541 a
3274 487 3451 557 patre,
3479 495 3531 540 et

279 571 364 624 die
386 571 492 623 ista
523 587 640 640 qua:
669 574 735 624 ad
761 589 942 640 pacem
968 579 1090 625 sunt
1121 572 1216 626 tibi
1236 589 1254 636 ;
1280 574 1416 627 nunc
1440 585 1612 628 autem
1639 575 1857 629 abscon-

280 666 396 720 dita
426 675 548 720 sunt
583 666 647 720 ab
676 666 843 720 oculis
877 667 981 720 tuis
1001 707 1015 731 ,
1059 667 1309 737 quoniam
1338 669 1540 722 venient
1569 669 1680 722 dies
1704 685 1858 738 super

281 765 350 820 te,
381 766 431 810 et
464 757 868 811 circumdabant
892 767 940 811 te
962 758 1164 811 inimici
1191 759 1270 812 tui
1304 758 1462 814 vallo.
1507 757 1854 814 Sacramenta

278 858 411 903 sunt
459 863 581 917 quan
621 847 913 914 dicuntur,
965 859 1018 904 et
1070 865 1390 919 speramus,
1428 851 1693 919 pandente
1721 849 1852 911 Deo,

281 936 492 1005 aperire
534 951 696 1006 posse
746 937 889 1007 quod
940 937 1139 992 latitat.
1199 937 1440 993 Primum
1470 955 1600 1010 ergo
1631 940 1698 995 de
1726 940 1851 994 ﬂetu

275 1029 398 1098 ejus
423 1029 954 1086 videndum.0mnes
976 1031 1337 1088 beatitudiues
1367 1048 1504 1103 quas
1534 1033 1749 1089 locutus
1767 1042 1852 1087 est

277 1119 335 1177 in
363 1121 656 1193 Evangelio
687 1121 867 1187 Jesus,
890 1137 992 1178 suo
1020 1122 1201 1178 ﬁrmat
1223 1125 1490 1195 exemplo,
1515 1132 1568 1178 et
1592 1125 1733 1194 quod
1763 1123 1854 1178 do-

279 1214 414 1278 cuit,
449 1229 548 1282 pro
576 1214 889 1269 testimonio
919 1216 1133 1283 probat.
1183 1215 1370 1284 Beati,
1429 1216 1606 1286 inquit
1637 1217 1717 1281 °',
1754 1216 1853 1268 mi-

282 1315 378 1362 tes.
439 1305 577 1360 Huic
610 1305 786 1360 simile
832 1315 915 1362 est
959 1307 1027 1361 de
1069 1307 1361 1377 semetipso
1404 1307 1648 1361 :Discite
1685 1325 1715 1361 a
1743 1323 1842 1370 me,

273 1395 524 1463 quoniam
546 1395 694 1448 mitis
713 1411 829 1448 sum
854 1395 921 1448 ⁸³.
950 1394 1102 1450 Beati
1121 1398 1334 1466 paciﬁci
1356 1398 1400 1429 ⁸⁵
1430 1416 1442 1452 :
1474 1405 1526 1452 et
1558 1396 1680 1466 quis
1712 1397 1850 1452 alius

276 1487 352 1540 ita
381 1486 664 1556 pacificus,
701 1495 759 1541 ut
802 1485 1068 1543 Dominus
1111 1504 1267 1544 meus
1299 1487 1479 1554 Jesus,
1512 1489 1604 1558 qui
1634 1497 1716 1544 est
1745 1504 1848 1558 pax

274 1583 462 1631 nostra
482 1616 497 1641 ,
521 1577 612 1645 qui
643 1577 805 1631 solvit
834 1578 1174 1633 inimicitiam
1198 1619 1211 1641 ,
1256 1588 1308 1634 et
1335 1580 1388 1634 in
1422 1595 1519 1634 sua
1545 1595 1662 1634 eam
1688 1595 1850 1636 carne

271 1667 581 1722 destruxit?
603 1666 757 1721 Beati
779 1668 870 1738 qui
890 1671 1299 1736 persecutionem
1328 1671 1610 1739 patiuntur
1639 1681 1849 1740 propter

271 1757 535 1824 iustitiam
577 1758 642 1811 ⁸⁵.
699 1757 868 1815 Nemo
915 1761 996 1816 sic
1047 1763 1481 1830 persecutionem
1525 1778 1720 1832 passus
1767 1772 1849 1817 est

273 1859 494 1918 propter
517 1849 788 1918 justitiam
811 1891 826 1915 ,
862 1860 922 1904 ut
947 1851 1207 1907 Dominus
1233 1851 1392 1908 Jesus
1413 1893 1427 1917 ,
1459 1855 1552 1922 qui
1591 1870 1688 1923 pro
1718 1870 1847 1924 pec-

272 1941 412 1995 eatis
444 1940 649 1996 nostris
686 1941 982 1997 cruciﬁxus
1027 1951 1131 1997 est.
1189 1941 1390 1999 Omnes
1424 1945 1588 2015 igitur
1618 1946 1848 2000 beatitu-

269 2033 426 2087 dines
457 2033 511 2087 in
546 2033 838 2103 semetipso
868 2034 1133 2090 Dominus
1163 2037 1422 2091 ostendit.
1463 2035 1543 2090 Ad
1581 2053 1742 2107 quam
1772 2040 1847 2093 si-

271 2125 634 2180 militudinem
683 2125 847 2179 etiam
896 2125 1027 2181 illud
1076 2127 1220 2196 quod
1251 2127 1495 2192 dixerat,
1532 2127 1685 2182 Beati
1715 2131 1848 2198 ﬂen-

275 2225 350 2269 tes
383 2216 428 2247 '"
448 2255 463 2280 ,
500 2216 615 2286 ipse
637 2215 820 2280 ﬂevit,
852 2227 911 2271 ut
940 2217 1104 2286 hujus
1132 2232 1351 2288 quoque
1373 2219 1729 2274 beatitudinis
1754 2219 1845 2288 ja-

269 2315 416 2360 ceret
455 2305 830 2362 fundamenta.
893 2306 1065 2362 Flevit
1103 2317 1284 2362 autem
1329 2325 1492 2379 super
1517 2308 1843 2377 Jerusalem,

267 2397 455 2453 dicens
513 2415 526 2451 :
577 2397 637 2453 Si
667 2402 988 2469 cognovisses
1019 2411 1064 2455 et
1098 2412 1154 2456 tu
1179 2403 1235 2455 in
1265 2402 1353 2455 die
1388 2404 1492 2455 ista
1514 2418 1631 2472 qua:
1657 2404 1726 2456 ad
1750 2420 1848 2472 pa-

269 2504 380 2543 cem
414 2498 539 2543 sunt
585 2489 702 2555 tibi,
749 2507 889 2545 nunc
913 2503 1087 2554 autem
1112 2491 1422 2546 abscondita
1443 2493 1568 2547 sunt
1591 2494 1654 2546 ab
1677 2495 1845 2548 oculis

266 2581 396 2644 tuis,
450 2589 504 2635 et
544 2581 774 2651 reliqua,
820 2597 995 2652 usque
1033 2583 1100 2636 ad
1129 2598 1253 2636 eum
1286 2583 1464 2637 locum
1491 2583 1581 2637 ubi
1607 2584 1684 2638 ait
1718 2602 1730 2638 :
1765 2583 1846 2638 Eo

265 2673 406 2742 quod
451 2689 552 2726 non
600 2674 896 2743 cognoveris
923 2683 1123 2742 tempus
1150 2675 1481 2728 visitationis
1517 2683 1641 2729 tute.
1695 2675 1848 2730 Dicat

272 2765 473 2833 aliquis
524 2763 835 2818 auditorum
882 2782 895 2819 :
930 2763 1212 2819 Manifesta
1246 2773 1375 2820 sunt
1407 2781 1529 2835 qua:
1571 2766 1845 2829 dicuntur,

266 2865 320 2908 et
346 2868 510 2923 opere
544 2853 806 2922 completa
838 2853 905 2907 de
933 2851 1255 2908 Jerusalem.
1297 2853 1668 2908 Circumdcdit
1694 2854 1839 2908 enim

269 2963 391 3002 eam
425 2946 707 3001 Romanus
729 2947 1022 3011 exercitus,
1047 2953 1102 3000 et
1129 2945 1195 3000 ad
1221 2945 1645 3000 internecionem
1674 2959 1847 3014 usque

265 3039 524 3103 vastavit,
554 3046 875 3109 tempusque
903 3037 1083 3092 veniet
1111 3037 1332 3108 quando
1360 3036 1496 3106 lapis
1521 3051 1684 3106 super
1710 3035 1846 3106 lapi-

267 3128 389 3183 dem
423 3145 530 3183 non
560 3129 898 3199 relinquetur
926 3143 1088 3198 super
1117 3143 1259 3183 eam.
1302 3125 1419 3181 Non
1449 3141 1588 3198 nego
1621 3138 1675 3181 et
1697 3128 1841 3182 illam
1872 3157 1914 3214 ο

264 3218 485 3289 quidem
520 3217 820 3273 Jerusalem
856 3225 1076 3286 propter
1111 3216 1475 3270 habitatorum
1517 3213 1722 3270 scelera
1754 3213 1840 3268 fu-

267 3313 378 3367 isse
410 3312 766 3374 destructam,
817 3311 912 3365 sed
941 3324 1126 3380 quer
1168 3309 1214 3364 si
1252 3317 1305 3364 et
1334 3307 1400 3363 ad
1425 3308 1565 3363 hanc
1593 3316 1840 3362 nostram

263 3401 565 3458 Jerusalem
602 3402 760 3457 ﬂetus
808 3402 912 3456 iste
963 3401 1248 3470 pertineat.
1313 3399 1424 3454 Nos
1467 3399 1610 3454 enim
1650 3413 1841 3454 sumus

265 3493 568 3548 Jerusalem
589 3507 710 3563 quae
734 3491 983 3557 deﬂetur,
1004 3492 1098 3561 qui
1128 3490 1284 3546 nobis
1309 3490 1562 3545 videmur
1582 3489 1838 3544 intuitum

265 3585 465 3641 habere
496 3585 779 3656 majorem.
843 3581 998 3650 Quod
1037 3582 1082 3638 si
1108 3591 1232 3652 post
1265 3582 1526 3652 mysteria
1571 3580 1835 3646 veritatis,

265 3690 390 3750 post
419 3692 726 3734 sermonem
754 3674 1055 3745 Evangelii,
1087 3683 1209 3744 post
1232 3675 1534 3730 doctrinam
1561 3673 1837 3740 Ecclesiae,

265 3781 387 3842 post
412 3769 678 3825 visionem
727 3773 1194 3822 sacramentorum
1225 3764 1365 3834 ejus,
1397 3764 1598 3834 aliquis
1625 3779 1655 3819 e
1679 3764 1839 3819 nobis

264 3861 589 3932 peccaverit,
619 3859 892 3930 plangitur
923 3865 1085 3926 atque
1115 3855 1292 3910 ﬂetur.
1334 3855 1504 3909 Nemo
1532 3855 1676 3910 enim
1711 3870 1840 3925 gen-

264 3954 376 4008 tilis
424 3953 615 4015 ﬂetur,
666 3951 759 4005 sed
808 3949 896 4003 ille
942 3948 1037 4017 qui
1071 3947 1170 4002 fuit
1202 3946 1270 4001 de
1300 3945 1634 4011 Jerusalem,
1693 3945 1838 4016 quod

263 4053 386 4115 post
418 4053 638 4114 peccata
663 4039 1005 4096 circumdant
1032 4053 1152 4092 eam
1186 4037 1416 4102 inimici,
1440 4035 1728 4091 contrariae
1757 4036 1839 4089 vi-

264 4135 461 4190 delicet
492 4131 872 4196 fortitudines,
903 4129 1130 4199 spiritus
1156 4143 1412 4198 nequam,
1443 4136 1499 4182 et
1541 4126 1838 4181 immittant

265 4228 322 4281 in
351 4225 582 4280 circuitu
610 4224 729 4293 ejus
755 4223 956 4277 vallum
981 4260 996 4286 ,
1023 4231 1076 4276 et
1105 4221 1395 4275 obsideant
1424 4233 1543 4273 eam
1567 4261 1581 4285 ,
1617 4227 1669 4273 et
1702 4218 1840 4286 lapi-

262 4318 386 4372 dem
415 4331 577 4386 super
604 4315 835 4383 lapidem
861 4328 968 4368 non
996 4313 1310 4381 relinquant
1338 4329 1350 4364 :
1388 4309 1626 4364 maxime
1649 4309 1694 4364 si
1717 4319 1839 4379 post

261 4405 491 4460 multam
521 4404 909 4459 continentiam
929 4442 944 4466 ,
995 4409 1116 4471 post
1143 4403 1349 4471 aliquot
1374 4414 1548 4454 annos
1570 4399 1837 4454 castitatis

1959 574 2212 631 universa
2266 577 2500 646 perdidit
2546 577 2708 632 nimie
2759 579 2995 646 potando
3023 579 3087 633 ⁸³.
3151 579 3208 634 Si
3237 578 3362 648 quis
3401 592 3530 648 ergo

1958 661 2175 734 vendit,
2209 662 2458 732 cjicitur,
2496 664 2765 734 praecipue
2811 665 2856 719 si
2904 666 3168 722 vendebat
3221 667 3507 722 columbas

1956 751 2137 818 Quare
2190 755 2326 810 alias
2373 771 2500 810 aves
2544 770 2652 810 non
2689 757 2868 826 posuit
2901 758 3004 814 nisi
3048 759 3367 816 columbas?
3413 757 3528 814 Hoc

1956 845 2158 898 animal
2204 845 2429 916 simplex
2457 855 2540 900 est
2564 888 2579 912 ,
2633 859 2688 901 ct
2717 846 2994 902 decorum.
3054 849 3255 905 Vereor
3283 865 3351 906 ne
3389 857 3441 904 et
3471 850 3525 904 in

1955 934 2112 990 nobis
2136 936 2324 990 vitium
2359 937 2516 992 istius
2543 937 2686 992 modi
2711 939 3162 1009 deprehendatur.
3205 941 3260 996 Si
3285 943 3428 997 enim
3461 957 3525 998 ea

1955 1041 2076 1095 quae
2101 1027 2235 1080 mihi
2262 1043 2290 1081 a
2320 1040 2509 1083 sancto
2539 1028 2742 1098 Spiritu
2771 1031 3005 1086 revelata
3033 1043 3185 1098 sunt,
3216 1043 3268 1088 et
3294 1034 3522 1099 credita,

1955 1125 2015 1171 ut
2041 1118 2093 1171 in
2120 1119 2314 1188 vulgus
2342 1119 2612 1187 eﬂerrem,
2663 1122 2838 1192 pretio
2887 1125 3202 1189 vendidero,
3233 1136 3286 1181 et
3318 1127 3524 1197 absque

1954 1209 2202 1262 mercede
2235 1223 2340 1262 non
2367 1209 2625 1276 docuero,
2649 1211 2777 1281 quid
2813 1213 2958 1267 aliud
2991 1213 3153 1281 facio,
3179 1215 3286 1270 nisi
3314 1215 3524 1270 colum-
3591 1283 3594 1286 ἢ

1952 1299 2072 1362 bas,
2107 1300 2157 1355 id
2208 1309 2292 1356 est
2322 1300 2583 1370 Spiritum
2629 1313 2874 1359 sanctum
2921 1307 3139 1360 vendo?
3195 1306 3365 1373 Quem
3396 1322 3522 1361 cum

1953 1391 2267 1455 vendidero,
2301 1392 2490 1462 ejicior
2516 1394 2582 1449 de
2616 1396 2815 1464 templo
2838 1394 2954 1452 Dei.
2996 1396 3336 1469 Quapropter
3363 1414 3520 1470 roge-

1952 1498 2074 1537 mus
2100 1481 2413 1551 Dominum,
2435 1494 2495 1539 ut
2517 1501 2707 1542 omnes
2729 1503 2977 1544 emamus
3006 1490 3186 1560 potius
3216 1506 3380 1560 quam
3407 1506 3527 1545 ven-

1951 1573 2167 1628 damus.
2205 1573 2260 1628 Si
2289 1577 2434 1631 enim
2471 1592 2579 1631 non
2608 1579 3036 1643 vendiderimus,
3063 1583 3443 1652 cognoscimus
3471 1590 3527 1636 et

1951 1663 2302 1736 intelligimus
2327 1667 2558 1722 salutem
2588 1680 2829 1724 nostram
2869 1689 2880 1724 :
2917 1670 3155 1742 alioquin
3192 1672 3397 1728 inimici
3425 1672 3528 1729 cir-

1951 1757 2284 1812 cumdabunt
2344 1759 2530 1813 urbem
2583 1771 2845 1816 nostram.
2919 1761 3074 1829 Quod
3119 1764 3163 1820 si
3207 1765 3372 1820 semel
3418 1779 3522 1821 nos

1947 1851 2221 1904 exercitus
2247 1851 2458 1906 hostilis
2485 1852 2750 1915 cinxerit,
2788 1853 3055 1924 lacrymas
3083 1853 3179 1910 Dei
3206 1869 3313 1910 non
3343 1869 3518 1911 mere-

1948 1940 2148 1994 bimur.
2186 1939 2487 2011 Surgamus
2511 1959 2642 2015 ergo
2663 1945 2926 2007 diluculo,
2954 1953 3008 2000 et
3036 1947 3388 2002 Obsecremus
3411 1945 3519 2002 Do-

1949 2030 2180 2097 minum,
2208 2043 2268 2086 ut
2294 2034 2481 2088 saltem
2511 2034 2680 2089 micas
2705 2051 2826 2104 qua:
2849 2036 2915 2090 de
2942 2051 3129 2092 mensa
3153 2037 3273 2106 ejus
3294 2037 3519 2104 cadunt,

1948 2123 2230 2178 comedere
2263 2125 2558 2193 possimus.
2617 2125 2842 2180 Miratur
2889 2128 3169 2199 Scriptura
3195 2129 3240 2160 ⁸⁸
3276 2129 3518 2198 reginam

1950 2209 2091 2267 Saba
2120 2217 2331 2271 venisse
2379 2217 2448 2271 ab
2498 2226 2744 2271 extremo
2793 2229 2951 2273 terrae
2975 2219 3163 2273 audire
3198 2219 3518 2288 sapientiam

1951 2302 2259 2360 Salomonis
2292 2323 2306 2361 :
2333 2322 2454 2377 quae
2485 2323 2608 2361 cum
2640 2307 2864 2364 vidisset
2897 2310 3219 2379 prandium,
3249 2317 3302 2364 et
3338 2309 3522 2379 supel-

1947 2393 2217 2458 lectilcm,
2257 2404 2311 2451 et
2338 2397 2642 2453 ministeria
2685 2399 2880 2455 domus
2906 2400 3058 2469 ejus,
3106 2399 3422 2464 obstupuit,
3466 2407 3522 2455 et

1948 2492 2060 2539 tota
2097 2485 2150 2538 in
2180 2487 2450 2542 miraculo
2476 2487 2598 2542 fuit.
2661 2487 2773 2543 Nos
2811 2490 2856 2544 si
2897 2497 3078 2546 tantas
3103 2488 3315 2546 Domini
3347 2491 3522 2547 nostri

1947 2592 2112 2646 opes,
2147 2588 2351 2633 tantam
2385 2581 2655 2636 sermonis
2703 2583 3090 2652 supellectilem
3117 2623 3132 2648 ,
3163 2593 3217 2639 et
3241 2583 3523 2639 abundan-

1950 2669 2078 2724 tiam
2103 2671 2480 2726 doctrinarum
2505 2687 2613 2726 non
2639 2672 2869 2728 libenter
2901 2674 3301 2745 amplectimur,
3332 2675 3380 2731 si
3413 2691 3520 2731 non

1948 2763 2286 2818 comedimus
2310 2778 2505 2832 panem
2535 2764 2679 2830 vitae,
2707 2765 2752 2819 si
2784 2780 2889 2820 non
2917 2766 3178 2822 carnibus
3205 2765 3410 2821 Christi
3440 2781 3524 2820 ve-

1949 2852 2155 2906 scimur
2177 2891 2192 2916 ,
2227 2862 2280 2906 et
2306 2869 2501 2908 cruore
2527 2863 2810 2923 potamur;
2843 2856 2888 2910 si
2923 2856 3323 2911 contemnimus
3356 2857 3524 2926 dapes

1951 2941 2250 2996 Salvatoris
2276 2944 2472 3007 nostri,
2496 2945 2636 3000 scire
2660 2945 2927 3000 debemus
2957 2946 3103 3015 quod
3135 2948 3330 3002 habeat
3353 2948 3518 3014 Deus,

1948 3041 2002 3086 et
2028 3031 2441 3102 benignitatem,
2468 3041 2522 3087 et
2555 3035 2919 3089 severitatem.
2977 3036 3022 3090 E
3043 3036 3244 3106 quibus
3271 3037 3518 3108 benigni.

1951 3129 2112 3176 tatem
2160 3121 2280 3192 ejus
2310 3123 2484 3194 magis
2527 3138 2684 3178 orare
2716 3125 3008 3193 debemus,
3057 3127 3111 3181 in
3142 3127 3358 3183 Christo
3388 3127 3516 3185 Jesu

1948 3213 2182 3269 Domino
2204 3223 2391 3271 nostro
2440 3235 2453 3270 :
2507 3217 2593 3281 cui
2617 3224 2700 3272 est
2729 3218 2900 3289 gloria
2933 3228 2988 3275 et
3015 3219 3300 3290 imperium
3326 3220 3382 3275 in
3418 3235 3519 3276 saa-

1947 3306 2067 3362 cula
2099 3307 2445 3364 saeculorum.
2483 3307 2676 3363 Amen.

2401 3421 2567 3493 978
2592 3419 2876 3478 HOMILIA‘
2912 3422 3156 3480 XXXIX.

1947 3534 2024 3590 De
2048 3537 2334 3606 quaestione
2359 3534 2795 3599 Sadducworum.
2828 3551 2985 3607 quam
3011 3545 3392 3606 proposuerant
3418 3538 3521 3594 Da.

2017 3609 2158 3660 mino
2180 3646 2196 3670 ,
2244 3606 2478 3660 mulieris
2525 3608 2638 3676 ejus
2669 3623 2785 3676 qua:
2819 3606 3013 3676 septem
3042 3609 3178 3662 viros
3209 3610 3436 3674 habuit;
3469 3618 3520 3664 et

2015 3693 2198 3730 rursus
2225 3681 2288 3730 de
2303 3676 2519 3730 denario
2544 3673 2694 3745 quem
2717 3677 2818 3730 sibi
2841 3673 3089 3731 Salvator
3106 3673 3512 3746 jussitostendi.

2015 3746 2147 3815 Cap.
2179 3761 2269 3799 xx.

2017 3855 2112 3912 Est
2133 3857 2357 3912 hzeresis
2387 3856 2438 3910 in
2462 3855 2685 3924 Judaeis,
2705 3873 2827 3927 qute
2845 3857 3046 3914 dicitur
3065 3858 3513 3924 Sadducazorum,

1945 3948 2061 4002 lucc
2088 3948 2542 4002 resurrectionem
2567 3956 2906 4003 mortuorum
2929 3958 3112 4019 negat,
3137 3958 3192 4004 et
3217 3958 3374 4020 putat
3405 3951 3521 4004 ani-

1945 4055 2088 4094 mam
2143 4040 2367 4095 inter-ire
2397 4055 2522 4094 eum
2558 4055 2806 4111 corpore,
2832 4056 2933 4096 nec
2959 4050 3083 4111 post
3117 4052 3344 4098 mortem
3375 4043 3516 4098 ultra

1945 4132 2232 4202 respirare.
2275 4131 2442 4203 lgitur
2469 4132 2824 4201 quaestionem
2876 4133 3105 4189 Domino
3129 4143 3512 4206 proponentes,

1945 4233 2371 4294 composuerunt
2416 4221 2656 4278 fabulam
2707 4225 2954 4278 mulieris
3001 4233 3206 4293 septem
3250 4226 3513 4290 virorum,

1945 4330 2067 4384 qua:
2112 4323 2235 4383 post
2277 4314 2512 4384 primum
2544 4316 2723 4369 virum
2756 4315 2823 4369 ad
2863 4315 3297 4370 resuscitandum
3328 4328 3514 4370 semen

1947 4406 2145 4475 prioris
2175 4407 2403 4460 alterum
2431 4406 2646 4460 duxerit
2679 4423 2694 4461 :
2726 4420 2836 4476 quo
2861 4415 3095 4470 mortuo,
3128 4406 3342 4460 tertium
3373 4421 3515 4476 quo-

263 4498 446 4552 victus
471 4495 598 4565 quis
633 4493 817 4557 fuerit,
854 4492 1346 4560 blandimentisque
1394 4491 1576 4546 carnis
1626 4490 1837 4545 illectus
1870 4508 1911 4562 ῃ
1943 4511 2072 4566 que,
2099 4505 2152 4550 et
2173 4511 2390 4551 rursum
2420 4505 2698 4566 quartum,
2753 4505 2916 4565 atque
2942 4495 2996 4550 in
3025 4495 3172 4551 hunc
3197 4495 3419 4550 modum
3448 4496 3514 4549 ad

263 4589 582 4661 patientiam
615 4587 1046 4657 pudicitiamque
1073 4585 1337 4639 amiserit.
1383 4582 1441 4637 Si
1468 4583 1637 4639 fueris
1665 4582 1838 4638 forni-

262 4692 444 4742 catus,
478 4680 709 4748 lapidem
753 4694 916 4748 super
945 4678 1174 4747 lapidem
1202 4691 1309 4729 non
1342 4676 1649 4745 relinquent
1674 4690 1838 4746 super

263 4781 338 4827 te.
376 4775 467 4826 Att
494 4785 638 4825 enim
671 4785 728 4823 tn
764 4770 873 4823 alio
905 4768 1028 4822 loco
1055 4768 1100 4800 ⁸τ
1134 4783 1150 4820 :
1185 4764 1307 4821 Non
1341 4767 1656 4820 recordabar
1695 4767 1838 4836 prio-

257 4841 382 4916 rum
413 4862 751 4931 justitiarum
773 4859 886 4928 ejus
926 4875 944 4911 :
988 4858 1042 4911 in
1071 4867 1282 4926 peccato
1306 4873 1424 4925 suo,
1446 4857 1500 4910 in
1523 4873 1625 4927 quo
1652 4858 1835 4926 depre-

262 4955 452 5008 hensus
499 4953 682 5022 fuerit,
728 4953 782 5004 in
825 4952 940 5019 ipso
983 4949 1228 5011 iudicabo
1263 4965 1402 5003 eum.
1445 4948 1568 5003 Haec
1595 4959 1838 5021 estergo

265 5061 390 5116 qua:
420 5043 647 5099 deﬂetur
665 5041 987 5096 Jerusalem.
1047 5041 1177 5094 Post
1208 5055 1329 5110 quae
1354 5040 1556 5095 dicitur
1584 5059 1596 5094 :
1632 5039 1839 5111 Ingres-

264 5154 356 5193 sus
387 5147 464 5192 est
492 5134 763 5204 templum.
800 5132 952 5199 Quod
982 5147 1098 5185 cum
1129 5132 1313 5201 fuisset
1348 5132 1636 5201 ingressus,
1686 5132 1834 5201 ejecit

262 5243 352 5283 eos
397 5227 486 5297 qui
531 5224 816 5280 vendebant
861 5222 1150 5276 columbas.
1207 5220 1323 5274 Non
1355 5221 1513 5290 ejecit
1548 5229 1829 5287 ementes;

264 5321 360 5389 qui
393 5319 538 5374 enim
564 5325 773 5382 emunt,
827 5323 883 5368 et
926 5314 1071 5383 quod
1103 5312 1334 5368 emeriut
1361 5313 1662 5382 possident.
1714 5313 1838 5367 Illos

264 5410 426 5479 ejecit
456 5410 522 5464 de
546 5408 744 5478 templo
773 5405 952 5460 Patris
999 5404 1157 5461 Jesus
1181 5445 1195 5471 ,
1227 5407 1319 5476 qui
1348 5406 1586 5460 vendunt
1613 5415 1668 5459 et
1698 5406 1838 5476 abji-

264 5501 417 5554 ciunt
443 5498 586 5568 quod
616 5497 934 5555 habuerant.
970 5496 1024 5550 in
1056 5492 1469 5552 similitudinem
1499 5497 1645 5551 illius
1680 5498 1841 5552 luxu-

359 5593 403 5624 θ’
436 5591 625 5646 Matth.
663 5607 698 5643 v
718 5631 732 5654 ,
764 5591 820 5643 5.
935 5571 987 5621 ’³³
1011 5589 1198 5644 Matth.
1226 5607 1302 5653 xr,
1331 5590 1422 5645 29.

267 5660 315 5693 ⁸⁸
347 5661 478 5717 Luc.
506 5677 595 5716 xv.
689 5663 733 5693 δ’
760 5659 826 5713 111
856 5658 988 5729 Reg.
1021 5677 1074 5713 ι.
1168 5661 1213 5692 ⁸ο
1243 5660 1430 5714 Matth.
1465 5677 1600 5724 χιιι,
1623 5663 1714 5729 29,
1744 5667 1832 5721 50.

339 5753 414 5822 (9)
455 5751 594 5817 Quin
638 5752 1084 5822 econtrario,_u_t_
1123 5766 1384 5821 perquam
1421 5755 1631 5809 erudite
1676 5765 1828 5812 notat

269 5819 631 5895 Hieronymus
645 5821 802 5889 epist.
831 5820 1003 5895 75,_ad
1025 5819 1390 5895 Theodoram,
1422 5825 1550 5887 n.2,
1584 5824 1831 5894 Quando,

583 5894 853 5951 PATROL.
888 5891 1201 5965 (ΞιιηΧΙΙΙ.

1517 5590 1563 5622 ⁸⁸
1584 5591 1770 5664 Matth.
1804 5612 1869 5664 v,
1901 5597 1954 5653 9.

1944 4587 2233 4656 septimum
2281 4599 2456 4654 usque
2491 4593 2830 4654 pervenerat.
2877 4583 3151 4650 Quaeritur
3184 4596 3313 4653 ergo
3340 4582 3392 4636 in
3425 4597 3513 4636 re-

1939 4661 2279 4734 surrectione
2323 4684 2704 4737 mortuorum,
2739 4674 2866 4744 quis
2916 4689 3033 4728 eam
3083 4672 3185 4728 sibi
3232 4686 3263 4727 e
3309 4680 3514 4742 septem

1942 4769 2203 4824 fratribus
2238 4769 2308 4822 sit
2335 4767 2712 4822 vindicaturus
2741 4781 2991 4820 uxorem.
3034 4761 3148 4819 Hoc
3175 4772 3357 4819 autem
3393 4777 3517 4833 pro-

1938 4862 2114 4917 blema
2164 4861 2491 4916 insidiantes
2540 4859 2722 4914 verbis
2771 4858 3103 4924 Salvatoris,
3160 4874 3227 4913 eo
3275 4867 3521 4927 tempore

1939 4963 2371 5024 proposuerunt,
2406 4968 2516 5022 quo
2571 4967 2695 5007 eum
2748 4950 2997 5005 viderant
3025 4951 3092 5005 de
3122 4949 3518 5004 resurrectione

1939 5048 2135 5101 docere
2159 5045 2481 5114 discipulos.
2521 5044 2734 5110 Quibus
2759 5042 3095 5112 respondens
3121 5041 3243 5096 Salv
3255 5051 3372 5095 ator
3398 5041 3511 5094 ait:

1943 5137 2180 5200 Erratis,
2225 5138 2508 5190 nescientes
2555 5134 2882 5203 Scripturas,
2927 5149 3088 5203 neque
3131 5135 3372 5186 virtutem
3395 5131 3514 5184 Dei.

1943 5228 2009 5282 In
2036 5228 2416 5282 resurrectione
2463 5227 2599 5279 enim
2634 5234 2959 5278 mortuorum
2997 5238 3157 5292 neque
3194 5221 3404 5286 nubent,
3430 5236 3520 5274 ne-

1941 5335 2037 5389 que
2062 5317 2343 5382 nubentur,
2373 5316 2462 5369 sed
2487 5323 2640 5368 erunt
2665 5315 2801 5386 sicut
2831 5312 3003 5382 angeli
3038 5314 3090 5365 in
3122 5310 3265 5365 ccelis
3292 5311 3358 5364 ’°.
3410 5307 3515 5376 Qui

1939 5419 2102 5468 erunt
2137 5411 2278 5464 sicut
2307 5408 2525 5480 angeli,
2568 5407 2756 5477 utique
2780 5405 2855 5477 (9)
2884 5405 3059 5474 angeli
3086 5411 3265 5459 erunt.
3314 5402 3517 5456 Simul-

1940 5517 2047 5573 que
2075 5499 2414 5562 disceudum,
2441 5499 2584 5568 quod
2619 5497 2794 5567 angeli
2825 5497 3099 5552 connubia
3125 5509 3231 5549 non
3259 5495 3514 5550 habeant.

2059 5595 2102 5628 ιο
2155 5593 2288 5648 ibid.
2355 5591 2443 5644 to.
2494 5591 2579 5661 ..ευ
2607 5590 2740 5646 ibid.
2776 5590 2829 5644 4.
2906 5587 3172 5643 ⁸⁷1σίῑες11.
3207 5602 3373 5652 xv'tu,
3422 5585 3496 5640 ea

1934 5756 2098 5820 dicit,
2132 5772 2150 5807 ς
2189 5766 2353 5826 neque
2378 5753 2608 5826 nubent,
2639 5767 2798 5821 neque
2828 5749 3087 5804 nubentur
3107 5789 3121 5812 ,
3171 5766 3190 5800 ι
3243 5748 3333 5826 sed
3360 5753 3515 5826 erunt

1949 5846 1967 5878 ι
1997 5829 2133 5881 sicut
2164 5821 2336 5888 angeli
2369 5825 2426 5878 in
2479 5824 2620 5877 caelis
2642 5863 2657 5888 ,
2690 5842 2708 5874 ι
2747 5838 2849 5875 non
2882 5830 3077 5876 natura
3119 5828 3169 5872 et
3217 5821 3511 5872 substantia

3053 5891 3131 5950 60
