4002 6540
528 380 663 439 1899

1964 367 2282 429 ORIGENIS

3650 366 3780 422 1900

524 496 625 552 Hic
671 506 797 547 vero
846 491 936 547 ubi
978 505 1161 558 mors,
1215 499 1269 546 et
1320 488 1552 561 nuptiae,
1604 495 1659 543 et
1703 486 1857 544 liberi
1906 502 2092 543 neces-
2124 494 2167 548 Α
2195 490 2381 537 vatore
2405 452 2607 535 dictum
2632 494 2753 536 esse
2774 478 3120 549 simpliciter:
3148 476 3362 533 Reddite
3383 490 3648 550 quorsum
3668 480 3783 535 Cc-

524 584 655 646 sarii
701 594 856 652 sunt;
896 585 1038 651 illic,
1094 583 1186 639 ubi
1233 582 1646 649 immortalitas,
1694 596 1796 636 nec
1842 578 2096 650 conjugio

524 695 665 752 opus
708 687 828 743 est,
876 692 975 732 nec
1026 675 1169 730 ﬁliis.
1223 673 1531 743 Proponam
1578 671 1709 725 mihi
1739 669 2094 740 quaestionem

523 772 681 828 valde
716 770 1025 832 molestam,
1058 776 1256 835 etquae
1284 780 1393 818 non
1429 763 1585 818 facile
1608 761 1856 824 solvitur,
1887 776 1953 814 ex
1978 772 2097 829 per-

524 877 659 920 sona
695 875 906 925 eorum,
956 856 1048 928 qui
1095 854 1482 911 studiosissimi
1511 851 1918 921 Scripturarum
1947 856 2094 914 sunt,

524 965 580 1009 et
603 953 691 1008 die
720 966 784 1007 ac
820 958 982 1003 nocte
1010 947 1340 1002 meditantur
1373 945 1427 997 in
1458 944 1574 1012 lege
1602 940 1818 995 Domini
1846 941 1913 993 9‘.
1968 936 2093 1002 Ubi,

526 1044 802 1114 inquiunt,
835 1040 1097 1109 scriptum
1129 1043 1211 1090 est
1277 1033 1405 1102 quia
1450 1050 1608 1105 neque
1657 1031 1881 1096 nubent,
1935 1047 2094 1101 neque

524 1130 831 1185 nubentur?
880 1126 1015 1183 Tam
1047 1123 1215 1180 Vetus
1252 1137 1417 1191 quam
1447 1120 1657 1177 Novum
1687 1120 2096 1177 Testamentum

527 1220 793 1276 memoria
839 1233 904 1273 ac
949 1224 1129 1271 mente
1160 1215 1528 1284 perlustrans,
1570 1227 1840 1281 nusquam
1876 1209 2098 1265 memini

526 1310 633 1365 tale
663 1309 794 1379 quid
822 1308 1075 1362 relatum.
1123 1304 1278 1371 Quod
1310 1303 1356 1359 si
1379 1301 1517 1357 forte
1547 1318 1634 1356 me
1666 1301 1823 1366 fallit,
1855 1300 1948 1371 qui
1976 1300 2098 1371 plus

525 1400 679 1455 novit
698 1398 909 1454 doceat.
938 1393 1193 1450 Libenter
1214 1394 1366 1449 disco
1388 1391 1532 1462 quod
1556 1392 1761 1447 nescio.
1786 1389 1894 1447 Sed
1920 1406 2097 1460 quan-

527 1500 645 1546 tum
684 1504 784 1561 ego
816 1488 1090 1553 existimo,
1148 1501 1249 1541 nec
1290 1485 1345 1539 in
1389 1483 1592 1551 Veteri,
1623 1499 1723 1539 nec
1747 1484 1801 1538 in
1833 1482 1982 1537 Novo
2010 1482 2099 1536 ln-

526 1592 830 1640 strumento
857 1581 1153 1651 quidquam
1190 1578 1293 1633 tale
1325 1577 1576 1648 reperiet.
1630 1574 1820 1631 Omnis
1842 1591 1972 1646 ergo
2003 1590 2098 1630 eo-

523 1690 647 1729 rum
696 1687 849 1727 error
882 1670 951 1727 de
980 1669 1337 1740 prophetica,
1393 1682 1559 1738 quam
1610 1682 1720 1721 non
1769 1666 2095 1737 intelligunt,

524 1764 761 1819 lectione
789 1761 1028 1817 surrexit
1053 1778 1066 1814 :
1100 1774 1131 1814 e
1161 1758 1361 1829 quibus
1384 1757 1518 1813 illud
1546 1766 1630 1813 est
1654 1757 1709 1811 in
1736 1756 1874 1811 Isaia
1911 1774 1924 1809 :
1953 1755 2099 1810 Lecti

524 1858 627 1911 mei
654 1871 759 1909 non
795 1852 1055 1908 habebunt
1088 1852 1278 1907 liberos
1306 1851 1361 1904 in
1390 1850 1814 1905 maledictionem
1842 1849 1908 1900 ".
1952 1845 2017 1901 Et
2041 1847 2096 1900 in
2129 1835 2172 1889 Β

524 1944 949 2003 Deuteronomio
978 1944 1035 1998 in
1075 1941 1543 1998 benedictionibus
1576 1938 1623 1972 "
1650 1957 1663 1993 :
1695 1936 1966 1992 Benedicti
1994 1935 2096 2005 ﬁlii

523 2040 660 2094 uteri
702 2042 801 2093 tui.
853 2036 920 2091 Et
952 2044 1147 2106 putant
1185 2034 1300 2089 haec
1346 2032 1528 2087 futura
1576 2031 1629 2085 in
1678 2029 2093 2091 resurrectione,

524 2145 636 2185 non
667 2128 1027 2197 intelligentes
1063 2124 1336 2195 spiritales
1364 2121 1768 2179 benedictioncs
1810 2136 1930 2175 esse
1959 2134 2096 2188 prte-

526 2223 725 2277 dlctas.
779 2218 977 2273 Paulus
1005 2217 1152 2271 enim
1181 2231 1277 2272 vas
1312 2212 1629 2279 electionis,
1659 2226 1848 2265 omnes
1874 2210 1974 2264 has
2004 2210 2098 2263 bc-

527 2310 889 2376 nedictiones,
921 2323 1042 2378 qua:
1065 2314 1346 2377 ponuntur
1376 2304 1432 2359 in
1460 2302 1622 2373 Lege,
1672 2300 1987 2371 spiritaliter
2015 2299 2099 2353 in-

522 2411 853 2473 terpretans,
889 2408 943 2454 et
989 2398 1168 2453 sciens
1218 2410 1327 2450 non
1371 2408 1493 2449 esse
1518 2391 1787 2455 carnales,
1832 2390 1897 2444 ad
1926 2388 2100 2459 Ephe-

528 2492 642 2547 sios
685 2490 925 2560 loquitur
950 2486 997 2519 “
1033 2505 1047 2541 :
1080 2485 1397 2540 Benedictus
1438 2482 1578 2537 Deus
1603 2522 1618 2547 ,
1674 2491 1724 2535 et
1779 2479 1943 2534 Pater
1991 2478 2101 2532 Do-

527 2582 657 2639 mini
686 2582 854 2637 nostri
881 2578 1007 2634 Jcsu
1036 2577 1237 2634 Christi
1257 2617 1272 2642 ,
1328 2577 1417 2646 qui
1450 2573 1711 2628 benedixit
1741 2589 1835 2627 nos
1870 2573 1926 2625 in
1958 2572 2099 2625 omni

527 2676 881 2732 benedictione
930 2670 1198 2742 spiritali,
1250 2684 1368 2723 cum
1416 2685 1449 2721 η
1503 2667 1724 2720 mortuis
1778 2674 2099 2735 resurgentes

530 2781 787 2826 teternam
834 2764 1212 2821 beatitudinem
1266 2775 1716 2830 consequeremur.
1786 2757 1891 2813 Sed
1943 2767 1997 2813 et
2044 2759 2100 2813 in

526 2863 761 2919 Psalmis
786 2859 980 2915 simile
1031 2856 1161 2927 quid
1199 2855 1530 2925 reperientes
1552 2892 1566 2917 ,
1602 2852 1790 2907 eodem
1844 2851 2103 2906 labuntur

525 2966 733 3007 errore.
776 2947 950 3013 Uxor,
993 2945 1201 3017 inquit,
1248 2955 1340 2999 tua
1390 2945 1527 2999 sicut
1574 2943 1695 2997 uitis
1730 2943 2005 2997 abundans
2047 2944 2101 2996 in

525 3041 783 3098 lateribus
850 3040 1038 3095 domus
1100 3047 1224 3102 tum,
1282 3036 1385 3107 ﬁlii
1448 3038 1525 3091 tui
1565 3038 1704 3090 sicut
1742 3034 1955 3090 novella:
1998 3034 2101 3088 oli-

524 3150 711 3190 varum
739 3134 796 3187 in
822 3133 1049 3187 circuitu
1095 3145 1287 3185 menste
1318 3139 1441 3194 tute,
1472 3145 1648 3200 usque
1669 3129 1734 3183 ad
1758 3143 1879 3184 eum
1921 3128 2100 3182 locum
2134 3114 2141 3123 ’

2198 576 2359 642 saris,
2386 573 2586 628 Cwsari
2601 614 2617 640 ,
2651 572 2703 627 id
2732 584 2816 629 cst
2843 574 3105 630 tributum
3130 572 3336 628 reddite
3367 574 3516 643 quod
3542 574 3779 630 debetis.

2199 670 2334 737 Quis
2379 670 2524 727 enim
2570 678 2820 727 nostrum
2870 668 2939 727 de
2992 668 3211 724 tributis
3242 668 3532 723 reddendis
3575 668 3783 724 (ἐκδετῆ

2199 762 2563 817 contradicit?
2590 760 2763 816 liabet
2788 761 2953 831 igitur
2986 761 3140 817 locus
3166 759 3422 832 quiddam
3455 761 3676 831 mystici
3702 770 3785 813 at-

2200 868 2306 924 que
2327 855 2540 909 secreti.
2561 853 2692 909 Dea:
2714 863 2843 910 sunt
2871 854 3135 924 imagines
3172 855 3428 920 hominis,
3462 870 3572 909 una
3614 870 3780 924 quam

2200 948 2407 1016 accepit
2451 962 2481 1001 a
2518 946 2627 1002 Deo
2674 946 2851 1023 factus
2885 949 2939 1002 in
2973 948 3268 1018 principio,
3318 948 3463 1004 sicut
3490 950 3545 1001 in
3577 947 3779 1003 Genesi

2200 1038 2462 1108 scriptum
2505 1049 2587 1094 est
2607 1040 2691 1091 "z
2743 1038 2914 1093 Juxta
2954 1039 3237 1108 imaginem
3274 1054 3325 1092 et
3364 1038 3781 1091 similitudinem

2199 1129 2342 1195 Dei;
2377 1130 2546 1186 altera
2578 1130 2787 1195 choici,
2830 1130 2884 1184 id
2923 1141 3008 1184 est
3048 1130 3280 1194 terreni,
3316 1138 3611 1203 postquam
3648 1144 3778 1198 pro-

2199 1230 2318 1290 pter
2352 1221 2777 1276 inobedientiam
2807 1230 2970 1292 atque
3011 1230 3293 1291 peccatum
3330 1220 3540 1290 ejectus
3580 1221 3653 1274 de
3679 1234 3777 1289 pa-

2200 1311 2385 1367 radiso
2409 1311 2709 1381 assumpsit
2731 1326 2873 1379 eam,
2890 1310 3150 1381 principis
3175 1309 3359 1365 saeculi
3387 1309 3555 1379 hujus
3576 1323 3781 1363 suasus

2200 1400 2497 1457 illecebris.
2535 1400 2688 1456 Sicut
2718 1401 2862 1455 enim
2899 1414 3158 1455 nummus
3187 1407 3348 1469 atque
3380 1398 3646 1453 denarius
3678 1398 3783 1452 ha-

2201 1493 2292 1548 bet
2336 1493 2626 1563 imaginem
2669 1494 3063 1563 imperatorum
3106 1492 3293 1546 mundi
3328 1509 3343 1557 ;
3385 1492 3467 1547 sic
3508 1491 3605 1560 qui
3650 1490 3785 1544 facit

2203 1600 2367 1655 opera
2391 1584 2619 1640 rectoris
2643 1584 2993 1640 tenebrarum
3017 1585 3269 1650 istarum,
3286 1591 3465 1653 portat
3482 1583 3785 1654 imaginem

2200 1678 2321 1748 ejus
2338 1677 2507 1748 .cujus
2534 1676 2698 1731 habet
2725 1691 2891 1747 opera
2921 1692 2937 1742 ;
2969 1691 3133 1747 quam
3173 1675 3427 1745 praecepit
3460 1673 3629 1730 Jesus
3659 1690 3789 1731 esse

2202 1772 2531 1828 reddendam
2565 1780 2619 1826 et
2647 1769 3037 1841 projiciendam
3070 1770 3140 1826 de
3176 1769 3328 1823 vultu
3357 1779 3549 1824 nostro
3571 1809 3587 1834 ,
3621 1782 3815 1824 assu-.

2201 1864 2561 1933 mendamque
2589 1876 2709 1917 eam
2734 1862 3048 1931 imaginem.
3071 1861 3227 1932 juxta
3256 1876 3418 1930 quam
3448 1876 3477 1915 a
3505 1860 3791 1930 principio

2200 1955 2266 2010 ad
2302 1953 2711 2009 similitudinem
2745 1952 2841 2009 Dei
2873 1951 3076 2008 conditi
3116 1967 3330 2007 sumus.
3357 1951 3535 2022 Atque
3565 1951 3647 2006 ita
3694 1952 3786 2015 tit,

2200 2056 2259 2103 ut
2289 2062 2411 2117 qua:
2437 2045 2670 2101 Caesaris
2708 2053 2869 2113 sunt,
2915 2045 3117 2101 Caesari
3136 2086 3152 2111 ,
3182 2052 3237 2099 et
3262 2059 3386 2114 qua:
3414 2043 3547 2108 Dei,
3583 2043 3792 2098 redda-

2198 2154 2323 2194 mus
2376 2137 2507 2193 Deo.
2568 2138 2860 2204 Ostendite,
2907 2137 3101 2208 inquit,
3151 2136 3280 2190 mihi
3335 2150 3629 2190 nummum.
3676 2133 3790 2189 Pro

2199 2245 2309 2301 quo
2341 2230 2394 2284 in
2427 2228 2681 2284 Mattbaao
2704 2229 2721 2260 ί
2750 2228 3009 2285 scribitur
3039 2227 3319 2282 denarius.
3349 2225 3512 2292 Quem
3540 2242 3666 2279 cum
3697 2242 3794 2279 ac.

2201 2322 2451 2392 cepisset,
2481 2322 2557 2374 ait
2583 2335 2601 2374 :
2630 2318 2796 2389 Cujus
2830 2320 3170 2388 scriptionem
3202 2317 3400 2374 habet?
3430 2315 3537 2382 Qui
3566 2333 3791 2385 respou—

2198 2413 2399 2480 dentes,
2423 2412 2669 2467 dixerunt
2686 2427 2705 2465 .'
2739 2410 2990 2465 Cwsaris.
3022 2410 3105 2463 Ad
3135 2425 3263 2479 quos
3288 2424 3495 2462 rursum
3514 2423 3535 2461 :
3558 2407 3792 2462 Reddite

2199 2521 2345 2575 ergo,
2376 2504 2573 2574 inquit,
2604 2519 2723 2572 qua:
2752 2511 2873 2556 sunt
2904 2500 3131 2557 Ctesaris
3164 2500 3394 2567 Cwsari,
3426 2509 3475 2552 et
3504 2515 3626 2569 qua:
3655 2510 3789 2553 sunt

2200 2596 2301 2650 Dei
2328 2595 2456 2649 Deo.
2488 2594 2731 2661 Quorum
2764 2593 3214 2663 consequentiam
3246 2602 3301 2646 et
3327 2589 3531 2645 Paulus
3562 2591 3792 2645 locutus

2201 2697 2320 2754 est,
2366 2686 2555 2742 dicens
2579 2689 2642 2741 ἐ
2682 2685 2832 2742 Sicut
2873 2685 3196 2755 portavimus
3240 2684 3520 2753 imaginem
3566 2684 3789 2747 choici,

2200 2790 2468 2847 portemus
2497 2787 2546 2833 et
2572 2778 2856 2847 imaginem
2884 2774 3130 2830 caelestis.
3162 2773 3319 2840 Quod
3340 2788 3470 2844 ergo
3500 2774 3578 2828 ait
3601 2792 3618 2828 :
3639 2771 3791 2828 Red-

2201 2871 2310 2925 dite
2339 2886 2457 2942 qua:
2495 2879 2615 2923 sunt
2652 2869 2881 2925 Cazsaris
2913 2867 3137 2933 Caesari,
3172 2866 3277 2921 hoc
3306 2864 3481 2921 dicit:
3514 2864 3791 2935 Deponite

2202 2978 2493 3033 personam
2535 2962 2748 3027 choici,
2796 2959 3017 3029 abjicite
3065 2957 3353 3028 imaginem
3398 2966 3672 3011 terrenam
3726 2965 3791 3010 ut

2203 3053 2429 3124 possitis
2458 3053 2615 3108 vobis
2657 3067 2946 3123 personam
2977 3050 3217 3106 caelestis
3242 3049 3585 3119 imponentes
3604 3091 3623 3114 ,
3654 3048 3790 3104 red-

2202 3145 2330 3200 dere
2356 3161 2477 3215 qua:
2508 3152 2637 3201 sunt
2660 3144 2752 3200 Dei
2773 3143 2902 3199 Deo.
2935 3141 3151 3212 Repetit
3179 3156 3279 3196 nos
3308 3140 3472 3196 Deus.
3503 3140 3788 3207 Quidnam

528 3227 621 3282 ubi
661 3225 738 3280 ait
777 3242 789 3277 :
830 3223 1116 3277 Benedicat
1151 3230 1197 3275 te
1231 3221 1490 3276 Dominus
1529 3235 1594 3274 ex
1639 3219 1789 3286 Sion,
1831 3230 1879 3272 et
1926 3221 2098 3276 uideas

2204 3201 2440 3305 repelli?
2473 3234 2614 3306 Lege
2643 3233 2862 3306 Moysen
2894 3252 2908 3289 :
2946 3201 3033 3287 Et.
3053 3248 3188 3287 nunc
3217 3231 3343 3301 quid
3393 3201 3651 3286 Dominus
3699 3248 3791 3286 re-

527 3330 646 3386 qua:
708 3315 843 3368 bona
897 3322 1017 3367 sunt
1062 3311 1357 3366 Jerusalem
1392 3312 1460 3367 ’⁸.
1501 3308 1643 3380 Ergo
1681 3325 1806 3384 cum
1836 3311 2101 3367 instructa

527 3403 693 3460 fuerit
723 3400 1052 3469 Jerusalem,
1072 3410 1127 3456 et
1150 3402 1448 3457 instaurata
1476 3400 1531 3455 in
1562 3401 1846 3472 antiquum
1874 3412 2097 3471 Statum,

526 3505 661 3551 tunc
694 3494 916 3549 visurus
938 3502 1023 3549 est
1049 3493 1193 3548 bona
1225 3508 1347 3563 qua:
1378 3490 1658 3563 Scriptura
1689 3504 2097 3551 commemorat.

529 3585 636 3652 Qui
669 3584 986 3656 spiritaliter
1024 3584 1330 3656 intelligunt
1354 3583 1685 3652 Jerusalem,
1719 3596 1773 3641 et
1804 3586 1870 3642 de
1897 3603 1959 3642 ea
1993 3588 2100 3643 dici

531 3679 714 3735 sciunt
743 3692 865 3748 quae
893 3677 1133 3733 caelestis
1166 3678 1279 3741 est‘,
1321 3692 1443 3746 qum
1477 3692 1698 3732 sursum
1730 3688 1844 3744 est,
1868 3696 1990 3751 qua:
2020 3688 2102 3735 est

526 3780 703 3826 mater
741 3778 928 3824 nostra
954 3769 1038 3823 "z
1073 3769 1335 3824 videbunt
1383 3770 1526 3825 bona
1575 3771 1720 3825 illius
1744 3812 1758 3837 ,
1791 3772 1858 3827 de
1902 3773 2101 3844 quibus

528 3877 672 3933 saepe
704 3861 945 3917 diximus
969 3901 985 3928 ,
1032 3870 1084 3916 et
1113 3861 1166 3915 id
1198 3861 1340 3931 quod
1383 3877 1529 3917 nunc
1572 3861 1641 3918 de
1672 3862 1882 3934 psalmo
1909 3866 2099 3934 posui-

526 3969 653 4008 mus
675 3953 755 4008 ":
794 3951 941 4006 Urcor
983 3962 1077 4007 tua
1108 3953 1245 4007 sicut
1280 3953 1404 4007 vitis
1444 3952 1721 4008 abundans
1769 3955 1822 4007 in
1848 3954 2098 4010 lateribus

526 4045 714 4100 domus
743 4053 866 4110 tutu,
893 4044 992 4114 ﬁlii
1017 4044 1097 4098 tui
1111 4044 1245 4098 sicut
1272 4043 1490 4099 novella:
1512 4044 1772 4099 olivarum
1796 4045 1850 4099 in
1875 4047 2099 4101 circuitu

525 4153 721 4192 mensa:
750 4145 874 4191 tute.
905 4135 1039 4203 Quae
1078 4135 1264 4191 omnia
1293 4136 1649 4207 corporaliter
1677 4136 2101 4208 intelligentibus

529 4228 863 4293 Sadducaais,
898 4227 1034 4299 (10)
1067 4227 1160 4298 qui
1190 4238 1347 4283 erant
1385 4229 1565 4300 portio
1592 4227 1937 4297 indecorum,
1970 4232 2101 4287 dicit

529 4315 780 4372 Salvator
798 4317 878 4372 '3:
914 4315 1147 4371 Nescitis
1174 4315 1502 4387 Scripturas,
1525 4335 1687 4390 neque
1717 4321 1957 4376 virtutem
1983 4322 2097 4378 Dei.

526 4406 655 4463 llam
679 4406 745 4461 de
777 4405 1095 4477 quaestione,
1128 4419 1291 4474 quam
1326 4405 1608 4461 Sadducazi
1641 4406 1871 4464 Domino
1903 4424 2101 4481 propo-

2200 3328 2327 3396 petit
2371 3344 2405 3380 a
2453 3327 2593 3381 te'?
2627 3335 2683 3382 et
2720 3326 2926 3397 reliqua
2974 3341 3096 3396 qua:
3149 3333 3476 3396 sequuntur.
3530 3322 3790 3379 Postulat

2201 3420 2368 3491 igitur
2392 3436 2423 3475 a
2455 3419 2614 3475 nobis
2643 3418 2807 3485 Deus,
2838 3428 2893 3475 et
2915 3419 3262 3490 deprecatur,
3293 3435 3403 3476 non
3429 3420 3559 3491 quia
3590 3434 3791 3477 neces-

2203 3514 2409 3569 sarium
2438 3514 2603 3568 habet
2637 3514 2875 3583 aliquid,
2906 3523 2966 3568 ut
2991 3514 3041 3568 ei
3078 3515 3421 3569 tribuamus:
3455 3514 3697 3583 postulat
3729 3523 3789 3569 et

2201 3613 2488 3676 postquam
2519 3604 2568 3659 ei
2591 3605 2923 3670 dederimus,
2948 3605 3181 3675 idipsum
3208 3606 3413 3661 tribuat
3436 3605 3491 3658 in
3519 3604 3784 3659 salutem.

2201 3693 2357 3763 Quod
2396 3696 2563 3767 979
2610 3705 2669 3750 ut
2698 3695 3040 3752 manifeStius
3072 3698 3198 3762 ﬁat,
3230 3711 3428 3766 ponam
3462 3696 3785 3767 parabolam

2201 3800 2475 3843 lanarum.
2516 3784 2619 3851 Qui
2671 3800 2857 3842 unam,
2882 3794 3168 3856 acceperat
3213 3801 3399 3840 mnam
3424 3827 3441 3853 ,
3476 3795 3535 3840 et
3578 3786 3788 3841 fecerat

2199 3875 2384 3931 decem
2413 3894 2428 3944 ;
2462 3883 2517 3932 et
2548 3875 2745 3935 obtulit
2797 3875 3038 3942 domino,
3068 3891 3100 3930 a
3131 3892 3239 3946 quo
3271 3876 3375 3932 sibi
3412 3875 3621 3932 credita
3654 3892 3785 3933 mna

2201 3965 2416 4036 fuerat,
2457 3970 2668 4038 accepit
2706 3975 2761 4026 et
2799 3967 2958 4022 aliam
2985 3983 3151 4038 quam
3179 3976 3338 4022 antea
3374 3982 3486 4023 non
3527 3967 3784 4025 habebat.

2199 4058 2350 4116 lllius
2382 4060 2529 4115 enim
2578 4075 2797 4128 mnam,
2839 4059 2931 4131 qui
2989 4074 3096 4116 non
3138 4059 3600 4130 multiplicaverat
3634 4060 3786 4130 quod

2200 4150 2431 4221 accepit,
2471 4150 2626 4220 jubet
2649 4150 2903 4206 dominus
2922 4148 3146 4217 auferri,
3191 4159 3245 4205 et
3277 4150 3395 4204 dari
3429 4149 3479 4204 ei
3515 4149 3610 4219 qui
3649 4150 3786 4205 alias

2200 4242 2383 4298 habet.
2417 4240 2638 4307 Tollite,
2668 4242 2878 4311 inquit,
2906 4258 3081 4295 mnam
3102 4283 3116 4308 ,
3145 4250 3196 4295 et
3238 4244 3362 4295 date
3404 4242 3455 4295 ei
3491 4242 3585 4312 qui
3623 4241 3783 4295 habet

2199 4334 2375 4388 decem
2412 4349 2562 4386 mnas
2587 4336 2628 4387 ⁵.
2658 4332 2838 4403 Atque
2885 4333 2941 4387 in
2974 4335 3119 4388 hunc
3161 4333 3383 4389 modum
3417 4349 3540 4403 quae
3569 4333 3787 4388 dederi-

2200 4440 2326 4481 mus
2361 4424 2494 4491 Deo,
2522 4424 2680 4480 nobis
2705 4440 2770 4480 ea
2801 4425 2917 4495 ipsa
2951 4426 3203 4481 restituet
3230 4441 3354 4481 cum
3393 4425 3480 4480 his
3509 4441 3634 4495 qua:
3655 4434 3788 4480 ante

528 4507 790 4562 suerunt,
828 4497 1063 4553 breviter
1094 4496 1238 4552 dicta
1273 4497 1403 4552 sint.
1445 4497 1618 4553 Porro
1660 4500 1806 4569 quod
1840 4500 1974 4572 (11)
2005 4501 2100 4556 ad-

2203 4531 2312 4572 non
2341 4517 2728 4571 habueramus.
2763 4516 2942 4587 Exigit
2969 4526 3025 4572 et
3058 4517 3295 4587 postulat
3337 4532 3369 4571 a
3400 4518 3561 4572 nobis
3600 4517 3785 4584 Deus,

525 4590 728 4661 jectum
765 4597 850 4644 est
904 4589 971 4643 de
1015 4588 1251 4657 imagine
1296 4588 1555 4658 Ctesaris,
1596 4590 1759 4645 etiam
1801 4606 1964 4662 super
1996 4592 2101 4648 hoc

528 4682 789 4736 debemus
820 4695 991 4751 pauca
1020 4681 1410 4752 perstringere.
1445 4680 1649 4737 Putant
1668 4682 1895 4753 quidam
1920 4699 1949 4738 a
1983 4683 2102 4740 Sal-

600 4795 646 4828 “
672 4794 819 4851 Psal.
852 4813 903 4860 ι,
932 4797 967 4849 2

1076 4798 1270 4877 f’hcap.
1303 4814 1429 4864 va,
1460 4814 1605 4877 ver_s.
1838 4805 1889 4877 "_
1914 4803 2072 4863 Deut.
2118 4827 2216 4877 vn,
2265 4814 2353 4868 15.

2206 4616 2264 4661 ut
2295 4606 2494 4661 habeat
2528 4608 2878 4662 occasionem
2918 4608 3193 4673 donandi,
3225 4617 3285 4662 ut
3314 4607 3417 4677 ipsi
3456 4606 3660 4661 tribuat
3690 4608 3787 4676 qui

2207 4698 2472 4769 erogavit.
2506 4696 2682 4769 Ipsius
2715 4698 2860 4753 enim
2896 4700 3068 4770 gratia
3102 4699 3378 4769 duplicata
3409 4706 3496 4755 est
3534 4715 3697 4767 mna,
3733 4710 3788 4755 et

2449 4814 2497 4847 “
2526 4829 2645 4884 cap.
2674 4831 2875 4880 t,vers.
2907 4817 2961 4870 5.
3057 4817 3105 4848 "
3156 4816 3299 4871 Psal.
3353 4832 3557 4882 cum,
3611 4818 3676 4877 5.
3729 4818 3783 4870 5.

529 4866 577 4954 :0
602 4863 722 4954 Gel:
752 4865 991 4954 ιιι-,362
1050 4867 1094 4898 ’⁷
1116 4863 1260 4954 Ps‘a'l.
1293 4863 1473 4954 enim:
1502 4911 1518 4936 ,
1547 4871 1597 4924 5.
1671 4871 1725 4954 ii
1743 4870 1931 4933 Matth.
1967 4893 2075 4935 χχιι

2202 4863 2247 4940 '9.
2271 4863 2365 4917 -ὀὶ
2388 4899 2506 4954 cap.
2531 4863 2754 4950 irtus;
2770 4863 2875 4941 727:
2909 4863 2961 4917 ’ί
2984 4863 3177 4941 Matth:
3199 4863 3567 4954 ἷέὶιξῐόξἼ
3600 4863 3785 4942 ῑὸοῑζ

528 4951 620 5003 xv,
646 4936 735 4993 49.
811 4936 834 4969 ³
858 4935 1014 4991 Deut.
1051 4952 1105 5003 ι,
1136 4937 1223 4993 12.
1299 4937 1476 4993 ‘Luc.
1506 4935 1632 5004 ω,
1665 4940 1755 4996 21.

528 5046 807 5103 corporum
841 5030 1066 5103 tollitur,
1112 5030 1203 5103 sed
1248 5031 1433 5103 gloria:
1478 5033 1785 5102 magnitudo
1830 5048 2097 5093 monstra-

530 5099 638 5175 tur.
680 5099 861 5170 Neque
896 5101 1043 5175 enim
1081 5099 1480 5175 scriptumest,
1537 5099 1690 5156 erunt
1731 5106 1939 5173 angeli,
1985 5111 2096 5175 sed,

535 5192 554 5223 .
588 5173 723 5225 sicut
756 5169 928 5241 angeli
967 5183 985 5220 .-
1018 5189 1037 5222 ι
1073 5171 1163 5225 ubi
1189 5169 1484 5226 similitudo
1509 5169 1865 5242 promittitur,
1908 5169 2096 5233 ιὲει-ίιαέ

528 5243 834 5311 denegatur.
891 5242 1155 5313 iErunt,
1207 5242 1406 5312 inquit,
1457 5243 1592 5297 sicut
1639 5244 1846 5313 angeli,
1890 5267 1907 5298 ι
1942 5250 1995 5301 id
2021 5259 2098 5302 est

530 5312 728 5364 similes
755 5310 1061 5380 angelorum
1085 5326 1104 5363 :
1132 5327 1253 5380 ergo
1277 5310 1517 5365 homines
1565 5330 1676 5367 esse
1706 5310 1807 5367 non
1836 5316 2095 5372 desinent.

528 5382 794 5454 Caeterum
826 5381 1012 5435 multis
1039 5395 1180 5454 stupe
1203 5383 1334 5437 locis
1358 5383 1523 5437 hocce
1545 5381 1794 5454 Origenis
1819 5399 2101 5443 commen-

529 5459 645 5502 tum
678 5448 733 5502 S.
765 5449 954 5504 doctor
979 5451 1191 5505 refellit.

507 5538 523 5581 ο
601 5518 712 5596 (lit)
747 5518 1033 5596 Nonnullis
1080 5529 1212 5596 post~
1238 5518 1496 5596 Dallaium
1538 5522 1690 5596 risus
1715 5531 1798 5578 est
1836 5522 2099 5595 Origenes

532 5588 848 5664 existimare
881 5590 983 5666 hoc
1011 5590 1151 5656 loco,
1180 5588 1508 5666 sadtlncmos
1533 5592 1695 5666 (quos
1720 5588 2099 5666 constat,'ipso

530 5658 849 5731 neutiquam
870 5658 1145 5722 dillitente,
1165 5660 1311 5713 solos
1333 5658 1716 5731 Moysislibros
1737 5664 1787 5716 in
1812 5658 2096 5720 sacrarum

535 5725 943 5805 Scripturarum
971 5725 1533 5805 censuni_adtttisisse)
1561 5734 1837 5805 prophetis
1861 5750 2099 5803 quoque,

532 5805 587 5852 et
608 5795 836 5851 Psalmis
856 5798 1099 5853 eamdem
1124 5800 1379 5856 tribuisse
1401 5795 1772 5858 auctoritatem
1794 5822 1808 5872 ;
1831 5795 2099 5873 siquidem

2200 5040 2354 5097 Isaire
2382 5049 2568 5111 uviet
2600 5041 2792 5111 psalmi
2827 5057 3011 5097 cxxvu
3048 5041 3378 5107 testimonia,
3412 5057 3535 5111 quae
3572 5041 3786 5108 laudat,

2207 5111 2370 5183 abiis
2399 5110 2561 5164 tradit
2583 5112 2939 5181 corporaliter
2961 5113 3256 5183 intellecta,
3279 5110 3441 5183 cujus
3461 5114 3788 5180 ignorantia:

2204 5199 2235 5235 a
2283 5180 2566 5237 Salvatore
2609 5180 2956 5236 acCusantur.
3002 5181 3200 5236 Verum
3239 5180 3677 5238 etsi'dederimns
3714 5186 3788 5239 ita

2206 5252 2350 5321 hunc
2384 5250 2655 5319 superiori
2691 5260 3001 5306 contextum
3043 5253 3246 5307 haerere
3268 5290 3282 5313 ,
3315 5263 3393 5313 ut,
3435 5268 3558 5321 qua:
3593 5254 3785 5308 laudat

2203 5320 2498 5390 Origenes,
2531 5321 2806 5389 prophetae
2848 5338 2911 5376 ac
2959 5321 3177 5376 Doridis
3215 5322 3377 5375 verba
3423 5320 3710 5390 perperam
3752 5340 3783 5377 a

2206 5389 2747 5462 Sadducmisdiceret
2771 5402 3012 5460 accrpta,
3047 5407 3152 5462 non
3185 5392 3311 5445 hinc
3333 5389 3536 5462 tamet!
3551 5394 3782 5462 colligas

2200 5460 2441 5513 sensisse
2478 5459 2630 5513 illum
2664 5475 2759 5513 eos
2794 5459 2959 5514 libras
3001 5478 3029 5514 a
3064 5460 3375 5515 StldtlllCiBlS
3411 5463 3461 5513 in
3495 5459 3779 5515 Cauloniam

2203 5529 2609 5597 Scripturarum
2665 5531 2881 5584 relatos.
2933 5530 3113 5586 Potuit
3158 5545 3286 5584 vero
3321 5531 3450 5583 illud
3509 5533 3781 5585 duntaxat

2203 5599 2622 5671 Deuteronotniig
2653 5616 2822 5654 xxmt
2863 5601 3270 5665 testimonium,
3317 5601 3460 5668 quod
3499 5602 3689 5671 utique
3729 5613 3782 5654 et

2203 5669 2485 5739 Sadducazi
2519 5669 2845 5739 reciperent,
2876 5673 3206 5739 respexisse.

2273 5737 2384 5811 (ll)
2430 5737 2654 5792 Lectum
2702 5750 2858 5797 antea
2903 5737 3039 5811 quia,
3086 5738 3375 5795 manilesto
3418 5754 3629 5808 errore,
3677 5755 3778 5809 pro

2197 5809 2372 5879 quod,
2393 5819 2485 5864 aut
2517 5811 2663 5879 quia.
