4002 6560
257 418 387 473 1901
1420 424 1793 482 FRAGMEN'I

1893 430 1952 485 ΙΝ
2000 429 2258 487 LUCAM.
3366 441 3505 499 i902

249 538 450 606 dignus
481 535 790 607 quibusque
827 535 948 606 plus
974 534 1161 591 datum
1196 545 1281 592 est
1313 552 1477 609 quam
1512 542 1825 610 sperabant.
1858 553 1901 610 Α
1933 564 2080 604 rents
2119 548 2358 605 cmlestia
2404 549 2695 620 largiatur,
2732 552 2785 606 in
2830 553 3047 610 Christo
3091 554 3222 612 Jesu
3247 595 3264 621 ,
3299 558 3386 612 cui
3420 571 3505 614 est

247 628 589 701 Quapropter
615 639 898 700 surgentes
922 645 1145 693 oremus
1173 631 1360 697 Deum,
1389 643 1448 687 ut
1473 636 1619 704 digni
1650 637 1823 693 simus
1931 640 2102 710 gloria
2133 649 2185 694 et
2222 641 2507 695 imperium
2546 643 2600 697 in
2637 644 2833 700 smcula
2865 648 3210 703 surculorum.
3251 647 3447 706 Amen.

245 720 444 778 offerre
482 722 531 777 ei
563 726 786 777 munera
817 740 938 793 quae
968 724 1126 779 nobis
1168 726 1420 781 restituat
1493 735 1546 781 et
1588 744 1687 797 pro
1714 736 1823 785 ter-

247 942 2602 972 F—-——_—_-——————————__._—____._

1180 1082 1907 1206 FRAGMENTA
1983 1113 2559 1209 ORIGENIS

884 1303 976 1359 EX
1016 1304 1303 1360 MACARII
1350 1302 1932 1361 CHRYSOCEPIIALI
1971 1306 2444 1366 ORATIONIBUS
2480 1308 2551 1365 IN
2588 1310 2847 1368 LUCAM.

231 1630 389 1688 Orat.
430 1650 469 1701 ι,
499 1637 588 1701 εἰς
636 1633 754 1703 τὴν
798 1632 1088 1705 γέννησιν
1120 1635 1226 1703 τοῦ
1253 1635 1427 1705 ἁγίου
1468 1636 1768 1703 Ἰωάννου,

1893 1648 2001 1707 est,
2034 1640 2099 1694 In
2140 1650 2312 1695 ortum
2358 1643 2527 1696 sancti
2560 1639 2815 1709 Joannis,
2852 1644 2967 1701 hinc
3003 1622 3253 1718 Origenis
3282 1648 3493 1707 laudat.

302 1752 666 1824 Πρατμάτων
708 1754 764 1807 δὲ
811 1749 987 1817 εἶπεν,
1036 1753 1156 1805 ἐπεὶ
1206 1755 1265 1807 ού
1320 1756 1458 1809 κατὰ
1509 1758 1793 1826 φαντασίαι

1997 1759 2190 1814 Rerum
2235 1761 2391 1825 dixit,
2422 1760 2679 1831 quoniam
2712 1778 2817 1816 non
2854 1764 3212 1833 pliantastice,
3247 1774 3306 1819 ut
3337 1767 3494 1821 aiunt

228 1847 375 1901 κατὰ
401 1848 527 1911 τοὺς
567 1846 674 1900 τῶν
718 1845 1008 1919 αἱρετικῶν
1056 1848 1250 1911 παῖδας
1297 1847 1730 1922 ὲδραματούργει
1778 1852 1793 1903 ἐ

1914 1852 2174 1915 haeretici,
2202 1854 2505 1909 illusoriam
2544 1856 2627 1911 sui
2665 1859 2718 1910 in
2744 1871 2909 1911 carne
2939 1859 3283 1925 praesentiam
3327 1859 3489 1915 Jesus

241 1938 452 2011 Ἰησοῦς
500 1939 598 2011 τὴν
638 1938 899 2010 ἔνσαρκον
942 1939 1106 1993 αὐτοῦ
1141 1940 1460 2011 παρουσίαν,
1493 1940 1648 2003 ἀλλὰ,
1674 1959 1805 2012 τυγ-

226 2031 408 2102 χάνων
435 2031 835 2104 άλήθεια,πρὸς
863 2031 1122 2105 ἀλήθειαν
1167 2031 1263 2103 τὴν
1299 2032 1606 2102 οἰκονομίαν
1641 2033 1804 2088 αὐτοῦ

226 2126 519 2197 ἐνήργησε.

1912 1945 2223 2011 praestabat,
2252 1946 2344 2001 sed
2383 1947 2583 2002 veritas
2627 1964 2750 2003 cum
2783 1958 2947 2016 esset,
2980 1965 3103 2005 vere
3136 1950 3486 2020 dispensatio-

1914 2048 2037 2086 nem
2070 2049 2224 2089 suam
2253 2036 2599 2106 operabatur.

1643 2214 1846 2269 Eadem
1877 2224 2019 2270 orat.
2062 2231 2099 2271 ι.

310 2331 527 2403 Ἐπειδὴ
574 2330 686 2404 γὰρ
713 2331 1074 2403 ἑρμηνεύεται
1128 2333 1401 2404 Ζαχαρίας
1455 2334 1552 2404 μὲν
1595 2333 1806 2403 μνήμη

224 2423 399 2489 Θεοῦ,
440 2425 691 2495 Ἰωάννης
719 2424 777 2478 δὲ
809 2429 841 2478 ό
876 2425 1137 2492 δεικνύς,
1186 2426 1459 2497 μέμνηται
1500 2426 1558 2480 δέ
1599 2444 1681 2490 τις
1712 2426 1806 2479 τοῦ

221 2517 479 2581 ἀπόντος,
509 2517 747 2571 δείκνυσι
790 2518 847 2570 δὲ
882 2517 973 2571 τὸν
1010 2517 1288 2589 παρόντα’
1309 2516 1398 2570 διὰ
1431 2514 1590 2569 τοῦτο
1630 2518 1680 2570 οἱ
1710 2517 1806 2571 τοῦ

221 2608 416 2672 παιδὸς
448 2609 637 2662 τούτου
670 2611 992 2680 γεννήτορες
1033 2610 1134 2663 ούκ
1178 2610 1470 2681 ἠνέσχοντο
1509 2610 1570 2664 τὸ
1621 2612 1804 2667 καλεῖν

220 2704 522 2774 Ζαχαρίαν,
555 2703 690 2758 ἀλλὰ
722 2705 922 2775 μᾶλλον
969 2706 1221 2776 Ἰωάννην
1265 2706 1550 2777 ὀνομάζειν
1580 2708 1797 2779 ἦθελοψ

219 2795 356 2848 διότι
409 2795 631 2866 ἔμελλεν
674 2797 795 2867 οὐχ).
846 2796 1203 2868 μνημονεύειν
1249 2797 1383 2851 Θεοῦ
1426 2798 1502 2863 ὡς
1548 2800 1799 2864 ἀπόντος,

217 2885 336 2939 ἀλλ’
366 2887 527 2940 αὑτὸν
570 2890 774 2941 ἐκεῖνον
810 2889 1090 2959 μονονουχὶ
1123 2888 1202 2959 τῷ
1241 2889 1487 2961 δακτύλῳ
1530 2892 1800 2946 δεικνύειν

219 2981 489 3053 παρόντα,
521 2982 615 3035 καὶ
642 2980 851 3051 λέγειν·
892 2981 1003 3036 Ἴδε
1032 2984 1065 3036 ὁ
1112 2982 1316 3052 Ἁμνός
1340 2982 1447 3036 τοῦ
1481 2985 1650 3038 Θεοῦ.

1985 2330 2254 2399 Quoniam
2292 2334 2441 2391 enim
2472 2336 2855 2407 interpretatur
2897 2335 3190 2397 Zacharias
3230 2344 3484 2400 memoria

1911 2419 2035 2487 Dei,
2066 2421 2306 2480 Joannes
2339 2441 2471 2480 vero
2502 2429 2800 2493 ostendens,
2845 2429 3093 2485 meminit
3121 2442 3300 2487 autem
3325 2434 3483 2503 quis-

1908 2515 2054 2583 piam
2096 2517 2359 2583 absentis,
2391 2518 2483 2572 sed
2531 2519 2769 2574 ostendit
2794 2530 3114 2589 praesentem
3151 2541 3164 2577 :
3199 2533 3479 2593 propterea

1910 2608 2063 2676 pueri
2107 2607 2273 2677 hujus
2312 2617 2569 2678 parentes
2621 2622 2731 2663 nan
2778 2613 3124 2680 patiebantur
3153 2617 3335 2669 vocari
3376 2616 3483 2671 Za~

1908 2697 2174 2762 cbariam,
2222 2698 2317 2753 sed
2360 2700 2534 2769 magis
2574 2696 2839 2755 Joannem
2890 2703 3159 2758 nominari
3208 2706 3481 2773 volebant,

1910 2797 2195 2858 propterea
2259 2791 2405 2860 quod
2475 2806 2582 2845 non
2653 2791 2881 2847 debebat
2938 2809 3148 2849 memor
3201 2811 3327 2851 esse
3385 2796 3483 2851 Dei

1910 2889 2169 2949 tanquam
2200 2881 2463 2945 absentis,
2508 2882 2602 2937 sed
2649 2882 2828 2950 ipsum
2880 2883 3031 2938 illum
3078 2886 3271 2955 digito,
3318 2902 3485 2958 opera

1907 2971 2194 3026 ostendere
2224 2980 2567 3039 praesentem,
2597 2979 2651 3027 et
2672 2972 2852 3029 dicere
2881 2991 2895 3028 :
2931 2972 3067 3027 Ecce
3094 2975 3275 3045 Agnus
3298 2975 3395 3030 Dei
3434 2978 3477 3032 '.

1716 3104 1869 3162 Orat.
1921 3124 1983 3163 ιι.

144 3264 151 3271 _
286 3194 401 3247 Καὶ
428 3192 617 3262 μέγας
642 3190 758 3262 ὀὐχ
807 3192 883 3255 ὡς
935 3192 1190 3264 Ἰωάννης
1240 3193 1523 3262 δουλικῶς,
1558 3196 1674 3251 ἀλλ’
1725 3199 1801 3264 ὡς

213 3287 422 3358 Κύριος
449 3285 543 3339 τοῦ
572 3285 792 3349 παντὸς,
839 3286 931 3339 καὶ
960 3286 1038 3349 ὡς
1084 3286 1286 3357 Κύριος
1322 3290 1624 3361 πανταχοῦ,
1657 3291 1800 3347 ὥστε

211 3379 336 3449 οὐχὶ
374 3377 463 3432 διὰ
506 3377 768 3447 ῥημάτων
809 3378 989 3447 μόνον,
1033 3377 1150 3431 ἀλλ’
1189 3377 1335 3451 ἔργῳ
1377 3379 1671 3447 δείκνυται,
1715 3385 1798 3438 ὅτι

217 3470 395 3543 μέγας
427 3470 563 3524 ἐστί.

1886 3212 1907 3224 ‘
1975 3203 2039 3258 Et
2083 3220 2341 3274 magnus,
2387 3218 2497 3259 non
2538 3213 2796 3274 tanquam
2840 3199 3076 3259 Joannes
3118 3204 3259 3259 servi
3300 3221 3474 3267 more.

1901 3296 1997 3352 sed
2029 3305 2288 3367 tanquam
2319 3297 2586 3355 Dominus
2621 3298 2883 3365 universi,
2916 3307 2969 3353 et
3000 3306 3259 3369 tanquam
3288 3298 3479 3357 Domi-

1901 3405 2008 3445 nus
2046 3391 2141 3460 qui
2186 3391 2389 3462 ubique
2429 3400 2533 3473 est,
2576 3392 2649 3446 ita
2698 3400 2759 3447 ut
2789 3408 2898 3448 non
2928 3391 3107 3448 verbis
3151 3394 3348 3463 solum,
3380 3396 3476 3451 sed

1902 3496 2067 3551 opere
2097 3482 2349 3537 ostendat
2385 3498 2443 3537 se
2467 3498 2725 3554 magnum
2748 3499 2885 3540 esse.

212 3607 366 3664 Orat-
400 3623 482 3662 nt.
515 3609 602 3674 εἰς
647 3607 781 3674 τοὺς
838 3606 1084 3677 ὄρθρους
1126 3606 1245 3663 τῶν
1289 3609 1512 3692 έορτὼξ·
1540 3610 1793 3692 rﬁcﬂeo

1893 3631 1993 3692 ρυ,
2025 3615 2207 3692 id_es_t,
2234 3615 2289 3692 in
2324 3617 2588 3671 matutina
2617 3626 2851 3687 tempora
2877 3618 3161 3674 Cenitricis
3195 3620 3308 3686 Dei,
3342 3637 3473 3692 pau-

1307 3679 1418 3733 lurn
1449 3681 1518 3734 ab
1552 3679 1704 3736 initio
1739 3684 1853 3739 haec
1876 3682 2125 3756 Origenis
2153 3686 2356 3740 laudat.

282 3797 463 3870 Ὅπερ
508 3797 617 3869 γὰρ
659 3796 829 3861 οὐδεὶς
876 3797 981 3851 τῶν
1025 3800 1318 3871 προφητῶν
1362 3801 1595 3873 ὑπῆρξε,
1630 3801 1791 3857 τοῦτο

1962 3804 2119 3872 Quod
2148 3807 2292 3860 enim
2319 3806 2504 3862 nullus
2533 3806 2921 3876 prophetarum
2957 3807 3187 3873 exstitit,
3223 3807 3327 3864 hoc
3371 3808 3471 3866 fuit

211 3889 460 3961 ὑπῆρξεν
524 3889 798 3962 Ἰωάννης,
846 3890 935 3944 διὰ
968 3890 1031 3943 τὸ
1071 3890 1389 3963 πλησιάζειν
1435 3896 1501 3964 τῇ
1551 3894 1788 3966 Χριστοῦ

210 3983 508 4054 παρουσίᾳ,
558 3982 651 4036 καὶ
690 3981 1014 4054 προτρέχειν
1053 3983 1257 4053 αύτῆς’
1291 3984 1351 4037 οὐ
1381 3984 1490 4056 γὰρ
1523 3985 1789 4057 πρότερον

210 4073 459 4145 ἐπλήσθη
500 4072 594 4127 τοῦ
626 4073 783 4142 ἁγίου
824 4073 1158 4145 Πνεύματος,
1201 4075 1329 4146 πρὶν
1364 4076 1651 4146 ἐπιστῆναι
1690 4075 1788 4148 τὴν

210 4165 588 4237 κυοφοροῦσαν
636 4166 732 4219 τὸν
780 4166 1033 4237 Χριστόν.
1071 4166 1203 4219 Τότε
1242 4166 1299 4219 δὲ
1346 4168 1439 4221 καὶ
1486 4167 1789 4240 ἐπληροῦτο

208 4254 530 4325 Πνεύματος
558 4255 653 4308 καὶ
684 4253 932 4324 ἐσκίρτα,
962 4253 1057 4306 καὶ
1080 4256 1144 4325 τῇ
1173 4255 1342 4325 μητρὶ
1372 4254 1664 4325 μετεδίδου,
1694 4256 1790 4309 καὶ

207 4348 411 4404 ἀνεϐόα
443 4346 795 4419 προφητικῶς
820 4347 855 4417 ἡ
900 4345 1182 4401 Ἐλισάϐετ
1211 4346 1300 4401 διὰ
1331 4347 1392 4400 τὸ
1420 4347 1791 4421 κυοφορούμε-

206 4459 297 4497 νον
328 4443 386 4496 ὲν
411 4442 546 4512 αὐτῇ
583 4440 803 4513 βρέφος,
839 4438 933 4492 καὶ
961 4439 1114 4509 ἔλεγε
1148 4442 1214 4511 τῇ
1256 4440 1550 4512 Παρθένῳ·
1592 4441 1786 4495 Εὐλο-

205 4531 437 4604 γημένη
470 4532 550 4586 σὺ
577 4533 647 4586 ἐν
686 4530 940 4602 γυναιξί’
972 4530 1199 4601 οὐδεμία
1236 4532 1345 4602 γὰρ
1386 4532 1483 4602 τῆς
1532 4530 1787 4603 τοιαύτης

207 4625 431 4696 χάριτος
469 4621 723 4687 κοινωνὸς
759 4621 881 4676 οὔτε
917 4621 1159 4692 γέγονεν,
1190 4621 1311 4676 οὔτε
1343 4622 1597 4691 γενέσθαι
1626 4624 1787 4679 δύνα-

206 4733 332 4771 ταιο
366 4716 426 4771 ἓν
460 4716 572 4787 γὰρ
602 4715 663 4768 τὸ
689 4714 832 4769 θεῖον
865 4714 1076 4786 κύημα,
1110 4708 1190 4778 εἷς
1218 4716 1248 4768 ό
1295 4714 1437 4779 θεῖος
1476 4716 1654 4785 τόκος,
1689 4720 1782 4773 καὶ

211 4810 310 4880 μία
327 4812 361 4881 ἡ
384 4809 687 4880 γεννήσασα
710 4808 800 4862 τὸν
821 4806 1186 4880 θεάνθρωπον.
1204 4808 1268 4861 Τί
1296 4824 1384 4879 μοι
1400 4808 1577 4863 τοίνυν
1593 4809 1782 4883 πρώτη

209 4902 642 4976 προαγορεύεις;
684 4904 775 4974 Μὴ
816 4902 926 4973 γὰρ
969 4900 1080 4971 ἐγώ
1106 4902 1223 4973 εἰμι
1251 4904 1283 4973 ή
1319 4902 1409 4956 τὸν
1441 4903 1672 4977 Σωτῆρα
1705 4905 1785 4958 τί-

205 5011 452 5061 κτουσα;
499 4995 696 5067 Ἐχρῆν
721 4994 818 5065 ἐμὲ
844 4994 981 5066 πρὸς
1021 4992 1078 5049 σὲ
1113 4994 1536 5065 παραγενέσθαι,
1578 4995 1643 5048 σὺ
1673 4995 1783 5068 γὰρ

206 5088 348 5159 ὑπὲρ
389 5086 564 5150 πάσας
605 5084 704 5150 τὰς
746 5087 1011 5154 γυναῖκας
1054 5085 1396 5158 εὐλογημένη
1422 5102 1435 5115 ·
1487 5087 1551 5139 σὺ
1598 5088 1781 5160 μήτηρ

1892 3893 2149 3958 Joannes.
2198 3905 2482 3965 propterea
2530 3897 2672 3966 quod
2703 3897 2988 3966 proximus
3031 3906 3177 3953 esset
3209 3898 3466 3955 adventui

1890 3984 2093 4039 Christi
2124 3994 2179 4038 et
2207 3984 2328 4054 ejus
2365 3998 2670 4054 pmcursor
2698 4000 2846 4039 :non
2881 3985 3025 4038 enim
3053 3984 3206 4054 prius
3230 3984 3470 4054 repletus

1888 4084 1973 4131 est
1994 4074 2201 4145 Spiritu
2243 4085 2454 4142 sancto,
2486 4090 2647 4144 quam
2675 4074 2957 4130 adveniret
2984 4075 3073 4129 illa
3101 4090 3223 4145 quae
3245 4074 3469 4130 Christo

1891 4167 2113 4239 gravida
2156 4178 2293 4223 erat.
2340 4164 2495 4223 Tunc
2542 4175 2724 4222 autem
2776 4174 2831 4222 et
2877 4167 3118 4238 repletus
3148 4176 3233 4223 est
3261 4164 3469 4237 Spiritu

1889 4270 2100 4325 sancto,
2145 4267 2201 4314 et
2247 4260 2561 4323 exsultavit.
2596 4268 2649 4314 et
2679 4268 2910 4313 matrem
2952 4259 3271 4329 participem
3316 4258 3467 4327 fecit,

1887 4359 1943 4405 et
1980 4351 2308 4406 exclamavit
2354 4351 2669 4421 prOphetice
2720 4348 2996 4406 Elisabeth
3038 4360 3262 4421 propter
3310 4350 3465 4407 illum

1888 4458 2051 4512 quem
2095 4442 2149 4495 in
2196 4450 2352 4496 utero
2378 4441 2598 4511 gerebat
2627 4439 2911 4505 infantem,
2944 4449 2999 4495 et
3036 4440 3173 4497 dixit
3204 4440 3407 4512 Virgini
3442 4459 3461 4500 :

1886 4533 2176 4588 Benedicta
2206 4544 2261 4587 tu
2319 4534 2373 4587 in
2430 4532 2738 4588 mulieribus
2787 4534 2843 4600 ’ς
2893 4534 3017 4589 talis
3075 4534 3219 4590 enim
3273 4535 3462 4605 gratiae

1886 4627 2157 4698 particeps
2216 4626 2366 4680 nulla
2424 4638 2665 4695 unquam
2721 4624 2845 4691 fuit,
2887 4640 2988 4681 nec
3048 4639 3170 4681 esse
3214 4634 3392 4695 potest
3444 4644 3458 4680 :

1885 4717 2084 4773 unicus
2126 4716 2271 4771 enim
2312 4727 2397 4772 est
2440 4716 2655 4769 divinus
2694 4714 2861 4786 980
2898 4724 3215 4786 conceptus,
3265 4716 3462 4772 unicus

1886 4809 2107 4866 divinus
2146 4818 2357 4879 partus,
2382 4809 2545 4863 unica
2586 4819 2814 4877 estquae
2855 4810 3041 4878 genu't
3072 4807 3240 4863 Deum
3270 4818 3325 4864 et
3356 4808 3461 4864 ho-

1885 4902 2111 4957 minem.
2150 4900 2259 4959 Cur
2294 4916 2381 4955 me
2416 4900 2583 4971 igitur
2612 4899 2760 4971 prior
2788 4899 3031 4955 salutas?
3057 4898 3317 4970 Nunquid
3357 4915 3461 4971 ego

1885 5011 2006 5050 sum
2045 5011 2168 5066 qua:
2212 4992 2549 5050 Salvatorem
2602 4991 2796 5063 pario?
2835 4991 3130 5062 Oportebat
3169 5008 3256 5047 me
3298 4992 3366 5046 ad
3408 5002 3460 5048 te

1884 5086 2072 5140 venire
2093 5104 2106 5140 :
2125 5094 2182 5140 tu
2206 5085 2352 5140 enim
2382 5098 2547 5152 super
2568 5097 2760 5137 omnes
2786 5083 3043 5137 mulieres
3061 5080 3374 5136 benedicta:
3398 5089 3459 5137 tu

204 5178 300 5232 τοῦ
328 5179 533 5250 Κυρίου
579 5194 708 5249 μουο
744 5178 808 5230 σὺ
840 5177 947 5249 ἐμὴ
994 5177 1177 5250 Κυρία
1214 5179 1247 5248 ἡ
1284 5177 1383 5249 τῆς
1413 5177 1657 5249 κατάρας
1682 5178 1780 5251 τὴν

1893 5176 2059 5233 Mater
2092 5175 2305 5231 Domini
2338 5174 2443 5230 mei
2475 5192 2487 5227 :
2531 5187 2587 5226 tu
2617 5187 2736 5226 mea
2774 5171 3026 5240 Domina,
3063 5171 3336 5227 maledicti
3367 5186 3462 5227 so—

205 5268 361 5322 λύσιν
405 5267 765 5338 βαστάζουσα.
798 5266 1070 5337 Σύμφωνα
1093 5266 1173 5337 τῷ
1200 5265 1301 5336 υἱῷ
1321 5264 1615 5335 φθέγγεται
1638 5284 1651 5296 ·
1686 5269 1779 5321 καὶ

204 5359 314 5431 γὰρ
341 5361 371 5413 ὁ
406 5359 659 5430 Ἰωάννης
688 5358 904 5425 ἀνάξιον
932 5359 1122 5412 ἑαυτὸν
1142 5358 1240 5429 τῆς
1272 5358 1406 5428 πρὸς
1427 5358 1518 5412 τὸν
1547 5359 1779 5430 Χριστὸν

206 5450 603 5519 παραστάσεως
647 5449 820 5517 ἔλεγε,
855 5448 950 5503 καὶ
987 5448 1125 5519 αῦτη
1176 5447 1373 5519 ἑαυτὴν
1415 5447 1639 5514 ἀναξίαν
1680 5448 1780 5520 τῆς
1825 5470 1835 5476 ·

205 5540 502 5611 παρουσίας
540 5540 640 5609 τῆς
680 5539 978 5612 Παρθένου.
1017 5540 1082 5593 Τί
1119 5557 1231 5611 μοι,
1275 5538 1431 5611 φησὶ,
1461 5537 1779 5611 τηλικοῦτον

205 5630 520 5704 πέπρακται
565 5631 791 5701 ἀγαθὸν,
840 5631 927 5684 ἴνα
974 5632 1009 5702 ἠ
1071 5633 1251 5705 μήτηρ
1285 5630 1379 5686 τοῦ
1419 5633 1628 5703 Κυρίου
1675 5648 1778 5704 μου

274 5852 296 5883 ⁵
325 5850 480 5909 Joan.
511 5869 550 5920 ι,
574 5852 664 5909 9.9.
741 5853 761 5885 ⁸
790 5852 923 5909 Luc.
966 5868 1006 5918 ι,
1038 5851 1127 5906 Η.

1887 5269 2148 5323 lutionem
2181 5274 2423 5336 portans.
2456 5262 2709 5318 Consona
2744 5263 2855 5317 lilio
2894 5262 3137 5332 loquitur
3172 5280 3186 5317 :
3217 5259 3458 5318 Joannes

1887 5360 2033 5416 enim
2064 5358 2348 5428 indignum
2380 5371 2440 5412 se
2462 5355 2556 5427 qui
2577 5369 2761 5410 coram
2790 5352 3008 5410 Christo
3032 5354 3319 5410 sisteretur
3341 5353 3461 5409 aie-

1886 5452 2010 5517 bat;
2045 5451 2135 5505 illa
2156 5464 2285 5505 vero
2316 5448 2594 5520 indignam
2627 5462 2684 5503 se
2714 5447 3001 5516 praesentia
3037 5442 3279 5517 Virginis
3312 5445 3459 5503 dice-

1886 5543 1998 5597 bat.
2035 5541 2176 5609 Quid
2209 5556 2239 5596 a
2268 5555 2375 5606 me,
2406 5538 2605 5609 inquit,
2630 5546 2843 5593 tantum
2876 5535 3079 5592 factum
3102 5545 3187 5593 est
3213 5537 3363 5603 boni,
3402 5546 3459 5594 ut

1887 5632 2059 5690 Mater
2085 5628 2304 5689 Domini
2330 5628 2435 5686 mei
2460 5626 2639 5685 veniat
2668 5625 2733 5682 ad
2761 5623 2879 5680 me?
2900 5624 2967 5680 Et
2992 5638 3114 5681 eam
3139 5638 3262 5696 quae
3284 5623 3457 5683 adhuc
