4002 6558
570 397 710 453 1903
2039 388 2358 449 ORIGENIS
3680 390 3817 444 l90l

565 518 717 587 virgo
743 522 876 580 erat,
910 526 1138 571 matrem
1169 524 1347 583 vocat,
1380 514 1697 586 prophetico
1723 522 1974 570 eventum
2006 529 2125 569 ser-

2241 513 2364 586 ἔλθῃ
2414 508 2549 582 πρὸς
2598 508 2695 580 μέ;
2723 507 2833 562 Καὶ
2862 508 3074 581 μητέρα
3100 509 3254 564 καλεῖ
3277 511 3377 581 τὴν
3405 510 3491 564 ἔτι
3525 509 3821 581 παρθένον.

566 626 727 666 mone
756 608 1111 680 praeveniens,
1139 617 1189 662 et
1232 607 1467 663 t’ructum
1502 605 1707 661 ventris
1739 604 1971 675 appellat
2007 603 2127 658 Sal-

2245 604 2517 674 φθάνουσα
2560 599 2912 673 προφητικῶς
2957 600 3037 671 τῷ
3086 601 3228 672 λόγῳ
3276 602 3376 674 τὴν
3418 600 3691 663 ἑκϐασιν,
3735 605 3825 655 καὶ

565 711 830 768 vatorem,
864 716 928 756 eo
969 700 1114 771 quod
1166 715 1272 754 non
1316 714 1384 753 ex
1428 698 1568 761 viro,
1605 697 1697 753 sed
1745 711 1776 752 e
1815 696 1929 752 sola
1962 694 2131 750 Maria

2243 693 2454 766 καρπὸν
2482 692 2688 756 κοιλίας
2717 690 2972 762 ὀνομάζει
3013 692 3106 745 τὸν
3137 692 3387 765 Σωτῆρα,
3414 691 3498 763 τῷ
3529 690 3611 763 μὴ
3643 691 3707 756 ἐξ
3734 692 3823 744 6v-

566 795 638 850 sit
671 812 685 848 :
720 794 814 863 qui
841 792 983 847 enim
1013 805 1044 846 e
1084 802 1369 860 parentum
1415 789 1716 845 seminibus
1749 788 2022 854 oriuntur,
2056 788 2129 842 illi

2245 786 2367 858 δρδς
2390 780 2549 851 εἶναι,
2576 782 2689 838 ἀλλ’
2719 782 2782 835 ὲκ
2815 782 2979 854 μόνης
3007 783 3105 854 τῆς
3131 783 3378 854 Μαρίας·
3403 784 3455 836 οἱ
3486 782 3602 852 γὰρ
3630 783 3696 834 ὲκ
3720 782 3825 835 τῶν

566 894 695 940 sunt
718 898 906 939 eorum
934 880 1166 937 fructus.

2247 877 2502 949 πατέρων
2541 874 2643 946 τὴν
2687 874 2894 947 σπορὰν
2936 874 3152 946 ἔχοντες
3196 873 3419 930 ἐκείνων
3450 873 3563 927 sict
3598 874 3822 944 καρποί.

1879 992 2082 1049 lbidem
2112 992 2274 1063 paulo
2309 1001 2450 1063 post.

632 1112 826 1168 Divina
855 1113 1019 1187 igitur
1051 1113 1387 1185 dispensatio
1424 1113 1652 1169 Mariam
1678 1114 1833 1170 duxit
1853 1115 1920 1170 ad
1950 1113 2130 1170 Elisa-

2307 1112 2441 1167 Θεία
2477 1113 2575 1183 μὲν
2607 1105 2700 1166 οὖν
2731 1110 3014 1181 οἰκονομία
3056 1111 3154 1183 τὴν
3192 1110 3411 1182 Μαρίαν
3451 1112 3634 1181 ἤγαγε
3688 1109 3823 1173 πρὸς

563 1207 712 1274 beth,
747 1216 809 1262 ut
852 1207 1225 1263 testimonium
1266 1205 1494 1263 Joannis
1523 1208 1686 1264 etiam
1712 1224 1778 1262 ex
1810 1219 1965 1263 utero
2003 1222 2129 1278 erga

2243 1204 2332 1276 τὴν
2389 1204 2690 1269 Ἐλισάϐετ,
2744 1205 2833 1257 ἵνα
2884 1205 2916 1273 ἡ
2971 1202 3244 1275 μαρτυρία
3301 1202 3552 1257 Ἰωάννου
3609 1203 3709 1254 καὶ¹
3761 1203 3823 1253 ὲκ

563 1299 851 1353 Dominum
907 1298 1245 1368 impleretur.
1297 1296 1786 1355 Essultavitenim
1834 1299 2036 1363 infans,
2078 1309 2132 1354 et

2246 1289 2456 1368 μήτρας
2483 1297 2563 1360 εἰς
2594 1296 2687 1349 τὸν
2716 1295 2918 1367 Κύριον
2949 1293 3228 1365 πληρωθῇ.
3270 1293 3597 1365 Ἐσκίρτησε
3626 1292 3740 1363 γὰρ
3766 1294 3826 1344 τὸ

563 1389 733 1444 veluti
761 1389 925 1460 erepit
965 1398 1167 1445 extunc
1199 1390 1517 1460 prophetam
1549 1392 1838 1447 ostendere
1865 1390 2131 1446 Joannem

2243 1391 2460 1463 βρέφος,
2491 1390 2585 1443 καὶ
2608 1388 2770 1442 οἱονεὶ
2791 1387 2993 1459 ἡρξατο
3020 1387 3206 1442 ἔκτοτε
3236 1389 3524 1458 προφήτην
3552 1388 3823 1441 δεικνύειν

562 1481 845 1538 Dominus.
903 1481 1106 1537 Habuit
1151 1492 1330 1539 autem
1373 1483 1537 1539 etiam
1587 1484 1689 1539 iter
1718 1481 1963 1553 Virginis
2005 1497 2133 1552 pro-

2245 1482 2327 1537 τὺν
2385 1480 2637 1551 Ἰωάννην
2685 1481 2713 1533 6
2762 1480 2985 1550 Κύριος.
3025 1474 3150 1549 Εἶχε
3194 1479 3250 1532 δὲ
3285 1479 3440 1549 καὶὴ
3492 1479 3696 1549 πορεία
3727 1480 3825 1548 τῆς

560 1572 736 1643 priam
766 1572 887 1643 ejus
913 1572 1269 1643 diligentiam.
1310 1572 1470 1630 Venit
1496 1574 1643 1629 enim
1673 1581 1735 1629 ut
1771 1571 2046 1628 Elisabeth
2078 1580 2134 1626 et

2248 1573 2512 1646 Παρθένου
2556 1572 2656 1644 τὴν
2703 1571 2906 1625 οἰκείαν
2964 1571 3134 1642 αὐτῆς
3180 1571 3435 1643 σπουδήν.
3478 1566 3663 1624 Ἦλθε
3716 1570 3828 1640 γὰρ

561 1665 867 1721 mirabilem
900 1664 1019 1734 eius
1046 1674 1365 1737 conceptum
1382 1664 1607 1733 videret,
1624 1665 1782 1735 eique
1809 1664 1966 1719 tidem
1990 1662 2134 1718 facc-

2250 1666 2483 1736 Βψομένη
2530 1664 2631 1735 τὴν
2686 1662 2987 1726 Ἐλισάόετ,
3017 1664 3112 1717 καὶ
3148 1662 3210 1715 τὸ
3242 1664 3301 1716 ὲν
3345 1663 3482 1735 αὐτῇ
3516 1661 3830 1734 παράδοξον

560 1764 645 1811 ret
672 1756 973 1812 secundum
1000 1757 1367 1829 evangelicam
1394 1771 1604 1822 vocem,
1628 1764 1688 1811 ut
1709 1771 1804 1827 per
1833 1755 1984 1810 illum
2008 1753 2140 1808 alter

2247 1757 2433 1828 κύημα
2479 1756 2574 1809 καὶ
2623 1755 2751 1810 ἰδεῖν
2802 1755 2896 1808 καὶ
2941 1753 3317 1808 πιστώσασθαι
3372 1754 3517 1808 κατὰ
3567 1756 3678 1824 τὴν
3728 1755 3827 1807 τοῦ

560 1847 756 1917 major,
788 1862 852 1903 ex
888 1849 1028 1918 ipsa,
1054 1849 1198 1917 dico,
1238 1847 1460 1921 Virgine
1492 1857 1683 1918 partus
1715 1848 1870 1903 ﬁdem
1906 1859 2134 1901 merere-

2248 1846 2567 1916 Εύαγγελίου
2605 1846 2809 1918 φωνὴν,
2844 1846 2932 1899 ἵνα
2962 1844 3049 1899 διὰ
3078 1844 3267 1899 τούτου
3298 1846 3395 1900 καὶ
3425 1846 3453 1898 6
3496 1843 3712 1916 μείζων
3740 1863 3828 1897 1::-

559 1946 669 1993 tur.
713 1936 780 1992 Et
819 1940 1097 1995 concurrit
1136 1940 1204 1995 ad
1252 1942 1414 1996 tidem
1464 1942 1607 1996 hanc
1646 1954 1825 1995 sermo
1857 1936 2132 1992 Elisabetb

2250 1939 2434 2011 στευθῇ
2456 1937 2694 2003 τοκετὸς,
2716 1939 2745 1990 6
2771 1936 2831 2002 ἐξ
2854 1937 3042 2008 αὐτῆς,
3066 1937 3228 2008 φημὶ,
3254 1936 3354 2007 τῆς
3384 1935 3693 2008 Παρθένου.
3720 1936 3830 1989 Καὶ

559 2030 791 2116 diceptis
818 2048 833 2085 :
863 2031 1032 2085 Beata
1070 2049 1186 2116 qius
1213 2033 1505 2099 credidisti,
1531 2034 1777 2103 quoniam
1801 2033 2137 2102 per/ieientur

2250 2027 2520 2099 συντρέχει
2553 2026 2689 2099 πρὸς
2721 2025 2821 2098 τὴν
2855 2025 3035 2080 πίστιν
3066 2026 3268 2098 ταύτην
3297 2028 3327 2079 6
3350 2025 3508 2095 λόγος
3533 2026 3641 2095 τῆς
3684 2025 3830 2078 Ἐλι-

559 2108 851 2190 ᾳυαίάὲοια
879 2130 1000 2177 sunt
1027 2108 1167 2177 tibia
1197 2123 1420 2178 Domino
1437 2124 1479 2176 ".
1508 2123 1888 2179 Conﬁrmatior
1907 2136 2037 2193 ergo
2069 2120 2138 2175 ad

2248 2120 2410 2176 σάϐετ
2434 2119 2728 2189 λεγούσηςο
2764 2118 2872 2173 Kal
2903 2119 3165 2187 μακαρία
3192 2119 3232 2187 ἠ
3276 2119 3694 2180 πιστεύσασα,
3741 2116 3828 2170 ὅτι

559 2210 829 2265 credenda
876 2211 966 2265 illa
1011 2226 1133 2281 quae
1174 2212 1419 2267 audierat
1467 2212 1536 2267 ab
1586 2212 1807 2282 angelo,
1861 2211 2005 2266 facta
2047 2220 2132 2267 est

2251 2211 2415 2266 ἔσται
2447 2211 2772 2286 ,τελείωσις
2812 2209 2939 2275 τοῖς
2977 2209 3411 2279 λελαλημένοις
3458 2209 3620 2278 αὐτῇ
3668 2208 3831 2275 παρὰ

560 2299 751 2368 Maria,
799 2302 957 2357 beata
988 2302 1134 2358 dicta
1168 2302 1215 2357 si
1252 2302 1530 2369 crederet;
1560 2303 1783 2373 angelus
1812 2303 1957 2357 enim
1990 2318 2134 2372 prae-

2251 2303 2485 2372 Κυρίου.
2532 2300 2862 2373 Βεόαιοτέρα
2908 2296 3003 2355 οὖν
3040 2301 3257 2370 ἐγένετο
3299 2299 3437 2373 πρὸς
3480 2301 3586 2371 τὴν
3639 2301 3831 2352 πίστιν

561 2392 867 2457 nuntiabat,
902 2402 957 2448 et
1004 2407 1127 2463 quae
1173 2394 1336 2449 simul
1382 2394 1605 2465 gravida
1655 2402 1774 2450 erat
1824 2392 2122 2462 Eltsabeth,

2250 2388 2315 2450 ὧν
2356 2396 2560 2467 ἤκουσε
2608 2393 2761 2465 παρὰ
2802 2392 2898 2447 τοῦ
2932 2393 3163 2463 ἀγγέλου
3196 2394 3232 2464 ἡ
3266 2393 3474 2465 Μαρία,
3512 2390 3830 2464 μακαριζο-

559 2483 760 2538 similia
798 2484 1146 2554 prmdicabat.

2248 2487 2404 2557 μένη,
2452 2487 2550 2541 ἐὰν
2607 2483 2894 2556 πιστεύσῃ,
2938 2484 3172 2553 ἀγγέλου
3219 2501 3279 2537 τε
3326 2483 3828 2555 προσημαίνοντος,

2236 2578 2458 2648 καὶτῆς
2497 2572 2807 2647 συγγενίδὸς
2842 2577 2910 2630 τὰ
2939 2575 3287 2647 παραπλήσια
3336 2573 3821 2647 προφητευούσης.

559 2690 704 2747 Idem
733 2698 870 2745 orat.
898 2705 995 2745 vm
1019 2691 1105 2756 εῚς
1138 2689 1494 2771 παραϐολὴν
1526 2690 1642 2771 ¹τοῦ
1669 2690 2039 2760 ἐμπεσόντος
2064 2690 2139 2771 ,είς

2237 2687 2605 2771 ῖὺςβῃσξάς,
2630 2689 2823 2771 idest,
2850 2686 2916 2771 In
2946 2667 3444 2759 parabolam'illius
3475 2691 3571 2761 qui
3622 2690 3817 2744 incidit

1434 2758 1492 2814 in
1519 2758 1769 2825 Intraues,
1808 2775 2000 2830 parum
2031 2759 2099 2814 ab
2139 2759 2295 2814 initio
2329 2761 2445 2815 hinc
2473 2758 2725 2831 Origenis
2756 2762 2908 2815 citat.

628 2876 913 2933 Manifeste
936 2877 990 2931 in
1016 2875 1102 2931 bis
1129 2875 1545 2932 commendatur
1569 2878 1660 2932 illa
1686 2891 1809 2947 quas
1832 2875 2130 2932 secundum

2311 2874 2506 2945 Σαφῶς
2535 2877 2594 2929 ὲν
2622 2874 2831 2940 τούτοις
2854 2877 3187 2949 παρίσταται
3217 2879 3251 2949 ἡ
3280 2876 3416 2932 κατὰ
3436 2877 3530 2931 τδν
3562 2877 3833 2951 δημιουρ⁶

557 2971 900 3027 conditorem
929 2968 1117 3023 mundi
1148 2966 1339 3037 Deum,
1370 2978 1425 3025 et
1455 2970 1611 3040 juxta
1642 2984 1737 3025 eas
1767 2982 1888 3038 quae
1913 2967 1981 3021 ab
2012 2967 2131 3037 ipso

2244 2968 2332 3037 γον
2364 2968 2457 3022 τοῦ
2490 2969 2697 3040 κόσμου
2725 2969 2858 3022 Θεὸν
2890 2969 2985 3023 καὶ
3014 2968 3113 3034 τὰς
3143 2970 3237 3023 ἀπ’
3264 2969 3429 3023 αὑτοῦ
3459 2970 3696 3043 Γραφὰς
3729 2987 3824 3039 κτι-

558 3071 689 3118 sunt
732 3060 1065 3131 Scripturas,
1086 3052 1447 3131 praedicatur,
1474 3062 1586 3117 vita
1632 3070 1857 3128 aeterna,
1887 3076 2051 3133 quam
2077 3069 2135 3116 et

2237 3058 2541 3131 ρυσσομένη
2573 3057 2685 3129 ζωὴ
2708 3058 2942 3124 αίώνιος,
2964 3059 3030 3129 ἣν
3050 3060 3145 3113 καὶ
3162 3061 3191 3112 6
3213 3059 3402 3131 Σωτὴρ
3426 3059 3817 3127 καταγγέλλει.

560 3153 810 3209 Salvator
859 3151 1167 3206 annuntiat.
1205 3150 1635 3222 lnterrogantem
1681 3167 1811 3223 ergo
1856 3152 2133 3224 legisperi-

2249 3152 2545 3224 Πυθομένου
2571 3147 2665 3206 οὖν
2695 3151 2787 3206 τοῦ
2818 3152 3042 3224 νομικοῢ
3066 3170 3084 3188 ·
3121 3153 3183 3208 Τί
3217 3152 3477 3221 ποιήσας
3509 3151 3668 3219 ζωὴν
3686 3150 3829 3206 alib-

556 3259 675 3299 tum
721 3262 735 3298 :
780 3242 922 3308 Quid
970 3242 1214 3312 faciendo
1263 3245 1428 3297 vitam
1480 3252 1733 3298 cateruam
1780 3243 2053 3313 possidebo
2080 3243 2136 3297 "t

2300 3261 2369 3298 ον
2409 3243 2883 3314 κληρονομήσω;
2914 3245 3007 3298 ἐπὶ
3049 3244 3140 3299 τὸν
3178 3244 3341 3316 νόμον
3375 3241 3723 3312 ἀναπέμπει,
3760 3243 3827 3295 ἰν*
3860 3224 3880 3239 ’

558 3334 629 3390 ad
664 3335 837 3404 legem
863 3335 1094 3389 remittit
1122 3343 1181 3389 ut
1203 3334 1329 3390 inde
1354 3333 1572 3405 colligat
1598 3335 1850 3389 mandata
1877 3349 2001 3404 quas
2024 3335 2138 3390 illo-

2249 3334 2448 3388 ἐκεῖθεν
2463 3333 2671 3408 συνάγῃ
2686 3334 2909 3400 ἐντολὰς
2930 3335 3030 3400 τὰς
3050 3334 3428 3407 προσαγούσας
3448 3334 3544 3388 τὸν
3558 3332 3829 3388 ποιοῦντα

558 3439 681 3478 rum
731 3423 995 3478 factorem
1041 3424 1107 3479 ad
1144 3424 1313 3478 vitam
1346 3433 1608 3479 aeternam
1652 3425 1879 3481 ducunt.
1914 3425 1976 3480 Ei
2008 3442 2137 3497 ergo

2248 3425 2405 3491 κύτὰς
2434 3429 2501 3499 τῇ
2534 3426 2740 3498 αἰωνίῳ
2773 3426 2907 3499 ζωῇ.
2941 3429 3227 3499 Μαρτυρεί
3267 3425 3396 3495 γοῦν
3443 3426 3525 3497 τῷ
3571 3426 3828 3497 είληςότι

559 3514 653 3585 qui
683 3530 713 3569 e
748 3514 1171 3571 Deuteronomio
1200 3516 1306 3571 hoc
1346 3515 1718 3572 testimonium
1748 3517 1959 3588 accepit
1988 3536 2001 3571 :
2038 3517 2134 3572 Di-

2248 3516 2348 3570 ὶπὸ
2380 3518 2477 3588 μὲν
2508 3517 2603 3571 τοῦ
2630 3518 3050 3590 Δευτερονομίου
3081 3503 3163 3585 τὸ,
3213 3518 3563 3587 Ἀγαπήσεις
3600 3518 3828 3586 Κύριον

559 3609 689 3678 ttges
726 3606 1011 3661 Dominum
1055 3606 1226 3663 Deum
1257 3618 1403 3663 tuum
1432 3609 1453 3640 ⁹
1481 3624 1497 3674 ;
1536 3616 1588 3663 et
1616 3622 1647 3663 e
1677 3606 1919 3664 Levitico
1950 3609 2080 3664 illud
2117 3626 2134 3665 :

2248 3606 2345 3661 τὸν
2375 3608 2524 3663 Θεόν
2554 3625 2672 3664 σου
2691 3626 2707 3641 σ
2736 3609 2847 3663 ἀπὸ
2869 3608 2926 3663 δὲ
2957 3607 3051 3663 τοῦ
3085 3607 3364 3663 Λευῖτικοῦ
3392 3609 3475 3673 τὸ,
3524 3610 3641 3663 Τὸν
3665 3612 3828 3676 πλη-

561 3699 877 3755 Proximum
925 3707 1071 3753 tuum
1120 3701 1256 3754 sicut
1297 3701 1519 3771 teipsum
1569 3700 1634 3767 η,
1686 3700 2006 3756 testlﬁcatur
2047 3701 2134 3757 di-

2243 3699 2374 3754 σίον
2391 3714 2508 3755 σου
2530 3700 2611 3767 ὡς
2633 3700 2913 3766 σεαυτὸν,
2941 3698 3149 3769 Ὀρθῶς
3166 3700 3509 3769 ἀπεκρίθης,
3525 3700 3625 3753 καὶ
3648 3717 3823 3771 προσ-

561 3801 728 3842 cens:
757 3784 909 3840 Recte
935 3788 1275 3856 respondisti,
1294 3800 1347 3844 et
1372 3788 1552 3844 addit:
1582 3787 1698 3842 Hoc
1727 3789 1833 3859 fac,
1852 3801 1900 3845 et
1923 3792 2133 3859 vives“,

2242 3790 2454 3862 τίθησιο
2499 3790 2678 3845 Τοῦτο
2702 3792 2878 3855 ποίει,
2913 3791 3013 3845 καὶ
3046 3788 3218 3859 ζήσῃ,
3256 3789 3499 3861 δηλονότι
3541 3791 3649 3861 τὴν
3674 3789 3822 3862 ζωὴν

559 3875 813 3931 videlicet
833 3875 1000 3930 vitam
1029 3885 1314 3945 aeternam,
1342 3877 1410 3933 de
1432 3894 1541 3949 qua
1568 3878 1658 3934 ille
1686 3878 2134 3953 interrogaverat,

2244 3879 2337 3951 τὴν
2357 3878 2594 3944 αίώνιον,
2622 3880 2750 3951 περὶ
2779 3874 2847 3951 ἦς
2872 3879 3123 3944 κάκεῖνός
3148 3895 3210 3932 τε
3240 3878 3494 3944 ἐπύθετο,
3525 3880 3628 3933 καὶ
3653 3882 3685 3933 6
3704 3880 3824 3932 Σω-

560 3967 724 4039 981
757 3975 812 4021 et
845 3964 1097 4023 Salvator
1127 3969 1307 4025 docet.
1341 3967 1469 4025 Haec
1494 3978 1676 4025 autem
1704 3970 1847 4027 dicta
1877 3982 2006 4030 sunt
2034 3973 2136 4028 ad-

2242 3968 2339 4041 τὴρ
2372 3968 2632 4026 διδάσκει.
2663 3969 2848 4024 Ταῦτα
2888 3970 2945 4024 δὲ
2977 3969 3191 4042 εἴρηται
3222 3969 3359 4041 πρὸς
3383 3970 3515 4037 τοὺς
3532 3970 3648 4023 ἀπὸ
3675 3971 3822 4025 Οὐα-

560 4074 755 4115 versus
776 4058 1074 4129 Valentini,
1125 4061 1381 4123 Basilidis
1426 4074 1589 4138 atque
1638 4064 1930 4122 Marcionis
1961 4073 2132 4122 secta-

2238 4059 2493 4124 λεντίνου,
2540 4060 2634 4114 καὶ
2684 4061 2984 4127 Βασιλίδου,
3030 4061 3127 4116 καὶ
3159 4062 3284 4125 τοὺς
3312 4060 3420 4115 ἀπὺ
3461 4061 3818 4132 Μαρκίωνος.

560 4163 730 4207 tores.
764 4149 978 4208 Habent
1023 4152 1171 4208 enim
1222 4161 1276 4209 et
1321 4153 1424 4227 ipsi
1474 4155 1641 4211 verba
1678 4156 1733 4211 in
1760 4172 1861 4213 suo
1893 4157 2134 4229 ipsorum

2245 4152 2466 4223 Ἔχουσι
2497 4152 2609 4224 γὰρ
2633 4153 2727 4207 καὶ
2751 4153 2905 4207 αὐτοὶ
2925 4153 3023 4217 τὰς
3044 4152 3216 4218 λέξεις
3246 4154 3304 4206 ὲν
3327 4150 3407 4223 τῷ
3434 4151 3559 4205 καθ’
3584 4152 3825 4215 ἑαυτοὺς

564 4240 878 4313 Evangelio,
935 4251 991 4298 et
1039 4242 1284 4300 dicemus
1310 4245 1377 4300 ad
1402 4259 1497 4301 eos
1531 4264 1544 4300 :
1598 4244 1702 4314 Qui
1757 4257 2086 4319 praeceptum
2118 4266 2134 4303 :

2241 4240 2566 4315 Εὑαγγελίῳι
2600 4245 2695 4298 καὶ
2723 4245 2968 4317 φήσομεν
3002 4244 3138 4316 πρὸς
3164 4243 3393 4308 αὐτούς·
3436 4244 3496 4297 Ὀ
3529 4245 3821 4316 μαρτυρή·

559 4332 762 4406 Diliges
792 4332 1077 4388 Dominum
1100 4333 1262 4389 Deum
1286 4345 1435 4391 tuum
1466 4338 1531 4404 ¹²,
1559 4352 1589 4393 e
1622 4336 1738 4410 lege
1760 4338 2007 4405 citatum,
2037 4354 2137 4395 nec

2243 4350 2340 4400 σας
2360 4325 2457 4406 τῷ,
2489 4335 2571 4389 ὅτι
2606 4334 2952 4406 Ἀγαπήσεις
2982 4336 3201 4404 Κύριον
3226 4333 3335 4388 τόν
3366 4334 3517 4387 Oscit-
3547 4347 3692 4397 σου,
3715 4333 3823 4405 τὴν

563 4422 632 4477 ab
665 4422 774 4476 alio
806 4438 970 4493 quam
1000 4424 1069 4480 al)
1092 4424 1297 4498 Opiﬁce
1324 4426 1509 4482 datum
1548 4425 1752 4490 laudat,
1777 4435 1831 4481 et
1851 4435 2133 4501 propterea

2240 4424 2459 4495 ἐντολὴν
2484 4426 2591 4479 ἀπὸ
2628 4426 2812 4496 Νόμου
2839 4425 3103 4498 είρηκότι,
3133 4427 3195 4479 ού
3230 4424 3381 4496 παρά
3410 4442 3559 4489 τινος
3588 4423 3756 4479 ἀλλον
3784 4425 3820 4497 ἢ

560 4514 693 4569 dicit
726 4532 742 4593 ξ
783 4513 932 4570 Recte
952 4516 1272 4587 respondisti
1306 4518 1371 4582 ¹³,
1403 4518 1532 4589 quid
1580 4519 1726 4573 aliud
1779 4535 1880 4574 nos
1913 4520 2028 4574 vult
2050 4519 2133 4574 fa-

2241 4517 2333 4571 τοῦ
2376 4517 2709 4590 δημιουργοῦ
2751 4519 3067 4592 εἰρημένην,
3114 4519 3208 4573 καὶ
3250 4522 3431 4592 φήσας
3470 4519 3565 4571 ἐπὶ
3596 4518 3821 4581 τούτοις

559 4619 684 4659 cere
712 4612 771 4658 ut
798 4604 1045 4661 vivamus
1081 4606 1247 4663 vitam
1300 4616 1582 4674 aeternam,
1613 4623 1777 4679 quam
1812 4617 1925 4664 toto
1973 4610 2136 4665 corde

2240 4605 2429 4677 αὐτῷ,
2461 4607 2669 4675 Ὀρθῶς
2712 4609 3057 4676 ἀπεκρίθης,
3104 4608 3158 4661 τί
3194 4606 3322 4661 ἄλλο
3369 4606 3620 4677 βούλεται
3667 4610 3819 4679 ἡμᾶς

562 4693 731 4749 Deum
766 4696 991 4766 diligere
1022 4697 1112 4766 qui
1142 4697 1196 4751 in
1229 4697 1344 4769 lege
1393 4710 1448 4755 et
1475 4700 1755 4772 prephetis
1776 4701 2136 4770 praedicatur?

2241 4698 2500 4770 πράττειν
2532 4698 2674 4770 ὑπὲρ
2697 4699 2788 4753 τοῦ
2824 4698 2985 4771 ζῆσαι
3010 4698 3109 4771 τὴν
3145 4699 3359 4754 αίὼνιον
3396 4698 3563 4770 ζωὴν,
3598 4699 3634 4770 ἢ
3676 4700 3817 4768 ἀγα-

562 4783 814 4841 Salvator
878 4787 1042 4858 igitur
1093 4788 1161 4843 de
1193 4789 1408 4845 duobus
1475 4792 1746 4846 mandatis
1807 4793 2133 4847 sententiam

2240 4793 2349 4863 πᾷν
2386 4792 2477 4846 τὸν
2521 4793 2673 4857 Θεὸν,
2710 4793 2802 4847 τὸν
2848 4795 2906 4847 ὲν
2947 4793 3096 4864 νόμῳ
3127 4794 3222 4846 καὶ
3256 4793 3583 4863 προφήταις,
3626 4792 3691 4843 ἑν
3720 4792 3818 4862 ὅλῃ

560 4891 716 4932 suam
752 4877 1048 4936 declaravit
1078 4878 1265 4936 dicens
1299 4900 1312 4937 :
1366 4880 1437 4936 Et
1468 4896 1533 4937 ea:
1564 4882 1642 4936 his
1703 4883 1942 4937 universa
1969 4882 2054 4938 lex
2083 4892 2132 4938 et

2241 4884 2473 4957 καρδίᾳ;
2514 4885 2576 4939 ’0
2607 4885 2798 4956 Σωτὴρ
2828 4885 2888 4939 δὲ
2914 4883 3043 4954 γοῦν
3070 4884 3384 4956 ἀπεφήνατο
3412 4883 3546 4953 περὶ
3575 4881 3690 4937 τῶν
3724 4881 3821 4935 δύο

557 4968 827 5039 prophetae
851 4970 1076 5041 pendent
1110 4970 1173 5026 ³⁸.

2237 4975 2461 5029 ἐντολῶν
2505 4976 2676 5047 λέγων
2695 4993 2708 5009 ο
2745 4976 2854 5032 Καὶ
2894 4976 2966 5029 ἐν
2998 4975 3207 5041 αὐτοῖς
3242 4975 3387 5041 ὅλος
3426 4977 3461 5028 ὁ
3491 4975 3687 5043 νόμος
3716 4973 3817 5028 καί

2231 5070 2286 5121 ol
2316 5067 2615 5138 προφῆται
2653 5068 2990 5140 κρέμανται.

557 5167 703 5226 Idem
731 5178 871 5227 orat.
905 5186 960 5240 ι,
1001 5172 1089 5237 είς
1112 5169 1465 5240 παραϐολὴν
1488 5169 1606 5225 τῶν
1637 5170 2026 5249 καλουμένων
2053 5173 2137 5249 ἐη

2250 5177 2502 5245 δείπνῳ,
2532 5181 2585 5236 id
2614 5191 2718 5249 est,
2752 5180 2814 5236 In
2856 5179 3163 5249 parabolam
3191 5178 3361 5232 vocati
3395 5175 3467 5230 ad
3498 5181 3812 5243 prandium.

1775 5243 2057 5310 sequentia
2104 5240 2352 5318 Origenis
2391 5240 2594 5306 laudat.

631 5332 962 5405 Simpliciter
988 5333 1164 5390 tribus
1214 5333 1392 5389 modis
1422 5333 1643 5404 quidam
1675 5334 1935 5390 excidunt
1966 5349 2133 5390 voca-

2323 5340 2533 5406 Ἀπλῶς
2561 5343 2620 5396 δὲ
2659 5343 2807 5414 τρισὶ
2852 5343 3073 5416 τρόποις
3128 5339 3495 5394 ἁποπίπτουσί
3529 5355 3683 5402 τινες
3712 5339 3811 5409 τῆς

560 5420 752 5477 tione:
811 5424 1072 5479 nimirum
1119 5423 1403 5493 phantasia
1449 5424 1763 5496 dogmatum
1819 5424 2129 5492 meliorum,

2239 5429 2501 5501 κλήσεως*
2549 5431 2819 5502 φαντασίᾳ
2868 5431 3152 5501 δογμάτων
3206 5428 3532 5500 κρειττόνων
3555 5469 3570 5493 ,
3631 5427 3809 5493 διώξει

558 5515 855 5571 sectatione
910 5516 1268 5584 sensibilium,
1314 5525 1370 5573 et
1419 5519 1711 5590 voluptatis
1766 5534 1974 5575 amore.
2024 5520 2127 5590 Qui

2235 5522 2529 5594 αἰσθητῶν,
2565 5525 2658 5577 καὶ
2681 5502 2980 5595 φιληδονία.
3014 5525 3077 5575 Οἱ
3119 5520 3217 5594 μὲν
3262 5520 3372 5592 γὰρ
3402 5519 3574 5591 ἀγρὸν
3606 5521 3809 5592 ἀγορά-

492 5605 703 5706 ἱξειιίιη
729 5620 921 5678 agrum
941 5619 1213 5673 emerunt,
1242 5609 1319 5665 illi
1353 5619 1480 5666 sunt
1502 5614 1595 5683 qui
1636 5623 1689 5668 et
1715 5613 2004 5681 prandium
2040 5629 2072 5667 r4

2233 5628 2423 5679 σαντες
2476 5613 2613 5668 είσὶν
2655 5614 2704 5667 οἳ
2763 5616 2855 5668 καὶ
2922 5611 3313 5684 παραιτοῦνται
3366 5610 3428 5663 τὸ
3476 5610 3718 5673 δεῖπνον,
3761 5611 3806 5662 οἱ

626 5718 812 5799 "__Luc.
849 5739 888 5788 ι.
1037 5725 1105 5799 ﬂ"
1133 5725 1265 5785 Luc.
1308 5745 1362 5796 s,
1396 5727 1485 5783 25.
1561 5730 1582 5761 ’
1612 5727 1769 5786 Deut.
1803 5745 1875 5799 vr,
1910 5730 1963 5785 5.
2049 5730 2092 5762 ¹⁶
2111 5726 2206 5784 [ιιιι

2222 5748 2246 5785 :.
2289 5746 2345 5797 Χ,
2394 5729 2483 5785 27.
2575 5733 2616 5764 ⁸⁸
2663 5730 2794 5788 ibid.
2845 5730 2936 5788 28.
3016 5731 3059 5761 ¹¹
3093 5728 3224 5785 ibid.
3260 5727 3349 5782 27.
3430 5727 3476 5760 ¹³
3527 5725 3660 5782 ibid.
3712 5724 3802 5781 ΞΒ.

560 5789 605 5823 ⁸⁵
635 5790 824 5849 Matth.
854 5809 990 5860 xm,
1023 5794 1114 5850 ιο.
1347 5789 1359 5796 ’
1862 5789 1873 5799 ’

1347 5789 1359 5796 -
1862 5789 1873 5799 1
2330 5789 2343 5797 1
