4002 6570
263 489 400 547 1993

1493 480 1919 538 FRAGMENTA
1955 479 2022 536 IN
2062 480 2303 538 LUCAM

3394 483 3533 538 1906

258 601 663 674 παραλαϐόντες
692 599 935 672 δόγματα
972 599 1139 671 ἕτερα
1188 599 1288 670 τῆς
1319 597 1592 670 θεότητος,
1638 597 1836 666 πολλὴν

1942 605 2137 652 cusant
2167 596 2402 666 receptis
2426 596 2773 668 dogmatibus
2795 612 2824 653 a
2870 598 3154 654 divinitate
3194 597 3408 662 alienis,
3439 613 3537 652 nec

256 697 451 765 ἔχοντα
480 693 812 764 πιθανότητα
844 693 936 746 καὶ
995 690 1268 745 ποικιλίαν
1301 690 1393 743 τοῦ
1437 691 1612 759 λόγοιν
1651 690 1698 743 οἳ
1749 691 1842 744 καὶ

258 783 661 856 καταφρονοῦσι
695 782 790 836 τοῦ
819 781 1016 855 ἀγροῦ,
1064 781 1160 835 τοῦ
1202 781 1413 852 ἔχοντος
1463 781 1521 833 ὲν
1547 779 1724 850 ἑαυτῷ
1748 778 1844 849 θη-

260 875 463 946 σαυρὸν
509 875 604 929 καὶ
631 874 908 946 δυνάμεις.
957 875 1016 926 Ὀ
1045 869 1137 928 οῦν
1165 872 1239 944 μὴ
1287 871 1431 936 ἰδὼν,
1461 871 1596 943 μηδὲ
1618 869 1844 941 δοκιμά-

258 983 359 1029 σας
386 966 442 1020 ὃν
469 966 668 1018 ἐκτᾶτο
695 964 872 1035 λόγον,
903 965 992 1018 διὰ
1011 965 1072 1018 τὸ
1095 962 1458 1035 προειλῆφθαι
1483 960 1542 1027 ἐξ
1575 961 1843 1030 ἀνάγκης,

257 1060 355 1113 καὶ
382 1059 482 1129 οὐχ
508 1057 792 1122 ἑκουσίως,
823 1057 1107 1128 ἐξέρχεται
1143 1059 1207 1110 ὲκ
1251 1055 1345 1108 τοῦ
1393 1055 1632 1118 δείπνου,
1655 1053 1750 1106 καῖ⁹
1779 1053 1844 1104 ὲκ

253 1149 352 1205 τοῦ
383 1151 730 1222 κεκληκότος,
765 1149 907 1221 τάχα
939 1150 997 1203 δὲ
1027 1149 1122 1203 καὶ
1154 1147 1370 1202 ἑαυτοῦ·
1422 1149 1450 1200 6
1499 1147 1579 1212 δὲ,
1625 1142 1844 1213 Ἐρωτῶ

257 1258 354 1308 σε,
388 1243 574 1313 φησὶν,
596 1242 671 1306 ὡς
692 1241 838 1312 λόγῳ
869 1242 1020 1313 μόνῳ
1046 1239 1370 1310 αἰδούμενος
1393 1238 1484 1292 τὸν
1517 1235 1840 1307 κεκληκότα.

270 1335 328 1389 Ὀ
359 1335 415 1388 δὲ
447 1333 615 1406 ζεύγη
657 1334 798 1404 βοῶν
821 1333 1100 1405 ἀγοράσας
1127 1331 1311 1396 πέντε,
1339 1325 1491 1393 οὗτός
1520 1332 1666 1382 ἐστιν
1687 1330 1715 1382 6
1745 1326 1844 1396 τῆς

257 1429 455 1500 νοητῆς
484 1427 840 1500 καταφρονῶν
865 1426 1082 1496 φύσεως
1102 1443 1115 1457 ·
1164 1426 1292 1496 περὶ
1323 1425 1380 1480 δὲ
1432 1421 1667 1493 αἰσθητὰ
1697 1420 1844 1490 φιλο-

257 1519 452 1590 χωρῶν
481 1518 589 1572 οὐδ’
621 1512 776 1582 οὗτος
809 1518 1134 1588 ἐδοκίμασεν
1187 1515 1248 1580 ἐξ
1278 1513 1452 1586 ἀρχῆς
1501 1512 1536 1567 ἃ
1588 1511 1840 1582 ἐώνηται.

261 1612 324 1664 Εἰ
357 1606 450 1665 οὖν
481 1612 510 1664 6
533 1609 626 1664 δύο
661 1609 896 1680 ἀριθμὸς
925 1609 1016 1661 ἐπὶ
1069 1607 1201 1678 ὕλης
1231 1607 1492 1660 τάσσεται
1527 1604 1621 1658 καὶ
1645 1603 1842 1666 εἴδους,

259 1691 414 1762 οὗτος
439 1698 507 1752 τά
523 1698 684 1752 oms
711 1697 889 1768 ἐτίμα·
914 1697 995 1751 διὸ
1019 1697 1116 1751 καὶ
1143 1692 1298 1760 οὗτος
1321 1696 1382 1750 τὸ
1413 1695 1602 1766 νοητὸν
1629 1694 1843 1748 δεῖπνον

261 1789 594 1861 παρῄτηται·
626 1789 750 1843 ὅθεν
771 1791 864 1842 καὶ
895 1789 952 1842 ἐν
977 1805 1140 1853 τισιν,
1178 1789 1300 1843 ἀντὶ
1340 1787 1457 1851 τοῦ,
1495 1787 1722 1856 Ἐρωτῶ
1747 1802 1841 1850 σε,

261 1883 371 1937 Καὶ
395 1883 492 1938 διὰ
529 1883 705 1938 τοῦτο
733 1887 806 1938 οὐ
850 1883 1106 1954 δύναμαι
1131 1883 1350 1947 ἐλθεῖν,
1391 1886 1588 1938 κεῖται·
1638 1885 1688 1936 οἱ
1734 1883 1843 1955 γὰρ

1943 703 2052 742 non
2085 689 2466 758 probabilitate
2495 699 2549 743 et
2578 692 2850 746 sermonis
2874 693 3138 748 varietate
3171 691 3418 758 ornatis;
3442 694 3536 761 qui

1944 785 2108 840 etiam
2138 792 2498 840 contemnunt
2533 800 2725 854 agrum
2783 785 2876 854 qui
2913 785 3074 840 habet
3118 787 3174 840 in
3229 800 3287 840 se
3315 785 3537 840 thesau-

1944 893 2068 933 rum
2096 886 2152 933 et
2181 877 2428 932 virtutes.
2456 877 2562 944 Qui
2619 877 2786 947 igitur
2837 893 2946 932 non
2994 879 3126 933 vidit
3161 894 3261 934 nec
3286 876 3538 947 probavit

1947 984 2110 1039 quem
2143 968 2436 1040 acquisivit
2466 985 2804 1034 sermonem,
2841 985 2909 1024 eo
2936 971 3082 1039 quod
3120 975 3536 1040 praeoccupatus

1946 1063 2018 1119 sit
2048 1062 2396 1127 necessitate,
2426 1071 2480 1117 et
2530 1078 2638 1116 non
2690 1063 2880 1128 libere,
2929 1063 3042 1116 exit
3071 1078 3102 1116 a
3137 1061 3390 1132 prandio,
3417 1070 3471 1116 et
3503 1075 3534 1113 a

1945 1163 2176 1209 vocante
2197 1151 2470 1219 fortassis,
2502 1164 2556 1208 ct
2587 1169 2619 1208 a
2671 1155 2873 1225 scipso.
2913 1154 3091 1221 Alius,
3123 1153 3348 1211 Obsecro
3381 1161 3431 1206 te
3464 1152 3532 1214 ‘5,

1946 1245 2143 1315 inquit,
2180 1253 2440 1316 tanquam
2472 1246 2638 1300 verbo
2672 1247 2792 1302 solo
2846 1247 3114 1301 reveritus
3159 1262 3284 1302 cum
3313 1245 3407 1315 qui
3437 1258 3535 1296 vo-

1945 1345 2182 1391 caverat.
2212 1337 2314 1403 Qui
2347 1345 2526 1391 autem
2577 1335 2709 1407 juga
2763 1337 2929 1392 boum
2958 1339 3202 1408 quinque
3257 1339 3411 1402 emit,
3442 1336 3532 1392 hic

1945 1427 2141 1496 estqui
2163 1427 2462 1497 spiritalem
2492 1428 2892 1500 intelligibilem
2920 1430 3224 1484 contemnit
3251 1441 3526 1483 naturam:

1945 1520 2038 1590 qui
2070 1535 2199 1575 vero
2256 1519 2310 1574 in
2369 1521 2534 1576 rebus
2585 1520 2941 1576 scnsibilibus
2989 1521 3220 1575 libi-nter
3253 1530 3525 1582 versatus,

1945 1627 2124 1681 neque
2153 1611 2240 1667 hic
2274 1612 2342 1666 ab
2394 1612 2552 1667 initio
2601 1613 2851 1682 probavit
2899 1628 3021 1682 qua:
3070 1614 3221 1667 emit.
3276 1611 3332 1666 Si
3365 1614 3530 1684 igitur

1947 1719 2208 1759 numerus
2235 1704 2344 1759 duo
2374 1704 2441 1759 de
2471 1703 2697 1759 materia
2744 1714 2799 1759 et
2853 1705 2920 1760 de
2967 1705 3146 1774 specie
3181 1706 3525 1774 praedicatur,

1948 1795 2037 1851 hic
2070 1796 2374 1850 materialia
2425 1796 2581 1850 multi
2634 1795 2904 1851 faciebat:
2962 1797 3318 1867 quamobrem
3353 1805 3406 1851 et
3438 1796 3528 1851 hic

1950 1888 2316 1944 intellectuale
2348 1889 2638 1958 prandium
2676 1889 2950 1944 recusavit
2987 1906 3000 1942 :
3035 1889 3178 1944 unde
3210 1898 3262 1943 et
3303 1889 3356 1942 in
3404 1889 3528 1958 qui-

187 2050 198 2057 .
257 1974 494 2046 ὁρῶντες
522 1975 588 2030 τά
627 1975 861 2046 αἰσθητα
891 1953 1021 2046 φασί
1047 1976 1122 2048 μὴ
1151 1975 1409 2029 δύνασθαι
1433 1974 1723 2047 ἀσώματον
1745 1953 1838 2030 κα.-

1945 1978 2176 2034 busdam
2211 1980 2614 2050 exemplaribus
2644 1995 2744 2050 pro
2793 1981 2880 2036 his
2907 1980 3088 2037 verbis
3126 1999 3138 2034 :
3194 1980 3340 2050 Rogo
3372 1991 3419 2034 te
3453 1981 3518 2043 ”,

257 2066 528 2121 ταλαὸεἴν·
557 2070 585 2122 6
604 2068 661 2122 δὲ
687 2069 871 2140 ἕτερός
890 2071 1036 2122 ἐστιν
1057 2069 1086 2121 6
1108 2067 1294 2122 εἰπών·
1323 2067 1593 2122 Γυναῖκα
1628 2068 1835 2138 ἔγημα.

269 2159 328 2210 '0
361 2159 532 2214 δοκῶν
561 2160 858 2230 εὑρηκέναι
892 2161 1108 2230 σοφίαν,
1147 2161 1242 2214 καὶ
1275 2160 1448 2232 ταύτῃ
1482 2161 1836 2230 κοινωνήσας,

258 2249 352 2302 καὶ
377 2238 812 2324 παραιτούμενος
840 2254 939 2322 τὴν
968 2251 1164 2323 ἀληθῆ·
1193 2252 1226 2323 ἢ
1254 2253 1282 2304 6
1312 2255 1380 2323 τῇ
1418 2253 1582 2322 σαρκὶ
1611 2251 1731 2305 ένού
1742 2269 1839 2323 με-

257 2359 382 2406 νος,
439 2344 720 2416 φιλήδονος
759 2343 958 2415 μᾶλλον
997 2345 1030 2414 ἢ
1061 2344 1328 2412 φιλόθεος.
1364 2345 1438 2397 Τὸ
1473 2344 1571 2415 μὲν
1605 2339 1696 2397 οὖν
1725 2344 1841 2398 ὁλο-

258 2434 448 2506 σχερὲς
472 2436 570 2506 τῆς
597 2435 914 2508 παραϐολῆς
943 2434 1135 2499 οὕτως.
1190 2435 1473 2499 Ἐκλάϐοις
1507 2436 1562 2490 δὲ
1619 2436 1716 2489 καὶ
1743 2436 1838 2490 άλ-

255 2524 362 2588 λως
395 2527 537 2580 κατὰ
567 2526 659 2580 τὸν
683 2526 1029 2582 τόπον.”Οσον
1078 2525 1355 2597 ἄνθρωποί
1397 2527 1586 2598 ἐσμεν,
1619 2526 1714 2579 καὶ
1749 2525 1840 2580 τὸν

257 2614 488 2670 πλοῦτον
511 2616 613 2686 τῆς
645 2616 740 2669 τοῦ
773 2615 907 2670 Θεοῦ
943 2615 1311 2687 χρηστότητος
1342 2617 1405 2669 οὐ
1455 2616 1723 2687 συμφέρει
1757 2632 1841 2683 γι-

255 2706 484 2761 νώσκειν
515 2709 666 2780 ἡμῖν,
705 2707 922 2779 άληθῶς
952 2710 981 2761 6
1022 2709 1153 2775 Θεὸς
1211 2707 1484 2780 ἀνθρώπῳ
1529 2706 1834 2778 ὁμοιοῦται,

256 2799 323 2852 ἵν’
350 2799 425 2864 ὡς
464 2800 746 2872 ἄνθρωπος
770 2799 1085 2872 ἀνθρώποις
1143 2800 1373 2874 λαλήσῃ,
1404 2803 1518 2864 τοῖς
1570 2797 1838 2870 χωροῦσιν

253 2891 671 2964 οἰκονομηθῆναι
712 2893 817 2946 ὑπὸ
851 2892 942 2946 τοῦ
977 2891 1136 2956 Θεοῦ,
1191 2893 1367 2962 πάντη
1404 2892 1654 2963 μένοντος
1677 2889 1833 2944 Θεοῦ.

256 2983 366 3038 Καὶ
398 2983 517 3036 τότε
545 2984 814 3038 παύσεται
839 2987 1194 3058 ὁμοιούμενος
1221 2983 1512 3054 ἀνθρώπῳ,
1547 2983 1674 3036 ὅταν
1701 2981 1838 3035 παύ-

256 3075 481 3145 σάμενοι
509 3075 703 3148 ἔριδος,
745 3077 929 3148 ζήλου,
963 3079 1056 3132 καὶ
1085 3076 1194 3131 τῶν
1242 3075 1442 3129 λοιπῶν
1476 3074 1682 3139 κακῶν,
1743 3073 1837 3127 καὶ

252 3165 348 3218 τοῦ
382 3167 524 3219 κατὰ
565 3166 851 3239 ἄνθρωπον
881 3172 1225 3240 περιπατεῖν,
1259 3165 1578 3236 ἀξιωθῶμεν
1606 3164 1836 3218 ἀκοῦσαι

253 3256 362 3309 ἀπὸ
384 3257 477 3311 τοῦ
506 3256 663 3311 Θεοῦο
710 3259 853 3329 Ἐγὼ
880 3257 1037 3315 εἶπα·
1071 3261 1204 3314 Θεοί
1226 3260 1387 3322 ἐστε,
1411 3258 1509 3312 καὶ
1535 3259 1646 3312 υἱοὶ
1677 3257 1839 3326 ’Υψί-

252 3363 406 3403 στου
435 3348 675 3415 πάντες.
701 3350 1048 3405 Πεπαύσεται
1073 3351 1131 3404 δὲ
1157 3351 1251 3404 καὶ
1282 3348 1426 3406 ἄλλα,
1448 3348 1617 3402 πολλά
1641 3346 1834 3402 καλού-

258 3458 437 3511 μενος,
470 3435 544 3495 ὧν
601 3442 932 3514 ἁμαρτωλὸς
984 3442 1176 3515 χρῄζει
1229 3441 1544 3514 ἄνθρωπος,
1593 3440 1832 3513 πάνθηρ,

255 3531 350 3586 καὶ
376 3533 532 3597 λέων,
562 3534 654 3586 καὶ
673 3534 895 3605 ἄρκτος,
919 3534 1004 3598 'tb;
1035 3537 1093 3589 ὲν
1121 3536 1235 3598 τοῖς
1269 3535 1578 3605 προφήταις
1630 3532 1833 3604 γέγρα-

255 3641 407 3677 πται.
465 3623 735 3678 Παύσεται
762 3626 871 3696 γὰρ
898 3625 1072 3680 ταῦτα
1125 3625 1369 3694 γίνεσθαι
1419 3625 1571 3688 Θεὸς,
1629 3624 1715 3676 ὅτε
1747 3624 1834 3678 διὰ

253 3716 378 3779 τοὺς
406 3715 528 3769 τάδε
565 3717 929 3788 πεποιηκότας
956 3716 1151 3788 μηκέτι
1175 3716 1363 3788 χρῄζει
1397 3715 1489 3768 τοῦ
1523 3715 1597 3778 ὡς
1625 3714 1833 3784 πάνθη-

257 3823 371 3877 ρος,
394 3807 601 3860 καὶτοῦ
637 3807 712 3871 ὼς
744 3808 976 3872 λέοντος,
1011 3809 1104 3862 καὶ⁹
1143 3807 1236 3861 τοῦ
1267 3809 1341 3872 ὡς
1370 3806 1570 3880 ἄρκτου
1603 3810 1835 3878 ἀπορου-

259 3898 442 3970 μένου.
478 3900 648 3964 Αὐτὸς
697 3900 797 3954 οὐκ
851 3900 932 3955 ἔτι
987 3901 1126 3972 ἔχων
1169 3901 1296 3964 τοὺς
1351 3901 1627 3966 τοιούτους
1669 3899 1833 3954 αὑτοῦ

255 3993 576 4064 χρῄζοντας,
597 3995 885 4065 ἐμφανίσει
915 3995 1107 4049 ἑαυτὸν
1130 3993 1309 4059 καθώς
1341 3996 1478 4057 ἐστι,
1501 3994 1632 4057 Θεὸς
1665 3992 1836 4058 ἑστὼς

254 4083 314 4135 ὲν
353 4082 504 4154 μέσῳ
535 4083 694 4138 θεῶν.
727 4083 912 4148 Οὕτως
935 4085 1117 4137 ἀκούω
1147 4086 1240 4139 καὶ
1268 4084 1382 4138 τοῦ·
1419 4086 1472 4137 Ὁ
1505 4085 1648 4151 Θεὸς
1670 4083 1836 4154 ἡμῶν

255 4174 377 4243 πῦρ
401 4177 880 4230 καταναλίσκον·
907 4177 984 4246 τῷ
1009 4176 1118 4248 γὰρ
1146 4177 1246 4232 οὐκ
1275 4177 1388 4231 δντι
1423 4177 1558 4249 ἀξίῳ
1609 4195 1836 4233 κατανα-

256 4267 535 4321 λίσκεσθαι
563 4267 674 4337 φῶς
695 4269 809 4320 ἐστι
837 4267 977 4322 κατά
1030 4269 1120 4322 τὸν
1170 4268 1421 4338 Ἰωάννην
1472 4270 1716 4339 λέγοντα·
1775 4271 1836 4323 '0

257 4361 405 4427 Θεὸς
436 4361 602 4430 ἡμῶν
627 4361 752 4430 φῶς
785 4363 949 4427 ἐστι,
994 4362 1091 4415 καὶ
1132 4362 1379 4416 σκοτεία
1418 4362 1488 4415 ἐν
1531 4361 1690 4427 αὺτῴ
1722 4363 1836 4416 οὐκ

258 4455 408 4509 ἐστι’
445 4456 536 4508 καὶ
563 4451 740 4520 αὖθις·
777 4457 973 4522 Οὔπω,
1029 4456 1211 4525 φησιν,
1241 4454 1579 4524 ἐφανερώθη
1610 4455 1666 4508 τί
1703 4455 1837 4509 ἐσό-

262 4549 423 4611 μεθα.
459 4547 714 4618 Οἴδαμεν
745 4548 832 4615 δὲ,
858 4550 970 4614 ὅτι,
1001 4549 1108 4603 ἐὰν
1156 4547 1488 4616 φανερωθῇ,
1523 4547 1708 4617 ὅμοιοι
1732 4551 1837 4602 αὐ-

1944 2073 2163 2142 ponitur
2189 2090 2202 2126 :
2235 2071 2304 2127 Et
2335 2086 2613 2144 propterea
2651 2091 2757 2130 non
2795 2092 3006 2145 possunt
3030 2076 3220 2130 venire.
3250 2074 3352 2142 Qui
3379 2076 3525 2131 enim

1943 2163 2223 2220 sensibilia
2256 2165 2463 2231 vident,
2493 2167 2647 2222 aiunt
2673 2183 2731 2222 se
2761 2184 2871 2222 non
2898 2184 3060 2238 posse
3091 2169 3238 2238 quod
3275 2169 3526 2239 incorpo-

1941 2270 2096 2309 reum
2153 2265 2238 2311 est
2287 2258 2770 2326 comprehendere.
2825 2259 2975 2314 Alter
3007 2270 3189 2314 autem
3217 2261 3309 2330 qui
3340 2260 3477 2316 dixit
3507 2280 3521 2316 :

1947 2346 2172 2402 Uxorem
2201 2349 2333 2403 duxi
2374 2351 2438 2413 ",
2475 2350 2522 2406 is
2575 2360 2660 2406 est
2713 2353 2806 2422 qui
2860 2353 3073 2408 videtur
3133 2356 3408 2411 invenisse
3435 2373 3525 2412 sa-

1941 2438 2224 2507 pientiam,
2251 2448 2305 2494 et
2336 2439 2481 2496 illius
2518 2442 2791 2512 particeps
2848 2459 2969 2498 esse
3022 2443 3218 2513 factus,
3251 2456 3307 2502 at
3338 2463 3522 2502 veram

1943 2529 2266 2598 sapientiam
2296 2540 2514 2586 recusat
2543 2551 2555 2586 :
2600 2535 2683 2589 vel
2717 2536 2808 2605 qui
2838 2539 2990 2592 carni
3043 2539 3246 2605 unitur,
3283 2549 3339 2593 et
3365 2540 3525 2595 volu-

1941 2622 2106 2690 ptatis
2131 2624 2306 2692 magis
2333 2640 2498 2694 quam
2535 2625 2628 2682 Dei
2663 2637 2875 2683 amator
2934 2639 3038 2685 est.
3084 2629 3367 2687 Parabola:
3394 2648 3525 2702 ergo

1942 2728 2158 2768 summa
2221 2715 2336 2770 hate
2390 2725 2493 2771 est.
2549 2717 2835 2788 Explicare
2881 2723 3086 2790 poteris
3131 2724 3293 2778 etiam
3346 2725 3524 2780 aliter.

1941 2803 2224 2869 Quatenus
2286 2807 2538 2864 homines
2587 2826 2800 2876 sumus,
2849 2828 2949 2870 nec
2995 2814 3210 2871 divitias
3269 2816 3527 2874 bonitatis

1941 2894 2035 2950 Dei
2068 2897 2226 2952 nobis
2257 2901 2514 2955 conducit
2540 2916 2896 2971 cognoscere,
2942 2921 3070 2961 vere
3128 2907 3272 2964 Deus
3314 2910 3524 2964 homini

1939 2987 2292 3055 assimilatnr,
2323 3001 2383 3046 ut
2413 3000 2676 3062 tanquam
2724 2995 2889 3055 homo
2925 2997 3183 3068 loquatur
3210 3001 3523 3056 hominibus

1938 3079 2032 3148 qui
2059 3091 2286 3149 possunt
2337 3083 2630 3154 gubernari
2677 3102 2707 3140 a
2745 3085 2874 3151 Deo,
2927 3090 3152 3144 omnino
3205 3103 3520 3147 remanente

1940 3169 2070 3226 Deo.
2101 3170 2168 3225 Et
2228 3182 2360 3229 tunc
2409 3175 2621 3230 desinet
2676 3178 2972 3235 assimilari
3018 3182 3248 3248 homini,
3301 3184 3520 3253 quando

1865 3289 1906 3347 α
1942 3273 2220 3321 cessantes
2243 3282 2272 3320 a
2297 3269 2669 3335 contentione,
2703 3272 2839 3335 zelo,
2889 3282 2940 3328 ει
2976 3273 3202 3343 reliquis
3229 3277 3408 3340 malis,
3439 3286 3521 3330 at-

1941 3371 2049 3426 que
2079 3358 2376 3413 secundum
2407 3359 2682 3416 hominem
2711 3364 2991 3420 ambulare
3020 3365 3349 3433 desinentes,
3371 3367 3518 3438 digni

1942 3445 2070 3501 facti
2095 3445 2362 3506 fuerimus
2403 3451 2595 3508 audire
2633 3473 2646 3507 :
2683 3453 2794 3524 Ego
2817 3455 2974 3510 dixi:
3030 3456 3120 3511 Dii
3146 3459 3294 3526 estis,
3336 3468 3384 3513 et
3419 3459 3522 3528 ﬁlii

1941 3535 2156 3594 Excelsi
2197 3557 2374 3596 omnes
2431 3543 2497 3597 η.
2534 3543 2754 3601 Desinet
2804 3548 2968 3604 etiam
3018 3549 3124 3603 alia
3156 3550 3388 3620 plurima
3420 3565 3519 3606 vo-

1941 3629 2077 3694 cari,
2101 3629 2266 3700 982
2297 3633 2497 3703 quibus
2545 3646 2797 3704 peccator
2853 3641 3018 3696 homo
3068 3641 3290 3712 indiget,
3323 3659 3520 3713 nempe

1943 3721 2228 3790 panthera,
2271 3724 2377 3789 leo,
2433 3735 2490 3780 et
2531 3742 2715 3794 ursus,
2781 3730 2925 3786 sicut
2974 3732 3028 3786 in
3080 3733 3360 3802 prophetis
3390 3735 3522 3789 scri-

1941 3820 2092 3882 ptum
2117 3822 2221 3868 est.
2274 3813 2496 3872 Desinet
2535 3819 2681 3873 enim
2738 3819 2853 3876 hinc
2901 3837 3022 3878 esse
3070 3822 3236 3889 Deus,
3299 3825 3520 3896 quando

1941 3915 2160 3972 propter
2189 3918 2285 3960 cos
2314 3908 2406 3976 qui
2431 3908 2559 3963 talia
2589 3908 2856 3977 fecerunt,
2894 3928 3002 3967 non
3055 3915 3290 3983 amplius
3315 3915 3519 3986 indiget

1942 3991 2091 4049 illius
2119 3995 2212 4065 qui
2244 4005 2500 4069 tanquam
2548 4003 2832 4070 panthera,
2872 4005 2954 4060 vel
3008 4014 3266 4076 tanquam
3297 4008 3402 4072 leo,
3433 4009 3519 4064 vel

1945 4094 2204 4156 tanquam
2241 4105 2404 4145 ursus
2449 4093 2517 4147 ad
2569 4094 2808 4164 inopiam
2847 4095 3099 4154 redactus
3125 4111 3228 4155 est.
3261 4099 3378 4170 Ipse
3405 4117 3516 4157 non

1945 4178 2178 4247 amplius
2204 4179 2411 4238 habens
2440 4183 2578 4240 tales
2607 4189 2701 4255 qui
2745 4188 2926 4258 scipso
2952 4189 3248 4260 indigeant,
3273 4193 3516 4262 seipsum

1943 4269 2322 4326 manifestabit
2348 4274 2508 4329 sicuti
2561 4287 2663 4343 est,
2707 4279 2959 4350 Deusque
3017 4284 3182 4338 stabit
3231 4284 3284 4337 in
3337 4285 3518 4340 medio

1944 4360 2194 4417 deorum.
2229 4364 2320 4419 Sic
2349 4367 2558 4436 accipio
2585 4369 2747 4423 etiam
2788 4372 2918 4426 illud
2956 4392 2968 4427 :
3002 4373 3141 4428 Deus
3177 4385 3353 4429 noster
3379 4377 3517 4445 ignis

1944 4468 2252 4508 consumens
2287 4458 2364 4521 ¹⁹;
2400 4458 2446 4510 ei
2477 4458 2621 4513 enim
2654 4461 2747 4529 qui
2771 4463 2966 4532 dignus
2997 4479 3102 4518 non
3133 4473 3216 4520 est
3240 4467 3516 4527 consumi,

1944 4542 2039 4597 lux
2063 4553 2148 4599 est
2182 4542 2482 4602 secundum
2514 4547 2782 4606 Joannem
2813 4553 3076 4607 dicentem
3107 4573 3119 4607 :
3173 4553 3312 4610 Deus
3342 4563 3518 4608 noster

263 4637 340 4703 τῷ
371 4639 648 4708 ἐσόμεθα,
679 4639 769 4693 ὅτι
824 4642 1089 4710 ὀψόμεθα
1118 4639 1305 4692 αὑτὸν
1331 4638 1523 4704 καθώς
1553 4639 1742 4694 ἐστιν.
1775 4641 1836 4693 Ei

1943 4635 2038 4686 tua:
2067 4645 2166 4701 est,
2193 4647 2241 4691 et
2275 4637 2500 4692 teneer
2525 4641 2578 4693 in
2606 4657 2664 4694 eo
2695 4658 2795 4694 non
2846 4651 2969 4696 sunt
3000 4644 3064 4696 '°.
3097 4642 3161 4697 Et
3203 4659 3396 4700 rursus
3423 4645 3464 4676 "
3499 4662 3514 4699 :

270 4728 369 4802 γὰρ
394 4731 487 4784 καὶ
515 4730 831 4801 ἀξιωθῶμεν
862 4731 1051 4802 βλέψαι
1105 4731 1201 4785 νῦν
1233 4732 1324 4784 τὸν
1361 4731 1494 4784 Θεὸν
1521 4729 1602 4801 τῷ
1643 4731 1718 4801 νῷ
1749 4731 1841 4784 καὶ

271 4825 326 4894 τῇ
351 4823 566 4894 καρδίᾳ,
597 4824 657 4876 οὐ
683 4824 953 4894 βλέπομεν
987 4825 1150 4878 αὐτὸν
1173 4824 1353 4888 καθώς
1382 4825 1550 4889 ἐστιν,
1586 4823 1722 4878 ἀλλὰ
1743 4840 1840 4877 κα-

264 4915 370 4979 θὼς
401 4915 488 4969 διὰ
519 4917 618 4988 τὴν
667 4917 944 4989 ἡμετέραν
985 4917 1295 4988 οἰκονομίαν
1328 4919 1462 4987 ἡμῖν
1510 4917 1738 4984 γίνεται’
1781 4918 1839 4970 ὲν

265 5007 318 5062 δὲ
347 5011 411 5078 τῇ
436 5009 876 5064 άποκαταστάσει
933 5010 1170 5074 πάντων,
1218 5013 1294 5073 ὼς
1343 5009 1572 5081 ὲλάλησε
1603 5008 1690 5063 διὰ
1719 5009 1839 5062 στό-

268 5117 437 5169 ματος
462 5101 571 5155 τῶν
611 5103 780 5171 ἁγίων
814 5102 998 5168 αὐτοῦ,
1043 5101 1288 5173 ὀψόμεθα
1313 5101 1411 5171 οὐχ
1437 5102 1514 5164 ὼς
1543 5100 1661 5164 νῦν,
1687 5101 1716 5152 ὃ
1737 5102 1839 5155 ούκ

267 5191 433 5256 ἔστιν,
469 5191 584 5245 ἀλλ’
613 5193 688 5257 ib;
720 5195 922 5266 πρέπει
973 5194 1093 5248 τότε
1132 5194 1161 5246 ὃ
1206 5193 1342 5246 ἐστι.
1398 5192 1536 5263 Παρ’
1560 5193 1694 5264 ἡμῖν
1739 5192 1837 5262 μὲν

265 5285 377 5346 τοῖς
412 5283 715 5356 ἀνθρώποις
767 5285 1038 5358 ἀνθρώπῳ
1066 5283 1345 5356 ὡμοιώθηο
1374 5271 1556 5358 ’παρὰ
1609 5285 1666 5338 δὲ
1724 5287 1838 5349 τοῖς

267 5375 490 5439 ἑαυτοὺς
543 5377 935 5438 ἀποθεώσουσι,
968 5375 1106 5448 Θεῴο
1164 5377 1229 5430 ⁴0
1286 5374 1430 5443 Θεὸς
1481 5377 1589 5448 γὰρ
1649 5378 1838 5444 ἔστη,

267 5467 459 5537 φησὶν,
498 5467 569 5520 ἐν
588 5468 909 5536 συναγωγῇ
944 5467 1113 5524 θεῶν.

1948 4727 2202 4782 Nondum
2256 4733 2504 4799 apparuit
2562 4734 2688 4802 quid
2737 4735 2955 4795 erimus.
3028 4734 3236 4790 Scimus
3267 4738 3518 4806 quoniam

1940 4838 2056 4874 cum
2109 4826 2438 4892 apparuerit,
2501 4826 2697 4882 similes
2737 4829 2786 4881 ei
2839 4830 3058 4893 erimus,
3103 4831 3351 4899 quoniam
3375 4832 3517 4885 uide-

1939 4913 2110 4968 bimus
2131 4931 2250 4968 eum
2279 4917 2436 4969 sicuti
2471 4929 2570 4971 est.
2607 4916 2718 4972 Etsi
2747 4917 2890 4973 enim
2919 4919 3067 4988 digni
3095 4919 3220 4974 facti
3252 4921 3519 4976 fuerimus

1939 5005 2126 5060 videre
2151 5021 2296 5060 nunc
2355 5004 2524 5061 Deum
2581 5015 2759 5061 mente
2806 5015 2860 5062 et
2913 5008 3096 5073 corde,
3129 5022 3239 5061 non
3270 5007 3518 5061 videmus

1944 5112 2070 5151 eum
2099 5097 2258 5152 sicuti
2287 5106 2390 5163 est,
2426 5097 2518 5151 sed
2542 5097 2996 5166 quemadmodum
3028 5096 3184 5151 nobis
3206 5105 3290 5151 est
3317 5111 3516 5150 secun-

1945 5191 2072 5245 dum
2109 5199 2349 5244 nostram
2370 5190 2563 5260 agendi
2597 5191 2862 5244 rationem
2890 5191 2993 5243 :-in
3019 5187 3358 5245 restitutione
3388 5202 3519 5242 vero

1947 5282 2216 5343 omnium,
2252 5280 2394 5336 sicut
2437 5281 2652 5335 locutus
2707 5290 2790 5336 est
2819 5295 2914 5349 per
2939 5296 3003 5335 os
3051 5288 3364 5334 sanctorum
3396 5294 3519 5334 suo-

1946 5389 2092 5439 rum,
2119 5373 2426 5428 videbimus
2450 5387 2557 5427 non
2581 5372 2722 5427 sicut
2751 5387 2918 5438 nunc,
2951 5372 3097 5442 quod
3127 5386 3234 5426 non
3268 5379 3372 5434 est,
3397 5371 3514 5432 sed.

1947 5464 2089 5522 sicut
2127 5464 2281 5518 decet
2310 5472 2462 5530 tunc,
2487 5464 2629 5534 quod
2661 5473 2764 5518 est.
2817 5463 2976 5534 Apud
3025 5479 3126 5518 nos
3157 5463 3375 5534 quidem
3417 5463 3520 5518 ho-

267 5561 443 5616 mines
471 5561 678 5617 homini
733 5564 1066 5619 assimilatus
1087 5574 1202 5626 est;
1242 5563 1382 5632 apud
1413 5579 1508 5620 eos
1538 5580 1668 5620 vero
1690 5565 1782 5636 qui
1813 5564 2028 5634 seipsos
2051 5562 2249 5619 divina:
2279 5570 2564 5618 consortes
2617 5569 2826 5616 natura:
2869 5559 3153 5628 fecerunt,
3180 5559 3292 5617 Deo
3322 5578 3337 5616 :
3377 5558 3516 5613 Deus

269 5652 440 5719 enim,
490 5651 696 5720 inquit,
724 5657 869 5710 stetit
913 5656 966 5709 in
1007 5670 1274 5726 sunagoga
1297 5655 1512 5709 deorum
1539 5657 1606 5710 ¹².

348 5811 391 5843 ¹⁸
422 5809 553 5864 Luc.
586 5826 704 5873 xm,
735 5811 820 5865 18.
922 5811 966 5843 ⁸⁸
1017 5811 1145 5866 ibid.
1172 5810 1236 5866 I9
1263 5819 1316 5866 et
1339 5810 1428 5864 ΞΟ.

273 5881 326 5934 5.
401 5880 441 5911 ¹¹
480 5881 497 5932 l
537 5878 692 5939 Joan.
730 5897 813 5946 ιιι,
842 5881 894 5935 ‘2.
973 5883 1016 5914 "
1065 5881 1211 5938 I’sal.
1278 5896 1464 5943 unt,
1498 5881 1548 5936 l.

1527 5812 1570 5844 "
1597 5812 1724 5869 ibid.
1767 5812 1860 5868 ‘20.

1975 5811 2024 5886 “‘V
2049 5810 2194 5868 Psai.
2231 5826 2414 5881 Lxxxt,
2450 5809 2507 5865 6.
2589 5809 2630 5842 "
2665 5808 2830 5868 Ilcbr.
2859 5825 2960 5880 xu,
2991 5810 3082 5866 25.
3159 5810 3203 5842 ²⁰
3231 5805 3428 5864 lJoan.
3465 5823 3506 5874 ι,
