4002 6548
648 381 781 438 9887

2123 381 2447 439 ORIGENIS
3719 385 3810 446 1883

647 497 934 552 universos
983 495 1229 553 volentes
1288 494 1513 551 introire
1564 495 1859 565 suscipiat,
1922 496 2219 553 Ecclesiam
2250 503 2296 559 Α
2322 496 2541 566 quidem
2575 508 2678 565 ego
2703 504 2855 564 puto,
2899 508 3007 549 non
3035 503 3257 566 propter
3300 494 3461 551 istum
3501 512 3653 552 unum
3695 504 3810 553 semi-

648 589 1013 659 interpretari.
1042 587 1215 643 Porro
1242 588 1383 645 duos
1414 587 1690 653 denarios,
1715 588 1928 644 Patrem
1950 599 2004 643 et
2022 588 2218 644 Filium

646 680 923 751 intelligi;
991 680 1392 746 stabularium,
1439 678 1694 736 Ecclesia:
1754 682 2072 751 praesidem,
2130 683 2220 738 cui

644 772 984 841 dispensatio
1013 772 1217 831 credita
1244 782 1347 829 est.
1390 774 1462 827 De
1494 788 1559 828 eo
1592 788 1722 828 vero
1746 774 1893 843 quod
1922 772 2220 833 Samarites

643 878 991 925 reversurum
1022 879 1081 918 se
1114 879 1236 919 esse
1264 864 1551 934 promittit,
1584 866 1883 920 secundum
1922 866 2220 923 Salvatoris

640 955 915 1026 figurabat
948 956 1264 1017 adventum.
1297 956 1422 1012 Hinc
1477 974 1599 1014 cum
1662 960 2055 1017 rationabiliter
2093 961 2216 1032 pul-

642 1047 884 1117 chrewe
923 1049 1199 1118 dicantur,
1248 1066 1356 1107 non
1412 1063 1496 1109 est
1550 1062 1731 1109 tamen
1791 1054 2215 1112 existimandum

640 1139 790 1207 quod
815 1140 884 1218 ad
916 1155 1134 1197 omnem
1161 1142 1439 1199 hominem
1476 1146 1805 1215 pertineant.
1848 1145 2037 1217 Neque
2067 1147 2215 1203 enim

640 1232 823 1288 omnis
848 1233 1015 1289 homo
1072 1234 1358 1291 descendit
1396 1237 1464 1293 de
1506 1236 1809 1295 Jerusalem
1866 1240 1921 1295 in
1969 1238 2214 1308 Jericho,

641 1337 744 1378 nec
774 1325 1014 1382 universi
1069 1338 1357 1398 propterea
1400 1330 1454 1385 in
1510 1332 1763 1401 praesenti
1820 1334 2024 1389 saeculo
2067 1350 2221 1390 com-

641 1425 930 1471 morantur
974 1437 986 1472 :
1027 1418 1155 1475 licet
1185 1420 1273 1476 ille
1323 1422 1415 1492 qui
1443 1423 1645 1479 missus
1671 1432 1774 1490 est,
1826 1436 2046 1496 propter
2089 1443 2215 1497 per-

639 1507 784 1563 ditas
811 1522 941 1565 oves
989 1511 1196 1567 venerit
1227 1513 1423 1569 domus
1467 1512 1655 1569 Israel.
1712 1514 1888 1573 Homo
1923 1517 2090 1588 igitur
2120 1519 2216 1589 qui

637 1598 706 1653 de
729 1596 1032 1656 Jerusalem
1062 1602 1344 1660 descendit
1385 1606 1441 1661 in
1468 1603 1708 1673 Jericho,
1738 1609 1865 1679 quia
1897 1610 2066 1666 voluit
2101 1611 2217 1682 ipse

637 1690 988 1758 descendere,
1022 1703 1313 1765 propterea
1341 1697 1407 1751 in’
1432 1699 1670 1756 latrones
1708 1700 1913 1759 incidit.
1950 1702 2216 1762 Latrones

639 1790 822 1837 autem
851 1784 984 1839 nulli
1018 1796 1148 1842 sunt
1183 1789 1295 1857 alii,
1326 1789 1433 1846 nisi
1459 1791 1528 1848 de
1562 1793 1761 1863 quibus
1808 1795 2057 1853 Salvator
2097 1800 2211 1856 ait:

641 1872 835 1930 Omnes
856 1876 947 1944 qui
971 1889 1091 1932 ante
1119 1895 1200 1934 me
1219 1892 1487 1948 venerunt,
1512 1862 1655 1951 fures
1690 1888 1903 1956 [uerunt
1936 1899 1986 1944 et
2004 1897 2023 1910 ”
2045 1891 2213 1956 latro-
2245 1862 2286 1917 Β

637 1980 726 2018 nes
776 1967 843 2022 ιθ.
897 1967 1281 2029 Verumtamen
1328 1991 1439 2030 non
1484 1977 1673 2034 incidit
1709 1980 1765 2037 in
1804 1980 1977 2050 fures,
2007 1984 2104 2041 sed
2158 1986 2213 2041 in

639 2058 812 2112 multo
842 2058 1054 2118 furibus
1082 2063 1372 2133 nequiores
1399 2066 1660 2133 latrones,
1685 2071 1778 2141 qui
1797 2072 2211 2131 descendentem

634 2161 760 2201 eum
800 2149 866 2205 de
896 2149 1201 2209 Jerusalem
1246 2171 1371 2212 cum
1405 2158 1685 2217 incidisset
1712 2161 1766 2216 in
1808 2162 1954 2230 illos,
2008 2165 2212 2235 spolia-

635 2248 831 2294 verunt
860 2251 928 2327 ret
958 2242 1338 2313 imposuerunt
1370 2249 1417 2304 ei
1452 2251 1658 2323 plagas.
1692 2253 1824 2321 Qua:
1848 2264 1973 2311 sunt
2013 2257 2216 2327 plagae“!

633 2345 757 2400 quae
781 2326 1006 2389 vulnera
1044 2336 1244 2406 quibus
1287 2342 1605 2399 vulneratus
1666 2353 1751 2400 est
1803 2347 2009 2403 homo?
2070 2326 2212 2403 Vitia

633 2432 798 2493 atque
838 2437 1077 2495 peccata.
1117 2431 1320 2489 Deinde
1371 2436 1498 2505 quia
1545 2437 1788 2494 latrones
1827 2439 1922 2509 qui
1967 2441 2210 2498 nudave-

635 2522 761 2568 rant
786 2528 933 2581 eum,
972 2528 1025 2574 et
1050 2522 1489 2591 vulneraveram,
1514 2542 1623 2582 non
1660 2529 1901 2585 assident
1925 2531 2092 2595 nudo,
2116 2532 2210 2588 sed

632 2603 806 2674 plagis
832 2622 1026 2665 rursus
1055 2611 1323 2682 impositis
1351 2616 1666 2688 relinquunt
1691 2636 1837 2687 eum,
1858 2622 2060 2679 idcirco
2076 2626 2212 2680 scri-

633 2704 783 2763 ptum
831 2710 960 2756 est:
1018 2701 1320 2774 Spoliantes
1358 2725 1498 2775 eum,
1536 2721 1587 2767 et
1627 2713 1845 2769 vulnera
1895 2728 2209 2788 apponentes

634 2788 897 2859 abierunt,
925 2810 985 2848 eo
1019 2811 1125 2851 non
1155 2809 1392 2869 mortuo,
1435 2804 1531 2860 sed
1557 2808 1829 2863 seminece.
1856 2789 2083 2868 Factum
2127 2822 2211 2870 est

630 2890 813 2937 autem
851 2894 912 2939 ut
942 2886 997 2941 in
1034 2889 1222 2945 eadem
1270 2894 1358 2949 via
1415 2896 1626 2966 primus
1692 2902 1969 2968 sacerdos,
2013 2904 2209 2962 deinde

635 2969 850 3030 Levites
870 2977 1280 3050 descenderent,
1300 2986 1395 3056 qui
1435 2987 1666 3045 forsitan
1715 2993 1838 3049 aliis
1892 2995 2211 3055 hominibus

628 3059 773 3118 bona
821 3068 1071 3137 quaedam
1116 3069 1381 3143 fecerant,
1431 3093 1538 3133 non
1570 3088 1753 3135 tamen
1797 3082 1944 3149 huic,
1966 3086 2058 3156 qui
2106 3088 2205 3143 de-

629 3155 916 3213 scenderat
942 3160 1009 3214 ab
1041 3159 1340 3222 Jerusalem
1367 3169 1420 3223 in
1439 3167 1679 3229 Jericho.
1702 3171 1858 3231 Hunc
1887 3155 2030 3231 enim
2073 3179 2206 3236 vidit

629 3247 906 3315 sacerdos,
934 3259 1064 3320 puto
1095 3254 1205 3311 Lex
1238 3259 1370 3316 vidit
1401 3278 1417 3316 :
1460 3261 1699 3333 Levites,
1742 3276 1802 3322 ut
1852 3283 1995 3334 reor,
2023 3286 2204 3326 sermo

628 3338 1002 3427 propheticus.
1033 3342 1245 3403 Etcum
1271 3350 1914 3427 vidissentjreliquerunt,
1943 3370 1997 3416 et
2026 3370 2200 3421 trans-

628 3425 833 3484 ierunt.
895 3431 1163 3501 Servabat
1190 3441 1392 3514 quippe
1431 3425 1755 3504 seminecem
1784 3453 2122 3521 providentia
2151 3457 2201 3511 ei

626 3523 723 3592 qui
755 3523 950 3584 fortior
975 3542 1094 3588 erat
1112 3534 1227 3607 lege
1256 3545 1312 3593 et
1343 3541 1643 3612 prophetis,
1684 3543 2029 3605 Samaritano
2051 3551 2202 3609 vide-

625 3614 775 3712 licet,
813 3621 907 3690 qui
932 3622 1323 3697 interpretatur
1347 3643 1545 3690 custos.
1581 3635 1684 3692 iste
1710 3650 1795 3696 est
1827 3642 1919 3712 qui
1944 3658 2052 3699 non
2075 3645 2201 3702 dor-

625 3709 805 3813 mitat,
848 3730 1025 3787 neque
1070 3720 1278 3779 dormit
1330 3728 1648 3786 custodiens
1711 3709 1870 3791 Israel
1910 3755 1924 3792 :
1978 3748 2201 3813 propter

625 3802 953 3863 seminecem
982 3811 1261 3880 profectus
1297 3825 1382 3874 est
1427 3819 1529 3878 iste
1562 3821 1941 3885 Samaritanus
1978 3802 2099 3887 non
2134 3832 2201 3889 de

623 3890 929 3956 Jerusalem
964 3902 1020 3958 in
1043 3903 1283 3977 Jericho,
1314 3912 1457 3968 sicut
1488 3918 1744 3974 sacerdos
1781 3929 1837 3976 et
1882 3920 2069 3981 Levita
2107 3926 2201 3982 de-

622 3987 892 4086 scendens
928 4010 945 4049 :
979 4004 1075 4052 aut
1102 3998 1148 4054 si
1191 4001 1490 4071 descendit,
1537 4008 1741 4067 idcirco
1799 4013 2096 4086 descendit,
2138 4027 2201 4075 ut

620 4076 860 4176 salvaret
881 4087 1298 4176 custodiretque
1342 4098 1689 4157 moriturum.
1722 4104 1805 4160 Ad
1837 4121 1998 4176 quem
2030 4076 2196 4168 locuti

620 4178 751 4260 sunt
794 4169 965 4230 Judaei
996 4196 1010 4232 :
1053 4178 1428 4243 Samaritanus
1452 4208 1506 4244 es
1541 4203 1618 4259 tu,
1660 4205 1708 4250 et
1743 4169 2064 4257 dan-Ionium
2101 4205 2196 4260 Ita-

618 4255 707 4310 bes
734 4259 801 4359 ξι.
835 4262 940 4331 Qui
968 4284 1093 4326 cum
1122 4288 1372 4347 negasset
1409 4296 1468 4337 se
1497 4255 1695 4342 habere
1719 4255 2070 4359 daemonium,
2097 4255 2198 4353 Sa-

617 4352 865 4412 maritem
888 4374 1086 4433 negue
1102 4382 1161 4423 se
1184 4370 1378 4428 noluit.
1406 4373 1622 4433 Sciebat
1644 4380 1791 4436 enim
1814 4396 1873 4440 se
1888 4352 2191 4445 custodem.

617 4448 805 4515 llaque
834 4467 958 4508 cum
984 4458 1220 4516 venisset
1255 4464 1320 4518 ad
1355 4469 1705 4541 seminecem,
1732 4484 1786 4530 et
1812 4476 2035 4536 vidisset
2068 4496 2193 4537 eum

2323 601 2532 648 necem,
2567 588 2661 642 sed
2691 597 2911 657 propter
2935 588 3074 643 alios
3098 603 3320 658 quoque
3342 589 3435 659 qui
3461 589 3530 643 ob
3560 590 3708 645 varias
3730 605 3812 646 cau-

2322 693 2414 733 sas
2445 679 2660 735 fuerant
2702 681 2993 749 vulnerati,
3034 689 3090 737 et
3133 681 3445 753 indigebant
3478 683 3753 754 alligaturis,
3776 696 3811 741 et

2320 767 2460 832 oleo,
2492 776 2547 824 et
2574 771 2721 837 vino,
2750 786 2937 827 secum
2971 780 3219 842 portasse
3260 770 3597 826 Samaritem.
3636 771 3812 830 Habebat
3910 846 3911 851 η

2320 861 2499 915 oleum
2535 862 2603 916 de
2635 878 2745 932 quo
2777 863 3039 934 scriptum
3065 874 3149 919 est
3180 865 3227 897 ⁸³
3254 881 3269 919 :
3322 862 3389 918 Ut
3410 865 3652 919 eslu'laret
3677 865 3810 935 [acim
3910 866 3911 935 ᾗ

2320 952 2374 1005 in
2401 952 2548 1017 oleo;
2580 954 2725 1010 haud
2750 955 2978 1011 dubium
3012 957 3146 1027 quin
3176 956 3296 1027 ejus
3318 955 3413 1027 qui
3442 966 3648 1012 curatus
3674 959 3811 1024 fumi,

2319 1046 2439 1102 oleo
2477 1047 2642 1103 etiam
2690 1057 2937 1106 tumores
2983 1050 3273 1107 vulnerum
3317 1050 3638 1105 sedarentur.
3678 1049 3812 1107 Sedet

2317 1139 2446 1194 vino
2469 1141 2695 1196 mundat
2723 1143 2968 1208 vulnera,
2991 1142 3304 1214 asperitatis
3328 1142 3530 1213 aliquid
3543 1142 3810 1198 admiscens:

2317 1245 2555 1301 eumque
2592 1233 2685 1303 qui
2721 1233 2898 1290 fuerat
2931 1236 3248 1291 vulneratus
3266 1234 3523 1306 imposuit
3542 1234 3812 1304 jumento,id

2318 1332 2423 1392 est,
2460 1328 2680 1396 preprio
2710 1328 2953 1398 corpori,
2991 1329 3149 1399 juxta
3186 1329 3238 1383 id
3287 1329 3433 1399 quod
3478 1336 3560 1383 est
3603 1328 3809 1382 hominem
3912 1328 3913 1399 ξ

2317 1416 2571 1487 dignatus
2596 1435 2895 1476 assumere.
2923 1422 3031 1476 Iste
3049 1420 3429 1477 Samaritanus
3458 1427 3659 1490 peccata
3682 1431 3813 1474 nostra

2316 1517 2516 1578 portat,
2554 1519 2609 1566 et
2640 1527 2738 1582 pro
2764 1513 2922 1569 nobis
2949 1513 3116 1582 dolet,
3136 1520 3317 1585 portat
3345 1512 3675 1578 seminecem,
3703 1512 3815 1567 indu-

2316 1601 2393 1655 cit
2454 1601 2507 1656 in
2559 1602 2962 1672 pandochium,
3019 1604 3072 1659 id
3125 1612 3209 1660 est
3259 1602 3314 1658 in
3346 1601 3683 1665 £cclesiam,
3730 1619 3815 1672 qua:

2316 1708 2508 1749 omnes
2536 1695 2785 1764 suscipit,
2811 1706 2865 1751 et
2894 1697 3027 1751 nulli
3056 1697 3319 1753 auxilium
3347 1712 3509 1753 suum
3542 1695 3751 1767 denegat,
3772 1698 3816 1749 ad

2317 1801 2483 1856 quam
2504 1797 2734 1844 cunctos
2750 1799 3010 1859 provocat
3051 1788 3210 1845 Jesus
3237 1790 3428 1845 dicens
3455 1789 3503 1819 “
3538 1808 3553 1844 :
3596 1787 3743 1843 Venite
3774 1790 3817 1842 td

2316 1891 2415 1941 me,
2442 1890 2618 1931 attines
2640 1878 2730 1948 qui
2754 1877 3013 1933 laboratis
3035 1888 3085 1933 et
3124 1880 3331 1933 onerati
3375 1880 3527 1944 estis,
3565 1887 3611 1933 et
3641 1880 3819 1949 ερατιρ-

2314 1967 2451 2021 ciam
2476 1984 2587 2023 vos.
2643 1967 2712 2024 Et
2758 1979 3047 2041 postquam
3095 1971 3260 2044 973
3309 1973 3525 2028 induxit
3575 1989 3702 2039 eum,
3743 1988 3817 2026 non

2315 2061 2497 2116 statim
2527 2061 2752 2129 recedit,
2790 2064 2885 2118 sed
2930 2078 3040 2118 uno
3062 2064 3151 2119 die
3196 2065 3248 2119 in
3294 2066 3512 2121 stabulo
3555 2081 3667 2120 cum
3703 2064 3818 2121 semi-

2315 2168 2446 2208 nece
2470 2162 2805 2223 perseverat.
2833 2163 2886 2210 et
2910 2165 3068 2211 curat
3090 2157 3315 2212 vulnera
3348 2173 3462 2212 non
3490 2158 3655 2215 solum
3674 2158 3718 2210 in
3734 2158 3815 2223 die,

2315 2261 2501 2301 verum
2522 2246 2686 2302 etiam
2710 2246 2762 2300 in
2790 2258 2969 2316 nocte,
2993 2250 3257 2320 reliquam
3275 2251 3681 2307 sollicitudinem
3706 2267 3815 2307 suam

2311 2346 2367 2393 et
2383 2323 2706 2395 industriam
2737 2341 3005 2397 tribuens.
3038 2341 3287 2413 Cumque
3325 2344 3489 2399 vellet
3529 2358 3674 2398 mane
3703 2344 3818 2413 proti-

2312 2429 2467 2498 cisci,
2499 2429 2566 2485 de
2598 2430 2829 2500 probato
2853 2441 3077 2503 argento
3125 2448 3247 2500 suo,
3292 2434 3359 2489 de
3395 2434 3614 2504 probata
3646 2435 3818 2505 pecuni:
3916 2466 3917 2505 ξ

2312 2536 2412 2576 sua
2458 2522 2601 2578 tollit
2645 2523 2785 2581 duos
2824 2524 3097 2593 denarios,
3160 2534 3215 2581 et
3268 2537 3464 2583 onerat
3506 2529 3819 2589 stabularios,

2310 2613 2458 2670 haud
2485 2613 2711 2671 dubium
2748 2616 2881 2686 quin
2911 2617 3163 2689 angelum
3196 2616 3476 2686 Ecclesiae,
3519 2622 3600 2674 cui
3635 2619 3821 2689 przecipit

2312 2715 2373 2762 ut
2395 2707 2682 2781 diligenter
2712 2718 2868 2765 curet
2904 2724 3054 2777 eum,
3082 2719 3139 2766 et
3170 2713 3236 2766 ad
3260 2712 3548 2768 sanitatem
3569 2728 3717 2782 usque
3733 2727 3822 2781 per-

2311 2800 2496 2868 ducat,
2527 2816 2689 2872 quem
2726 2817 2827 2874 pro
2853 2804 3104 2875 angustia
3144 2806 3404 2875 temporis
3430 2806 3588 2861 etiam
3630 2805 3726 2875 ipse
3748 2819 3817 2859 ens

2312 2905 2550 2954 raverat.
2580 2898 2700 2955 Duo
2733 2899 2941 2955 denarii
2974 2900 3166 2955 notitia
3194 2901 3325 2955 mibi
3374 2902 3587 2957 videtur
3614 2916 3718 2956 esse
3742 2898 3817 2952 Pas

2282 2989 2409 3045 -tris
2444 2998 2500 3045 et
2521 2988 2667 3054 Filii,
2694 2998 2750 3045 et
2774 2990 3000 3047 scientia
3043 2992 3391 3054 sacramenti,
3424 2990 3684 3063 quomodo
3704 2988 3820 3044 Pater

2310 3081 2365 3136 in
2388 3080 2546 3148 Filio,
2564 3091 2618 3136 et
2634 3081 2808 3139 Filius
2833 3082 2889 3139 in
2915 3081 3073 3138 Patre
3093 3083 3282 3153 sit,qui
3311 3082 3463 3138 velut
3492 3082 3738 3138 mercedes
3752 3080 3819 3133 de

2310 3181 2511 3229 nantur
2543 3175 2760 3245 angelo,
2806 3183 2869 3231 ut
2908 3175 3220 3245 diligentius
3260 3183 3416 3230 curet
3466 3175 3567 3231 sibi
3604 3173 3818 3230 hominem
3916 3173 3919 3249 l

2310 3271 2776 3337 commendatum,
2809 3278 2865 3325 et
2885 3269 3219 3340 promittitur
3246 3268 3294 3322 ei
3326 3267 3589 3339 quidquid
3605 3270 3665 3323 de
3688 3283 3769 3322 suo
3782 3266 3819 3318 in

2309 3360 2576 3416 medelam
2612 3360 2902 3417 seminecis
2942 3359 3279 3429 expenderit,
3311 3359 3462 3414 illico
3490 3374 3608 3414 esse
3642 3356 3820 3412 redden-

2308 3453 2459 3509 dum.
2497 3451 2638 3509 Vere
2684 3451 2847 3524 Legis
2887 3458 2941 3508 et
2982 3452 3279 3522 prophetiae
3338 3460 3532 3508 custos
3575 3450 3819 3505 animarum

2308 3546 2409 3602 iste
2430 3546 2682 3611 vicinior,
2708 3547 2801 3616 qui
2830 3545 2959 3601 fecit
2986 3543 3420 3601 misericordiam
3474 3543 3526 3600 ei
3551 3544 3639 3615 qui
3665 3542 3820 3597 incide-

2306 3645 2393 3693 rat
2427 3636 2482 3692 in
2507 3638 2767 3702 latrones,
2809 3644 2866 3692 et
2890 3636 3174 3707 proximus
3203 3637 3323 3707 ejus
3355 3637 3608 3708 apparuit
3632 3641 3819 3689 nontam

2306 3746 2560 3788 sermone
2588 3747 2752 3802 quam
2777 3746 2960 3802 opere.
2995 3730 3134 3797 Quia
3157 3746 3288 3803 ergo
3314 3731 3576 3803 possibile
3609 3735 3684 3784 est
3706 3727 3817 3797 juxta

2305 3824 2442 3880 illud
2474 3826 2621 3896 quod
2660 3824 2928 3896 sequitur,
2970 3824 3171 3878 imitari
3209 3839 3311 3881 nos
3347 3823 3646 3888 Christum,
3677 3830 3723 3877 et
3747 3816 3821 3873 mi-

2305 3918 2474 3976 sereri
2497 3933 2689 3974 eorum
2719 3920 2814 3991 qui
2844 3916 3149 3974 inciderant
3194 3918 3251 3972 in
3314 3918 3579 3981 latrones,
3621 3913 3821 3970 accedere

2304 4013 2372 4067 ad
2400 4026 2517 4079 eos,
2546 4010 2715 4083 ligare
2749 4011 2997 4077 vulnera,
3039 4010 3326 4067 infundere
3361 4012 3546 4066 oleum
3577 4018 3628 4064 et
3660 4009 3820 4065 vinum.

2303 4102 2584 4171 imponere
2607 4116 2772 4172 super
2801 4101 3082 4173 proprium
3105 4101 3442 4171 jumentum,
3468 4111 3523 4157 et
3539 4100 3672 4156 ferre
3695 4108 3822 4152 onera

2303 4194 2579 4265 ipsorum;
2632 4204 2915 4264 propterea
2952 4195 3020 4249 ad
3050 4196 3176 4250 talia
3214 4210 3316 4252 nos
3375 4196 3661 4251 cohortaris
3694 4189 3825 4244 Filius

2301 4289 2419 4356 Dei,
2445 4299 2689 4345 nontam
2725 4288 2937 4343 doctori
2972 4287 3105 4357 legis
3136 4304 3302 4358 quam
3327 4290 3487 4343 nobis
3518 4301 3720 4359 quoque
3741 4298 3824 4339 oar

2300 4383 2463 4438 nibus
2486 4382 2726 4452 loquitur
2757 4398 2772 4436 :
2819 4380 2960 4435 Vade
2988 4391 3037 4435 et
3076 4392 3132 4435 tu
3154 4381 3244 4451 [ac
3264 4382 3535 4437 similiter.
3565 4380 3691 4448 Qua
3712 4379 3751 4433 si
3770 4376 3823 4431 si-

2300 4476 2502 4530 militer
2532 4455 2845 4538 fecerimus,
2873 4472 3041 4527 vitam
3079 4487 3485 4542 consequemur
3527 4481 3758 4528 aeternam
3782 4466 3822 4519 in

618 4543 675 4598 in
706 4560 809 4601 suo
839 4550 1105 4619 sanguine
1133 4554 1390 4626 volutari,
1427 4561 1685 4622 misertus
1706 4572 1937 4628 accessit
1964 4574 2032 4630 ad
2065 4590 2191 4632 eum
2224 4588 2268 4643 ι)
2300 4566 2520 4621 Christo
2552 4564 2701 4631 Ῑθευν
2732 4565 2819 4621 ευί
2853 4576 2935 4622 θεῖ
2959 4567 3129 4637 Βιοΐίθ
3158 4575 3212 4622 ει
3241 4566 3529 4637 imperium
3572 4565 3623 4619 ίη
3666 4559 3823 4617 mu“

546 4684 559 4701 ,
618 4642 680 4733 ut
710 4639 875 4733 fleret
906 4640 1026 4709 ejus
1074 4648 1372 4713 proximus.
1435 4653 1648 4727 Ligavit
1703 4664 1946 4733 vulnera,
1994 4666 2193 4724 infudit

615 4727 798 4829 oleum
828 4730 957 4829 vino
982 4735 1229 4807 mistum,
1260 4758 1436 4814 neque
1477 4749 1616 4805 dixit
1642 4754 1787 4822 quod
1828 4756 1884 4810 in
1928 4727 2192 4829 propheta

615 4818 851 4891 legitur:
882 4823 1004 4881 Non
1037 4837 1114 4884 est
1158 4832 1425 4905 malagma
1469 4818 1752 4917 imponere,
1793 4818 1954 4917 neque
1993 4818 2188 4920 oleum,

612 4929 776 4985 neque
821 4916 1141 5014 alligaturus
1193 4926 1261 4983 ".
1306 4927 1413 4985 Iste
1451 4916 1539 4987 est
1577 4916 1977 5010 Samaritanus,
2032 4916 2191 5014 cujus

776 5019 832 5064 et
875 5012 1080 5106 auxilio
1116 5031 1308 5076 omnes
1337 5023 1432 5093 qui
1468 5026 1609 5082 male
1650 5028 1871 5096 habent,
1923 5012 2186 5106 indigent.

616 5097 790 5199 l-lnjus
817 5105 909 5199 vel
933 5109 1168 5166 maxime
1197 5110 1528 5172 Samaritani
1567 5120 1842 5191 indigebat
1866 5097 2074 5182 auxilio
2095 5129 2188 5199 qui

609 5191 678 5246 de
701 5191 1001 5252 Jerusalem
1039 5202 1374 5263 descendens
1419 5208 1683 5268 inciderat
1733 5216 1787 5271 in
1820 5218 2080 5285 latrones,
2111 5191 2189 5277 ἐι

611 5282 929 5342 vulneratus
962 5288 1032 5344 ab
1064 5290 1165 5357 eis,
1199 5295 1538 5354 semianimis
1569 5299 1745 5357 fuerat
1768 5282 2080 5362 derelictus.
2117 5305 2189 5363 Ut

609 5381 791 5430 antem
816 5378 961 5435 scias
987 5384 1131 5451 quod
1155 5384 1309 5454 juxta
1339 5391 1732 5459 providentiam
1763 5396 1853 5451 Dei
1888 5397 2187 5458 Samarites

606 5461 711 5519 iste
739 5467 1083 5529 descenderit
1113 5485 1172 5530 ut
1198 5490 1418 5537 curaret
1440 5499 1563 5537 eum
1603 5486 1694 5555 qui
1712 5486 1987 5544 inciderat
2023 5493 2075 5546 in
2102 5493 2183 5547 la-

607 5563 812 5623 trones,
838 5565 1124 5622 manifesto
1152 5569 1435 5629 docebcris
1462 5590 1529 5630 ex
1573 5593 1640 5632 eo
1677 5581 1824 5649 quod
1868 5598 2051 5639 secum
2088 5585 2185 5640 lta-

608 5646 770 5704 bebat
788 5651 1127 5724 alligaturas.
1165 5676 1349 5719 secum
1381 5665 1586 5737 oleum,
1609 5646 1794 5726 sec-um
1814 5671 2022 5729 vinum.
2048 5673 2182 5742 Qua:

2294 4659 2641 4717 saeculorum.
2664 4661 2859 4714 Amen.

2814 4770 3101 4829 HOMlLlA
3123 4769 3339 4825 XXXV.

2294 4864 2372 4919 De
2395 4865 2615 4939 ecquod
2632 4865 2889 4935 scriptum
2910 4874 2986 4918 est
3014 4880 3032 4918 :
3060 4884 3078 4915 ι
3117 4865 3344 4939 Quando
3368 4864 3515 4939 vadis
3541 4858 3821 4939 retentet-

2362 4930 2505 4990 sario
2530 4945 2640 5001 tuo,
2673 4955 2692 4987 ι
2720 4930 2765 4990 et
2790 4947 3001 5001 caetera,
3025 4951 3186 5005 usque
3208 4934 3276 4988 ad
3299 4949 3417 4988 eum
3444 4934 3617 5005 locum
3634 4930 3712 4985 ubi
3733 4930 3822 4983 ait:

2362 5025 2385 5059 ε
2418 5005 2488 5059 Et
2508 5007 2849 5061 novissimum
2871 5008 3129 5059 minutum
3158 5006 3361 5059 reddes.
3386 5023 3406 5057 ι
3436 5004 3570 5076 Cap.
3602 5017 3695 5057 xu.

2359 5114 2475 5171 Nisi
2503 5123 2650 5171 esset
2678 5115 2839 5173 nobis
2876 5124 3073 5170 natura
3113 5115 3362 5181 insitum,
3403 5115 3455 5171 id
3482 5114 3627 5186 quod
3649 5114 3820 5185 justum

2288 5218 2373 5263 est
2408 5207 2713 5279 judicandi,
2749 5224 3028 5279 nunquam
3074 5206 3327 5263 Salvator
3376 5208 3582 5264 diceret
3619 5226 3633 5261 :
3681 5204 3821 5269 Qum

2291 5314 2489 5365 autem,
2513 5312 2565 5355 et
2590 5319 2623 5355 a
2645 5301 3025 5371 nobismetipsis
3052 5318 3155 5355 non
3180 5302 3319 5370 quod
3338 5301 3545 5372 justum
3559 5296 3821 5369 estjadira.

2291 5395 2407 5448 tis?
2445 5392 2644 5449 Verum
2694 5410 2762 5449 ne
2815 5394 2882 5449 ad
2943 5395 3321 5464 probationem
3361 5396 3524 5467 hujus
3580 5391 3822 5451 sententia:

2286 5486 2504 5558 longius
2537 5502 2853 5559 evagemur,
2898 5489 3135 5543 maxime
3175 5505 3299 5545 cum
3342 5490 3511 5544 multa
3556 5483 3819 5543 difﬁciliora

2285 5581 2414 5637 huic
2436 5581 2675 5651 capitulo
2710 5582 2951 5638 subnexa
2981 5583 3113 5646 sint,
3147 5591 3356 5639 tantum
3384 5583 3644 5654 superbos
3685 5574 3820 5645 signi-

2285 5673 2481 5730 ficasse
2504 5674 2753 5731 sufﬁciet.
2791 5672 2934 5742 Quin
2973 5678 3155 5747 potius
3194 5679 3500 5734 animarum
3548 5681 3817 5731 nostrarum

679 5833 727 5865 ”
751 5832 909 5892 Joan.
944 5856 997 5909 κ,
1026 5843 1077 5898 8.
1155 5845 1195 5877 ⁸¹
1223 5845 1381 5904 Joan.
1416 5867 1535 5918 vin,
1564 5855 1652 5909 48.
1728 5857 1772 5888 ⁸⁸
1800 5855 1900 5913 lsa.
1932 5874 1969 5923 ι,
2002 5859 2052 5913 6.
2133 5859 2205 5915 ⁸³1

2305 5861 2334 5916 I.
2375 5878 2492 5931 Clll,
2532 5862 2617 5919 15.
2698 5864 2743 5896 ⁸⁸
2769 5861 2960 5921 Matth.
2998 5880 3073 5933 xi,
3102 5865 3190 5921 28.
