4002 6596
228 405 382 466 1889

1407 402 1475 459 ΙΝ
1513 402 1753 462 LUCAM
1789 403 2076 463 HOMILIA
2115 406 2329 463 XXXV.

3370 408 3511 466 1850

228 528 312 586 ad
348 527 518 582 Deum
563 523 682 579 vela
747 520 1075 594 pandamus,
1119 522 1584 594 deprecemurque
1625 523 1826 579 adven-
1856 527 1901 584 Α
1927 534 2028 581 est.
2066 524 2122 581 Si
2155 537 2339 581 autem
2376 522 2713 592 forinsecus,
2750 539 2851 582 nec
2878 524 2945 581 de
2991 523 3080 580 illa
3115 523 3353 582 Ecclesia
3385 545 3507 598 qua:

228 629 358 678 tum
385 619 662 678 sermonis
686 616 829 688 ejus,
874 624 936 670 ut
969 615 1359 686 interpretetur
1401 619 1714 687 parabolam
1758 619 1827 674 de

237 729 352 786 qua
384 712 686 770 scribitur:
717 709 948 776 Quando
972 708 1123 763 uadis
1149 724 1269 762 cum
1306 709 1608 764 adversario
1638 720 1728 765 tuo
1754 711 1824 765 ad

231 806 555 876 principem,
580 805 635 858 in
658 803 745 858 uia
768 802 840 856 da
863 817 1098 872 operam,
1128 812 1187 855 ut
1228 801 1416 857 liberes
1453 812 1502 858 te
1538 802 1603 858 ab
1636 819 1718 871 eo,
1763 819 1826 858 ne

234 898 383 969 forte
406 896 590 953 tradat
617 905 666 951 te
690 894 886 967 iudici,
922 903 973 949 et
988 894 1159 964 judea:
1185 894 1367 949 tradat
1396 903 1444 950 te
1473 896 1730 963 auctori,
1774 904 1826 950 rt

233 990 299 1043 in
324 1003 586 1044 carcerem
609 988 868 1042 mittaris.
897 985 1064 1042 Amen
1082 989 1200 1041 dico
1225 986 1340 1054 tibi,
1384 1004 1489 1042 non
1517 989 1640 1042 inde
1656 990 1823 1054 exies,

231 1086 408 1139 donec
440 1081 785 1135 novissimum
812 1080 1074 1133 minutum
1102 1078 1313 1134 reddas.
1353 1080 1603 1147 Quatuor
1635 1096 1825 1151 perso-

232 1192 343 1233 nas
373 1175 497 1246 poni
526 1173 705 1241 video,
731 1172 1065 1238 adversarii,
1098 1173 1361 1244 principis
1382 1214 1398 1239 ,
1442 1174 1645 1245 judicis
1669 1215 1684 1240 ,
1723 1189 1823 1231 ex-

232 1269 464 1335 actoris,
491 1278 548 1324 et
578 1267 707 1338 quia
734 1266 947 1322 videtur
971 1265 1299 1337 evangelista
1329 1265 1615 1325 Matthaaus
1645 1268 1825 1325 simile

232 1364 373 1435 quid
404 1366 624 1418 locutus
654 1361 709 1415 in
746 1374 813 1415 eo
835 1358 979 1429 quod
1012 1357 1089 1413 ait
1122 1376 1136 1413 :
1172 1357 1302 1414 Esto
1338 1359 1610 1415 benevolus
1632 1360 1822 1415 aduer-

233 1456 389 1509 sario
414 1464 503 1508 tua
525 1455 652 1508 dum
677 1469 731 1507 es
755 1452 809 1506 in
824 1452 909 1506 uia
931 1467 1050 1505 cum
1073 1466 1132 1505 eo
1162 1452 1230 1516 ⁸³,
1253 1468 1439 1522 quaero
1466 1461 1647 1509 utrum
1679 1454 1820 1509 idem

231 1560 440 1602 sensus
483 1545 576 1611 sit,
621 1560 691 1599 an
735 1542 916 1614 aliqua
965 1544 1037 1599 sit
1088 1543 1309 1609 vicinia,
1369 1545 1637 1616 siquidem
1678 1548 1820 1616 apud

230 1637 556 1696 Matthazum
585 1653 693 1693 una
716 1652 950 1708 persona
980 1638 1351 1708 praetermissa
1385 1639 1477 1705 sit,
1501 1649 1555 1696 et
1582 1640 1686 1696 alia
1718 1642 1823 1696 im-

230 1741 472 1787 mutata.
513 1730 924 1789 Przetermissus
945 1739 1031 1787 est
1051 1731 1326 1803 princeps,
1357 1741 1413 1788 et
1446 1748 1546 1803 pro
1567 1743 1823 1791 exactore

232 1826 492 1880 minister
514 1824 752 1882 insertus
794 1844 809 1881 :
841 1825 1192 1883 adversarius
1222 1840 1351 1881 vero
1383 1835 1436 1882 et
1464 1826 1632 1896 judex
1659 1827 1815 1883 simi-

231 1919 365 1974 liter
383 1918 453 1973 ab
475 1927 707 1988 utroque
726 1926 855 1975 sunt
882 1918 1070 1989 positi.
1095 1918 1241 1973 Imus
1262 1917 1446 1989 itaque
1475 1934 1600 1975 cum
1630 1920 1818 1975 adver—

230 2009 389 2063 sario
429 2016 619 2064 nostro
665 2009 731 2064 ad
785 2009 1111 2079 principem,
1159 2017 1213 2064 et
1263 2017 1478 2079 oportet
1516 2026 1636 2077 nos,
1683 2010 1813 2066 dum

227 2100 416 2155 adhuc
437 2100 490 2155 in
522 2101 608 2155 via
642 2115 858 2168 sumus,
890 2100 1104 2156 fortiter
1137 2099 1405 2165 laborare,
1433 2107 1495 2155 ut
1524 2100 1820 2157 liberemur

228 2191 309 2245 ab
333 2205 419 2245 eo.
449 2190 718 2258 Quoniam
765 2190 1078 2262 ambiguum
1110 2189 1309 2262 quippe
1347 2190 1556 2264 (94-95)
1588 2195 1815 2250 verbum

225 2293 340 2349 est,
359 2292 411 2339 et
425 2293 603 2354 potest
622 2292 730 2338 tam
749 2283 816 2339 ad
838 2283 1134 2354 principem
1158 2299 1320 2355 quam
1338 2283 1404 2340 ad
1421 2284 1814 2352 adversarium,

229 2374 429 2432 referri
462 2394 476 2433 :
507 2375 589 2430 Ne
612 2376 747 2445 forte
781 2375 963 2431 tradat
1000 2386 1049 2431 te
1070 2416 1085 2442 ,
1125 2377 1242 2433 sive
1283 2376 1652 2445 adversarius,
1702 2378 1819 2434 sive

228 2467 514 2538 princeps,
536 2465 732 2536 judici,
757 2474 806 2520 et
818 2465 989 2535 judea:
1019 2466 1205 2522 tradat
1239 2479 1287 2524 te
1314 2470 1573 2536 exactori,
1623 2477 1672 2522 et
1712 2483 1816 2522 non

228 2554 358 2610 inde
375 2556 536 2621 caries,
571 2556 735 2609 donec
771 2558 1110 2611 novissimum
1138 2556 1251 2629 (96)
1282 2567 1534 2613 neutrum
1578 2557 1772 2612 reddas
1800 2574 1813 2613 :

232 2661 340 2717 pro
367 2662 479 2718 quo
525 2647 812 2705 Matthmus
853 2650 929 2705 ait
964 2667 979 2705 :
1028 2649 1203 2705 Donec
1246 2650 1435 2704 reddas
1473 2650 1817 2704 novissimum

233 2738 587 2807 quadrantem
628 2739 695 2794 ⁸⁸.
737 2738 971 2795 Verbum
1016 2754 1147 2796 vero
1198 2741 1540 2795 novissimum
1589 2751 1817 2808 uterque

237 2830 433 2889 scribit
462 2848 476 2886 :
508 2832 821 2902 discrepare
845 2840 1027 2888 autem
1053 2841 1183 2888 sunt
1206 2832 1331 2899 visi,
1365 2835 1512 2905 quod
1549 2834 1639 2889 hic
1680 2851 1817 2906 qua-

237 2920 487 2976 drantem
509 2964 526 2989 ,
560 2923 650 2979 ille
682 2924 953 2980 minutum
995 2924 1213 2994 posuit:
1246 2926 1656 2995 quatdammihi
1689 2935 1819 2981 sunt

238 3013 537 3069 secretiora
563 3015 855 3086 tangenda,
886 3024 946 3070 ut
974 3016 1340 3088 intelligamus
1379 3017 1544 3072 alium
1569 3033 1692 3073 esse
1721 3019 1818 3073 ad-

234 3105 538 3160 versarium
558 3146 573 3172 ,
614 3107 749 3162 alias
781 3117 892 3163 tres
931 3122 1194 3177 personas
1217 3146 1235 3175 ,
1270 3109 1322 3164 id
1360 3117 1445 3164 est
1475 3109 1774 3180 principem
1797 3152 1813 3177 ,

1926 631 2038 670 non
2073 616 2237 672 habet
2265 616 2535 671 maculam
2569 626 2665 671 aut
2709 632 2900 687 rugam
2927 616 2975 648 ⁸⁸
2996 657 3011 682 ,
3055 626 3151 672 aut
3179 616 3310 687 quid
3345 619 3508 676 istius

1925 709 2113 776 modi,
2143 718 2198 764 et
2239 709 2357 780 ipsa
2395 724 2456 764 re
2496 710 2701 779 probor
2741 710 2953 766 alienus
2995 725 3119 767 esse
3159 725 3190 765 a
3228 710 3321 766 tali
3370 728 3507 767 con-

1924 802 2258 877 gregatione,
2284 817 2393 857 non
2422 801 2586 857 habet
2608 801 2862 858 ﬁduciam
2895 802 3120 873 angelus
3140 808 3303 860 'meus
3332 806 3509 875 rvspi-

1925 892 2105 950 ciendi
2144 894 2355 949 vultum
2398 891 2579 949 Patris
2620 893 2727 948 mei
2761 894 2855 964 qui
2895 895 2947 949 in
2994 894 3148 951 caelis
3179 909 3281 952 est.
3330 895 3506 963 Quam

1925 986 1997 1042 ob
2029 1001 2252 1043 causam
2285 987 2463 1058 angeli
2497 1001 2597 1056 pro
2627 986 2789 1043 bonis
2820 986 3039 1044 solliciti
3079 998 3230 1054 sunt,
3268 991 3507 1046 scientes

1924 1082 2068 1151 quod
2093 1081 2138 1136 si
2164 1096 2265 1135 nos
2286 1081 2426 1136 bene
2448 1080 2891 1151 gubernaverint,
2910 1090 2963 1137 et
2985 1081 3051 1136 ad
3072 1081 3303 1137 salutem
3331 1097 3506 1153 usque

1924 1174 2313 1244 perduxerint,
2351 1173 2586 1227 habeant
2625 1173 2789 1227 etiam
2829 1172 2929 1243 ipsi
2978 1173 3235 1229 fiduciam
3285 1174 3505 1231 videndi

1924 1264 2117 1319 faciem
2155 1265 2351 1321 Patris.
2385 1264 2674 1331 Quomodo
2707 1266 2852 1320 enim
2885 1266 2933 1322 si
2964 1283 3060 1337 per
3089 1283 3278 1323 curam
3313 1284 3503 1324 eorum

1922 1363 1981 1409 et
2007 1354 2332 1410 industriam
2364 1355 2513 1411 salus
2548 1354 2866 1410 hominibus
2893 1367 3276 1425 comparatur,
3307 1356 3503 1413 faciem

1922 1440 2102 1500 Patris
2151 1460 2370 1515 semper
2399 1445 2730 1500 attendunt:
2773 1445 2855 1501 sic
2893 1444 2938 1501 si
2987 1462 3081 1516 per
3121 1447 3508 1519 negligentiam

1922 1551 2115 1591 eorum
2151 1536 2317 1592 homo
2342 1536 2632 1603 corruerit,
2660 1537 2824 1593 etiam
2853 1540 2939 1594 sui
2969 1538 3197 1610 periculi
3236 1556 3350 1595 rem
3383 1556 3507 1599 esse

1923 1644 2034 1683 non
2067 1630 2343 1684 nesciunt.
2377 1628 2444 1684 Et
2469 1630 2615 1686 sicut
2642 1629 2824 1687 bonus
2846 1630 3158 1701 episcopus,
3187 1640 3239 1687 et
3263 1632 3507 1703 Optimus

1922 1716 2183 1775 Ecclesia:
2211 1720 2556 1789 dispensator
2588 1719 2691 1775 scit
2714 1720 2800 1776 sui
2828 1720 3008 1775 meriti
3049 1735 3171 1777 esse
3201 1728 3365 1791 atque
3388 1722 3506 1777 vir-

1928 1813 2063 1869 tutis
2087 1855 2103 1880 ,
2131 1814 2177 1869 si
2220 1829 2351 1870 oves
2384 1812 2565 1885 gregis
2601 1813 2706 1868 sibi
2736 1812 2926 1868 crediti
2958 1812 3161 1869 fuerint
3192 1814 3502 1881 custoditur,

1919 1906 1994 1961 ita
2038 1905 2275 1977 intellige
2305 1913 2362 1961 et
2392 1905 2459 1960 de
2486 1905 2716 1975 angelis.
2747 1905 3051 1976 ignominia
3085 1906 3281 1977 angelo
3326 1918 3413 1964 est
3453 1908 3503 1963 si

1920 1998 2087 2054 homo
2107 1997 2289 2068 justus
2316 1995 2561 2054 creditus
2583 1996 2769 2061 fuerit,
2796 2006 2853 2052 et
2878 1997 3220 2068 peccaverit:
3253 2009 3312 2054 ut
3338 2014 3504 2055 econ-

1917 2094 2088 2149 trario
2116 2093 2290 2166 gloria
2314 2098 2400 2148 est
2424 2091 2617 2163 angelo
2646 2088 2694 2145 si
2720 2089 2888 2162 975
2906 2091 3148 2147 creditus
3178 2091 3282 2147 sibi
3310 2094 3500 2150 saltem

1920 2185 2186 2242 minimus
2218 2185 2271 2239 in
2305 2184 2548 2241 Ecclesia
2577 2181 2760 2238 fuerit.
2791 2180 3066 2237 Videbunt
3083 2184 3229 2239 enim
3259 2200 3366 2240 non
3397 2188 3502 2240 ali--

1917 2279 2157 2350 quando,
2187 2278 2281 2335 sed
2312 2293 2549 2349 semper,
2579 2276 2774 2333 faciem
2798 2274 2976 2331 Patris
3001 2276 3095 2348 qui
3124 2285 3209 2334 est
3234 2277 3288 2331 in
3323 2279 3501 2343 cmlis,

1918 2388 2043 2429 cum
2077 2372 2170 2428 alii
2207 2386 2425 2445 semper
2462 2388 2570 2427 non
2616 2371 2855 2426 videant.
2892 2368 3213 2426 Secundum
3243 2372 3500 2429 meritum

1917 2466 2065 2521 enim
2097 2480 2287 2520 eorum
2314 2478 2551 2535 quorum
2576 2461 2756 2533 angeli
2788 2469 2951 2541 sunt,
2986 2469 3082 2517 aut
3121 2476 3371 2531 semper,
3403 2469 3503 2519 aut

1918 2571 2200 2629 nunquam
2220 2600 2235 2623 ,
2264 2558 2350 2613 vel
2379 2572 2569 2628 parum
2594 2598 2608 2622 ,
2647 2556 2732 2611 vel
2765 2557 2888 2626 plus
2910 2595 2925 2621 ,
2966 2554 3159 2611 faciem
3197 2554 3293 2610 Dei
3322 2555 3505 2627 angeli

1920 2650 2465 2721 contemplabuntur.
2511 2648 2685 2719 Cujus
2724 2648 2801 2703 rei
2830 2648 2896 2703 ad
2927 2647 3194 2718 liquidum
3244 2648 3498 2703 notitiam

1920 2741 2065 2799 Deus
2094 2742 2328 2808 noverit,
2358 2748 2414 2796 et
2442 2741 2487 2797 si
2527 2741 2685 2811 quis,
2716 2740 2843 2795 licet
2870 2754 3015 2803 raro,
3046 2738 3215 2794 fuerit
3245 2739 3502 2797 inventus

1919 2851 2081 2907 quem
2128 2834 2381 2891 Christus
2425 2833 2689 2889 illuxerit.
2749 2832 3039 2889 Videamus
3080 2846 3212 2903 ergo
3257 2834 3492 2903 primum

1920 2928 2046 2998 quis
2072 2927 2144 2982 sit
2171 2927 2518 2985 adversarius
2542 2942 2667 2981 cum
2692 2941 2803 2996 quo
2829 2924 2932 2979 iter
2955 2924 3245 2980 faciamus.
3273 2924 3502 2995 Semper

1923 3019 2206 3074 nobiscum
2230 3027 2315 3074 est
2339 3018 2706 3074 adversarius.
2729 3016 2975 3072 infelices
2997 3031 3122 3081 nos,
3143 3024 3308 3085 atque
3332 3015 3499 3071 mise-

1922 3114 2150 3169 rabilesl
2183 3110 2632 3182 Quotiescunque
2678 3109 3109 3180 peccaverimus,
3149 3108 3503 3164 adversarius

230 3199 498 3270 iudicem,
531 3210 863 3256 exactorem.
895 3200 1152 3274 Legimus
1183 3202 1266 3269 (si
1300 3211 1479 3259 tamen
1512 3204 1599 3257 cui
1640 3204 1814 3274 placet
1843 3227 1884 3285 ο
1923 3214 2106 3258 noster
2136 3203 2407 3269 exsultat,
2450 3203 2633 3257 sciens
2662 3201 2921 3271 quoniam
2969 3199 3131 3254 habet
3179 3199 3495 3254 facultatem

234 3291 618 3362 hujuscemodi
655 3292 994 3363 Scripturam
1032 3294 1309 3365 recipere)
1346 3295 1574 3365 iustitiae
1616 3304 1671 3351 et
1714 3294 1816 3349 ini—

233 3385 462 3455 quitatis
507 3387 732 3458 angelos
783 3402 946 3456 super
987 3388 1221 3443 Abrahae
1267 3388 1444 3444 salute
1487 3396 1542 3444 et
1592 3386 1812 3443 interitu

231 3475 628 3545 disceptantes,
660 3477 791 3530 dum
828 3485 1072 3547 utraeque
1103 3486 1297 3533 turma:
1332 3492 1435 3534 suo
1466 3493 1591 3533 eum
1624 3478 1817 3533 volunt

230 3571 402 3625 εωιυὶ
439 3570 740 3625 vindicare.
779 3568 935 3637 Quod
967 3570 1011 3625 si
1046 3572 1135 3626 cui
1164 3570 1443 3642 displicet,
1476 3579 1718 3627 transeat
1746 3572 1813 3626 ad

232 3660 493 3718 volumen
528 3664 672 3731 quod
709 3664 868 3717 titulo
894 3662 1139 3718 Pastoris
1174 3664 1454 3730 scribitur,
1489 3672 1543 3719 et
1576 3664 1816 3719 inveniet

231 3755 451 3810 cunctis
486 3755 800 3811 hominibus
828 3756 965 3827 (97)
1005 3757 1144 3813 duos
1184 3757 1375 3812 adesse
1408 3755 1659 3827 angelos:
1698 3773 1816 3811 ma-

229 3848 368 3915 lum,
401 3849 496 3921 qui
532 3849 598 3905 ad
626 3864 881 3920 perversa
911 3850 1267 3914 exhortatur,
1296 3857 1351 3903 et
1383 3849 1586 3907 bonum
1620 3851 1713 3921 qui
1744 3849 1814 3905 ad

228 3940 439 4011 optima
477 3958 707 4013 quasque
761 3942 1072 4013 persuadet.
1129 3941 1400 3996 Sci-ibitur
1448 3941 1619 4009 alibi,
1666 3942 1813 4012 quod

228 4036 497 4092 assistant
540 4037 789 4103 homini,
833 4036 948 4093 sive
979 4036 1034 4091 in
1075 4035 1319 4100 bonam,
1352 4034 1468 4091 sive
1513 4035 1566 4089 in
1612 4036 1811 4090 malam

228 4136 443 4196 partem
490 4126 738 4197 duplices
786 4126 987 4198 angeli.
1039 4124 1116 4181 De
1148 4126 1308 4181 bonis
1351 4126 1516 4181 etiam
1565 4124 1814 4181 Salvator

228 4218 523 4282 meminit,
564 4219 752 4274 dicens
794 4219 870 4274 '7:
925 4217 1114 4289 Angeli
1159 4234 1340 4272 eorum
1388 4234 1590 4289 semper
1638 4218 1814 4272 vident

226 4308 424 4380 faciem
472 4307 653 4363 Patris
698 4310 801 4363 mei
850 4309 943 4380 qui
985 4309 1038 4362 in
1082 4309 1224 4364 caelis
1265 4316 1365 4365 est.
1407 4302 1585 4364 Simul
1630 4322 1814 4379 quaere

226 4410 415 4457 utrum
465 4401 815 4471 parvulorum
853 4401 906 4454 in
939 4400 1179 4455 Ecclesia
1214 4414 1430 4470 semper
1459 4400 1681 4455 videant
1709 4415 1807 4455 an-

225 4492 336 4564 geli
366 4492 558 4548 faciem
604 4492 819 4558 Patris,
865 4502 919 4548 et
947 4493 1180 4545 aliorum
1221 4492 1398 4560 angeli
1434 4506 1541 4547 non
1580 4492 1813 4549 habeant

1919 3296 2061 3367 apud
2094 3295 2393 3366 principem
2423 3292 2606 3350 saeculi
2636 3292 2821 3363 hujus,
2849 3291 2945 3362 qui
2977 3306 3036 3347 se
3066 3291 3292 3346 miserat
3320 3292 3501 3347 exsul-

1915 3389 2066 3445 tandi
2088 3397 2142 3443 et
2165 3386 2454 3459 gloriandi,
2477 3401 2543 3443 eo
2567 3387 2711 3457 quod
2739 3385 3106 3449 adversarius,
3135 3384 3280 3439 verbi
3304 3386 3503 3455 gratia.

1915 3482 2082 3551 hujus
2110 3480 2195 3536 vel
2238 3480 2415 3546 illius,
2463 3494 2590 3534 eum
2623 3478 2814 3534 fecerit
2843 3478 3077 3548 principi
3114 3477 3300 3532 saeculi
3334 3479 3501 3547 hujus

1915 3591 2038 3632 esse
2083 3574 2397 3645 subjectum
2427 3587 2525 3644 per
2559 3571 2683 3626 talia
2725 3579 2912 3642 totque
2953 3579 3209 3640 peccata,
3257 3585 3355 3640 per
3394 3571 3501 3626 hoc

1918 3668 2160 3737 illudque
2194 3666 2475 3722 delictum.
2529 3662 2725 3718 Evenit
2771 3672 2953 3716 autem
3005 3662 3311 3727 interdum,
3359 3664 3498 3718 utsi

1914 3761 2009 3831 qui
2061 3758 2227 3814 fuerit
2267 3764 2601 3828 praeparatus
2643 3762 2919 3809 armatura
2968 3752 3096 3820 Dei,
3134 3766 3188 3808 et
3229 3768 3294 3807 ex
3345 3757 3497 3809 omni

1916 3860 2069 3923 parte
2094 3866 2155 3906 se
2180 3850 2394 3913 texerit,
2419 3855 2648 3902 conetur
2670 3844 2891 3916 quidem
2923 3843 3271 3899 adversarius
3298 3844 3498 3900 vulnus

1916 3944 2161 4010 inferre,
2216 3941 2309 3999 sed
2360 3939 2672 3995 facultatem
2722 3952 2828 3992 non
2888 3937 3085 3991 habeat
3135 3936 3498 4007 percutiendi.

1917 4034 2145 4105 Semper
2184 4034 2470 4089 nobiscum
2519 4029 2868 4086 adversarius
2900 4030 3178 4099 graditur,
3214 4044 3497 4101 nunquam

1914 4146 2016 4185 nos
2042 4128 2277 4191 deserit,
2311 4125 2505 4196 quaerit
2542 4125 2887 4180 occasionem
2921 4122 3266 4186 insidiarum,
3298 4122 3344 4176 si
3386 4139 3500 4193 quo

1914 4219 2079 4275 modo
2111 4233 2213 4272 nos
2235 4217 2555 4287 subvertere
2576 4224 2761 4287 queat,
2790 4224 2848 4270 ut
2873 4215 2928 4269 in
2955 4212 3237 4284 principali
3271 4213 3502 4285 [ἡγεμο-

1912 4310 2070 4383 νικῷ]
2109 4306 2289 4367 cordis
2324 4309 2497 4365 nostri
2544 4309 2742 4362 malam
2794 4307 3052 4377 subjiciat
3085 4307 3471 4377 cngitationem

1915 4405 2140 4472 Quando
2163 4405 2312 4458 vadis
2336 4404 2405 4457 ad
2432 4403 2723 4473 principem
2740 4401 2808 4454 ⁸³.
2829 4400 3096 4467 Quisnam
3122 4400 3224 4455 iste
3247 4399 3498 4468 princeps

1912 4498 2034 4555 est?
2053 4497 2278 4563 Quando
2309 4496 2580 4551 diuidebat
2599 4494 2910 4548 Altissimus
2934 4502 3130 4564 gentes,
3154 4494 3367 4563 quando
3389 4492 3496 4547 dis-

224 4585 534 4641 libel'lalem
585 4586 794 4640 “Illum
838 4582 1019 4639 Patris
1067 4583 1387 4640 attendere:
1436 4598 1613 4654 neque
1661 4587 1805 4640 enim
1840 4590 1884 4645 D
1912 4589 2207 4646 seminabat
2233 4587 2374 4658 ﬁlios
2402 4587 2597 4652 Adam,
2626 4586 2816 4640 statuit
2842 4587 3091 4639 terminos
3116 4583 3396 4636 nationum
3420 4599 3499 4636 sc-

227 4677 560 4747 Sperandum
621 4686 744 4741 est,
809 4676 1054 4730 omnium
1104 4675 1327 4745 angelos
1377 4675 1560 4731 videre
1612 4674 1807 4731 faciem

224 4768 409 4824 Patris
430 4769 523 4839 qui
547 4770 600 4823 in
625 4769 778 4825 caelis
799 4778 901 4823 est.
923 4768 978 4822 Si
1007 4768 1162 4825 fuero
1183 4771 1250 4823 de
1270 4766 1537 4833 Ecclesia,
1557 4770 1809 4839 quamvis

227 4862 493 4917 minimus
515 4862 640 4927 sim,
661 4862 823 4916 habet
843 4861 1145 4916 libertatem
1170 4860 1396 4930 angelus
1421 4876 1574 4915 meus
1595 4870 1647 4915 et
1670 4860 1812 4916 ﬁdu-

226 4953 372 5009 ciam
403 4970 618 5025 semper
654 4954 832 5009 videre
872 4952 1063 5009 faciem
1094 4950 1275 5009 Patris
1303 4952 1410 5008 mei
1448 4952 1542 5023 qui
1571 4952 1624 5006 in
1653 4953 1809 5010 cmlis

1918 4682 2149 4736 cundum
2178 4696 2450 4735 numerum
2478 4678 2786 4751 angelorum
2815 4676 2936 4743 Dei,
2969 4686 3017 4730 et
3048 4676 3195 4746 facta
3216 4685 3295 4729 est
3322 4677 3498 4743 portio

1917 4772 2134 4827 Domini
2178 4770 2403 4842 papulas
2445 4771 2558 4841 ejus
2598 4769 2798 4836 Jacob,
2850 4767 3123 4839 funiculus
3167 4765 3496 4821 haereditatis

1914 4864 2030 4935 ejus
2065 4862 2239 4918 Israel
2262 4864 2326 4918 ⁸ο.
2359 4861 2470 4935 (98)
2502 4863 2667 4932 igitur
2696 4861 3057 4931 principibus,
3090 4858 3143 4913 id
3170 4866 3256 4913 est
3285 4858 3498 4928 angelis

1913 4957 2030 5031 (99)
2056 4958 2127 5013 ab
2158 4955 2386 5013 exordio
2414 4966 2557 5012 terra
2585 4955 2759 5011 divisa
2789 4966 2892 5011 est.
2923 4953 3111 5008 Daniel
3144 4953 3346 5023 quippe
3373 4965 3497 5005 ma-

297 5092 347 5126 ⁸⁸
371 5090 559 5148 Matth.
590 5107 645 5157 v,
673 5089 764 5148 25.
839 5090 885 5124 ⁸⁸
911 5090 1044 5147 ibid.
1073 5090 1165 5147 26.
1240 5089 1492 5163 ⁸⁷)1ειιιὶι.
1519 5093 1777 5158 xvm,lO.

1930 5097 2196 5170 Ephes.v,
2218 5096 2308 5151 27.
2389 5096 2435 5129 ⁸⁸
2461 5094 2654 5150 Matth.
2683 5110 2782 5157 xu,
2818 5094 2906 5148 58.
2985 5094 3030 5125 ⁵ο
3057 5091 3215 5147 Deut.
3242 5105 3417 5154 xxxii,
3435 5088 3490 5143 8.

301 5225 520 5300 (94-95)
545 5226 793 5300 Graecum
835 5225 977 5300 sacri
1004 5231 1183 5300 textus
1208 5224 1457 5300 verbum,
1493 5225 1803 5300 κατασύρᾳ,

225 5294 666 5367 substituendum
696 5296 785 5351 hic
812 5297 1026 5352 videtur
1051 5294 1269 5359 Latino,
1303 5298 1509 5367 quippe.

300 5367 411 5439 (96)
440 5365 665 5423 Videtur
684 5367 750 5439 de
771 5366 1041 5423 industria
1065 5365 1357 5439 lectionem.
1378 5365 1525 5439 illam
1549 5366 1806 5439 praferre

225 5436 403 5495 Graeci
434 5436 733 5508 archetypi,
765 5453 888 5507 quae
925 5439 982 5492 in
1023 5448 1219 5493 neutro
1255 5438 1417 5509 habet
1441 5438 1503 5509 τὸ
1534 5436 1763 5509 ἔσχατον
1786 5480 1802 5507 ,

224 5509 383 5565 alteri
400 5525 521 5578 quae
542 5509 596 5562 in
613 5509 732 5563 allis
752 5509 992 5563 occurrit
1002 5508 1428 5579 exemplaribus,
1445 5508 1536 5579 τὸν
1551 5508 1798 5579 ἔσχατον.

299 5580 413 5650 (97)
438 5578 685 5634 Diximus
712 5593 877 5647 supra
905 5580 973 5634 ad
999 5578 1188 5651 homil.
1222 5578 1292 5632 25
1318 5579 1484 5651 videri
1509 5578 1799 5651 Origenem

166 5658 174 5666 '
226 5649 472 5705 sensisse
488 5651 647 5705 bonis
671 5659 903 5716 tantum,
920 5649 1233 5720 sanctisque
1255 5650 1387 5704 viris
1401 5649 1683 5705 custodem
1708 5665 1801 5706 an-

224 5721 406 5790 gelum
441 5720 694 5791 adjungi:
732 5720 821 5775 hic
846 5721 1019 5774 multo
1047 5720 1204 5775 aliter
1232 5720 1369 5783 duos
1393 5722 1591 5791 cuique
1619 5721 1799 5776 homi-

227 5806 358 5845 num
380 5792 691 5862 assignatos
714 5791 1147 5862 apocryphorum
1173 5806 1392 5862 quoque
1414 5791 1679 5862 librorum
1706 5806 1798 5846 au-

227 5863 480 5918 ctoritate
500 5859 812 5919 contendit:
843 5859 896 5917 ei
914 5859 1084 5941 paulo
1110 5859 1341 5919 inferius
1365 5861 1798 5920 luculentissima

1912 5232 1983 5289 iis
2007 5232 2172 5288 etiam
2203 5231 2295 5302 qui
2320 5231 2389 5285 ah
2408 5228 2654 5302 Ecclesia
2671 5227 2831 5302 alieni
2856 5236 3017 5302 sunt,
3034 5227 3346 5302 assignatus
3365 5242 3493 5302 pro:

1914 5304 2130 5358 nuntiat
2150 5298 2409 5358 custodes
2431 5300 2673 5371 angelos,
2697 5301 2824 5371 dum
2849 5300 3047 5371 eosrait
3069 5313 3175 5351 non
3199 5298 3402 5371 audere
3421 5300 3490 5371 ad

1912 5373 2151 5430 caelestis
2179 5372 2360 5427 Patris
2383 5368 2575 5427 faciem
2598 5370 2789 5426 oculos
2815 5369 3081 5433 attollere,
3113 5377 3168 5422 et
3189 5383 3288 5437 pro
3314 5368 3488 5423 homi-

1913 5460 2044 5498 num
2070 5443 2177 5499 sibi
2212 5443 2554 5498 subditorum
2586 5441 2796 5496 meritis
2827 5450 2921 5494 aut
2963 5455 3187 5507 semper,
3233 5447 3324 5491 aut
3355 5455 3493 5493 nun-

1909 5530 2091 5581 quam,
2125 5514 2204 5569 uel
2234 5530 2457 5584 parum,
2491 5512 2571 5567 vel
2598 5512 2718 5582 plus
2764 5511 2958 5582 faciem
3004 5508 3112 5584 Dei
3143 5510 3491 5584 contemplari

1908 5579 2115 5655 posse;
2149 5579 2691 5657 quiefexaggerat'io,
2744 5579 3032 5657 quantum
3064 5579 3133 5635 ab
3183 5580 3491 5637 orthodoxa

1908 5653 2183 5719 sententia
2214 5656 2530 5717 abhorreat,
2562 5669 2723 5709 nemo
2758 5669 2866 5708 non
2897 5653 3081 5707 Sentit.

1984 5724 2094 5801 ωε)
2132 5726 2263 5801 Yide
2286 5742 2405 5801 car.-
2432 5722 2467 5779 5
2501 5725 2597 5780 lib-
2628 5740 2685 5801 Ψ
2708 5723 2854 5801 ,ῌερὶ
2882 5722 3089 5801 deuti)?-

1982 5792 2096 5869 (99)
2132 5798 2264 5855 Vide
2293 5792 2367 5853 ηί
2386 5796 2440 5852 in
2472 5810 2594 5867 cap.
2632 5796 2669 5851 3
2708 5792 2812 5853 lib.
2844 5792 3079 5866 ιιιῊερὶ
3113 5792 3317 5865 ἀρχῶν.
