4002 6536
615 369 745 429 1891

2089 362 2417 422 ORIGENIS

3702 374 3804 432 1892

613 490 863 547 infestius
884 502 1026 559 quos
1053 486 1264 560 Moyses
1293 487 1515 558 angelos
1546 486 1877 552 nominarat,
1907 484 2180 556 principes
2213 470 2251 543 Α
2285 481 2474 539 Deum.
2513 480 2736 548 Quando
2767 482 2916 537 vadis
2953 495 3075 537 cum
3113 484 3415 540 adversario
3453 493 3545 540 tuo
3566 486 3631 539 ad
3651 491 3805 557 νήιά.

614 600 737 640 e5se
764 590 1012 645 testatur,
1049 581 1274 636 dicens:
1315 580 1565 649 Princeps
1608 581 1753 651 regni
1787 578 2094 641 Persarum,
2134 587 2184 631 et

612 678 852 748 princeps
883 675 1027 743 regni
1064 673 1368 728 Grazcorum
1389 713 1403 737 ,
1445 683 1490 726 et
1535 672 1764 726 Michael
1793 673 2031 742 princeps
2064 688 2189 741 gen-

613 770 749 824 tium
775 770 840 822 “.
880 765 985 838 (ί)
1012 766 1077 821 Et
1115 766 1491 835 unusquisque
1521 775 1765 819 nostrum
1798 780 1981 819 secum
2027 763 2188 819 habet

613 861 991 916 adversarium
1040 860 1439 922 coluerentem,
1492 857 1650 925 cujus
1696 872 1833 926 opus
1865 866 1949 911 est
1991 856 2190 909 ducere

616 966 719 1006 nos
758 951 826 1005 ad
870 948 1205 1020 principem,
1256 955 1310 1000 et
1352 945 1575 999 dicere:
1617 944 1661 998 Ο
1701 944 1987 1014 princeps,
2037 942 2186 996 verbi

613 1042 822 1113 gratia,
853 1040 1005 1110 regni
1041 1037 1362 1099 Persarum,
1402 1037 1505 1090 iste
1534 1036 1629 1105 qui
1666 1035 1854 1089 subter
1898 1043 2016 1089 erat
2050 1033 2185 1098 tibi,

614 1144 767 1198 eum,
792 1139 851 1183 ut
876 1144 1012 1198 opus
1044 1126 1237 1191 fuerat,
1269 1126 1539 1181 custodiri
1573 1145 1586 1180 :
1623 1126 1804 1180 nullus
1835 1126 1980 1181 enim
2011 1126 2077 1179 de
2104 1138 2190 1178 re-

621 1220 787 1290 liquis
823 1214 1159 1290 principibus
1193 1217 1259 1270 ad
1290 1231 1349 1270 se
1379 1217 1555 1285 potuit
1583 1216 1954 1282 transducere,
2001 1230 2071 1269 ne
2100 1214 2191 1270 ille

621 1313 865 1384 quidem,
889 1311 981 1380 qui
1009 1310 1072 1363 ad
1099 1310 1202 1363 hoc
1220 1323 1278 1362 se
1301 1307 1515 1362 venisse
1528 1306 1787 1376 jactabal,
1809 1314 1865 1360 ut
1886 1307 1952 1360 de
1976 1307 2190 1363 cunctis

624 1402 1030 1459 bmreditatibus
1057 1400 1371 1467 Persarum,
1405 1400 1518 1453 sive
1547 1399 1884 1464 Graecorum,
1916 1399 2190 1453 omnium-

619 1510 728 1563 que
762 1495 1044 1548 nationum
1082 1500 1295 1561 raperet
1335 1490 1616 1554 homines,
1655 1498 1709 1543 et
1748 1489 2061 1544 haereditate
2095 1488 2189 1543 Dei

620 1584 822 1639 faceret
872 1597 994 1637 esse
1044 1582 1340 1650 subjectos.
1392 1580 1644 1634 Christus
1692 1578 1955 1634 Dominus
2004 1588 2188 1633 noster

617 1690 809 1729 omnes
837 1674 1111 1744 principes
1136 1673 1285 1738 vicit,
1314 1681 1368 1726 et
1391 1672 1652 1727 terminos
1678 1687 1866 1726 eorum
1897 1671 2185 1736 transiens,

616 1766 862 1835 captivos
906 1764 1135 1833 populos
1162 1762 1230 1817 ad
1264 1778 1322 1817 se
1349 1764 1626 1818 transtulit
1659 1763 1712 1816 iu
1747 1762 1997 1817 salutem.
2035 1762 2098 1816 Et
2130 1771 2186 1815 tu

2289 589 2428 642 pem,
2460 574 2516 626 in
2541 574 2625 628 via
2653 574 2723 627 da
2752 590 2986 645 operam.
3040 572 3243 629 Laﬁtat
3284 574 3338 628 in
3377 575 3483 629 hoc
3524 574 3634 630 loco
3661 580 3804 634 nescio

2291 664 2444 735 quid,
2489 673 2544 720 et
2583 676 2851 722 secretum
2890 674 3010 731 est,
3045 667 3101 720 in
3140 666 3223 720 via
3250 666 3321 719 da
3350 681 3579 735 operam.
3610 665 3807 724 Salvator

2291 758 2365 812 ait
2389 757 2434 790 ⁶⁸
2462 778 2477 814 :
2505 757 2617 828 Ego
2653 775 2770 812 sum
2808 760 2927 825 via,
2975 760 3169 814 veritas
3193 799 3208 823 ,
3272 770 3321 813 et
3364 749 3495 813 vita.
3541 757 3595 813 Si
3635 761 3804 818 dederis

2289 863 2533 921 Operam,
2569 861 2629 905 ut
2654 851 2902 906 libereris
2931 850 3002 905 ab
3033 850 3371 917 adversario,
3397 859 3518 905 esto
3559 850 3609 904 in
3634 851 3741 905 via:
3763 863 3805 909 et

2290 957 2354 997 eu
2364 958 2413 996 m
2437 943 2655 998 steteris
2669 942 2722 997 in
2744 957 2810 997 eo
2825 944 2917 1012 qui
2935 942 3095 997 dicit:
3118 941 3232 1011 Ego
3249 958 3365 995 sum
3381 942 3484 1007 via,
3501 942 3700 998 stetisse
3721 958 3801 997 non

2290 1034 2504 1101 sullicit,
2549 1035 2648 1090 sed
2684 1034 2753 1089 da
2800 1048 3018 1103 operam
3053 1043 3111 1088 ut
3146 1034 3392 1090 libereris
3422 1035 3495 1089 ab
3522 1034 3804 1091 adversario.

2288 1123 2405 1180 Nisi
2452 1126 2666 1182 dederis
2718 1140 2960 1195 cperam,
3006 1134 3065 1180 ut
3116 1127 3186 1181 ab
3232 1126 3544 1183 adversario
3590 1126 3805 1193 libereris,

2290 1230 2412 1284 qua:
2452 1223 2503 1270 te
2548 1228 2847 1285 sequantur
2881 1216 3151 1270 ausculta.
3194 1215 3386 1270 Trahit
3424 1226 3476 1271 te
3513 1217 3577 1271 ad
3611 1217 3802 1287 judiccm

2291 1308 2657 1372 adversarius,
2687 1309 2802 1364 sive
2828 1309 3081 1379 princeps
3111 1325 3234 1363 eum
3267 1318 3319 1363 te
3347 1309 3638 1378 susceperit
3658 1311 3714 1365 ab
3734 1311 3806 1365 ad-

2291 1395 2556 1459 versario,
2591 1396 2757 1450 trahit
2794 1405 2848 1450 te
2880 1397 2945 1450 ad
2972 1396 3235 1466 judiccm.
3278 1396 3449 1464 Quam
3498 1399 3696 1469 elegans
3716 1415 3808 1453 ver-

2294 1488 2442 1551 bum,
2477 1487 2664 1552 trahit,
2699 1496 2757 1542 ut
2778 1489 3033 1544 ostendat
3064 1490 3468 1559 quodammodo
3506 1500 3806 1547 retractantes

2291 1584 2345 1632 et
2382 1577 2628 1632 nolentes
2668 1578 2734 1631 ad
2773 1579 3279 1634 condemnationem
3326 1578 3469 1651 trahi
3506 1588 3558 1635 et
3593 1579 3664 1634 ire
3695 1595 3809 1635 com.

2291 1667 2449 1736 pelli!
2492 1667 2627 1735 Quis
2659 1670 2803 1724 enim
2841 1671 3108 1726 homicida
3139 1672 3353 1727 concito
3377 1672 3545 1742 gradu
3578 1673 3730 1743 pergit
3758 1671 3808 1726 ad

2288 1759 2567 1828 judiccm?
2613 1763 2737 1831 quis
2778 1764 3018 1833 gaudens
3054 1764 3121 1819 ad
3150 1764 3654 1820 condemnationem
3685 1782 3806 1820 suam

616 1857 685 1911 de
733 1865 884 1925 parte
936 1853 1167 1923 alicujus
1220 1854 1481 1923 principis
1520 1869 1685 1909 eras:
1739 1854 1889 1907 venit
1928 1851 2087 1908 lesus
2139 1861 2193 1907 et
2222 1840 2263 1894 Β
2295 1850 2372 1905 ire
2401 1850 2642 1916 festinat,
2681 1862 2735 1906 et
2765 1869 2874 1907 non
2908 1853 3109 1909 invitus
3140 1855 3394 1923 trahitur,
3417 1871 3482 1911 ac
3517 1856 3810 1927 repugnansl

618 1949 798 2017 rapuit
833 1957 883 2002 te
911 1947 977 2002 de
1023 1954 1291 2017 potestate
1342 1961 1595 2015 perversa
1619 1986 1633 2011 ,
1664 1953 1718 1999 et
1749 1943 1860 1999 Deo
1892 1943 2036 1998 Patri
2089 1945 2190 2000 ob-

620 2042 764 2095 tulit.
798 2041 1157 2095 Adversarius
1182 2054 1313 2108 ergo
1350 2047 1533 2092 noster
1561 2038 1827 2105 ambulat,
1861 2038 2068 2093 ducens
2093 2054 2190 2094 nos

2296 1941 2409 1997 Scit
2435 1944 2579 1997 enim
2609 1959 2668 1999 se
2694 1944 2761 1998 ad
2787 1945 2890 2001 hoc
2918 1945 3018 2011 ire,
3053 1956 3112 2001 ut
3140 1948 3461 2003 sententiam
3494 1950 3672 2004 mortis
3697 1951 3810 2005 acci-

2294 2035 2424 2104 piat.
2454 2034 2532 2089 Ne
2565 2034 2702 2095 forte
2733 2037 2911 2091 trahat
2946 2047 2997 2092 te
3020 2039 3087 2094 ad
3113 2041 3377 2109 judiccm.
3413 2041 3549 2109 Quis
3572 2053 3713 2114 putas
3734 2045 3810 2103 ista

616 2132 682 2186 ad
712 2132 1011 2203 principem
1044 2149 1226 2188 suum.
1262 2131 1413 2186 Unde
1451 2146 1550 2202 ego
1589 2131 1817 2186 credens
1842 2131 2023 2185 omnia
2048 2130 2193 2187 Scri-
2287 2125 2455 2194 iudex
2503 2126 2633 2182 eSt?
2679 2125 2792 2197 Ego
2825 2128 3008 2183 nescio
3058 2130 3223 2185 alium
3261 2131 3499 2201 judiccm
3539 2136 3637 2189 nisi
3664 2136 3810 2191 Domi-

616 2231 901 2295 pturarum
932 2228 1097 2282 verba
1134 2227 1333 2281 habere
1367 2226 1656 2286 rationem,
1689 2239 1795 2279 nou
1826 2233 1956 2294 puto
1990 2224 2190 2281 frustra

611 2314 850 2385 judiccm
884 2316 959 2385 (2)
988 2318 1128 2387 apud
1154 2317 1393 2384 Graecos,
1424 2332 1546 2373 cum
1574 2316 1805 2371 articulo
1832 2317 2069 2386 positum
2096 2319 2188 2388 qui

614 2405 1011 2476 singularitatis
1047 2408 1383 2479 signiﬁcator
1412 2416 1530 2473 cst;
1576 2408 1872 2478 principem
1903 2425 2031 2464 vero
2066 2410 2186 2465 sine

612 2497 849 2551 articulo
897 2498 1159 2568 scriptum
1210 2514 1332 2554 esse
1375 2498 1714 2568 simpliciter.
1773 2500 1997 2565 Quando
2036 2500 2183 2555 uadis

611 2602 732 2640 cum
768 2588 1072 2642 adversario
1098 2599 1205 2642 tuo.
1238 2588 1525 2659 Signanter
1555 2588 1647 2653 ait,
1680 2601 1791 2644 tuo.
1826 2589 2012 2660 Neque
2039 2591 2185 2644 enim

611 2692 804 2733 omnes
829 2679 1073 2733 omnium
1106 2688 1235 2735 sunt
1266 2678 1587 2745 adversarii,
1618 2681 1711 2735 sed
1745 2682 1946 2751 singuli
1995 2682 2186 2753 singu-

609 2769 696 2825 los
729 2771 947 2837 habent,
981 2772 1074 2840 qui
1112 2772 1311 2842 ubique
1357 2788 1453 2828 eos
1484 2782 1805 2842 sequantur,
1850 2784 1904 2830 et
1941 2775 2052 2830 sint
2094 2791 2187 2831 co-

611 2860 792 2916 mites.
836 2861 1063 2926 Quando
1099 2864 1249 2918 vadis
1277 2881 1395 2918 cum
1425 2865 1732 2920 adversario
1767 2876 1858 2920 tuo
1890 2867 1958 2919 ad
1990 2868 2186 2933 princi-

607 2967 744 3021 pem.
795 2951 914 3008 Non
949 2970 1073 3010 cum
1119 2957 1351 3011 articulo
1382 2960 1679 3029 principem
1721 2959 1926 3029 posuit,
1962 2974 2030 3014 ne
2067 2976 2183 3016 cer-

607 3051 724 3098 tum
774 3045 1047 3101 videretur
1087 3049 1408 3116 ostendere;
1453 3052 1546 3106 sed
1601 3051 1721 3106 sine
1759 3052 2011 3119 articulo,
2054 3064 2115 3108 ut
2154 3069 2185 3107 e

606 3132 859 3203 pluribus
883 3152 1051 3191 unum
1076 3153 1196 3193 esse
1226 3150 1556 3197 monstraret
1581 3160 1594 3196 :
1622 3143 1766 3212 quod
1801 3143 1943 3212 apud
1965 3142 2182 3200 Grazcos
2209 3180 2252 3237 ο

610 3228 788 3298 magis
824 3229 1162 3301 intelligitur.
1198 3230 1758 3303 Unusquisqueenim
1792 3249 2040 3291 nostrum
2072 3253 2179 3292 non

607 3320 777 3374 habet
808 3320 1087 3389 proprium
1121 3321 1441 3393 principem.
1475 3326 1577 3390 Qui
1612 3324 1782 3396 Syrus
1819 3336 1923 3390 est.
1958 3329 2060 3384 sub
2090 3328 2183 3401 Sy-

606 3425 796 3464 rorum
830 3412 1073 3481 principe
1097 3420 1200 3479 est,
1243 3425 1293 3469 et
1338 3417 1717 3487 unusquisque
1757 3419 1860 3474 sub
1897 3435 1999 3475 suo
2031 3422 2182 3491 prin-

605 3501 728 3569 cipe
753 3501 929 3570 gentis
960 3512 1077 3559 est:
1114 3504 1159 3559 si
1190 3514 1369 3562 tamen
1404 3509 1686 3579 hucusque
1726 3512 2058 3580 processisse
2096 3529 2182 3570 me

606 3590 839 3657 sulﬂcit,
876 3602 929 3648 et
982 3596 1052 3652 ab
1093 3598 1195 3653 hac
1242 3600 1609 3670 disputatione
1651 3603 1717 3657 ad
1752 3604 1912 3659 aliam
1949 3606 2183 3663 transire

605 3686 892 3759 majorem,
923 3699 980 3745 ut
1006 3702 1233 3747 caeteras
1265 3708 1486 3763 quoque
1516 3705 1702 3764 gentes
1740 3697 1902 3751 etiam
1941 3713 2182 3754 comme-

604 3795 835 3835 morem.
892 3779 1046 3837 Unde
1098 3781 1299 3837 dicitur
1326 3785 1370 3816 “
1406 3802 1420 3839 :
1473 3784 1653 3839 Videte
1682 3784 1851 3841 Israel
1894 3789 2180 3843 secundum

603 3889 836 3929 carnem.
876 3872 1136 3930 Prudenti
1166 3876 1422 3947 erupisse,
1456 3878 1659 3933 dixisse
1684 3888 1806 3934 est:
1839 3880 1962 3934 licet
1994 3891 2048 3935 ct
2076 3880 2179 3936 hoc

602 3967 659 4023 in
688 3966 889 4038 populo
918 3968 1152 4038 coepisse
1183 3983 1516 4024 sermonem.
1565 3968 1669 4036 Qui
1717 3978 1768 4024 te
1803 3970 1939 4036 vult,
1978 3971 2176 4041 inquit,

601 4062 804 4117 ducere
850 4060 920 4116 ad
967 4061 1269 4131 principem
1331 4077 1527 4128 suum,
1575 4071 1630 4118 et
1673 4064 1741 4117 ab
1782 4063 1890 4118 alio
1938 4064 2181 4134 principe

599 4152 937 4218 conducere,
993 4155 1213 4224 quando
1258 4152 1411 4209 vadis
1454 4170 1577 4210 eum
1618 4154 1931 4211 adversario
1976 4165 2069 4211 tuo
2111 4156 2179 4211 ad

602 4243 922 4314 principem,
973 4246 1025 4299 in
1069 4247 1156 4302 ‘via
1199 4249 1267 4303 da
1317 4262 1538 4317 operam
1586 4256 1647 4302 ut
1692 4248 1940 4303 libereris
1982 4248 2051 4302 ab
2088 4263 2174 4303 eo.

600 4336 716 4392 Nisi
770 4339 920 4393 omni
976 4339 1157 4395 studio
1211 4340 1572 4407 laboraveris,
1627 4341 1756 4395 dum
1817 4339 1995 4395 adhuc
2033 4340 2174 4394 viam

600 4429 803 4502 carpis,
848 4440 1139 4501 antequam
1193 4432 1518 4503 ingrediaris
1546 4431 1612 4487 ad
1643 4432 1964 4502 principem,
1997 4433 2176 4502 prius-

2292 2233 2421 2272 num
2463 2234 2642 2273 meum
2679 2218 2861 2274 Jesum
2891 2219 3192 2288 Christum,
3223 2223 3290 2277 de
3318 2240 3428 2294 quo
3462 2226 3587 2280 alibi
3614 2228 3806 2283 dicitur:

2294 2305 2361 2360 Et
2394 2317 2589 2362 statuet
2629 2324 2743 2361 oves
2782 2325 2813 2361 a
2848 2308 3069 2371 dextris,
3101 2309 3277 2364 haedos
3308 2322 3486 2365 autent
3527 2330 3558 2366 a
3591 2312 3808 2384 975n-

2290 2399 2473 2452 nistris
2497 2400 2561 2452 ⁸⁸.
2594 2397 2660 2453 Ει
2700 2401 2888 2454 iterum
2917 2416 2930 2451 :
2962 2399 3067 2465 Qui
3109 2401 3376 2461 confessus
3405 2404 3565 2473 fuerit
3604 2420 3693 2468 me,
3717 2421 3809 2458 con-

2289 2491 2477 2558 ﬁtebor
2504 2501 2551 2544 et
2573 2508 2664 2561 ego
2698 2508 2815 2545 eum
2851 2508 3030 2545 coram
3057 2491 3220 2546 Patre
3253 2511 3363 2549 meo
3386 2497 3481 2567 qui
3514 2497 3569 2549 in
3593 2498 3807 2550 cmlisest.

2291 2583 2395 2649 Qui
2442 2598 2615 2637 autent
2665 2585 2929 2654 negaverit
2975 2601 3266 2644 mecoram
3311 2587 3627 2653 horninibus,
3653 2587 3809 2659 negabo

2286 2691 2404 2728 eum
2442 2691 2620 2728 coram
2646 2674 2808 2729 Patre
2845 2692 2955 2729 meo
2990 2677 3079 2746 qui
3118 2677 3174 2730 in
3208 2677 3349 2731 caelis
3378 2687 3456 2732 est
3483 2678 3548 2733 ‘°.
3572 2677 3748 2733 Trahat
3772 2688 3810 2732 te

2287 2768 2353 2822 ad
2384 2767 2648 2838 judiccm,
2684 2767 2920 2837 ctjudex
2952 2768 3128 2822 tradat
3156 2778 3206 2823 te
3236 2770 3500 2824 exactori.
3553 2764 3810 2845 Unusquis-

2287 2877 2393 2932 que
2425 2864 2670 2915 nostrum
2694 2874 2790 2930 per
2820 2858 3028 2929 singula
3058 2870 3273 2929 peccata
3305 2861 3569 2916 danmum
3599 2860 3808 2919 sustinet.

2286 2962 2340 3009 et
2376 2953 2532 3023 juxta
2585 2951 2901 3022 qualitatem
2954 2951 3332 3021 rationemque
3387 2951 3611 3017 delicti,
3664 2950 3807 3006 damni

2285 3044 2602 3116 magnitudo
2650 3053 2947 3113 reputatur.
3005 3042 3183 3098 Debeo
3215 3044 3433 3113 aliquod
3465 3046 3531 3100 de
3564 3043 3809 3115 Scripturis

2285 3138 2479 3193 atlerre
2510 3137 2880 3193 testimonium
2922 3150 3086 3206 super
3114 3136 3315 3191 damno
3366 3137 3641 3207 multaque
3680 3152 3808 3209 pecu-

2288 3232 2410 3288 niae.
2460 3231 2615 3286 Alius
2652 3230 2912 3285 damnum
2966 3230 3199 3285 sustinet
3226 3231 3641 3301 quingentorum
3681 3230 3809 3283 denso

2285 3323 2515 3388 riorum,
2547 3330 2601 3376 et
2630 3321 2790 3377 debet
2832 3335 2947 3385 eos,
2984 3321 3124 3375 alius
3185 3322 3583 3393 quinquaginta
3618 3318 3808 3375 denariis

2285 3414 2682 3468 condemnatur
2725 3430 2740 3467 :
2783 3428 2904 3482 qua:
2969 3428 3182 3467 summa
3217 3414 3484 3468 ambobus
3526 3428 3557 3467 a
3589 3412 3807 3468 creditore

2283 3509 2620 3565 conceditur.
2670 3507 2842 3563 Porro
2882 3507 3056 3571 alius,
3107 3508 3247 3562 sicut
3285 3506 3570 3577 Scriptura
3612 3505 3726 3560 dicit
3745 3503 3802 3555 ’τε

2287 3600 2510 3658 Oblatas
2540 3612 2615 3657 est
2646 3602 2694 3655 ei
2713 3617 2846 3655 unus
2869 3601 2958 3672 qui
2986 3600 3204 3654 dedebat
3227 3599 3403 3653 decem
3426 3599 3600 3653 millia
3625 3598 3802 3659 talenta,

2282 3696 2468 3752 decem
2506 3694 2747 3749 millibus
2790 3694 3115 3748 talentorum
3163 3693 3580 3747 condemnatur.
3627 3690 3685 3744 Et
3707 3686 3806 3759 quid

2286 3804 2375 3844 me
2421 3803 2644 3844 necesse
2682 3795 2767 3842 est
2809 3786 2961 3856 plura
3003 3785 3295 3855 persequi?
3324 3783 3702 3855 Unusquisque
3729 3793 3802 3852 pro

2282 3882 2542 3953 qualitate
2587 3889 2641 3935 et
2684 3878 2989 3949 quantitate
3033 3877 3279 3947 peccati,
3328 3876 3601 3931 diversam
3663 3874 3805 3928 multa

2281 3972 2602 4029 sententiam
2655 3969 2928 4039 expendit.
2981 3967 3038 4021 Si
3086 3982 3276 4037 parum
3310 3977 3395 4022 est
3438 3966 3587 4037 quod
3632 3978 3804 4037 peccas,

2281 4063 2493 4119 ferieris
2537 4063 2736 4117 damno
2780 4059 2998 4124 minuti,
3038 4068 3096 4112 ut
3123 4056 3300 4112 Lucas
3345 4058 3586 4127 scripsit,
3622 4066 3673 4111 ut
3704 4068 3806 4109 vero

2279 4155 2582 4220 Matthazus,
2609 4153 2945 4223 quadrantis.
2992 4151 3378 4206 Verumtamen
3420 4150 3585 4205 etiam
3627 4158 3805 4204 necesse

2278 4256 2362 4303 est
2399 4246 2502 4299 hoc
2541 4245 2716 4313 ipsum
2746 4242 2890 4313 quod
2936 4242 3142 4297 exstitit
3181 4241 3414 4304 debitor,
3453 4242 3680 4298 solvere.
3714 4237 3805 4292 Non

2278 4338 2422 4394 enim
2450 4337 2574 4391 inde
2601 4336 2751 4390 exies
2776 4334 2879 4388 nisi
2906 4343 2959 4388 et
2996 4334 3220 4388 minima
3248 4349 3478 4403 quaeque
3505 4330 3803 4404 persolveris.

2277 4427 2381 4495 Qui
2410 4442 2539 4481 vero
2584 4425 2759 4481 ﬁdelis
2802 4432 2903 4485 est,
2942 4425 3091 4478 nullo
3137 4424 3338 4479 damno
3390 4426 3699 4494 percutitur,
3731 4421 3804 4478 sed

598 4537 764 4590 quam
791 4524 1046 4594 princeps
1092 4526 1273 4579 tradat
1318 4536 1371 4579 te
1402 4523 1567 4595 judici
1598 4525 1666 4577 ab
1695 4524 2007 4579 adversario
2040 4539 2175 4594 prae-
2206 4549 2250 4604 ο
2279 4518 2522 4590 quotidie
2547 4518 2752 4573 ditatur
2780 4531 2793 4568 :
2825 4517 2900 4586 (5)
2924 4514 3085 4569 Totus
3115 4516 3253 4569 enim
3282 4515 3513 4569 mundus
3539 4514 3804 4569 divitiarum

600 4622 873 4681 paratum,
916 4625 1100 4682 postea
1142 4613 1346 4668 frustra
1389 4614 1698 4670 conaberis.
1747 4613 1820 4668 Da
1862 4631 1992 4685 ergo
2041 4632 2173 4684 ope-

602 4720 739 4769 ram,
769 4715 830 4758 ut
861 4704 1111 4760 libereris
1141 4706 1210 4760 ab
1236 4722 1321 4773 eo,
1352 4707 1467 4761 sive
1501 4721 1531 4760 a
1561 4706 1803 4776 principe
1834 4706 1900 4760 ad
1932 4721 2093 4776 quem
2122 4715 2173 4760 te

586 4793 770 4847 .trahit
818 4793 1183 4849 adversarius.
1232 4794 1307 4848 Da
1354 4811 1575 4864 operam
1620 4804 1681 4849 ut
1712 4796 1913 4851 habeas
1956 4798 2171 4864 sapien-

594 4887 753 4953 tiam,
781 4884 1072 4954 justitiam,
1108 4885 1505 4950 fortitudinem,
1535 4897 1699 4956 atque
1732 4888 2167 4957 temperantiam,

596 4988 650 5033 et
680 4986 812 5033 tunc
845 4977 1251 5047 complcbitur:
1299 4976 1435 5033 Ecce
1474 4977 1648 5043 homo,
1693 4994 1848 5046 opera
1889 4977 2001 5046 ejus
2048 4990 2169 5033 ante

595 5073 788 5143 facient
819 5087 970 5124 suam
1004 5070 1070 5124 ⁸³.
1124 5069 1239 5127 Nisi
1284 5070 1502 5125 dederis
1549 5086 1792 5140 operam,
1832 5085 1940 5125 non
1965 5074 2167 5142 poteris

593 5163 896 5220 adversarii
922 5170 1140 5233 pactum
1181 5161 1499 5234 infringere,
1528 5162 1685 5233 cujus
1724 5161 1963 5217 amicitia
1988 5173 2071 5218 est
2109 5166 2166 5221 in

2275 4613 2388 4681 ejus
2426 4620 2526 4666 est.
2562 4610 2799 4681 lnﬁdelis
2852 4619 3027 4663 autem
3071 4625 3162 4662 nec
3200 4607 3412 4662 ebulum
3456 4610 3627 4666 habet.
3681 4608 3803 4662 Alius

2275 4704 2569 4759 damnatur
2612 4702 2857 4768 denario,
2904 4700 3043 4755 alius
3091 4714 3251 4765 mna,
3309 4699 3451 4756 alius
3501 4701 3709 4756 talento.
3755 4696 3803 4748 Et

2273 4798 2533 4868 quaesitor
2568 4796 2733 4867 hujus
2759 4794 2983 4871 negotii,
3015 4794 3105 4863 qui
3141 4808 3426 4849 mensuras
3438 4794 3798 4879 3,universornm

2273 4890 2487 4943 noverit
2514 4898 2882 4959 peccatorum.
2925 4886 3037 4943 Hoc
3065 4887 3321 4943 delictum
3352 4886 3557 4942 talento
3580 4884 3799 4941 condem-

2275 4989 2436 5034 natur
2475 4998 2489 5034 :
2530 4980 2662 5034 illud
2714 4987 2993 5049 peccatum
3042 4975 3268 5030 multam
3313 4977 3619 5032 istiusmodi
3658 4988 3799 5031 mele-

2274 5082 2382 5127 tur.
2422 5071 2693 5142 Scriptum
2731 5079 2815 5126 est
2843 5069 2985 5125 enim
3013 5067 3058 5100 ⁶⁸
3081 5086 3095 5123 :
3123 5067 3256 5123 Cum
3284 5078 3456 5122 autem
3485 5069 3710 5137 capissct
3728 5064 3798 5134 [a-

2272 5180 2386 5220 cere
2418 5165 2697 5218 rationem.
2732 5160 3085 5233 Supputanda
3112 5169 3197 5216 est
3228 5160 3483 5215 omnibus
3513 5159 3666 5217 nobis
3699 5171 3796 5228 gra-

664 5304 707 5336 °‘
735 5303 874 5360 Dan.
901 5320 956 5369 x,
990 5302 1201 5374 15,420,
1232 5303 1322 5358 21.
1398 5304 1443 5334 ⁶²
1464 5305 1484 5356 Ι
1507 5302 1636 5374 Cor.
1658 5301 1824 5374 x,18.
1904 5302 2069 5359 “lsa.
2098 5323 2231 5374 1.x",
2256 5307 2339 5363 ll.
2416 5306 2462 5338 “
2479 5304 2641 5362 Joan.
2685 5318 2798 5370 xw,
2822 5300 2875 5355 6.
2952 5300 2997 5333 ⁸⁸
3021 5298 3206 5355 Matth.
3233 5316 3361 5365 xxv,
3405 5299 3493 5354 55.
3563 5299 3609 5332 ⁸⁸
3626 5293 3789 5352 Matth.

594 5389 651 5439 κ,
682 5374 772 5439 32,
793 5375 884 5429 5'5.
980 5374 1022 5406 ⁸⁷
1048 5372 1236 5428 Matth.
1264 5390 1415 5437 xvul,
1439 5374 1530 5431 24.
1599 5373 1643 5405 ⁸⁸
1664 5372 1852 5428 Matth.
1880 5389 2032 5441 xvm,
2059 5374 2146 5431 24.

664 5483 743 5627 ξιξ
774 5485 910 5542 Vide
925 5456 1050 5558 cap.
1081 5487 1142 5549 8,
1167 5482 1264 5539 lib.
1296 5500 1339 5553 ι,
1362 5485 1500 5555 Περὶ
1519 5484 1740 5558 ἀρχῶν.

689 5556 723 5609 2
794 5556 939 5613 Duas
979 5559 1232 5624 voculas,
1282 5560 1421 5627 apud
1470 5559 1711 5622 Grmcos,

2347 5492 2427 5566 (ὅ)
2489 5491 2717 5560 Sumpta
2772 5507 2841 5547 ex
2888 5488 3309 5566 Rrovcrbiornm
3364 5485 3502 5566 libro
3559 5479 3790 5566 sententis

794 5556 939 5613 Duas
979 5553 1232 5633 voculas,
1282 5553 1711 5633 apud‘Gr-m'cos,
1736 5560 1995 5633 itemque
2042 5561 2165 5619 illas
2265 5553 2552 5632 cap.'xvn,
2583 5553 2707 5633 post
2732 5560 2960 5633 vers._6,
2992 5563 3152 5633 juxta
3180 5555 3337 5633 ιρως,
3366 5555 3462 5633 τοῦ
3490 5554 3675 5633 πισῃῦ

596 5627 760 5703 paulo
809 5637 949 5703 post,
991 5631 1128 5698 quod
1172 5627 1557 5703 apudﬂmcos
1602 5632 1773 5703 magis
1824 5627 2164 5703 iritclligitur,

597 5695 680 5771 de
712 5695 816 5771 suo
843 5695 1214 5769 Hieronymus
1245 5698 1576 5769 adjunxerit.
1631 5695 1728 5755 Εδῖ
1779 5717 1909 5756 vero
1950 5695 2160 5771 Grmce,

596 5768 681 5846 ἐπ’
709 5766 963 5846 ἄρχογτα,
990 5766 1057 5846 ad
1077 5766 1387 5846 principem,
1418 5771 1624 5846 absque
1652 5772 1916 5846 articulo;
1946 5784 1999 5830 et
2030 5766 2167 5846 πρὸξ

596 5837 687 5890 τὸν
721 5836 913 5909 κ’ριτὴν
943 5838 1037 5893 καὶ
1068 5839 1096 5891 ὁ
1121 5845 1327 5916 κριτής,
1361 5855 1485 5896 cum
1514 5836 1761 5898 articulo.

2265 5635 2294 5686 ὁ
2317 5621 2549 5705 νῖιόσμοξ
2570 5621 2678 5685 ἑῶν
2716 5621 3031 5705 χρηξᾴτὼῦ,
3062 5628 3155 5683 τοῦ
3193 5628 3248 5681 δὲ
3281 5627 3509 5705 ditio-cep
3548 5625 3674 5705 ossa

2268 5704 2378 5768 λός.
2412 5693 3192 5773 l'uterpretaiii{Hieronymus
3235 5697 3519 5773 epist._55,
3547 5698 3620 5773 ad»
3640 5693 3789 5773 Dauli-

2270 5767 2423 5837 num,
2457 5767 2609 5827 num.
2642 5772 2710 5826 10
2736 5791 2748 5826 :
2779 5767 3051 5826 Credenti'
3072 5780 3211 5824 totus
3250 5767 3478 5820 mumlus
3520 5767 3788 5822 divitiarum

2269 5854 2384 5898 est:
2422 5844 2653 5897 infidelis
2691 5852 2866 5897 autem
2900 5843 3061 5896 etiam
3089 5839 3237 5894 obolo
3270 5838 3486 5906 indiget.
