4002 6548
218 408 359 469 1895

1367 402 1433 458 ΙΝ
1473 399 1713 459 LUCAM
1752 397 2037 456 HOMlLlA
2076 395 2320 453 XXXVI.

3352 398 3493 458 18M

207 527 311 582 t‘ia.
366 526 487 583 Non
533 535 619 583 est
671 524 817 581 allud
867 533 1083 591 tempus
1132 518 1396 575 facienda:
1434 490 1669 574 rationis
1696 516 1802 571 nisi
1837 520 1879 576 Α
1910 512 2067 583 hujus
2099 512 2166 566 ⁷³.
2206 511 2317 566 Αυι
2351 511 2763 580 comparatione
2815 511 3064 583 majoris,
3120 520 3281 568 tenue
3326 521 3492 584 atque

219 625 446 692 tempus
488 618 718 693 judieii,
760 617 981 689 quando
1023 613 1231 683 liquido
1275 618 1635 683 cognoscetur
1670 607 1801 679 quid

216 716 380 772 nobis
430 713 696 769 creditum
751 719 854 775 est,
906 718 962 765 et
1006 707 1138 779 quid
1186 705 1346 769 lucri,
1395 703 1599 774 quidve
1638 701 1805 757 detri-

218 807 391 861 menti
438 802 751 867 fecerimus,
802 803 929 872 quis
980 810 1230 858 nostrum
1283 797 1551 866 acceperit
1596 808 1802 860 mnam,

219 899 349 969 quis
377 911 548 952 unum
594 895 881 961 talentum,
928 895 1055 964 quis
1095 893 1237 956 duo,
1283 890 1410 960 quis
1458 888 1702 957 quinque
1735 885 1801 940 ".

220 991 459 1049 Necesse
486 1005 595 1046 non
628 998 708 1045 est
740 989 899 1059 plura
926 987 1196 1051 indicare,
1235 1000 1359 1041 eum
1400 984 1505 1038 hoc
1555 982 1611 1035 in
1654 992 1806 1035 eom-

222 1100 394 1141 mune
431 1085 637 1140 dixisse
676 1081 927 1144 sufﬁciat,
967 1081 1280 1136 reddituros
1322 1092 1422 1133 nos
1471 1089 1593 1130 esse
1638 1072 1807 1126 ratio-

225 1195 352 1235 nem
383 1178 474 1233 iet
503 1176 861 1233 sidebitores
898 1173 1105 1229 inventi
1146 1172 1413 1228 fuerimus
1444 1167 1586 1222 trahi
1618 1167 1684 1221 ad
1718 1164 1808 1235 ju-

226 1269 425 1333 dicem,
457 1277 514 1324 et
542 1283 571 1321 a
593 1266 775 1335 judice
805 1266 1052 1321 exactori
1084 1265 1248 1320 tradi.
1279 1261 1490 1332 Singuli
1523 1268 1809 1314 exactores

226 1360 480 1431 proprios
514 1360 777 1415 habemus
803 1375 815 1410 :
840 1358 1022 1415 omnis
1048 1372 1180 1412 vero
1212 1354 1524 1417 multitudo,
1560 1351 1810 1422 pluribus

228 1454 504 1518 traditur,
569 1453 870 1509 secundum
928 1452 982 1506 id
1034 1451 1182 1521 quod
1240 1450 1294 1504 in
1352 1446 1491 1503 Isaia
1545 1447 1806 1516 scriptum

226 1554 314 1602 est
337 1547 424 1599 7°:
460 1546 691 1613 Populus
725 1560 892 1607 meus,
930 1552 1203 1599 exactores
1239 1541 1396 1595 vestri
1428 1539 1659 1609 spoliant
1698 1556 1808 1606 vos,

228 1648 277 1693 et
299 1638 388 1708 qui
407 1646 641 1707 potentes
667 1646 787 1690 sunt
817 1636 1166 1689 dominantur
1213 1634 1391 1688 vestri.
1448 1632 1812 1687 Dominantur

226 1741 534 1796 exactores,
571 1730 618 1786 si
655 1730 1008 1786 debuerimus
1037 1727 1265 1799 aliquid.
1299 1725 1357 1781 Si
1386 1736 1571 1781 autem
1603 1727 1812 1781 habue-

230 1823 405 1877 rimus
430 1821 705 1889 ﬂduciam,
739 1830 793 1878 et
826 1820 1001 1877 fronte
1026 1820 1198 1875 libera
1225 1819 1550 1885 vixerimus,
1579 1818 1810 1874 servabo

232 1922 558 1983 praeceptum
585 1913 760 1968 libens
790 1930 802 1967 :
831 1912 1049 1967 Reddite
1074 1909 1314 1965 omnibus
1342 1908 1520 1965 debila
1546 1924 1564 1962 :
1590 1909 1678 1963 cui
1708 1910 1811 1963 tri-

233 2002 439 2069 butum,
473 2002 729 2057 tributum
753 2020 772 2059 :
796 2004 881 2057 cui
916 2004 1177 2068 timorem,
1213 2001 1453 2055 timorem
1478 2016 1497 2055 :
1534 2000 1619 2054 cui
1652 1999 1813 2054 vecti-

231 2093 341 2164 gal,
371 2095 594 2166 vectigal
616 2109 635 2148 :
656 2097 742 2150 cui
767 2096 1039 2163 honorem,
1082 2094 1331 2149 honorem
1356 2094 1426 2148 7’.
1467 2092 1525 2148 Si
1554 2093 1812 2147 omnibus

231 2186 490 2244 universa
530 2187 839 2256 reddidero,
869 2187 1028 2243 venio
1065 2187 1133 2242 ad
1174 2198 1509 2249 exactorem,
1551 2194 1605 2240 et
1646 2185 1814 2239 intre-

233 2279 360 2350 pida
402 2290 583 2335 mente
627 2279 953 2350 respondeo,
977 2277 1126 2334 Nihil
1169 2279 1267 2335 tibi
1293 2279 1485 2334 debeo.
1516 2276 1678 2331 Venit
1720 2292 1816 2331 ex-

233 2381 389 2428 actor
427 2372 495 2427 ad
521 2370 946 2441 deposcendum,
985 2372 1187 2428 resisto
1217 2372 1288 2426 ei.
1332 2369 1461 2426 Scio
1495 2369 1640 2424 enim
1668 2368 1816 2439 quod

234 2464 281 2521 si
330 2463 467 2519 nihil
518 2464 793 2530 debuero,
856 2464 911 2518 in
961 2479 1047 2519 me
1097 2479 1208 2519 non
1257 2462 1420 2517 habet
1468 2469 1814 2531 potestatem.

236 2556 393 2624 Quod
425 2557 471 2612 si
496 2556 711 2611 debitor
755 2555 934 2623 fuero,
966 2557 1146 2611 mittet
1174 2570 1266 2611 me
1295 2564 1518 2609 exactor
1565 2567 1720 2608 meus
1762 2552 1818 2607 in

236 2661 534 2735 carcerem,
573 2647 664 2702 illo
707 2648 898 2703 ordine
923 2647 1017 2718 qui
1042 2647 1337 2719 praedictus
1381 2654 1485 2702 est.
1547 2646 1821 2701 Adversa-

237 2742 354 2797 rius
394 2741 540 2797 enim
578 2756 664 2796 me
703 2740 854 2797 ducit
891 2740 958 2796 ad
988 2741 1313 2812 principem,
1345 2740 1597 2811 princeps
1634 2741 1700 2796 ad
1729 2740 1820 2811 ju-

236 2832 438 2900 dicem,
488 2841 543 2888 et
590 2832 757 2903 judex
814 2832 989 2887 tradet
1043 2846 1130 2886 me
1177 2831 1443 2894 exactori,
1504 2841 1558 2885 et
1598 2838 1821 2886 exactor

240 2922 420 2978 mittet
447 2923 500 2977 in
531 2937 829 2979 carcerem.
862 2922 994 2990 Quae
1022 2922 1098 2994 (4)
1129 2931 1213 2977 εει
1252 2922 1337 2976 lex
1368 2921 1604 2976 careeris
1627 2917 1825 2976 istius?

238 3013 360 3071 Non
413 3017 661 3088 egredior
711 3031 779 3071 ex
824 3030 912 3083 eo,
960 3030 1139 3086 neque
1198 3028 1286 3069 me
1342 3024 1566 3069 exactor
1616 3013 1823 3083 patitur

240 3108 421 3174 exire,
461 3109 567 3164 nisi
611 3108 853 3163 debitum
904 3122 1067 3163 omne
1106 3107 1441 3177 persolvere.
1498 3104 1615 3160 Non
1662 3105 1825 3161 habet

240 3207 463 3256 exactor
510 3208 855 3270 potestatem,
904 3208 964 3252 ut
1005 3198 1138 3252 mihi
1192 3198 1384 3253 saltem
1437 3198 1820 3268 quadrantem.
1851 3220 1893 3277 ο

243 3287 328 3341 vel
379 3287 662 3341 minimam
708 3287 1015 3357 portionem
1071 3287 1249 3342 valeat
1294 3287 1629 3355 concedere,
1678 3303 1822 3343 unus

238 3389 346 3449 est,
375 3381 469 3452 qui
515 3380 850 3436 debitoribus
893 3395 1002 3435 non
1045 3380 1372 3436 habentibus
1426 3380 1570 3434 unde
1621 3381 1825 3450 persol-

243 3484 393 3539 vant,
417 3482 598 3547 potest
620 3475 936 3531 concedere.
956 3475 1210 3542 Accessit,
1229 3474 1424 3545 inquit,
1451 3473 1520 3527 ad
1544 3489 1661 3527 eum
1685 3489 1820 3527 unus

244 3566 334 3636 qui
374 3564 591 3620 debebat
624 3565 934 3637 quingentos
978 3566 1248 3629 denarios,
1292 3574 1343 3619 et
1384 3564 1525 3618 alius
1564 3568 1823 3638 quinqua-

247 3657 399 3726 ginta
428 3675 447 3712 :
476 3666 525 3711 et
556 3672 674 3709 cum
706 3671 807 3708 non
834 3655 1083 3709 haberent
1113 3654 1252 3708 unde
1281 3654 1559 3708 redderent
1579 3648 1613 3716 ,”
1645 3653 1826 3707 ambo—

247 3748 342 3801 bus
377 3747 596 3801 donavit
623 3747 692 3800 ⁷³.
730 3746 832 3812 Qui
869 3746 1092 3801 donavit
1119 3744 1385 3800 Dominus
1411 3752 1495 3800 est
1521 3762 1535 3798 :
1564 3745 1666 3800 iste
1695 3759 1825 3799 vero

248 3840 341 3911 qui
374 3849 595 3896 exactor
618 3848 717 3905 est,
750 3854 857 3895 non
890 3850 974 3895 est
994 3840 1269 3904 dominus,
1301 3839 1395 3893 sed
1428 3853 1457 3892 a
1494 3837 1728 3894 Domino
1756 3839 1823 3893 ad

249 3934 513 4005 exigenda
558 3932 739 3988 debita
786 3932 1128 4002 praepositus.
1180 3929 1298 3985 Non
1347 3929 1498 3986 fuisti
1535 3931 1733 4001 dignus
1768 3940 1829 3986 ut

253 4025 350 4080 tibi
384 4025 687 4096 quingenti,
732 4028 845 4079 sive
878 4022 1278 4094 quinquaginta
1304 4023 1513 4078 denarii
1556 4023 1828 4077 donaren-

252 4129 364 4186 tur,
398 4132 497 4173 nec
535 4117 724 4172 audire
750 4117 1019 4183 meruisti,
1051 4114 1288 4171 Dimissa
1330 4124 1459 4170 sunt
1499 4115 1600 4170 tibi
1631 4116 1828 4169 delicta

252 4224 346 4271 tua
393 4230 407 4267 :
456 4213 552 4269 sed
601 4212 835 4267 mitteris
890 4212 944 4265 in
997 4225 1307 4275 carcerem,
1358 4219 1413 4264 et
1453 4209 1527 4264 ibi
1595 4209 1829 4280 exigeris

251 4323 349 4378 per
385 4307 626 4361 laborem
670 4314 720 4360 et
751 4319 936 4374 opera,
987 4303 1103 4359 sive
1144 4318 1240 4373 per
1270 4317 1461 4373 poenas
1496 4310 1659 4373 atque
1701 4316 1831 4370 sup-

252 4401 434 4471 plicia,
468 4407 521 4455 et
560 4414 669 4452 non
710 4398 835 4452 inde
867 4398 1018 4453 exies
1059 4397 1166 4451 nisi
1203 4394 1508 4450 reddideris
1548 4394 1830 4464 quadran-

255 4505 385 4559 tem,
434 4493 520 4547 vel
571 4491 931 4546 novissimum
984 4490 1279 4551 minutum,
1327 4487 1472 4558 quod
1519 4487 1594 4557 (5)
1647 4486 1832 4541 Graece

1908 604 2128 659 subtile.
2169 603 2369 658 Beatus
2396 615 2479 655 εει
2513 600 2695 669 igitur,
2732 602 2970 670 primum
3003 605 3096 673 qui
3129 618 3237 658 non
3271 617 3486 671 peccat,

1909 696 2147 750 secundo
2187 702 2246 748 ut
2293 694 2348 747 in
2391 690 2678 746 collatione
2713 691 2911 761 aliquis
2942 694 3133 747 saltem
3170 703 3332 749 tenue
3363 708 3493 764 pee-

1908 793 2091 839 catum
2136 783 2353 837 habeat.
2390 780 2458 835 Et
2499 781 2793 850 inter'ipsa
2843 796 3063 852 quoque
3112 787 3294 839 tenuia
3330 796 3493 855 atque

1907 877 2149 940 subtilia,
2180 886 2262 931 est
2289 874 2578 933 diversitas
2614 881 2979 945 peccatorum.
3011 873 3125 930 Nisi
3155 889 3299 933 esset
3328 894 3497 947 pecu-

1908 969 2000 1022 nia
2053 968 2302 1030 subtilis,
2339 980 2619 1036 nunquam
2669 964 2981 1019 diceretur:
3026 965 3149 1019 Non
3173 970 3314 1020 exies
3350 969 3495 1037 inde,

1909 1061 2073 1115 donec
2108 1060 2300 1113 reddas
2343 1058 2685 1112 novissimum
2714 1057 3067 1127 quadrantem
3089 1057 3156 1113 ⁷⁸.
3203 1058 3494 1124 Quomodo

1909 1153 2027 1208 sine
2061 1152 2292 1222 pecunia
2338 1152 2547 1206 diceret
2590 1150 2950 1205 novissimum
2999 1151 3294 1217 minutum,
3343 1153 3488 1221 quod

1907 1254 1992 1300 est
2031 1245 2311 1307 denarius,
2359 1242 2473 1298 sive
2516 1257 2791 1305 nummus,
2834 1242 2950 1296 sive
2991 1242 3212 1308 obolus,
3261 1242 3344 1297 vel
3387 1253 3499 1297 stu-

1912 1348 2049 1393 tera.
2078 1337 2234 1403 Quod
2266 1336 2311 1391 si
2344 1350 2597 1405 magnam
2628 1334 2913 1403 pecuniam
2946 1334 3320 1401 debuerimus,
3353 1335 3497 1389 sicut

1912 1432 1999 1486 ille
2039 1430 2131 1502 qui
2166 1430 2425 1485 scribitur
2459 1428 2647 1484 decem
2684 1427 2855 1482 millia
2904 1428 3102 1483 talenta
3154 1427 3409 1483 debuisse
3429 1427 3500 1494 ⁷⁵,

1910 1532 2116 1595 quanto
2160 1532 2402 1592 tempore
2440 1521 2759 1576 claudamur
2798 1521 2852 1575 in
2889 1536 3130 1584 carcere.
3163 1522 3337 1576 donec
3373 1523 3498 1575 red—

1912 1618 2107 1672 damus
2132 1615 2396 1681 debitum,
2422 1630 2526 1669 non
2556 1630 2781 1684 possum
2806 1614 3092 1670 manifeste
3114 1614 3492 1684 pronuntiare.

1914 1709 1971 1766 Si
2017 1710 2164 1766 enim
2216 1711 2310 1780 qui
2358 1724 2550 1780 parum
2598 1709 2790 1776 debet,
2833 1723 2943 1763 non
2995 1707 3340 1779 egredietur,
3390 1706 3498 1761 nisi

1913 1804 2158 1860 exsolvat
2201 1803 2476 1858 minutum
2519 1802 2880 1872 quadrantem
2916 1820 2928 1855 :
2972 1802 3160 1870 utique
3197 1798 3292 1870 qui
3348 1807 3500 1854 lauto

1912 1896 2096 1952 debito
2141 1893 2305 1950 fuerit
2355 1895 2658 1961 obnoxius,
2690 1894 2903 1949 infinita
2953 1892 3003 1948 ei
3048 1893 3114 1947 ad
3162 1891 3498 1947 reddendum

1912 1989 2155 2045 debitum
2184 1989 2381 2045 sweula
2416 1988 2872 2043 numerabuntur.
2923 1985 3267 2056 Quapropter
3288 1985 3366 2056 (6)
3402 1984 3499 2038 de-

1915 2096 2041 2137 mus
2089 2094 2345 2152 operam,
2399 2078 2460 2136 ut
2506 2081 2802 2136 liberemur
2846 2078 2916 2135 ab
2958 2077 3306 2145 adversario,
3367 2078 3497 2133 dum

1916 2192 2109 2232 sumus
2158 2176 2215 2230 in
2258 2176 2367 2242 via,
2398 2183 2452 2229 et
2492 2175 2793 2244 jungamur
2828 2170 3059 2226 Domino
3083 2168 3237 2237 Jesu,
3288 2168 3375 2224 cui
3420 2178 3506 2225 est

1916 2269 2088 2341 gloria
2118 2279 2173 2326 et
2200 2269 2487 2340 imperium
2519 2269 2571 2321 in
2597 2267 2798 2323 s:ecula
2825 2264 3173 2321 seculorum.
3197 2263 3393 2318 Amen.

2413 2378 2697 2434 l-IOMILIA
2748 2374 2899 2432 XXX
2912 2376 2949 2431 V
2963 2375 3009 2431 Ι.

1920 2495 1997 2550 De
2033 2512 2093 2549 eo
2132 2494 2272 2566 quod
2324 2495 2580 2566 scriptum
2626 2500 2701 2546 est
2740 2508 2758 2546 :
2800 2510 2819 2544 ι
2856 2490 2962 2557 Qui
3006 2488 3224 2566 voluerit
3268 2487 3503 2566 animam

1990 2559 2155 2621 suam.
2175 2564 2401 2629 salvere,
2432 2559 2612 2633 perdet
2645 2579 2764 2616 eam
2784 2604 2798 2628 ,
2836 2581 2854 2612 ι
2901 2576 3064 2631 usque
3093 2560 3161 2612 ad
3187 2574 3305 2633 eum
3333 2559 3507 2611 locum

1992 2638 2083 2691 ubi
2113 2637 2190 2691 ait
2218 2652 2235 2689 :
2267 2655 2285 2687 ι
2317 2628 2552 2707 Regnum
2584 2633 2680 2687 Dei
2711 2634 2857 2686 intra
2889 2628 2988 2685 vos
3003 2638 3100 2684 est.
3134 2649 3152 2681 ι
3203 2628 3337 2697 Cap.
3371 2641 3504 2680 xvtt.

1998 2726 2104 2794 Qui
2129 2727 2422 2797 quaesierit,
2451 2722 2647 2791 inquit,
2686 2723 2921 2775 animam
2946 2735 3099 2774 suam
3127 2717 3357 2780 salvare,
3387 2732 3508 2785 per.-

1923 2826 2010 2876 det
2038 2837 2155 2875 eam
2185 2835 2202 2872 :
2246 2828 2294 2872 et
2326 2819 2416 2888 qui
2448 2816 2738 2887 perdiderit
2769 2830 2906 2880 eam,
2941 2811 3167 2866 saltabit
3196 2827 3332 2864 eam.
3366 2807 3512 2861 Mar-

1927 2923 2071 2984 tyres
2117 2920 2369 2980 quaerunt
2420 2909 2632 2963 salvare
2684 2906 2924 2960 animam
2976 2916 3130 2957 suam
3171 2918 3185 2955 :
3225 2907 3509 2969 propterea

1925 3003 2178 3074 perdunt,
2223 3009 2281 3055 ut
2322 3000 2531 3055 solvent
2576 3011 2720 3051 eam.
2756 2995 2859 3060 Qui
2890 3007 3022 3047 vero
3052 2991 3244 3045 volunt
3294 2989 3510 3044 salvare

1926 3098 2165 3152 animam
2208 3110 2399 3157 suam,
2442 3101 2503 3146 ut
2536 3105 2646 3145 ιιοιι
2679 3088 2909 3158 perdant
2937 3100 3081 3150 eam,
3121 3082 3177 3137 hi
3216 3092 3271 3137 et
3309 3096 3509 3151 corpus

1926 3202 1979 3245 et
2025 3188 2265 3242 animam
2310 3184 2478 3255 976
2532 3181 2766 3252 perdunt
2818 3177 3022 3249 pariter
3074 3176 3127 3230 in
3181 3174 3508 3245 gehennam.

1931 3276 2283 3345 Quamobrem
2305 3276 2464 3329 nolite
2497 3274 2678 3326 timere
2706 3286 2815 3335 eos,
2840 3270 2933 3335 ait,
2961 3268 3051 3337 qui
3074 3275 3291 3337 possunt
3320 3280 3510 3333 corpus

1931 3358 2187 3436 occidere,
2226 3368 2315 3423 sed
2357 3369 2533 3421 timete
2571 3362 2738 3432 magis
2784 3376 2903 3415 eum
2942 3360 3032 3429 qui
3071 3367 3239 3429 potest
3274 3357 3511 3412 animam

1929 3477 1977 3520 et
2012 3479 2200 3533 corpus
2232 3462 2446 3532 perdere
2479 3459 2535 3511 in
2560 3457 2866 3527 gehennam.
2902 3451 3016 3507 lloc
3046 3452 3111 3505 ad
3145 3450 3510 3521 propositum,

1927 3560 2082 3631 juxta
2114 3556 2260 3610 vires
2302 3550 2505 3621 ingenii
2546 3548 2716 3603 nostri
2750 3545 2985 3600 breviter
3014 3543 3336 3597 dixerimus.
3382 3542 3514 3594 Ani-

1932 3651 2090 3706 malis
2128 3655 2303 3701 autem
2352 3658 2455 3697 non
2506 3638 2691 3709 recipit
2740 3654 2801 3691 ea
2833 3653 2951 3707 qua:
2995 3643 3118 3688 sunt
3173 3633 3397 3704 spiritus
3432 3631 3513 3688 ἐς

1932 3755 1986 3799 ει
2040 3740 2242 3797 idcirco
2296 3733 2496 3790 salvari
2542 3748 2649 3786 non
2703 3737 2901 3800 potest.
2961 3726 3272 3781 Seminatur
3323 3741 3512 3790 corpus

1935 3835 2194 3899 animale,
2245 3830 2415 3900 surgit
2457 3842 2648 3896 corpus
2703 3822 2947 3895 spiritale
2973 3822 3038 3876 ⁷⁷.
3082 3820 3254 3875 Porro
3285 3818 3379 3889 qui
3417 3818 3514 3873 ad-

1934 3931 2102 3985 haeret
2128 3924 2378 3986 Domino,
2422 3918 2647 3989 spiritus
2688 3915 2832 3969 unus
2872 3910 3119 3966 edicitur.
3167 3908 3224 3962 Si
3256 3922 3386 3977 ergo
3419 3908 3510 3977 qui

1934 4021 2167 4075 Domino
2210 4014 2518 4085 copulatur,
2562 4023 2686 4065 cum
2733 4006 2987 4061 animalis
3033 4011 3181 4057 esset
3226 4016 3322 4071 per
3363 4000 3415 4055 id
3459 3998 3515 4055 in

1936 4110 2232 4182 spiritalem
2265 4104 2515 4165 vertitur,
2549 4108 2602 4155 et
2630 4113 2774 4153 unus
2808 4104 2891 4149 est
2924 4094 3150 4164 spiritus
3187 4107 3199 4143 :
3245 4104 3348 4145 nos
3379 4104 3516 4159 quo-

1936 4220 2044 4275 que
2086 4200 2378 4272 perdamus
2430 4193 2668 4248 animam
2740 4199 2984 4243 nostram
3011 4228 3026 4253 ,
3085 4193 3144 4240 ut
3176 4183 3517 4238 adhaerentes

1937 4271 2169 4349 Domino
2202 4289 2256 4343 in
2290 4300 2460 4341 unum
2513 4282 2763 4353 spiritum
2814 4274 3290 4332 transformemur.
3327 4271 3430 4326 Sed
3461 4281 3516 4326 et

1937 4388 2004 4443 de
2033 4398 2200 4455 regno
2230 4380 2324 4434 Dei
2360 4379 2751 4445 interrogatus,
2788 4369 3070 4441 respondit
3099 4365 3348 4421 Salvator
3372 4362 3515 4417 Pha-

1939 4477 2153 4534 risazis:
2202 4469 2426 4539 Quando
2462 4461 2924 4532 venerit,,inquit,
2971 4475 3073 4511 non
3115 4456 3251 4511 venit
3298 4470 3512 4536 regnum

256 4593 410 4639 tenue
451 4583 559 4638 dici
605 4590 804 4653 potest,
855 4580 1089 4636 Peccata
1134 4589 1319 4634 autem
1365 4588 1553 4633 nostra
1609 4577 1829 4648 pinguia
1865 4588 1907 4641 υ
1937 4572 2032 4629 Dei
2063 4583 2181 4622 cum
2215 4560 2593 4621 observatione,
2640 4571 2801 4626 neque
2832 4553 3047 4615 dicunt,
3095 4564 3229 4653 εσσε.
3252 4546 3358 4608 hic,
3407 4553 3504 4648 aut

257 4684 405 4732 sunt.
453 4675 720 4731 Scribitur
761 4674 908 4729 enim
947 4691 960 4727 :
996 4670 1365 4726 Incrassalttm
1408 4678 1487 4724 est
1523 4685 1615 4722 cor
1650 4668 1834 4738 populi

328 4818 371 4849 "
397 4798 584 4869 Malth.
613 4828 737 4866 xxv.

256 4888 302 4919 “
319 4886 509 4943 Matth.
542 4884 700 4950 v,26.
778 4884 823 4915 ⁷⁸
846 4881 1036 4937 Matth.
1065 4895 1218 4935 xvm.

824 4813 870 4843 ¹⁰
910 4810 1039 4879 Cap.
1071 4826 1152 4874 ιιι,
1202 4824 1343 4864 vers.
1390 4808 1475 4862 1‘2.

332 5034 411 5102 (4)
439 5029 518 5085 Ex
545 5029 650 5083 hoc
680 5028 825 5102 item
844 5026 965 5081 loco
990 5024 1059 5079 el.
1087 5022 1320 5102 Huetius
1349 5019 1839 5102 cqlligitnputasse

258 5090 569 5174 Origenem,
594 5098 771 5169 pugnis
795 5097 1182 5174 damnatorum
1211 5093 1372 5174 linem
1405 5090 1719 5174 imppsitpm
1748 5090 1836 5156 iri,

261 5160 317 5231 et
355 5160 749 5229 omnia'unum
795 5168 850 5221 in
886 5165 995 5221 Deo
1031 5164 1247 5219 tandem
1280 5160 1576 5232 aliquando
1616 5160 1836 5232 futura;

216 5298 233 5307 _
263 5229 441 5315 neque
465 5242 619 5315 adeo
664 5241 798 5294 alias
842 5252 1005 5306 quam
1040 5229 1409 5315 purgatorias_
1435 5245 1644 5315 poenas“
1661 5229 1840 5315 admi-

263 5299 422 5372 sisse.
465 5311 596 5375 Nos,
640 5299 953 5380 quanquam
993 5299 1057 5361 et.
1088 5299 1252 5380 supra
1283 5303 1349 5358 ad
1398 5299 1585 5380 homil.
1611 5301 1682 5354 24
1729 5299 1841 5380 ani-

265 5369 680 5443 madvertimus,
711 5388 765 5434 et
794 5369 915 5432 aliis
945 5369 1318 5446 compluribus
1340 5390 1405 5427 ex
1436 5371 1569 5426 locis
1611 5369 1840 5446 manife-

265 5467 412 5511 stum
448 5440 976 5507 erroris'teneamus
1016 5440 1301 5518 origeiiem
1344 5445 1397 5518 in
1432 5442 1735 5518 quaestione
1758 5440 1838 5518 _de

266 5539 552 5598 pinnarum
572 5520 919 5598 aeternitate;
965 5534 1075 5572 non
1115 5511 1308 5598 iameu
1342 5511 1489 5568 hunc
1532 5511 1837 5598 eadem‘la-

268 5582 464 5653 borare
501 5594 661 5663 culpa
702 5582 1031 5663 contextum
1056 5588 1460 5663 existimamps,
1491 5583 1622 5663 quin
1658 5582 1839 5663 potius

269 5651 671 5722 econtrarie'ex
708 5663 775 5715 iis
809 5677 952 5714 unus
985 5660 1251 5722 videatur,
1291 5656 1384 5726 qui
1418 5657 1470 5708 in
1501 5651 1622 5723 ejus
1652 5651 1840 5726 defen-

271 5740 481 5794 sionem
517 5734 708 5788 adduci
735 5740 955 5802 queant.
991 5729 1156 5802 εει-ιε
1176 5722 1325 5802 cum
1338 5722 1541 5802 posset
1558 5722 1841 5779 commode

278 5807 628 5861 Adamantius
655 5798 986 5873 propositam
1012 5799 1323 5873 parabolam
1352 5798 1404 5850 in
1430 5811 1589 5850 suum
1617 5807 1840 5872 sensum

274 5891 526 5948 perverse
549 5864 895 5946 detorquere,
923 5864 1191 5927 catholico
1222 5870 1333 5925 fere
1363 5881 1526 5924 sensu
1555 5864 1806 5936 exposuit

1579 4808 1622 4839 '”
1670 4786 1827 4862 item.
1871 4822 1991 4870 xm,
2042 4803 2092 4856 7.

1295 4880 1341 4911 ’⁸
1376 4879 1543 4933 lCor.
1571 4894 1631 4942 ιι,
1658 4880 1744 4933 14.
1820 4880 1863 4911 ⁷⁷
1899 4868 2066 4932 lCor.
2103 4887 2193 4935 xv,
2225 4868 2315 4924 44.

1924 4679 2057 4720 ἐσσε
2082 4660 2175 4715 ibi.
2213 4656 2446 4726 Regnum
2478 4651 2619 4705 enim
2642 4648 2737 4702 Dei
2777 4648 2917 4701 intra
2948 4660 3035 4698 vos
3062 4651 3159 4697 est.
3186 4640 3303 4694 Non
3338 4636 3517 4693 omni-

2201 4801 2247 4829 τ’
2281 4796 2414 4851 Luc.
2459 4809 2555 4855 vn,
2592 4789 2684 4855 41,
2725 4789 2815 4843 49.
2925 4787 2971 4817 ⁷³
3008 4786 3124 4839 Αει.
3176 4797 3343 4837 xxvm
3370 4821 3386 4845 ,
3423 4778 3514 4833 27.

1947 5026 2061 5072 tum
2094 5005 2532 5068 lueulentissime
2569 4996 3175 5072 deiinivit,_graviorum
3201 4993 3516 5072 .criminum

1944 5060 2070 5142 ἓξὲξᾷ
2094 5060 2680 5137 ’ἑίειῆἰειιὰιιίεεηόοε
2707 5060 3134 5142 suppliciiscum
3164 5063 3240 5142 ait
3271 5060 3518 5142 {Sima-

1938 5124 2790 5222 diebuerilmlus,
2815 5124 2953 5191 sicut
2993 5135 3088 5222 ille
3119 5133 3209 5222 qui
3255 5124 3516 5222 scribitur

2158 5201 2331 5274 millia
2365 5214 2565 5268 talenta
2592 5201 2850 5270 debuisse,
2874 5215 3069 5276 quanto
3115 5201 3343 5279 tempore
3374 5201 3519 5252 clau-

2187 5291 2244 5342 in
2284 5301 2523 5350 carcere,
2567 5282 2731 5334 donec
2775 5273 3055 5331 reddamus
3094 5273 3371 5350 debitum,
3415 5286 3518 5325 non

1944 5342 2177 5435 possunt
2200 5356 2479 5435 manifeste
2510 5342 3520 5435 pronuntiarent:ntiquiqui

1945 5412 2312 5501 debito‘fuerit
2335 5412 2614 5501 almoazius2
2644 5435 2882 5475 INFINITA
2908 5419 2956 5471 ei
2982 5416 3051 5470 ad
3079 5412 3397 5470 reddendum
3428 5412 3523 5466 de-

1946 5506 2114 5558 bitum
2150 5491 2347 5555 sarcula
2373 5491 2812 5550 numerabuntur.

2138 5551 2404 5645 Additum
2444 5566 2551 5645 hoc
2586 5578 2803 5645 quqque
2840 5572 3053 5641 comma
3087 5565 3170 5639 est
3206 5554 3305 5645 abs
3327 5551 3521 5645 Hiero-

1946 5626 2145 5717 nyiﬁb,
2174 5655 2233 5717 ut
2263 5636 2506 5717 quod-in
2526 5626 2729 5717 ,λεᾶιτᾲἇ
2761 5631 2908 5717 vocis
2936 5628 3086 5683 varia
3128 5626 3520 5717 signiﬁcatione

1946 5706 2086 5771 ludit
2110 5706 2394 5793 Qitigencs,
2420 5706 2649 5793 Latinus
2676 5706 2846 5793 lector
2874 5708 3279 5793 aspequeretur.

2132 5767 2335 5838 Vitiose
2368 5767 2646 5850 legebatur
2673 5780 2831 5828 antea
2861 5767 3105 5826 debemus
3127 5809 3143 5835 ,
3179 5783 3278 5837 pro
3314 5767 3514 5819 demus.
