4002 6532
606 383 630 437 I
640 380 745 439 895

605 593 729 648 dem
763 594 817 647 in
850 591 1232 663 peccatoribus
1262 605 1489 661 regnum
1524 588 1730 660 peccati
1765 596 1871 652 est,
1905 595 1960 642 et
1982 585 2189 657 absque

607 687 718 741 ulla
753 687 1131 756 ambiguitate,
1160 695 1254 740 aut
1294 698 1518 754 regnum
1561 681 1791 763 peccati,
1838 690 1932 736 aut
1960 695 2185 750 regnum

510 772 513 775 Α
607 775 701 832 Dei
733 776 787 830 in
815 777 981 832 corde
1019 788 1209 832 nostro
1241 778 1489 846 imperat.
1544 772 1698 829 Unde
1747 774 1862 829 sive
1895 788 2018 844 quae
2051 771 2187 828 faci-

608 886 763 934 mus,
817 869 934 925 sive
974 886 1097 939 qua:
1144 870 1465 939 loquimur,
1513 867 1627 922 sive
1681 882 1803 936 quae
1856 866 2184 936 cogitamus,

603 964 1039 1031 contemplemur
1082 963 1362 1025 attentius,
1403 970 1457 1016 et
1491 968 1621 1016 tunc
1666 958 1971 1014 videbimus
2004 967 2186 1013 utrum

606 1053 701 1109 Dei
736 1054 1023 1124 imperium
1065 1062 1254 1126 regnet
1296 1054 1351 1107 in
1391 1051 1572 1118 nobis,
1615 1066 1684 1105 an
1726 1050 2013 1120 imperium
2058 1049 2191 1105 deli-

605 1155 840 1203 ctorum.
870 1146 1044 1213 Quam
1068 1145 1440 1202 diversitatem
1475 1144 1653 1200 sciens
1676 1143 1990 1214 Apostolus,
2015 1157 2187 1213 quos-

603 1238 727 1291 dam
777 1244 1116 1300 commonet,
1158 1236 1348 1290 dicens
1386 1253 1399 1289 :
1442 1233 1566 1289 Non
1603 1246 1778 1305 regnet
1821 1243 2091 1304 peccatum
2132 1235 2190 1287 in

605 1328 822 1382 mortali
851 1337 1018 1382 vestro
1045 1344 1261 1398 corpore
1283 1329 1348 1382 ⁷⁸.
1382 1326 1437 1382 Si
1484 1329 1608 1398 quis
1648 1336 1890 1382 nostrum
1918 1326 2190 1382 desiderat

602 1434 831 1490 regnum
870 1418 985 1485 Dei,
1030 1428 1289 1491 regnatur
1332 1420 1401 1474 ab
1440 1434 1527 1474 eo.
1567 1417 1624 1472 Si
1657 1419 1782 1488 quis
1813 1417 2057 1473 avaritiae
2100 1431 2190 1470 ar-

603 1510 737 1568 dore
766 1511 1064 1575 cruciatur,
1097 1518 1357 1581 regnatur
1389 1510 1456 1565 ab
1485 1510 1734 1565 avaritia.
1778 1509 1949 1565 Porro
1978 1508 2071 1579 qui
2103 1509 2189 1563 iu-

600 1602 871 1673 justitiam
905 1604 1149 1674 reginam
1187 1603 1370 1669 habet,
1397 1611 1655 1676 regnatur
1688 1603 1757 1658 ab
1783 1618 1866 1657 ea.
1900 1603 2005 1669 Qni
2034 1615 2188 1656 vanae

603 1696 790 1767 gloriae
820 1695 1119 1751 ambitione
1158 1696 1492 1762 sustollitur,
1524 1704 1715 1767 regnat
1758 1694 1805 1749 ei
1843 1708 1974 1749 aura
2010 1709 2188 1765 popu-

603 1786 755 1841 laris.
785 1784 889 1853 Qui
918 1793 1131 1850 maeret,
1162 1787 1254 1857 qui
1286 1786 1490 1856 aliquid
1520 1786 1863 1848 reformidat,
1894 1787 1987 1856 qui
2018 1794 2186 1850 amat,

604 1880 698 1949 qui
734 1878 1029 1944 desiderat,
1075 1879 1347 1949 imperant
1390 1879 1443 1933 ei
1493 1878 1727 1951 singula,
1771 1887 1935 1950 prout
1967 1888 2185 1950 pertur-

608 1973 922 2029 bationibus
969 1972 1137 2028 variis
1180 1971 1509 2042 possidetur.
1558 1970 1690 2038 Quae
1729 1970 1910 2025 omnia
1975 1983 2182 2041 cogno-

605 2077 846 2133 scentes,
902 2076 957 2123 et
1001 2082 1163 2137 quam
1214 2067 1386 2122 multa
1445 2065 1554 2120 sint
1600 2078 1797 2136 genera
1867 2078 2181 2134 regnorum,

606 2174 896 2231 surgamus
935 2173 1333 2230 precemurque
1369 2157 1560 2225 Deum,
1602 2165 1663 2213 ut
1706 2155 1921 2212 auferat
1959 2172 1989 2211 a
2026 2158 2185 2213 nobis

608 2267 832 2324 regnum
879 2252 1123 2318 inimici,
1160 2260 1214 2307 et
1252 2253 1531 2323 possimus
1570 2253 1673 2309 sub
1716 2267 1888 2322 regno
1934 2266 2058 2308 esse
2088 2250 2181 2306 Dei

606 2346 1016 2417 omnipotentis,
1070 2345 1123 2403 id
1162 2354 1248 2401 est
1294 2346 1399 2403 sub
1444 2360 1614 2418 regno
1658 2345 1960 2416 sapientiae,
2010 2345 2183 2415 pacis,

601 2438 847 2508 iustitia,
875 2438 1141 2504 veritatis,
1168 2454 1290 2508 quae
1315 2447 1508 2495 cuncta
1544 2439 1597 2493 in
1628 2437 1909 2509 unigenito
1932 2436 2027 2492 Dei
2046 2436 2185 2492 Filio

605 2529 1005 2602 intelliguntur,
1043 2532 1130 2588 cui
1161 2539 1249 2588 est
1276 2531 1449 2603 gloria
1478 2539 1533 2588 et
1564 2530 1850 2602 imperium
1899 2531 1955 2585 in
1986 2531 2184 2589 saecula

604 2624 950 2681 saeculorum.
980 2624 1193 2694 Amen.,

1098 2738 1377 2795 HOMILIA
1422 2735 1688 2793 XXXVII.

659 2827 733 2884 De
764 2846 823 2885 eo
848 2831 988 2902 quod
1018 2848 1051 2885 a
1081 2831 1362 2956 discipglis
1390 2828 1567 2901 pullus
1598 2829 1765 2885 asina:
1797 2830 2002 2884 solutus
2031 2841 2129 2888 est.

1293 2917 1381 2956 an.
1429 2916 1541 2955 χιχ.

1293 2917 1381 2971 ap.
1429 2916 1541 2955 χιχ.

675 3008 900 3065 Lectum
934 3017 1018 3065 est
1055 3009 1109 3064 in
1133 3007 1428 3081 Evangelio
1455 3009 1754 3065 secundum
1783 3009 2011 3073 Lucam,
2047 3026 2185 3082 quo-

605 3101 770 3156 modo
813 3116 939 3156 cum
984 3100 1225 3157 venisset
1264 3099 1517 3155 Salvator
1547 3099 1879 3173 Bethphage,
1906 3112 1959 3158 et
1991 3102 2186 3158 Betha-

606 3193 750 3246 niam
778 3190 932 3260 juxta
957 3199 1200 3247 montem
1220 3191 1435 3256 Oliveti,
1456 3190 1669 3246 miserit
1688 3193 1827 3248 duos
1847 3209 1877 3248 e
1901 3193 2182 3265 discipulis
2213 3210 2256 3270 ρ

604 3284 742 3347 suis,
773 3294 831 3337 ut
857 3283 1130 3338 solverent
1152 3282 1361 3352 pullum
1390 3282 1582 3349 asinae,
1609 3283 1703 3353 qui
1735 3284 1951 3339 vinctus
1973 3295 2110 3352 erat,
2132 3294 2187 3340 et

604 3388 770 3445 super
783 3390 941 3444 quem
970 3375 1150 3429 nullus
1168 3374 1451 3429 hominum
1470 3375 1765 3445 aliquando
1785 3378 2016 3432 sederat.
2033 3378 2185 3444 Quod

606 3463 828 3535 quidem
860 3465 992 3518 mihi
1028 3466 1242 3521 videtur
1268 3467 1443 3536 magis
1484 3466 1551 3519 ad
1599 3467 1849 3523 altiorem
1884 3470 2189 3541 intelligen-

607 3558 761 3626 tiam,
788 3573 952 3627 quam
984 3558 1050 3611 ad
1084 3557 1387 3628 simplicem
1413 3558 1702 3614 historiam
1738 3561 2034 3631 pertinere.
2063 3563 2188 3619 Asi-

606 3667 709 3705 nus
754 3651 969 3705 vinetus
1013 3660 1147 3705 erat.
1212 3649 1487 3706 Ubinam?
1534 3651 1735 3708 Contra
1781 3652 2095 3727 Bethphagc
2133 3664 2188 3712 et

603 3742 944 3798 Bethaniam.
1025 3741 1067 3798 E
1115 3744 1315 3815 quibus
1370 3743 1629 3801 Bethania
1677 3745 2067 3817 interpretatur
2107 3748 2183 3820 (7)

601 3835 790 3891 domus
818 3837 1145 3904 obedientiw,
1182 3837 1493 3909 Bethphage
1524 3854 1678 3906 vero,
1703 3839 1892 3894 domus
1929 3841 2183 3896 maxilla-

602 3943 722 3981 rum
755 3943 772 3982 :
807 3929 1165 3985 sacerdotalis
1194 3930 1414 4000 quidam
1444 3930 1598 3985 locus
1628 3948 1641 3984 :
1668 3930 1902 3986 maxilla:
1923 3932 2067 3986 enim
2097 3948 2186 3987 sa-

574 4020 917 4076 cerdotibus
951 4021 1244 4086 dabantur,
1280 4021 1423 4077 sicut
1451 4021 1505 4077 in
1535 4022 1650 4093 lege
1677 4023 2007 4093 praecipitur.
2052 4025 2186 4081 llluc

600 4129 732 4184 ergo
760 4112 852 4168 ubi
883 4113 1210 4181 obedientia,
1247 4115 1339 4169 ubi
1366 4114 1523 4170 locus
1569 4113 1946 4172 sacerdotibus
1977 4116 2186 4172 manci-

600 4214 796 4275 patus,
852 4204 1017 4259 mittit
1063 4204 1312 4261 Salvator
1337 4206 1638 4277 discipulos
1670 4222 1833 4273 suos,
1867 4216 1928 4262 ut
1970 4208 2186 4263 solvant

606 4297 817 4368 pullum
883 4297 1050 4352 asinze
1101 4313 1263 4368 super
1311 4314 1473 4368 quem
1520 4300 1702 4355 nullus
1752 4300 2033 4355 hominum
2086 4300 2186 4355 ali-

602 4388 824 4458 quando
851 4388 1086 4443 sederat.
1121 4387 1296 4444 Porro
1331 4390 1460 4460 quid
1495 4390 1639 4445 aliud
1665 4406 1827 4462 super
1849 4391 2062 4446 asinum
2097 4407 2184 4447 se-

599 4481 730 4534 dere
760 4489 941 4548 potest
968 4481 1175 4551 absque
1201 4481 1463 4538 homine?
1521 4481 1656 4538 Volo
1688 4484 1966 4554 paulisper
1993 4500 2182 4539 exem-

602 4573 749 4641 plum
783 4588 1000 4629 sumere
1022 4615 1036 4640 ,
1071 4583 1130 4629 ut
1160 4576 1306 4646 quod
1340 4575 1586 4631 dicturus
1621 4592 1742 4631 sum
1765 4617 1780 4642 ,
1818 4577 1991 4646 possit
2018 4577 2178 4632 intel-
2213 4595 2257 4650 ι)

600 4664 712 4735 Iigi.
765 4664 1038 4735 Scriptum
1087 4675 1167 4721 est
1204 4667 1257 4720 in
1294 4665 1432 4723 Isaia
1464 4668 1509 4700 ἠ
1544 4687 1558 4723 :
1603 4666 1751 4722 Visio
1777 4670 2178 4739 quadrupedum

599 4756 655 4810 in
690 4758 1033 4812 tribulatione
1057 4769 1107 4813 et
1134 4762 1403 4830 angustia,
1427 4769 1482 4815 et
1509 4761 1740 4831 reliqua,
1764 4778 1937 4831 usque
1961 4764 2027 4817 ad
2053 4779 2177 4818 eum

601 4851 781 4906 locum
815 4849 908 4904 ubi
935 4850 1013 4904 ait
1055 4868 1070 4906 :
1108 4848 1232 4905 Non
1266 4852 1553 4920 proderunt
1582 4854 1655 4907 eis
1686 4854 1886 4909 divitia:
1913 4856 2176 4924 aspidum.

604 4940 995 5013 Unusquisque
1018 4951 1265 4999 nostrum
1288 4944 1600 5009 consideret
1628 4954 1863 5016 quantas
1882 4962 2013 5018 opes
2042 4949 2181 5019 aspi-

598 5038 728 5091 dum
761 5045 890 5091 ante
918 5038 1235 5106 portaverit,
1263 5047 1500 5109 quantas
1531 5037 1751 5094 divitias
1777 5039 2098 5106 bestiarum,
2126 5050 2181 5098 et

598 5129 875 5199 quomodo
920 5144 1200 5200 nunquam
1253 5129 1593 5185 rationabilis
1642 5131 1807 5186 homo
1853 5133 2055 5188 sederit
2085 5149 2179 5189 su-

599 5235 695 5291 per
722 5219 939 5274 asinum
969 5230 1243 5287 nostrum,
1276 5234 1385 5276 non
1418 5237 1601 5277 sermo
1641 5220 1835 5294 Moysi,
1868 5239 1973 5278 non
2004 5222 2175 5289 Isaiae,

600 5325 711 5365 non
749 5308 1032 5374 Jeremiaa,
1080 5326 1183 5367 nec
1216 5312 1550 5383 reliquorum
1595 5314 1840 5367 omnium
1884 5314 2175 5384 propheta.

670 5469 713 5500 ⁷⁸
736 5467 893 5525 Rom.
924 5487 1005 5535 vr,
1033 5470 1123 5526 12.
1199 5471 1244 5504 ⁷³
1276 5470 1411 5541 σοι).
1452 5487 1560 5527 xxx
1580 5512 1596 5538 ,
1623 5486 1766 5526 vers.
1807 5470 1861 5526 6.

673 5622 750 5696 (7)
791 5623 993 5700 Confer
1023 5625 1083 5681 S.
1109 5624 1424 5700 Hieronymi
1456 5628 1626 5700 libros
1658 5624 1947 5700 Nominum
1983 5624 2172 5700 Helm,

601 5703 656 5749 et
682 5710 803 5764 qua:
831 5695 896 5748 ad
930 5695 1124 5749 harum
1168 5695 1363 5752 vocum
1410 5697 1764 5767 etymologias
1794 5712 1894 5752 nos
1919 5697 2171 5751 animad-

604 5767 867 5844 vertimus
886 5782 938 5844 λ.
948 5779 1065 5844 non
1114 5769 1281 5844 semel
1321 5768 1633 5844 Bethphage
1650 5769 1829 5823 villam
1873 5769 2177 5824 sacerdota-

607 5835 738 5888 lium
769 5834 1112 5890 maxillarum
1142 5834 1539 5910 interpretatur.

2056 368 2382 429 ORIGENIS

605 502 709 557 bus
732 498 984 555 Salvator
1011 498 1162 565 dicit,
1193 513 1408 568 regnum
1442 495 1535 552 Dei
1563 496 1704 550 intra
1745 509 1831 549 vos
1861 501 1939 548 est
1967 508 1984 546 :
2015 490 2190 562 siqui-
2216 494 2261 550 Α
2291 502 2412 567 rum
2461 503 2477 540 :

1955 5471 2000 5504 ⁸ο
2029 5470 2164 5526 Luc.
2212 5488 2307 5540 III,
2352 5472 2402 5526 I.

3705 378 3802 434 I896

2530 493 2584 542 et
2611 484 2813 542 videbit
2841 494 2971 542 tunc
3006 486 3217 543 sedisse
3244 503 3409 558 super
3434 504 3536 544 nos
3559 506 3803 551 sermonm

2294 577 2388 633 Dei
2417 586 2581 647 atque
2625 579 2888 633 rationem
2909 620 2926 642 ,
2968 580 3190 649 quando
3221 580 3366 634 venit
3403 579 3652 637 Dominus
3673 584 3804 655 Jesus,

2289 680 2342 726 et
2366 670 2623 742 praecepit
2659 670 2947 742 discipulis
2978 672 3093 733 suis
3125 682 3184 728 ut
3213 681 3409 729 euntes
3435 673 3690 731 solverent
3718 680 3804 748 pul-

2298 764 2411 820 lum
2442 764 2631 830 asinae,
2674 765 2767 835 qui
2800 766 2952 835 prius
2980 766 3198 822 vinctus
3225 764 3425 831 fuerat,
3469 776 3528 821 ut
3549 768 3673 823 liber
3700 771 3807 828 ina.

2289 856 2466 913 deret.
2504 856 2730 915 Solutus
2755 858 2940 930 itaque
2959 859 3141 930 pullus
3173 857 3343 913 asina:
3370 857 3649 915 adducitur
3671 861 3727 917 ad
3745 863 3808 921 Io-

2290 966 2436 1016 sum,
2464 952 2530 1006 ad
2561 952 2721 1023 cujus
2755 953 3084 1009 solutionem
3132 952 3355 1008 mittens
3385 951 3671 1025 discipulos
3692 958 3805 1014 dixe-

2268 1053 2378 1097 ‘rat
2404 1062 2418 1099 :
2458 1042 2517 1098 Si
2542 1046 2659 1115 quis
2683 1061 2772 1100 eos
2800 1045 3201 1116 interrogat-erit
3236 1062 3402 1117 quare
3419 1047 3615 1101 solvitis
3636 1050 3806 1119 pulla,

2289 1134 2451 1188 dicite
2502 1135 2551 1189 ei
2604 1136 2730 1206 quia
2783 1135 3038 1191 Dominus
3085 1138 3443 1191 necessarium
3488 1137 3633 1207 iﬂam
3676 1140 3804 1201 habet.

2289 1224 2442 1281 Multi
2496 1236 2653 1283 erant
2701 1226 2910 1282 domini
2949 1225 3114 1298 hujus
3149 1229 3283 1299 pulli
3311 1228 3392 1300 (8)
3423 1240 3694 1301 antequam
3721 1233 3807 1287 Sal-

2290 1329 2446 1374 vator
2487 1335 2612 1374 eum
2663 1320 2887 1375 haberet
2938 1321 3310 1377 necessarium
3364 1340 3379 1377 :
3422 1333 3688 1394 postquam
3712 1342 3805 1380 vero

2290 1411 2381 1467 ille
2411 1411 2577 1482 cmpit
2603 1426 2727 1468 esse
2751 1410 3028 1477 dominus,
3075 1413 3263 1483 plures
3291 1413 3505 1469 domini
3535 1431 3645 1472 esse
3668 1432 3805 1472 cessa-

2288 1512 2505 1558 verunt.
2545 1500 2718 1558 Nemo
2747 1503 2894 1558 enim
2932 1512 3112 1573 potest
3140 1502 3251 1559 Deo
3282 1505 3491 1561 servire
3515 1516 3569 1561 et
3593 1522 3807 1560 mammo-

2291 1610 2395 1649 nae.
2466 1593 2698 1659 Quando
2745 1593 2965 1648 malitiae
3009 1593 3399 1660 servierimus,
3454 1594 3631 1650 multis
3664 1611 3808 1650 sumus

2290 1686 2642 1757 passionibus
2664 1684 2920 1755 vitiisque
2951 1684 3200 1754 subjecti.
3232 1683 3382 1740 Solvi
3413 1701 3480 1742 ur
3504 1701 3625 1758 ergo
3651 1689 3804 1756 pullus,

2290 1777 2419 1845 quia
2467 1775 2735 1831 Dominus
2779 1774 3148 1830 necessarium
3196 1790 3323 1830 eum
3370 1776 3545 1831 habet.
3596 1776 3693 1833 Vos
3711 1779 3807 1833 estis

2292 1867 2472 1937 pullus
2514 1867 2713 1935 asinae,
2767 1866 2899 1938 quid
2948 1868 3115 1921 vestri
3149 1866 3321 1924 Filius
3364 1869 3460 1925 Dei
3504 1872 3805 1925 necessarium

2291 1958 2497 2014 habet?
2530 1960 2658 2029 quid
2687 1975 2719 2015 a
2750 1961 2907 2016 vobis
2930 1962 3168 2032 expetit?
3198 1964 3378 2018 salute
3400 1971 3574 2018 vestra
3594 1978 3712 2031 opus
3736 1962 3806 2014 ha-

2289 2050 2414 2116 bet,
2465 2052 2615 2120 cupit
2666 2066 2766 2107 vos
2811 2053 2950 2108 solvi
2984 2054 3218 2110 vinculis
3248 2065 3613 2125 peccatorum.
3657 2053 3807 2107 Deinde

2291 2142 2516 2197 mittunt
2552 2142 2803 2214 discipuli
2845 2154 3024 2201 vestes
3058 2161 3187 2202 suas
3218 2161 3387 2216 super
3410 2146 3646 2212 asinum,
3680 2155 3725 2200 et
3748 2161 3807 2200 se-
3908 2142 3909 2203 Ὺ

2291 2234 2419 2289 dere
2446 2232 2653 2291 iaciunt
2679 2235 3039 2292 Salvatorem.
3091 2237 3394 2293 Assumunt
3421 2252 3702 2293 sermonem
3722 2235 3803 2299 Dei,

2292 2334 2345 2380 et
2374 2326 2663 2396 imponunt
2691 2343 2817 2383 eum
2846 2344 3010 2399 super
3054 2329 3269 2386 animas
3297 2330 3626 2385 auditorum.
3676 2327 3806 2382 Vesti-

2292 2417 2396 2473 bus
2426 2431 2725 2484 exatuntur,
2774 2421 3134 2477 substernunt
3174 2437 3269 2477 eas
3314 2423 3371 2476 in
3420 2422 3525 2476 via.
3560 2420 3711 2492 Super
3734 2435 3805 2474 nte

2292 2519 2424 2567 sunt
2470 2512 2794 2568 vestimenta
2841 2515 3214 2584 apostolorum
3248 2533 3261 2570 :
3295 2530 3461 2585 opera
3488 2529 3659 2570 eorum
3686 2514 3803 2577 bona,

2292 2613 2614 2660 ornamenta
2661 2613 2848 2660 nostra
2876 2615 3026 2671 sunt,
3056 2607 3247 2662 volunt
3283 2606 3517 2676 apostoli
3554 2607 3805 2661 indumenta

2292 2710 2391 2752 sua
2425 2697 2623 2753 calcari
2664 2712 2695 2751 a
2737 2698 2917 2754 nobis.
2957 2697 3026 2753 Et
3065 2715 3252 2755 revera
3279 2698 3499 2755 solutus
3527 2716 3555 2754 a
3584 2700 3804 2769 discipulis

2291 2787 2501 2850 asinus,
2536 2796 2592 2842 et
2622 2797 2848 2858 portans
2881 2786 3068 2844 Iesum
3089 2831 3105 2856 ,
3135 2789 3327 2846 incidit
3360 2805 3523 2861 super
3544 2791 3801 2846 vesnum-uta

2292 2880 2662 2951 apostolorum
2685 2922 2701 2948 ,
2736 2882 2957 2951 quando
2986 2874 3291 2938 doctrinam
3319 2898 3510 2939 eorum
3542 2884 3747 2938 imitatur
3765 2894 3803 2935 et

2291 2975 2481 3028 vitam.
2539 2972 2676 3040 Qu's
2707 2982 2956 3029 nostrum
3001 2974 3075 3030 ita
3118 2974 3310 3031 beatus
3338 2984 3443 3042 est,
3477 2987 3536 3030 ut
3562 2975 3719 3030 sedeat
3736 2990 3801 3028 sa-

2291 3080 2387 3135 per
2412 3064 2561 3119 illum
2592 3062 2797 3119 Jesus?
2851 3061 2955 3129 Qui
2981 3054 3239 3133 quandiu‘
3264 3066 3319 3117 in
3360 3072 3542 3119 monte
3574 3062 3801 3127 iuit,cuat

2290 3154 2407 3209 suis
2436 3154 2697 3225 apostolis
2725 3154 3039 3207 morabatur
3070 3170 3090 3210 ε
3124 3153 3348 3224 quando
3378 3168 3508 3209 vero
3542 3153 3684 3222 cupit
3706 3152 3803 3203 viri-

2292 3260 2397 3298 nus
2442 3258 2565 3299 esse
2613 3242 2923 3308 descensui,
2954 3252 3066 3299 tum
3090 3244 3331 3300 occurrit
3366 3245 3418 3299 ei
3451 3244 3600 3297 turba
3630 3242 3801 3313 populu-

2289 3351 2433 3391 rum.
2474 3333 2531 3389 Si
2558 3351 2666 3390 non
2691 3335 2927 3390 venisset
2952 3335 3021 3390 ad
3053 3334 3406 3401 descensum,
3437 3352 3542 3391 non
3571 3337 3614 3389 ei
3642 3343 3802 3404 poterat

2288 3440 2576 3482 occurrere
2602 3425 2911 3481 multitudo.
2951 3424 3261 3493 Descendit,
3289 3428 3537 3499 seditque
3561 3442 3702 3497 super
3724 3427 3801 3493 put-

2288 3517 2399 3572 lum
2426 3518 2616 3586 asinae,
2645 3527 2701 3572 et
2724 3518 2905 3573 omnis
2929 3518 3164 3589 populus
3187 3535 3320 3575 voce
3346 3534 3582 3577 consona
3604 3520 3802 3574 laudabat

2288 3608 2478 3664 Deum.
2512 3608 2670 3676 Quod
2701 3608 2965 3664 Pharisaei
2996 3610 3264 3676 videntes,
3301 3612 3553 3669 dicebant
3574 3611 3799 3666 Domino:

2289 3699 2514 3772 Increpu
2561 3718 2669 3756 eos.
2720 3701 2931 3767 Quibus
2974 3703 3064 3759 ille
3105 3706 3390 3774 respondit
3431 3704 3535 3761 περ
3560 3707 3642 3760 isti
3668 3713 3801 3756 tacut-

2289 3795 2431 3858 rint,
2472 3794 2675 3863 lapides
2715 3793 2880 3864 977
2910 3795 3237 3853 clamabunt.
3294 3797 3526 3864 Quando
3555 3813 3645 3852 uos
3672 3795 3799 3865 loqui-

2289 3901 2440 3952 mur,
2484 3886 2696 3956 lapides
2725 3888 2889 3942 silcnt
2916 3905 2929 3941 :
2959 3888 3181 3957 quando
3210 3904 3312 3945 nos
3342 3898 3611 3955 tacemus,
3645 3885 3799 3956 lapides

2287 3980 2541 4036 clamant.
2605 3979 2789 4035 Potest
2838 3981 2984 4035 enim
3031 3980 3300 4038 Dominus
3331 3983 3402 4037 de
3426 3983 3675 4054 lapidibus
3713 3978 3798 4033 istis

2287 4073 2558 4129 suscitare
2601 4074 2742 4129 ﬁlios
2778 4074 3013 4129 Abrahae
3032 4074 3103 4130 “’.
3166 4076 3286 4141 Quo
3319 4084 3559 4146 tempore
3587 4088 3672 4128 nos
3696 4082 3801 4126 tace

2285 4165 2500 4221 bimus?
2517 4164 2748 4232 Quando
2764 4167 3038 4222 refrixerit
3053 4166 3293 4222 eharitas
3310 4169 3618 4231 multorum,
3631 4162 3798 4235 quando

2287 4257 2418 4312 illud
2453 4261 2595 4329 quod
2621 4274 2650 4312 a
2684 4258 2968 4314 Salvatore
3008 4260 3355 4329 praedicatum
3391 4269 3508 4324 est,
3552 4257 3696 4313 fuerit
3725 4253 3798 4308 im-

2284 4351 2488 4421 pletum
2522 4371 2535 4407 :
2572 4351 2744 4406 Putas
2769 4355 2976 4409 veniens
3003 4354 3182 4410 Filius
3207 4356 3435 4411 hominis
3462 4356 3663 4411 inveniet
3680 4351 3799 4422 ﬁdem

2286 4461 2446 4514 super
2478 4454 2675 4499 terram
2705 4447 2790 4503 ⁸³2
2839 4447 3127 4519 Propterea
3171 4448 3389 4504 Domini
3432 4445 3797 4505 miserictlrdiam

2286 4538 2662 4607 deprecemur.
2680 4554 2767 4604 ne,
2793 4540 2950 4595 nobis
2967 4541 3293 4606 tacentibus,
3315 4542 3518 4613 lapides
3543 4538 3796 4597 clamitent;

2288 4632 2383 4685 sed
2409 4630 2698 4701 loquamur
2728 4641 2782 4686 et
2805 4632 3092 4689 laudemus
3114 4632 3282 4688 Deum
3319 4634 3371 4687 in
3404 4633 3576 4697 Patre,
3604 4640 3649 4684 et
3676 4626 3796 4686 Filio.

2285 4730 2338 4775 et
2369 4720 2573 4789 Spiritu
2603 4734 2794 4777 sancto
2827 4723 2953 4778 :cui
2983 4734 3066 4779 est
3087 4724 3256 4795 gloria
3283 4735 3338 4780 et
3364 4726 3633 4796 imperium
3658 4722 3701 4774 in
3724 4732 3797 4772 δε»

2287 4815 2410 4870 cula
2445 4816 2791 4871 steeulorum.
2833 4817 3026 4872 Amen.

2772 4908 3062 4964 IIOMILIA
3098 4908 3388 4966 XXXVIII.

2289 5000 2366 5055 De
2407 5017 2466 5055 eo
2511 5000 2659 5083 quod
2683 5002 2947 5083 scriptum
2979 5012 3056 5057 est
3085 5018 3102 5057 :
3136 5021 3180 5083 τΔ
3195 5002 3327 5083 Cum
3373 5014 3540 5057 autem
3570 4996 3796 5083 appropitt:

2353 5082 2586 5145 quasset,
2608 5073 2739 5145 vidit
2763 5073 3048 5145 civitatem,
3072 5083 3120 5127 et
3141 5075 3284 5145 ﬂevit
3310 5091 3467 5145 super
3490 5089 3616 5137 eam,
3635 5090 3654 5124 ι
3677 5078 3796 5145 usq”

2350 5140 2420 5198 ad
2465 5159 2583 5196 eum
2630 5143 2805 5197 locum
2833 5144 2921 5197 ubi
2954 5146 3076 5198 ait:
3112 5140 3336 5208 t'Eiecit
3376 5140 3549 5199 omnes
3580 5140 3793 5197 vendam

2360 5213 2654 5268 columbas.
2696 5234 2715 5266 ι
2758 5214 2891 5284 Cap.
2920 5231 3034 5269 xu.

2360 5305 2494 5359 Cum
2528 5307 2995 5376 appropinquasset
3033 5305 3332 5361 Jerusalem
3377 5305 3619 5360 Dominus
3642 5304 3788 5353 noster.

2494 5470 2538 5503 ⁸⁸
2569 5467 2702 5525 Luc.
2738 5484 2902 5533 xvut,
2939 5468 2995 5524 8.

2355 5626 2434 5698 (8)
2474 5623 2975 5698 Recolcnda_tittjus
3010 5623 3116 5678 loci
3155 5609 3785 5698 llieronymiananexposit‘it'

2286 5699 2340 5754 in
2363 5689 2662 5752 'Commeut.
2696 5698 2748 5749 in
2778 5689 3115 5763 Mattha'um,
3164 5710 3289 5764 quae
3317 5689 3501 5750 iisdem
3526 5689 3667 5760 plane
3687 5694 3779 5737 corr

2285 5771 2488 5825 texitur
2511 5768 2785 5824 sensibus.

3028 5882 3075 5901 μμ
