4002 6568
280 347 408 404 1897

1459 349 1526 406 IN
1564 341 1798 410 LUCAM
1837 351 2120 409 llOMILlA
2160 353 2396 409 XXXIX.

3390 356 3526 413 i898

276 462 456 514 uidens
487 477 603 514 eam
642 461 782 530 fieri!
804 502 818 526 ,
865 469 915 516 et
955 460 1093 514 dixit
1123 478 1139 515 :
1175 460 1233 515 Si
1260 477 1591 532 cognosceres
1632 474 1678 518 et
1711 472 1765 517 tu
1794 465 1848 517 in
1877 467 1923 526 Α
1952 465 2081 521 riosi
2109 466 2224 530 lilii,
2259 467 2350 536 qui
2382 466 2742 521 substantiam
2774 483 2928 523 suam
2965 467 3173 539 accepit
3207 480 3234 522 a
3267 469 3446 538 patre,
3473 476 3525 521 rt

273 554 358 606 die
379 553 485 606 ista
516 569 634 622 quis
663 555 730 606 ad
755 570 936 622 pacem
963 562 1084 608 sunt
1115 553 1209 608 tibi
1230 571 1248 619 ;
1274 557 1410 609 nunc
1433 565 1606 610 autem
1632 557 1851 610 abscon-

274 649 390 702 dita
419 657 543 702 sunt
576 648 640 702 ab
670 649 837 702 oculis
871 649 975 702 tuis
995 690 1009 713 ,
1053 649 1303 720 quoniam
1332 651 1534 704 venient
1563 651 1674 704 dies
1698 666 1852 719 super

276 747 345 801 te,
375 749 425 792 et
458 739 863 793 circumdabant
887 751 934 794 te
957 740 1158 793 inimici
1185 741 1264 794 tui
1298 740 1456 795 vallo.
1500 739 1848 795 Sacramenta

272 841 404 885 sunt
453 846 575 900 qum
615 830 907 896 dicuntur,
959 841 1011 886 et
1063 847 1384 902 speramus,
1421 833 1686 901 pandente
1715 831 1845 894 Deo,

274 918 486 988 aperire
528 933 690 988 posse
739 920 884 989 quod
934 919 1133 975 latitat.
1193 919 1434 975 Primum
1465 937 1594 992 ergo
1625 922 1692 976 de
1719 922 1846 975 ﬂetu

269 1012 393 1080 ejus
417 1011 948 1068 videndum.0mnes
970 1013 1331 1070 heatitudines
1361 1029 1498 1084 quas
1528 1015 1743 1070 locutus
1761 1024 1846 1068 est

271 1101 329 1159 in
358 1103 650 1175 Evangelio
681 1103 862 1169 Jesus,
885 1120 986 1160 suo
1014 1105 1195 1160 ﬁrmat
1217 1107 1484 1177 exemplo,
1510 1113 1562 1159 et
1586 1105 1727 1175 quod
1757 1104 1848 1159 do.

273 1195 408 1260 cuit,
444 1211 544 1264 pro
570 1196 884 1251 testimonio
913 1197 1127 1265 prohat.
1177 1197 1364 1264 Beati,
1422 1198 1600 1267 inquit
1631 1198 1711 1262 θ’,
1748 1197 1847 1249 mi-

276 1298 373 1344 tes.
433 1287 571 1343 Huic
605 1288 780 1342 simile
826 1296 908 1343 est
953 1289 1021 1344 de
1063 1289 1355 1359 semetipso
1399 1289 1642 1343 :Discite
1678 1306 1708 1342 a
1737 1305 1836 1352 me,

268 1377 518 1446 quoniam
541 1377 688 1430 mitis
707 1393 823 1429 sum
848 1376 915 1430 ⁸³.
943 1375 1096 1432 Beati
1116 1380 1328 1447 paciﬁci
1350 1379 1394 1411 ⁸⁸
1424 1397 1436 1433 :
1468 1387 1521 1433 et
1552 1377 1675 1448 quis
1707 1379 1845 1433 alius

271 1469 346 1522 ita
376 1468 657 1538 pacilicus,
695 1476 754 1522 ut
798 1467 1062 1525 Dominus
1106 1486 1261 1526 meus
1293 1469 1473 1536 Jesus,
1507 1470 1598 1538 qui
1629 1479 1710 1525 est
1740 1485 1842 1538 pax

268 1566 457 1613 nostra
476 1599 492 1623 ,
515 1558 606 1627 qui
638 1559 798 1613 solvit
827 1560 1168 1615 inimicitiam
1192 1601 1205 1623 ,
1250 1570 1302 1615 et
1329 1562 1382 1615 in
1416 1576 1513 1616 sua
1540 1577 1656 1616 eam
1682 1576 1844 1617 carne

266 1649 575 1704 destruxit?
598 1648 751 1703 Beati
773 1650 864 1720 qui
885 1653 1294 1718 persecutionem
1322 1653 1604 1720 patiuntur
1633 1661 1844 1721 propter

266 1739 530 1806 iustitiam
570 1740 637 1793 ⁸⁸.
693 1738 863 1796 Nemo
910 1743 992 1797 sic
1041 1744 1475 1811 persecutionem
1520 1759 1715 1814 passus
1761 1753 1843 1798 est

267 1841 489 1900 propter
512 1831 782 1900 justitiam
805 1872 820 1897 ,
857 1842 917 1886 ut
941 1832 1202 1888 Dominus
1227 1832 1386 1889 Jesus
1407 1874 1422 1898 ,
1453 1836 1546 1904 qui
1585 1850 1682 1905 pro
1713 1851 1841 1905 pec-

267 1923 407 1977 catis
440 1922 643 1978 nostris
680 1922 977 1978 cruciﬁxus
1021 1933 1124 1979 est.
1183 1922 1385 1980 Omnes
1418 1927 1583 1996 igitur
1612 1927 1843 1981 beatitu-

265 2015 422 2070 dines
452 2015 506 2068 in
541 2015 833 2084 semetipso
863 2015 1127 2071 Dominus
1157 2017 1416 2072 ostendit.
1458 2017 1537 2072 Ad
1575 2035 1737 2088 quam
1767 2021 1842 2074 si-

267 2106 629 2161 militudinem
678 2107 841 2161 etiam
891 2106 1022 2162 illud
1071 2109 1214 2178 quod
1246 2109 1490 2174 dixerat,
1526 2108 1680 2163 Beati
1711 2112 1842 2179 ﬂen-

270 2207 344 2251 tes
378 2197 458 2261 “‘,
496 2197 610 2267 ipse
631 2197 780 2252 ﬂevit
801 2237 814 2261 ,
846 2208 906 2252 ut
935 2198 1098 2268 hujus
1127 2213 1346 2269 quoque
1369 2200 1724 2255 beatitudinis
1749 2201 1840 2269 ja-

265 2296 411 2342 ceret
451 2286 824 2343 fundamenta.
888 2287 1060 2343 Flevit
1099 2297 1279 2344 autem
1324 2305 1486 2360 super
1513 2289 1838 2358 Jerusalem,

263 2379 450 2434 dicens
508 2396 521 2432 :
572 2377 632 2434 Si
661 2383 984 2450 cognovisses
1014 2392 1060 2436 et
1093 2393 1149 2438 tu
1175 2384 1230 2436 in
1260 2383 1348 2436 die
1384 2385 1486 2436 ista
1509 2399 1626 2454 quis
1651 2384 1721 2436 ad
1746 2401 1843 2454 pa-

264 2485 375 2524 cem
409 2479 534 2524 sunt
579 2469 698 2536 tibi,
745 2488 884 2526 nunc
908 2484 1082 2526 autem
1107 2472 1417 2527 abscondita
1438 2475 1562 2528 sunt
1586 2475 1650 2528 ab
1673 2477 1840 2529 oculis

262 2562 392 2625 tuis,
445 2570 499 2617 et
539 2562 768 2632 reliqua,
815 2578 990 2633 usque
1028 2564 1095 2618 ad
1124 2579 1248 2618 eum
1281 2564 1459 2619 locum
1486 2565 1576 2619 ubi
1602 2566 1679 2619 ait
1713 2583 1725 2619 :
1761 2563 1840 2619 Eo

261 2653 402 2724 quod
446 2670 547 2707 non
595 2655 891 2724 cognoveris
918 2664 1118 2724 tempus
1145 2656 1476 2710 uisitationis
1511 2665 1636 2711 tute.
1689 2657 1843 2712 Dicat

267 2746 468 2814 aliquis
519 2744 830 2800 auditorum
876 2763 890 2800 :
925 2745 1207 2800 Manifesta
1241 2754 1370 2801 sunt
1401 2763 1523 2816 qum
1566 2748 1840 2810 dicuntur,

262 2846 314 2889 et
341 2849 506 2904 Opere
539 2835 801 2904 completa
833 2835 900 2888 de
929 2833 1250 2888 Jerusalem.
1292 2834 1663 2890 Circumdedit
1689 2835 1834 2890 enim

265 2944 385 2983 eam
420 2927 702 2983 Romanus
723 2929 1017 2992 exercitus,
1043 2935 1097 2981 et
1125 2927 1190 2981 ad
1217 2927 1639 2981 internecionem
1668 2941 1842 2996 usque

261 3020 519 3083 vastavit,
548 3027 870 3090 tcmpusque
898 3018 1078 3074 veniet
1106 3018 1326 3090 quando
1355 3017 1491 3087 lapis
1515 3033 1679 3088 super
1705 3017 1841 3088 lapi-

263 3110 384 3164 dem
417 3126 524 3164 non
555 3111 893 3180 relinquetur
921 3125 1083 3180 super
1111 3124 1254 3164 eam.
1297 3107 1413 3162 Non
1443 3123 1582 3180 nego
1615 3120 1669 3163 et
1692 3109 1835 3164 illam
1866 3138 1909 3196 ο

260 3199 480 3270 quidem
514 3198 815 3254 Jerusalem
851 3207 1071 3267 propter
1107 3197 1470 3251 habitatorum
1511 3195 1716 3251 scelera
1748 3194 1835 3250 fu-

263 3294 372 3348 isse
405 3293 760 3356 destructam,
812 3292 905 3346 sed
936 3306 1121 3361 quaer
1162 3290 1209 3346 si
1246 3299 1300 3345 et
1329 3289 1395 3344 ad
1419 3289 1559 3344 hanc
1588 3299 1834 3344 nostram

259 3383 560 3439 Jerusalem
597 3383 755 3438 ﬂetus
803 3383 907 3438 iste
958 3382 1242 3452 pertineat.
1307 3380 1418 3436 Nos
1462 3381 1605 3436 enim
1645 3395 1835 3435 sumus

187 3514 192 3516 -
261 3474 562 3529 Jerusalem
584 3489 705 3544 quae
729 3473 978 3539 deﬂetur,
998 3473 1092 3542 qui
1123 3472 1279 3528 nobis
1304 3472 1556 3526 videmur
1577 3471 1832 3526 intuitum

261 3567 460 3622 habere
491 3566 774 3636 majorem.
837 3563 992 3630 Quod
1031 3564 1076 3619 si
1103 3572 1226 3634 post
1260 3563 1520 3634 mysteria
1564 3561 1830 3628 veritatis,

261 3671 385 3731 post
415 3673 720 3716 sermonem
750 3655 1049 3726 Evangelii,
1082 3665 1203 3726 post
1226 3657 1528 3711 doctrinam
1556 3654 1831 3722 Ecclesiae,

261 3761 382 3823 post
408 3750 673 3806 visionem
722 3755 1189 3804 sacramentorum
1219 3746 1358 3815 ejus,
1392 3745 1592 3816 aliquis
1619 3761 1650 3801 e
1674 3745 1833 3801 nobis

259 3842 584 3912 peccaverit,
614 3840 887 3911 plangitur
917 3847 1080 3907 atque
1108 3836 1286 3891 ﬂetur.
1328 3837 1498 3891 Nemo
1526 3837 1670 3891 enim
1705 3852 1834 3907 gen-

260 3934 370 3989 tilis
419 3935 610 3995 ﬂetur,
660 3932 754 3986 sed
803 3930 891 3984 ille
937 3929 1030 3998 qui
1065 3927 1164 3983 fuit
1196 3927 1264 3982 de
1294 3927 1628 3993 Jerusalem,
1687 3927 1832 3998 quod

258 4034 381 4095 post
412 4034 633 4094 peccata
657 4020 999 4077 circumdant
1027 4033 1147 4074 eam
1181 4018 1410 4084 inimici,
1434 4017 1722 4072 contrariae
1753 4017 1833 4071 vi-

260 4115 456 4170 delicet
486 4113 867 4178 fortitudines,
897 4111 1124 4180 spiritus
1151 4124 1405 4180 nequam,
1437 4118 1493 4163 et
1535 4108 1833 4162 immittant

261 4208 316 4261 in
345 4205 576 4261 circuitu
604 4205 724 4274 ejus
749 4203 950 4258 vallum
975 4241 991 4267 ,
1017 4211 1070 4257 et
1099 4202 1390 4257 obsideant
1418 4215 1537 4255 eam
1560 4242 1575 4265 ,
1611 4209 1663 4255 et
1697 4199 1834 4268 lapi-

257 4298 382 4352 dem
409 4312 571 4366 super
599 4295 829 4363 lapidem
855 4309 962 4349 non
989 4295 1304 4362 relinquant
1331 4309 1344 4345 :
1381 4291 1620 4345 maxime
1643 4291 1688 4346 si
1712 4301 1833 4361 post

258 4386 486 4441 multam
515 4385 903 4439 continentiam
924 4423 938 4447 ,
989 4391 1110 4452 post
1137 4383 1343 4452 aliquot
1368 4395 1542 4435 annos
1564 4381 1832 4435 castitatis

1952 555 2205 612 universa
2259 557 2494 627 perdidit
2539 558 2702 614 nimie
2752 561 2989 627 potando
3016 560 3081 614 ⁸⁸.
3145 560 3202 615 Si
3232 559 3356 629 quis
3395 573 3524 629 ergo

1952 642 2169 711 vendit,
2203 644 2453 714 ejicitur,
2490 645 2760 714 prtecipue
2805 646 2851 700 si
2899 647 3162 704 vendebat
3215 648 3500 702 columbas

1950 732 2131 799 Quare
2184 737 2321 791 alias
2367 752 2494 791 aves
2538 751 2645 790 non
2682 737 2862 807 posuit
2894 739 2998 795 nisi
3042 740 3361 798 columbas?
3407 738 3522 795 Hoc

1950 825 2152 880 animal
2199 826 2423 898 simplex
2451 835 2534 882 cst
2558 869 2573 892 ,
2627 839 2682 882 et
2711 827 2988 883 decorum.
3049 830 3249 886 Vereor
3277 847 3346 886 ne
3383 839 3434 885 et
3465 831 3518 885 in

1949 916 2107 971 nobis
2130 917 2318 972 vitium
2353 918 2510 974 istius
2537 918 2679 973 modi
2705 919 3155 990 deprehendatur.
3199 921 3254 977 Si
3280 924 3423 979 enim
3455 939 3519 978 ea

1948 1023 2070 1076 quis
2096 1008 2229 1062 mihi
2257 1024 2284 1062 a
2313 1020 2503 1064 sancto
2533 1009 2735 1079 Spiritu
2765 1011 3000 1066 revelata
3026 1024 3180 1078 sunt,
3210 1023 3263 1068 et
3288 1015 3516 1080 credita,

1949 1100 2086 1152 utin
2114 1100 2308 1170 vulgus
2336 1100 2606 1168 eﬂerrem,
2658 1104 2832 1172 pretio
2881 1105 3197 1170 vendidero,
3227 1117 3279 1162 ct
3313 1108 3518 1178 absque

1948 1189 2196 1243 mercede
2229 1205 2335 1243 non
2361 1190 2619 1257 docuero,
2643 1192 2772 1262 quid
2808 1193 2952 1248 aliud
2985 1193 3147 1262 facio,
3174 1196 3280 1250 nisi
3307 1197 3519 1251 colum-
3585 1265 3588 1268 ἢ

1946 1280 2066 1344 bas,
2101 1281 2152 1336 id
2202 1291 2286 1338 est
2316 1281 2578 1351 Spiritum
2623 1294 2868 1340 sanctum
2915 1287 3133 1342 vendo?
3189 1287 3359 1354 Quem
3390 1303 3517 1343 cum

1947 1373 2262 1437 vendidero,
2295 1373 2485 1443 cjicior
2509 1375 2577 1430 de
2610 1377 2809 1446 templo
2833 1374 2948 1434 Dei.
2990 1377 3330 1450 Quapropter
3357 1395 3514 1450 roge-

1947 1479 2068 1518 mus
2094 1462 2408 1532 Dominum,
2429 1475 2490 1520 ut
2511 1481 2701 1522 omnes
2723 1484 2970 1525 emamus
3000 1471 3181 1540 potius
3210 1487 3374 1542 quam
3401 1487 3521 1527 ven-

1945 1554 2161 1610 damus.
2200 1554 2256 1609 Si
2284 1557 2428 1612 enim
2465 1573 2574 1612 non
2604 1559 3030 1624 vendiderimus,
3057 1564 3437 1633 cognoscimus
3465 1572 3521 1618 et

1945 1645 2297 1716 intelligimus
2322 1649 2553 1703 salutem
2583 1661 2824 1705 nostram
2863 1670 2875 1706 :
2911 1652 3149 1723 alioquin
3186 1654 3391 1709 inimici
3418 1653 3522 1710 cit~

1945 1738 2279 1793 eumdahunt
2339 1740 2524 1793 urbem
2579 1752 2840 1796 nostram.
2914 1742 3070 1810 Quod
3114 1746 3158 1800 si
3201 1746 3367 1801 semel
3412 1761 3518 1802 nos

1943 1831 2215 1885 exercitus
2241 1832 2453 1887 hostilis
2481 1833 2746 1896 cinxerit,
2783 1835 3050 1904 lacrymas
3078 1834 3174 1891 Dei
3201 1851 3308 1891 non
3338 1851 3514 1892 mere-

1943 1921 2143 1975 bimur.
2181 1919 2482 1993 Surgamus
2507 1940 2638 1995 ergo
2659 1925 2921 1988 diluculo,
2950 1934 3003 1981 et
3031 1927 3383 1984 Obsecremus
3407 1927 3514 1982 Do-

1944 2011 2175 2078 minum,
2203 2023 2262 2067 ut
2289 2015 2476 2068 saltem
2506 2015 2676 2070 micas
2701 2032 2821 2085 qute
2844 2017 2910 2070 de
2938 2032 3125 2072 mensa
3148 2018 3269 2087 ejus
3289 2019 3514 2085 cadunt,

1943 2103 2226 2158 comedere
2258 2106 2552 2174 possimus.
2613 2106 2838 2161 Miratur
2885 2109 3163 2180 Scriptura
3190 2110 3235 2142 ⁸⁸
3272 2110 3513 2178 reginam

1946 2191 2086 2247 Saba
2116 2197 2327 2251 venisse
2375 2197 2443 2252 ab
2493 2206 2740 2252 extremo
2788 2209 2946 2254 terra:
2969 2200 3158 2254 audire
3193 2200 3513 2270 sapientiam

1946 2283 2254 2341 Salomonis
2287 2304 2301 2341 :
2329 2303 2449 2357 quae
2480 2303 2604 2341 cum
2635 2288 2860 2344 vidisset
2891 2291 3179 2359 prandium
3199 2330 3214 2356 ,
3243 2298 3297 2345 et
3332 2290 3517 2360 supel-

1943 2374 2174 2429 lectilem
2198 2416 2212 2439 ,
2252 2385 2307 2431 et
2333 2377 2637 2433 ministeria
2680 2380 2874 2435 domus
2901 2381 3052 2449 ejus,
3101 2380 3416 2445 obstupuit,
3461 2388 3516 2436 et

1943 2472 2055 2520 tota
2093 2466 2145 2519 in
2175 2468 2445 2522 miraculo
2471 2468 2593 2523 fuit.
2656 2467 2768 2524 Nos
2805 2471 2849 2524 si
2893 2478 3072 2526 tantas
3097 2470 3308 2526 Domini
3341 2473 3516 2527 nostri

1942 2574 2106 2628 opes,
2142 2569 2346 2614 tantam
2379 2561 2650 2617 sermonis
2698 2563 3084 2634 supellectilem
3110 2604 3125 2629 ,
3157 2575 3210 2620 et
3234 2564 3517 2620 abundan-

1944 2650 2073 2706 tiam
2098 2652 2474 2708 doctrinarum
2499 2669 2608 2709 non
2633 2653 2863 2710 libenter
2896 2656 3294 2727 amplectimur,
3326 2657 3374 2712 si
3406 2673 3514 2713 non

1943 2744 2280 2799 comedimus
2305 2760 2499 2814 panem
2529 2746 2673 2812 vitae,
2701 2747 2746 2801 si
2779 2763 2884 2802 non
2911 2749 3172 2803 carnibus
3198 2748 3404 2803 Christi
3434 2763 3518 2802 ve-

1944 2833 2149 2887 scimur
2172 2873 2187 2897 ,
2221 2843 2275 2888 et
2300 2850 2495 2890 cruore
2521 2845 2804 2904 potamur;
2837 2839 2882 2891 si
2917 2838 3317 2893 contemnimus
3350 2839 3518 2908 dapes

1946 2921 2245 2978 Salvatoris
2271 2926 2466 2989 nostri,
2491 2927 2631 2982 scire
2655 2927 2922 2982 debemus
2951 2928 3097 2998 quod
3129 2930 3324 2984 habeat
3347 2929 3512 2996 Deus,

1942 3023 1996 3067 et
2023 3013 2436 3084 benignitatem,
2463 3023 2517 3069 et
2549 3017 2914 3072 severitatem.
2972 3018 3016 3073 E
3038 3018 3239 3088 quibus
3265 3019 3513 3090 benigni-

1945 3111 2106 3158 tatem
2155 3103 2274 3174 ejus
2304 3105 2478 3175 magis
2521 3120 2678 3161 orare
2711 3109 3002 3176 debemus,
3051 3110 3106 3164 in
3136 3110 3352 3166 Christo
3383 3109 3511 3168 Jesu

1943 3195 2177 3251 Domino
2199 3205 2386 3253 nostro
2435 3217 2447 3251 :
2501 3199 2588 3264 cui
2611 3207 2695 3255 est
2723 3201 2894 3271 gloria
2928 3210 2982 3257 et
3010 3201 3376 3272 imperiumin
3412 3217 3514 3258 ste-

1941 3288 2061 3344 cula
2093 3290 2440 3346 saeculorum.
2478 3290 2671 3346 Amen.

2395 3403 2561 3475 978
2587 3402 2870 3460 llOMlLIA
2908 3404 3151 3462 XXXIX.

1941 3515 2020 3572 De
2042 3519 2328 3588 quastione
2353 3517 2790 3581 Sadducazorum,
2822 3533 2980 3589 quam
3005 3527 3386 3589 proposuerant
3411 3520 3515 3576 Do-

2012 3590 2154 3642 mino
2174 3628 2190 3653 ,
2239 3589 2473 3642 mulieris
2521 3591 2634 3658 ejus
2663 3605 2779 3658 quia
2813 3602 3008 3658 septem
3037 3591 3172 3643 uiros
3202 3592 3430 3656 habuit;
3463 3601 3515 3646 et

2010 3675 2192 3712 rursus
2219 3663 2282 3712 de
2297 3659 2514 3712 denario
2539 3656 2688 3727 q'ueni
2712 3659 2812 3712 sibi
2835 3656 3084 3713 Salvator
3100 3660 3507 3728 jussitostendi.

2009 3728 2141 3797 Cap.
2174 3743 2264 3780 xx.

2011 3837 2108 3893 Est
2127 3838 2351 3894 haeresis
2381 3838 2433 3893 in
2457 3837 2680 3905 Judteis,
2699 3854 2821 3908 quae
2839 3839 3040 3896 dicitur
3060 3840 3507 3906 Sadducaaorum,

1940 3930 2056 3984 hinc
2081 3929 2536 3984 resurrectionem
2560 3937 2900 3985 mortuorum
2923 3939 3106 4000 negat,
3131 3940 3186 3986 et
3211 3939 3368 4001 putat
3399 3933 3514 3986 ani-

1940 4037 2082 4077 mam
2138 4021 2362 4077 interire
2391 4037 2516 4076 cum
2552 4037 2800 4093 corpore,
2827 4038 2926 4078 nec
2954 4033 3076 4093 post
3110 4033 3337 4080 mortem
3369 4025 3510 4079 ultra

1939 4114 2226 4183 respirare.
2269 4113 2436 4184 Igitur
2463 4113 2818 4183 qutestionem
2870 4115 3098 4171 Domino
3123 4125 3506 4186 proponentes,

1939 4213 2365 4275 composuerunt
2410 4203 2649 4259 fabulam
2702 4206 2948 4260 mulieris
2994 4215 3200 4275 septem
3243 4207 3506 4272 virorum,

1939 4311 2062 4365 qua;
2106 4304 2229 4365 post
2271 4295 2507 4365 primum
2538 4297 2717 4350 virum
2750 4297 2818 4350 ad
2856 4296 3291 4351 resuscitandum
3322 4310 3506 4352 semen

1941 4387 2138 4457 prioris
2169 4388 2396 4442 alterum
2425 4388 2639 4442 duxerit
2673 4404 2688 4442 :
2720 4401 2830 4457 quo
2855 4396 3088 4452 mortuo,
3122 4388 3335 4442 tertium
3366 4403 3508 4457 quo-

260 4478 440 4532 victus
466 4476 592 4546 quis
627 4474 811 4539 fuerit,
848 4473 1340 4542 blandimentisquc
1389 4472 1570 4526 carnis
1621 4471 1905 4544 illectus“
1937 4493 2066 4547 que,
2093 4486 2146 4532 et
2167 4493 2383 4532 rursum
2414 4486 2692 4547 quartum,
2747 4487 2910 4547 atque
2936 4477 2989 4530 in
3020 4477 3166 4533 hunc
3191 4477 3412 4532 modum
3441 4477 3509 4531 ad

259 4571 576 4641 patientiam
609 4567 1040 4637 pudicitiamque
1068 4566 1330 4620 amiserit.
1377 4563 1434 4618 Si
1462 4564 1630 4620 fueris
1659 4564 1831 4619 forni-

259 4672 438 4724 catus,
473 4660 703 4729 lapidem
747 4674 910 4728 super
939 4658 1168 4728 lapidem
1196 4671 1302 4710 non
1336 4657 1644 4726 relinquent
1669 4671 1832 4727 super

254 4761 333 4824 te.
371 4757 461 4806 Att
488 4765 631 4806 enim
665 4765 722 4804 tn
758 4750 867 4804 alio
900 4749 1021 4802 loco
1050 4748 1094 4780 ⁸⁷
1128 4763 1144 4802 :
1179 4745 1301 4802 Non
1335 4748 1651 4802 recordabar
1690 4748 1832 4817 prio-

258 4860 376 4896 rum
408 4843 746 4912 justitiarum
767 4840 880 4910 ejus
920 4855 938 4892 :
983 4839 1036 4892 in
1065 4848 1275 4907 peccato
1300 4853 1418 4906 suo,
1438 4839 1495 4891 in
1517 4854 1619 4908 quo
1646 4839 1829 4907 depre-

258 4935 447 4990 Itettsus
493 4933 676 5003 fuerit,
722 4934 776 4984 in
819 4933 934 5000 ipso
975 4929 1222 4992 iudicabo
1257 4945 1396 4984 eum.
1439 4929 1562 4984 Haec
1589 4940 1673 4985 est
1701 4945 1832 5001 ergo

260 5042 384 5096 quae
415 5024 641 5079 deﬂetur
659 5021 981 5077 Jerusalem.
1042 5021 1171 5075 Post
1201 5036 1322 5090 qua:
1348 5021 1549 5076 dicitur
1578 5040 1590 5075 :
1625 5020 1833 5092 Ingres-

259 5135 350 5173 sus
382 5127 458 5172 est
487 5115 757 5185 templum.
793 5113 946 5179 Quod
976 5127 1092 5165 cum
1123 5113 1307 5182 fuisset
1342 5113 1629 5182 ingressus,
1680 5113 1829 5182 ejecit

256 5224 345 5262 eos
391 5208 480 5277 qui
525 5205 810 5260 vendebant
855 5203 1144 5257 columbas.
1201 5200 1316 5254 Non
1349 5202 1507 5272 ejecit
1542 5210 1823 5268 ementes;

259 5301 354 5370 qui
387 5299 532 5354 enim
558 5306 768 5362 emunt,
821 5304 876 5349 et
919 5295 1064 5364 quod
1097 5293 1328 5348 emerint
1355 5294 1656 5363 possident.
1708 5293 1832 5348 lllos

258 5390 420 5460 ejecit
450 5390 517 5444 de
540 5389 739 5458 templo
767 5386 946 5440 Patris
993 5384 1151 5441 Jesus
1175 5426 1189 5451 ,
1221 5387 1313 5456 qui
1342 5387 1581 5441 vendunt
1607 5396 1662 5440 et
1692 5387 1832 5456 abji-

258 5481 412 5535 ciunt
437 5479 581 5549 quod
610 5478 928 5536 habuerant.
964 5476 1018 5530 in
1049 5473 1463 5532 similitudinem
1494 5478 1639 5532 illius
1674 5479 1834 5533 luxu-

352 5574 397 5605 ⁸⁸
431 5572 618 5626 Matth.
657 5587 691 5624 v
711 5612 726 5634 ,
758 5571 814 5624 5.
928 5550 981 5602 ’⁸³
1005 5570 1192 5625 Matth.
1220 5587 1296 5634 xr,
1325 5571 1416 5626 29.

261 5641 308 5674 ⁸⁸
340 5642 472 5698 Luc.
499 5657 589 5696 xv.
683 5643 727 5673 ειν
754 5639 819 5694 111
850 5639 982 5710 Reg.
1015 5657 1068 5694 x.
1162 5643 1207 5672 ⁸ο
1236 5641 1423 5695 Matth.
1459 5644 1708 5710 “11.29,
1738 5648 1826 5702 '50.

333 5734 408 5803 (9)
449 5731 588 5798 Quin
632 5733 1079 5803 econtrario,_u_t_
1117 5747 1378 5802 perquam
1416 5736 1625 5790 erudite
1670 5745 1822 5792 notat

263 5799 624 5875 Hieronymus
639 5801 796 5869 epist.
824 5801 996 5875 75,4ad
1019 5799 1384 5875 Theodoram,
1416 5807 1544 5868 n.2,
1579 5805 1824 5875 Quando,

576 5874 847 5932 PATROL.
882 5871 1195 5945 Gn._Xlll.

1511 5571 1557 5603 “
1579 5571 1764 5645 Matth.
1797 5593 1862 5645 v,
1894 5578 1947 5633 9.

1938 4567 2227 4638 septimum
2276 4581 2449 4636 usque
2485 4575 2824 4635 pervenerat.
2871 4564 3145 4632 Quteritur
3177 4579 3306 4635 ergo
3333 4564 3385 4617 in
3418 4579 3507 4618 re-

1933 4642 2272 4715 surrectione
2317 4665 2698 4719 m0rtuorum,
2734 4656 2860 4726 quis
2910 4671 3026 4709 eam
3077 4654 3179 4709 sibi
3225 4669 3256 4709 e
3302 4662 3508 4724 septem

1936 4750 2197 4806 fratribus
2232 4751 2302 4804 sit
2329 4749 2706 4803 vindicaturus
2736 4762 2984 4802 uxorem.
3028 4743 3141 4801 Hoc
3169 4754 3350 4801 autem
3386 4759 3510 4815 pro-

1932 4843 2108 4898 blema
2158 4843 2484 4898 insidiantes
2533 4840 2716 4896 verbis
2765 4839 3096 4904 Salvatoris,
3154 4855 3221 4894 eo
3267 4849 3515 4908 tempore

1933 4945 2365 5006 proposuerunt,
2400 4949 2510 5004 quo
2565 4948 2688 4988 eum
2741 4931 2991 4986 viderant
3018 4932 3086 4986 de
3116 4931 3512 4986 resurrectione

1933 5029 2128 5082 docere
2153 5026 2474 5096 discipulos.
2515 5025 2727 5091 Quibus
2753 5024 3088 5093 respondens
3115 5023 3366 5077 Salvator
3392 5023 3505 5076 ait:

1938 5117 2174 5181 Erratis,
2219 5119 2502 5171 nescientes
2549 5115 2875 5185 Scripturas,
2921 5131 3082 5184 neque
3123 5116 3367 5167 virtutem
3389 5113 3508 5166 Dei.

1937 5209 2003 5263 In
2030 5209 2410 5262 resurrectione
2457 5208 2592 5260 enim
2628 5215 2953 5259 mortuorum
2990 5220 3150 5274 neque
3188 5203 3398 5268 nubent,
3424 5217 3513 5256 ne-

1935 5316 2031 5370 que
2056 5298 2336 5362 nubentur,
2366 5297 2455 5350 sed
2480 5303 2633 5349 erunt
2658 5296 2795 5366 sicut
2824 5293 2997 5363 angeli
3032 5296 3083 5346 in
3116 5292 3258 5346 caelis
3286 5293 3352 5345 ’°.
3404 5289 3508 5358 Qui

1933 5399 2096 5448 erunt
2130 5391 2272 5445 sicut
2300 5389 2518 5460 angeli,
2561 5388 2750 5458 utique
2774 5387 2848 5458 (9)
2878 5386 3053 5455 angeli
3080 5393 3259 5440 erunt.
3308 5383 3511 5438 Simul-

1933 5497 2041 5553 que
2069 5480 2407 5542 discendum,
2434 5479 2578 5548 quod
2613 5478 2788 5548 angeli
2819 5477 3092 5532 connubia
3119 5490 3224 5530 non
3253 5475 3507 5530 habeant.

2052 5575 2096 5608 "
2149 5573 2282 5628 ibid.
2349 5572 2436 5625 10.
2487 5571 2572 5642 ..⁸⁸
2601 5571 2734 5626 ibid.
2770 5570 2822 5624 Δ.
2899 5569 3165 5624 "l'lzech.
3201 5583 3367 5633 xvm,
3415 5566 3489 5620 22

1928 5736 2092 5802 dicit,
2126 5753 2144 5786 α
2183 5746 2346 5807 neque
2372 5734 2602 5807 nubent,
2632 5747 2791 5801 neque
2821 5730 3080 5784 nubentur
3101 5769 3115 5793 ,
3164 5747 3184 5780 ι
3237 5729 3326 5807 sed
3354 5735 3508 5807 erunt

1943 5825 1961 5859 ‹
1990 5809 2126 5861 sicut
2158 5801 2330 5868 anqeli
2363 5805 2420 5858 in
2472 5804 2613 5858 ctelis
2636 5843 2650 5869 ,
2683 5823 2701 5855 ι
2741 5818 2842 5855 non
2875 5811 3071 5856 natura
3112 5809 3162 5852 et
3210 5801 3504 5853 substantia

3046 5872 3124 5931 60
