4002 6540
567 364 702 422 1899

2004 360 2322 421 ORIGENIS

3688 367 3802 424 I900

562 478 664 535 Hic
709 492 836 532 vero
884 477 975 532 ubi
1017 490 1199 543 mors,
1254 486 1309 532 et
1359 476 1591 548 nuptiae,
1643 484 1699 533 et
1742 477 1897 534 liberi
1946 493 2132 533 neccs-
2163 486 2206 541 Α
2234 484 2420 530 vatorc
2443 475 2645 529 dictum
2671 490 2791 532 esse
2812 475 3158 546 simpliciter:
3187 474 3400 533 Reddite
3421 482 3804 550 qumsuntCt-

562 570 694 629 sarii
739 578 894 637 sunt;
934 570 1076 636 illic,
1132 570 1224 626 ubi
1271 570 1684 638 immortalitas,
1733 586 1834 626 nec
1881 570 2135 641 conjugio

562 679 703 736 opus
745 671 865 727 est,
913 676 1012 717 nec
1063 661 1207 716 filiis.
1260 660 1569 731 Proponam
1617 661 1746 715 mihi
1778 661 2132 730 quaestionem

560 755 718 811 valde
753 754 1062 818 molestam,
1095 762 1293 821 etquae
1322 768 1431 806 non
1467 751 1623 807 facile
1645 750 1894 815 solvitur,
1925 766 1991 805 ex
2016 765 2135 820 per-

561 860 696 903 sona
731 860 942 911 eorum,
993 842 1085 914 qui
1132 842 1519 897 studiosissimi
1548 840 1955 910 Scripturarnm
1984 849 2131 906 sunt,

560 949 615 992 et
639 937 727 991 die
755 950 820 991 ac
856 943 1018 989 nocte
1046 933 1377 989 meditantur
1410 932 1463 985 in
1495 932 1611 1000 lege
1639 929 1856 985 Domini
1883 932 1950 984 θι.
2006 928 2129 994 Ubi,

562 1027 838 1097 inquiunt,
871 1025 1133 1094 scriptum
1165 1030 1248 1077 est
1313 1020 1441 1089 quia
1486 1038 1644 1093 neque
1693 1021 1917 1087 nubent,
1972 1038 2130 1092 neque

558 1114 866 1170 nubentur?
916 1111 1050 1168 Tam
1084 1110 1250 1166 Vetus
1288 1125 1453 1178 quam
1483 1108 1692 1165 Novum
1723 1110 2130 1167 Testamentum

562 1204 829 1259 memoria
874 1218 938 1258 ac
984 1210 1163 1257 mente
1194 1201 1563 1270 perlustrans,
1606 1217 1875 1270 nusquam
1911 1201 2132 1255 memini

560 1293 668 1348 tale
697 1293 829 1363 quid
856 1292 1109 1347 relatum.
1157 1290 1313 1357 Quod
1344 1290 1391 1346 si
1414 1289 1552 1345 forte
1582 1306 1669 1345 me
1700 1290 1857 1356 fallit,
1890 1291 1982 1361 qui
2010 1291 2132 1362 plus

559 1384 713 1439 novit
732 1382 942 1437 doceat.
972 1378 1228 1436 Libenter
1248 1380 1400 1435 disco
1422 1380 1567 1450 quod
1590 1381 1795 1436 nescio.
1820 1379 1929 1437 Sed
1954 1397 2130 1451 quan-

561 1483 677 1529 tum
718 1488 817 1544 ego
849 1473 1124 1538 existimo,
1181 1488 1282 1527 nec
1323 1472 1378 1526 in
1423 1470 1625 1539 Veteri,
1657 1488 1757 1529 nec
1782 1474 1835 1527 in
1866 1472 2015 1527 Novo
2042 1473 2132 1527 In-

559 1576 863 1623 strumento
889 1566 1187 1636 quidquam
1222 1565 1326 1620 tale
1358 1565 1609 1636 reperiet.
1663 1563 1853 1620 Omnis
1875 1581 2005 1636 ergo
2035 1581 2131 1621 eo-

555 1673 679 1712 rum
728 1671 881 1710 error
915 1655 983 1711 de
1013 1655 1369 1726 prephetica,
1425 1670 1591 1725 quam
1642 1670 1752 1710 non
1801 1655 2126 1727 intelligunt,

556 1747 792 1802 lectione
821 1746 1097 1802 surrexit:
1132 1761 1162 1800 e
1193 1745 1393 1815 quibus
1416 1745 1550 1800 illud
1578 1746 1740 1801 estin
1770 1745 1906 1801 Isaia
1943 1764 1955 1799 :
1984 1745 2130 1801 Lecti

556 1841 658 1893 mei
686 1855 789 1893 non
827 1838 1086 1893 habebunt
1119 1838 1309 1893 liberos
1336 1839 1392 1892 in
1422 1838 1845 1893 maledictionem
1874 1839 1939 1890 ".
1982 1836 2048 1891 Et
2072 1837 2127 1891 in
2160 1826 2203 1880 Β

554 1929 979 1986 Deutcronomio
1009 1930 1066 1984 in
1106 1929 1573 1985 benedictionibus
1607 1928 1654 1960 ⁸³
1681 1945 1693 1981 :
1725 1926 1997 1981 Benedicti
2024 1926 2126 1995 ﬁlii

554 2023 691 2076 uteri
732 2026 830 2076 tui.
883 2020 950 2076 Et
982 2029 1177 2091 putant
1215 2021 1330 2077 haec
1376 2020 1559 2075 futura
1605 2020 1659 2074 in
1708 2019 2123 2083 resurrectione,

555 2128 666 2167 non
697 2112 1056 2182 intelligentes
1093 2111 1365 2181 spiritales
1392 2110 1798 2166 benedictiones
1839 2126 1960 2165 esse
1989 2125 2125 2179 pra:-

556 2205 753 2259 dlctas.
808 2202 1005 2258 Paulus
1034 2202 1179 2257 enim
1210 2217 1306 2258 vas
1342 2201 1657 2269 electionis,
1687 2216 1877 2256 omnes
1903 2200 2003 2255 has
2033 2201 2127 2255 be-

555 2294 918 2361 nedictiones,
949 2308 1071 2363 qua:
1094 2301 1375 2363 ponuntur
1404 2292 1461 2346 in
1489 2290 1650 2362 Lege,
1701 2291 2015 2361 spiritaliter
2044 2290 2127 2345 in-

550 2395 880 2456 terpretans,
917 2392 971 2439 et
1017 2384 1196 2438 sciens
1247 2398 1355 2437 non
1399 2396 1520 2437 esse
1546 2380 1815 2445 carnales,
1860 2381 1925 2435 ad
1953 2379 2128 2450 Ephe-

555 2475 669 2529 sios
712 2475 953 2544 loquitur
978 2472 1025 2504 “
1061 2491 1074 2526 :
1108 2472 1425 2526 Benedictus
1466 2470 1605 2525 Deus
1630 2510 1644 2536 ,
1701 2481 1750 2525 et
1807 2469 1970 2524 Pater
2019 2470 2128 2523 Do-

553 2564 683 2621 mini
712 2566 881 2620 nostri
908 2563 1034 2618 Iesu
1064 2562 1264 2618 Christi
1285 2603 1299 2628 ,
1355 2564 1445 2632 qui
1477 2562 1737 2615 benedixit
1768 2578 1862 2615 nos
1897 2564 1953 2615 in
1985 2564 2125 2616 omni

553 2658 907 2713 benedictione
956 2655 1225 2725 spiritali,
1277 2671 1395 2708 cum
1443 2672 1475 2707 η
1528 2655 1750 2708 mortuis
1804 2664 2125 2725 resurgentes

556 2763 812 2807 aeternam
860 2748 1238 2804 beatitudinem
1292 2763 1740 2816 consequeremur.
1811 2746 1917 2801 Sed
1968 2757 2022 2802 et
2069 2749 2125 2803 in

552 2844 787 2900 Psalmis
812 2842 1006 2898 simile
1056 2841 1186 2911 quid
1225 2841 1590 2910 reperientes,
1626 2840 1814 2894 eodem
1869 2840 2127 2896 labuntur

550 2948 757 2989 errore.
801 2931 975 2996 Uxor,
1018 2930 1226 3001 inquit,
1273 2941 1364 2985 tua
1414 2931 1551 2985 sicut
1598 2931 1719 2985 vitis
1753 2932 2028 2986 abundans
2070 2934 2125 2986 in

549 3023 807 3080 lateribus
875 3024 1062 3078 domus
1123 3033 1248 3088 ture,
1305 3022 1408 3093 ﬁlii
1471 3025 1548 3077 tui
1588 3025 1726 3078 sicut
1764 3024 1978 3078 novella:
2021 3024 2124 3078 oli-

2236 569 2397 637 saris,
2424 567 2623 622 Cwsari
2640 610 2654 635 ,
2689 567 2741 623 id
2770 580 2853 625 est
2881 571 3142 629 tributum
3168 570 3375 627 reddite
3407 574 3556 644 quod
3584 574 3800 631 debetis.

2238 662 2371 730 Quis
2417 664 2561 720 enim
2608 673 2857 723 nostrum
2908 665 2976 721 de
3030 667 3250 723 tributis
3280 668 3574 724 reddendis
3618 669 3802 725 (ζωή

2237 756 2600 812 contradicit?
2628 755 2800 812 Habet
2826 756 2990 827 igitur
3023 759 3178 815 locus
3203 758 3460 830 quiddam
3493 762 3712 832 mystici
3735 772 3804 815 at-

2237 861 2343 917 que
2363 850 2576 903 secreti.
2597 848 2729 905 Dure
2751 859 2880 905 sunt
2908 850 3171 923 imagines
3208 854 3466 921 hominis,
3499 870 3613 909 una
3655 872 3800 925 quam

2236 941 2443 1010 accepit
2486 956 2517 996 a
2553 941 2663 997 Deo
2710 942 2887 1020 factus
2923 946 2975 998 in
3010 946 3303 1015 principio,
3354 947 3500 1003 sicut
3527 949 3587 1001 in
3617 947 3800 1004 Genesi

2236 1032 2497 1101 scriptum
2539 1044 2622 1089 est
2643 1035 2727 1087 9"z
2778 1033 2951 1090 Juxta
2989 1036 3273 1106 imaginem
3310 1053 3360 1092 et
3400 1038 3801 1092 similitudinem

2234 1122 2376 1188 Dei;
2412 1124 2581 1180 altera
2613 1126 2822 1191 cltoici,
2866 1126 2920 1180 id
2959 1138 3043 1182 est
3084 1129 3315 1193 terreni,
3351 1137 3651 1201 postquam
3684 1146 3798 1199 pro-

2233 1222 2352 1283 pter
2386 1215 2811 1271 inobedientiam
2842 1228 3004 1289 atque
3047 1229 3327 1289 peccatum
3364 1220 3579 1290 ejectus
3620 1221 3689 1275 de
3715 1236 3798 1290 pa-

2234 1304 2418 1361 radiso
2442 1307 2743 1375 assumpsit
2764 1323 2908 1375 eam,
2924 1308 3184 1378 principis
3209 1308 3393 1363 saeculi
3420 1308 3594 1378 hujus
3617 1324 3801 1364 suasus

2233 1393 2529 1449 illecebris.
2568 1394 2723 1451 Sicut
2752 1397 2896 1451 enim
2932 1412 3192 1453 nummus
3221 1407 3382 1469 atque
3414 1398 3682 1453 denarius
3712 1399 3801 1452 ha-

2234 1485 2324 1540 bet
2368 1487 2660 1557 imaginem
2703 1488 3097 1558 imperatorum
3138 1491 3325 1544 mundi
3360 1508 3376 1556 ;
3418 1491 3501 1546 sic
3542 1490 3643 1560 qui
3685 1490 3802 1545 facit

2234 1592 2398 1647 opera
2423 1578 2651 1634 rectoris
2675 1580 3025 1635 tenebrarum
3050 1582 3301 1648 istarum,
3319 1590 3500 1651 portat
3516 1582 3801 1653 imaginem

2231 1670 2538 1741 ejus_cujus
2566 1670 2730 1726 habet
2758 1686 2922 1742 Opera
2954 1688 2969 1739 ;
3002 1688 3166 1744 quam
3206 1674 3458 1744 praecepit
3493 1672 3664 1730 Iesus
3691 1690 3803 1731 esse

2232 1765 2562 1820 reddendam
2596 1774 2650 1821 et
2679 1765 3069 1835 projiciendam
3102 1767 3171 1823 de
3208 1767 3357 1822 vultu
3389 1778 3584 1824 nostro
3607 1809 3625 1835 ,
3656 1783 3826 1824 assu-.

2231 1857 2592 1926 mendamqne
2620 1871 2740 1911 eam
2765 1858 3079 1927 imaginem.
3101 1858 3258 1929 juxta
3287 1874 3449 1929 quam
3478 1875 3511 1913 a
3537 1859 3802 1930 principio

2229 1948 2296 2002 ad
2331 1947 2741 2003 similitudinem
2775 1947 2870 2004 Dei
2902 1948 3107 2004 conditi
3147 1965 3360 2005 sumus.
3385 1950 3568 2020 Atque
3601 1951 3679 2006 ita
3720 1953 3800 2014 ﬁt,

2229 2048 2288 2095 ut
2318 2055 2439 2110 quae
2466 2038 2700 2096 Caesaris
2738 2049 2899 2108 sunt,
2945 2042 3146 2097 Caesari
3166 2083 3182 2109 ,
3211 2050 3266 2097 et
3292 2057 3416 2112 quae
3444 2042 3541 2098 Dei
3563 2083 3583 2108 ,
3618 2043 3803 2098 redda-

2228 2147 2351 2186 mus
2404 2131 2536 2187 Deo.
2597 2133 2890 2200 Ostendite,
2937 2133 3130 2205 inquit,
3180 2135 3309 2188 mihi
3363 2150 3664 2188 nunmtum.
3703 2132 3801 2189 Pro

2227 2238 2337 2294 quo
2368 2223 2422 2277 in
2455 2222 2709 2279 Matthaao
2734 2225 2750 2255 ¹
2778 2224 3037 2280 scribitur
3067 2225 3346 2279 denarius.
3377 2223 3543 2290 Quem
3573 2241 3696 2278 cum
3722 2241 3805 2278 ac-

2229 2315 2479 2385 cepisset,
2509 2316 2585 2368 ait
2611 2330 2629 2368 :
2658 2314 2824 2384 Cujus
2858 2317 3197 2385 scriptionem
3230 2315 3427 2371 habet?
3456 2314 3568 2381 Qui
3598 2332 3802 2384 respon-

2226 2405 2425 2473 dentes,
2451 2405 2696 2461 dia'erunt
2714 2422 2733 2460 :
2768 2405 3017 2461 Caesaris.
3048 2406 3132 2460 Ad
3162 2422 3289 2475 quos
3314 2422 3523 2459 rursum
3543 2421 3566 2459 :
3591 2406 3803 2461 Reddite

2226 2513 2370 2568 ergo,
2402 2497 2599 2567 inquit,
2631 2514 2750 2567 qua:
2779 2507 2899 2552 sunt
2930 2495 3157 2553 Ctesaris
3190 2497 3419 2563 Ctesari,
3452 2506 3501 2551 et
3532 2515 3660 2567 qua
3687 2510 3800 2552 sunt

2226 2588 2326 2642 Dei
2354 2588 2481 2643 Deo.
2513 2587 2758 2654 Quorum
2790 2589 3238 2659 consequentiam
3271 2599 3326 2643 et
3352 2587 3561 2643 Paulus
3594 2590 3803 2644 locutus

2226 2689 2345 2746 est,
2391 2679 2667 2735 dicens”:
2707 2679 2858 2735 Sicut
2898 2681 3221 2750 portavimus
3264 2681 3549 2750 imaginem
3599 2682 3799 2747 choici,

2225 2782 2492 2838 portemus
2522 2780 2570 2825 et
2597 2772 2881 2840 imaginem
2909 2770 3154 2826 caelestis.
3185 2770 3343 2837 Quod
3362 2786 3493 2842 ergo
3523 2773 3611 2826 ait
3633 2790 3649 2826 :
3670 2770 3803 2827 Red-

2226 2862 2334 2917 dite
2362 2879 2481 2933 qua:
2518 2872 2639 2916 sunt
2675 2862 2904 2918 Cwsaris
2936 2862 3160 2929 Caesari,
3196 2863 3301 2917 hoc
3328 2862 3502 2918 dicit:
3538 2862 3802 2934 Deponite

2226 2969 2517 3023 personam
2558 2955 2771 3021 choici,
2820 2954 3039 3024 abjicite
3087 2953 3376 3025 imaginem
3420 2964 3703 3010 terrenam
3746 2963 3800 3009 ut

2225 3045 2451 3115 possitis
2480 3046 2638 3101 rubis
2680 3061 2969 3117 personam
3000 3046 3238 3101 ctelestis
3264 3047 3616 3116 imponentes
3635 3090 3653 3115 ,
3684 3047 3800 3104 red-

548 3133 734 3172 varum
762 3117 818 3170 in
845 3116 1073 3169 circuitu
1118 3131 1311 3170 mensae
1340 3125 1462 3182 tute,
1494 3118 1756 3208 usquead
1780 3133 1900 3172 eum
1943 3118 2122 3173 locum
2153 3192 2189 3208 Λ
2224 3103 2352 3191 ἔπει-ε
2378 3153 2499 3208 qum
2530 3146 2658 3194 sum
2683 3103 2775 3194 be;
2796 3137 2924 3194 Deo.
2958 3137 3173 3208 Repeti;
3201 3153 3300 3194 nos
3328 3138 3493 3194 Deus.
3525 3138 3798 3206 Quidnam

550 3209 643 3264 ubi
683 3208 760 3262 ait
798 3225 811 3261 :
853 3206 1139 3261 Benedicat
1173 3215 1221 3261 te
1254 3206 1512 3261 Dominus
1550 3223 1616 3261 ea:
1660 3207 1811 3275 Sion,
1852 3219 1900 3262 et
1947 3211 2120 3266 videas

2226 3192 2462 3297 repetil?
2494 3227 2636 3300 Lege
2665 3227 2884 3300 Moysen
2915 3246 2930 3284 :
2967 3192 3055 3282 Ει⁸
3073 3245 3209 3282 nunc
3238 3229 3365 3299 quid
3413 3229 3679 3285 Dominus
3725 3247 3800 3285 re-

548 3312 667 3367 qua:
730 3297 865 3351 bona
919 3306 1039 3351 sunt
1083 3296 1379 3352 Jerusalem
1413 3299 1481 3353 °'.
1522 3296 1664 3369 Ergo
1702 3314 1826 3372 cum
1857 3301 2121 3358 instructa

2222 3320 2348 3388 petit
2393 3337 2426 3373 a
2475 3329 2524 3374 te
2547 3296 2613 3374 'v?
2647 3329 2705 3376 et
2740 3296 2947 3392 reliqua
2995 3336 3117 3391 quae
3169 3296 3495 3394 sequuntur.
3550 3321 3799 3379 Postulat

548 3385 714 3442 fuerit
744 3385 1073 3453 Jerusalem,
1094 3396 1149 3441 et
1170 3387 1470 3443 instaurata
1496 3387 1552 3443 in
1582 3389 1866 3460 antiquum
1894 3402 2117 3462 statum,

547 3486 682 3533 tunc
714 3477 937 3532 visurus
959 3486 1044 3533 est
1070 3477 1214 3533 bona
1246 3494 1368 3549 quae
1398 3477 1678 3550 Scriptura
1709 3495 2116 3541 commemorat.

549 3566 656 3634 Qui
689 3567 1006 3638 spiritaliter
1043 3569 1350 3640 intelligunt
1376 3569 1704 3639 Jerusalem,
1738 3584 1792 3629 et
1823 3576 1889 3631 de
1916 3592 1979 3632 ea
2012 3578 2118 3634 dici

551 3660 733 3716 sciunt
763 3676 884 3731 qua:
912 3661 1152 3717 caelestis
1185 3663 1299 3731 estp‘,
1341 3678 1462 3732 qua:
1495 3679 1716 3720 sursum
1748 3676 1862 3732 est,
1887 3684 2008 3740 quae
2038 3679 2121 3725 est

545 3762 722 3808 mater
760 3762 947 3807 nostra
974 3753 1057 3806 ":
1093 3754 1354 3809 videbunt
1402 3756 1544 3811 bona
1592 3758 1738 3813 illius
1762 3800 1776 3825 ,
1809 3761 1875 3815 de
1920 3763 2119 3833 quibus

546 3858 691 3914 saepe
723 3844 964 3900 diximus
988 3884 1004 3911 ,
1051 3853 1103 3900 et
1132 3845 1185 3899 id
1217 3847 1359 3916 quod
1402 3864 1548 3904 nunc
1590 3849 1659 3906 de
1690 3851 1899 3921 psalmo
1927 3856 2117 3924 posui-

544 3950 671 3989 mus
693 3934 772 3990 ":
811 3933 959 3989 Uxor
1002 3946 1096 3991 tua
1127 3938 1264 3992 sicut
1300 3939 1422 3992 uitis
1462 3939 1739 3996 abundans
1786 3944 1838 3996 in
1865 3943 2115 4001 lateribus

543 4026 730 4081 domus
760 4035 884 4093 tum,
910 4027 1011 4097 filii
1035 4028 1265 4083 tuisicut
1290 4030 1507 4085 novella:
1529 4031 1787 4087 olivarum
1812 4034 1867 4088 in
1892 4037 2115 4091 circuitu

542 4133 738 4173 mensa:
767 4128 891 4174 tuae.
923 4118 1056 4186 Qua:
1095 4120 1282 4175 omnia
1310 4123 1666 4193 corporaliter
1694 4126 2117 4198 intelligentibus

545 4208 880 4277 Sadducaeis,
914 4213 934 4282 (
952 4210 1052 4282 I0)
1083 4212 1178 4282 qni
1207 4223 1363 4268 erant
1402 4216 1581 4286 portio
1608 4215 1953 4288 Iudaeorum,
1986 4222 2117 4278 dicit

544 4296 796 4354 Salvator
814 4300 894 4355 ἐς
930 4298 1164 4354 Nescitis
1190 4300 1518 4372 Scripturas,
1542 4323 1703 4377 neque
1733 4310 1972 4365 virtutem
1997 4312 2112 4369 Dei.

541 4387 671 4443 Haec
693 4388 761 4443 de
793 4389 1110 4459 quaestione,
1143 4403 1308 4458 quam
1342 4390 1624 4448 Sadducaei
1659 4393 1886 4453 Domino
1917 4414 2115 4471 propo-

543 4490 805 4544 suerunt,
843 4480 1079 4536 breviter
1109 4481 1253 4536 dicta
1288 4482 1418 4538 sint.
1461 4483 1634 4541 Porro
1676 4489 1821 4557 quod
1855 4490 1988 4562 (Il)
2019 4492 2115 4547 ad-

539 4571 743 4641 jectum
780 4580 864 4626 est
918 4572 985 4626 de
1030 4572 1266 4642 imagine
1312 4574 1571 4645 Caesaris,
1612 4577 1774 4633 etiam
1815 4594 1977 4650 super
2009 4583 2113 4638 hoc

542 4662 803 4717 debemus
835 4677 1006 4733 pauca
1035 4666 1424 4737 perstringere.
1461 4666 1663 4723 Putant
1683 4671 1909 4740 quidam
1933 4688 1962 4727 a
1996 4674 2114 4730 Sal-

614 4776 659 4810 "
686 4776 833 4833 Psal.
866 4796 915 4844 ι,
945 4780 980 4832 2

1090 4782 1284 4869 j’ncap.
1317 4799 1443 4850 va,
1474 4801 1619 4869 vers.
1683 4787 1805 4869 E5:-
1850 4792 1902 4869 οξ
1928 4793 2084 4853 Deut.
2130 4818 2228 4869 vn,
2277 4806 2364 4859 15.

2220 3411 2388 3482 igitur
2413 3427 2444 3467 a
2476 3413 2634 3469 nobis
2664 3412 2828 3481 Deus,
2859 3422 2913 3470 et
2936 3415 3283 3486 deprecatur,
3312 3433 3421 3474 non
3448 3419 3580 3490 quia
3616 3434 3799 3476 neces-

2222 3506 2429 3560 sarium
2459 3506 2623 3561 habet
2656 3507 2895 3578 aliquid,
2927 3518 2986 3564 ut
3011 3509 3061 3563 ei
3098 3512 3438 3566 tribuamus:
3473 3514 3721 3581 postulat
3748 3522 3797 3566 et

2219 3605 2508 3667 postquam
2538 3598 2588 3652 ei
2611 3598 2942 3665 dederimus,
2968 3601 3201 3670 idipsum
3227 3603 3430 3657 tribuat
3453 3603 3508 3657 in
3536 3604 3794 3658 salutem.

2219 3684 2376 3755 Quod
2415 3688 2582 3759 979
2629 3700 2689 3743 ut
2717 3690 3059 3748 manifestius
3090 3693 3217 3759 fiat,
3248 3708 3444 3763 ponam
3478 3695 3794 3764 parabolam

2219 3792 2493 3836 ranarum.
2534 3777 2637 3844 Qui
2690 3794 2875 3837 unam,
2901 3790 3186 3851 acceperat
3231 3798 3416 3837 mnam
3440 3824 3456 3849 ,
3492 3793 3549 3838 et
3597 3785 3795 3840 fecerat

2217 3867 2403 3923 decem
2431 3887 2446 3936 ;
2480 3876 2534 3924 et
2565 3868 2764 3929 obtulit
2814 3870 3056 3938 domino,
3086 3887 3117 3927 a
3148 3888 3256 3942 quo
3288 3873 3391 3929 sibi
3428 3874 3642 3929 credita
3674 3891 3794 3931 mna

2217 3957 2433 4028 fuerat,
2474 3964 2685 4032 accepit
2723 3970 2778 4020 et
2817 3961 2975 4017 aliam
3002 3979 3167 4033 quam
3196 3972 3354 4019 antea
3389 3980 3502 4020 non
3541 3966 3792 4024 habebat.

2215 4050 2367 4108 Illius
2399 4053 2546 4108 enim
2594 4069 2814 4123 mnam,
2855 4054 2948 4125 qui
3006 4070 3113 4111 non
3155 4056 3619 4127 multiplicaverat
3653 4059 3794 4129 quod

2216 4143 2447 4213 accepit,
2487 4143 2641 4213 jubet
2665 4144 2919 4201 dominus
2939 4144 3163 4214 auferri,
3206 4156 3261 4202 et
3292 4147 3407 4201 dari
3443 4147 3493 4202 ei
3529 4149 3627 4217 qui
3666 4149 3795 4203 alias

2216 4234 2398 4289 habet.
2432 4232 2653 4300 Tollite,
2684 4236 2893 4306 inquit,
2921 4253 3132 4304 mnam,
3161 4246 3210 4292 et
3253 4241 3375 4292 date
3417 4239 3467 4293 ei
3504 4240 3598 4309 qui
3642 4240 3793 4293 habet

2214 4326 2388 4380 decem
2427 4341 2577 4380 mnas
2602 4329 2644 4380 ⁸.
2674 4326 2853 4397 Atque
2900 4327 2955 4382 in
2988 4331 3134 4385 hunc
3176 4330 3395 4385 modum
3429 4346 3553 4400 qua:
3582 4331 3795 4387 dederi-

2214 4432 2340 4472 mus
2374 4416 2508 4485 Deo,
2537 4419 2695 4474 nobis
2720 4434 2783 4474 ea
2815 4419 2930 4490 ipsa
2965 4422 3216 4476 restituet
3243 4438 3365 4477 cum
3405 4422 3492 4478 his
3521 4438 3650 4493 quae
3672 4434 3796 4478 ante

2144 4528 2189 4583 ι)
2216 4523 2326 4563 non
2354 4509 2742 4565 habueramus.
2775 4510 2956 4582 Exigit
2983 4521 3038 4567 et
3071 4514 3307 4582 postulat
3348 4529 3380 4568 a
3411 4515 3573 4570 nobis
3612 4515 3792 4581 Deus,

2218 4608 2277 4653 ut
2308 4598 2507 4654 habeat
2542 4602 2890 4655 occasionem
2931 4603 3204 4669 donandi,
3237 4613 3296 4659 ut
3326 4604 3430 4673 ipsi
3467 4604 3674 4659 tribuat
3704 4606 3793 4674 qui

2218 4690 2484 4760 erogavit.
2518 4689 2695 4761 Ipsius
2728 4693 2872 4747 enim
2907 4694 3079 4764 gratia
3113 4695 3390 4764 duplicata
3420 4704 3505 4752 est
3544 4713 3708 4765 mna,
3743 4706 3793 4752 et

2461 4806 2509 4839 “
2538 4822 2657 4877 cap.
2686 4824 2723 4875 t,
2743 4824 2887 4864 vers.
2919 4811 2972 4864 5.
3068 4812 3114 4842 ’⁵
3167 4811 3310 4867 Psal.
3364 4828 3567 4879 cum,
3623 4817 3687 4875 3.
3737 4815 3788 4868 5.

764 4849 1005 4949 ιι’³,ΙΞξξ;1
1062 4850 1107 4949 :7
1129 4845 1274 4949 liga].
1307 4845 1487 4949 Exierit
1516 4857 1619 4949 ,ᾗ
1756 4859 1943 4922 Matth.
1978 4845 2086 4925 iriiri
2282 4845 2376 4908 ’τῖ’
2400 4845 2887 4947 cap.
2919 4845 2972 4912 υί
2995 4845 3186 4936 Matth:
3209 4845 3578 4949 ἙέῇΓῶέηῖ
3610 4845 3787 4940 Ιυάοῖί

540 4933 632 4985 xv,
658 4918 747 4975 49.
824 4919 846 4951 ³
870 4918 1026 4975 Deut.
1062 4936 1119 4986 χ,
1149 4922 1236 4977 12.
1312 4923 1334 4955 δ
1355 4923 1489 4979 Luc.
1517 4918 1645 4991 ἀει,
1678 4927 1768 4984 21.

540 5028 818 5089 corporum
852 5013 1078 5089 tollitur,
1125 5015 1215 5089 sed
1260 5016 1444 5089 gloria:
1491 5020 1797 5089 magnitudo
1843 5037 2107 5083 monstra-

541 5096 649 5165 tur.
690 5082 872 5154 Neque
906 5085 1054 5165 enim
1093 5082 1492 5165 scriptum_est_,
1549 5082 1702 5165 ciunt
1744 5096 1949 5162 angeli,
1995 5082 2106 5165 sed,

545 5172 573 5228 ιΔ
599 5155 733 5206 sicut
766 5153 938 5224 angeli
962 5167 1000 5228 _.:
1029 5172 1048 5205 ι
1085 5155 1174 5208 ubi
1200 5153 1496 5228 similitudo
1520 5153 1876 5228 promittitur,
1919 5153 2106 5223 ueritati

539 5224 844 5300 denegatur.
902 5242 920 5300 ς
957 5225 1165 5289 Erunt,
1218 5226 1437 5300 inquit,
1468 5224 1604 5283 sicut
1650 5233 1820 5300 angeli
1841 5224 1872 5299 ,ί
1900 5256 1917 5287 ι
1952 5239 2006 5291 id
2030 5250 2107 5292 est

539 5294 737 5365 similes
764 5293 1071 5363 angelorum
1095 5310 1114 5346 :
1142 5312 1263 5365 ergo
1286 5293 1528 5352 'Itomines
1576 5317 1687 5354 esse
1717 5293 1817 5355 non
1844 5293 2105 5362 desinent.

537 5362 803 5440 (laetemur
836 5362 1021 5418 inultis
1049 5362 1345 5440 saepe'tocis
1368 5368 1533 5424 hocce
1554 5368 1804 5440 Origenis
1829 5387 2109 5431 commen-

538 5440 653 5483 tum
686 5430 741 5484 S.
774 5431 963 5487 doctor
987 5434 1201 5489 refellit.

515 5518 530 5560 δ
608 5499 654 5578 (1
666 5506 719 5582 fi)
755 5501 1042 5582 Nonnullis
1090 5513 1221 5582 post
1247 5503 1505 5582 Dallmum
1548 5508 1700 5582 risus
1724 5519 1808 5565 est
1845 5510 2107 5582 Origenes

539 5572 855 5655 existimare
888 5572 1160 5655 liocloco,
1189 5573 1516 5655 saddttcmos
1542 5577 1704 5655 (quos
1729 5572 2106 5655 constat,'ipso

536 5641 856 5716 neutiquam
878 5641 1153 5705 ditlitentc,
1173 5645 1319 5698 solos
1342 5641 1724 5716 Moysislibros
1745 5651 1796 5703 in
1822 5641 2103 5710 sacrar'utn

542 5706 950 5792 Seﬂptprgarum
979 5706 1541 5792 censunt_adttiisisse)
1569 5721 1846 5792 prephetis
1869 5706 2105 5792 quoque,

538 5786 593 5832 et
614 5776 843 5835 Psalmis
863 5782 1106 5837 eamdem
1132 5784 1387 5842 tribuisse
1407 5776 1779 5845 auct'o'rita'tem
1801 5810 1815 5860 ;
1838 5776 2104 5862 siquidcni

2210 5032 2364 5108 Isaia:
2392 5041 2578 5108 vaet
2610 5034 2802 5104 psalmi
2832 5050 3020 5108 cxxvn
3057 5037 3387 5102 testimonia,
3421 5054 3545 5108 quae
3581 5039 3787 5105 laudat,

2217 5103 2380 5178 abiis
2409 5103 2571 5157 tradit
2593 5103 2948 5175 corporaliter
2970 5108 3264 5178 intellecta,
3287 5103 3452 5178 cujus
3471 5103 3789 5177 ignorantiae

2214 5190 2244 5227 a
2292 5172 2575 5229 Salvatone
2619 5172 2964 5230 accusantur.
3011 5176 3207 5231 Verum
3247 5172 3686 5237 etsi'dede'rimus
3720 5183 3789 5235 ita

2216 5243 2359 5318 hunc
2393 5243 2662 5312 superiori
2682 5255 3009 5318 contextum
3052 5248 3253 5302 haerere
3274 5286 3289 5309 ,
3322 5259 3400 5311 ut,
3443 5265 3568 5318 qua:
3601 5252 3786 5306 laudat

2212 5311 2506 5388 Qrigenes,
2539 5315 2814 5388 prophetae
2856 5332 2920 5370 ac
2965 5316 3183 5371 Davidis
3220 5319 3384 5388 verba
3429 5311 3715 5388 perperam
3756 5337 3784 5374 a

2215 5380 2755 5460 Sadducaaisjdiceret
2779 5396 3018 5460 accepta,
3053 5402 3171 5460 n_on
3190 5387 3316 5460 hinc
3337 5380 3544 5460 tamen:
3560 5392 3781 5460 colligas

2209 5451 2449 5505 sensisse
2486 5452 2637 5505 illum
2671 5469 2767 5507 eos
2801 5451 2965 5508 libros
3008 5472 3035 5509 a
3070 5456 3381 5510 Saddncazis
3416 5460 3469 5510 in
3503 5451 3777 5513 Canorfeiti

2211 5520 2615 5589 Scripturarum
2672 5525 2887 5578 relatos.
2938 5524 3118 5581 Potuit
3164 5541 3291 5580 vero
3324 5527 3457 5580 illud
3515 5530 3781 5582 duntaxat

2210 5588 2631 5669 Denteronomii
2660 5608 2829 5647 xxrttt
2869 5595 3274 5669 testimonium,
3321 5598 3466 5665 quod
3505 5601 3695 5669 tuique
3731 5610 3781 5652 et

2210 5659 2490 5733 Sadducaei
2525 5662 2851 5730 reciperent,
2880 5667 3209 5733 respexisse.

2280 5728 2391 5807 (Ill)
2436 5728 2660 5807 Locrum
2707 5743 2864 5791 antea
2908 5728 3042 5806 qtae,
3091 5733 3379 5792 manilesto
3422 5752 3635 5806 errore,
3681 5753 3776 5807 pro

2204 5800 2378 5869 quod,
2399 5811 2491 5856 aut
2522 5803 2668 5872 quia.
