  <div class='ocr_page' id='page_1' title='image "/cluster/home/n/w/nwhite01/storage/ocr_20150623/13/hvd.32044019207646/992.png"; bbox 0 0 4002 6556; ppageno 0'>
   <div class='ocr_carea' id='block_1_1' title="bbox 267 405 398 461">
    <p class='ocr_par' dir='ltr' id='par_1_1' title="bbox 267 405 398 461">
     <span class='ocr_line' id='line_1_1' title="bbox 267 405 398 461; baseline 0.008 -1"><span class='ocrx_word' id='word_1_1' title='bbox 267 405 398 461; x_wconf 76' lang='grc' dir='ltr'>Ιθθί</span> 
     </span>
    </p>
   </div>
   <div class='ocr_carea' id='block_1_2' title="bbox 1431 410 2268 473">
    <p class='ocr_par' dir='ltr' id='par_1_2' title="bbox 1431 410 2268 473">
     <span class='ocr_line' id='line_1_2' title="bbox 1431 410 2268 473; baseline 0.01 -9"><span class='ocrx_word' id='word_1_2' title='bbox 1431 410 1862 469; x_wconf 63' lang='lat' dir='ltr'><strong>FRAGMENTA</strong></span> <span class='ocrx_word' id='word_1_3' title='bbox 1895 416 1963 471; x_wconf 77' lang='lat' dir='ltr'><strong>IN</strong></span> <span class='ocrx_word' id='word_1_4' title='bbox 2011 415 2268 473; x_wconf 79' lang='lat' dir='ltr'><strong>LUCAM.</strong></span> 
     </span>
    </p>
   </div>
   <div class='ocr_carea' id='block_1_3' title="bbox 3376 426 3516 484">
    <p class='ocr_par' dir='ltr' id='par_1_3' title="bbox 3376 426 3516 484">
     <span class='ocr_line' id='line_1_3' title="bbox 3376 426 3516 484; baseline 0.007 -3"><span class='ocrx_word' id='word_1_5' title='bbox 3376 426 3516 484; x_wconf 66' lang='lat'><strong>1992</strong></span> 
     </span>
    </p>
   </div>
   <div class='ocr_carea' id='block_1_4' title="bbox 259 522 3515 606">
    <p class='ocr_par' dir='ltr' id='par_1_4' title="bbox 259 522 3515 606">
     <span class='ocr_line' id='line_1_4' title="bbox 259 522 3515 606; baseline 0.006 -26"><span class='ocrx_word' id='word_1_6' title='bbox 259 526 461 594; x_wconf 85' lang='lat' dir='ltr'><strong>dignus</strong></span> <span class='ocrx_word' id='word_1_7' title='bbox 491 523 801 595; x_wconf 82' lang='lat' dir='ltr'><strong>quibusque</strong></span> <span class='ocrx_word' id='word_1_8' title='bbox 838 522 960 594; x_wconf 86' lang='lat' dir='ltr'><strong>plus</strong></span> <span class='ocrx_word' id='word_1_9' title='bbox 987 523 1172 578; x_wconf 80' lang='lat' dir='ltr'><strong>datum</strong></span> <span class='ocrx_word' id='word_1_10' title='bbox 1207 532 1292 578; x_wconf 87' lang='lat' dir='ltr'><strong>est</strong></span> <span class='ocrx_word' id='word_1_11' title='bbox 1324 539 1488 595; x_wconf 87' lang='lat' dir='ltr'><strong>quam</strong></span> <span class='ocrx_word' id='word_1_12' title='bbox 1523 529 1836 596; x_wconf 88' lang='lat' dir='ltr'><strong>sperabant.</strong></span> <span class='ocrx_word' id='word_1_13' title='bbox 1869 539 1911 597; x_wconf 76' lang='grc' dir='ltr'>Α</span> <span class='ocrx_word' id='word_1_14' title='bbox 1943 550 2092 591; x_wconf 84' lang='lat' dir='ltr'><strong>rents</strong></span> <span class='ocrx_word' id='word_1_15' title='bbox 2130 534 2368 591; x_wconf 74' lang='lat' dir='ltr'><strong>emlestia</strong></span> <span class='ocrx_word' id='word_1_16' title='bbox 2414 535 2705 605; x_wconf 74' lang='lat' dir='ltr'><strong>largiatur,</strong></span> <span class='ocrx_word' id='word_1_17' title='bbox 2743 538 2796 592; x_wconf 93' lang='lat' dir='ltr'><strong>in</strong></span> <span class='ocrx_word' id='word_1_18' title='bbox 2840 538 3058 595; x_wconf 77' lang='lat' dir='ltr'><strong>Christo</strong></span> <span class='ocrx_word' id='word_1_19' title='bbox 3102 539 3231 596; x_wconf 86' lang='lat' dir='ltr'><strong>Jcsn</strong></span> <span class='ocrx_word' id='word_1_20' title='bbox 3257 580 3273 606; x_wconf 91' lang='lat'><strong>,</strong></span> <span class='ocrx_word' id='word_1_21' title='bbox 3309 544 3396 597; x_wconf 88' lang='lat' dir='ltr'><strong>cui</strong></span> <span class='ocrx_word' id='word_1_22' title='bbox 3431 556 3515 599; x_wconf 89' lang='lat' dir='ltr'><strong>est</strong></span> 
     </span>
    </p>
   </div>
   <div class='ocr_carea' id='block_1_5' title="bbox 258 616 3458 696">
    <p class='ocr_par' dir='ltr' id='par_1_5' title="bbox 258 616 3458 696">
     <span class='ocr_line' id='line_1_5' title="bbox 258 616 3458 696; baseline 0.005 -23"><span class='ocrx_word' id='word_1_23' title='bbox 258 616 600 689; x_wconf 71' lang='lat' dir='ltr'><strong>Quapropter</strong></span> <span class='ocrx_word' id='word_1_24' title='bbox 627 628 909 688; x_wconf 81' lang='lat' dir='ltr'><strong>surgentes</strong></span> <span class='ocrx_word' id='word_1_25' title='bbox 934 633 1159 683; x_wconf 65' lang='lat' dir='ltr'><strong>oremus</strong></span> <span class='ocrx_word' id='word_1_26' title='bbox 1184 618 1372 683; x_wconf 86' lang='lat' dir='ltr'><strong>Deum.</strong></span> <span class='ocrx_word' id='word_1_27' title='bbox 1401 629 1459 674; x_wconf 87' lang='lat' dir='ltr'><strong>ut</strong></span> <span class='ocrx_word' id='word_1_28' title='bbox 1484 622 1631 691; x_wconf 80' lang='lat' dir='ltr'><strong>digni</strong></span> <span class='ocrx_word' id='word_1_29' title='bbox 1661 623 1834 679; x_wconf 91' lang='lat' dir='ltr'><strong>simus</strong></span> <span class='ocrx_word' id='word_1_30' title='bbox 1943 626 2113 696; x_wconf 82' lang='lat' dir='ltr'><strong>gloria</strong></span> <span class='ocrx_word' id='word_1_31' title='bbox 2144 635 2197 680; x_wconf 89' lang='lat' dir='ltr'><strong>et</strong></span> <span class='ocrx_word' id='word_1_32' title='bbox 2234 626 2519 681; x_wconf 70' lang='lat' dir='ltr'><strong>imaerinm</strong></span> <span class='ocrx_word' id='word_1_33' title='bbox 2558 628 2610 682; x_wconf 91' lang='lat' dir='ltr'><strong>in</strong></span> <span class='ocrx_word' id='word_1_34' title='bbox 2648 630 2844 684; x_wconf 59' lang='lat' dir='ltr'><strong>saecula</strong></span> <span class='ocrx_word' id='word_1_35' title='bbox 2875 633 3220 688; x_wconf 63' lang='lat' dir='ltr'><strong>szeculorum.</strong></span> <span class='ocrx_word' id='word_1_36' title='bbox 3261 633 3458 690; x_wconf 84' lang='lat' dir='ltr'><strong>Amen.</strong></span> 
     </span>
    </p>
   </div>
   <div class='ocr_carea' id='block_1_6' title="bbox 257 708 1834 783">
    <p class='ocr_par' dir='ltr' id='par_1_6' title="bbox 257 708 1834 783">
     <span class='ocr_line' id='line_1_6' title="bbox 257 708 1834 783; baseline 0.004 -18"><span class='ocrx_word' id='word_1_37' title='bbox 257 708 455 766; x_wconf 78' lang='lat' dir='ltr'><strong>oﬂ&#39;erre</strong></span> <span class='ocrx_word' id='word_1_38' title='bbox 493 710 541 765; x_wconf 88' lang='lat' dir='ltr'><strong>ei</strong></span> <span class='ocrx_word' id='word_1_39' title='bbox 573 726 797 765; x_wconf 81' lang='lat' dir='ltr'><strong>munera</strong></span> <span class='ocrx_word' id='word_1_40' title='bbox 828 727 950 781; x_wconf 73' lang='lat' dir='ltr'><strong>quae</strong></span> <span class='ocrx_word' id='word_1_41' title='bbox 980 712 1137 766; x_wconf 89' lang='lat' dir='ltr'><strong>nobis</strong></span> <span class='ocrx_word' id='word_1_42' title='bbox 1180 713 1432 768; x_wconf 82' lang='lat' dir='ltr'><strong>restituat</strong></span> <span class='ocrx_word' id='word_1_43' title='bbox 1503 722 1558 768; x_wconf 93' lang='lat' dir='ltr'><strong>et</strong></span> <span class='ocrx_word' id='word_1_44' title='bbox 1600 730 1698 783; x_wconf 92' lang='lat' dir='ltr'><strong>pro</strong></span> <span class='ocrx_word' id='word_1_45' title='bbox 1726 723 1834 771; x_wconf 85' lang='lat' dir='ltr'><strong>ter-</strong></span> 
     </span>
    </p>
   </div>
   <div class='ocr_carea' id='block_1_7' title="bbox 1191 1068 2570 1195">
    <p class='ocr_par' dir='ltr' id='par_1_7' title="bbox 1191 1068 2570 1195">
     <span class='ocr_line' id='line_1_7' title="bbox 1191 1068 2570 1195; baseline 0.009 -12"><span class='ocrx_word' id='word_1_46' title='bbox 1191 1068 1918 1191; x_wconf 81' lang='lat' dir='ltr'><strong>FRAGMENTA</strong></span> <span class='ocrx_word' id='word_1_47' title='bbox 1995 1099 2570 1195; x_wconf 83' lang='lat' dir='ltr'><strong>ORIGENIS</strong></span> 
     </span>
    </p>
   </div>
   <div class='ocr_carea' id='block_1_8' title="bbox 895 1288 2858 1353">
    <p class='ocr_par' dir='ltr' id='par_1_8' title="bbox 895 1288 2858 1353">
     <span class='ocr_line' id='line_1_8' title="bbox 895 1288 2858 1353; baseline 0.004 -8"><span class='ocrx_word' id='word_1_48' title='bbox 895 1291 988 1346; x_wconf 82' lang='grc' dir='ltr'>ΕΧ</span> <span class='ocrx_word' id='word_1_49' title='bbox 1028 1291 1314 1347; x_wconf 78' lang='lat' dir='ltr'><strong>MACARII</strong></span> <span class='ocrx_word' id='word_1_50' title='bbox 1362 1288 1944 1348; x_wconf 75' lang='lat' dir='ltr'><strong>CHRYSOCEPHALI</strong></span> <span class='ocrx_word' id='word_1_51' title='bbox 1983 1291 2455 1351; x_wconf 78' lang='lat' dir='ltr'><strong>ORATIONIBUS</strong></span> <span class='ocrx_word' id='word_1_52' title='bbox 2491 1293 2563 1350; x_wconf 85' lang='lat' dir='ltr'><strong>IN</strong></span> <span class='ocrx_word' id='word_1_53' title='bbox 2600 1296 2858 1353; x_wconf 78' lang='lat' dir='ltr'><strong>LUCAM.</strong></span> 
     </span>
    </p>
   </div>
   <div class='ocr_carea' id='block_1_9' title="bbox 248 1607 1807 1704">
    <p class='ocr_par' dir='ltr' id='par_1_9' title="bbox 248 1618 1781 1693">
     <span class='ocr_line' id='line_1_9' title="bbox 248 1618 1781 1693; baseline 0.002 -18"><span class='ocrx_word' id='word_1_54' title='bbox 248 1618 401 1676; x_wconf 84' lang='lat' dir='ltr'><strong>Orat.</strong></span> <span class='ocrx_word' id='word_1_55' title='bbox 443 1637 482 1689; x_wconf 85' lang='lat' dir='ltr'><strong>I,</strong></span> <span class='ocrx_word' id='word_1_56' title='bbox 512 1624 600 1689; x_wconf 82' lang='grc' dir='ltr'><strong>είς</strong></span> <span class='ocrx_word' id='word_1_57' title='bbox 648 1620 766 1691; x_wconf 75' lang='grc' dir='ltr'><strong>τὴν</strong></span> <span class='ocrx_word' id='word_1_58' title='bbox 810 1620 1100 1692; x_wconf 77' lang='grc' dir='ltr'><strong>γέννησιν</strong></span> <span class='ocrx_word' id='word_1_59' title='bbox 1132 1622 1237 1691; x_wconf 76' lang='grc' dir='ltr'><strong>τοῦ</strong></span> <span class='ocrx_word' id='word_1_60' title='bbox 1266 1622 1439 1693; x_wconf 80' lang='grc' dir='ltr'><strong>ἁγίου</strong></span> <span class='ocrx_word' id='word_1_61' title='bbox 1480 1622 1781 1689; x_wconf 78' lang='grc' dir='ltr'><strong>Ἰωάννου,</strong></span> 
     </span>
    </p>
   </div>
   <div class='ocr_carea' id='block_1_10' title="bbox 1905 1607 3504 1704">
    <p class='ocr_par' dir='ltr' id='par_1_10' title="bbox 1905 1607 3504 1704">
     <span class='ocr_line' id='line_1_10' title="bbox 1905 1607 3504 1704; baseline 0.005 -22"><span class='ocrx_word' id='word_1_62' title='bbox 1905 1634 2013 1693; x_wconf 81' lang='lat' dir='ltr'><strong>est,</strong></span> <span class='ocrx_word' id='word_1_63' title='bbox 2046 1626 2111 1679; x_wconf 85' lang='lat' dir='ltr'><strong>In</strong></span> <span class='ocrx_word' id='word_1_64' title='bbox 2152 1636 2324 1681; x_wconf 89' lang='lat' dir='ltr'><strong>ortum</strong></span> <span class='ocrx_word' id='word_1_65' title='bbox 2370 1629 2539 1681; x_wconf 82' lang='lat' dir='ltr'><strong>sancti</strong></span> <span class='ocrx_word' id='word_1_66' title='bbox 2571 1625 2828 1694; x_wconf 79' lang='lat' dir='ltr'><strong>Joannis,</strong></span> <span class='ocrx_word' id='word_1_67' title='bbox 2864 1630 2979 1687; x_wconf 64' lang='lat' dir='ltr'><strong>haec</strong></span> <span class='ocrx_word' id='word_1_68' title='bbox 3015 1607 3263 1704; x_wconf 80' lang='lat' dir='ltr'><strong>Origenis</strong></span> <span class='ocrx_word' id='word_1_69' title='bbox 3295 1633 3504 1691; x_wconf 83' lang='lat' dir='ltr'><strong>laudat.</strong></span> 
     </span>
    </p>
   </div>
   <div class='ocr_carea' id='block_1_11' title="bbox 315 1736 1807 1818">
    <p class='ocr_par' dir='ltr' id='par_1_11' title="bbox 315 1736 1807 1812">
     <span class='ocr_line' id='line_1_11' title="bbox 315 1736 1807 1812; baseline 0.001 -17"><span class='ocrx_word' id='word_1_70' title='bbox 315 1740 679 1812; x_wconf 73' lang='grc' dir='ltr'>Πρατμάτων</span> <span class='ocrx_word' id='word_1_71' title='bbox 720 1741 776 1795; x_wconf 79' lang='grc' dir='ltr'>δὲ</span> <span class='ocrx_word' id='word_1_72' title='bbox 823 1736 999 1804; x_wconf 77' lang='grc' dir='ltr'>εἶπεν,</span> <span class='ocrx_word' id='word_1_73' title='bbox 1047 1740 1169 1793; x_wconf 80' lang='grc' dir='ltr'>ἐπεὶ</span> <span class='ocrx_word' id='word_1_74' title='bbox 1218 1743 1277 1794; x_wconf 78' lang='grc' dir='ltr'><strong>οὐ</strong></span> <span class='ocrx_word' id='word_1_75' title='bbox 1332 1743 1471 1796; x_wconf 68' lang='grc' dir='ltr'>κατὰ</span> <span class='ocrx_word' id='word_1_76' title='bbox 1521 1744 1807 1812; x_wconf 73' lang='grc' dir='ltr'>φαντασίαι</span> 
     </span>
    </p>
   </div>
   <div class='ocr_carea' id='block_1_12' title="bbox 1905 1736 3505 1818">
    <p class='ocr_par' dir='ltr' id='par_1_12' title="bbox 2008 1744 3505 1818">
     <span class='ocr_line' id='line_1_12' title="bbox 2008 1744 3505 1818; baseline 0.005 -19"><span class='ocrx_word' id='word_1_77' title='bbox 2008 1744 2202 1799; x_wconf 80' lang='lat' dir='ltr'><strong>Rerum</strong></span> <span class='ocrx_word' id='word_1_78' title='bbox 2247 1746 2404 1810; x_wconf 81' lang='lat' dir='ltr'><strong>dixit,</strong></span> <span class='ocrx_word' id='word_1_79' title='bbox 2434 1746 2692 1816; x_wconf 88' lang='lat' dir='ltr'><strong>quoniam</strong></span> <span class='ocrx_word' id='word_1_80' title='bbox 2724 1763 2829 1802; x_wconf 89' lang='lat' dir='ltr'><strong>non</strong></span> <span class='ocrx_word' id='word_1_81' title='bbox 2867 1749 3224 1818; x_wconf 86' lang='lat' dir='ltr'><strong>phantasticc,</strong></span> <span class='ocrx_word' id='word_1_82' title='bbox 3259 1759 3318 1804; x_wconf 91' lang='lat' dir='ltr'><strong>ut</strong></span> <span class='ocrx_word' id='word_1_83' title='bbox 3349 1752 3505 1806; x_wconf 69' lang='lat' dir='ltr'><strong>aiunt</strong></span> 
     </span>
    </p>
   </div>
   <div class='ocr_carea' id='block_1_13' title="bbox 246 1833 1819 1908">
    <p class='ocr_par' dir='ltr' id='par_1_13' title="bbox 246 1833 1819 1908">
     <span class='ocr_line' id='line_1_13' title="bbox 246 1833 1819 1908; baseline -0.001 -19"><span class='ocrx_word' id='word_1_84' title='bbox 246 1835 388 1889; x_wconf 72' lang='grc' dir='ltr'>κατὰ</span> <span class='ocrx_word' id='word_1_85' title='bbox 413 1835 540 1898; x_wconf 79' lang='grc' dir='ltr'>τοὺς</span> <span class='ocrx_word' id='word_1_86' title='bbox 579 1834 687 1888; x_wconf 83' lang='grc' dir='ltr'><strong>τῶν</strong></span> <span class='ocrx_word' id='word_1_87' title='bbox 730 1833 1021 1907; x_wconf 83' lang='grc' dir='ltr'>αίρετικῶν</span> <span class='ocrx_word' id='word_1_88' title='bbox 1068 1835 1262 1898; x_wconf 81' lang='grc' dir='ltr'>παῖδας</span> <span class='ocrx_word' id='word_1_89' title='bbox 1309 1835 1742 1908; x_wconf 82' lang='grc' dir='ltr'>ὲδραματούργει</span> <span class='ocrx_word' id='word_1_90' title='bbox 1790 1838 1819 1888; x_wconf 86' lang='grc' dir='ltr'>ὁ</span> 
     </span>
    </p>
   </div>
   <div class='ocr_carea' id='block_1_14' title="bbox 258 1925 1819 1999">
    <p class='ocr_par' dir='ltr' id='par_1_14' title="bbox 258 1925 1819 1999">
     <span class='ocr_line' id='line_1_14' title="bbox 258 1925 1819 1999; baseline 0 -18"><span class='ocrx_word' id='word_1_91' title='bbox 258 1925 464 1999; x_wconf 83' lang='grc' dir='ltr'>Ἰησοῦς</span> <span class='ocrx_word' id='word_1_92' title='bbox 512 1927 611 1998; x_wconf 79' lang='grc' dir='ltr'>τὴν</span> <span class='ocrx_word' id='word_1_93' title='bbox 652 1926 912 1998; x_wconf 82' lang='grc' dir='ltr'>ἔνσαρκον</span> <span class='ocrx_word' id='word_1_94' title='bbox 954 1927 1119 1980; x_wconf 72' lang='grc' dir='ltr'>αὐτοῦ</span> <span class='ocrx_word' id='word_1_95' title='bbox 1154 1927 1473 1998; x_wconf 81' lang='grc' dir='ltr'>παρουσίαν,</span> <span class='ocrx_word' id='word_1_96' title='bbox 1505 1926 1660 1989; x_wconf 76' lang='grc' dir='ltr'>ἀλλὰ,</span> <span class='ocrx_word' id='word_1_97' title='bbox 1686 1946 1819 1997; x_wconf 80' lang='grc' dir='ltr'>τυγ-</span> 
     </span>
    </p>
   </div>
   <div class='ocr_carea' id='block_1_15' title="bbox 244 2018 1817 2092">
    <p class='ocr_par' dir='ltr' id='par_1_15' title="bbox 244 2018 1817 2092">
     <span class='ocr_line' id='line_1_15' title="bbox 244 2018 1817 2092; baseline 0 -19"><span class='ocrx_word' id='word_1_98' title='bbox 244 2018 421 2090; x_wconf 78' lang='grc' dir='ltr'>χάνων</span> <span class='ocrx_word' id='word_1_99' title='bbox 448 2019 847 2092; x_wconf 82' lang='grc' dir='ltr'>ἀλήθεια,πρὸς</span> <span class='ocrx_word' id='word_1_100' title='bbox 875 2019 1135 2092; x_wconf 81' lang='grc' dir='ltr'>ἀλήθειαν</span> <span class='ocrx_word' id='word_1_101' title='bbox 1178 2018 1276 2089; x_wconf 76' lang='grc' dir='ltr'>τὴν</span> <span class='ocrx_word' id='word_1_102' title='bbox 1311 2019 1619 2089; x_wconf 73' lang='grc' dir='ltr'>οἰκονομίαν</span> <span class='ocrx_word' id='word_1_103' title='bbox 1654 2019 1817 2073; x_wconf 83' lang='grc' dir='ltr'>αὐτοῦ</span> 
     </span>
    </p>
   </div>
   <div class='ocr_carea' id='block_1_16' title="bbox 244 2113 532 2184">
    <p class='ocr_par' dir='ltr' id='par_1_16' title="bbox 244 2113 532 2184">
     <span class='ocr_line' id='line_1_16' title="bbox 244 2113 532 2184; baseline 0.003 -20"><span class='ocrx_word' id='word_1_104' title='bbox 244 2113 335 2183; x_wconf 77' lang='grc' dir='ltr'><strong>ὲνή</strong></span> <span class='ocrx_word' id='word_1_105' title='bbox 345 2129 446 2184; x_wconf 91' lang='grc' dir='ltr'><strong>ργη</strong></span> <span class='ocrx_word' id='word_1_106' title='bbox 454 2129 532 2165; x_wconf 86' lang='grc' dir='ltr'><strong>σε.</strong></span> 
     </span>
    </p>
   </div>
   <div class='ocr_carea' id='block_1_17' title="bbox 1926 1838 3502 1911">
    <p class='ocr_par' dir='ltr' id='par_1_17' title="bbox 1926 1838 3502 1911">
     <span class='ocr_line' id='line_1_17' title="bbox 1926 1838 3502 1911; baseline 0.005 -20"><span class='ocrx_word' id='word_1_107' title='bbox 1926 1838 2186 1901; x_wconf 60' lang='lat' dir='ltr'><strong>haeretici,</strong></span> <span class='ocrx_word' id='word_1_108' title='bbox 2214 1839 2517 1895; x_wconf 85' lang='lat' dir='ltr'><strong>illusoriam</strong></span> <span class='ocrx_word' id='word_1_109' title='bbox 2556 1842 2640 1897; x_wconf 87' lang='lat' dir='ltr'><strong>sui</strong></span> <span class='ocrx_word' id='word_1_110' title='bbox 2677 1844 2730 1895; x_wconf 89' lang='lat' dir='ltr'><strong>in</strong></span> <span class='ocrx_word' id='word_1_111' title='bbox 2756 1857 2922 1896; x_wconf 87' lang='lat' dir='ltr'><strong>carne</strong></span> <span class='ocrx_word' id='word_1_112' title='bbox 2952 1844 3295 1911; x_wconf 62' lang='lat' dir='ltr'><strong>praesentiam</strong></span> <span class='ocrx_word' id='word_1_113' title='bbox 3339 1843 3502 1899; x_wconf 80' lang='lat' dir='ltr'><strong>Jesus</strong></span> 
     </span>
    </p>
   </div>
   <div class='ocr_carea' id='block_1_18' title="bbox 1924 1930 3498 2004">
    <p class='ocr_par' dir='ltr' id='par_1_18' title="bbox 1924 1930 3498 2004">
     <span class='ocr_line' id='line_1_18' title="bbox 1924 1930 3498 2004; baseline 0.004 -23"><span class='ocrx_word' id='word_1_114' title='bbox 1924 1930 2235 1996; x_wconf 80' lang='lat' dir='ltr'><strong>praestabat,</strong></span> <span class='ocrx_word' id='word_1_115' title='bbox 2265 1932 2356 1986; x_wconf 90' lang='lat' dir='ltr'><strong>sed</strong></span> <span class='ocrx_word' id='word_1_116' title='bbox 2395 1933 2595 1987; x_wconf 86' lang='lat' dir='ltr'><strong>veritas</strong></span> <span class='ocrx_word' id='word_1_117' title='bbox 2638 1949 2762 1988; x_wconf 90' lang='lat' dir='ltr'><strong>cum</strong></span> <span class='ocrx_word' id='word_1_118' title='bbox 2795 1942 2960 2001; x_wconf 88' lang='lat' dir='ltr'><strong>esset,</strong></span> <span class='ocrx_word' id='word_1_119' title='bbox 2992 1950 3116 1989; x_wconf 85' lang='lat' dir='ltr'><strong>vere</strong></span> <span class='ocrx_word' id='word_1_120' title='bbox 3149 1935 3498 2004; x_wconf 82' lang='lat' dir='ltr'><strong>dispensatio-</strong></span> 
     </span>
    </p>
   </div>
   <div class='ocr_carea' id='block_1_19' title="bbox 1927 2021 2611 2091">
    <p class='ocr_par' dir='ltr' id='par_1_19' title="bbox 1927 2021 2611 2091">
     <span class='ocr_line' id='line_1_19' title="bbox 1927 2021 2611 2091; baseline 0.01 -21"><span class='ocrx_word' id='word_1_121' title='bbox 1927 2033 2049 2071; x_wconf 89' lang='lat' dir='ltr'><strong>nem</strong></span> <span class='ocrx_word' id='word_1_122' title='bbox 2083 2034 2237 2074; x_wconf 90' lang='lat' dir='ltr'><strong>suam</strong></span> <span class='ocrx_word' id='word_1_123' title='bbox 2266 2021 2611 2091; x_wconf 84' lang='lat' dir='ltr'><strong>operabatur.</strong></span> 
     </span>
    </p>
   </div>
   <div class='ocr_carea' id='block_1_20' title="bbox 1656 2200 2112 2257">
    <p class='ocr_par' dir='ltr' id='par_1_20' title="bbox 1656 2200 2112 2257">
     <span class='ocr_line' id='line_1_20' title="bbox 1656 2200 2112 2257; baseline 0.009 -4"><span class='ocrx_word' id='word_1_124' title='bbox 1656 2200 1858 2255; x_wconf 80' lang='lat' dir='ltr'><strong>Eadem</strong></span> <span class='ocrx_word' id='word_1_125' title='bbox 1889 2209 2031 2256; x_wconf 82' lang='lat' dir='ltr'><strong>orat.</strong></span> <span class='ocrx_word' id='word_1_126' title='bbox 2074 2217 2112 2257; x_wconf 91' lang='grc' dir='ltr'><strong>ι.</strong></span> 
     </span>
    </p>
   </div>
   <div class='ocr_carea' id='block_1_21' title="bbox 323 2318 1818 2392">
    <p class='ocr_par' dir='ltr' id='par_1_21' title="bbox 323 2318 1818 2392">
     <span class='ocr_line' id='line_1_21' title="bbox 323 2318 1818 2392; baseline 0 -19"><span class='ocrx_word' id='word_1_127' title='bbox 323 2318 541 2391; x_wconf 82' lang='grc' dir='ltr'><strong>Ἐπειδὴ</strong></span> <span class='ocrx_word' id='word_1_128' title='bbox 589 2318 698 2392; x_wconf 80' lang='grc' dir='ltr'>γὰρ</span> <span class='ocrx_word' id='word_1_129' title='bbox 726 2318 1087 2391; x_wconf 79' lang='grc' dir='ltr'><strong>ἑρμηνεύεται</strong></span> <span class='ocrx_word' id='word_1_130' title='bbox 1141 2320 1414 2391; x_wconf 80' lang='grc' dir='ltr'>Ζαχαρίας</span> <span class='ocrx_word' id='word_1_131' title='bbox 1468 2321 1565 2390; x_wconf 81' lang='grc' dir='ltr'><strong>μὲν</strong></span> <span class='ocrx_word' id='word_1_132' title='bbox 1608 2319 1818 2389; x_wconf 79' lang='grc' dir='ltr'>μνήμη</span> 
     </span>
    </p>
   </div>
   <div class='ocr_carea' id='block_1_22' title="bbox 242 2411 1819 2484">
    <p class='ocr_par' dir='ltr' id='par_1_22' title="bbox 242 2411 1819 2484">
     <span class='ocr_line' id='line_1_22' title="bbox 242 2411 1819 2484; baseline -0.002 -17"><span class='ocrx_word' id='word_1_133' title='bbox 242 2411 412 2475; x_wconf 80' lang='grc' dir='ltr'>Θεοῦ,</span> <span class='ocrx_word' id='word_1_134' title='bbox 454 2413 704 2483; x_wconf 76' lang='grc' dir='ltr'><strong>Ἰωάννης</strong></span> <span class='ocrx_word' id='word_1_135' title='bbox 733 2412 791 2465; x_wconf 77' lang='grc' dir='ltr'>δὲ</span> <span class='ocrx_word' id='word_1_136' title='bbox 822 2416 855 2465; x_wconf 84' lang='lat' dir='ltr'><strong>d</strong></span> <span class='ocrx_word' id='word_1_137' title='bbox 890 2412 1150 2479; x_wconf 76' lang='grc' dir='ltr'>δεικνύς,</span> <span class='ocrx_word' id='word_1_138' title='bbox 1199 2412 1472 2484; x_wconf 83' lang='grc' dir='ltr'>μέμνηται</span> <span class='ocrx_word' id='word_1_139' title='bbox 1513 2412 1571 2467; x_wconf 85' lang='grc' dir='ltr'><strong>δέ</strong></span> <span class='ocrx_word' id='word_1_140' title='bbox 1612 2430 1694 2475; x_wconf 87' lang='grc' dir='ltr'><strong>τις</strong></span> <span class='ocrx_word' id='word_1_141' title='bbox 1724 2411 1819 2465; x_wconf 87' lang='grc' dir='ltr'><strong>τοῦ</strong></span> 
     </span>
    </p>
   </div>
   <div class='ocr_carea' id='block_1_23' title="bbox 238 2501 1819 2575">
    <p class='ocr_par' dir='ltr' id='par_1_23' title="bbox 238 2501 1819 2575">
     <span class='ocr_line' id='line_1_23' title="bbox 238 2501 1819 2575; baseline -0.002 -17"><span class='ocrx_word' id='word_1_142' title='bbox 238 2505 492 2569; x_wconf 80' lang='grc' dir='ltr'>ἀπόντος,</span> <span class='ocrx_word' id='word_1_143' title='bbox 523 2505 760 2559; x_wconf 86' lang='grc' dir='ltr'>δείκνυσι</span> <span class='ocrx_word' id='word_1_144' title='bbox 803 2505 860 2558; x_wconf 80' lang='grc' dir='ltr'>δὲ</span> <span class='ocrx_word' id='word_1_145' title='bbox 896 2504 986 2558; x_wconf 85' lang='grc' dir='ltr'><strong>τὸν</strong></span> <span class='ocrx_word' id='word_1_146' title='bbox 1023 2504 1301 2575; x_wconf 86' lang='grc' dir='ltr'>παρόντα·</span> <span class='ocrx_word' id='word_1_147' title='bbox 1322 2503 1411 2557; x_wconf 79' lang='grc' dir='ltr'>διὰ</span> <span class='ocrx_word' id='word_1_148' title='bbox 1444 2501 1603 2556; x_wconf 87' lang='grc' dir='ltr'>τοῦτο</span> <span class='ocrx_word' id='word_1_149' title='bbox 1642 2504 1693 2557; x_wconf 76' lang='grc' dir='ltr'>οἱ</span> <span class='ocrx_word' id='word_1_150' title='bbox 1723 2503 1819 2556; x_wconf 87' lang='grc' dir='ltr'><strong>τοῦ</strong></span> 
     </span>
    </p>
   </div>
   <div class='ocr_carea' id='block_1_24' title="bbox 239 2596 1817 2668">
    <p class='ocr_par' dir='ltr' id='par_1_24' title="bbox 239 2596 1817 2668">
     <span class='ocr_line' id='line_1_24' title="bbox 239 2596 1817 2668; baseline 0.001 -19"><span class='ocrx_word' id='word_1_151' title='bbox 239 2596 430 2660; x_wconf 83' lang='grc' dir='ltr'>παιδὸς</span> <span class='ocrx_word' id='word_1_152' title='bbox 461 2597 650 2649; x_wconf 89' lang='grc' dir='ltr'>τούτου</span> <span class='ocrx_word' id='word_1_153' title='bbox 684 2598 1006 2667; x_wconf 74' lang='grc' dir='ltr'>γεννήτορες</span> <span class='ocrx_word' id='word_1_154' title='bbox 1046 2597 1147 2650; x_wconf 72' lang='grc' dir='ltr'><strong>οὐκ</strong></span> <span class='ocrx_word' id='word_1_155' title='bbox 1191 2596 1483 2668; x_wconf 76' lang='grc' dir='ltr'>ἠνέσχοντο</span> <span class='ocrx_word' id='word_1_156' title='bbox 1522 2596 1583 2651; x_wconf 83' lang='grc' dir='ltr'><strong>τὸ</strong></span> <span class='ocrx_word' id='word_1_157' title='bbox 1634 2598 1817 2653; x_wconf 72' lang='grc' dir='ltr'>καλεῖν</span> 
     </span>
    </p>
   </div>
   <div class='ocr_carea' id='block_1_25' title="bbox 237 2690 1809 2765">
    <p class='ocr_par' dir='ltr' id='par_1_25' title="bbox 237 2690 1809 2765">
     <span class='ocr_line' id='line_1_25' title="bbox 237 2690 1809 2765; baseline 0.002 -20"><span class='ocrx_word' id='word_1_158' title='bbox 237 2691 536 2762; x_wconf 78' lang='grc' dir='ltr'>Ζαχαρίαν,</span> <span class='ocrx_word' id='word_1_159' title='bbox 568 2690 703 2745; x_wconf 79' lang='grc' dir='ltr'>ἀλλὰ</span> <span class='ocrx_word' id='word_1_160' title='bbox 735 2692 935 2763; x_wconf 80' lang='grc' dir='ltr'>μᾶλλον</span> <span class='ocrx_word' id='word_1_161' title='bbox 982 2693 1234 2763; x_wconf 78' lang='grc' dir='ltr'>Ἰωάννην</span> <span class='ocrx_word' id='word_1_162' title='bbox 1278 2692 1562 2763; x_wconf 75' lang='grc' dir='ltr'>ὀνομάζειν</span> <span class='ocrx_word' id='word_1_163' title='bbox 1592 2694 1809 2765; x_wconf 70' lang='grc' dir='ltr'>ἤθελονο</span> 
     </span>
    </p>
   </div>
   <div class='ocr_carea' id='block_1_26' title="bbox 236 2782 1812 2855">
    <p class='ocr_par' dir='ltr' id='par_1_26' title="bbox 236 2782 1812 2855">
     <span class='ocr_line' id='line_1_26' title="bbox 236 2782 1812 2855; baseline 0.004 -20"><span class='ocrx_word' id='word_1_164' title='bbox 236 2782 370 2836; x_wconf 81' lang='grc' dir='ltr'>διότι</span> <span class='ocrx_word' id='word_1_165' title='bbox 422 2782 645 2853; x_wconf 74' lang='grc' dir='ltr'>ἔμελλεν</span> <span class='ocrx_word' id='word_1_166' title='bbox 687 2784 808 2855; x_wconf 81' lang='grc' dir='ltr'>οὐχὶ</span> <span class='ocrx_word' id='word_1_167' title='bbox 859 2783 1216 2855; x_wconf 81' lang='grc' dir='ltr'>μνημονεύειν</span> <span class='ocrx_word' id='word_1_168' title='bbox 1262 2784 1395 2837; x_wconf 83' lang='grc' dir='ltr'>Θεοῦ</span> <span class='ocrx_word' id='word_1_169' title='bbox 1439 2784 1515 2849; x_wconf 81' lang='grc' dir='ltr'>ὡς</span> <span class='ocrx_word' id='word_1_170' title='bbox 1561 2786 1812 2850; x_wconf 80' lang='grc' dir='ltr'>ἀπόντος,</span> 
     </span>
    </p>
   </div>
   <div class='ocr_carea' id='block_1_27' title="bbox 235 2872 1813 2947">
    <p class='ocr_par' dir='ltr' id='par_1_27' title="bbox 235 2872 1813 2947">
     <span class='ocr_line' id='line_1_27' title="bbox 235 2872 1813 2947; baseline 0.004 -21"><span class='ocrx_word' id='word_1_171' title='bbox 235 2872 349 2927; x_wconf 79' lang='grc' dir='ltr'>ἀλλ’</span> <span class='ocrx_word' id='word_1_172' title='bbox 379 2874 541 2927; x_wconf 81' lang='grc' dir='ltr'>αὑτὸν</span> <span class='ocrx_word' id='word_1_173' title='bbox 583 2877 787 2928; x_wconf 72' lang='grc' dir='ltr'>ἐκεῖνον</span> <span class='ocrx_word' id='word_1_174' title='bbox 823 2875 1103 2946; x_wconf 80' lang='grc' dir='ltr'>μονονουχὶ</span> <span class='ocrx_word' id='word_1_175' title='bbox 1136 2874 1215 2946; x_wconf 80' lang='grc' dir='ltr'><strong>τῷ</strong></span> <span class='ocrx_word' id='word_1_176' title='bbox 1255 2875 1500 2947; x_wconf 82' lang='grc' dir='ltr'><strong>δακτύλῳ</strong></span> <span class='ocrx_word' id='word_1_177' title='bbox 1544 2877 1813 2932; x_wconf 80' lang='grc' dir='ltr'>δεικνύειν</span> 
     </span>
    </p>
   </div>
   <div class='ocr_carea' id='block_1_28' title="bbox 236 2968 1663 3040">
    <p class='ocr_par' dir='ltr' id='par_1_28' title="bbox 236 2968 1663 3040">
     <span class='ocr_line' id='line_1_28' title="bbox 236 2968 1663 3040; baseline 0.002 -19"><span class='ocrx_word' id='word_1_178' title='bbox 236 2969 503 3040; x_wconf 84' lang='grc' dir='ltr'>παρόντα,</span> <span class='ocrx_word' id='word_1_179' title='bbox 534 2969 629 3022; x_wconf 75' lang='grc' dir='ltr'><strong>καὶ</strong></span> <span class='ocrx_word' id='word_1_180' title='bbox 656 2968 865 3038; x_wconf 79' lang='grc' dir='ltr'>λέγειν’</span> <span class='ocrx_word' id='word_1_181' title='bbox 906 2968 1017 3023; x_wconf 81' lang='grc' dir='ltr'>Ἴδε</span> <span class='ocrx_word' id='word_1_182' title='bbox 1045 2971 1078 3023; x_wconf 85' lang='grc' dir='ltr'><strong>ό</strong></span> <span class='ocrx_word' id='word_1_183' title='bbox 1126 2968 1329 3039; x_wconf 80' lang='grc' dir='ltr'>Ἀμνὸς</span> <span class='ocrx_word' id='word_1_184' title='bbox 1353 2968 1461 3022; x_wconf 87' lang='grc' dir='ltr'><strong>τοῦ</strong></span> <span class='ocrx_word' id='word_1_185' title='bbox 1494 2971 1663 3024; x_wconf 86' lang='grc' dir='ltr'>Θεοῦ.</span> 
     </span>
    </p>
   </div>
   <div class='ocr_carea' id='block_1_29' title="bbox 1998 2316 3495 2391">
    <p class='ocr_par' dir='ltr' id='par_1_29' title="bbox 1998 2316 3495 2391">
     <span class='ocr_line' id='line_1_29' title="bbox 1998 2316 3495 2391; baseline 0.007 -20"><span class='ocrx_word' id='word_1_186' title='bbox 1998 2316 2267 2384; x_wconf 84' lang='lat' dir='ltr'><strong>Quoniam</strong></span> <span class='ocrx_word' id='word_1_187' title='bbox 2305 2319 2454 2376; x_wconf 89' lang='lat' dir='ltr'><strong>enim</strong></span> <span class='ocrx_word' id='word_1_188' title='bbox 2485 2321 2868 2391; x_wconf 86' lang='lat' dir='ltr'><strong>interpretatur</strong></span> <span class='ocrx_word' id='word_1_189' title='bbox 2908 2321 3201 2381; x_wconf 81' lang='lat' dir='ltr'><strong>Zacharias</strong></span> <span class='ocrx_word' id='word_1_190' title='bbox 3241 2328 3495 2385; x_wconf 71' lang='lat' dir='ltr'><strong>memoria</strong></span> 
     </span>
    </p>
   </div>
   <div class='ocr_carea' id='block_1_30' title="bbox 1925 2405 3494 2486">
    <p class='ocr_par' dir='ltr' id='par_1_30' title="bbox 1925 2405 3494 2486">
     <span class='ocr_line' id='line_1_30' title="bbox 1925 2405 3494 2486; baseline 0.008 -26"><span class='ocrx_word' id='word_1_191' title='bbox 1925 2405 2048 2472; x_wconf 82' lang='lat' dir='ltr'><strong>Dei,</strong></span> <span class='ocrx_word' id='word_1_192' title='bbox 2079 2406 2319 2466; x_wconf 85' lang='lat' dir='ltr'><strong>Joannes</strong></span> <span class='ocrx_word' id='word_1_193' title='bbox 2352 2426 2483 2465; x_wconf 83' lang='lat' dir='ltr'><strong>vero</strong></span> <span class='ocrx_word' id='word_1_194' title='bbox 2514 2414 2811 2477; x_wconf 76' lang='lat' dir='ltr'><strong>ostendens,</strong></span> <span class='ocrx_word' id='word_1_195' title='bbox 2857 2413 3105 2469; x_wconf 86' lang='lat' dir='ltr'><strong>meminit</strong></span> <span class='ocrx_word' id='word_1_196' title='bbox 3132 2425 3311 2470; x_wconf 87' lang='lat' dir='ltr'><strong>autem</strong></span> <span class='ocrx_word' id='word_1_197' title='bbox 3337 2418 3494 2486; x_wconf 88' lang='lat' dir='ltr'><strong>quis-</strong></span> 
     </span>
    </p>
   </div>
   <div class='ocr_carea' id='block_1_31' title="bbox 1920 2500 3490 2577">
    <p class='ocr_par' dir='ltr' id='par_1_31' title="bbox 1920 2500 3490 2577">
     <span class='ocr_line' id='line_1_31' title="bbox 1920 2500 3490 2577; baseline 0.008 -24"><span class='ocrx_word' id='word_1_198' title='bbox 1920 2500 2067 2569; x_wconf 88' lang='lat' dir='ltr'><strong>piam</strong></span> <span class='ocrx_word' id='word_1_199' title='bbox 2109 2502 2371 2568; x_wconf 85' lang='lat' dir='ltr'><strong>absentis,</strong></span> <span class='ocrx_word' id='word_1_200' title='bbox 2403 2503 2496 2557; x_wconf 91' lang='lat' dir='ltr'><strong>sed</strong></span> <span class='ocrx_word' id='word_1_201' title='bbox 2544 2504 2781 2558; x_wconf 87' lang='lat' dir='ltr'><strong>ostendit</strong></span> <span class='ocrx_word' id='word_1_202' title='bbox 2806 2514 3125 2574; x_wconf 58' lang='lat' dir='ltr'><strong>prasentetn</strong></span> <span class='ocrx_word' id='word_1_203' title='bbox 3162 2525 3176 2561; x_wconf 91' lang='lat'><strong>:</strong></span> <span class='ocrx_word' id='word_1_204' title='bbox 3209 2516 3490 2577; x_wconf 85' lang='lat' dir='ltr'><strong>propterea</strong></span> 
     </span>
    </p>
   </div>
   <div class='ocr_carea' id='block_1_32' title="bbox 1922 2592 3495 2665">
    <p class='ocr_par' dir='ltr' id='par_1_32' title="bbox 1922 2592 3495 2665">
     <span class='ocr_line' id='line_1_32' title="bbox 1922 2592 3495 2665; baseline 0.006 -20"><span class='ocrx_word' id='word_1_205' title='bbox 1922 2594 2076 2662; x_wconf 88' lang='lat' dir='ltr'><strong>pueri</strong></span> <span class='ocrx_word' id='word_1_206' title='bbox 2120 2592 2285 2662; x_wconf 87' lang='lat' dir='ltr'><strong>hujus</strong></span> <span class='ocrx_word' id='word_1_207' title='bbox 2324 2603 2581 2663; x_wconf 89' lang='lat' dir='ltr'><strong>parentes</strong></span> <span class='ocrx_word' id='word_1_208' title='bbox 2632 2607 2742 2648; x_wconf 89' lang='lat' dir='ltr'><strong>non</strong></span> <span class='ocrx_word' id='word_1_209' title='bbox 2789 2598 3135 2665; x_wconf 80' lang='lat' dir='ltr'><strong>patiebantur</strong></span> <span class='ocrx_word' id='word_1_210' title='bbox 3164 2601 3346 2653; x_wconf 88' lang='lat' dir='ltr'><strong>vocari</strong></span> <span class='ocrx_word' id='word_1_211' title='bbox 3388 2600 3495 2655; x_wconf 71' lang='lat' dir='ltr'><strong>Za~</strong></span> 
     </span>
    </p>
   </div>
   <div class='ocr_carea' id='block_1_33' title="bbox 1920 2682 3493 2758">
    <p class='ocr_par' dir='ltr' id='par_1_33' title="bbox 1920 2682 3493 2758">
     <span class='ocr_line' id='line_1_33' title="bbox 1920 2682 3493 2758; baseline 0.006 -21"><span class='ocrx_word' id='word_1_212' title='bbox 1920 2682 2187 2748; x_wconf 85' lang='lat' dir='ltr'><strong>chariam,</strong></span> <span class='ocrx_word' id='word_1_213' title='bbox 2234 2684 2329 2739; x_wconf 89' lang='lat' dir='ltr'><strong>sed</strong></span> <span class='ocrx_word' id='word_1_214' title='bbox 2372 2686 2545 2755; x_wconf 83' lang='lat' dir='ltr'><strong>magis</strong></span> <span class='ocrx_word' id='word_1_215' title='bbox 2586 2682 2851 2739; x_wconf 80' lang='lat' dir='ltr'><strong>Joannem</strong></span> <span class='ocrx_word' id='word_1_216' title='bbox 2903 2688 3171 2742; x_wconf 87' lang='lat' dir='ltr'><strong>nominari</strong></span> <span class='ocrx_word' id='word_1_217' title='bbox 3220 2690 3493 2758; x_wconf 78' lang='lat' dir='ltr'><strong>volebant,</strong></span> 
     </span>
    </p>
   </div>
   <div class='ocr_carea' id='block_1_34' title="bbox 1923 2776 3495 2845">
    <p class='ocr_par' dir='ltr' id='par_1_34' title="bbox 1923 2776 3495 2845">
     <span class='ocr_line' id='line_1_34' title="bbox 1923 2776 3495 2845; baseline 0.005 -18"><span class='ocrx_word' id='word_1_218' title='bbox 1923 2783 2208 2844; x_wconf 85' lang='lat' dir='ltr'><strong>propterea</strong></span> <span class='ocrx_word' id='word_1_219' title='bbox 2271 2776 2417 2845; x_wconf 86' lang='lat' dir='ltr'><strong>quod</strong></span> <span class='ocrx_word' id='word_1_220' title='bbox 2487 2790 2594 2830; x_wconf 89' lang='lat' dir='ltr'><strong>non</strong></span> <span class='ocrx_word' id='word_1_221' title='bbox 2664 2776 2892 2831; x_wconf 84' lang='lat' dir='ltr'><strong>debebat</strong></span> <span class='ocrx_word' id='word_1_222' title='bbox 2950 2794 3159 2834; x_wconf 86' lang='lat' dir='ltr'><strong>memor</strong></span> <span class='ocrx_word' id='word_1_223' title='bbox 3212 2795 3338 2835; x_wconf 91' lang='lat' dir='ltr'><strong>esse</strong></span> <span class='ocrx_word' id='word_1_224' title='bbox 3397 2781 3495 2835; x_wconf 84' lang='lat' dir='ltr'><strong>Dei</strong></span> 
     </span>
    </p>
   </div>
   <div class='ocr_carea' id='block_1_35' title="bbox 1923 2866 3497 2943">
    <p class='ocr_par' dir='ltr' id='par_1_35' title="bbox 1923 2866 3497 2943">
     <span class='ocr_line' id='line_1_35' title="bbox 1923 2866 3497 2943; baseline 0.004 -23"><span class='ocrx_word' id='word_1_225' title='bbox 1923 2875 2181 2935; x_wconf 85' lang='lat' dir='ltr'><strong>tanquam</strong></span> <span class='ocrx_word' id='word_1_226' title='bbox 2213 2866 2475 2929; x_wconf 88' lang='lat' dir='ltr'><strong>absentis,</strong></span> <span class='ocrx_word' id='word_1_227' title='bbox 2520 2867 2614 2922; x_wconf 90' lang='lat' dir='ltr'><strong>sed</strong></span> <span class='ocrx_word' id='word_1_228' title='bbox 2661 2867 2840 2934; x_wconf 86' lang='lat' dir='ltr'><strong>ipsum</strong></span> <span class='ocrx_word' id='word_1_229' title='bbox 2892 2867 3043 2923; x_wconf 87' lang='lat' dir='ltr'><strong>illum</strong></span> <span class='ocrx_word' id='word_1_230' title='bbox 3090 2870 3283 2939; x_wconf 80' lang='lat' dir='ltr'><strong>digito,</strong></span> <span class='ocrx_word' id='word_1_231' title='bbox 3330 2886 3497 2943; x_wconf 81' lang='lat' dir='ltr'><strong>opere</strong></span> 
     </span>
    </p>
   </div>
   <div class='ocr_carea' id='block_1_36' title="bbox 1920 2956 3489 3029">
    <p class='ocr_par' dir='ltr' id='par_1_36' title="bbox 1920 2956 3489 3029">
     <span class='ocr_line' id='line_1_36' title="bbox 1920 2956 3489 3029; baseline 0.003 -18"><span class='ocrx_word' id='word_1_232' title='bbox 1920 2957 2207 3012; x_wconf 80' lang='lat' dir='ltr'><strong>ostendere</strong></span> <span class='ocrx_word' id='word_1_233' title='bbox 2237 2965 2579 3025; x_wconf 56' lang='lat' dir='ltr'><strong>praesentem,</strong></span> <span class='ocrx_word' id='word_1_234' title='bbox 2610 2964 2664 3012; x_wconf 89' lang='lat' dir='ltr'><strong>et</strong></span> <span class='ocrx_word' id='word_1_235' title='bbox 2684 2956 2864 3013; x_wconf 87' lang='lat' dir='ltr'><strong>dicere</strong></span> <span class='ocrx_word' id='word_1_236' title='bbox 2893 2976 2907 3013; x_wconf 89' lang='lat'><strong>:</strong></span> <span class='ocrx_word' id='word_1_237' title='bbox 2943 2956 3079 3012; x_wconf 81' lang='lat' dir='ltr'><strong>Ecce</strong></span> <span class='ocrx_word' id='word_1_238' title='bbox 3105 2960 3286 3029; x_wconf 83' lang='lat' dir='ltr'><strong>Agnus</strong></span> <span class='ocrx_word' id='word_1_239' title='bbox 3310 2960 3408 3015; x_wconf 82' lang='lat' dir='ltr'><strong>Dei</strong></span> <span class='ocrx_word' id='word_1_240' title='bbox 3446 2962 3489 3016; x_wconf 83' lang='lat'><strong>&#39;.</strong></span> 
     </span>
    </p>
   </div>
   <div class='ocr_carea' id='block_1_37' title="bbox 1730 3090 1996 3149">
    <p class='ocr_par' dir='ltr' id='par_1_37' title="bbox 1730 3090 1996 3149">
     <span class='ocr_line' id='line_1_37' title="bbox 1730 3090 1996 3149; baseline 0.008 -2"><span class='ocrx_word' id='word_1_241' title='bbox 1730 3090 1882 3148; x_wconf 87' lang='lat' dir='ltr'><strong>Orat.</strong></span> <span class='ocrx_word' id='word_1_242' title='bbox 1934 3110 1996 3149; x_wconf 89' lang='grc' dir='ltr'><strong>ιι.</strong></span> 
     </span>
    </p>
   </div>
   <div class='ocr_carea' id='block_1_38' title="bbox 301 3177 1814 3251">
    <p class='ocr_par' dir='ltr' id='par_1_38' title="bbox 301 3177 1814 3251">
     <span class='ocr_line' id='line_1_38' title="bbox 301 3177 1814 3251; baseline 0.004 -18"><span class='ocrx_word' id='word_1_243' title='bbox 301 3181 414 3234; x_wconf 72' lang='grc' dir='ltr'>Καὶ</span> <span class='ocrx_word' id='word_1_244' title='bbox 442 3177 771 3249; x_wconf 76' lang='grc' dir='ltr'>μέγας-οὐχ</span> <span class='ocrx_word' id='word_1_245' title='bbox 821 3178 897 3241; x_wconf 83' lang='grc' dir='ltr'>ὡς</span> <span class='ocrx_word' id='word_1_246' title='bbox 949 3179 1204 3251; x_wconf 81' lang='grc' dir='ltr'>Ἰωάννης</span> <span class='ocrx_word' id='word_1_247' title='bbox 1253 3179 1536 3247; x_wconf 85' lang='grc' dir='ltr'>δουλικῶς,</span> <span class='ocrx_word' id='word_1_248' title='bbox 1571 3182 1688 3238; x_wconf 80' lang='grc' dir='ltr'>ἀλλ’</span> <span class='ocrx_word' id='word_1_249' title='bbox 1738 3186 1814 3250; x_wconf 81' lang='grc' dir='ltr'>ὡς</span> 
     </span>
    </p>
   </div>
   <div class='ocr_carea' id='block_1_39' title="bbox 230 3271 1813 3347">
    <p class='ocr_par' dir='ltr' id='par_1_39' title="bbox 230 3271 1813 3347">
     <span class='ocr_line' id='line_1_39' title="bbox 230 3271 1813 3347; baseline 0.003 -20"><span class='ocrx_word' id='word_1_250' title='bbox 230 3273 436 3345; x_wconf 81' lang='grc' dir='ltr'>Κύριος</span> <span class='ocrx_word' id='word_1_251' title='bbox 463 3271 557 3326; x_wconf 86' lang='grc' dir='ltr'><strong>τοῦ</strong></span> <span class='ocrx_word' id='word_1_252' title='bbox 586 3272 805 3336; x_wconf 82' lang='grc' dir='ltr'>παντὸς,</span> <span class='ocrx_word' id='word_1_253' title='bbox 853 3272 945 3325; x_wconf 77' lang='grc' dir='ltr'><strong>καὶ</strong></span> <span class='ocrx_word' id='word_1_254' title='bbox 974 3272 1051 3336; x_wconf 88' lang='grc' dir='ltr'>ὠς</span> <span class='ocrx_word' id='word_1_255' title='bbox 1098 3272 1300 3344; x_wconf 84' lang='grc' dir='ltr'>Κύριος</span> <span class='ocrx_word' id='word_1_256' title='bbox 1336 3276 1638 3347; x_wconf 82' lang='grc' dir='ltr'>πανταχοῦ,</span> <span class='ocrx_word' id='word_1_257' title='bbox 1671 3277 1813 3333; x_wconf 81' lang='grc' dir='ltr'>ὥστε</span> 
     </span>
    </p>
   </div>
   <div class='ocr_carea' id='block_1_40' title="bbox 228 3363 1811 3438">
    <p class='ocr_par' dir='ltr' id='par_1_40' title="bbox 228 3363 1811 3438">
     <span class='ocr_line' id='line_1_40' title="bbox 228 3363 1811 3438; baseline 0.003 -19"><span class='ocrx_word' id='word_1_258' title='bbox 228 3365 350 3436; x_wconf 74' lang='grc' dir='ltr'>οὐχὶ</span> <span class='ocrx_word' id='word_1_259' title='bbox 388 3364 478 3418; x_wconf 85' lang='grc' dir='ltr'>διὰ</span> <span class='ocrx_word' id='word_1_260' title='bbox 521 3363 782 3433; x_wconf 70' lang='grc' dir='ltr'>ῥημάτων</span> <span class='ocrx_word' id='word_1_261' title='bbox 822 3364 1003 3433; x_wconf 84' lang='grc' dir='ltr'>μόνον,</span> <span class='ocrx_word' id='word_1_262' title='bbox 1047 3364 1164 3418; x_wconf 82' lang='grc' dir='ltr'>ἀλλ’</span> <span class='ocrx_word' id='word_1_263' title='bbox 1202 3364 1349 3438; x_wconf 82' lang='grc' dir='ltr'>ἔργῳ</span> <span class='ocrx_word' id='word_1_264' title='bbox 1390 3365 1685 3432; x_wconf 79' lang='grc' dir='ltr'>δείκνυται,</span> <span class='ocrx_word' id='word_1_265' title='bbox 1729 3370 1811 3424; x_wconf 85' lang='grc' dir='ltr'>ὅτι</span> 
     </span>
    </p>
   </div>
   <div class='ocr_carea' id='block_1_41' title="bbox 234 3457 576 3529">
    <p class='ocr_par' dir='ltr' id='par_1_41' title="bbox 234 3457 576 3529">
     <span class='ocr_line' id='line_1_41' title="bbox 234 3457 576 3529; baseline -0.006 -17"><span class='ocrx_word' id='word_1_266' title='bbox 234 3457 408 3529; x_wconf 81' lang='grc' dir='ltr'>μέγας</span> <span class='ocrx_word' id='word_1_267' title='bbox 441 3457 576 3511; x_wconf 72' lang='grc' dir='ltr'>ἐστι.</span> 
     </span>
    </p>
   </div>
   <div class='ocr_carea' id='block_1_42' title="bbox 1900 3185 3487 3260">
    <p class='ocr_par' dir='ltr' id='par_1_42' title="bbox 1900 3185 3487 3260">
     <span class='ocr_line' id='line_1_42' title="bbox 1900 3185 3487 3260; baseline 0.005 -18"><span class='ocrx_word' id='word_1_268' title='bbox 1900 3198 1919 3209; x_wconf 81' lang='lat'>‘</span> <span class='ocrx_word' id='word_1_269' title='bbox 1987 3189 2052 3243; x_wconf 76' lang='lat' dir='ltr'><strong>Et</strong></span> <span class='ocrx_word' id='word_1_270' title='bbox 2096 3205 2355 3260; x_wconf 78' lang='lat' dir='ltr'><strong>magnus,</strong></span> <span class='ocrx_word' id='word_1_271' title='bbox 2401 3204 2509 3245; x_wconf 92' lang='lat' dir='ltr'><strong>non</strong></span> <span class='ocrx_word' id='word_1_272' title='bbox 2551 3198 2809 3259; x_wconf 82' lang='lat' dir='ltr'><strong>tanquam</strong></span> <span class='ocrx_word' id='word_1_273' title='bbox 2852 3185 3089 3245; x_wconf 83' lang='lat' dir='ltr'><strong>Joannes</strong></span> <span class='ocrx_word' id='word_1_274' title='bbox 3130 3189 3272 3244; x_wconf 82' lang='lat' dir='ltr'><strong>servi</strong></span> <span class='ocrx_word' id='word_1_275' title='bbox 3314 3206 3487 3253; x_wconf 79' lang='lat' dir='ltr'><strong>more.</strong></span> 
     </span>
    </p>
   </div>
   <div class='ocr_carea' id='block_1_43' title="bbox 1914 3282 3491 3354">
    <p class='ocr_par' dir='ltr' id='par_1_43' title="bbox 1914 3282 3491 3354">
     <span class='ocr_line' id='line_1_43' title="bbox 1914 3282 3491 3354; baseline 0.003 -17"><span class='ocrx_word' id='word_1_276' title='bbox 1914 3282 2010 3337; x_wconf 87' lang='lat' dir='ltr'><strong>sed</strong></span> <span class='ocrx_word' id='word_1_277' title='bbox 2041 3290 2302 3353; x_wconf 83' lang='lat' dir='ltr'><strong>tanquam</strong></span> <span class='ocrx_word' id='word_1_278' title='bbox 2333 3282 2599 3339; x_wconf 89' lang='lat' dir='ltr'><strong>Dominus</strong></span> <span class='ocrx_word' id='word_1_279' title='bbox 2634 3283 2896 3350; x_wconf 84' lang='lat' dir='ltr'><strong>universi,</strong></span> <span class='ocrx_word' id='word_1_280' title='bbox 2928 3293 2982 3338; x_wconf 90' lang='lat' dir='ltr'><strong>et</strong></span> <span class='ocrx_word' id='word_1_281' title='bbox 3013 3292 3272 3354; x_wconf 84' lang='lat' dir='ltr'><strong>tanquam</strong></span> <span class='ocrx_word' id='word_1_282' title='bbox 3302 3283 3491 3342; x_wconf 84' lang='lat' dir='ltr'><strong>Domi-</strong></span> 
     </span>
    </p>
   </div>
   <div class='ocr_carea' id='block_1_44' title="bbox 1914 3376 3489 3459">
    <p class='ocr_par' dir='ltr' id='par_1_44' title="bbox 1914 3376 3489 3459">
     <span class='ocr_line' id='line_1_44' title="bbox 1914 3376 3489 3459; baseline 0.004 -29"><span class='ocrx_word' id='word_1_283' title='bbox 1914 3390 2021 3430; x_wconf 89' lang='lat' dir='ltr'><strong>nus</strong></span> <span class='ocrx_word' id='word_1_284' title='bbox 2060 3376 2153 3446; x_wconf 91' lang='lat' dir='ltr'><strong>qui</strong></span> <span class='ocrx_word' id='word_1_285' title='bbox 2199 3376 2402 3447; x_wconf 90' lang='lat' dir='ltr'><strong>ubique</strong></span> <span class='ocrx_word' id='word_1_286' title='bbox 2442 3386 2546 3459; x_wconf 74' lang='lat' dir='ltr'><strong>est,</strong></span> <span class='ocrx_word' id='word_1_287' title='bbox 2588 3377 2661 3431; x_wconf 89' lang='lat' dir='ltr'><strong>ita</strong></span> <span class='ocrx_word' id='word_1_288' title='bbox 2711 3385 2772 3432; x_wconf 88' lang='lat' dir='ltr'><strong>ut</strong></span> <span class='ocrx_word' id='word_1_289' title='bbox 2802 3393 2910 3433; x_wconf 89' lang='lat' dir='ltr'><strong>non</strong></span> <span class='ocrx_word' id='word_1_290' title='bbox 2941 3377 3119 3433; x_wconf 80' lang='lat' dir='ltr'><strong>verbis</strong></span> <span class='ocrx_word' id='word_1_291' title='bbox 3164 3378 3361 3448; x_wconf 86' lang='lat' dir='ltr'><strong>solum,</strong></span> <span class='ocrx_word' id='word_1_292' title='bbox 3393 3381 3489 3436; x_wconf 84' lang='lat' dir='ltr'><strong>sed</strong></span> 
     </span>
    </p>
   </div>
   <div class='ocr_carea' id='block_1_45' title="bbox 1915 3468 2898 3539">
    <p class='ocr_par' dir='ltr' id='par_1_45' title="bbox 1915 3468 2898 3539">
     <span class='ocr_line' id='line_1_45' title="bbox 1915 3468 2898 3539; baseline 0.001 -18"><span class='ocrx_word' id='word_1_293' title='bbox 1915 3481 2080 3537; x_wconf 81' lang='lat' dir='ltr'><strong>Opere</strong></span> <span class='ocrx_word' id='word_1_294' title='bbox 2110 3468 2363 3523; x_wconf 83' lang='lat' dir='ltr'><strong>ostendat</strong></span> <span class='ocrx_word' id='word_1_295' title='bbox 2397 3483 2457 3522; x_wconf 89' lang='lat' dir='ltr'><strong>se</strong></span> <span class='ocrx_word' id='word_1_296' title='bbox 2480 3484 2737 3539; x_wconf 85' lang='lat' dir='ltr'><strong>magnum</strong></span> <span class='ocrx_word' id='word_1_297' title='bbox 2760 3484 2898 3525; x_wconf 91' lang='lat' dir='ltr'><strong>esse.</strong></span> 
     </span>
    </p>
   </div>
   <div class='ocr_carea' id='block_1_46' title="bbox 228 3593 1807 3676">
    <p class='ocr_par' dir='ltr' id='par_1_46' title="bbox 228 3593 1807 3676">
     <span class='ocr_line' id='line_1_46' title="bbox 228 3593 1807 3676; baseline 0.001 -26"><span class='ocrx_word' id='word_1_298' title='bbox 228 3593 381 3650; x_wconf 75' lang='lat' dir='ltr'><strong>Orat-</strong></span> <span class='ocrx_word' id='word_1_299' title='bbox 414 3609 496 3648; x_wconf 88' lang='grc' dir='ltr'>ιιι.</span> <span class='ocrx_word' id='word_1_300' title='bbox 529 3596 617 3660; x_wconf 81' lang='grc' dir='ltr'><strong>εις</strong></span> <span class='ocrx_word' id='word_1_301' title='bbox 662 3593 795 3661; x_wconf 74' lang='grc' dir='ltr'><strong>τοὺ(⁸</strong></span> <span class='ocrx_word' id='word_1_302' title='bbox 852 3593 1098 3663; x_wconf 80' lang='grc' dir='ltr'>ὄρθρους</span> <span class='ocrx_word' id='word_1_303' title='bbox 1140 3593 1259 3648; x_wconf 83' lang='grc' dir='ltr'><strong>τῶν</strong></span> <span class='ocrx_word' id='word_1_304' title='bbox 1303 3595 1526 3676; x_wconf 59' lang='grc' dir='ltr'>έορτώιμ</span> <span class='ocrx_word' id='word_1_305' title='bbox 1553 3596 1807 3676; x_wconf 39' lang='grc' dir='ltr'>τῆς-Θεοί</span> 
     </span>
    </p>
   </div>
   <div class='ocr_carea' id='block_1_47' title="bbox 1905 3593 3486 3676">
    <p class='ocr_par' dir='ltr' id='par_1_47' title="bbox 1905 3601 3486 3676">
     <span class='ocr_line' id='line_1_47' title="bbox 1905 3601 3486 3676; baseline 0.006 -23"><span class='ocrx_word' id='word_1_306' title='bbox 1905 3617 2007 3676; x_wconf 61' lang='grc' dir='ltr'><strong>ρο,</strong></span> <span class='ocrx_word' id='word_1_307' title='bbox 2037 3601 2220 3676; x_wconf 83' lang='lat' dir='ltr'><strong>id_es_t,</strong></span> <span class='ocrx_word' id='word_1_308' title='bbox 2246 3601 2302 3676; x_wconf 72' lang='lat' dir='ltr'><strong>in</strong></span> <span class='ocrx_word' id='word_1_309' title='bbox 2338 3602 2601 3656; x_wconf 82' lang='lat' dir='ltr'><strong>matutina</strong></span> <span class='ocrx_word' id='word_1_310' title='bbox 2630 3611 2864 3672; x_wconf 86' lang='lat' dir='ltr'><strong>tempora</strong></span> <span class='ocrx_word' id='word_1_311' title='bbox 2890 3603 3174 3659; x_wconf 81' lang='lat' dir='ltr'><strong>Cenitricis</strong></span> <span class='ocrx_word' id='word_1_312' title='bbox 3208 3605 3321 3671; x_wconf 81' lang='lat' dir='ltr'><strong>Dei,</strong></span> <span class='ocrx_word' id='word_1_313' title='bbox 3355 3622 3486 3676; x_wconf 86' lang='lat' dir='ltr'><strong>pau-</strong></span> 
     </span>
    </p>
   </div>
   <div class='ocr_carea' id='block_1_48' title="bbox 1320 3666 2369 3741">
    <p class='ocr_par' dir='ltr' id='par_1_48' title="bbox 1320 3666 2369 3741">
     <span class='ocr_line' id='line_1_48' title="bbox 1320 3666 2369 3741; baseline 0.006 -22"><span class='ocrx_word' id='word_1_314' title='bbox 1320 3666 1431 3719; x_wconf 87' lang='lat' dir='ltr'><strong>lum</strong></span> <span class='ocrx_word' id='word_1_315' title='bbox 1462 3667 1531 3720; x_wconf 89' lang='lat' dir='ltr'><strong>ab</strong></span> <span class='ocrx_word' id='word_1_316' title='bbox 1566 3666 1717 3722; x_wconf 86' lang='lat' dir='ltr'><strong>initio</strong></span> <span class='ocrx_word' id='word_1_317' title='bbox 1752 3670 1867 3724; x_wconf 75' lang='lat' dir='ltr'><strong>haec</strong></span> <span class='ocrx_word' id='word_1_318' title='bbox 1890 3668 2138 3741; x_wconf 83' lang='lat' dir='ltr'><strong>Origenis</strong></span> <span class='ocrx_word' id='word_1_319' title='bbox 2167 3672 2369 3725; x_wconf 86' lang='lat' dir='ltr'><strong>laudat.</strong></span> 
     </span>
    </p>
   </div>
   <div class='ocr_carea' id='block_1_49' title="bbox 299 3782 1807 3861">
    <p class='ocr_par' dir='ltr' id='par_1_49' title="bbox 299 3782 1805 3859">
     <span class='ocr_line' id='line_1_49' title="bbox 299 3782 1805 3859; baseline 0.002 -20"><span class='ocrx_word' id='word_1_320' title='bbox 299 3784 476 3856; x_wconf 89' lang='grc' dir='ltr'>Ὅπερ</span> <span class='ocrx_word' id='word_1_321' title='bbox 522 3784 630 3855; x_wconf 84' lang='grc' dir='ltr'><strong>γὰρ</strong></span> <span class='ocrx_word' id='word_1_322' title='bbox 673 3782 843 3847; x_wconf 73' lang='grc' dir='ltr'>οὐδεὶς</span> <span class='ocrx_word' id='word_1_323' title='bbox 890 3782 995 3837; x_wconf 82' lang='grc' dir='ltr'>τῶν</span> <span class='ocrx_word' id='word_1_324' title='bbox 1038 3785 1332 3857; x_wconf 78' lang='grc' dir='ltr'>προφητῶν</span> <span class='ocrx_word' id='word_1_325' title='bbox 1376 3787 1609 3859; x_wconf 76' lang='grc' dir='ltr'>ὑπῆρξε,</span> <span class='ocrx_word' id='word_1_326' title='bbox 1644 3787 1805 3843; x_wconf 86' lang='grc' dir='ltr'>τοῦτο</span> 
     </span>
    </p>
   </div>
   <div class='ocr_carea' id='block_1_50' title="bbox 1905 3782 3483 3861">
    <p class='ocr_par' dir='ltr' id='par_1_50' title="bbox 1976 3789 3483 3861">
     <span class='ocr_line' id='line_1_50' title="bbox 1976 3789 3483 3861; baseline 0.003 -17"><span class='ocrx_word' id='word_1_327' title='bbox 1976 3789 2132 3857; x_wconf 82' lang='lat' dir='ltr'><strong>Quod</strong></span> <span class='ocrx_word' id='word_1_328' title='bbox 2162 3792 2305 3845; x_wconf 90' lang='lat' dir='ltr'><strong>enim</strong></span> <span class='ocrx_word' id='word_1_329' title='bbox 2332 3791 2517 3847; x_wconf 90' lang='lat' dir='ltr'><strong>nullus</strong></span> <span class='ocrx_word' id='word_1_330' title='bbox 2545 3791 2934 3861; x_wconf 87' lang='lat' dir='ltr'><strong>prophetarum</strong></span> <span class='ocrx_word' id='word_1_331' title='bbox 2970 3791 3200 3857; x_wconf 81' lang='lat' dir='ltr'><strong>exstitit,</strong></span> <span class='ocrx_word' id='word_1_332' title='bbox 3236 3792 3340 3849; x_wconf 84' lang='lat' dir='ltr'><strong>hoc</strong></span> <span class='ocrx_word' id='word_1_333' title='bbox 3384 3793 3483 3850; x_wconf 83' lang='lat' dir='ltr'><strong>fuit</strong></span> 
     </span>
    </p>
   </div>
   <div class='ocr_carea' id='block_1_51' title="bbox 228 3875 1801 3952">
    <p class='ocr_par' dir='ltr' id='par_1_51' title="bbox 228 3875 1801 3952">
     <span class='ocr_line' id='line_1_51' title="bbox 228 3875 1801 3952; baseline 0.003 -23"><span class='ocrx_word' id='word_1_334' title='bbox 228 3875 474 3948; x_wconf 79' lang='grc' dir='ltr'>ὑπῆρξεν</span> <span class='ocrx_word' id='word_1_335' title='bbox 538 3876 812 3947; x_wconf 73' lang='grc' dir='ltr'>Ἰωάννης,</span> <span class='ocrx_word' id='word_1_336' title='bbox 860 3876 949 3930; x_wconf 77' lang='grc' dir='ltr'><strong>διὰ</strong></span> <span class='ocrx_word' id='word_1_337' title='bbox 982 3876 1044 3929; x_wconf 86' lang='grc' dir='ltr'><strong>τὸ</strong></span> <span class='ocrx_word' id='word_1_338' title='bbox 1084 3876 1403 3949; x_wconf 75' lang='grc' dir='ltr'>πλησιάζειν</span> <span class='ocrx_word' id='word_1_339' title='bbox 1448 3881 1514 3950; x_wconf 82' lang='grc' dir='ltr'>τῇ</span> <span class='ocrx_word' id='word_1_340' title='bbox 1564 3880 1801 3952; x_wconf 84' lang='grc' dir='ltr'>Χριστοῦ</span> 
     </span>
    </p>
   </div>
   <div class='ocr_carea' id='block_1_52' title="bbox 226 3967 1803 4043">
    <p class='ocr_par' dir='ltr' id='par_1_52' title="bbox 226 3967 1803 4043">
     <span class='ocr_line' id='line_1_52' title="bbox 226 3967 1803 4043; baseline 0.002 -21"><span class='ocrx_word' id='word_1_341' title='bbox 226 3969 521 4041; x_wconf 79' lang='grc' dir='ltr'>παρουσίᾳ,</span> <span class='ocrx_word' id='word_1_342' title='bbox 572 3968 666 4022; x_wconf 77' lang='grc' dir='ltr'><strong>καὶ</strong></span> <span class='ocrx_word' id='word_1_343' title='bbox 705 3967 1028 4040; x_wconf 78' lang='grc' dir='ltr'>προτρέχειν</span> <span class='ocrx_word' id='word_1_344' title='bbox 1066 3969 1270 4040; x_wconf 79' lang='grc' dir='ltr'>αὐτῆς·</span> <span class='ocrx_word' id='word_1_345' title='bbox 1305 3970 1365 4022; x_wconf 83' lang='grc' dir='ltr'><strong>ού</strong></span> <span class='ocrx_word' id='word_1_346' title='bbox 1395 3970 1503 4042; x_wconf 85' lang='grc' dir='ltr'>γὰρ</span> <span class='ocrx_word' id='word_1_347' title='bbox 1537 3971 1803 4043; x_wconf 88' lang='grc' dir='ltr'>πρότερον</span> 
     </span>
    </p>
   </div>
   <div class='ocr_carea' id='block_1_53' title="bbox 226 4058 1802 4134">
    <p class='ocr_par' dir='ltr' id='par_1_53' title="bbox 226 4058 1802 4134">
     <span class='ocr_line' id='line_1_53' title="bbox 226 4058 1802 4134; baseline 0 -19"><span class='ocrx_word' id='word_1_348' title='bbox 226 4060 473 4131; x_wconf 75' lang='grc' dir='ltr'><strong>ἐπλήσθη</strong></span> <span class='ocrx_word' id='word_1_349' title='bbox 515 4058 608 4114; x_wconf 86' lang='grc' dir='ltr'><strong>τοῦ</strong></span> <span class='ocrx_word' id='word_1_350' title='bbox 640 4059 796 4128; x_wconf 82' lang='grc' dir='ltr'>ἁγίου</span> <span class='ocrx_word' id='word_1_351' title='bbox 837 4059 1172 4131; x_wconf 87' lang='grc' dir='ltr'>Πνεύματος,</span> <span class='ocrx_word' id='word_1_352' title='bbox 1214 4061 1343 4132; x_wconf 77' lang='grc' dir='ltr'>πρὶν</span> <span class='ocrx_word' id='word_1_353' title='bbox 1378 4062 1665 4132; x_wconf 77' lang='grc' dir='ltr'>ἐπιστῆναι</span> <span class='ocrx_word' id='word_1_354' title='bbox 1704 4061 1802 4134; x_wconf 81' lang='grc' dir='ltr'><strong>τὴν</strong></span> 
     </span>
    </p>
   </div>
   <div class='ocr_carea' id='block_1_54' title="bbox 226 4151 1803 4225">
    <p class='ocr_par' dir='ltr' id='par_1_54' title="bbox 226 4151 1803 4225">
     <span class='ocr_line' id='line_1_54' title="bbox 226 4151 1803 4225; baseline 0 -18"><span class='ocrx_word' id='word_1_355' title='bbox 226 4151 602 4223; x_wconf 85' lang='grc' dir='ltr'>κυοφοροῦσαν</span> <span class='ocrx_word' id='word_1_356' title='bbox 650 4152 746 4205; x_wconf 82' lang='grc' dir='ltr'><strong>τὸν</strong></span> <span class='ocrx_word' id='word_1_357' title='bbox 794 4152 1047 4223; x_wconf 88' lang='grc' dir='ltr'>Χριστόν.</span> <span class='ocrx_word' id='word_1_358' title='bbox 1085 4152 1217 4205; x_wconf 87' lang='grc' dir='ltr'>Τότε</span> <span class='ocrx_word' id='word_1_359' title='bbox 1256 4152 1313 4206; x_wconf 84' lang='grc' dir='ltr'>δὲ</span> <span class='ocrx_word' id='word_1_360' title='bbox 1360 4154 1453 4206; x_wconf 71' lang='grc' dir='ltr'><strong>καὶ</strong></span> <span class='ocrx_word' id='word_1_361' title='bbox 1499 4153 1803 4225; x_wconf 79' lang='grc' dir='ltr'>ἐπληροῦτο</span> 
     </span>
    </p>
   </div>
   <div class='ocr_carea' id='block_1_55' title="bbox 226 4239 1803 4312">
    <p class='ocr_par' dir='ltr' id='par_1_55' title="bbox 226 4239 1803 4312">
     <span class='ocr_line' id='line_1_55' title="bbox 226 4239 1803 4312; baseline -0.001 -16"><span class='ocrx_word' id='word_1_362' title='bbox 226 4241 545 4312; x_wconf 80' lang='grc' dir='ltr'>Πνεύματος</span> <span class='ocrx_word' id='word_1_363' title='bbox 572 4241 667 4295; x_wconf 79' lang='grc' dir='ltr'><strong>καὶ</strong></span> <span class='ocrx_word' id='word_1_364' title='bbox 698 4239 946 4311; x_wconf 77' lang='grc' dir='ltr'>ἐσκίρτα,</span> <span class='ocrx_word' id='word_1_365' title='bbox 976 4239 1071 4293; x_wconf 65' lang='grc' dir='ltr'><strong>καλ⁵</strong></span> <span class='ocrx_word' id='word_1_366' title='bbox 1094 4242 1159 4311; x_wconf 81' lang='grc' dir='ltr'>τῇ</span> <span class='ocrx_word' id='word_1_367' title='bbox 1187 4241 1355 4312; x_wconf 56' lang='grc' dir='ltr'><strong>μητρὶ⁵</strong></span> <span class='ocrx_word' id='word_1_368' title='bbox 1385 4240 1678 4311; x_wconf 86' lang='grc' dir='ltr'>μετεδίδου,</span> <span class='ocrx_word' id='word_1_369' title='bbox 1708 4242 1803 4295; x_wconf 79' lang='grc' dir='ltr'><strong>καὶ</strong></span> 
     </span>
    </p>
   </div>
   <div class='ocr_carea' id='block_1_56' title="bbox 222 4332 1804 4407">
    <p class='ocr_par' dir='ltr' id='par_1_56' title="bbox 222 4332 1804 4407">
     <span class='ocr_line' id='line_1_56' title="bbox 222 4332 1804 4407; baseline -0.003 -17"><span class='ocrx_word' id='word_1_370' title='bbox 222 4334 425 4390; x_wconf 75' lang='grc' dir='ltr'>ἀνεϐόα</span> <span class='ocrx_word' id='word_1_371' title='bbox 458 4332 809 4405; x_wconf 82' lang='grc' dir='ltr'>προφητικῶς</span> <span class='ocrx_word' id='word_1_372' title='bbox 834 4334 868 4404; x_wconf 82' lang='grc' dir='ltr'><strong>ἠ</strong></span> <span class='ocrx_word' id='word_1_373' title='bbox 914 4332 1195 4387; x_wconf 78' lang='grc' dir='ltr'>Ἐλισάόετ</span> <span class='ocrx_word' id='word_1_374' title='bbox 1225 4332 1313 4387; x_wconf 86' lang='grc' dir='ltr'>διὰ</span> <span class='ocrx_word' id='word_1_375' title='bbox 1345 4333 1405 4386; x_wconf 83' lang='grc' dir='ltr'><strong>τὸ</strong></span> <span class='ocrx_word' id='word_1_376' title='bbox 1434 4333 1804 4407; x_wconf 84' lang='grc' dir='ltr'>κυοφορούμε-</span> 
     </span>
    </p>
   </div>
   <div class='ocr_carea' id='block_1_57' title="bbox 222 4425 1799 4500">
    <p class='ocr_par' dir='ltr' id='par_1_57' title="bbox 222 4425 1799 4500">
     <span class='ocr_line' id='line_1_57' title="bbox 222 4425 1799 4500; baseline -0.002 -17"><span class='ocrx_word' id='word_1_377' title='bbox 222 4446 314 4484; x_wconf 89' lang='grc' dir='ltr'><strong>νον</strong></span> <span class='ocrx_word' id='word_1_378' title='bbox 342 4430 400 4482; x_wconf 78' lang='grc' dir='ltr'>ἐν</span> <span class='ocrx_word' id='word_1_379' title='bbox 425 4429 561 4498; x_wconf 79' lang='grc' dir='ltr'>αὐτῇ</span> <span class='ocrx_word' id='word_1_380' title='bbox 598 4427 817 4500; x_wconf 77' lang='grc' dir='ltr'>βρέφος,</span> <span class='ocrx_word' id='word_1_381' title='bbox 853 4425 947 4479; x_wconf 77' lang='grc' dir='ltr'><strong>καὶ</strong></span> <span class='ocrx_word' id='word_1_382' title='bbox 975 4425 1128 4494; x_wconf 80' lang='grc' dir='ltr'>ἔλεγε</span> <span class='ocrx_word' id='word_1_383' title='bbox 1162 4428 1228 4498; x_wconf 81' lang='grc' dir='ltr'>τῇ</span> <span class='ocrx_word' id='word_1_384' title='bbox 1270 4426 1564 4498; x_wconf 81' lang='grc' dir='ltr'><strong>Παρθένῳ·</strong></span> <span class='ocrx_word' id='word_1_385' title='bbox 1605 4428 1799 4481; x_wconf 78' lang='grc' dir='ltr'><strong>Εὐλο-</strong></span> 
     </span>
    </p>
   </div>
   <div class='ocr_carea' id='block_1_58' title="bbox 220 4517 1801 4590">
    <p class='ocr_par' dir='ltr' id='par_1_58' title="bbox 220 4517 1801 4590">
     <span class='ocr_line' id='line_1_58' title="bbox 220 4517 1801 4590; baseline -0.003 -17"><span class='ocrx_word' id='word_1_386' title='bbox 220 4518 451 4590; x_wconf 73' lang='grc' dir='ltr'>γημένη</span> <span class='ocrx_word' id='word_1_387' title='bbox 484 4518 565 4572; x_wconf 85' lang='grc' dir='ltr'>σὺ</span> <span class='ocrx_word' id='word_1_388' title='bbox 591 4520 662 4572; x_wconf 89' lang='grc' dir='ltr'><strong>ἐν</strong></span> <span class='ocrx_word' id='word_1_389' title='bbox 700 4517 955 4588; x_wconf 72' lang='grc' dir='ltr'>γυναιξίο</span> <span class='ocrx_word' id='word_1_390' title='bbox 986 4517 1214 4587; x_wconf 81' lang='grc' dir='ltr'>οὐδεμία</span> <span class='ocrx_word' id='word_1_391' title='bbox 1250 4518 1360 4588; x_wconf 73' lang='grc' dir='ltr'>γὰρ</span> <span class='ocrx_word' id='word_1_392' title='bbox 1400 4518 1498 4587; x_wconf 83' lang='grc' dir='ltr'>τῆς</span> <span class='ocrx_word' id='word_1_393' title='bbox 1546 4517 1801 4589; x_wconf 87' lang='grc' dir='ltr'>τοιαύτης</span> 
     </span>
    </p>
   </div>
   <div class='ocr_carea' id='block_1_59' title="bbox 223 4607 1801 4683">
    <p class='ocr_par' dir='ltr' id='par_1_59' title="bbox 223 4607 1801 4683">
     <span class='ocr_line' id='line_1_59' title="bbox 223 4607 1801 4683; baseline 0.001 -19"><span class='ocrx_word' id='word_1_394' title='bbox 223 4611 445 4683; x_wconf 83' lang='grc' dir='ltr'>χάριτος</span> <span class='ocrx_word' id='word_1_395' title='bbox 483 4608 737 4673; x_wconf 80' lang='grc' dir='ltr'>κοινωνὸς</span> <span class='ocrx_word' id='word_1_396' title='bbox 773 4607 896 4662; x_wconf 70' lang='grc' dir='ltr'>οὔτε</span> <span class='ocrx_word' id='word_1_397' title='bbox 931 4608 1173 4678; x_wconf 87' lang='grc' dir='ltr'>γέγονεν,</span> <span class='ocrx_word' id='word_1_398' title='bbox 1204 4607 1326 4662; x_wconf 76' lang='grc' dir='ltr'>οὗτε</span> <span class='ocrx_word' id='word_1_399' title='bbox 1358 4609 1612 4678; x_wconf 83' lang='grc' dir='ltr'>γενέσθαι</span> <span class='ocrx_word' id='word_1_400' title='bbox 1641 4609 1801 4665; x_wconf 90' lang='grc' dir='ltr'>δύνα-</span> 
     </span>
    </p>
   </div>
   <div class='ocr_carea' id='block_1_60' title="bbox 221 4694 1797 4774">
    <p class='ocr_par' dir='ltr' id='par_1_60' title="bbox 221 4694 1797 4774">
     <span class='ocr_line' id='line_1_60' title="bbox 221 4694 1797 4774; baseline 0.001 -17"><span class='ocrx_word' id='word_1_401' title='bbox 221 4719 347 4758; x_wconf 82' lang='grc' dir='ltr'>ται⁶</span> <span class='ocrx_word' id='word_1_402' title='bbox 381 4703 440 4759; x_wconf 75' lang='grc' dir='ltr'>ἓν</span> <span class='ocrx_word' id='word_1_403' title='bbox 475 4703 587 4774; x_wconf 81' lang='grc' dir='ltr'><strong>γὰρ</strong></span> <span class='ocrx_word' id='word_1_404' title='bbox 617 4702 677 4755; x_wconf 72' lang='grc' dir='ltr'>τὸ</span> <span class='ocrx_word' id='word_1_405' title='bbox 703 4700 846 4755; x_wconf 85' lang='grc' dir='ltr'>θεῖον</span> <span class='ocrx_word' id='word_1_406' title='bbox 880 4701 1090 4772; x_wconf 83' lang='grc' dir='ltr'>κύημα,</span> <span class='ocrx_word' id='word_1_407' title='bbox 1124 4694 1205 4764; x_wconf 73' lang='grc' dir='ltr'>εἷς</span> <span class='ocrx_word' id='word_1_408' title='bbox 1234 4702 1262 4754; x_wconf 85' lang='grc' dir='ltr'><strong>ό</strong></span> <span class='ocrx_word' id='word_1_409' title='bbox 1309 4700 1451 4765; x_wconf 85' lang='grc' dir='ltr'>θεῖος</span> <span class='ocrx_word' id='word_1_410' title='bbox 1491 4702 1668 4771; x_wconf 85' lang='grc' dir='ltr'>τόκος,</span> <span class='ocrx_word' id='word_1_411' title='bbox 1704 4706 1797 4758; x_wconf 80' lang='grc' dir='ltr'><strong>καὶ</strong></span> 
     </span>
    </p>
   </div>
   <div class='ocr_carea' id='block_1_61' title="bbox 226 4793 1797 4869">
    <p class='ocr_par' dir='ltr' id='par_1_61' title="bbox 226 4793 1797 4869">
     <span class='ocr_line' id='line_1_61' title="bbox 226 4793 1797 4869; baseline 0.001 -21"><span class='ocrx_word' id='word_1_412' title='bbox 226 4796 326 4867; x_wconf 89' lang='grc' dir='ltr'><strong>μία</strong></span> <span class='ocrx_word' id='word_1_413' title='bbox 342 4798 376 4868; x_wconf 76' lang='grc' dir='ltr'><strong>ἡ</strong></span> <span class='ocrx_word' id='word_1_414' title='bbox 398 4796 701 4866; x_wconf 82' lang='grc' dir='ltr'>γεννήσασα</span> <span class='ocrx_word' id='word_1_415' title='bbox 724 4794 815 4849; x_wconf 84' lang='grc' dir='ltr'><strong>τὸν</strong></span> <span class='ocrx_word' id='word_1_416' title='bbox 835 4793 1202 4866; x_wconf 81' lang='grc' dir='ltr'>θεάνθρωπον.</span> <span class='ocrx_word' id='word_1_417' title='bbox 1218 4794 1283 4847; x_wconf 89' lang='grc' dir='ltr'><strong>Τί</strong></span> <span class='ocrx_word' id='word_1_418' title='bbox 1310 4810 1399 4865; x_wconf 89' lang='grc' dir='ltr'><strong>μοι</strong></span> <span class='ocrx_word' id='word_1_419' title='bbox 1414 4794 1591 4848; x_wconf 88' lang='grc' dir='ltr'>τοίνυν</span> <span class='ocrx_word' id='word_1_420' title='bbox 1608 4794 1797 4869; x_wconf 85' lang='grc' dir='ltr'>πρώτη</span> 
     </span>
    </p>
   </div>
   <div class='ocr_carea' id='block_1_62' title="bbox 223 4886 1800 4963">
    <p class='ocr_par' dir='ltr' id='par_1_62' title="bbox 223 4886 1800 4963">
     <span class='ocr_line' id='line_1_62' title="bbox 223 4886 1800 4963; baseline 0 -20"><span class='ocrx_word' id='word_1_421' title='bbox 223 4888 657 4963; x_wconf 84' lang='grc' dir='ltr'>προαγορεύεις;</span> <span class='ocrx_word' id='word_1_422' title='bbox 698 4890 790 4960; x_wconf 82' lang='grc' dir='ltr'><strong>Μὴ</strong></span> <span class='ocrx_word' id='word_1_423' title='bbox 830 4888 941 4959; x_wconf 84' lang='grc' dir='ltr'><strong>γὰρ</strong></span> <span class='ocrx_word' id='word_1_424' title='bbox 984 4886 1095 4957; x_wconf 74' lang='grc' dir='ltr'><strong>ἐγώ</strong></span> <span class='ocrx_word' id='word_1_425' title='bbox 1120 4888 1298 4959; x_wconf 84' lang='grc' dir='ltr'>είμιή</span> <span class='ocrx_word' id='word_1_426' title='bbox 1334 4889 1423 4942; x_wconf 84' lang='grc' dir='ltr'><strong>τὸν</strong></span> <span class='ocrx_word' id='word_1_427' title='bbox 1456 4889 1686 4962; x_wconf 81' lang='grc' dir='ltr'>Σωτῆρα</span> <span class='ocrx_word' id='word_1_428' title='bbox 1720 4890 1800 4943; x_wconf 90' lang='grc' dir='ltr'>τί-</span> 
     </span>
    </p>
   </div>
   <div class='ocr_carea' id='block_1_63' title="bbox 221 4978 1798 5054">
    <p class='ocr_par' dir='ltr' id='par_1_63' title="bbox 221 4978 1798 5054">
     <span class='ocr_line' id='line_1_63' title="bbox 221 4978 1798 5054; baseline 0 -19"><span class='ocrx_word' id='word_1_429' title='bbox 221 4997 468 5046; x_wconf 84' lang='grc' dir='ltr'>κτουσα;</span> <span class='ocrx_word' id='word_1_430' title='bbox 514 4981 711 5053; x_wconf 81' lang='grc' dir='ltr'>Ἐχρῆν</span> <span class='ocrx_word' id='word_1_431' title='bbox 736 4980 833 5051; x_wconf 77' lang='grc' dir='ltr'>ἐμὲ</span> <span class='ocrx_word' id='word_1_432' title='bbox 858 4980 997 5052; x_wconf 86' lang='grc' dir='ltr'>πρὸς</span> <span class='ocrx_word' id='word_1_433' title='bbox 1035 4978 1093 5034; x_wconf 84' lang='grc' dir='ltr'>σὲ</span> <span class='ocrx_word' id='word_1_434' title='bbox 1127 4979 1551 5051; x_wconf 86' lang='grc' dir='ltr'>παραγενέσθαι,</span> <span class='ocrx_word' id='word_1_435' title='bbox 1592 4980 1657 5033; x_wconf 80' lang='grc' dir='ltr'><strong>σὺ</strong></span> <span class='ocrx_word' id='word_1_436' title='bbox 1688 4980 1798 5054; x_wconf 79' lang='grc' dir='ltr'>γὰρ</span> 
     </span>
    </p>
   </div>
   <div class='ocr_carea' id='block_1_64' title="bbox 221 5070 1796 5145">
    <p class='ocr_par' dir='ltr' id='par_1_64' title="bbox 221 5070 1796 5145">
     <span class='ocr_line' id='line_1_64' title="bbox 221 5070 1796 5145; baseline -0.001 -18"><span class='ocrx_word' id='word_1_437' title='bbox 221 5074 363 5145; x_wconf 82' lang='grc' dir='ltr'>ὑπὲρ</span> <span class='ocrx_word' id='word_1_438' title='bbox 404 5073 579 5137; x_wconf 82' lang='grc' dir='ltr'>πάσας</span> <span class='ocrx_word' id='word_1_439' title='bbox 620 5071 719 5136; x_wconf 76' lang='grc' dir='ltr'>τὰς</span> <span class='ocrx_word' id='word_1_440' title='bbox 760 5073 1025 5140; x_wconf 79' lang='grc' dir='ltr'>γυναῖκας</span> <span class='ocrx_word' id='word_1_441' title='bbox 1069 5070 1410 5143; x_wconf 81' lang='grc' dir='ltr'>εὐλογημένη</span> <span class='ocrx_word' id='word_1_442' title='bbox 1437 5088 1449 5101; x_wconf 90' lang='grc'><strong>·</strong></span> <span class='ocrx_word' id='word_1_443' title='bbox 1502 5072 1566 5125; x_wconf 79' lang='grc' dir='ltr'><strong>σὺ</strong></span> <span class='ocrx_word' id='word_1_444' title='bbox 1613 5073 1796 5145; x_wconf 86' lang='grc' dir='ltr'>μήτηρ</span> 
     </span>
    </p>
   </div>
   <div class='ocr_carea' id='block_1_65' title="bbox 219 5162 1795 5237">
    <p class='ocr_par' dir='ltr' id='par_1_65' title="bbox 219 5162 1795 5237">
     <span class='ocr_line' id='line_1_65' title="bbox 219 5162 1795 5237; baseline -0.001 -19"><span class='ocrx_word' id='word_1_445' title='bbox 219 5165 315 5219; x_wconf 88' lang='grc' dir='ltr'><strong>τοῦ</strong></span> <span class='ocrx_word' id='word_1_446' title='bbox 343 5164 548 5237; x_wconf 82' lang='grc' dir='ltr'>Κυρίου</span> <span class='ocrx_word' id='word_1_447' title='bbox 594 5180 723 5235; x_wconf 68' lang='grc' dir='ltr'>μου*</span> <span class='ocrx_word' id='word_1_448' title='bbox 759 5164 823 5216; x_wconf 80' lang='grc' dir='ltr'><strong>σὺ</strong></span> <span class='ocrx_word' id='word_1_449' title='bbox 854 5163 961 5235; x_wconf 79' lang='grc' dir='ltr'><strong>ἐμὴ</strong></span> <span class='ocrx_word' id='word_1_450' title='bbox 1009 5163 1191 5235; x_wconf 86' lang='grc' dir='ltr'>Κυρία</span> <span class='ocrx_word' id='word_1_451' title='bbox 1228 5164 1262 5233; x_wconf 80' lang='grc' dir='ltr'><strong>ἡ</strong></span> <span class='ocrx_word' id='word_1_452' title='bbox 1299 5163 1398 5234; x_wconf 80' lang='grc' dir='ltr'>τῆς</span> <span class='ocrx_word' id='word_1_453' title='bbox 1428 5162 1671 5235; x_wconf 86' lang='grc' dir='ltr'>κατάρας</span> <span class='ocrx_word' id='word_1_454' title='bbox 1696 5164 1795 5236; x_wconf 79' lang='grc' dir='ltr'>τὴν</span> 
     </span>
    </p>
   </div>
   <div class='ocr_carea' id='block_1_66' title="bbox 220 5250 1794 5324">
    <p class='ocr_par' dir='ltr' id='par_1_66' title="bbox 220 5250 1794 5324">
     <span class='ocr_line' id='line_1_66' title="bbox 220 5250 1794 5324; baseline -0.001 -16"><span class='ocrx_word' id='word_1_455' title='bbox 220 5255 377 5308; x_wconf 88' lang='grc' dir='ltr'>λύσιν</span> <span class='ocrx_word' id='word_1_456' title='bbox 420 5253 779 5324; x_wconf 76' lang='grc' dir='ltr'>βαστάζουσα.</span> <span class='ocrx_word' id='word_1_457' title='bbox 813 5252 1085 5323; x_wconf 83' lang='grc' dir='ltr'>Σύμφωνα</span> <span class='ocrx_word' id='word_1_458' title='bbox 1108 5251 1187 5323; x_wconf 81' lang='grc' dir='ltr'><strong>τῷ</strong></span> <span class='ocrx_word' id='word_1_459' title='bbox 1215 5251 1316 5322; x_wconf 86' lang='grc' dir='ltr'>υἱῷ</span> <span class='ocrx_word' id='word_1_460' title='bbox 1336 5250 1666 5320; x_wconf 84' lang='grc' dir='ltr'>φθέγγεται·</span> <span class='ocrx_word' id='word_1_461' title='bbox 1700 5255 1794 5307; x_wconf 70' lang='grc' dir='ltr'><strong>καὶ</strong></span> 
     </span>
    </p>
   </div>
   <div class='ocr_carea' id='block_1_67' title="bbox 218 5343 1794 5417">
    <p class='ocr_par' dir='ltr' id='par_1_67' title="bbox 218 5343 1794 5417">
     <span class='ocr_line' id='line_1_67' title="bbox 218 5343 1794 5417; baseline -0.001 -18"><span class='ocrx_word' id='word_1_462' title='bbox 218 5345 329 5417; x_wconf 77' lang='grc' dir='ltr'>γὰρ</span> <span class='ocrx_word' id='word_1_463' title='bbox 356 5348 387 5399; x_wconf 82' lang='grc' dir='ltr'><strong>ὁ</strong></span> <span class='ocrx_word' id='word_1_464' title='bbox 422 5345 674 5416; x_wconf 74' lang='grc' dir='ltr'>Ἰωάννης</span> <span class='ocrx_word' id='word_1_465' title='bbox 703 5344 919 5411; x_wconf 75' lang='grc' dir='ltr'>ἀνάξιον</span> <span class='ocrx_word' id='word_1_466' title='bbox 947 5344 1137 5398; x_wconf 77' lang='grc' dir='ltr'>ἑαυτὸν</span> <span class='ocrx_word' id='word_1_467' title='bbox 1156 5343 1255 5414; x_wconf 82' lang='grc' dir='ltr'><strong>τῆς</strong></span> <span class='ocrx_word' id='word_1_468' title='bbox 1286 5344 1421 5414; x_wconf 81' lang='grc' dir='ltr'>πρὸς</span> <span class='ocrx_word' id='word_1_469' title='bbox 1442 5344 1533 5397; x_wconf 83' lang='grc' dir='ltr'><strong>τὸν</strong></span> <span class='ocrx_word' id='word_1_470' title='bbox 1562 5344 1794 5415; x_wconf 83' lang='grc' dir='ltr'>Χριστὸν</span> 
     </span>
    </p>
   </div>
   <div class='ocr_carea' id='block_1_68' title="bbox 220 5432 1851 5506">
    <p class='ocr_par' dir='ltr' id='par_1_68' title="bbox 220 5432 1851 5506">
     <span class='ocr_line' id='line_1_68' title="bbox 220 5432 1851 5506; baseline 0.002 -20"><span class='ocrx_word' id='word_1_471' title='bbox 220 5435 619 5506; x_wconf 80' lang='grc' dir='ltr'>παραστάσεως</span> <span class='ocrx_word' id='word_1_472' title='bbox 662 5435 835 5503; x_wconf 79' lang='grc' dir='ltr'>ἔλεγε,</span> <span class='ocrx_word' id='word_1_473' title='bbox 870 5434 965 5489; x_wconf 75' lang='grc' dir='ltr'>καὶ</span> <span class='ocrx_word' id='word_1_474' title='bbox 1002 5434 1140 5505; x_wconf 83' lang='grc' dir='ltr'>αῦτη</span> <span class='ocrx_word' id='word_1_475' title='bbox 1190 5432 1388 5505; x_wconf 77' lang='grc' dir='ltr'>ἑαυτὴν</span> <span class='ocrx_word' id='word_1_476' title='bbox 1430 5433 1654 5499; x_wconf 81' lang='grc' dir='ltr'>ἀναξίαν</span> <span class='ocrx_word' id='word_1_477' title='bbox 1695 5433 1795 5505; x_wconf 84' lang='grc' dir='ltr'>τῆς</span> <span class='ocrx_word' id='word_1_478' title='bbox 1841 5455 1851 5461; x_wconf 70' lang='grc'><em>’</em></span> 
     </span>
    </p>
   </div>
   <div class='ocr_carea' id='block_1_69' title="bbox 218 5522 1794 5598">
    <p class='ocr_par' dir='ltr' id='par_1_69' title="bbox 218 5522 1794 5598">
     <span class='ocr_line' id='line_1_69' title="bbox 218 5522 1794 5598; baseline -0.001 -18"><span class='ocrx_word' id='word_1_479' title='bbox 218 5525 518 5598; x_wconf 85' lang='grc' dir='ltr'>παρουσίας</span> <span class='ocrx_word' id='word_1_480' title='bbox 555 5526 655 5595; x_wconf 82' lang='grc' dir='ltr'>τῆς</span> <span class='ocrx_word' id='word_1_481' title='bbox 697 5524 993 5598; x_wconf 84' lang='grc' dir='ltr'>Παρθένου.</span> <span class='ocrx_word' id='word_1_482' title='bbox 1032 5526 1097 5579; x_wconf 88' lang='grc' dir='ltr'>Τί</span> <span class='ocrx_word' id='word_1_483' title='bbox 1133 5542 1246 5597; x_wconf 91' lang='grc' dir='ltr'>μοι,</span> <span class='ocrx_word' id='word_1_484' title='bbox 1290 5523 1445 5596; x_wconf 73' lang='grc' dir='ltr'>φησὶ,</span> <span class='ocrx_word' id='word_1_485' title='bbox 1476 5522 1794 5596; x_wconf 86' lang='grc' dir='ltr'>τηλικοῦτον</span> 
     </span>
    </p>
   </div>
   <div class='ocr_carea' id='block_1_70' title="bbox 218 5616 1792 5691">
    <p class='ocr_par' dir='ltr' id='par_1_70' title="bbox 218 5616 1792 5691">
     <span class='ocr_line' id='line_1_70' title="bbox 218 5616 1792 5691; baseline 0 -20"><span class='ocrx_word' id='word_1_486' title='bbox 218 5617 535 5691; x_wconf 84' lang='grc' dir='ltr'>πέπρακται</span> <span class='ocrx_word' id='word_1_487' title='bbox 580 5617 806 5686; x_wconf 80' lang='grc' dir='ltr'>ἀγαθὸν,</span> <span class='ocrx_word' id='word_1_488' title='bbox 856 5616 943 5670; x_wconf 74' lang='grc' dir='ltr'>ἵνα</span> <span class='ocrx_word' id='word_1_489' title='bbox 990 5617 1024 5687; x_wconf 78' lang='grc' dir='ltr'>ἡ</span> <span class='ocrx_word' id='word_1_490' title='bbox 1086 5618 1267 5690; x_wconf 85' lang='grc' dir='ltr'>μήτηρ</span> <span class='ocrx_word' id='word_1_491' title='bbox 1300 5616 1393 5671; x_wconf 89' lang='grc' dir='ltr'><strong>τοῦ</strong></span> <span class='ocrx_word' id='word_1_492' title='bbox 1435 5618 1643 5689; x_wconf 86' lang='grc' dir='ltr'>Κυρίου</span> <span class='ocrx_word' id='word_1_493' title='bbox 1691 5633 1792 5688; x_wconf 87' lang='grc' dir='ltr'><strong>μου</strong></span> 
     </span>
    </p>
   </div>
   <div class='ocr_carea' id='block_1_71' title="bbox 288 5836 1142 5904">
    <p class='ocr_par' dir='ltr' id='par_1_71' title="bbox 288 5836 1142 5904">
     <span class='ocr_line' id='line_1_71' title="bbox 288 5836 1142 5904; baseline -0.005 -9"><span class='ocrx_word' id='word_1_494' title='bbox 288 5839 310 5871; x_wconf 82' lang='grc'><strong><em>⁵</em></strong></span> <span class='ocrx_word' id='word_1_495' title='bbox 341 5836 496 5895; x_wconf 80' lang='lat' dir='ltr'><strong>Joan.</strong></span> <span class='ocrx_word' id='word_1_496' title='bbox 527 5854 566 5904; x_wconf 84' lang='grc' dir='ltr'>ι.</span> <span class='ocrx_word' id='word_1_497' title='bbox 588 5838 680 5895; x_wconf 77' lang='lat'><strong>9.9.</strong></span> <span class='ocrx_word' id='word_1_498' title='bbox 756 5838 776 5870; x_wconf 73' lang='grc'>⁸</span> <span class='ocrx_word' id='word_1_499' title='bbox 806 5837 939 5894; x_wconf 81' lang='lat' dir='ltr'><strong>Luc.</strong></span> <span class='ocrx_word' id='word_1_500' title='bbox 981 5853 1021 5903; x_wconf 86' lang='grc' dir='ltr'><strong>ι,</strong></span> <span class='ocrx_word' id='word_1_501' title='bbox 1053 5836 1142 5891; x_wconf 69' lang='grc'><strong>42.</strong></span> 
     </span>
    </p>
   </div>
   <div class='ocr_carea' id='block_1_72' title="bbox 1905 3878 3478 3951">
    <p class='ocr_par' dir='ltr' id='par_1_72' title="bbox 1905 3878 3478 3951">
     <span class='ocr_line' id='line_1_72' title="bbox 1905 3878 3478 3951; baseline 0.003 -17"><span class='ocrx_word' id='word_1_502' title='bbox 1905 3878 2162 3945; x_wconf 77' lang='lat' dir='ltr'><strong>Joannes,</strong></span> <span class='ocrx_word' id='word_1_503' title='bbox 2211 3890 2496 3950; x_wconf 88' lang='lat' dir='ltr'><strong>propterea</strong></span> <span class='ocrx_word' id='word_1_504' title='bbox 2543 3882 2685 3951; x_wconf 89' lang='lat' dir='ltr'><strong>quod</strong></span> <span class='ocrx_word' id='word_1_505' title='bbox 2716 3882 3001 3951; x_wconf 78' lang='lat' dir='ltr'><strong>proximus</strong></span> <span class='ocrx_word' id='word_1_506' title='bbox 3044 3891 3191 3937; x_wconf 89' lang='lat' dir='ltr'><strong>esset</strong></span> <span class='ocrx_word' id='word_1_507' title='bbox 3222 3883 3478 3939; x_wconf 86' lang='lat' dir='ltr'><strong>adventui</strong></span> 
     </span>
    </p>
   </div>
   <div class='ocr_carea' id='block_1_73' title="bbox 1903 3968 3483 4039">
    <p class='ocr_par' dir='ltr' id='par_1_73' title="bbox 1903 3968 3483 4039">
     <span class='ocr_line' id='line_1_73' title="bbox 1903 3968 3483 4039; baseline 0 -15"><span class='ocrx_word' id='word_1_508' title='bbox 1903 3970 2107 4025; x_wconf 87' lang='lat' dir='ltr'><strong>Christi</strong></span> <span class='ocrx_word' id='word_1_509' title='bbox 2138 3980 2192 4024; x_wconf 90' lang='lat' dir='ltr'><strong>et</strong></span> <span class='ocrx_word' id='word_1_510' title='bbox 2220 3969 2341 4039; x_wconf 81' lang='lat' dir='ltr'><strong>ejus</strong></span> <span class='ocrx_word' id='word_1_511' title='bbox 2378 3983 2683 4039; x_wconf 62' lang='lat' dir='ltr'><strong>praecursor</strong></span> <span class='ocrx_word' id='word_1_512' title='bbox 2711 3985 2728 4024; x_wconf 86' lang='lat'><strong>;</strong></span> <span class='ocrx_word' id='word_1_513' title='bbox 2751 3984 2859 4023; x_wconf 90' lang='lat' dir='ltr'><strong>non</strong></span> <span class='ocrx_word' id='word_1_514' title='bbox 2894 3970 3038 4022; x_wconf 89' lang='lat' dir='ltr'><strong>enim</strong></span> <span class='ocrx_word' id='word_1_515' title='bbox 3066 3969 3218 4038; x_wconf 89' lang='lat' dir='ltr'><strong>prius</strong></span> <span class='ocrx_word' id='word_1_516' title='bbox 3244 3968 3483 4038; x_wconf 88' lang='lat' dir='ltr'><strong>repletus</strong></span> 
     </span>
    </p>
   </div>
   <div class='ocr_carea' id='block_1_74' title="bbox 1902 4059 3482 4130">
    <p class='ocr_par' dir='ltr' id='par_1_74' title="bbox 1902 4059 3482 4130">
     <span class='ocr_line' id='line_1_74' title="bbox 1902 4059 3482 4130; baseline -0.002 -13"><span class='ocrx_word' id='word_1_517' title='bbox 1902 4069 1987 4117; x_wconf 88' lang='lat' dir='ltr'><strong>est</strong></span> <span class='ocrx_word' id='word_1_518' title='bbox 2008 4060 2215 4130; x_wconf 84' lang='lat' dir='ltr'><strong>Spiritu</strong></span> <span class='ocrx_word' id='word_1_519' title='bbox 2257 4071 2468 4126; x_wconf 85' lang='lat' dir='ltr'><strong>sancto,</strong></span> <span class='ocrx_word' id='word_1_520' title='bbox 2499 4075 2660 4129; x_wconf 91' lang='lat' dir='ltr'><strong>quam</strong></span> <span class='ocrx_word' id='word_1_521' title='bbox 2689 4059 2970 4114; x_wconf 83' lang='lat' dir='ltr'><strong>adveniret</strong></span> <span class='ocrx_word' id='word_1_522' title='bbox 2998 4059 3085 4113; x_wconf 85' lang='lat' dir='ltr'><strong>illa</strong></span> <span class='ocrx_word' id='word_1_523' title='bbox 3114 4073 3236 4129; x_wconf 66' lang='lat' dir='ltr'><strong>qua:</strong></span> <span class='ocrx_word' id='word_1_524' title='bbox 3259 4059 3482 4114; x_wconf 86' lang='lat' dir='ltr'><strong>Christo</strong></span> 
     </span>
    </p>
   </div>
   <div class='ocr_carea' id='block_1_75' title="bbox 1904 4148 3482 4224">
    <p class='ocr_par' dir='ltr' id='par_1_75' title="bbox 1904 4148 3482 4224">
     <span class='ocr_line' id='line_1_75' title="bbox 1904 4148 3482 4224; baseline -0.001 -16"><span class='ocrx_word' id='word_1_525' title='bbox 1904 4153 2127 4224; x_wconf 88' lang='lat' dir='ltr'><strong>gravida</strong></span> <span class='ocrx_word' id='word_1_526' title='bbox 2169 4164 2306 4208; x_wconf 89' lang='lat' dir='ltr'><strong>erat.</strong></span> <span class='ocrx_word' id='word_1_527' title='bbox 2353 4150 2509 4208; x_wconf 91' lang='lat' dir='ltr'><strong>Tunc</strong></span> <span class='ocrx_word' id='word_1_528' title='bbox 2556 4160 2738 4207; x_wconf 89' lang='lat' dir='ltr'><strong>autem</strong></span> <span class='ocrx_word' id='word_1_529' title='bbox 2790 4158 2844 4206; x_wconf 90' lang='lat' dir='ltr'><strong>et</strong></span> <span class='ocrx_word' id='word_1_530' title='bbox 2890 4152 3131 4222; x_wconf 88' lang='lat' dir='ltr'><strong>repletus</strong></span> <span class='ocrx_word' id='word_1_531' title='bbox 3161 4159 3246 4207; x_wconf 90' lang='lat' dir='ltr'><strong>est</strong></span> <span class='ocrx_word' id='word_1_532' title='bbox 3274 4148 3482 4221; x_wconf 88' lang='lat' dir='ltr'><strong>Spiritu</strong></span> 
     </span>
    </p>
   </div>
   <div class='ocr_carea' id='block_1_76' title="bbox 1904 4242 3480 4313">
    <p class='ocr_par' dir='ltr' id='par_1_76' title="bbox 1904 4242 3480 4313">
     <span class='ocr_line' id='line_1_76' title="bbox 1904 4242 3480 4313; baseline 0 -13"><span class='ocrx_word' id='word_1_533' title='bbox 1904 4256 2114 4312; x_wconf 88' lang='lat' dir='ltr'><strong>sancto,</strong></span> <span class='ocrx_word' id='word_1_534' title='bbox 2158 4252 2215 4299; x_wconf 92' lang='lat' dir='ltr'><strong>et</strong></span> <span class='ocrx_word' id='word_1_535' title='bbox 2261 4244 2574 4308; x_wconf 76' lang='lat' dir='ltr'><strong>exsultavit,</strong></span> <span class='ocrx_word' id='word_1_536' title='bbox 2609 4253 2663 4299; x_wconf 88' lang='lat' dir='ltr'><strong>et</strong></span> <span class='ocrx_word' id='word_1_537' title='bbox 2693 4252 2923 4298; x_wconf 84' lang='lat' dir='ltr'><strong>matrem</strong></span> <span class='ocrx_word' id='word_1_538' title='bbox 2965 4243 3284 4313; x_wconf 85' lang='lat' dir='ltr'><strong>participem</strong></span> <span class='ocrx_word' id='word_1_539' title='bbox 3328 4242 3480 4311; x_wconf 79' lang='lat' dir='ltr'><strong>fecit,</strong></span> 
     </span>
    </p>
   </div>
   <div class='ocr_carea' id='block_1_77' title="bbox 1901 4333 3478 4406">
    <p class='ocr_par' dir='ltr' id='par_1_77' title="bbox 1901 4333 3478 4406">
     <span class='ocr_line' id='line_1_77' title="bbox 1901 4333 3478 4406; baseline 0.001 -16"><span class='ocrx_word' id='word_1_540' title='bbox 1901 4344 1957 4390; x_wconf 91' lang='lat' dir='ltr'><strong>et</strong></span> <span class='ocrx_word' id='word_1_541' title='bbox 1994 4337 2321 4391; x_wconf 84' lang='lat' dir='ltr'><strong>exclamavit</strong></span> <span class='ocrx_word' id='word_1_542' title='bbox 2368 4336 2683 4406; x_wconf 86' lang='lat' dir='ltr'><strong>pr0phetice</strong></span> <span class='ocrx_word' id='word_1_543' title='bbox 2733 4333 3010 4390; x_wconf 79' lang='lat' dir='ltr'><strong>Elisabeth</strong></span> <span class='ocrx_word' id='word_1_544' title='bbox 3051 4344 3275 4405; x_wconf 88' lang='lat' dir='ltr'><strong>propter</strong></span> <span class='ocrx_word' id='word_1_545' title='bbox 3324 4334 3478 4391; x_wconf 90' lang='lat' dir='ltr'><strong>illum</strong></span> 
     </span>
    </p>
   </div>
   <div class='ocr_carea' id='block_1_78' title="bbox 1902 4424 3475 4497">
    <p class='ocr_par' dir='ltr' id='par_1_78' title="bbox 1902 4424 3475 4497">
     <span class='ocr_line' id='line_1_78' title="bbox 1902 4424 3475 4497; baseline 0.002 -16"><span class='ocrx_word' id='word_1_546' title='bbox 1902 4443 2064 4497; x_wconf 88' lang='lat' dir='ltr'><strong>quem</strong></span> <span class='ocrx_word' id='word_1_547' title='bbox 2110 4428 2164 4481; x_wconf 89' lang='lat' dir='ltr'><strong>in</strong></span> <span class='ocrx_word' id='word_1_548' title='bbox 2210 4436 2366 4482; x_wconf 89' lang='lat' dir='ltr'><strong>utero</strong></span> <span class='ocrx_word' id='word_1_549' title='bbox 2391 4426 2613 4497; x_wconf 82' lang='lat' dir='ltr'><strong>gerebat</strong></span> <span class='ocrx_word' id='word_1_550' title='bbox 2641 4424 2925 4490; x_wconf 83' lang='lat' dir='ltr'><strong>infantem,</strong></span> <span class='ocrx_word' id='word_1_551' title='bbox 2958 4432 3013 4479; x_wconf 89' lang='lat' dir='ltr'><strong>et</strong></span> <span class='ocrx_word' id='word_1_552' title='bbox 3049 4425 3187 4481; x_wconf 76' lang='lat' dir='ltr'><strong>dixit</strong></span> <span class='ocrx_word' id='word_1_553' title='bbox 3217 4424 3421 4496; x_wconf 82' lang='lat' dir='ltr'><strong>Virgini</strong></span> <span class='ocrx_word' id='word_1_554' title='bbox 3456 4443 3475 4484; x_wconf 89' lang='lat'><strong>:</strong></span> 
     </span>
    </p>
   </div>
   <div class='ocr_carea' id='block_1_79' title="bbox 1901 4517 3475 4589">
    <p class='ocr_par' dir='ltr' id='par_1_79' title="bbox 1901 4517 3475 4589">
     <span class='ocr_line' id='line_1_79' title="bbox 1901 4517 3475 4589; baseline 0.001 -16"><span class='ocrx_word' id='word_1_555' title='bbox 1901 4519 2190 4574; x_wconf 83' lang='lat' dir='ltr'><strong>Benedicta</strong></span> <span class='ocrx_word' id='word_1_556' title='bbox 2220 4529 2275 4572; x_wconf 82' lang='lat' dir='ltr'><strong>tu</strong></span> <span class='ocrx_word' id='word_1_557' title='bbox 2333 4520 2387 4572; x_wconf 87' lang='lat' dir='ltr'><strong>in</strong></span> <span class='ocrx_word' id='word_1_558' title='bbox 2444 4517 2752 4572; x_wconf 79' lang='lat' dir='ltr'><strong>mulieribus</strong></span> <span class='ocrx_word' id='word_1_559' title='bbox 2801 4519 2857 4585; x_wconf 60' lang='lat'><strong>3;</strong></span> <span class='ocrx_word' id='word_1_560' title='bbox 2906 4518 3031 4574; x_wconf 91' lang='lat' dir='ltr'><strong>talis</strong></span> <span class='ocrx_word' id='word_1_561' title='bbox 3088 4518 3232 4573; x_wconf 91' lang='lat' dir='ltr'><strong>enim</strong></span> <span class='ocrx_word' id='word_1_562' title='bbox 3287 4519 3475 4589; x_wconf 67' lang='lat' dir='ltr'><strong>gratia:</strong></span> 
     </span>
    </p>
   </div>
   <div class='ocr_carea' id='block_1_80' title="bbox 1899 4608 3472 4683">
    <p class='ocr_par' dir='ltr' id='par_1_80' title="bbox 1899 4608 3472 4683">
     <span class='ocr_line' id='line_1_80' title="bbox 1899 4608 3472 4683; baseline -0.001 -17"><span class='ocrx_word' id='word_1_563' title='bbox 1899 4613 2171 4683; x_wconf 86' lang='lat' dir='ltr'><strong>particeps</strong></span> <span class='ocrx_word' id='word_1_564' title='bbox 2231 4611 2380 4665; x_wconf 90' lang='lat' dir='ltr'><strong>nulla</strong></span> <span class='ocrx_word' id='word_1_565' title='bbox 2438 4624 2679 4680; x_wconf 90' lang='lat' dir='ltr'><strong>unquam</strong></span> <span class='ocrx_word' id='word_1_566' title='bbox 2736 4608 2859 4675; x_wconf 79' lang='lat' dir='ltr'><strong>fuit,</strong></span> <span class='ocrx_word' id='word_1_567' title='bbox 2900 4625 3002 4665; x_wconf 92' lang='lat' dir='ltr'><strong>nec</strong></span> <span class='ocrx_word' id='word_1_568' title='bbox 3062 4624 3184 4665; x_wconf 88' lang='lat' dir='ltr'><strong>esse</strong></span> <span class='ocrx_word' id='word_1_569' title='bbox 3228 4618 3405 4680; x_wconf 87' lang='lat' dir='ltr'><strong>potest</strong></span> <span class='ocrx_word' id='word_1_570' title='bbox 3458 4628 3472 4664; x_wconf 92' lang='lat'>:</span> 
     </span>
    </p>
   </div>
   <div class='ocr_carea' id='block_1_81' title="bbox 1900 4699 3475 4770">
    <p class='ocr_par' dir='ltr' id='par_1_81' title="bbox 1900 4699 3475 4770">
     <span class='ocr_line' id='line_1_81' title="bbox 1900 4699 3475 4770; baseline -0.001 -13"><span class='ocrx_word' id='word_1_571' title='bbox 1900 4702 2098 4759; x_wconf 87' lang='lat' dir='ltr'><strong>unicus</strong></span> <span class='ocrx_word' id='word_1_572' title='bbox 2140 4701 2285 4757; x_wconf 90' lang='lat' dir='ltr'><strong>enim</strong></span> <span class='ocrx_word' id='word_1_573' title='bbox 2327 4713 2411 4757; x_wconf 86' lang='lat' dir='ltr'><strong>est</strong></span> <span class='ocrx_word' id='word_1_574' title='bbox 2454 4700 2669 4754; x_wconf 67' lang='lat' dir='ltr'><strong>divinus</strong></span> <span class='ocrx_word' id='word_1_575' title='bbox 2708 4699 2874 4770; x_wconf 76' lang='lat'><strong>980</strong></span> <span class='ocrx_word' id='word_1_576' title='bbox 2911 4709 3228 4770; x_wconf 74' lang='lat' dir='ltr'><strong>conceptus,</strong></span> <span class='ocrx_word' id='word_1_577' title='bbox 3278 4700 3475 4756; x_wconf 88' lang='lat' dir='ltr'><strong>unicus</strong></span> 
     </span>
    </p>
   </div>
   <div class='ocr_carea' id='block_1_82' title="bbox 1901 4791 3474 4864">
    <p class='ocr_par' dir='ltr' id='par_1_82' title="bbox 1901 4791 3474 4864">
     <span class='ocr_line' id='line_1_82' title="bbox 1901 4791 3474 4864; baseline -0.001 -14"><span class='ocrx_word' id='word_1_578' title='bbox 1901 4795 2122 4852; x_wconf 85' lang='lat' dir='ltr'><strong>divinus</strong></span> <span class='ocrx_word' id='word_1_579' title='bbox 2160 4803 2371 4864; x_wconf 89' lang='lat' dir='ltr'><strong>partus,</strong></span> <span class='ocrx_word' id='word_1_580' title='bbox 2397 4794 2559 4848; x_wconf 85' lang='lat' dir='ltr'><strong>unica</strong></span> <span class='ocrx_word' id='word_1_581' title='bbox 2600 4803 2682 4849; x_wconf 90' lang='lat' dir='ltr'><strong>est</strong></span> <span class='ocrx_word' id='word_1_582' title='bbox 2707 4808 2827 4862; x_wconf 68' lang='lat' dir='ltr'><strong>quae</strong></span> <span class='ocrx_word' id='word_1_583' title='bbox 2868 4795 3055 4863; x_wconf 86' lang='lat' dir='ltr'><strong>genu&#39;t</strong></span> <span class='ocrx_word' id='word_1_584' title='bbox 3086 4791 3254 4847; x_wconf 89' lang='lat' dir='ltr'><strong>Deum</strong></span> <span class='ocrx_word' id='word_1_585' title='bbox 3284 4802 3339 4848; x_wconf 88' lang='lat' dir='ltr'><strong>et</strong></span> <span class='ocrx_word' id='word_1_586' title='bbox 3371 4793 3474 4848; x_wconf 86' lang='lat' dir='ltr'><strong>ho-</strong></span> 
     </span>
    </p>
   </div>
   <div class='ocr_carea' id='block_1_83' title="bbox 1900 4882 3475 4956">
    <p class='ocr_par' dir='ltr' id='par_1_83' title="bbox 1900 4882 3475 4956">
     <span class='ocr_line' id='line_1_83' title="bbox 1900 4882 3475 4956; baseline -0.001 -15"><span class='ocrx_word' id='word_1_587' title='bbox 1900 4887 2125 4942; x_wconf 90' lang='lat' dir='ltr'><strong>minem.</strong></span> <span class='ocrx_word' id='word_1_588' title='bbox 2164 4885 2274 4944; x_wconf 85' lang='lat' dir='ltr'><strong>Cur</strong></span> <span class='ocrx_word' id='word_1_589' title='bbox 2308 4901 2395 4940; x_wconf 90' lang='lat' dir='ltr'><strong>me</strong></span> <span class='ocrx_word' id='word_1_590' title='bbox 2431 4885 2597 4956; x_wconf 87' lang='lat' dir='ltr'><strong>igitur</strong></span> <span class='ocrx_word' id='word_1_591' title='bbox 2626 4884 2773 4956; x_wconf 92' lang='lat' dir='ltr'><strong>prior</strong></span> <span class='ocrx_word' id='word_1_592' title='bbox 2802 4884 3045 4940; x_wconf 87' lang='lat' dir='ltr'><strong>salutas?</strong></span> <span class='ocrx_word' id='word_1_593' title='bbox 3071 4882 3330 4954; x_wconf 88' lang='lat' dir='ltr'><strong>Nunquid</strong></span> <span class='ocrx_word' id='word_1_594' title='bbox 3370 4899 3475 4955; x_wconf 86' lang='lat' dir='ltr'><strong>ego</strong></span> 
     </span>
    </p>
   </div>
   <div class='ocr_carea' id='block_1_84' title="bbox 1900 4976 3474 5051">
    <p class='ocr_par' dir='ltr' id='par_1_84' title="bbox 1900 4976 3474 5051">
     <span class='ocr_line' id='line_1_84' title="bbox 1900 4976 3474 5051; baseline -0.003 -15"><span class='ocrx_word' id='word_1_595' title='bbox 1900 4997 2021 5036; x_wconf 91' lang='lat' dir='ltr'><strong>sum</strong></span> <span class='ocrx_word' id='word_1_596' title='bbox 2060 4996 2182 5051; x_wconf 65' lang='lat' dir='ltr'><strong>qua:</strong></span> <span class='ocrx_word' id='word_1_597' title='bbox 2226 4977 2563 5035; x_wconf 85' lang='lat' dir='ltr'><strong>Salvatorem</strong></span> <span class='ocrx_word' id='word_1_598' title='bbox 2616 4976 2810 5048; x_wconf 84' lang='lat' dir='ltr'><strong>pario?</strong></span> <span class='ocrx_word' id='word_1_599' title='bbox 2849 4976 3143 5046; x_wconf 78' lang='lat' dir='ltr'><strong>Oportebat</strong></span> <span class='ocrx_word' id='word_1_600' title='bbox 3183 4991 3270 5030; x_wconf 91' lang='lat' dir='ltr'><strong>me</strong></span> <span class='ocrx_word' id='word_1_601' title='bbox 3312 4976 3381 5030; x_wconf 86' lang='lat' dir='ltr'><strong>ad</strong></span> <span class='ocrx_word' id='word_1_602' title='bbox 3422 4985 3474 5032; x_wconf 87' lang='lat' dir='ltr'><strong>te</strong></span> 
     </span>
    </p>
   </div>
   <div class='ocr_carea' id='block_1_85' title="bbox 1899 5064 3473 5137">
    <p class='ocr_par' dir='ltr' id='par_1_85' title="bbox 1899 5064 3473 5137">
     <span class='ocr_line' id='line_1_85' title="bbox 1899 5064 3473 5137; baseline -0.003 -11"><span class='ocrx_word' id='word_1_603' title='bbox 1899 5071 2087 5125; x_wconf 87' lang='lat' dir='ltr'><strong>venire</strong></span> <span class='ocrx_word' id='word_1_604' title='bbox 2108 5090 2120 5125; x_wconf 89' lang='lat'><strong>:</strong></span> <span class='ocrx_word' id='word_1_605' title='bbox 2139 5079 2196 5125; x_wconf 92' lang='lat' dir='ltr'><strong>tu</strong></span> <span class='ocrx_word' id='word_1_606' title='bbox 2221 5069 2367 5125; x_wconf 91' lang='lat' dir='ltr'><strong>enim</strong></span> <span class='ocrx_word' id='word_1_607' title='bbox 2396 5082 2561 5137; x_wconf 87' lang='lat' dir='ltr'><strong>super</strong></span> <span class='ocrx_word' id='word_1_608' title='bbox 2583 5081 2774 5121; x_wconf 91' lang='lat' dir='ltr'><strong>omnes</strong></span> <span class='ocrx_word' id='word_1_609' title='bbox 2801 5067 3057 5122; x_wconf 90' lang='lat' dir='ltr'><strong>mulieres</strong></span> <span class='ocrx_word' id='word_1_610' title='bbox 3074 5064 3388 5120; x_wconf 88' lang='lat' dir='ltr'><strong>benedicta:</strong></span> <span class='ocrx_word' id='word_1_611' title='bbox 3413 5073 3473 5121; x_wconf 90' lang='lat' dir='ltr'><strong>tu</strong></span> 
     </span>
    </p>
   </div>
   <div class='ocr_carea' id='block_1_86' title="bbox 1829 5149 3476 5223">
    <p class='ocr_par' dir='ltr' id='par_1_86' title="bbox 1829 5149 3476 5223">
     <span class='ocr_line' id='line_1_86' title="bbox 1829 5149 3476 5223; baseline -0.005 -4"><span class='ocrx_word' id='word_1_612' title='bbox 1829 5149 1872 5204; x_wconf 84' lang='grc' dir='ltr'><strong>Ῑ)</strong></span> <span class='ocrx_word' id='word_1_613' title='bbox 1902 5161 2074 5218; x_wconf 83' lang='lat' dir='ltr'><strong>Mater</strong></span> <span class='ocrx_word' id='word_1_614' title='bbox 2107 5160 2320 5216; x_wconf 91' lang='lat' dir='ltr'><strong>Domini</strong></span> <span class='ocrx_word' id='word_1_615' title='bbox 2352 5159 2457 5214; x_wconf 91' lang='lat' dir='ltr'><strong>mei</strong></span> <span class='ocrx_word' id='word_1_616' title='bbox 2489 5177 2501 5211; x_wconf 75' lang='grc' dir='ltr'>ε</span> <span class='ocrx_word' id='word_1_617' title='bbox 2545 5171 2601 5211; x_wconf 88' lang='grc' dir='ltr'><strong>ιιι</strong></span> <span class='ocrx_word' id='word_1_618' title='bbox 2632 5171 2750 5211; x_wconf 91' lang='lat' dir='ltr'><strong>mea</strong></span> <span class='ocrx_word' id='word_1_619' title='bbox 2788 5155 3040 5223; x_wconf 87' lang='lat' dir='ltr'><strong>Domina,</strong></span> <span class='ocrx_word' id='word_1_620' title='bbox 3077 5156 3351 5211; x_wconf 83' lang='lat' dir='ltr'><strong>maledicti</strong></span> <span class='ocrx_word' id='word_1_621' title='bbox 3382 5170 3476 5211; x_wconf 79' lang='lat' dir='ltr'><strong>so—</strong></span> 
     </span>
    </p>
   </div>
   <div class='ocr_carea' id='block_1_87' title="bbox 1903 5243 3472 5321">
    <p class='ocr_par' dir='ltr' id='par_1_87' title="bbox 1903 5243 3472 5321">
     <span class='ocr_line' id='line_1_87' title="bbox 1903 5243 3472 5321; baseline -0.004 -13"><span class='ocrx_word' id='word_1_622' title='bbox 1903 5254 2162 5308; x_wconf 86' lang='lat' dir='ltr'><strong>lutionem</strong></span> <span class='ocrx_word' id='word_1_623' title='bbox 2195 5259 2438 5321; x_wconf 89' lang='lat' dir='ltr'><strong>portans.</strong></span> <span class='ocrx_word' id='word_1_624' title='bbox 2470 5247 2723 5303; x_wconf 89' lang='lat' dir='ltr'><strong>Consona</strong></span> <span class='ocrx_word' id='word_1_625' title='bbox 2759 5246 2870 5301; x_wconf 91' lang='lat' dir='ltr'><strong>tilio</strong></span> <span class='ocrx_word' id='word_1_626' title='bbox 2908 5247 3152 5316; x_wconf 88' lang='lat' dir='ltr'><strong>loquitur</strong></span> <span class='ocrx_word' id='word_1_627' title='bbox 3186 5264 3201 5301; x_wconf 90' lang='lat'><strong>:</strong></span> <span class='ocrx_word' id='word_1_628' title='bbox 3232 5243 3472 5302; x_wconf 85' lang='lat' dir='ltr'><strong>Joannes</strong></span> 
     </span>
    </p>
   </div>
   <div class='ocr_carea' id='block_1_88' title="bbox 1902 5336 3475 5412">
    <p class='ocr_par' dir='ltr' id='par_1_88' title="bbox 1902 5336 3475 5412">
     <span class='ocr_line' id='line_1_88' title="bbox 1902 5336 3475 5412; baseline -0.004 -12"><span class='ocrx_word' id='word_1_629' title='bbox 1902 5346 2047 5401; x_wconf 88' lang='lat' dir='ltr'><strong>enim</strong></span> <span class='ocrx_word' id='word_1_630' title='bbox 2079 5343 2363 5412; x_wconf 86' lang='lat' dir='ltr'><strong>indignum</strong></span> <span class='ocrx_word' id='word_1_631' title='bbox 2395 5355 2455 5396; x_wconf 91' lang='lat' dir='ltr'><strong>se</strong></span> <span class='ocrx_word' id='word_1_632' title='bbox 2477 5339 2570 5411; x_wconf 92' lang='lat' dir='ltr'><strong>qui</strong></span> <span class='ocrx_word' id='word_1_633' title='bbox 2592 5353 2776 5395; x_wconf 90' lang='lat' dir='ltr'><strong>coram</strong></span> <span class='ocrx_word' id='word_1_634' title='bbox 2804 5336 3023 5394; x_wconf 85' lang='lat' dir='ltr'><strong>Christo</strong></span> <span class='ocrx_word' id='word_1_635' title='bbox 3047 5338 3333 5393; x_wconf 87' lang='lat' dir='ltr'><strong>sisteretur</strong></span> <span class='ocrx_word' id='word_1_636' title='bbox 3356 5337 3475 5393; x_wconf 85' lang='lat' dir='ltr'><strong>aie-.</strong></span> 
     </span>
    </p>
   </div>
   <div class='ocr_carea' id='block_1_89' title="bbox 1902 5426 3473 5505">
    <p class='ocr_par' dir='ltr' id='par_1_89' title="bbox 1902 5426 3473 5505">
     <span class='ocr_line' id='line_1_89' title="bbox 1902 5426 3473 5505; baseline -0.003 -14"><span class='ocrx_word' id='word_1_637' title='bbox 1902 5437 2024 5501; x_wconf 88' lang='lat' dir='ltr'><strong>hat;</strong></span> <span class='ocrx_word' id='word_1_638' title='bbox 2060 5436 2149 5489; x_wconf 93' lang='lat' dir='ltr'><strong>illa</strong></span> <span class='ocrx_word' id='word_1_639' title='bbox 2171 5448 2299 5489; x_wconf 89' lang='lat' dir='ltr'><strong>vero</strong></span> <span class='ocrx_word' id='word_1_640' title='bbox 2331 5433 2608 5505; x_wconf 87' lang='lat' dir='ltr'><strong>indignam</strong></span> <span class='ocrx_word' id='word_1_641' title='bbox 2642 5446 2699 5487; x_wconf 90' lang='lat' dir='ltr'><strong>se</strong></span> <span class='ocrx_word' id='word_1_642' title='bbox 2729 5431 3016 5500; x_wconf 76' lang='lat' dir='ltr'><strong>praesentia</strong></span> <span class='ocrx_word' id='word_1_643' title='bbox 3052 5426 3293 5501; x_wconf 82' lang='lat' dir='ltr'><strong>Virginis</strong></span> <span class='ocrx_word' id='word_1_644' title='bbox 3326 5429 3473 5487; x_wconf 85' lang='lat' dir='ltr'><strong>dice-</strong></span> 
     </span>
    </p>
   </div>
   <div class='ocr_carea' id='block_1_90' title="bbox 1901 5519 3474 5594">
    <p class='ocr_par' dir='ltr' id='par_1_90' title="bbox 1901 5519 3474 5594">
     <span class='ocr_line' id='line_1_90' title="bbox 1901 5519 3474 5594; baseline -0.003 -12"><span class='ocrx_word' id='word_1_645' title='bbox 1901 5528 2013 5582; x_wconf 90' lang='lat' dir='ltr'><strong>bat.</strong></span> <span class='ocrx_word' id='word_1_646' title='bbox 2050 5525 2191 5593; x_wconf 87' lang='lat' dir='ltr'><strong>Quid</strong></span> <span class='ocrx_word' id='word_1_647' title='bbox 2224 5540 2254 5581; x_wconf 88' lang='lat' dir='ltr'><strong>a</strong></span> <span class='ocrx_word' id='word_1_648' title='bbox 2282 5540 2388 5590; x_wconf 88' lang='lat' dir='ltr'><strong>me,</strong></span> <span class='ocrx_word' id='word_1_649' title='bbox 2421 5522 2619 5594; x_wconf 90' lang='lat' dir='ltr'><strong>inquit,</strong></span> <span class='ocrx_word' id='word_1_650' title='bbox 2645 5530 2858 5577; x_wconf 86' lang='lat' dir='ltr'><strong>tantum</strong></span> <span class='ocrx_word' id='word_1_651' title='bbox 2890 5519 3093 5575; x_wconf 82' lang='lat' dir='ltr'><strong>factum</strong></span> <span class='ocrx_word' id='word_1_652' title='bbox 3117 5528 3202 5576; x_wconf 89' lang='lat' dir='ltr'><strong>est</strong></span> <span class='ocrx_word' id='word_1_653' title='bbox 3228 5520 3377 5587; x_wconf 90' lang='lat' dir='ltr'><strong>boni,</strong></span> <span class='ocrx_word' id='word_1_654' title='bbox 3417 5529 3474 5578; x_wconf 91' lang='lat' dir='ltr'><strong>ut</strong></span> 
     </span>
    </p>
   </div>
   <div class='ocr_carea' id='block_1_91' title="bbox 1902 5607 3471 5679">
    <p class='ocr_par' dir='ltr' id='par_1_91' title="bbox 1902 5607 3471 5679">
     <span class='ocr_line' id='line_1_91' title="bbox 1902 5607 3471 5679; baseline -0.006 -5"><span class='ocrx_word' id='word_1_655' title='bbox 1902 5616 2074 5674; x_wconf 82' lang='lat' dir='ltr'><strong>Mater</strong></span> <span class='ocrx_word' id='word_1_656' title='bbox 2099 5613 2319 5673; x_wconf 90' lang='lat' dir='ltr'><strong>Domini</strong></span> <span class='ocrx_word' id='word_1_657' title='bbox 2345 5613 2449 5670; x_wconf 90' lang='lat' dir='ltr'><strong>mei</strong></span> <span class='ocrx_word' id='word_1_658' title='bbox 2474 5611 2654 5669; x_wconf 84' lang='lat' dir='ltr'><strong>veniat</strong></span> <span class='ocrx_word' id='word_1_659' title='bbox 2683 5609 2748 5666; x_wconf 88' lang='lat' dir='ltr'><strong>ad</strong></span> <span class='ocrx_word' id='word_1_660' title='bbox 2776 5607 2894 5664; x_wconf 88' lang='lat' dir='ltr'><strong>me?</strong></span> <span class='ocrx_word' id='word_1_661' title='bbox 2914 5609 2982 5663; x_wconf 88' lang='lat' dir='ltr'><strong>Et</strong></span> <span class='ocrx_word' id='word_1_662' title='bbox 3006 5622 3128 5664; x_wconf 83' lang='lat' dir='ltr'><strong>eam</strong></span> <span class='ocrx_word' id='word_1_663' title='bbox 3154 5622 3275 5679; x_wconf 66' lang='lat' dir='ltr'><strong>quae</strong></span> <span class='ocrx_word' id='word_1_664' title='bbox 3298 5607 3471 5665; x_wconf 87' lang='lat' dir='ltr'><strong>adhuc</strong></span> 
     </span>
    </p>
   </div>
  </div>
