4002 6552
615 407 755 463 1903

2084 397 2403 459 ORIGENIS

3698 402 3803 457 l90l

610 528 763 597 virgo
787 532 920 591 erat,
954 535 1181 581 matrem
1213 534 1391 592 vocat,
1424 524 1743 597 prophetico
1769 532 2020 580 eventum
2052 539 2169 579 sero

2284 523 2409 595 ἔλθῃ
2460 518 2595 592 πρὸς
2643 517 2740 589 μέ;
2767 516 2877 572 Καὶ
2906 518 3119 591 μητέρα
3144 519 3301 574 καλεῖ
3323 521 3421 591 τὴν
3448 520 3530 573 ἔτι
3563 520 3807 592 παρθένον,

611 635 772 675 mone
800 618 1155 690 praeveniens,
1183 627 1233 672 et
1276 616 1512 673 fructum
1547 616 1752 670 ventris
1785 614 2017 685 appellat
2052 613 2172 667 Sal-

610 721 875 778 vatorem,
908 725 973 765 eo
1013 711 1159 781 quod
1211 725 1317 764 non
1361 724 1429 763 ex
1474 708 1613 771 viro,
1650 707 1743 763 sed
1790 721 1822 761 e
1861 706 1975 762 sola
2008 703 2176 760 Maria

611 804 683 860 sit
716 821 730 858 :
765 803 859 872 qui
885 801 1028 857 enim
1058 816 1089 855 e
1129 812 1414 870 parentum
1461 798 1762 855 seminibus
1795 797 2067 862 oriuntur,
2102 797 2175 852 illi

611 903 741 949 sunt
764 908 952 949 eorum
980 891 1211 947 fructus.

2286 613 2563 683 φθάνουσα
2605 609 2957 682 προφητικῶς
3002 610 3082 681 τῷ
3131 610 3273 682 λόγῳ
3322 612 3420 684 τὴν
3460 610 3708 673 ἔκϐασιν,
3741 619 3810 668 ut

2287 703 2499 776 καρπὸν
2527 702 2733 766 κοιλίας
2762 700 3017 772 ὀνομάζει
3058 702 3152 755 τὸν
3183 701 3432 775 Σωτῆρα,
3458 702 3538 773 τῷ
3569 701 3641 773 μὴ
3669 701 3721 766 ἑξ
3742 704 3811 755 ἀν.

2286 796 2412 868 δρὸς
2435 790 2594 860 εἶναι,
2621 792 2734 847 ἀλλ’
2764 792 2826 845 ὲκ
2859 792 3025 864 μόνης
3052 792 3150 864 τῆς
3177 792 3391 864 Μαρίας
3408 809 3423 823 ·
3447 794 3498 846 οἰ
3528 793 3634 863 γὰρ
3657 794 3714 845 ὲκ
3733 794 3813 847 τῶν

2292 886 2547 958 πατέρων
2586 884 2688 955 τὴν
2733 884 2938 956 σπορὰν
2981 883 3198 955 ἔχοντες
3241 883 3464 939 ἐκείνων
3495 884 3603 936 εἰσὶ
3633 887 3811 955 ita.me

1926 1002 2128 1058 Ibidem
2156 1001 2319 1073 paulo
2354 1010 2495 1073 post.

678 1123 873 1179 Divina
902 1124 1066 1198 igitur
1098 1123 1433 1195 dispensatio
1470 1122 1698 1179 Mariam
1724 1123 1879 1179 duxit
1899 1124 1966 1180 ad
1996 1123 2175 1179 Elisa—

2353 1122 2487 1177 Θεία
2523 1123 2620 1193 μὲν
2652 1115 2746 1176 οὖν
2776 1120 3059 1191 οἰκονομία
3102 1120 3201 1193 τὴν
3237 1120 3457 1193 Μαρίαν
3498 1121 3664 1191 ἤγαγε
3708 1119 3813 1186 πρὸς

610 1217 759 1284 beth,
795 1226 855 1273 ut
901 1218 1272 1273 testimonium
1312 1215 1540 1273 Joannis
1569 1219 1733 1275 etiam
1758 1234 1824 1273 ex
1856 1229 2010 1273 utero
2049 1232 2175 1287 erga

2284 1214 2378 1286 τὴν
2435 1214 2736 1279 Ἐλισὰϐετ,
2789 1215 2879 1268 ἵνα
2929 1215 2962 1283 ὴ
3016 1213 3289 1285 μαρτυρία
3347 1212 3594 1267 Ἰωάννου
3643 1213 3727 1264 καὶ
3767 1214 3814 1264 ἐκ

611 1309 898 1363 Dominum
955 1308 1291 1378 impleretur.
1344 1307 1647 1365 Exsultavit
1687 1310 1831 1364 enim
1880 1309 2082 1373 infans,
2124 1320 2178 1364 et

2288 1300 2503 1379 μήτρας
2529 1307 2608 1370 εἰς
2639 1306 2732 1359 τὸν
2761 1306 2963 1377 Κύριον
2994 1304 3275 1375 πληρωθῇ.
3314 1303 3634 1375 Ἐσκίρτησε
3659 1301 3751 1373 γὰρ
3771 1303 3816 1354 τὸ

610 1399 780 1453 veluti
808 1399 972 1469 erepit
1012 1407 1213 1455 extunc
1245 1400 1562 1470 prophetam
1595 1402 1883 1457 ostendere
1911 1400 2176 1456 Joannem

2288 1401 2506 1473 βρέφος,
2537 1400 2631 1453 καὶ
2654 1398 2816 1452 οἰονεί⁵
2836 1398 3038 1469 ἦρξατο
3065 1398 3251 1452 ἔκτοτε
3282 1400 3569 1468 προφήτην
3595 1398 3814 1451 δεικνύειν

610 1491 892 1547 Dominus.
950 1490 1152 1546 Habuit
1197 1502 1376 1549 autem
1419 1493 1582 1549 etiam
1633 1494 1735 1549 iter
1763 1492 2009 1563 Virginis
2051 1507 2179 1563 pro-

2284 1493 2373 1547 τὺν
2431 1492 2682 1561 Ἰωάννην
2730 1491 2758 1543 ό
2807 1490 3031 1560 Κύριος.
3070 1484 3196 1559 Εἶχε
3240 1488 3296 1542 δὲ
3331 1489 3425 1542 καὶ
3453 1489 3488 1559 ἡ
3538 1488 3715 1558 πορεία
3741 1490 3816 1557 τῆς

607 1582 782 1652 priam
812 1582 933 1652 ejus
959 1582 1316 1652 diligentiam.
1356 1581 1517 1640 Venit
1542 1584 1688 1639 enim
1718 1591 1781 1638 ut
1816 1582 2093 1638 Elisabeth
2125 1590 2179 1636 et

2284 1583 2559 1656 Παρθένου
2601 1583 2701 1654 τὴν
2749 1581 2952 1635 οἰκείαν
3009 1581 3180 1652 αὐτῆς
3226 1580 3483 1653 σπουδήν.
3527 1576 3689 1634 Ἦλθε
3733 1580 3818 1650 γὰρ

607 1673 914 1730 mirabilem
947 1673 1066 1743 eius
1093 1683 1411 1746 conceptum
1428 1674 1653 1742 videret,
1670 1675 1828 1744 eique
1855 1674 2012 1728 [idem
2037 1671 2179 1728 lacc-

2286 1675 2529 1746 ὀψομένη
2576 1674 2676 1745 τὴν
2730 1673 3032 1736 Ἐλισάὸετ,
3062 1673 3157 1727 καὶ
3194 1672 3256 1725 τὸ
3288 1674 3347 1725 έν
3390 1673 3531 1743 αὐτῇ
3562 1669 3819 1744 παράδοξον

606 1774 691 1819 ret
719 1765 1019 1821 secundum
1046 1766 1413 1838 evangelicatn
1440 1780 1650 1831 vocem,
1675 1774 1734 1819 ut
1756 1781 1850 1837 per
1878 1765 2030 1820 illum
2055 1763 2179 1818 alter

2292 1767 2479 1837 κύημα
2525 1765 2620 1818 καὶ
2669 1765 2796 1820 ἰδεῖν
2848 1765 2942 1818 καὶ
2987 1763 3362 1818 πιστώσασθαι
3416 1763 3565 1818 κατὰ
3610 1764 3702 1832 τὴν
3742 1764 3818 1815 τοῦ

606 1856 802 1927 major,
835 1871 898 1912 ex
934 1858 1075 1928 ipsa,
1101 1858 1246 1925 dico,
1284 1857 1505 1931 Virgine
1538 1866 1729 1927 partus
1761 1857 1917 1912 [idem
1953 1869 2179 1910 merere-

2284 1856 2613 1926 Εὺαγγελίου
2651 1856 2854 1928 φωνὴν,
2889 1856 2977 1909 ἵνα
3007 1854 3094 1910 διὰ
3124 1853 3313 1908 τούτου
3345 1855 3442 1908 καὶ
3472 1856 3503 1907 ὁ
3546 1853 3730 1925 μείζων
3752 1871 3819 1905 πι-

605 1956 715 2003 tur.
760 1946 827 2003 Et
866 1949 1144 2005 concurrit
1183 1950 1251 2005 ad
1298 1950 1460 2005 iidem
1510 1950 1653 2005 hanc
1693 1963 1872 2004 sermo
1904 1945 2179 2001 Elisabetb

2286 1949 2480 2021 στευθῇ
2502 1947 2740 2011 τοκετὸς,
2762 1948 2790 2000 ὁ
2817 1945 2877 2011 ἐξ
2899 1946 3087 2017 αὐτῆς,
3111 1946 3274 2018 φημὶ,
3300 1945 3400 2016 τῆς
3429 1944 3717 2021 Παρθένου.
3736 1944 3822 1996 Καὶ

605 2040 837 2126 diceptis
864 2058 879 2095 :
910 2040 1078 2095 Beata
1117 2059 1233 2124 qna:
1258 2043 1551 2108 credidisti,
1577 2042 1824 2112 quoniam
1848 2042 2179 2111 per/ieientur

2289 2037 2566 2109 συντρέχει
2599 2035 2735 2108 πρὸς
2767 2035 2866 2107 τὴν
2900 2034 3080 2089 πίστιν
3111 2035 3314 2107 ταύτην
3342 2036 3372 2088 ὁ
3396 2035 3557 2104 λόγος
3580 2035 3675 2103 τῆς
3708 2033 3821 2086 Ἑλι-

605 2116 897 2201 ςυαῗάὶεια
925 2141 1047 2187 sunt
1073 2116 1214 2187 tibia
1243 2133 1466 2188 Domino
1483 2133 1525 2185 ⁷.
1554 2132 1935 2188 Conﬁrmatior
1954 2146 2084 2202 ergo
2116 2129 2179 2185 ad

2291 2130 2456 2185 σάὸετ
2480 2128 2774 2198 λεγούσης’
2809 2127 2917 2182 Kal
2948 2128 3211 2197 μακαρία
3238 2128 3278 2196 ἡ
3323 2129 3717 2187 πιστεύσασα,
3752 2125 3821 2177 ὅτι

605 2219 875 2275 credenda
923 2220 1013 2276 illa
1057 2237 1180 2291 quae
1220 2221 1466 2277 audierat
1513 2221 1583 2276 ab
1632 2222 1854 2292 angelo,
1908 2220 2052 2276 facta
2094 2229 2179 2276 est

2289 2220 2461 2275 ἔσται
2494 2220 2818 2295 ,τελείωσις
2859 2217 2984 2285 τοῖς
3021 2218 3458 2287 λελαλημένοις
3507 2217 3660 2286 αὐτῇ
3697 2215 3823 2282 παρὰ

2289 2312 2531 2381 Κυρίου.
2578 2309 2907 2382 Βεϐαιοτέρα
2953 2305 3048 2364 οὖν
3085 2310 3302 2379 ἐγένετο
3345 2308 3484 2381 πρὸς
3531 2309 3630 2380 τὴν
3676 2308 3822 2360 πίστιν

2286 2397 2362 2459 ὧν
2402 2404 2606 2476 ἢκουσε
2654 2402 2807 2474 παρὰ
2847 2400 2942 2456 τοῦ
2977 2401 3210 2471 ἀγγέλου
3243 2402 3278 2473 ἡ
3312 2401 3524 2473 Μαρία,
3562 2398 3823 2472 μακαριζο-

2291 2496 2450 2567 μένη,
2498 2495 2596 2549 ἐὰν
2652 2492 2938 2565 πιστεύσῃ,
2983 2492 3218 2562 ἀγγέλου
3264 2509 3325 2546 τε
3372 2491 3823 2564 προσημαίνοντος.

2283 2587 2504 2657 καὶτῆς
2543 2582 2853 2655 συγγενίδὸς
2887 2586 2955 2639 τὰ
2984 2584 3333 2656 παραπλήσια
3382 2581 3819 2656 προφητευούσης.

606 2308 797 2378 Maria,
845 2312 1002 2367 beata
1035 2312 1180 2368 dicta
1214 2312 1262 2367 si
1299 2312 1576 2379 crederet;
1607 2313 1829 2382 angelus
1860 2312 2004 2367 enim
2037 2327 2181 2381 prae-

607 2402 913 2468 nuntiabat,
948 2412 1003 2458 et
1051 2418 1174 2473 quae
1219 2403 1383 2459 simul
1428 2403 1651 2475 gravida
1702 2412 1821 2460 erat
1870 2402 2169 2471 Elisabeth,

604 2492 806 2548 similia
844 2494 1193 2564 praedicabat.

605 2698 750 2755 Idem
779 2707 917 2754 orat.
945 2714 1042 2753 vm
1066 2699 1152 2764 εῚς
1185 2699 1540 2768 παραϐολὴν
1577 2699 1688 2770 τοῦ
1716 2699 2086 2770 ἐμπεσόντος
2114 2699 2175 2770 ,εἰ

2284 2697 2373 2770 ξὺς
2393 2697 2650 2770 λῃστάς,
2674 2699 2858 2770 idest,
2895 2696 2962 2751 In
2991 2697 3303 2768 parabolam
3342 2698 3492 2752 illius
3525 2698 3618 2770 qui
3664 2696 3818 2751 incidit

1481 2767 1538 2823 in
1565 2767 1815 2835 latrones,
1854 2784 2047 2839 parum
2079 2769 2146 2823 ab
2185 2768 2342 2823 initio
2376 2770 2491 2824 haec
2519 2767 2770 2840 Origenis
2800 2771 2952 2824 citat.

675 2884 960 2945 Manifesta
983 2886 1037 2940 in
1063 2884 1149 2940 his
1176 2884 1590 2941 commendatur
1614 2886 1705 2941 illa
1732 2900 1855 2956 qua:
1878 2884 2177 2941 secundum

2357 2884 2552 2955 Σαφῶς
2581 2886 2640 2939 έν
2668 2884 2875 2949 τούτοις
2899 2886 3233 2959 παρίσταται
3262 2888 3296 2958 ἡ
3324 2885 3462 2940 κατὰ
3484 2886 3581 2939 τὸν
3610 2885 3832 2957 δημιουρ·

605 2980 947 3034 conditorem
976 2977 1164 3032 mundi
1194 2975 1385 3045 Deum,
1416 2987 1470 3033 et
1501 2978 1656 3048 juxta
1688 2993 1783 3034 eas
1813 2992 1934 3047 qua:
1959 2976 2028 3031 ab
2058 2977 2178 3047 ipso

2284 2978 2379 3047 γδν
2410 2978 2503 3032 τοῦ
2536 2978 2743 3049 κόσμου
2771 2979 2902 3032 Θεὸν
2935 2979 3030 3033 καὶ
3059 2977 3156 3042 τὰς
3188 2979 3282 3032 ἀπ’
3309 2977 3475 3032 αὐτοῦ
3506 2977 3727 3051 Γραφὰς
3752 2991 3827 3042 κη·

604 3079 735 3127 sunt
779 3068 1111 3139 Scripturas,
1142 3068 1492 3139 praedicatur,
1520 3070 1632 3125 vita
1678 3079 1904 3137 aeterna,
1933 3086 2097 3142 quam
2123 3079 2179 3125 et

2284 3067 2587 3141 ρυσσομένη
2618 3067 2731 3139 ζωὴ
2754 3066 2987 3133 αἰώνιος,
3008 3068 3074 3138 ἦν
3094 3068 3188 3122 καὶ
3206 3068 3235 3121 ὁ
3258 3067 3449 3139 Σωτὴρ
3472 3064 3823 3135 καταγγέλλει.

607 3160 857 3218 Salvator
906 3159 1213 3215 annuntiat.
1251 3158 1682 3230 lnterrogantem
1728 3175 1858 3232 ergo
1902 3162 2179 3233 legisperi-

2280 3161 2591 3233 Πυθομένου
2617 3156 2711 3215 οὖν
2741 3160 2832 3215 τοῦ
2862 3161 3086 3232 νομικοῦ
3110 3178 3128 3196 ο
3165 3161 3228 3216 Τί
3262 3160 3527 3229 ποιήσας
3559 3155 3829 3227 ζωὴνιιίὼ-
3850 3226 3864 3239 0

542 5653 595 5714 ΐι

604 3267 722 3308 tum
767 3271 781 3307 :
827 3251 969 3317 Quid
1016 3250 1260 3320 faciendo
1309 3253 1473 3306 vitam
1525 3261 1779 3307 internum
1826 3253 2099 3323 possidebo
2127 3253 2182 3307 αἳ

605 3343 676 3399 ad
710 3344 884 3414 legem
910 3344 1140 3398 remittit
1168 3352 1227 3397 ut
1249 3343 1375 3399 inde
1400 3342 1618 3413 colligat
1644 3344 1897 3399 mandata
1924 3359 2047 3414 quae
2071 3345 2184 3400 illo-

605 3448 729 3488 rum
777 3432 1041 3489 factorem
1087 3433 1153 3488 ad
1190 3433 1358 3488 vitam
1392 3442 1654 3489 aeternam
1699 3434 1927 3490 ducunt.
1960 3435 2024 3489 Ei
2055 3451 2184 3505 ergo

606 3524 700 3595 qui
729 3540 760 3579 e
795 3524 1217 3580 Deuteronomio
1246 3525 1352 3580 hoc
1392 3525 1765 3581 tostimonium
1795 3526 2007 3598 accepit
2035 3545 2048 3580 :
2085 3526 2180 3581 Di-

606 3619 735 3688 liges
774 3615 1058 3670 Dominum
1102 3616 1272 3672 Deum
1302 3626 1449 3672 tuum
1478 3618 1500 3649 ⁹
1527 3634 1543 3683 ;
1582 3625 1634 3672 et
1663 3631 1693 3672 e
1725 3615 1967 3673 Levitico
1997 3618 2128 3673 illud
2164 3634 2181 3673 :

608 3709 923 3765 Proximum
971 3717 1117 3762 tuum
1166 3709 1302 3763 sicut
1343 3710 1565 3780 teipsum
1616 3710 1681 3775 ‘°,
1733 3708 2053 3765 testiﬁcatur
2095 3710 2181 3765 di-

608 3811 774 3851 cens:
803 3794 956 3849 Recte
982 3797 1321 3865 respondisti,
1340 3809 1393 3853 et
1418 3798 1600 3853 addit:
1628 3796 1746 3867 Hoc
1774 3798 1880 3868 fac,
1899 3810 1949 3854 et
1969 3800 2181 3868 vives“,

605 3884 860 3941 videlicet
879 3884 1047 3939 vitam
1075 3894 1361 3954 aeternam,
1389 3887 1457 3942 de
1479 3903 1588 3959 qua
1615 3887 1705 3943 ille
1733 3887 2181 3962 interrogaverat,

607 3976 771 4047 981
804 3985 859 4030 et
892 3973 1144 4033 Salvator
1174 3977 1353 4034 docet.
1387 3977 1516 4034 Haec
1541 3986 1723 4034 autem
1752 3978 1895 4035 dicta
1925 3989 2053 4038 sunt
2081 3981 2182 4036 ad-

608 4084 803 4125 versus
824 4067 1120 4138 Valentini,
1171 4070 1428 4131 Basilidis
1473 4082 1636 4147 atque
1685 4072 1977 4130 Marcionis
2008 4082 2179 4130 secta-

607 4172 778 4216 tores.
811 4158 1025 4217 Habent
1070 4161 1218 4217 enim
1268 4171 1323 4218 et
1368 4162 1471 4235 ipsi
1522 4164 1688 4220 verba
1726 4164 1781 4220 in
1807 4180 1908 4221 suo
1939 4165 2182 4237 ipsorum

610 4248 925 4323 Evangelio,
981 4261 1037 4307 et
1086 4252 1330 4309 dicemus
1358 4254 1424 4308 ad
1450 4268 1545 4310 eos
1578 4273 1591 4309 :
1646 4254 1748 4323 Qui
1804 4266 2133 4327 praeceptum
2166 4274 2180 4311 :

606 4341 808 4414 Diliges
839 4342 1123 4398 Dominum
1147 4342 1310 4398 Deum
1334 4354 1483 4399 tuum
1514 4347 1578 4413 ι’,
1606 4362 1636 4401 e
1669 4346 1785 4419 lege
1807 4346 2054 4414 citatum,
2084 4361 2184 4402 nec

2281 3270 2415 3307 war
2454 3252 2926 3323 κληρονομήσω;
2958 3253 3051 3307 ἐπὶ
3093 3252 3185 3306 τὸν
3222 3252 3388 3323 νόμον
3421 3250 3748 3320 ἀναπέμπει,
3776 3247 3826 3299 ίν¹

2282 3342 2494 3397 ἐκεῖθεν
2508 3342 2716 3416 συνάγῃ
2732 3343 2953 3408 ἐντολὰς
2975 3343 3075 3408 τὰς
3094 3342 3474 3415 προσαγούσας
3496 3342 3595 3396 τὸν
3607 3338 3830 3395 ποιοῦντα

2282 3434 2450 3499 αὑτὰς
2480 3437 2547 3507 τῇ
2580 3434 2785 3506 αἰωνίῳ
2818 3434 2951 3507 ζωῇ.
2985 3436 3272 3507 Μαρτυρεῖ
3312 3432 3442 3503 γοῦν
3489 3434 3575 3506 τῷ
3618 3430 3828 3504 εἰληφότι

3910 111 3944 561 l

2283 3525 2393 3579 ἀπὸ
2425 3527 2523 3597 μὲν
2554 3526 2648 3580 τοῦ
2675 3526 3095 3598 Δευτερονομίου
3125 3511 3206 3593 τὸ,
3257 3525 3612 3595 Ἀγαπήσεις
3644 3525 3828 3591 Κύρων

2281 3615 2391 3670 τὸν
2421 3617 2570 3671 Θεόν
2601 3633 2717 3672 σου
2736 3635 2752 3649 ο
2781 3618 2891 3672 ἀπὸ
2914 3616 2970 3671 δὲ
3000 3615 3095 3671 τοῦ
3128 3615 3409 3670 Λευῖτικοῦ
3439 3616 3523 3681 τὸ,
3574 3617 3681 3670 Τὸν
3702 3616 3828 3679 πλη-

2282 3708 2420 3762 σίον
2437 3723 2554 3763 σου
2576 3708 2656 3775 ὡς
2678 3708 2957 3774 σεαυτὸν,
2986 3706 3194 3777 Ὀρθῶς
3209 3708 3557 3776 ἀπεκρίθης,
3574 3707 3668 3760 καὶ
3687 3720 3825 3776 προσ-

2282 3799 2500 3870 τίθησιο
2544 3798 2723 3853 Τοῦτο
2748 3800 2923 3863 ποίει,
2957 3799 3057 3853 καί
3090 3796 3262 3868 ζήσῃ,
3300 3797 3547 3870 δηλονότι
3591 3798 3689 3868 τὴν
3710 3793 3825 3864 ζωὴν

2284 3887 2383 3959 τὴν
2404 3886 2639 3952 αἰώνιον,
2668 3888 2796 3959 περὶ
2824 3883 2892 3959 ἦς
2917 3887 3168 3953 κάκεῖνός
3192 3904 3253 3940 τε
3284 3886 3540 3951 ὲπύϐυτο,
3573 3887 3668 3941 καὶ
3691 3888 3720 3938 ό
3737 3884 3827 3937 Σω-
3942 3902 3943 3913 ι

2280 3976 2385 4049 τὴρ
2419 3976 2678 4033 διδάσκει.
2708 3978 2752 4030 Τ
2754 3976 2893 4032 αὕτα
2933 3978 2989 4032 δὲ
3022 3978 3235 4051 εἴρηται
3266 3977 3403 4049 πρὸς
3427 3978 3561 4045 τοὺς
3579 3976 3686 4031 ἀπὸ
3710 3975 3825 4029 Οὐα-
3942 3996 3943 4005 η

2282 4067 2539 4132 λεντίνου,
2586 4068 2680 4122 καὶ
2730 4069 3029 4135 Βασιλίδου,
3076 4070 3171 4124 καὶ
3203 4071 3328 4132 τοὺς
3356 4068 3464 4123 ἀπὸ
3505 4069 3823 4140 Μαρκίωνος.

2287 4160 2511 4231 Ἔχουσι
2543 4160 2655 4232 γὰρ
2679 4161 2772 4214 καὶ
2797 4161 2951 4214 αὐτοὶ
2970 4160 3069 4224 τὰς
3089 4160 3261 4226 λέξεις
3290 4162 3348 4214 ἐν
3371 4158 3451 4230 τῷ
3478 4159 3606 4213 καθ’
3631 4155 3829 4217 ἑαυτοὺς
3942 4212 3943 4232 ἢ

2270 4248 2612 4322 Εὐαγγελίῳσ
2645 4252 2742 4305 καὶ
2770 4253 3013 4324 φήσομεν
3048 4251 3183 4324 πρὸς
3208 4250 3437 4315 αὐτούς*
3480 4251 3540 4305 '0
3574 4249 3827 4322 μαρτυρή-

2286 4358 2386 4407 σας
2406 4333 2503 4412 τῷ,
2535 4342 2617 4395 ὄτι
2651 4342 2998 4412 Ἀγαπήσεις
3028 4344 3246 4411 Κύριον
3272 4341 3379 4396 τὸν
3410 4341 3563 4395 Θεόν
3593 4355 3726 4403 σου,
3748 4337 3829 4407 τὴν

609 4432 680 4486 ab
712 4432 821 4486 alio
853 4448 1017 4503 quam
1047 4434 1116 4490 ab
1139 4433 1344 4508 Opiﬁce
1372 4434 1557 4491 datum
1596 4433 1800 4498 laudat,
1823 4443 1878 4489 et
1898 4443 2179 4506 propterea

2286 4431 2506 4502 ἐντολὴν
2530 4433 2637 4486 ἀπὸ
2674 4433 2859 4504 Νόμου
2885 4433 3148 4506 εἰρηκότι,
3179 4434 3240 4487 ού
3275 4432 3425 4504 παρά.
3454 4449 3605 4496 τινος
3633 4426 3827 4497 ἄλλωῆ

607 4524 740 4578 dicit
773 4542 789 4603 ε
830 4523 979 4579 Recte
1000 4526 1319 4596 respondisti
1354 4526 1418 4591 ¹³,
1450 4526 1579 4598 quid
1628 4527 1774 4582 aliud
1826 4542 1927 4583 nos
1960 4528 2075 4582 vult
2097 4527 2179 4581 fa-

606 4629 732 4668 cere
760 4621 818 4668 ut
846 4614 1092 4670 vivamus
1128 4615 1294 4671 vitam
1347 4625 1630 4682 mternam,
1660 4632 1824 4687 quam
1859 4625 1972 4672 toto
2019 4617 2183 4672 corde

609 4702 779 4758 Deum
813 4704 1037 4775 diligere
1069 4706 1159 4775 qui
1189 4707 1243 4760 in
1277 4706 1391 4778 lege
1440 4719 1495 4764 ct
1522 4708 1801 4780 prophetis
1823 4709 2183 4778 praedicatur?

609 4792 862 4851 Salvator
925 4796 1089 4867 igitur
1140 4798 1208 4852 de
1240 4798 1455 4855 duobus
1522 4800 1794 4855 mandatis
1854 4801 2179 4856 sententiam

608 4900 764 4941 suam
800 4886 1094 4945 declaravit
1125 4887 1312 4945 dicens
1346 4909 1359 4946 :
1413 4890 1485 4945 Et
1516 4906 1580 4946 ea:
1611 4891 1690 4945 his
1750 4891 1989 4946 universa
2016 4891 2100 4947 lex
2129 4900 2179 4947 et

605 4977 874 5049 propheta:
898 4979 1123 5050 pendent
1156 4979 1220 5035 ιδ.

2286 4523 2380 4578 τοῦ
2422 4525 2755 4598 δημιουργοῦ
2798 4528 3113 4600 εἰρημένην,
3158 4527 3253 4581 καί.
3295 4530 3475 4599 φήσας
3513 4527 3611 4579 ἐπὶ
3641 4523 3827 4581 rem

2287 4613 2475 4684 αὐτῷ,
2507 4615 2715 4683 Ὀρθῶς
2759 4617 3102 4685 ἀπεκρίθης,
3150 4616 3202 4669 τί
3239 4614 3367 4669 ἄλλο
3414 4613 3662 4685 βούλεται
3703 4612 3827 4684 ἡμᾶς

2288 4706 2547 4778 πράττειν
2579 4707 2720 4778 ὑπὲρ
2744 4707 2836 4762 τοῦ
2871 4706 3031 4779 ζῆσαι
3056 4707 3155 4779 τὴν
3190 4707 3403 4761 αἰώνιον
3440 4705 3607 4776 ζωὴν,
3641 4705 3673 4775 ἢ
3710 4705 3826 4770 ἀγι-

2287 4801 2396 4871 πᾷν
2433 4800 2524 4855 τὸν
2569 4801 2720 4866 Θεὸν,
2756 4801 2849 4855 τὸν
2894 4803 2952 4856 ἐν
2993 4802 3141 4872 νόμῳ
3174 4801 3266 4854 καὶ
3300 4800 3625 4870 προφήταις,
3666 4799 3722 4848 ὲν
3747 4794 3827 4862 ὅλῃ

2285 4892 2521 4966 καρδίᾳ;
2562 4893 2623 4948 ’0
2655 4894 2845 4965 Σωτὴρ
2874 4893 2934 4947 δὲ
2960 4892 3089 4962 γοῦν
3116 4892 3428 4964 ἀπεφήνατο
3455 4890 3587 4961 περὶ
3618 4886 3722 4941 τῶν
3751 4884 3829 4937 δύο

2279 4983 2508 5039 ἐντολῶν
2553 4985 2723 5055 λέγων
2742 5002 2755 5018 ’
2791 4984 2899 5041 Καὶ
2941 4985 3013 5038 ἐν
3044 4983 3250 5049 αὐταῖς
3287 4983 3431 5048 ὅλος
3471 4984 3505 5036 ό
3535 4982 3716 5051 νόμος
3742 4972 3827 5030 καὶ

2278 5078 2334 5129 oi
2364 5075 2663 5147 προφῆται
2700 5076 3037 5148 κρέμανται.

606 5176 751 5235 Idem
779 5187 918 5236 orat.
952 5195 1007 5249 ι,
1048 5181 1136 5247 είς
1159 5178 1512 5249 παραϐολὴν
1535 5178 1653 5234 τῶν
1684 5179 2073 5257 καλουμένωκ
2100 5182 2179 5257 ἐκ

2297 5186 2550 5253 δείπνῳ,
2580 5189 2632 5243 id
2661 5199 2765 5257 est,
2799 5188 2861 5244 In
2902 5186 3208 5257 parabolam
3236 5185 3406 5239 vocati
3440 5183 3510 5237 ad
3542 5186 3823 5250 prandium

1822 5251 2104 5318 sequentia
2151 5249 2400 5326 Origenis
2438 5249 2641 5313 laudat.

679 5340 1009 5414 Simpliciter
1035 5342 1211 5399 tribus
1262 5341 1440 5398 modis
1469 5341 1690 5412 quidam
1721 5343 1983 5398 excidunt
2013 5358 2180 5399 voca-

609 5428 799 5486 tione:
859 5433 1118 5487 nimirum
1166 5432 1450 5502 phantasia
1496 5431 1810 5503 dogmatum
1867 5433 2177 5501 meliorum,

607 5524 903 5580 sectatione
959 5525 1315 5592 sensibilium,
1362 5533 1418 5581 et
1466 5526 1759 5598 voluptatis
1814 5542 2021 5585 amore.
2072 5529 2175 5598 Qui

606 5613 752 5667 enim
777 5629 968 5687 agrum
989 5628 1260 5682 emerunt,
1290 5618 1366 5673 illi
1400 5622 1643 5691 suntqui
1684 5632 1737 5676 et
1764 5621 2052 5691 prandium
2088 5636 2173 5678 re-

2370 5348 2580 5414 Ἀπλῶς
2608 5351 2667 5404 δὲ
2707 5351 2854 5422 τρισὶ
2899 5350 3119 5423 τρόποις
3173 5345 3539 5401 ἀποπίπτουσί
3572 5360 3715 5407 τινες
3741 5340 3823 5410 τῆς

2286 5438 2549 5510 κλήσεως
2597 5439 2866 5510 φαντασίᾳ
2915 5438 3197 5515 δογμάτων
3252 5435 3613 5506 κρειττόνων,
3671 5429 3822 5493 διώξει

2282 5530 2576 5603 αἰσθητῶν,
2612 5532 2705 5585 καὶ
2727 5530 3026 5601 φιληδονίᾳ.
3061 5531 3124 5582 Οἱ
3165 5527 3261 5600 μὲν
3306 5526 3416 5598 γὰρ
3446 5526 3615 5597 ἀγρὸν
3646 5521 3823 5593 ἀγορά-

2281 5636 2471 5685 σαντες
2523 5621 2660 5675 εἰσὶν
2702 5621 2750 5674 οἳ
2810 5623 2901 5674 καὶ
2968 5616 3356 5690 παραιτοῦνται
3410 5615 3472 5669 τὸ
3519 5615 3746 5675 δεῖπνον,
3782 5610 3821 5661 οἱ

675 5728 861 5807 '__Luc.
898 5747 936 5796 ι.
967 5700 1060 5787 λδ.
1084 5734 1152 5807 __"
1180 5733 1313 5793 Luc.
1355 5753 1409 5805 ς,
1443 5736 1533 5792 25.
1610 5739 1630 5769 ⁹
1661 5735 1817 5794 Deut.
1851 5753 1923 5807 vr,
1958 5739 2011 5794 5.
2097 5734 2179 5792 ¹⁰Ι

2284 5777 2294 5793 .
2337 5754 2393 5805 x,
2441 5737 2530 5792 27.
2622 5740 2663 5771 “
2709 5737 2841 5794 ibid.
2890 5736 2982 5794 28.
3062 5737 3105 5768 ¹¹
3138 5734 3267 5791 ibid.
3303 5732 3392 5787 27.
3474 5732 3519 5765 ¹³
3570 5729 3699 5787 ibid.
3742 5723 3819 5780 Β.

609 5796 653 5830 ⁸⁵
684 5797 873 5856 Matth.
902 5817 1038 5868 xm,
1070 5802 1161 5859 40.
