4002 6534
253 447 270 504 l
283 445 390 504 905

1481 437 1909 495 FRAGMENTA
1943 435 2011 492 IN
2050 436 2292 495 LUCAM

3381 438 3521 495 1906

246 556 652 630 παραλαὸὀντες
680 555 925 629 δόγματα
961 555 1128 629 ἕτερα
1176 554 1278 625 τῆς
1307 554 1581 626 θεότητος,
1626 553 1826 623 πολλὴν

1931 560 2126 608 cusant
2155 552 2390 622 receptis
2414 552 2762 625 dogmatibus
2783 566 2813 609 a
2857 554 3142 610 divinitate
3181 552 3396 619 alienis,
3426 569 3525 609 nec

244 652 441 721 ἔχοντα
468 648 801 721 πιθανότητα
831 648 926 702 καλ⁵
983 646 1257 702 ποικιλίαν
1289 645 1382 699 τοῦ
1425 646 1601 716 λόγουο
1639 646 1687 700 οἳ
1737 646 1831 701 καὶ

246 739 650 812 καταφρονοῦσι
683 738 779 794 τοῦ
807 737 1005 811 ἀγροῦ,
1052 737 1150 792 τοῦ
1191 736 1402 809 ἔχοντος
1452 737 1511 790 ὲν
1535 734 1713 806 ἑαυτῷ
1737 734 1833 806 θη-

249 830 452 902 σαυρὸν
496 830 593 885 καὶ
619 830 898 902 δυνάμεις.
946 831 1005 883 '0
1034 825 1126 884 οῦν
1153 828 1228 901 μὴ
1274 828 1419 893 ἰδὼν,
1449 828 1585 899 μηδὲ
1605 825 1833 897 δοκιμά-

247 937 349 986 σας
374 921 432 976 ὃν
456 921 657 975 ἐκτᾶτο
683 920 861 991 λόγον,
891 920 981 975 διὰ
1000 921 1062 974 τὸ
1084 918 1446 991 προειλῆφθαι
1471 915 1531 983 ἐξ
1564 917 1833 986 ἀνάγκης,

245 1015 344 1069 καὶ
370 1014 471 1085 οὐχ
496 1012 781 1078 ἑκουσίως,
811 1013 1097 1085 ἐξέρχεται
1131 1014 1196 1065 ὲκ
1240 1010 1334 1065 τοῦ
1381 1010 1621 1074 δείπνου,
1644 1009 1739 1062 καὶ
1768 1009 1833 1061 ὲκ

241 1105 340 1161 τοῦ
370 1106 720 1177 κεκληκότος,
752 1105 896 1177 τάχα
928 1105 986 1159 δὲ
1015 1105 1111 1159 καὶ
1142 1102 1359 1158 ἑαυτοῦ⁸
1411 1105 1440 1157 6
1487 1102 1568 1168 δὲ,
1613 1098 1833 1169 Ἐρωτῶ

244 1213 342 1265 σε,
376 1198 563 1269 φησιν,
584 1197 660 1262 ὡς
680 1196 826 1269 λόγῳ
857 1197 1010 1269 μόνῳ
1035 1194 1360 1267 αἰδούμενος
1380 1194 1473 1248 τὸν
1505 1191 1830 1263 κεκληκότα.

257 1290 317 1344 ’0
347 1290 404 1345 δὲ
434 1289 604 1362 ζεύγη
646 1289 788 1361 βοῶν
810 1288 1089 1361 ἀγοράσας
1115 1287 1300 1352 πέντε,
1326 1278 1480 1350 οὗτός
1509 1287 1655 1339 ἐστιν
1674 1286 1705 1338 ό
1733 1282 1833 1353 τῆς

245 1384 444 1456 νοητῆς
472 1382 830 1457 καταφρονῶν
852 1381 1071 1453 φύσεως
1090 1398 1104 1413 ·
1152 1382 1281 1452 περὶ⁹
1310 1380 1368 1436 δὲ
1420 1377 1657 1449 αἰσθητά
1685 1376 1834 1447 φιλο-

246 1474 441 1546 χωρῶν
470 1473 578 1528 οὐδ’
608 1467 766 1537 οὗτος
798 1473 1123 1544 ἐδοκίμασεν
1176 1470 1237 1535 ἐξ
1266 1469 1441 1541 ἀρχῆς
1489 1467 1527 1524 a
1576 1468 1829 1538 ἐώνηται.

247 1567 312 1620 El
344 1561 440 1622 οῦν
470 1567 499 1620 6
521 1564 615 1620 δύο
649 1564 885 1637 ἀριθμὸς
912 1565 1006 1617 ἐπὶ
1057 1562 1190 1634 ὕλης
1220 1562 1481 1616 τάσσεται
1515 1559 1612 1615 καὶ
1633 1558 1830 1622 εἴδους,

246 1646 403 1718 οὗτος
427 1653 496 1708 τά
511 1653 673 1709 ὑλικά
698 1653 878 1725 ἐτίμα·
903 1652 985 1707 διὸ
1006 1652 1104 1707 καὶ
1131 1647 1287 1716 οὗτος
1309 1651 1371 1706 τὸ
1401 1650 1591 1722 νοητὸν
1617 1650 1832 1704 δεῖπνον

248 1744 583 1817 παρῄτηται·
615 1744 738 1799 ὅθεν
760 1745 853 1799 καὶ
884 1744 941 1798 ἐν
966 1761 1130 1809 τισιν,
1167 1744 1289 1799 ἀντὶ
1329 1743 1446 1808 τοῦ,
1483 1742 1711 1812 Ἐρωτῶ
1735 1757 1830 1807 σε,

1932 659 2041 699 non
2072 644 2455 715 probabilitate
2483 655 2537 700 et
2565 648 2839 702 sermonis
2862 648 3125 704 varietate
3159 646 3407 714 ornatis;
3429 650 3524 718 qui

1933 741 2097 797 etiam
2126 748 2487 796 corrtemnunt
2521 755 2714 810 agrum
2770 741 2866 811 qui
2900 741 3063 797 habet
3105 742 3163 796 in
3216 756 3275 797 se
3302 740 3525 796 thesau-

1932 849 2057 889 rum
2084 841 2141 889 et
2169 833 2417 889 virtutes.
2444 833 2550 900 Qui
2606 833 2774 904 igitur
2825 848 2935 888 non
2981 834 3115 889 vidit
3148 849 3249 889 nec
3274 832 3527 904 probavit

1935 940 2098 995 quem
2131 915 2424 996 acquisivit
2454 941 2792 991 sermonem,
2829 940 2898 980 co
2923 926 3072 996 quod
3108 930 3525 996 praeoccupatus

1934 1018 2008 1075 sit
2037 1018 2384 1084 necessitate,
2413 1026 2469 1073 et
2518 1033 2627 1073 non
2677 1018 2868 1085 libere,
2917 1018 3031 1073 exit
3059 1033 3090 1073 ε
3124 1017 3378 1088 prandio,
3405 1026 3460 1072 et
3491 1030 3523 1070 a

1933 1119 2165 1165 vocante
2185 1107 2459 1176 fortassis,
2490 1119 2545 1165 et
2574 1125 2607 1165 a
2658 1111 2862 1181 seipso.
2900 1110 3079 1177 Alius,
3110 1109 3337 1167 Obsecro
3369 1116 3419 1163 te
3451 1107 3521 1170 ¹⁵,

1934 1201 2131 1271 inquit,
2168 1209 2428 1272 tanquam
2459 1201 2626 1257 verbo
2659 1202 2780 1259 solo
2833 1203 3103 1257 reveritus
3147 1217 3273 1258 eum
3301 1202 3396 1272 qui
3425 1212 3523 1253 voc

1934 1299 2170 1348 caverat.
2200 1293 2303 1359 Qui
2335 1300 2514 1348 autem
2565 1291 2698 1363 juga
2750 1293 2918 1349 boum
2946 1294 3190 1364 quinque
3244 1295 3399 1358 emit,
3429 1292 3520 1348 hic

1933 1383 2130 1452 estqui
2151 1383 2450 1453 spiritalem
2480 1383 2881 1456 intelligibilem
2907 1385 3211 1440 contemnit
3238 1396 3515 1440 naturam:

1933 1470 2037 1545 qui~
2056 1490 2188 1531 vero
2244 1475 2299 1530 in
2357 1476 2523 1532 rebus
2573 1475 2929 1533 sensibilibus
2976 1476 3208 1531 libenter
3240 1485 3513 1539 versatus,

1933 1582 2112 1637 neque
2140 1566 2228 1623 hic
2261 1567 2331 1622 ab
2381 1568 2540 1623 initio
2588 1569 2840 1638 probavit
2887 1584 3010 1639 quae
3058 1570 3210 1624 emit.
3265 1567 3321 1624 Si
3352 1570 3519 1640 igitur

1934 1674 2197 1715 numerus
2223 1659 2333 1715 duo
2362 1659 2430 1715 de
2458 1660 2685 1714 materia
2731 1669 2787 1715 et
2841 1661 2909 1717 de
2954 1661 3135 1730 specie
3169 1662 3514 1731 praedicatur,

1936 1750 2026 1807 hic
2057 1751 2362 1807 materialia
2413 1751 2570 1807 multi
2621 1751 2893 1808 faciebat:
2949 1753 3306 1823 quamobrem
3341 1761 3395 1807 et
3426 1752 3516 1807 hic

248 1838 360 1893 Καὶ
383 1838 481 1894 διὰ
516 1838 694 1894 τοῦτο
721 1842 795 1895 οὐ
838 1838 1095 1910 δύναμαι
1118 1838 1340 1904 ἐλθεῖν,
1379 1841 1577 1893 κεῖταν
1626 1840 1677 1892 οἱ
1722 1838 1827 1911 γὰρ

1937 1843 2304 1899 intellectuale
2335 1844 2627 1914 prandium
2662 1845 2939 1901 recusavit
2974 1862 2989 1899 :
3022 1845 3166 1901 unde
3198 1854 3253 1900 et
3292 1844 3345 1898 in
3392 1844 3516 1914 qui-

246 1929 483 2001 ὁρῶντες
510 1931 578 1986 τὰ
615 1930 850 2003 αἰσθητα
879 1908 1011 2002 φασί
1034 1931 1111 2004 μὴ
1139 1930 1398 1985 δύνασθαι
1422 1929 1712 2002 ἀσώματον
1733 1908 1827 1985 κα.-

1933 1933 2164 1989 busdam
2199 1908 2603 2006 exemplaribus
2632 1951 2732 2006 pro
2780 1937 2868 1993 his
2894 1936 3077 1993 verbis
3114 1955 3126 1990 :
3182 1936 3329 2007 Rogo
3359 1946 3408 1991 te
3441 1936 3506 1999 ⁸⁸,

176 2005 188 2013 ’
245 2021 518 2077 ταλαὸεϊν’
545 2025 574 2078 ό
592 2023 650 2077 δὲ
675 2024 860 2095 ἕτερός
878 2025 1026 2077 ἐστιν
1046 2025 1075 2077 6
1096 2022 1283 2078 εἰπών’
1312 2023 1582 2079 Γυναῖκα
1616 2023 1824 2093 ἔγημα.

257 2113 317 2166 '0
348 2114 522 2169 δοκῶν
549 2115 847 2186 εὑρηκέναι
880 2116 1097 2186 σοφίαν,
1136 2116 1231 2170 καὶ
1263 2115 1437 2188 ταύτῃ
1470 2116 1825 2186 κοινωνήσας,

246 2204 340 2258 καὶ
364 2192 801 2279 παραιτούμενος
828 2208 928 2278 τὴν
956 2206 1153 2279 ἀληθῆ’
1181 2207 1215 2279 ἢ
1242 2208 1271 2260 6
1300 2210 1370 2279 τῇ
1406 2208 1571 2278 σαρκὶ
1600 2206 1720 2261 ὲνού
1731 2224 1827 2278 με-

246 2314 335 2362 νος
355 2337 370 2362 ,
428 2298 709 2371 φιλήδονος
747 2299 947 2371 μᾶλλον
985 2299 1020 2371 ἢ
1049 2298 1319 2368 φιλόθεος.
1352 2299 1426 2353 Τὸ
1461 2299 1560 2370 μὲν
1593 2294 1684 2353 οῦν
1713 2299 1830 2353 ὁλο-

247 2389 438 2461 σχερὲς
460 2390 559 2462 τῆς
585 2390 903 2464 παραϐολῆς
931 2389 1124 2454 οὕτως.
1178 2389 1463 2455 Ἐκλάϐοις
1494 2391 1551 2447 δὲ
1607 2391 1705 2445 καὶ
1730 2391 1827 2446 ἀλ-

243 2479 351 2544 λως
383 2482 525 2535 κατά
556 2481 648 2536 τὸν
670 2482 1018 2538 τόπον.”οσον
1066 2480 1344 2553 ἄνθρωποι
1384 2482 1575 2554 ἐσμεν,
1607 2481 1702 2535 καὶ
1737 2480 1828 2559 τὸν

244 2569 477 2626 πλοῦτον
500 2571 602 2641 τῆς
633 2570 729 2625 τοῦ
760 2570 896 2625 Θεοῦ
931 2570 1300 2642 χρηστότητος
1330 2572 1394 2625 ού
1443 2570 1712 2643 συμφέρει
1745 2587 1830 2639 γι-

243 2661 473 2716 νώσκειν
503 2664 654 2735 ἡμῖν,
694 2662 910 2735 ἀληθῶς
941 2665 970 2717 6
1010 2664 1142 2731 Θεὸς
1198 2662 1472 2736 ἀνθρώπῳ
1517 2662 1822 2735 ὁμοιοῦται,

244 2754 311 2808 ἵν’
338 2754 414 2820 ώς
452 2755 735 2828 ἄνθρωπος
758 2755 1074 2828 ἀνθρώποις
1131 2755 1361 2830 λαλήσῃ,
1392 2757 1507 2820 τοῖς
1558 2753 1827 2826 χωροῦσιν

242 2846 660 2920 οίκονομηθῆναι
699 2848 806 2902 ὑπὸ
838 2847 931 2902 τοῦ
965 2846 1125 2912 Θεοῦ,
1179 2847 1356 2918 πάντη
1392 2847 1643 2918 μένοντος
1665 2844 1822 2899 Θεοῦ.

244 2937 355 2992 Καὶ
386 2938 506 2992 τότε
533 2939 803 2994 παύσεται
827 2942 1183 3013 ὁμοιούμενος
1209 2938 1501 3010 ἀνθρώπῳ,
1535 2938 1662 2991 ὅταν
1689 2936 1827 2991 παύ-

244 3031 470 3100 σάμενοι
498 3029 692 3104 ἔριδος,
732 3032 918 3104 ζήλου,
950 3034 1044 3087 καὶ
1073 3031 1183 3087 τῶν
1229 3029 1431 3085 λοιπῶν
1464 3029 1671 3095 κακῶν,
1732 3029 1826 3083 καὶ

241 3119 336 3174 τοῦ
370 3121 512 3175 κατὰ
554 3120 839 3195 ἄνθρωπον
869 3126 1214 3196 περιπατεῖν,
1247 3120 1567 3192 ἀξιωθῶμεν
1594 3119 1825 3174 ἀκοῦσαι

1932 2029 2151 2097 ponitur
2177 2046 2190 2083 :
2222 2027 2293 2082 Et
2323 2041 2602 2100 propterea
2639 2047 2746 2086 non
2783 2047 2995 2101 possum
3018 2031 3208 2086 venire.
3238 2030 3341 2098 Qui
3366 2031 3513 2088 enim

1931 2118 2211 2176 scnsibilia
2244 2121 2451 2187 vident,
2480 2122 2636 2178 aiunt
2661 2137 2720 2179 se
2748 2138 2859 2179 non
2885 2138 3048 2194 posse
3078 2124 3227 2194 quod
3261 2123 3515 2195 incorpo-

1928 2224 2085 2265 reum
2140 2220 2227 2267 est
2274 2213 2759 2282 comprehendere.
2812 2213 2964 2270 Alter
2994 2224 3177 2270 autem
3205 2216 3298 2286 qni
3327 2215 3466 2272 dixit
3494 2234 3509 2271 :

1935 2300 2161 2357 Uxorem
2189 2304 2321 2359 duxi
2361 2306 2427 2369 ¹⁷,
2463 2305 2510 2362 is
2562 2315 2649 2362 εει
2701 2307 2795 2377 qui
2848 2308 3061 2364 videtur
3120 2310 3397 2367 invenisse
3422 2327 3513 2368 sa-

1929 2393 2212 2462 pientiam,
2239 2403 2294 2450 et
2323 2395 2469 2452 illius
2506 2396 2779 2467 particeps
2836 2413 2958 2454 esse
3010 2398 3206 2469 factus,
3239 2411 3295 2457 at
3326 2418 3511 2458 veram

1930 2484 2255 2554 sapientiam
2282 2495 2502 2542 recusat
2531 2506 2543 2543 :
2587 2490 2671 2545 vel
2704 2491 2797 2560 qui
2826 2494 2979 2547 carni
3030 2494 3235 2561 unitur,
3271 2502 3327 2549 et
3353 2495 3512 2551 volu-

1929 2577 2095 2646 ptatis
2118 2579 2294 2649 magis
2320 2595 2485 2650 quam
2523 2581 2617 2638 Dei
2650 2591 2863 2639 amator
2922 2594 3026 2641 est.
3071 2584 3355 2643 Parabola:
3381 2603 3513 2657 ergo

1929 2683 2146 2723 summa
2207 2670 2324 2725 haec
2377 2680 2481 2727 est.
2535 2672 2823 2745 Explicare
2868 2678 3074 2746 poteris
3119 2679 3281 2734 etiam
3333 2681 3511 2735 aliter.

1928 2757 2213 2825 Quatenus
2273 2762 2527 2820 homines
2574 2781 2788 2832 sumus,
2836 2783 2937 2825 nec
2981 2769 3198 2827 divitias
3255 2771 3515 2829 bonitatis

1928 2849 2023 2906 Dei
2054 2852 2215 2909 nobis
2244 2856 2502 2911 conducit
2527 2871 2884 2928 cognoscere,
2929 2876 3058 2917 vere
3116 2861 3260 2919 Deus
3301 2865 3513 2920 homini

1927 2943 2280 3012 assimilatur,
2310 2955 2371 3002 ut
2400 2955 2666 3018 tanquam
2711 2950 2877 3012 homo
2912 2953 3172 3024 loquatur
3198 2955 3511 3013 hominibus

1926 3034 2021 3104 qui
2047 3046 2274 3105 possunt
2323 3039 2619 3110 gubernari
2665 3057 2695 3096 a
2733 3041 2862 3107 Deo,
2914 3045 3141 3100 omnino
3193 3058 3509 3103 remanente

1927 3124 2058 3182 Deo.
2089 3126 2157 3182 Et
2215 3137 2349 3186 tunc
2397 3131 2610 3187 desinet
2664 3133 2961 3191 assimilari
3005 3137 3236 3204 homini,
3288 3139 3508 3210 quando

241 3211 351 3265 ἀπὸ
372 3212 466 3266 τοῦ
495 3211 652 3268 Θεοῦ·
698 3214 841 3285 Ἐγὼ
867 3212 1026 3270 εἴπα-
1059 3215 1193 3269 Θεοι
1213 3215 1376 3278 ἐστε,
1399 3213 1497 3268 καί
1523 3213 1636 3268 viai
1665 3212 1827 3282 ’Υψί-

1931 3229 2208 3277 cessantes
2231 3238 2261 3276 a
2284 3224 2658 3292 contentione,
2691 3228 2828 3291 zelo,
2876 3238 2929 3284 ει
2963 3229 3190 3300 reliquis
3216 3232 3397 3296 malis,
3427 3240 3510 3286 at-

241 3318 395 3358 στου
423 3302 665 3371 πάντες.
688 3305 1037 3360 Πεπαύσεται
1061 3306 1119 3359 δὲ
1144 3306 1239 3360 καὶ
1270 3303 1415 3361 ἀλλα,
1436 3302 1606 3357 πολλὰ
1629 3300 1823 3358 καλού-

247 3413 426 3467 μενος,
457 3389 532 3450 ὧν
589 3397 921 3469 ἁμαρτωλὸς
972 3397 1165 3471 χρῄζει
1216 3396 1532 3469 ἄνθρωπος,
1581 3395 1820 3468 πάνθηρ,

243 3486 338 3542 καὶ¹
364 3488 520 3553 λέων,
549 3488 642 3542 καὶ
661 3488 884 3561 ἄρκτος,
905 3488 992 3554 ’ὡς
1023 3491 1081 3545 ἐν
1109 3491 1223 3554 τοῖς
1256 3489 1567 3560 προφήταις
1617 3487 1822 3559 γέγρα-

244 3594 396 3632 πται.
452 3578 724 3633 Παύσεται
750 3580 860 3652 γάρ
886 3579 1060 3635 ταῦτα
1111 3580 1358 3650 γίνεσθαι
1407 3579 1560 3643 Θεὸς,
1617 3578 1704 3631 ὅτε
1735 3578 1823 3633 διὰ

241 3670 367 3734 τοὺς
394 3670 516 3724 τάδε
552 3672 918 3743 πεποιηκότας
943 3671 1139 3743 μηκέτι
1163 3671 1351 3743 χρῄζει
1385 3669 1477 3725 τοῦ
1510 3669 1586 3734 ὡς
1613 3668 1821 3740 πάνθη-

246 3778 359 3832 ρος,
382 3762 476 3815 καὶ
497 3761 590 3815 τοῦ
624 3762 700 3827 ὡς
731 3763 965 3828 λέοντος,
999 3763 1093 3818 καὶ
1130 3761 1224 3817 τοῦ
1255 3763 1330 3828 ὡς
1358 3761 1559 3835 ἄρκτου
1591 3764 1824 3833 ἀπορου-

248 3852 430 3924 μένου.
465 3855 637 3919 Afra:
685 3855 786 3909 ούκ
838 3855 921 3910 ἔτι
975 3855 1114 3928 ἔχων
1157 3857 1284 3920 τοὺς
1338 3856 1616 3922 τοιούτους
1657 3854 1821 3910 αὐτοῦ

244 3946 565 4019 χρῄζοντας,
584 3949 875 4020 ὲμφανίσει
903 3950 1096 4005 ἑαυτὸν
1117 3949 1298 4015 καθώς
1328 3951 1466 4013 ἐστι,
1489 3949 1621 4014 Θεὸς
1652 3948 1825 4014 ἑστὼς

243 4037 303 4090 ὲν
341 4036 493 4109 μέσῳ
522 4038 682 4093 θεῶν.
715 4037 901 4103 Οὕτως
922 4039 1106 4093 ἀκούω
1134 4041 1229 4094 καὶ
1255 4039 1371 4094 τοῦ’
1407 4040 1460 4093 '0
1493 4040 1637 4107 Θεὸς
1658 4039 1825 4111 ἡμῶν

244 4128 367 4198 πῦρ
389 4131 869 4185 καταναλίσκον
895 4131 973 4202 τῷ
997 4130 1106 4204 γὰρ
1134 4132 1234 4188 οὐκ
1264 4132 1377 4187 ὅντι
1411 4132 1547 4204 ἀξίῳ
1596 4150 1825 4188 κατανα-

244 4221 524 4276 λίσκεσθαι
550 4221 663 4292 φῶς
683 4223 798 4275 ἐστι
825 4222 966 4276 κατά
1018 4223 1109 4276 τὸν
1158 4223 1410 4294 Ἰωάννην
1461 4225 1704 4294 λέγοντα·
1762 4226 1825 4279 '0

245 4315 393 4381 Θεὸς
422 4315 591 4384 ἡμῶν
614 4315 741 4385 φῶς
773 4317 938 4382 ἐστι,
982 4316 1080 4370 καὶ
1120 4316 1367 4370 σκοτεία
1406 4317 1476 4370 ἐν
1520 4315 1679 4383 αὐτῷ
1711 4318 1824 4372 οὐκ

246 4409 397 4463 ἐστι·
432 4410 524 4461 καί¹
551 4404 728 4474 αὖθιςυ
765 4411 962 4477 Οὔπω,
1017 4410 1201 4480 φησιν,
1230 4408 1568 4479 ἐφανερώθη
1598 4410 1656 4463 τί
1691 4410 1825 4464 ἐσό-

250 4502 412 4566 μεθα.
446 4501 703 4572 Οῖδαμεν
733 4502 821 4569 δέ,
845 4503 959 4569 ὅτι,
989 4504 1097 4557 ἐὰν
1144 4501 1479 4571 φανερωθῇ,
1511 4502 1698 4573 ὅμοιοι
1720 4506 1826 4557 αὐ-

1929 3326 2038 3382 que
2066 3313 2364 3369 secundum
2393 3315 2671 3372 hominem
2699 3319 2980 3376 ambulare
3008 3321 3337 3390 desinentes,
3358 3323 3508 3394 digni

1929 3399 2059 3457 facti
2083 3400 2350 3462 fuerimus
2391 3407 2583 3463 audire
2621 3428 2634 3463 :
2670 3408 2783 3481 Ego
2804 3410 2962 3466 dixi:
3017 3412 3109 3467 Dii
3134 3415 3283 3483 estis,
3323 3423 3372 3469 et
3407 3414 3510 3485 ﬁlii

1930 3490 2144 3550 Excelsi
2184 3512 2363 3552 omnes
2418 3498 2485 3553 ’⁸.
2520 3498 2742 3557 Desinet
2791 3504 2957 3560 etiam
3006 3504 3113 3559 alia
3145 3505 3377 3576 plurima
3406 3521 3507 3562 vo-

1929 3585 2065 3650 cari,
2089 3584 2255 3656 $2
2284 3587 2487 3658 quibus
2533 3601 2785 3660 peccator
2839 3595 3007 3653 homo
3056 3597 3278 3669 indiget,
3311 3614 3507 3669 nempe

1930 3677 2216 3745 panthera,
2258 3679 2366 3745 leo,
2421 3689 2478 3736 et
2519 3697 2703 3750 ursus,
2769 3685 2914 3741 sicut
2961 3687 3019 3742 in
3069 3688 3348 3758 prophetis
3377 3691 3510 3745 scri-

1929 3775 2080 3837 ptum
2105 3777 2209 3824 est.
2261 3767 2484 3827 Desinet
2522 3773 2670 3828 enim
2696 3761 2699 3765 ’
2726 3774 2841 3832 haec
2888 3792 3010 3835 esse
3057 3777 3225 3845 Deus,
3286 3781 3508 3851 quando

1928 3870 2149 3928 propter
2177 3872 2273 3916 cos
2301 3862 2395 3931 qui
2419 3862 2547 3919 talia
2577 3863 2845 3933 fecerunt,
2882 3883 2991 3923 non
3043 3869 3278 3939 amplius
3302 3870 3508 3941 indiget

1930 3947 2079 4005 illius
2106 3950 2201 4021 qui
2231 3959 2487 4025 tanquam
2534 3957 2820 4026 panthera,
2861 3960 2944 4015 vel
2996 3969 3255 4032 tanquam
3284 3963 3390 4028 leo,
3420 3964 3508 4020 vel

1931 4049 2193 4112 tanquam
2228 4060 2391 4102 ursus
2436 4048 2505 4103 ad
2556 4049 2799 4120 inopiam
2835 4051 3088 4109 redactus
3113 4065 3217 4111 εει.
3248 4055 3366 4126 Ipse
3393 4071 3504 4113 non

1932 4134 2167 4204 amplius
2189 4135 2399 4194 habens
2427 4138 2566 4196 tales
2594 4144 2690 4211 qui
2733 4142 2916 4214 seipso
2940 4145 3238 4217 indigeant,
3261 4148 3505 4219 seipsum

1931 4225 2309 4283 manifestabit
2335 4230 2496 4285 sicuti
2548 4243 2651 4299 est,
2693 4234 2947 4307 Deusque
3004 4238 3171 4294 stabit
3219 4239 3274 4292 in
3325 4239 3506 4296 medio
3618 4280 3633 4309 τ

1931 4315 2182 4373 deorum.
2216 4319 2309 4375 Sic
2336 4322 2546 4392 accipio
2572 4325 2735 4379 etiam
2775 4327 2907 4383 illud
2944 4347 2956 4383 :
2988 4328 3129 4385 Deus
3165 4339 3341 4386 noster
3366 4333 3506 4402 ignis

1931 4422 2240 4464 consumens
2274 4412 2352 4477 ¹⁹;
2387 4412 2434 4467 ei
2463 4413 2609 4469 enim
2641 4416 2736 4485 qui
2759 4417 2955 4488 dignus
2984 4435 3091 4475 non
3121 4429 3205 4477 cst
3229 4422 3505 4484 consumi,

1930 4496 2027 4552 lux
2050 4508 2136 4554 est
2170 4496 2470 4557 secundum
2501 4501 2771 4562 Joannem
2800 4508 3065 4563 dicentem
3095 4528 3108 4563 :
3161 4508 3300 4566 Deus
3330 4518 3506 4565 noster

252 4590 327 4657 τῷ
358 4591 636 4662 ἐσόμεθα,
667 4593 758 4648 ὅτι
812 4595 1080 4664 ὀψόμεθα
1106 4593 1295 4648 αὑτὸν
1320 4592 1513 4659 καθώς
1541 4594 1731 4648 ἐστιν.
1762 4594 1825 4647 Εἰ

1931 4589 2027 4641 tua:
2054 4598 2155 4656 est,
2180 4601 2229 4646 et
2262 4591 2487 4648 tenebra
2512 4595 2567 4648 in
2593 4612 2653 4649 eo
2683 4612 2784 4651 non
2834 4607 2957 4652 sunt
2988 4600 3053 4653 ‘°.
3085 4597 3150 4654 Et
3191 4614 3384 4656 rursus
3411 4601 3453 4632 ⁸⁸
3487 4617 3502 4655 :

257 4681 357 4757 γὰρ
382 4684 476 4738 καὶ
502 4684 820 4756 ἀξιωθῶμεν
851 4684 1041 4756 βλέψαι
1093 4685 1190 4740 νῦν
1222 4686 1314 4740 τὸν
1350 4685 1483 4739 Θεὸν
1510 4683 1593 4755 τῷ
1630 4684 1706 4754 νῷ
1736 4684 1830 4738 καὶ

259 4778 314 4848 τῇ
339 4776 555 4849 καρδία,
584 4777 646 4830 ού
672 4777 943 4849 βλέπομεν
975 4779 1140 4832 αὐτὸν
1162 4778 1342 4843 καθώς
1371 4779 1538 4843 εστιν,
1574 4776 1710 4831 ἀλλά
1729 4793 1829 4831 κα-

252 4868 358 4934 θὼς
389 4870 477 4924 διὰ
507 4870 607 4942 τὴν
656 4871 933 4943 ἡμετέραν
973 4872 1284 4943 οἰκονομίαν
1317 4872 1452 4941 ήμῖν
1498 4870 1726 4938 γίνεται·
1770 4871 1827 4924 ὲν

253 4961 307 5016 δὲ
334 4964 399 5033 τῇ
424 4963 865 5019 ἀποκαταστάσει
921 4963 1160 5028 πάντων,
1207 4966 1283 5027 ὡς
1332 4962 1560 5035 ὲλάλησε
1591 4962 1679 5017 διὰ
1707 4963 1828 5017 στό-

256 5071 425 5124 ματος
450 5055 560 5109 τῶν
599 5056 769 5125 ἁγίων
802 5055 988 5122 αὐτοῦ,
1031 5055 1276 5127 ὀψόμεθα
1300 5055 1399 5125 οὐχ
1426 5055 1503 5119 ὡς
1531 5053 1649 5119 νῦν,
1675 5054 1704 5107 ὅ
1725 5055 1829 5110 ούκ

256 5145 422 5211 ἔστιν,
457 5145 573 5200 ἀλλ’
601 5146 677 5212 ὡς
708 5148 911 5220 πρέπει
962 5148 1082 5202 τότε
1121 5148 1149 5201 ὃ
1194 5147 1331 5200 ἐστι.
1386 5145 1525 5217 Παρ⁹
1548 5147 1684 5218 ἡμῖν
1728 5146 1826 5216 μὲν

252 5239 366 5302 τοῖς
399 5237 704 5311 ἀνθρώποις
755 5238 1028 5313 ἀνθρώπῳ
1054 5224 1545 5311 ὡμοιώθη·”παρά
1598 5238 1654 5292 δὲ
1712 5242 1827 5304 τοῖς

253 5329 479 5394 ἑαυτοὺς
531 5331 925 5393 ἀποθεώσουσι,
956 5329 1095 5402 eaq»
1152 5330 1217 5384 Ὀ
1274 5328 1419 5397 Θεὸς
1468 5330 1578 5403 γὰρ
1638 5332 1831 5399 ἔστη,

254 5421 419 5492 φησιν
433 5462 447 5484 ,
487 5421 558 5475 ἐν
576 5422 898 5492 συναγωγῇ
933 5421 1102 5478 θεῶν.

1936 4680 2191 4736 Nondum
2243 4688 2493 4754 apparuit
2549 4688 2677 4757 quid
2725 4690 2943 4751 erimus.
3016 4690 3225 4746 Scimus
3255 4693 3506 4763 quoniam

1928 4791 2045 4828 cum
2097 4780 2427 4847 apparuerit,
2488 4781 2686 4838 similes
2725 4784 2774 4836 ei
2827 4785 3046 4849 erimus,
3091 4786 3339 4856 quoniam
3362 4786 3504 4840 vide—

1927 4866 2098 4922 bimus
2118 4885 2239 4922 eum
2267 4870 2425 4924 sicuti
2459 4883 2558 4926 est.
2594 4871 2707 4928 Etsi
2735 4872 2879 4928 enim
2908 4875 3056 4944 digni
3082 4874 3209 4930 facti
3238 4876 3506 4931 fuerimus

1927 4958 2114 5014 videre
2138 4975 2285 5015 nunc
2342 4958 2512 5016 Deum
2569 4970 2748 5016 mente
2794 4970 2850 5018 et
2901 4963 3084 5029 corde,
3116 4977 3228 5017 non
3257 4961 3509 5016 videmus

1933 5065 2058 5105 eum
2086 5050 2247 5106 sicuti
2275 5060 2378 5118 cst,
2414 5051 2507 5106 sed
2530 5050 2985 5121 quemadmodum
3016 5051 3172 5106 nobis
3193 5058 3278 5106 est
3304 5065 3505 5106 secun-

1932 5144 2061 5199 dum
2096 5152 2337 5199 nostram
2358 5144 2553 5215 agendi
2586 5144 2851 5199 rationem
2879 5146 2982 5198 τοίη
3007 5142 3346 5200 restitutione
3374 5157 3507 5197 vero

1935 5236 2204 5299 omnium,
2239 5234 2383 5290 sicut
2425 5234 2640 5290 locutus
2695 5244 2780 5291 est
2808 5249 2903 5305 per
2928 5250 2991 5290 os
3038 5243 3351 5290 sanctorum
3383 5248 3507 5289 suo-

1934 5342 2081 5393 rum,
2106 5327 2415 5382 videbimus
2438 5342 2546 5381 non
2570 5326 2712 5382 sicut
2740 5341 2907 5394 nunc,
2941 5326 3085 5397 quod
3114 5341 3222 5381 non
3255 5333 3360 5389 est,
3384 5325 3502 5388 sed.

1935 5419 2078 5476 sicut
2114 5418 2269 5474 decet
2297 5426 2451 5485 tunc,
2476 5418 2618 5488 quod
2650 5426 2754 5474 est.
2806 5417 2966 5489 Apud
3012 5433 3114 5473 nos
3144 5417 3363 5488 quidem
3404 5417 3508 5473 ho-

254 5516 431 5572 mines
459 5515 667 5572 homini
721 5518 1054 5575 assimilatus
1075 5528 1190 5581 est;
1229 5517 1370 5587 apud
1401 5532 1497 5574 eos
1526 5534 1658 5575 vero
1679 5518 1772 5590 qui
1802 5517 2017 5588 seipsos
2039 5516 2238 5573 divinae
2267 5523 2553 5572 consortes
2606 5522 2816 5571 natura:
2858 5513 3142 5582 fecerunt,
3168 5513 3281 5572 Deo
3309 5532 3325 5571 :
3363 5512 3505 5568 Deus

257 5606 429 5674 enim,
477 5605 684 5676 inquit,
712 5611 859 5666 stetit
902 5610 955 5663 in
995 5624 1261 5680 sunagoga
1285 5608 1501 5664 deorum
1527 5611 1595 5664 ".

336 5766 380 5799 "
410 5762 542 5820 Luc.
575 5780 692 5829 xm,
723 5764 810 5819 18.
910 5765 955 5797 ¹⁶
1004 5765 1133 5820 ibid.
1159 5763 1224 5821 i9
1250 5774 1304 5822 et
1327 5764 1416 5819 ΩΟ.
1515 5766 1559 5799 ’⁷
1585 5765 1713 5824 ibid.
1755 5766 1850 5823 20.

262 5834 315 5889 5.
389 5834 431 5866 ²¹
468 5835 485 5887 1
525 5833 681 5894 Joan.
719 5851 802 5901 ιιι,
830 5835 884 5889 2.
961 5837 1005 5868 ’³
1053 5835 1199 5892 Psal.
1265 5850 1453 5897 ιιιιιι,
1485 5835 1536 5890 1.

1963 5764 2012 5843 ’⁸,
2038 5719 2183 5823 Psal.
2218 5778 2403 5835 Lxxxt,
2438 5762 2499 5820 6.
2578 5763 2620 5797 ”
2653 5762 2819 5822 Hebr.
2847 5778 2948 5835 xu,
2979 5764 3070 5821 23.
3146 5763 3191 5796 ²⁰
3218 5758 3416 5818 Ηοειι.
3452 5776 3506 5828 ι..
