4002 6534
542 406 678 462 1907

1621 404 1944 462 οιιιοΕΝξδ
1975 403 2403 461 FRAGMENTA
2441 405 2506 460 ΙΝ
2537 404 2792 461 LUCAM.

3656 414 3770 469 {903

750 519 899 578 Orat.
931 538 1002 576 XI.
1041 524 1146 590 Είς
1168 521 1519 591 παραϐολὴν
1548 522 1653 576 τοῦ
1676 522 1934 585 ἀσώτου,
1961 521 2066 576 hoc
2098 537 2114 576 ι

2217 539 2227 574 :
2260 517 2326 573 In
2348 521 2658 589 parabolae:
2698 521 2933 591 prodigi,
2970 522 3083 577 haec
3114 521 3361 595 Origenis
3400 526 3585 583 habet.

606 636 878 709 lntelliges
906 639 1068 693 etiam
1114 640 1194 695 sic
1246 639 1554 695 desiderare
1608 638 1893 709 prodigum
1926 636 2112 692 satiari

2289 637 2522 707 Νοήσεις
2552 636 2608 688 δὲ
2658 638 2751 690 καὶ
2800 636 2973 701 οῦτως
3021 638 3082 692 τὸ
3135 638 3422 710 ἐπιθυμεῖν
3471 642 3772 714 κορεσθῆναι

533 730 775 800 siliquis.
830 729 1189 788 Rationabilis
1236 740 1453 795 natura,
1487 747 1611 787 cum
1668 746 1697 785 a
1728 739 1874 785 recta
1904 729 2115 785 ratione

538 838 731 878 aversa
759 833 865 888 cst,
897 823 1189 889 desiderat,
1223 825 1267 879 si
1322 824 1501 879 minus
1537 824 1591 877 in
1621 821 2112 893 praestantioribus,

538 913 730 970 saltem
825 915 880 968 in
940 915 1414 984 qualibuscunque
1479 913 1827 969 sermonibus
1885 911 2110 967 versari.

534 1003 806 1069 Quoniam
836 1019 967 1059 vero
997 1005 1206 1075 siliqua:
1226 1006 1544 1061 dulcescunt
1580 1004 1799 1075 quidem
1831 1014 1881 1058 et
1910 1004 2111 1073 impin-

534 1103 705 1163 guant
731 1110 950 1165 corpus,
980 1097 1208 1151 stercori
1231 1107 1411 1151 autem
1437 1111 1547 1151 non
1573 1096 1703 1150 dant
1734 1095 1902 1159 viam,
1938 1095 2113 1165 accipi

533 1197 764 1255 possunt
796 1203 893 1257 pro
921 1189 1161 1243 materia:
1190 1189 1547 1258 corporisque
1580 1188 1880 1242 amantium
1912 1188 2113 1256 proha-

532 1280 736 1336 bilibus
758 1282 1125 1348 sermonibus,
1181 1283 1515 1353 voluptatem
1553 1280 1849 1336 dicentium
1886 1280 2112 1341 bonum,

536 1371 901 1441 prurientium
924 1373 1175 1438 auribus,
1209 1381 1262 1427 ct
1318 1372 1386 1427 ad
1430 1371 1640 1426 fabulas
1674 1386 2015 1426 aversorunt.
2042 1366 2113 1422 Et

535 1479 685 1517 nemo
708 1464 869 1517 dabat
901 1464 966 1518 ".
1004 1464 1152 1519 Bona
1179 1465 1324 1520 enim
1372 1463 1554 1519 indole
1599 1462 1840 1532 praeditis
1868 1460 2114 1531 putridas

530 1557 851 1626 disciplinas
899 1574 1007 1613 non
1049 1558 1270 1612 tradunt
1324 1557 1474 1623 mali,
1507 1571 1576 1611 ne
1626 1555 2109 1626 reprehendantur.

534 1647 653 1704 Huc
682 1650 818 1705 adde
844 1651 987 1721 quod
1022 1658 1409 1706 extraneorum
1472 1663 1753 1705 sermones
1782 1647 1990 1701 nullum
2016 1646 2115 1701 ali-

533 1748 776 1795 mentum
802 1741 1170 1811 suppeditant,
1217 1758 1317 1797 nec
1364 1740 1511 1811 quod
1559 1740 1612 1794 in
1645 1738 1920 1794 alimentis
1950 1738 2115 1791 ratio-

533 1832 811 1888 nabilihus
874 1847 1044 1902 capax
1114 1841 1197 1888 est
1263 1840 1319 1885 et
1378 1829 1826 1895 distributivum,
1889 1826 2115 1895 implere

533 1931 765 1992 queunt.

2215 727 2306 780 τὸν
2339 726 2550 780 ἄσωτον
2601 729 2666 779 ἐκ
2715 726 2824 779 τῶν
2857 727 3147 799 κερατίων.
3207 729 3272 782 Ἦ
3309 730 3504 803 λογικὴ
3532 730 3685 801 φύσις
3725 739 3771 789 ἐν

2215 817 2410 887 ἀλογίᾳ
2441 816 2708 887 γενομένη
2736 816 3015 885 ἐπιθυμεῖ,
3048 817 3151 874 κᾶν
3186 818 3259 891 μὴ
3301 823 3360 874 ὲν
3402 822 3677 893 κρείττοσι
3701 824 3772 878 λό-

2217 926 2354 978 γοις,
2388 909 2446 962 ὲν
2476 909 2683 972 ὁποίοις
2715 908 2846 979 γοῦν
2872 911 3223 982 καταντῆσαι.
3263 913 3415 967 Ἐπεὶ
3461 914 3521 967 δὲ
3567 918 3771 988 κεράτια

2216 1000 2479 1070 γλυκάζει
2516 1002 2633 1073 μὲν,
2667 1002 2761 1054 καὶ
2792 1002 2993 1057 πιαίνει
3021 1003 3085 1056 τὸ
3131 1004 3310 1074 σῶμα,
3341 1005 3419 1076 τῷ
3452 1006 3510 1059 δὲ
3544 1008 3771 1080 σκυϐάλῳ

2216 1094 2275 1147 ού
2309 1093 2523 1147 δίδωσιν
2542 1093 2681 1158 ὁδὸν,
2716 1088 2824 1148 εἷεν
2846 1091 2912 1146 ἀν
2944 1092 3120 1149 ταῦτα
3144 1095 3411 1164 φιλοΰλων
3443 1098 3541 1151 καὶ
3570 1096 3773 1166 φιλοσω-

2220 1184 2404 1256 μάτων
2456 1186 2603 1255 λόγοι
2653 1185 2888 1251 πιθανοὶ,
2933 1186 3031 1258 τὴν
3062 1186 3252 1258 ἡδονὴν
3273 1188 3547 1257 λεγόντοιν
3573 1189 3770 1257 ἀγαθὸν,

2216 1277 2568 1349 κνηθομένων
2594 1277 2691 1350 τὴν
2721 1280 2913 1349 ἀκοὴν,
2945 1281 3041 1333 καὶ
3078 1282 3173 1345 ⁴ἐπὶ
3206 1282 3332 1345 τοὺς
3362 1281 3571 1352 μύθους
3608 1283 3773 1354 ἐκτρε-

2216 1370 2487 1440 πομένων.
2515 1371 2625 1425 Καὶ
2664 1372 2866 1438 οὐδεὶς
2911 1370 3135 1426 ἐδίδου.
3177 1373 3302 1437 Τοῖς
3325 1373 3435 1445 γὰρ
3471 1373 3688 1442 εὐφυέσι
3715 1375 3774 1427 τὰ

2218 1461 2394 1533 σαθρά
2423 1461 2723 1534 μαθήματα
2749 1465 2811 1517 ού
2848 1464 3233 1535 παραδιδόασιν
3260 1466 3309 1518 οί
3337 1464 3560 1534 φαῦλοι,
3610 1467 3689 1519 ἴνα
3712 1466 3776 1537 μὴ

2216 1552 2564 1624 ἐλέγχωνται.
2595 1554 2807 1618 ’Ἄλλως
2829 1572 2889 1609 τε
2913 1557 2961 1609 οἱ
2994 1554 3102 1608 τῶν
3128 1554 3324 1620 ἔξωθεν
3348 1555 3501 1624 λόγοι
3550 1557 3772 1626 ἄτροφοι,

2216 1643 2311 1697 καὶ
2338 1644 2399 1697 τὸ
2430 1644 2735 1716 χωρητικὸν
2781 1646 2875 1699 καὶ
2901 1646 3214 1701 ἀναδοτικὸν
3240 1646 3350 1702 τῶν
3399 1647 3639 1717 λογικῶν
3666 1662 3767 1720 τρο

2218 1734 2334 1803 φῶν
2357 1736 2634 1809 ἐμπλῆσαι
2664 1738 2725 1792 ού
2757 1738 3029 1793 δύνανται.

732 2014 883 2071 Orat.
916 2032 1003 2070 xv.
1029 2018 1132 2082 Εἰς
1169 2015 1284 2084 τὴν
1298 2015 1761 2084 μεταμόρφωσιν
1793 2008 2074 2079 Χριστοῦ,
2107 2008 2114 2061 i

2220 2023 2303 2069 st:
2338 2014 2404 2069 In
2435 2018 2956 2087 trausﬁgurationem
2984 2017 3208 2083 Christi,
3245 2017 3359 2072 haec
3389 2015 3601 2071 laudat.

602 2128 971 2195 Quamobrem
996 2138 1054 2184 ut
1078 2128 1240 2184 etiam
1270 2142 1554 2183 resumens
1578 2138 1887 2181 sermonem
1910 2123 2109 2185 dicam,

2284 2129 2394 2182 Καὶ
2439 2130 2620 2184 τοίνυν
2679 2130 2766 2183 ἵνα
2820 2130 2915 2183 καὶ
2974 2126 3336 2183 ἐπαναλαϐὼν
3385 2126 3482 2180 τὸν
3533 2125 3686 2193 λόγον
3718 2124 3782 2177 εῖ-

540 2236 649 2275 non
676 2219 879 2276 frustra
906 2230 1031 2291 post
1065 2236 1161 2275 sex
1184 2220 1301 2275 dies
1325 2218 1541 2274 Marcus
1567 2226 1620 2273 et
1652 2215 1937 2271 Matthaeus
1966 2213 2119 2268 aiunt

532 2313 827 2369 ascendere
856 2312 1043 2368 desum
1082 2314 1136 2367 in
1167 2322 1406 2369 montem
1471 2324 1597 2365 cum
1631 2306 1918 2378 discipulis
1951 2325 1963 2360 :
2024 2304 2117 2359 sed

525 2406 791 2477 quoniam
855 2421 951 2461 sex
1009 2406 1201 2461 diebus
1250 2403 1488 2477 perfecto
1535 2417 1763 2457 numero
1826 2401 2118 2454 universus

530 2499 771 2554 mundus
802 2496 979 2553 factus
1002 2508 1106 2564 est,
1136 2498 1231 2569 qui
1290 2498 1575 2552 universas
1602 2494 1788 2549 mundi
1810 2507 1898 2548 res
1927 2505 2117 2560 supcr-

534 2591 798 2661 greditur,
833 2590 1166 2660 stabilesque
1215 2589 1363 2644 solas
1414 2596 1646 2642 aeternas
1682 2584 1848 2651 videt,
1878 2584 1965 2637 hic
1998 2587 2119 2651 post

533 2696 629 2737 sex
660 2682 776 2735 dies
819 2692 1132 2752 assumptus
1188 2695 1310 2736 esse
1356 2679 1666 2735 declaratur
1725 2692 1757 2731 a
1808 2674 1936 2730 Jesu
1972 2691 1985 2727 :
2017 2672 2110 2742 qui

533 2775 679 2830 enim
715 2774 814 2831 bas
877 2789 1267 2845 supergressus
1315 2783 1417 2839 est,
1477 2772 1622 2827 videt
1653 2769 1840 2825 Jesum
1901 2765 2111 2821 nemini

532 2869 918 2941 corum983
953 2868 1046 2938 qui
1096 2866 1237 2921 infra
1287 2875 1435 2931 sunt,
1492 2863 1957 2933 transﬁguratum,
2022 2859 2116 2917 sed

531 2963 988 3018 transformatum
1018 2969 1143 3016 ante
1166 2976 1225 3016 se
1256 2979 1269 3015 :
1302 2967 1528 3031 apparet
1576 2958 1721 3013 enim
1748 2954 1987 3011 Verbum
2021 2970 2116 3009 va-

533 3057 645 3112 rias
671 3057 875 3111 habens
899 3054 1126 3119 formas,
1152 3053 1445 3124 unicuique
1471 3059 1634 3122 prout
1661 3065 1832 3120 capax
1858 3058 1939 3104 cst
1960 3068 1972 3103 :
1993 3048 2116 3105 aliis

533 3148 752 3218 quidem
782 3162 889 3201 non
916 3146 1079 3201 habet
1110 3146 1368 3215 speciem,
1401 3159 1577 3213 neque
1612 3140 2071 3211 pulchritudinem
2099 3158 2112 3193 :

534 3237 658 3291 aliis
685 3236 995 3305 speciosum
1033 3244 1115 3290 est
1145 3233 1319 3288 forma
1354 3252 1367 3287 :
1409 3234 1476 3286 iis
1505 3231 1649 3286 enim
1677 3231 1771 3298 qui
1822 3245 1915 3300 per
1943 3228 2115 3283 subli-

534 3328 645 3381 mia
678 3341 844 3396 opera
877 3325 1199 3389 ascendunt,
1244 3332 1298 3378 et
1346 3337 1440 3392 per
1470 3322 1586 3390 ipsa
1610 3321 1675 3373 ad
1724 3320 1999 3373 excelsum
2028 3333 2117 3372 sa—

534 3418 755 3489 pientia:
786 3426 1027 3471 montem
1054 3416 1301 3481 veniunt,
1327 3413 1646 3482 simpliciter
1693 3411 2031 3481 intelligitur,
2061 3418 2115 3464 et

2220 2239 2398 2293 ποιμι,
2439 2223 2499 2276 ού
2562 2221 2737 2293 μάτην
2770 2220 2887 2290 μεθ’
2941 2220 3001 2285 ἓξ
3054 2219 3267 2291 ἡμέρας
3317 2220 3346 2272 ὁ
3394 2217 3630 2290 Μάρκος
3659 2214 3784 2269 καὶὸ

2215 2315 2493 2380 Ματθαῖός
2516 2332 2679 2385 φασιν
2704 2313 2947 2369 ἀνελθεῖν
2978 2314 3069 2367 τὸν
3111 2311 3320 2383 Ἰησοῦν
3347 2312 3425 2374 είς
3457 2310 3525 2363 τὺ
3550 2310 3671 2381 ὅρος
3702 2307 3784 2361 σὺν

2216 2410 2329 2471 τοῖς
2366 2405 2652 2477 μαθηταῖς·
2688 2405 2802 2459 ἀλλ’
2833 2406 2956 2459 ἐπεὶ
2980 2405 3038 2458 ὲν
3076 2402 3137 2469 ἒξ
3173 2403 3410 2475 ἡμέραις
3461 2402 3656 2473 τελείῳ
3681 2402 3785 2471 ἀρι-

2217 2497 2340 2570 θμῷ
2370 2501 2398 2553 ὁ
2449 2496 2672 2569 σύμπας
2704 2497 2907 2569 κόσμος
2960 2496 3273 2569 γεγένηται,
3301 2498 3329 2550 ὁ
3368 2495 3554 2550 πάντα
3609 2493 3675 2546 τὰ
3703 2491 3784 2545 τοῦ

2218 2592 2425 2662 κόσμου
2450 2590 2794 2662 ὑπερϐαίνων
2823 2590 3144 2660 πράγματα,
3175 2588 3388 2659 βλέπων
3414 2588 3479 2642 δὲ
3499 2588 3571 2641 τὰ
3596 2585 3785 2639 ἑστῶτα

2221 2684 2357 2756 μόνα
2388 2682 2482 2736 καὶ
2514 2682 2728 2749 αἰώνια,
2754 2677 2909 2747 οὗτος
2942 2682 3060 2754 μεθ’
3087 2681 3146 2748 ἒξ
3188 2681 3400 2752 ἡμέρας
3429 2678 3784 2751 παρειλῆφθαι

2216 2775 2471 2847 δηλοῦται
2500 2774 2578 2845 τῷ
2624 2774 2817 2845 Ἰησοῦ’
2853 2777 2881 2827 ὁ
2914 2772 3023 2846 γὰρ
3056 2773 3260 2838 ταύτας
3309 2771 3565 2844 ύπερΰάς
3620 2768 3785 2840 βλέπει

2216 2869 2306 2923 τὸν
2352 2866 2581 2940 Ἰησοῦν,
2620 2866 2712 2919 τὸν
2736 2866 2912 2920 οὐδενὶ
2930 2866 3038 2921 τῶν
3062 2868 3213 2921 κάτω
3260 2862 3783 2937 μεταμορφούμενον,

2221 2960 2720 3034 μεταμορφωθέντα
2765 2958 3072 3032 ἔμπροσθεν
3111 2958 3295 3013 αὑτοῦ.
3325 2957 3587 3012 Φαίνεται
3623 2954 3725 3025 γὰρ
3760 2954 3786 3004 ό

2217 3055 2391 3124 Λόγος
2422 3055 2709 3126 διαφόρους
2766 3054 2905 3125 ἔχων
2962 3051 3196 3125 μορφὰς,
3250 3050 3464 3120 ἑκάστῳ
3509 3049 3589 3112 ὡς
3615 3047 3782 3118 χωρεῖ’

2217 3150 2330 3211 τοῖς
2368 3147 2465 3218 μὲν
2494 3148 2595 3201 οὐκ
2620 3146 2733 3217 ἔχει
2765 3143 2924 3210 εἶδος,
2979 3145 3097 3198 οὐδὲ
3130 3143 3344 3208 κάλλος,
3368 3144 3485 3207 τοῖς
3515 3142 3575 3195 δὲ
3601 3139 3782 3211 ὡραῖός

2218 3243 2335 3294 ἐστι
2358 3239 2564 3293 κάλλει·
2585 3240 2698 3301 τοῖς
2724 3238 2820 3309 μὲν
2849 3236 2957 3310 γὰρ
2988 3235 3334 3291 ἀναόαίνουσι
3356 3233 3445 3288 διὰ
3473 3232 3592 3287 τῶν
3614 3233 3788 3285 ἐπανα-

2218 3331 2527 3404 ϐεϐηκότων
2574 3330 2769 3402 ἔργων,
2793 3330 2889 3383 καὶ
2936 3328 3002 3383 δι’
3020 3328 3198 3381 αὐτῶν
3222 3327 3314 3379 ἐπὶ
3340 3325 3400 3378 τδ
3439 3324 3647 3396 ὑψηλὸν
3677 3321 3787 3392 δρος

2216 3419 2315 3488 τῆς
2367 3418 2560 3487 σοφίας
2620 3418 2956 3489 ἐρχομένοις,
3018 3415 3384 3487 ἁπλούστερον
3445 3415 3653 3467 νοεῖται
3708 3410 3788 3464 καὶ

536 3508 838 3565 secundum
894 3520 1116 3563 carnem
1175 3504 1572 3575 cognoscitur:
1628 3501 1882 3573 perfectis
1934 3509 2113 3554 autem

2218 3509 2361 3564 κατά
2401 3511 2579 3581 σάρκα
2621 3510 2966 3579 γινώσκεται’
3003 3512 3115 3573 τοῖς
3147 3509 3204 3562 δὲ
3249 3507 3474 3570 τελείοις
3534 3504 3784 3572 θεολογεῑ-

538 3599 682 3656 Deus
721 3599 970 3663 habetur,
1007 3596 1145 3651 etin
1201 3594 1295 3649 Dei
1328 3594 1500 3650 forma
1540 3593 1841 3650 secundum
1896 3592 2114 3647 illorum

535 3693 901 3764 cognitionem
937 3689 1292 3761 conspicitur.
1342 3687 1670 3759 Besplendet
1703 3694 1885 3741 autem
1912 3694 1965 3741 et
1990 3686 2114 3740 vul-

537 3794 627 3840 tus
655 3784 777 3854 ejus
800 3783 943 3839 sicut
966 3781 1070 3848 sol,
1108 3780 1395 3836 ﬁliislucis
1427 3788 1481 3835 et
1503 3779 1611 3834 diei
1641 3778 1867 3849 iustitia
1897 3779 1979 3834 sol
2021 3795 2116 3849 ap-

536 3891 755 3949 parens.
782 3874 884 3930 Sed
909 3884 962 3930 et
986 3874 1308 3930 vestimenta
1331 3873 1452 3943 ejus
1480 3872 1547 3927 iis
1579 3886 1717 3942 quos
1750 3871 1905 3925 duxit
1934 3871 1989 3924 in
2022 3885 2116 3924 cx-

536 3966 747 4023 eelsum
780 3974 1044 4031 montem,
1085 3964 1333 4019 videntur
1356 3963 1476 4017 alba
1511 3962 1652 4017 sicut
1678 3960 1770 4015 lux
1801 3979 1814 4015 :
1843 3975 1965 4030 quae
1988 3958 2115 4029 qui-

538 4059 664 4113 dem
700 4066 827 4112 sunt
854 4071 1037 4122 voces,
1070 4063 1125 4110 et
1152 4070 1288 4125 quas
1322 4053 1499 4108 induit
1531 4052 1854 4122 evangelicae
1882 4052 2110 4105 litterae:

537 4160 671 4222 puto
705 4159 885 4203 autem
917 4157 973 4203 et
997 4147 1366 4218 apostolorum
1414 4146 1611 4214 scripta
1647 4144 1941 4214 designari.
1976 4142 2114 4199 Cum

538 4255 672 4312 ergo
695 4240 896 4296 videris
925 4240 1235 4310 quempiam
1272 4238 1340 4293 de
1367 4236 1494 4293 Jesu
1549 4237 1831 4293 divinitate
1864 4248 2117 4293 accurate

540 4334 926 4396 disserentem,
961 4340 1016 4386 et
1074 4346 1291 4386 omnem
1352 4329 1766 4401 Evangeliorum
1822 4329 2115 4385 dictionem

541 4423 927 4488 elueidantem,
959 4438 1027 4477 ne
1051 4422 1268 4478 dubites
1302 4421 1395 4474 tali
1427 4421 1607 4475 dicere
1628 4419 1770 4497 facta
1802 4434 1924 4476 esse
1950 4420 2115 4476 vesti-

540 4522 726 4570 menta
754 4512 883 4569 .lesu
910 4514 1031 4568 alba
1060 4514 1201 4568 sicut
1232 4517 1346 4566 lux.
1376 4510 1437 4564 Ei
1459 4512 1551 4582 qui
1583 4512 1662 4566 sic
1684 4511 1879 4566 viderit
1905 4510 2114 4572 Jesum.

540 4606 1014 4675 eonspicuierunt
1053 4606 1267 4678 Moyses
1297 4606 1406 4672 lex,
1467 4615 1520 4661 et
1567 4604 1711 4659 Elias
1765 4604 2116 4673 propheticus

542 4709 725 4750 sermo
755 4710 879 4749 cum
913 4694 1038 4749 Jesu
1101 4697 1407 4765 loquentes.
1460 4695 1562 4761 Qui
1597 4695 1731 4748 vidit
1770 4694 1973 4765 Moysis
2002 4696 2116 4765 glo-

538 4785 701 4851 riam,
737 4794 791 4839 et
824 4784 1089 4839 intellexit
1145 4786 1445 4855 spiritalem
1475 4786 1645 4855 legem
1675 4800 1798 4839 eum
1848 4784 1974 4839 Jesu
2008 4801 2118 4841 ser-

538 4893 701 4933 mone
723 4887 1132 4945 consonantem,
1155 4887 1210 4933 et
1237 4878 1379 4948 apud
1405 4877 1695 4948 prophetas
1737 4878 2111 4934 absconditam

538 4969 595 5025 in
638 4971 897 5041 mysterio
941 4970 1286 5039 sapientiam,
1316 4970 1453 5024 vidit
1484 4969 1703 5041 Moysen
1746 4978 1801 5025 et
1845 4969 2017 5024 Eliam
2054 4972 2110 5027 in

538 5063 733 5134 gloria,
765 5064 985 5133 quando
1008 5065 1141 5119 vidit
1172 5064 1294 5120 illos
1330 5079 1454 5118 cum
1484 5062 1632 5119 Jesn.
1688 5062 1778 5119 Sic
1823 5065 1970 5118 enim
2001 5063 2110 5118 Lu-

2216 3620 2327 3667 ται,
2360 3603 2455 3656 καὶ
2481 3604 2538 3656 έν
2565 3605 2630 3672 τῇ
2655 3602 2750 3655 τοῦ
2781 3601 2915 3655 Θεοῦ
2959 3603 3137 3673 μορφῇ
3172 3599 3313 3653 κατά
3340 3598 3439 3669 τὴν
3463 3596 3670 3665 γνῶσιν
3698 3594 3785 3649 αὖ·

2215 3693 2324 3747 τῶν
2350 3694 2656 3765 θεωρεῖται.
2714 3694 2936 3765 Λάμπει
2980 3692 3037 3746 δὲ
3069 3692 3163 3745 καὶ
3218 3691 3280 3744 τδ
3315 3690 3613 3762 πρόσωπον
3640 3684 3785 3742 αὑτοῦ

2216 3788 2291 3852 ὼς
2316 3790 2345 3841 ὁ
2375 3789 2546 3859 ἣλιος,
2580 3791 2692 3852 τοῖς
2716 3789 2925 3851 τέκνοις
2960 3786 3137 3855 φωτὸς
3184 3785 3277 3839 καὶ
3324 3784 3566 3889 ἡμέρας,
3596 3783 3786 3836 δικαιοο

2219 3879 2385 3952 σύνης
2412 3881 2561 3951 ἥλιος
2593 3880 3021 3951 φανερούμενος·
3062 3877 3198 3932 ἀλλά
3234 3878 3327 3931 καὶ
3367 3873 3455 3930 cf
3489 3876 3684 3946 ίμάτια
3705 3873 3789 3926 αύ-

2214 3973 2309 4028 τοῦ
2342 3978 2454 4037 τοῖς
2478 3973 2786 4044 ἀναχθεῖσιν
2809 3974 2899 4026 ὑπ’
2922 3972 3085 4028 αὑτοῦ
3118 3976 3195 4037 είς
3222 3971 3284 4025 τὸ
3310 3969 3514 4040 ὑψηλὸν
3539 3968 3666 4040 ὅρος
3684 3965 3789 4036 φαί-

2216 4082 2365 4119 νεται
2405 4062 2573 4116 λευκά
2602 4063 2677 4126 ὡς
2701 4063 2762 4116 τὸ
2794 4062 2926 4132 φῶς·
2960 4063 3104 4132 ἅπερ
3129 4060 3275 4113 ἐστὶν
3300 4060 3357 4111 αἱ
3388 4057 3589 4121 λέξεις,
3625 4056 3716 4108 καὶ
3757 4052 3788 4105 ἀ

2216 4153 2503 4209 ἐνεδύσατο
2534 4154 2643 4206 τῶν
2696 4151 3043 4221 Εὐαγγελίων
3088 4150 3407 4220 γράμματα·
3441 4142 3601 4217 οἶμαι
3645 4145 3691 4198 δ’
3714 4141 3787 4195 δτι

2216 4248 2310 4301 καὶ
2332 4248 2398 4300 τὰ
2429 4246 2538 4301 ἀπὸ
2568 4246 2667 4315 τῆς
2697 4244 2923 4316 Γραφῆς
2968 4242 3077 4296 τῶν
3124 4241 3432 4295 ἀποστόλων
3472 4238 3785 4309 δηλούμενα.

2229 4338 2400 4391 Ἐπὰν
2427 4333 2520 4391 οὖν
2557 4337 2677 4408 ἴδῃς
2706 4336 2826 4389 τινὰ
2858 4335 2957 4406 τὴν
2991 4336 3118 4407 περὶ
3166 4333 3261 4387 τοῦ
3308 4331 3485 4402 Ἰησοῦ
3519 4327 3788 4397 θεολογίαν

2221 4427 2555 4500 ἀκριϐοῦντα
2578 4428 2673 4480 καὶ
2701 4427 2800 4498 τὴν
2827 4426 2971 4490 λέξιν
2990 4426 3097 4478 τῶν
3117 4423 3467 4493 Εὖαγγελίων
3488 4423 3672 4476 πᾶσαν
3703 4436 3789 4471 σα-

2219 4515 2529 4586 φηνίζοντα,
2565 4515 2641 4587 μὴ
2666 4515 2815 4569 ὅκνει
2840 4514 2917 4585 τῷ
2948 4513 3174 4585 τοιούτῳ
3225 4515 3455 4582 φάσκειν
3516 4509 3788 4581 γεγονέναι

2215 4606 2284 4660 τά
2321 4608 2512 4678 ἱμάτια
2541 4607 2637 4659 τοῦ
2680 4605 2855 4677 Ἰησοῦ
2888 4606 3054 4659 λευκά
3084 4606 3159 4669 ὡς
3183 4604 3243 4658 τὸ
3274 4604 3409 4675 φῶς.
3432 4603 3525 4675 Τῷ
3554 4603 3601 4656 δ’
3627 4601 3788 4663 οὕτως

2221 4698 2383 4752 ἰδόντι
2415 4699 2508 4752 τὸν
2546 4698 2753 4768 Ἰησοῦν
2783 4698 2997 4769 ὀφθεῖεν
3037 4698 3103 4752 ἂν
3150 4699 3392 4768 Μωῦσῆς
3420 4700 3448 4752 ὁ
3482 4698 3668 4767 νόμος
3702 4695 3786 4749 καὶ

2232 4790 2416 4853 Ἠλίας
2446 4793 2475 4843 ό
2521 4790 2857 4862 προφητικδς
2901 4790 3058 4859 λόγος
3077 4831 3094 4853 ,
3137 4790 3601 4861 κοινολογούμενοι
3662 4787 3789 4859 πρὸς

2217 4882 2308 4935 τὸν
2350 4881 2575 4952 Ἰησοῦν.
2642 4882 2700 4933 '0
2741 4880 2796 4933 δὲ
2846 4879 2969 4934 ἰδὼν
3018 4879 3115 4951 τὴν
3146 4881 3424 4945 Μωῦσέως
3475 4880 3658 4947 δόξαν,
3701 4877 3787 4932 καὶ

2216 4974 2415 5044 νοήσας
2463 4973 2555 5026 τὸν
2595 4972 2965 5043 πνευματικὸν
3007 4973 3170 5043 νόμον
3220 4972 3615 5044 συμφωνοῦντα
3662 4969 3789 5041 πρὸς

2213 5066 2305 5119 τὸν
2350 5064 2527 5136 Ἰησοῦ
2552 5064 2728 5135 λόγον,
2765 5064 2861 5117 καὶ
2893 5065 2990 5135 τὴν
3020 5065 3077 5117 ὲν
3119 5066 3230 5127 τοῖς
3271 5065 3576 5134 προφήταις
3604 5064 3665 5116 ἐν
3700 5080 3790 5132 μυ·-

537 5170 674 5210 cas:
712 5153 781 5209 Et
834 5172 948 5210 ecce
1000 5156 1105 5210 duo
1166 5156 1265 5210 viri
1321 5156 1667 5226 loquebantur
1717 5171 1834 5209 cum
1859 5156 1976 5222 illo,
2018 5156 2109 5226 qui

2217 5159 2426 5229 στηρίῳ
2449 5157 2838 5228 κεκρυμμένην
2862 5156 3072 5226 σοφίαν,
3088 5152 3193 5209 εἶδε
3213 5155 3455 5225 Μωῦσῆν
3481 5154 3573 5208 καὶ
3613 5154 3788 5207 Ἠλίαν

538 5258 691 5301 erant
722 5246 927 5318 Moyses
967 5259 1016 5302 et
1043 5248 1211 5315 Elias,
1237 5248 1331 5318 qui
1355 5250 1454 5303 visi
1493 5250 1547 5301 in
1570 5250 1846 5319 majestate
1871 5249 2112 5303 dicebant

2218 5253 2277 5305 ὲν
2297 5250 2443 5322 δόξῃ,
2470 5251 2559 5303 ὅτε
2585 5244 2722 5302 εἶδεν
2757 5250 2953 5313 αὐτοὺς
2984 5248 3121 5318 μετὰ
3147 5247 3240 5302 τοῦ
3283 5244 3476 5318 Ἰησοῦ.
3505 5245 3663 5300 Οὕτω
3689 5245 3789 5316 γὰρ

538 5354 807 5392 excessum
853 5340 987 5408 ejus,
1040 5356 1190 5409 quem
1220 5330 1578 5411 'completurus
1626 5352 1737 5394 erat
1780 5342 1835 5393 in
1892 5340 2114 5395 Jerusa-

2220 5344 2248 5395 ὁ
2283 5343 2497 5407 Λουκᾶς
2522 5361 2705 5414 φησιν,
2736 5344 2817 5397 ὅτι
2866 5342 2974 5397 Καὶ
3006 5342 3133 5395 ίδοὺ
3159 5339 3373 5408 ἄνδρες
3395 5340 3505 5394 δύο
3534 5335 3789 5393 amid-

540 5428 643 5482 lcm
667 5430 735 5497 ⁸⁸,
768 5432 869 5486 hoc
896 5441 979 5487 est
1004 5447 1221 5487 crucem
1247 5444 1301 5488 et
1327 5434 1638 5504 passionem
1671 5442 1936 5488 sanctam.

2220 5438 2375 5488 .lovr
2415 5433 2612 5501 αὐτῷ,
2667 5436 2884 5500 οἵτινες
2928 5432 3092 5505 ἦσαν
3124 5431 3385 5498 Μωῦσῆς
3425 5430 3526 5485 καὶ
3569 5430 3784 5492 Ἠλίας.

540 5520 598 5573 οἳ
635 5522 918 5590 ὀφθέντες
943 5525 1013 5578 ἐν
1048 5524 1199 5594 δόξῃ
1235 5526 1449 5597 ἔλεγον
1477 5525 1593 5595 τὴν
1635 5525 1851 5592 ἔξοδον
1909 5525 2117 5594 αὐτοῦ,
2161 5525 2233 5595 ἢν
2284 5526 2504 5597 ἔμελλε
2539 5526 2815 5597 πληροῦν
2856 5528 2927 5581 ἐν
2977 5523 3392 5594 Ἰερουσαλὴμ,
3426 5522 3671 5576 τουτέστι
3705 5517 3786 5571 τὸν

542 5613 774 5684 σταυρὸν
806 5614 902 5667 καὶ
928 5617 991 5667 τὸ
1018 5616 1273 5679 πάθος,τὸ
1302 5618 1477 5686 ἆγιον.

608 5704 740 5770 Qua:
771 5706 931 5775 igitur
960 5721 990 5761 ο
1019 5708 1162 5763 nube
1206 5724 1310 5763 vox
1354 5710 1608 5780 erumpit,
1672 5709 1901 5771 fortasse
1940 5711 2111 5784 Moysi

606 5822 650 5857 ⁸³
680 5820 813 5879 Luc.
857 5839 946 5891 xv,
981 5823 1064 5880 l6.
1141 5825 1186 5857 "'
1217 5825 1348 5883 Luc.
1382 5842 1455 5891 tx,
1493 5827 1581 5891 230,
1614 5830 1703 5886 δι.

2301 5712 2367 5764 ’Π
2397 5709 2573 5766 τοίνυν
2608 5711 2670 5763 ὲκ
2696 5708 2795 5779 τῆς
2829 5706 3057 5779 νεφέλης
3085 5704 3235 5777 φωνὴ
3272 5703 3410 5776 τάχα
3448 5703 3544 5775 μὲν
3568 5697 3787 5757 Marica!
