3998 6346
3757 155 3810 168 ο,

448 300 508 357 Η
1642 293 1951 356 SANCTUS
1989 293 2200 356 FELIX
2237 295 2418 356 PAPA
2459 293 2523 355 ΙΙ.
3679 302 3749 359 η

439 419 532 484 21,
567 417 824 474 diaconos
851 418 906 484 5,
950 419 1238 488 episcopos
1267 429 1366 486 per
1393 414 1611 470 diversa
1651 415 1768 470 loca
1799 415 1885 470 19.
1936 413 2040 484 Qui
2069 415 2382 480 Abamaso
2411 415 2756 488 presbytero,
2790 421 2844 470 et
2874 413 3148 484 sepultum
3178 421 3265 471 est
3301 413 3355 470 in
3384 411 3613 472 basilica
3651 430 3747 471 su-

441 513 605 570 etiam
635 515 652 544 ‘
679 526 870 583 passus
898 520 983 567 est
1011 511 1064 565 in
1093 510 1310 566 civitate
1338 507 1551 564 Corona
1579 522 1702 562 cum
1729 506 1914 561 multis
1935 507 2046 562 cle—
2147 508 2414 580 pradicta,
2445 522 2609 579 quam
2636 507 2750 578 ipse
2780 505 2865 561 via
2895 506 3119 563 Aurelia
3141 515 3547 575 construxerat,
3569 508 3591 539 ³
3612 507 3750 564 duo-

442 607 572 663 ricis
598 617 654 664 et
670 606 918 661 fidelibus
948 604 1163 660 occulte
1186 603 1340 674 juxta
1373 617 1557 658 muros
1585 601 1737 657 urbis
1756 603 1778 633 ⁸
1807 601 1875 656 ad
1895 601 2050 657 lacus
2145 591 2361 658 decimo
2389 601 2654 657 kalendas
2701 599 3039 666 Decembris,
3085 600 3346 656 milliario
3386 599 3648 658 secundo.
3682 599 3750 656 Et

444 699 690 771 Trajani,
741 699 902 755 tertio
930 695 1052 753 idus
1082 691 1424 752 Novembris.
1481 693 1549 750 Et
1595 693 1792 750 exinde
1830 703 2048 766 raptum

443 803 530 850 est
557 808 758 864 corpus
788 792 908 862 ejus
933 805 964 846 a
994 790 1330 862 presbyteris
1365 798 1421 845 et
1451 788 1670 846 clericis
1696 799 1882 856 noctu,
1922 802 2044 844 cum

516 927 534 958 ³
565 926 744 982 Canite
771 935 1055 981 truncatus.

517 945 534 958 -
565 945 638 982 ea
675 945 744 981 ue
771 945 1055 981 truncatus.

511 999 533 1030 ²
561 945 803 1052 Aftatus
829 999 1010 1068 forma:
1033 996 1274 1071 Trajani.

813 1235 866 1282 (ἢ

2148 695 2385 753 cessavit
2406 696 2757 768 episcopatus
2784 694 2906 753 dies
2931 695 3154 768 triginta
3186 703 3332 752 octo.

2215 922 2236 955 ³
2264 915 2474 976 Decimo
2499 915 2737 993 septimo.

1344 1240 1937 1328 EPISTOL/E
2010 1235 2161 1326 ET
2234 1237 2833 1327 DECRETA.

1909 1421 2313 1433 ——_—_——

1019 1528 1045 1557 τι
1069 1517 1086 1550 ⁸
1115 1515 1452 1574 EPISTULA

548 1629 594 1674 Β.
637 1627 923 1672 ΑτιιΑΝΑειι
975 1627 1042 1669 ΕΤ
1081 1626 1443 1668 εῦῑρτιοιωιί
1498 1623 1828 1668 PONTIHCUI
1868 1625 1936 1664 AD

975 1723 1205 1765 FELICEM
1245 1723 1282 1763 ιι
1319 1721 1515 1764 ΡΑΡΔΙ.

811 1801 888 1858 De
914 1801 1324 1872 infestationibus
1351 1802 1684 1858 Arianorum.

430 1902 664 1960 Domino
687 1897 1008 1956 beatissimo
1029 1907 1084 1954 et
1112 1896 1444 1963 honorabili,
1463 1905 1656 1953 sancto
1687 1891 1822 1967 patri
1853 1887 2046 1962 Felici,

507 2006 712 2055 sancta:
742 1993 891 2050 sedis
919 1993 1235 2064 apostolicae
1267 1991 1418 2048 urbis
1449 1991 1638 2048 Romae
1670 2006 1844 2062 papae,
1875 1988 2046 2044 Atha-

508 2093 693 2149 nasius
719 2102 772 2147 et
795 2087 1041 2144 universi
1069 2087 1480 2161 Egyptiorum,
1523 2085 1949 2152 Thebaidorum,
1989 2089 2046 2137 et

507 2185 806 2258 Libyorum
836 2182 1103 2253 episcopi,
1137 2181 1192 2236 in
1215 2188 1402 2235 sancta
1433 2176 1802 2234 Alexandrina
1829 2173 2046 2248 synodo

505 2277 680 2348 gratia
706 2275 798 2331 Dei
827 2273 1163 2345 congregati.
1257 2279 1262 2284 ‘

504 2371 707 2427 Vestro
735 2377 932 2424 sancto
962 2380 1303 2438 suggertmus
1340 2361 1588 2436 (Maurus
1631 2360 1857 2417 Cruenta
1884 2359 2042 2430 episc.

431 2463 500 2518 ad
531 2462 593 2519 S.
627 2461 953 2526 Martinam;
984 2474 1209 2513 consess.
1239 2458 1266 2511 1
1293 2456 1484 2510 concit.
1525 2453 1724 2520 Later.,
1751 2469 1890 2506 anno
1915 2447 2045 2523 649)

436 2555 791 2627 apostolatui,
839 2561 898 2607 ut
946 2551 1145 2616 nostri,
1190 2563 1342 2603 more
1389 2547 1572 2612 solito,
1618 2543 2042 2601 sollicitudinem

431 2663 628 2721 gerere
681 2643 1003 2718 dignemini,
1049 2646 1203 2713 juxta
1262 2647 1501 2696 vestram
1558 2638 2043 2710 prudentissimam

433 2737 785 2810 sapientiam,
814 2752 934 2808 qua:
959 2734 1210 2788 omnibus
1231 2732 1352 2788 luce
1377 2731 1584 2787 clarius
1611 2729 1894 2785 manifesta
1923 2737 2041 2785 est:

432 2837 562 2908 quia
589 2833 904 2906 apostolicis
933 2839 1112 2886 vestra
1136 2827 1418 2884 beatitudo
1438 2827 1744 2882 visceribus
1770 2831 2042 2880 commota

435 2925 748 3001 (Deusdedit
785 2922 1123 2978 Calaritauus
1173 2938 1257 2991 ep.
1291 2919 1360 2974 ad
1405 2918 1467 2975 S.
1523 2917 1832 2990 Martinam)
1880 2931 2045 2984 super

430 3019 786 3075 tribulatione
831 3027 1039 3084 nosua,
1083 3029 1184 3068 nos
1215 3028 1408 3067 omnes
1439 3013 1662 3067 hortata
1707 3022 1813 3078 est,
1842 3011 1910 3066 ad
1942 3011 2046 3066 tui-

431 3113 642 3168 tionem
673 3110 959 3167 catholicae
1004 3115 1059 3162 et
1085 3105 1402 3178 apostolica:
1448 3105 1715 3161 Ecclesiae
1765 3105 1818 3159 in
1867 3117 2037 3159 unum

433 3206 761 3270 convenire,
811 3212 867 3260 et
910 3202 978 3258 de
1030 3209 1218 3256 nostra
1261 3199 1621 3269 oppressione
1670 3197 1936 3253 canonice
1986 3204 2042 3252 et

433 3299 769 3356 unanimiter
795 3305 1055 3362 tractare,
1083 3292 1213 3350 dum
1240 3299 1456 3349 constat
1483 3307 1578 3347 vos
1599 3307 1703 3346 una
1733 3307 1858 3347 cum
1883 3289 2044 3345 beato

431 3393 601 3449 Paulo
639 3389 890 3462 apostolo
920 3387 1114 3443 eadem
1159 3384 1623 3455 compassibiliter
1658 3384 1877 3439 dicere:
1911 3382 2041 3448 Quis

430 3486 746 3556 infirmatur,
776 3489 824 3537 et
869 3496 960 3552 ego
986 3495 1090 3533 non
1141 3477 1418 3546 inﬁrmor?
1459 3476 1590 3544 Quis
1627 3475 2036 3541 scandalizatur,

431 3587 479 3632 et
506 3593 608 3631 non
639 3590 733 3647 ego
778 3587 904 3627 uror
933 3569 1004 3643 (ΙΙ
1033 3567 1156 3624 Cor.
1184 3584 1273 3634 xt,
1304 3565 1434 3638 29)?
1480 3576 1787 3637 satagentes
1826 3580 1896 3622 ne
1942 3565 2045 3618 ali-

435 3685 544 3742 qua
583 3668 654 3722 de
682 3666 788 3732 his,
833 3679 954 3735 qua:
985 3661 1143 3716 vobis
1184 3658 1408 3715 creditat
1436 3667 1585 3725 sunt,
1620 3656 2040 3712 rationabilibus

433 3764 628 3822 ovibus
652 3775 683 3815 a
705 3757 895 3814 bestiis
915 3757 1182 3826 capiatur.
1206 3753 1356 3818 Ideo,
1377 3762 1530 3822 pater
1552 3750 1883 3818 beatissime,
1912 3751 2038 3822 quia

433 3872 652 3930 semper
681 3863 1062 3909 antecessores
1094 3847 1293 3914 "OSll‘i,
1326 3855 1381 3901 et
1405 3861 1504 3900 nos
1539 3860 1567 3898 Ω
1607 3851 1782 3900 vestra
1816 3852 2040 3913 aposto-

431 3951 538 4006 lica
587 3953 775 4004 sancta
809 3943 940 3998 sede
969 3940 1232 3996 auxilium
1267 3937 1571 4005 hausimus,
1617 3947 1674 3992 et
1720 3937 1891 3991 nostri
1943 3950 2040 3991 vos

433 4055 621 4099 curam
649 4037 850 4093 habere
875 4034 1220 4106 agnovimus,
1257 4029 1539 4102 praefatam
1583 4029 1938 4100 apostolicam
1984 4037 2040 4085 et

437 4146 710 4190 summam
741 4128 1047 4196 expetimus
1073 4125 1235 4195 juxta
1277 4135 1544 4178 canonum
1576 4121 1793 4176 decreta
1825 4121 2034 4189 sedem,

439 4237 501 4284 ut
551 4226 680 4282 inde
728 4220 988 4277 auxilium
1048 4217 1349 4288 capiamus,
1407 4215 1548 4270 unde
1603 4214 2044 4285 prmdecessores

435 4320 609 4377 nostri
647 4313 1021 4371 ordinationes
1054 4319 1110 4366 et
1151 4309 1410 4380 dogmata
1440 4314 1604 4377 atque
1631 4307 2040 4363 subl'evationes

437 4421 720 4484 ceperunt.
752 4408 832 4462 Ad
857 4419 978 4462 cam
1004 4419 1219 4474 quoque
1248 4401 1407 4474 quasi
1439 4401 1505 4456 ad
1537 4411 1768 4456 matrem
1797 4403 2036 4455 recurri-

436 4521 579 4570 mns,
607 4503 807 4573 utejus
836 4499 1096 4554 uberibus
1130 4497 1453 4561 nutriantur,
1502 4494 1760 4565 quoniam
1789 4509 1897 4549 non
1935 4509 2035 4565 po-

439 4609 550 4656 test
580 4605 752 4650 mater
768 4590 1022 4646 oblivisci
1055 4586 1320 4643 infantem
1350 4602 1529 4641 sunm.
1557 4585 1646 4643 Sic
1665 4599 1720 4642 et
1747 4602 1842 4641 vos
1867 4587 2035 4643 nolite

437 4689 688 4748 oblivisci
722 4701 822 4741 nos
863 4684 1016 4737 vobis
1061 4681 1408 4741 commissos,
1461 4680 1717 4749 quoniam
1751 4694 1860 4734 non
1904 4680 2037 4734 levi-

434 4786 536 4841 bus
563 4797 661 4837 nos
700 4778 904 4835 inimici
951 4775 1124 4832 nostri
1167 4774 1583 4843 itnplicarerunt
1625 4771 2034 4842 afﬂictionibus,

511 4927 536 4958 ⁸
569 4917 829 4990 Epistola.
870 4915 995 4990 Haec
1023 4909 1381 4990 etiistolasttb
1410 4910 1627 4990 nomine
1648 4907 1929 4990 Athanasii
1960 4907 2032 4990 ad

439 4981 678 5048 Felicem
711 5003 773 5043 ex
807 4981 1630 5058 synodoAlexandrinasi-ripta
1659 4983 1726 5036 ab
1757 4981 2026 5058 episcopis

438 5063 659 5133 Egypti
681 5103 695 5126 ,
724 5052 1041 5122 Thebaidis,
1075 5067 1127 5110 et
1160 5053 1453 5133 l‘.iby:e,_de
1484 5052 1586 5133 fide
1609 5059 1858 5133 suspecta
1889 5059 1973 5104 est
2003 5052 2024 5082 ²

439 5122 720 5202 ῑυιῖίὲμιοὶι
753 5135 853 5183 hoc
883 5137 1146 5196 tempore.
1172 5122 1279 5190 quo
1299 5122 1625 5202 Atlta_n_:t_siu_s
1654 5122 1777 5191 fuga
1806 5124 2023 5202 elapsus

373 5201 376 5204 ’
436 5209 490 5262 in
533 5194 718 5262 eremo
751 5194 1032 5262 l'atitat‘tat’,
1080 5211 1256 5267 quove
1283 5211 1402 5251 eum
1433 5195 1868 5267 Liberiogotnnes
1899 5194 2019 5262 epi-

434 5281 586 5348 scOpi
618 5273 902 5348 orthodoxi
922 5314 936 5336 ,
966 5265 1184 5348 decreto
1218 5269 1556 5348 imperatoris
1579 5277 1631 5347 et
1655 5265 2023 5348 Mediolatten-

433 5350 510 5403 sis
535 5339 904 5408 conciliabuli,
935 5341 1153 5396 sedibus
1183 5345 1294 5394 suis.
1327 5339 1594 5392 extorbati
1627 5346 1804 5400 erant,
1841 5349 2020 5404 neque

434 5421 608 5484 locus,
639 5431 815 5487 neque
847 5427 1054 5483 tempus
1084 5409 1556 5487 cogend_:c__synodi
1588 5421 1711 5487 esse
1750 5409 2015 5487 potuerit:

436 5503 547 5544 tum
581 5477 740 5560 quod.
762 5487 864 5542 hac
905 5477 1133 5560 epistola
1153 5477 1237 5560 vati
1262 5477 1498 5560 Felicem
1540 5477 1780 5560 scripta,
1837 5477 2014 5560 ipsum

433 5546 670 5617 Felicem
701 5561 770 5616 de
800 5573 894 5612 sua
918 5546 1095 5628 ipsius
1123 5551 1769 5628 ordinationecertiprcm
1797 5546 2008 5628 reddat.

427 5632 511 5689 Att
541 5633 861 5702 rescriptum
895 5618 1090 5684 Felicis
1124 5621 1352 5678 fortasse
1381 5620 1577 5677 eodem
1602 5620 1817 5676 defectu
1852 5618 2012 5672 labo-

499 5757 514 5787 ¹
541 5753 622 5808 Ad
651 5752 820 5807 malas
851 5745 1169 5804 mercatoris
1195 5755 1402 5798 merces
1428 5739 1528 5796 bas
1577 5741 1770 5808 ineptae
1799 5734 2023 5807 farragi-

423 5827 510 5886 nis
530 5823 845 5899 quisquilias
877 5818 1140 5876 Baronius
1168 5813 1366 5886 aliique
1393 5811 1589 5870 eruditi
1617 5811 1718 5869 viri
1744 5809 2014 5880 ablegant.

2146 1525 2200 1570 et
2245 1513 2494 1588 quotidie
2527 1518 2709 1575 facere
2747 1519 3070 1589 moliuntur,
3101 1529 3158 1579 et
3182 1520 3626 1594 apprehendere,
3657 1534 3752 1584 aut

2147 1607 2309 1667 ferris
2344 1627 2445 1668 nos
2489 1613 2790 1687 constringi
2834 1617 3109 1673 minantur
3139 1617 3473 1692 (Stephanus
3500 1618 3752 1676 Dorensis

2152 1701 2222 1757 ad
2249 1704 2488 1761 eumdem
2514 1723 2705 1780 papam
2733 1725 2874 1765 cons.
2907 1710 2942 1764 2
2973 1712 3204 1785 ejusdem
3242 1713 3476 1785 synodi),
3504 1712 3611 1770 nisi
3657 1728 3752 1771 e0-

2078 1833 2126 1895 B
2155 1812 2274 1895 rum
2299 1797 2705 1857 consentiamus
2731 1797 3011 1859 erroribus
3038 1821 3051 1858 :
3074 1805 3218 1876 quod
3238 1821 3576 1877 nequaquam
3599 1805 3754 1864 vobis

2155 1891 2483 1950 inconsultis
2528 1910 2692 1966 agere
2742 1899 3145 1968 praesumimus.
3190 1897 3506 1958 Canonihus
3549 1899 3755 1972 quippe

2145 1986 2484 2057 jubentibus,
2517 1989 2720 2061 absque
2751 1989 2998 2048 Romano
3030 2008 3127 2048 nos
3151 1993 3220 2049 de
3242 1993 3542 2063 majoribus
3570 1993 3756 2064 causis

2150 2081 2280 2135 nihil
2313 2080 2512 2136 debere
2540 2081 2842 2140 decernere
2875 2084 3153 2155 pontiﬁce.
3182 2086 3422 2157 Ideoque
3452 2086 3519 2142 ad
3550 2099 3756 2159 propo-

2148 2171 2311 2227 situm
2346 2181 2715 2240 recurrentes,
2749 2183 2803 2230 et
2841 2175 2910 2230 ad
2949 2175 3196 2231 bravium
3247 2185 3628 2246 properantes,
3657 2191 3758 2234 veo-

2147 2277 2276 2322 sme
2308 2267 2628 2339 apostolicae
2673 2267 2819 2325 sedis
2857 2267 3216 2340 impiaramus
3244 2269 3508 2330 auxilium
3548 2289 3562 2328 :
3603 2275 3756 2346 quia,

2150 2367 2210 2414 ut
2235 2359 2543 2425 credimus,
2573 2376 2682 2417 non
2711 2361 2964 2433 despexit
3011 2365 3154 2421 Deus
3186 2381 3383 2435 preces
3419 2382 3546 2424 cum
3580 2368 3758 2441 lacry—

2148 2450 2252 2507 mis
2279 2451 2382 2508 sibi
2430 2451 2647 2508 oblatas
2697 2468 2980 2510 servorum
3027 2471 3274 2522 suorum,
3317 2459 3412 2514 sed
3461 2460 3532 2515 ob
3574 2459 3626 2516 id
3657 2471 3755 2516 vos

2148 2544 2694 2619 praedecessoresque
2717 2557 2952 2618 vestros,
2980 2549 3312 2621 aposmlicos
3335 2552 3594 2609 videlicet
3623 2567 3758 2624 pra:-

2152 2637 2326 2705 sules,
2357 2639 2410 2694 in
2438 2640 2774 2696 summitatis
2802 2655 2930 2698 arca
2957 2645 3264 2709 constituit,
3296 2648 3647 2718 omniumque
3668 2663 3759 2704 ec-

2146 2732 2436 2789 clesiarum
2459 2735 2540 2790 eis
2564 2750 2750 2790 curam
2783 2736 2985 2793 habere
3016 2741 3300 2812 praecepit,
3345 2749 3405 2796 ut
3439 2742 3597 2797 nobis
3624 2757 3756 2798 suc-

2145 2827 2398 2892 curratis,
2431 2841 2637 2897 nosinte
2667 2837 2906 2897 tuentes,
2931 2831 3018 2886 cui
3050 2846 3213 2888 omne
3245 2834 3628 2904 episcoliorum
3655 2836 3778 2907 ju-~

2143 2915 2346 2974 dicium
2375 2929 2459 2974 est
2483 2920 2861 2988 commissum,
2899 2922 3130 2980 liberare
3160 2926 3228 2981 ab
3274 2929 3520 2984 hostibus
3547 2931 3752 2987 nostris

2147 3026 2255 3065 non
2280 3011 2580 3084 negligatis.
2612 3011 2749 3068 Nam
2785 3015 2991 3071 scimus
3019 3017 3076 3071 in
3113 3016 3329 3074 Nicaea
3360 3036 3553 3091 magna
3583 3037 3752 3094 synm

2146 3101 2216 3157 do
2239 3111 2611 3160 trecentorum
2633 3106 2944 3164 octodecim
2971 3109 3379 3180 episcoporum,
3404 3113 3472 3168 ab
3495 3113 3752 3170 omnibus

2144 3197 2486 3254 concorditer
2517 3216 2642 3256 esse
2670 3201 3012 3267 roboratam,
3045 3219 3152 3258 non
3181 3202 3384 3260 debere
3413 3203 3615 3274 absque
3638 3206 3752 3264 Ro:

2145 3289 2291 3343 mani
2340 3291 2616 3360 pontificis
2663 3293 2934 3349 sententia
2975 3294 3204 3350 concilia
3251 3295 3744 3367 celebrarit'Socr.,

2145 3381 2181 3436 ι.
2211 3397 2271 3448 tt,
2305 3401 2422 3454 cap.
2453 3385 2487 3442 8
2514 3395 2570 3442 et
2611 3388 2714 3454 l7;
2757 3387 2908 3455 Sos.,
2939 3393 2976 3442 t.
3011 3403 3088 3452 ut,
3123 3403 3169 3443 ε.
3199 3388 3292 3460 9),
3323 3403 3424 3446 nec
3452 3393 3747 3463 episcopos

2142 3472 2414 3543 damnari,
2446 3477 2570 3533 licet
2600 3479 2718 3534 hinc
2743 3489 2796 3535 et
2827 3479 2933 3535 alia
2962 3496 3122 3551 quam
3154 3481 3307 3550 plura
3339 3483 3646 3540 necessaria
3673 3485 3745 3541 ab

2145 3568 2442 3637 haereticis,
2471 3572 2561 3641 qui
2603 3587 2702 3628 nos
2728 3573 2971 3644 quotidie
3010 3572 3278 3632 infestant
3299 3585 3356 3631 et
3393 3577 3620 3647 perdere
3661 3579 3746 3634 ni-

2142 3669 2349 3726 tuntur,
2385 3671 2442 3715 ut
2473 3662 2683 3719 facilius
2717 3679 2817 3720 nos
2845 3681 3042 3736 capere
3069 3668 3296 3736 possim,
3331 3669 3446 3723 sint
3485 3669 3745 3742 synodica

2142 3754 2376 3822 capitula
2410 3754 2654 3824 incensa,
2685 3757 2947 3829 nobisque
2987 3759 3224 3815 sublata.
3255 3757 3372 3829 Qua
3414 3761 3482 3816 de
3525 3771 3604 3828 re,
3644 3761 3748 3820 bac

2143 3845 2362 3900 inventa
2407 3848 2700 3905 occasione
2749 3849 3143 3918 indifferenter,
3191 3851 3342 3908 omni
3386 3854 3646 3910 canonica
3689 3864 3749 3914 et

2142 3943 2439 4012 apostolica
2473 3946 2772 4015 postposita
2803 3947 3152 4014 auctoritate,
3181 3962 3282 4005 nos
3313 3948 3362 4002 vi
3409 3962 3440 4003 a
3480 3948 3742 4020 propriis,

2141 4033 2294 4090 vobis
2323 4035 2666 4105 inconsultis,
2689 4036 2880 4095 illicite
2906 4039 3187 4110 expellunt
3213 4035 3472 4096 sedibus:
3499 4055 3744 4113 ovesque

2141 4128 2302 4183 nobis
2331 4143 2358 4181 a
2399 4128 2621 4185 Christo
2650 4129 2880 4186 Domino
2926 4132 3227 4204 apostolica
3259 4133 3586 4190 commissas
3612 4150 3741 4205 gra-

2139 4219 2234 4286 tia,
2264 4221 2552 4290 invadunt,
2587 4225 2847 4294 gradibus
2872 4226 3104 4297 privent,
3153 4234 3208 4282 et
3251 4227 3395 4296 quod
3443 4227 3743 4299 pessimum

2140 4322 2243 4377 est,
2274 4322 2329 4368 et
2358 4315 2612 4371 omnibus
2641 4314 2966 4372 Christianis
2997 4317 3204 4388 legibus
3231 4318 3530 4385 inimicum,
3566 4319 3742 4374 inter-

2142 4407 2307 4462 ficere
2339 4409 2638 4466 decertant.
2675 4411 2783 4466 Vos
2820 4427 2951 4482 ergo
2995 4411 3077 4481 (ut
3119 4426 3336 4482 semper
3383 4423 3582 4467 vestra:
3622 4403 3742 4470 sedi

2141 4509 2343 4556 sanctae
2387 4503 2726 4559 consuetudo
2767 4503 2888 4574 fuit)
2938 4503 3374 4574 periclitantibus
3420 4505 3736 4575 subvenite,

2141 4609 2433 4665 oppressos
2462 4598 2740 4662 roborato,
2769 4597 3043 4652 tribulatis
3084 4611 3302 4652 manum
3344 4597 3625 4669 porrigite,
3659 4599 3740 4655 ta-

2141 4687 2320 4758 liaque
2371 4688 2672 4757 prohibete,
2722 4696 2776 4742 et
2819 4689 2968 4760 leges
3001 4687 3283 4759 imponite,
3336 4697 3394 4745 ut
3435 4690 3740 4762 apostolica

2136 4776 2403 4847 doctrina,
2436 4795 2556 4851 qum
2587 4781 2639 4835 iit
2667 4779 2782 4836 Deo
2804 4789 2911 4849 est,
2939 4781 3048 4838 cito
3077 4781 3144 4838 ad
3171 4783 3448 4839 victoriam
3473 4782 3734 4852 judicium

2131 4924 2237 4989 ret,
2269 4917 2359 4972 alii
2386 4913 2652 4989 judicent.
2701 4916 2849 4989 Illam
2878 4918 3165 4989 epistolam
3189 4960 3202 4982 ,
3235 4917 3390 4988 cujus
3423 4916 3727 4989 fragmenta

2130 4987 2231 5058 sub
2255 4989 2474 5043 nomine
2496 4987 2690 5044 Felicis
2708 4987 3202 5044 inClialcedouensi
3229 4987 3464 5043 concilio
3486 4987 3725 5058 exstant,

2128 5072 2156 5134 a
2189 5057 2369 5134 Felice
2407 5062 2647 5134 secundo
2679 5062 2938 5134 scriptam
2981 5059 3180 5134 fuisse,
3232 5059 3564 5118 doctissimis
3592 5057 3718 5134 qui?

2127 5129 2351 5185 busdam
2384 5131 2510 5184 viris
2536 5129 2848 5185 auctoribus
2873 5171 2888 5197 ,
2936 5132 3306 5186 existimatum
3350 5144 3470 5201 est,
3516 5129 3624 5188 hac
3649 5136 3718 5190 de

2125 5215 2285 5271 (ξηιλ-ει
2317 5244 2330 5264 ,
2382 5203 2525 5271 quod
2577 5201 2893 5270 praedictum
2956 5201 3320 5270 fragmentum
3379 5206 3432 5259 in
3479 5206 3718 5260 concilio

2125 5269 2587 5336 Cltalccdoiteusi,
2609 5281 2714 5325 act.
2753 5273 2774 5344 l_
2807 5271 3030 5344 etapud
3050 5269 3315 5344 Cyrillum
3345 5277 3396 5329 iu
3420 5291 3514 5344 sua
3539 5278 3730 5344 apolo-

2127 5345 2208 5412 gia
2261 5353 2380 5414 post
2427 5345 2706 5411 epistolam
2749 5340 2874 5396 Julii
2923 5357 3076 5413 papa:
3101 5340 3409 5416 'attexatnr.
3451 5340 3718 5416 Sed'eam

2126 5416 2450 5489 sententiam
2473 5429 2540 5469 ex
2567 5423 2890 5489 argttttt‘ettto
2917 5422 2974 5471 et
3003 5417 3158 5489 titulo
3185 5415 3436 5486 ejusdem
3463 5419 3716 5489 epistola:

2124 5485 2496 5555 redarguimus
2547 5499 2708 5557 supra
2752 5484 2804 5538 in
2849 5489 2993 5543 notis
3017 5487 3084 5542 ad
3116 5486 3151 5542 4
3194 5484 3709 5557 epistolam—Felicis

2125 5557 2303 5624 primi.
2361 5557 2560 5612 Seven.
2604 5556 2808 5612 Btutus.

2204 5741 2226 5823 ξ
2254 5739 2634 5823 ῌτεορῑμῇω
2663 5753 2868 5823 omnes
2901 5749 3097 5804 ταυτοῦ
3144 5746 3401 5822 κόμματος
3431 5763 3499 5808 ex
3530 5749 3718 5810 eadem

2127 5811 2349 5870 ofﬁcina
2391 5811 2748 5886 deprompta.
