3998 6350
222 322 290 383 15
1447 322 1807 388 EPISTOLE

1928 324 1934 351 '
1970 324 2314 389 DECRETA.
3468 347 3536 403 ll

219 441 528 513 perducere
548 445 733 501 valeat
749 453 1021 513 nostrum,
1041 462 1244 520 nosque
1270 448 1655 522 (apostolorum
1680 451 1826 520 prin-
1854 452 1905 511 Α
1931 453 2381 521 oppressionibus
2401 462 2459 508 et-
2482 455 2763 526 angustiis,
2792 456 2866 511 ita
2886 468 2985 513 nos
3011 456 3243 514 liberare
3264 459 3524 533 digneris.

217 536 342 606 cipe
385 537 731 607 suﬂ’ragante
772 540 956 612 Petro)
1014 544 1081 599 ab
1121 542 1525 598 imminentibus
1571 546 1828 615 periculis

219 627 472 684 liberare.
513 629 780 686 Novimus
812 649 1047 705 namque
1093 635 1145 690 in
1189 635 1295 705 jam
1346 636 1564 705 praefata
1610 636 1825 692 Nicaina

218 722 428 793 synodo
449 722 546 795 (Et
571 728 797 782 habetur
820 729 872 782 in
892 730 1108 799 epistola
1129 731 1267 784 decr.
1293 729 1424 786 Julii
1439 743 1620 787 contra
1646 733 1829 789 Orien-

220 816 349 871 tales
374 833 473 888 pro
501 817 822 885 Athanasio,
849 838 895 875 c.
931 822 985 893 7)
1012 824 1339 893 generaliter
1365 841 1485 881 esse
1520 826 1823 895 decretum,

218 917 279 962 ut
304 910 490 965 nullus
530 912 736 981 passim
783 928 1028 985 vageque
1074 916 1381 986 episcopos,
1427 928 1519 973 aut
1568 934 1829 990 prtcsum-

220 1003 370 1073 ptive
396 1003 667 1073 lacerare,
697 1014 789 1060 aut
818 1021 1097 1073 accusare,
1130 1018 1184 1065 et
1215 1012 1303 1080 qui
1336 1027 1441 1067 non
1490 1024 1615 1069 sunt
1667 1024 1827 1070 rectae

218 1093 367 1158 ﬁdei,
402 1099 485 1151 vel
530 1098 687 1153 bonae
736 1098 881 1165 vitae,
916 1100 1001 1154 vel
1041 1103 1201 1157 clarae
1244 1106 1702 1173 conversationis,
1735 1120 1829 1163 aut

219 1186 488 1243 infamare
512 1198 840 1259 praesumat:
870 1191 966 1246 sed
999 1195 1167 1263 prius,
1195 1193 1241 1249 si
1264 1210 1391 1267 erga
1424 1199 1710 1268 episcopos
1741 1199 1827 1255 vel

221 1289 478 1338 auctores
522 1282 788 1340 Ecclesiae
825 1286 1113 1357 quisquam
1153 1303 1370 1343 causam
1420 1291 1688 1355 habuerit,
1732 1309 1829 1348 eos

221 1388 343 1428 cum
372 1376 640 1432 charitate
668 1384 955 1434 Mansuete
976 1383 1290 1449 conveniat,
1320 1394 1374 1437 ut
1404 1386 1471 1439 ab
1497 1387 1576 1441 eis
1610 1389 1825 1455 vulnus,

223 1469 371 1523 unde
398 1470 596 1539 agitur,
632 1479 781 1526 recte
820 1483 1042 1527 sanetur
1073 1489 1087 1530 :
1137 1484 1227 1529 aut
1258 1476 1394 1547 ipse,
1426 1477 1473 1531 si
1510 1472 1674 1534 'secus
1704 1497 1826 1551 ege-

224 1562 318 1629 rit,
352 1573 635 1619 accusator
656 1568 1180 1623 excommunicetur.
1214 1569 1369 1639 Quod
1405 1573 1450 1626 si
1488 1572 1558 1626 ab
1583 1575 1663 1629 eis
1692 1575 1826 1631 nihil

228 1659 461 1715 valuerit
492 1670 640 1719 recte
682 1663 986 1734 percipere,
1024 1675 1150 1721 tunc
1183 1667 1355 1735 primo
1384 1682 1624 1722 summos
1670 1670 1829 1725 adeat

226 1755 510 1824 primates,
558 1766 612 1812 et
658 1757 780 1827 ipsi,
829 1767 1072 1829 tempore
1117 1774 1378 1832 congruo,
1427 1763 1688 1818 canonice
1732 1778 1829 1820 eos

1932 544 2063 600 Nam
2093 546 2191 601 fuit
2217 562 2432 616 semper
2453 558 2646 603 vestrm
2668 559 2869 604 sanctze
2889 558 2945 606 et
2972 552 3288 621 apostolicae
3320 556 3432 611 sedi
3469 558 3531 613 li-

1932 638 2131 704 centia,
2158 639 2356 706 injuste
2391 639 2673 695 damnatos
2701 643 2785 696 vel
2812 645 3325 714 excommunicatos,
3351 658 3531 717 potes-

1934 730 2100 784 tative
2144 746 2237 785 sua
2282 733 2602 788 auctoritate
2632 735 2955 801 restituere;
2997 749 3053 793 et
3094 753 3186 794 sua
3219 740 3301 796 eis
3346 744 3531 798 omnia

1934 822 2181 887 reddere,
2215 833 2269 878 et
2309 825 2457 891 illos,
2488 828 2577 896 qui
2609 842 2703 884 eos
2735 829 3258 900 condemnaverunt,
3314 845 3405 891 aut
3436 852 3533 892 ex-

1932 919 2492 985 eommunicaverunt,
2516 923 2817 992 apostolico
2840 926 3029 995 punire
3053 928 3335 999 privilegio
3353 975 3368 999 ,
3390 932 3533 987 sicut

1933 1008 2097 1063 etiam
2123 1012 2321 1066 nostris
2342 1021 2397 1067 et
2421 1014 2786 1071 anterioribus
2815 1018 3168 1086 cognovimus
3192 1032 3371 1077 actum
3396 1034 3533 1080 tem-

1938 1102 2178 1169 poribus.
2212 1102 2385 1159 Porro
2414 1116 2468 1160 et
2493 1108 2593 1175 ipsi
2626 1109 2900 1177 primates,
2932 1112 3021 1179 qui
3056 1113 3435 1184 episcoporum
3477 1129 3533 1173 et

1933 1206 2267 1249 summorum
2295 1198 2787 1255 ecclesiasticorum
2822 1204 3160 1272 negotiorum
3183 1221 3374 1263 causas
3403 1225 3526 1265 sus-

1933 1288 2118 1357 cipere
2147 1289 2366 1353 debent,
2394 1292 2445 1345 in
2478 1294 2697 1361 praefixa
2749 1293 2964 1349 Nicaeus
2995 1297 3206 1367 synodo
3226 1309 3350 1355 sunt
3372 1301 3533 1357 dinu-

1933 1383 2149 1448 merati,
2176 1398 2242 1437 ne
2273 1384 2324 1437 in
2354 1394 2629 1454 posterum
2662 1388 2942 1443 contentio
2969 1404 3034 1444 ex
3063 1389 3166 1445 hoc
3205 1394 3460 1449 oriretur.
3487 1396 3532 1450 0

1933 1474 2277 1532 sanctissime
2310 1488 2467 1548 pater
2492 1488 2703 1549 patrum
2736 1479 2909 1551 (Idem
2950 1481 3165 1554 Sergius
3212 1485 3369 1555 epiac.
3412 1502 3535 1541 mox

1931 1569 2071 1636 eit.),
2098 1569 2357 1626 abscinde
2379 1570 2765 1641 blasphemias,
2793 1582 2849 1628 et
2872 1574 3184 1642 jactantiam
3213 1578 3538 1648 vaniloquo-

1934 1676 2075 1725 rum,
2101 1672 2157 1717 et
2186 1663 2558 1718 insidiantium
2591 1666 2985 1733 inl'estatioues,
3010 1682 3112 1722 nos
3131 1677 3183 1722 et
3206 1667 3405 1723 fratres
3436 1686 3536 1724 no-

1933 1765 2076 1810 stros
2112 1757 2554 1827 opprimentium,
2587 1767 2751 1828 atque
2797 1758 3027 1828 perdere
3076 1760 3398 1828 volentium,
3442 1764 3534 1832 qui

232 1860 533 1906 convocare
558 1851 823 1907 debebunt
863 1852 1052 1927 (Ibid.,
1089 1871 1135 1909 c.
1172 1856 1286 1924 t7).
1321 1856 1421 1923 Qui
1470 1857 1515 1912 si
1571 1870 1664 1913 aut
1710 1858 1823 1914 suis
1856 1842 1905 1905 B
1932 1850 1998 1904 ad
2029 1865 2143 1916 vos,
2175 1851 2327 1920 quasi
2359 1852 2427 1906 ad
2454 1860 2616 1922 caput
2635 1852 3000 1922 confugimus,
3038 1860 3096 1907 ut
3125 1861 3307 1908 vestro
3331 1854 3538 1909 suifulti

239 1941 404 1997 rebus
433 1943 731 2014 eXSpUiiali,
777 1954 866 2001 aut
892 1962 921 2001 a
975 1949 1210 2019 propriis
1242 1951 1465 2006 sedibus
1505 1952 1686 2022 ejecti,
1733 1965 1827 2009 aut

236 2036 581 2106 exsulantes,
618 2041 705 2095 vel
745 2044 980 2111 oppressi
1006 2053 1096 2097 aut
1129 2045 1312 2115 inique
1344 2049 1552 2101 tractati
1587 2048 1782 2104 fuerint
1807 2093 1822 2117 ,

228 2128 411 2199 primo
433 2141 704 2197 eruantur,
723 2144 772 2186 et
794 2134 1053 2190 canonice
1077 2140 1435 2193 restituanthr
1460 2136 1647 2211 (Ibid.,
1671 2158 1716 2194 c.
1744 2142 1822 2211 8),

224 2231 388 2293 atque
448 2227 628 2279 omnia
682 2227 780 2281 sibi
843 2229 1052 2284 sublata
1120 2232 1471 2302 integerrime
1501 2234 1582 2287 eis
1617 2234 1825 2304 legibus

222 2316 729 2389 reddantur(Hadr.
764 2320 886 2376 coll.
916 2320 1008 2392 55)
1038 2339 1052 2377 :
1078 2324 1337 2393 quoniam
1370 2326 1681 2395 priusquam
1710 2325 1826 2381 haec

221 2406 446 2481 fiant(ut
475 2411 528 2463 in
563 2412 819 2479 praedicto
834 2414 1189 2469 constitutum
1215 2427 1296 2469 est
1320 2416 1715 2487 concilio),nec
1735 2430 1826 2473 ca-

220 2502 413 2557 nonice
441 2505 752 2569 convocari,
779 2518 877 2560 nec
901 2507 917 2537 ¹
945 2506 1200 2576 distingui
1226 2524 1253 2559 a
1280 2522 1549 2579 quoquam
1574 2522 1821 2580 possunt,

216 2596 471 2663 quoniam
496 2610 600 2652 nec
625 2598 801 2652 szcculi
828 2598 973 2669 leges
995 2598 1108 2653 hzcc
1126 2599 1243 2655 ﬁeri
1261 2603 1600 2669 permittunt,
1623 2615 1824 2672 quanto

216 2688 385 2758 magis
414 2688 832 2746 ecclesiasticae!
862 2692 1126 2748 Similiter
1154 2705 1208 2748 et
1247 2708 1274 2747 a
1307 2695 1634 2763 supradictis
1659 2697 1824 2765 patri-

214 2783 312 2838 bus
334 2783 718 2840 estdefinitum
745 2797 1130 2851 consonanter,
1162 2797 1217 2843 ut
1244 2789 1287 2843 si
1305 2792 1584 2861 quisquam
1609 2793 1820 2861 episco-

213 2888 425 2945 porum,
459 2886 560 2932 aut
587 2880 1150 2948 metrOpolitanorum,
1184 2891 1273 2935 aut
1303 2882 1815 2954 comprovinciales,

212 2970 293 3024 vel
322 2969 541 3040 judices
571 2984 854 3041 suspectos
881 2973 1149 3043 habuerit,
1180 2984 1414 3029 vestram
1440 2987 1680 3032 sanctam
1712 2978 1819 3033 Ro-

212 3065 976 3134 manaminterpelletsedem,
992 3068 1165 3123 cuiab
1190 3070 1306 3138 ipso
1327 3070 1556 3124 Domino
1580 3081 1817 3140 potestas

212 3156 405 3227 ligandi
427 3173 490 3213 ac
520 3158 767 3214 solvendi
793 3157 1007 3231 (Matth.
1028 3158 1166 3231 XVI)
1192 3162 1417 3230 speciali
1437 3174 1520 3217 est
1541 3164 1821 3235 privilegio

1936 1944 2139 1999 auxilio
2190 1944 2506 2009 liberemur,
2555 1953 2612 2000 et
2679 1944 2832 1999 vobis
2898 1944 3160 2015 nobisque
3214 1944 3535 2001 commissas

1931 2038 2135 2094 Christi
2167 2053 2297 2094 oves
2322 2055 2349 2093 a
2384 2039 2634 2109 luporum
2664 2054 2781 2105 ore,
2814 2039 3044 2094 Domino
3083 2040 3531 2107 adminiculante,

1934 2143 2224 2201 antequam
2253 2131 2640 2203 deglutiantur,
2670 2132 2985 2201 eripiamur.
3015 2130 3126 2186 Nec
3153 2132 3299 2186 enim
3341 2131 3424 2186 fas
3450 2138 3536 2187 est

1933 2222 2021 2296 (S.
2052 2224 2314 2279 Martinus
2352 2241 2491 2296 papa
2510 2225 2745 2296 ibidem),
2774 2223 3077 2294 supplicum
3113 2224 3421 2294 apostolica-
3449 2240 3536 2280 se.-

1932 2317 2018 2372 dis
2035 2318 2260 2388 scripto,
2288 2330 2378 2372 aut
2405 2319 2523 2373 sine
2552 2321 2755 2387 scripto
2778 2333 2970 2388 preces
2990 2319 3203 2373 oblatas
3228 2318 3532 2389 despicere,

1934 2410 2028 2465 sed
2060 2411 2141 2482 (ut
2164 2410 2449 2475 Condecet,
2484 2421 2541 2465 ut
2574 2410 2911 2481 privilegium
2942 2419 3135 2465 vestrae
3157 2411 3305 2465 sedis
3334 2409 3444 2482 est)
3477 2418 3534 2466 et

1932 2517 2032 2558 nos
2058 2512 2115 2559 et
2135 2504 2211 2558 illi
2239 2502 2627 2558 canonicaliter
2654 2517 3018 2558 convocemur
3040 2543 3056 2570 ,
3088 2510 3143 2558 et
3181 2513 3305 2557 ante
3334 2519 3432 2557 vos
3460 2503 3533 2559 de

1934 2597 2137 2651 nostris
2165 2595 2561 2666 objectionibus
2605 2596 2867 2650 canonice
2903 2611 3024 2650 cum
3067 2596 3214 2650 omni
3264 2596 3533 2666 probitate

1929 2699 2330 2757 concertemus,
2366 2690 2504 2744 sicut
2536 2688 2965 2759 praedecessores
3006 2690 3177 2744 nostri
3209 2706 3375 2760 penes
3403 2706 3527 2746 ves-

1934 2792 2047 2837 tros
2077 2781 2322 2839 iecerunt
2349 2794 2745 2851 antecessores,
2770 2794 2824 2840 et
2850 2785 2989 2840 sicut
3017 2785 3277 2839 canonica
3308 2786 3360 2838 in
3387 2800 3529 2855 prae-

1929 2876 2073 2933 dicta
2089 2887 2271 2933 sancta
2287 2881 2497 2950 synodo
2519 2880 2715 2935 docent
2733 2881 2995 2945 instituta,
3024 2890 3079 2935 et
3100 2882 3267 2935 veluti
3292 2881 3491 2951 palliati
3509 2882 3530 2913 ⁸

1927 2972 2078 3026 verbi
2114 2987 2207 3039 per
2237 2974 2597 3029 ventilabrnm
2625 2975 2901 3029 canonice
2932 2975 3381 3041 cxaminationis;
3414 2976 3527 3045 ple-

1932 3079 2056 3119 nam
2083 3066 2454 3135 purgationem
2482 3068 2532 3120 in
2556 3068 2826 3121 communi
2849 3067 3213 3122 consistentes
3234 3067 3527 3136 auditorio,

1930 3157 1998 3213 de
2030 3159 2254 3213 maturis
2280 3168 2335 3214 et
2356 3161 2755 3215 enutrientibus
2799 3161 3081 3215 catholicae
3111 3161 3372 3217 Ecclesia:
3394 3162 3530 3233 dog-

211 3263 371 3320 super
396 3251 545 3305 alios
581 3265 864 3307 concessa.
901 3252 1019 3322 lpsa‘
1064 3254 1209 3307 enim
1240 3252 1482 3325 (Sergius
1523 3255 1682 3326 Cypri
1725 3275 1812 3327 ep.
1846 3239 1893 3302 C
1928 3253 2180 3318 motibus,
2214 3268 2333 3323 qua:
2361 3254 2683 3309 conﬁrmant
2712 3269 2808 3309 cor
2836 3255 3093 3323 hominis,
3125 3273 3219 3327 per
3241 3258 3528 3327 participa—

212 3346 277 3399 «τά
304 3346 649 3402 Theodorum
674 3364 886 3418 papam,
922 3366 1066 3404 cons.
1115 3348 1153 3402 2
1188 3351 1375 3404 concil.
1427 3348 1813 3424 Lateranensis)

212 3438 610 3499 ﬁrmamentum
633 3457 662 3497 a
694 3442 805 3498 Deo
830 3446 991 3498 ﬁxum
1018 3453 1070 3498 et
1093 3445 1367 3501 immobile
1393 3446 1654 3515 percepit,
1679 3460 1815 3516 quo-

214 3537 347 3591 niam
377 3538 558 3607 ipsam
589 3536 818 3592 formam
861 3541 1241 3594 universorum
1275 3540 1554 3594 titulorum
1592 3541 1813 3597 lucidis-

210 3629 417 3697 simam,
445 3632 887 3687 Dominuslesus
913 3630 1162 3687 Christus
1192 3647 1426 3689 vestram
1458 3636 1810 3705 apostolicam

208 3722 483 3779 constituit
529 3724 742 3778 sedem.
774 3721 893 3793 Ipsa
940 3735 1024 3779 est
1068 3726 1209 3779 enim
1259 3741 1415 3779 sacer
1442 3727 1463 3758 ’
1493 3736 1700 3794 vertex,
1754 3728 1809 3783 in

207 3829 308 3885 quo
333 3830 530 3872 omnes
577 3814 834 3871 Ecclesia:
868 3826 1172 3880 vertuntur,
1217 3826 1611 3882 sustentantur,
1662 3819 1807 3874 rele-

206 3916 414 3963 vantur.
434 3916 459 3945 ⁶
484 3908 557 3963 Et
587 3909 726 3963 sicut
754 3908 807 3963 itt
826 3908 1041 3963 Christo
1064 3908 1381 3974 Christiani,
1401 3919 1454 3964 et
1483 3911 1531 3962 in
1559 3918 1728 3979 petra,
1755 3911 1809 3966 id

204 4009 283 4054 est
307 3999 557 4068 Christo,
602 3998 815 4062 Petrus,
850 4001 995 4056 Petri
1044 4012 1373 4055 renovantur
1396 4000 1675 4056 Ecclesiae.
1726 4002 1805 4057 Tu

204 4104 261 4146 es
281 4092 423 4147 enim
456 4090 628 4165 (sicut
666 4092 908 4146 divinum
935 4094 1205 4147 veraciter
1244 4101 1473 4146 testatur
1503 4093 1802 4163 eloquium)

206 4181 414 4249 Petrus,
446 4192 503 4240 et
527 4183 1116 4253 superfuudamentum
1144 4194 1291 4238 tuum
1314 4185 1570 4239 Ecclesiae
1598 4186 1807 4239 colum-

204 4288 303 4339 nrc,
333 4276 387 4330 id
414 4286 523 4343 εει,
550 4276 812 4349 episcopi,
845 4279 935 4347 qui
967 4278 1261 4331 Ecclesium
1285 4278 1577 4341 sustinere,
1607 4288 1659 4332 et
1683 4292 1808 4347 pro-

205 4367 333 4437 priis
361 4368 609 4425 humeris
645 4379 857 4439 portare
887 4368 1110 4433 debent,
1149 4369 1244 4422 tibi
1292 4381 1415 4423 sunt
1447 4368 1806 4437 conﬁrmata),

203 4461 403 4534 tibique
428 4464 614 4519 claves
642 4465 790 4535 regni
818 4466 1081 4519 cartorum
1112 4464 1405 4530 commisit,
1448 4472 1611 4533 atque
1642 4463 1809 4533 ligare

203 4564 259 4613 et
314 4560 535 4615 solvere
595 4558 917 4629 pot‘estative
957 4574 1076 4631 quae
1135 4560 1188 4613 in
1244 4568 1387 4613 terra
1454 4568 1508 4612 et
1558 4559 1608 4611 in
1653 4558 1809 4613 cretis

202 4652 323 4706 sunt
378 4650 602 4725 (κακὴ.
661 4651 828 4720 XVI),
880 4652 1256 4721 promulgavit.
1325 4644 1407 4705 'l‘u
1462 4650 1806 4721 profanarum

204 4744 494 4802 bzeresium
518 4789 535 4812 ,
564 4755 617 4801 et
649 4746 1014 4816 impetitorum
1038 4788 1053 4813 ,
1087 4755 1246 4816 atque
1276 4746 1515 4799 omnium
1544 4746 1807 4800 infestan-

202 4838 328 4893 tium
398 4839 721 4910 depositor,
781 4848 837 4893 ut
886 4839 1139 4910 princeps
1186 4846 1240 4893 et
1282 4837 1503 4905 doctor,
1536 4850 1804 4909 caputque

202 4936 441 4987 omnium
482 4931 805 4987 orthodoxae
850 4931 1131 4998 doctrinas,
1182 4942 1237 4987 et
1281 4931 1639 4987 immaculatac
1684 4932 1808 4988 lidci

202 5025 410 5081 existis.
465 5025 638 5095 Igitur
676 5038 747 5081 ne
789 5025 1082 5096 despicias,
1130 5034 1303 5095 pater,
1331 5034 1545 5079 tuorum
1596 5034 1806 5093 patrum

202 5116 485 5188 pietatem,
518 5120 825 5189 bonamque
857 5120 1236 5175 intentionem.
1286 5116 1354 5173 Et
1396 5119 1535 5173 sicut
1581 5118 1679 5185 illi,
1713 5132 1808 5189 pa-

202 5212 311 5269 tres
339 5216 399 5270 et
423 5213 859 5285 praedecessores
893 5216 1110 5269 nostros
1139 5224 1169 5268 a
1211 5211 1395 5267 multis
1436 5211 1809 5268 liberaverunt

271 5418 305 5457 εἶ
329 5414 407 5476 Et
428 5414 587 5477 sicut.
621 5418 930 5490 Legendum
960 5412 1175 5475 videtur
1200 5437 1212 5473 :
1244 5418 1310 5474 Et
1339 5417 1479 5473 sicut
1506 5418 1558 5471 in
1582 5417 1804 5473 Christo

202 5490 524 5557 Christiani,
558 5495 629 5547 ita
662 5503 716 5546 et
749 5496 799 5544 in
832 5502 1002 5560 petra.
1040 5492 1090 5545 id
1120 5501 1225 5553 est,
1252 5492 1440 5553 Petro,
1470 5501 1806 5545 renovantur

202 5560 464 5620 Ecclesia;
494 5582 511 5616 :
546 5574 604 5619 ut
633 5564 944 5629 sit-sensus,
990 5560 1253 5618 Romana:
1282 5561 1544 5618 Ecclesia:
1586 5561 1810 5631 pontiﬁ-

272 5702 291 5735 ι
320 5700 491 5757 Forte
519 5701 793 5773 bisti-iugi.

270 5774 383 5830 ’Sic
404 5774 583 5830 δι’ωεὶ
609 5761 766 5831 πὸλόν
794 5776 896 5830 ἀπο
923 5778 1019 5831 τοῦ
1044 5773 1240 5836 πολεῖν,
1269 5783 1445 5839 neque
1468 5784 1533 5824 ex
1566 5767 1672 5823 hoc
1699 5775 1820 5837 ety.
1893 5761 1897 5765 ’

204 5860 291 5903 mo
317 5860 521 5916 arguas
546 5844 742 5901 Latine
767 5847 1022 5917 scriptam
1055 5846 1235 5917 potius
1264 5856 1387 5898 esse
1412 5855 1573 5909 quam
1602 5839 1819 5896 Graece.

1930 3345 2132 3399 tionem
2167 3354 2512 3415 paternarum
2540 3360 2938 3415 consequamur
2961 3347 3385 3402 institutionum.
3406 3351 3522 3403 An-

1928 3437 2087 3505 tiquis
2116 3437 2259 3489 enim
2292 3436 2488 3506 regulis
2519 3434 2664 3507 (PP.
2703 3438 2815 3506 Afr.
2852 3437 2906 3491 in
2950 3452 3033 3505 ep.
3086 3438 3154 3492 ad
3196 3438 3526 3493 Theodorum

1928 3546 2139 3601 papam,
2165 3547 2305 3585 cons.
2341 3530 2377 3584 2
2403 3546 2547 3585 conc.
2579 3531 2778 3598 Later.,
2807 3548 2893 3585 an.
2927 3533 3033 3587 609
3058 3534 3317 3601 celebrati)
3340 3535 3520 3589 sanci-

1926 3634 2039 3679 tum
2063 3631 2168 3690 est,
2200 3631 2261 3678 ut
2291 3624 2548 3694 quidquid
2578 3625 2818 3695 quamvis
2848 3626 2899 3679 in
2928 3628 3169 3689 remotis,
3195 3634 3287 3681 aut
3318 3628 3522 3697 longin-

1924 3721 2042 3790 quis
2072 3721 2261 3790 positis
2291 3720 2585 3789 provinciis
2612 3734 2777 3789 super
2805 3722 3181 3789 episcoporum
3250 3721 3521 3790 querelis,

1922 3823 2013 3868 aut
2039 3813 2473 3868 accusationibus
2491 3822 2765 3884 ageretur,
2784 3828 2889 3867 non
2910 3816 3055 3882 prius
3076 3813 3414 3868 tractandum
3436 3815 3521 3870 vel

1921 3905 2294 3977 accipiendum
2321 3916 2485 3967 esset,
2512 3922 2673 3976 quam
2699 3905 2764 3960 ad
2787 3907 3030 3960 notitiam
3056 3907 3210 3960 almae
3232 3906 3378 3961 sedis
3402 3922 3521 3962 ves-

1922 4010 2017 4055 tra:
2048 4000 2237 4056 fuisset
2268 4000 2589 4067 deductum,
2625 4008 2682 4053 ut
2715 4000 2872 4069 hujus
2925 4001 3268 4065 auctoritate,
3305 4001 3325 4031 ‘
3367 4003 3520 4071 juxta

1919 4106 2037 4166 qua:
2060 4095 2271 4157 fuisset,
2291 4096 2653 4162 pronuntiatio
2669 4093 3049 4157 inlirmaretur,
3070 4101 3159 4147 aut
3181 4094 3519 4149 ﬁrmaretur:

1920 4188 2152 4258 indeque
2184 4195 2463 4243 sumerent
2495 4201 2766 4251 normam,
2790 4183 2932 4240 unde
2954 4185 3216 4241 Ecclesia:
3238 4198 3522 4255 sumpsere

1921 4280 2326 4351 prtedicationis
2357 4280 2636 4334 exordium
2658 4320 2671 4343 ,
2706 4292 2805 4331 nec
2836 4279 3035 4346 passim
3067 4278 3135 4331 ab
3183 4278 3514 4332 insidiatori-

1921 4376 2024 4429 bus
2071 4375 2339 4430 columna:
2401 4379 2779 4428 everterentur
2827 4370 3107 4425 Ecclesite.
3161 4370 3379 4425 Certum
3433 4381 3518 4427 cst

1920 4468 2102 4533 enim,
2148 4467 2323 4520 eidem
2359 4473 2562 4520 sancta:
2589 4463 2703 4518 sedi
2737 4471 2959 4527 vestrae,
3002 4462 3055 4517 in
3086 4463 3347 4517 honorem
3393 4463 3520 4518 bea-

1924 4560 2118 4615 tissimi
2153 4559 2318 4622 Petri,
2346 4567 2557 4627 patrum
2588 4557 2807 4613 decreta
2841 4557 3165 4627 peculiarem
3212 4558 3519 4615 decrevisse

1918 4653 2277 4710 reverentiam
2322 4650 2450 4717 Dei,
2505 4664 2601 4721 pro
2633 4650 2795 4705 rebus
2836 4649 3169 4721 inquirendis
3225 4660 3385 4721 atque
3415 4651 3515 4705 de~

1922 4747 2280 4803 terminaudis
2302 4789 2315 4812 ,
2347 4760 2467 4816 quae
2498 4745 2729 4799 Sollicito
2758 4744 2915 4799 decet
2941 4786 2954 4810 ,
3002 4746 3256 4816 justeque
3284 4746 3352 4801 ab
3401 4746 3519 4816 ipso

1918 4841 2209 4914 prtesulum
2243 4838 2545 4895 cataminari
2578 4838 2778 4893 vertice
2808 4839 3109 4907 apostolico
3130 4881 3145 4907 ,
3175 4840 3326 4908 cujus
3369 4841 3521 4895 solli-

1916 4933 2100 4991 citudo
2133 4948 2346 5001 semper
2377 4930 2473 4984 fuit
2500 4940 2553 4985 et
2585 4942 2687 4997 est,
2726 4939 2831 4983 tam
2867 4930 3003 4984 mala
3035 4931 3316 5000 damnare,
3360 4946 3522 5001 quam

1916 5028 2150 5099 probare
2201 5023 2488 5079 laudanda.
2566 5023 2831 5089 Quocirca
2895 5023 3263 5078 humillimum
3335 5031 3519 5078 vestro

1915 5120 2219 5190 apostolico
2248 5115 2467 5171 culmini
2501 5115 2879 5185 persolventes
2908 5117 3259 5187 obsequium,
3294 5123 3351 5169 ut
3403 5115 3520 5183 ipse

1916 5213 2175 5271 Dominus
2205 5210 2497 5282 praecepit,
2557 5218 2611 5265 et
2657 5219 2969 5264 sanctorum
3016 5211 3231 5266 decreta
3306 5217 3519 5278 patrum

1917 5432 2060 5485 cem,
2090 5417 2133 5472 si
2163 5416 2289 5487 quid
2323 5416 2375 5471 in
2408 5415 2625 5469 cmteris
2656 5411 2906 5467 ecclesiis
2933 5411 3179 5487 vitiatum
3198 5420 3299 5487 (aut
3324 5410 3521 5487 depra-

1919 5484 2100 5545 vatum
2134 5484 2201 5541 sit
2223 5531 2238 5553 ,
2285 5503 2380 5542 sua
2415 5489 2741 5541 auctoritate
2774 5492 2828 5540 et
2858 5498 3018 5551 posse
3043 5495 3092 5540 et
3127 5485 3325 5540 debere
3352 5484 3525 5540 corri-

1918 5577 2070 5633 gere.
2114 5561 2315 5615 Sevea.
2360 5558 2565 5614 BINIUS.

1999 5694 2022 5727 8
2050 5695 2190 5727 ..ηιριέ

2000 5695 2022 5727 ,
2177 5696 2190 5707 .

2000 5765 2021 5798 ⁸
2050 5695 2354 5838 mixtique
2378 5764 2561 5837 fuisset
2586 5757 2941 5837 pronuntiatio
2965 5757 3126 5829 facta,
3153 5759 3529 5832 inﬁrmaretur.
