3998 6346
476 253 544 318 15
677 265 692 274 -
1665 233 1978 300 sanares
2015 228 2220 291 γεω(
2257 227 2442 288 PAPA
2478 227 2545 286 ιι.
3707 227 3776 286 ,σ

472 371 823 431 statuerunt,
876 375 999 420 cum
1043 359 1303 432 lacrymis
1332 357 1673 430 suggerimus
1701 397 1716 424 ,
1768 351 1914 426 quod
1953 349 2072 405 sine
2104 352 2151 413 Α
2177 345 2263 402 die
2295 345 2362 401 17
2392 340 2750 400 kalendarum
2777 337 3144 432 Augustarum
3167 339 3188 370 ²
3210 379 3226 406 ,
3270 335 3583 432 indictionis
3609 352 3775 410 quar-

473 463 676 536 gcmitu
715 458 892 516 cordis
933 455 1165 510 reticere
1205 469 1310 508 non
1344 453 1637 508 valeamus.
1689 449 1824 505 Nam
1858 449 1910 501 in
1952 455 2072 498 tan-

478 567 592 613 tum
622 571 650 610 a
681 549 1121 626 persecutoribus
1153 557 1354 603 sanch
1387 548 1480 602 Dei
1519 545 1765 600 ecclesia:
1793 584 1809 609 ,
1841 539 2073 595 nostris-

473 665 582 721 que
627 646 861 702 inimicis
912 641 1327 712 persequimur,
1376 649 1437 694 ut
1482 639 1652 709 magis
1707 649 1810 691 nos
1873 631 2074 688 ttcdeat

479 743 685 806 vivere,
720 752 879 808 quam
907 734 1065 790 mori.
1114 733 1271 790 Unde
1299 749 1413 804 pra:
1445 731 1699 786 omnibus
1745 729 1978 784 fatemur
2021 724 2075 778 in

477 841 686 887 tantum
717 843 814 882 cor
843 842 964 881 esse
994 832 1239 878 nostrum
1272 823 1612 878 vulneratum
1654 817 1862 891 (Victor
1891 815 2071 872 Cartb.

477 929 532 981 in
563 943 644 995 ep.
679 923 748 976 ad
780 921 1109 988 Theodorum
1137 917 1376 990 papam),
1418 927 1476 970 ut
1510 915 1890 986 prOplicticum
1923 910 2075 965 illum

477 1023 752 1092 planctum
800 1024 1122 1086 exoptemus
1151 1055 1164 1079 ,
1214 1013 1496 1067 dicentes:
1555 1010 1682 1076 Quis
1729 1007 1871 1060 dabit
1919 1003 2078 1077 capiti

477 1126 654 1170 nostro
685 1103 907 1183 aquam,
940 1120 1030 1164 aut
1057 1107 1222 1162 oculis
1252 1108 1442 1162 nostris
1473 1110 1666 1176 fontem
1706 1102 2070 1172 lacrymarum,

477 1220 534 1264 ut
563 1214 817 1269 sedentes,
849 1206 1109 1276 ploremus
1139 1203 1223 1256 die
1249 1219 1310 1255 ac
1341 1211 1487 1255 nocte
1516 1199 1736 1269 (Jerem.
1768 1195 1848 1268 ix)
1871 1195 1895 1249 Ἰ
1935 1193 2076 1250 Ecce

467 1303 627 1364 enim
652 1298 1008 1356 Ecclesia-Dei
1035 1312 1139 1352 non
1169 1295 1362 1351 leviter
1387 1299 1757 1365 perturbatur,
1779 1290 2076 1345 columna)-

482 1412 587 1467 que
613 1395 730 1464 ejus
761 1391 922 1446 nimis
954 1391 1312 1454 infesmntnr,
1356 1395 1516 1457 atque
1556 1401 1584 1439 a
1618 1383 1797 1456 pravis
1833 1379 2074 1436 amoveri

481 1487 794 1542 hominibus
821 1485 1088 1538 nituntur.
1151 1481 1586 1536 Christianorum
1629 1491 1760 1531 vero
1804 1488 1969 1530 voces
2012 1485 2078 1526 ac

479 1580 714 1652 gemitus
741 1577 1122 1648 episcoporum
1153 1575 1312 1645 longe
1339 1574 1553 1643 lateque
1579 1576 1876 1633 resonant,
1918 1564 2074 1620 novi-

481 1683 620 1728 tates
643 1673 951 1740 insurgunt,
974 1669 1265 1724 calumnize
1289 1675 1565 1732 crescunt,
1589 1663 1898 1734 persecutio
1922 1674 2076 1732 gras-

2175 448 2265 502 tze,
2293 449 2534 492 nostram
2562 433 2941 497 humilitatem,
2971 430 3151 486 divina
3176 431 3374 502 gratia,
3399 446 3498 486 suo
3526 429 3608 504 (ut
3635 446 3776 501 prte-

2175 530 2345 601 cepit)
2376 545 2600 584 munere
2635 526 3000 597 praiveniente
3023 566 3037 588 ,
3085 525 3286 579 vestris
3331 525 3535 579 sanctis
3565 539 3632 579 ac
3662 525 3775 580 Deo

2177 625 2358 695 dignis
2399 623 2650 693 precibus
2680 621 2734 676 in
2775 630 2962 675 sancta
2995 619 3236 673 Romana
3260 616 3280 648 ³
3312 617 3554 672 Ecclesia
3598 617 3777 688 ponti-

2177 718 2346 773 licalis
2382 717 2604 772 honoris
2634 715 2912 786 accepisse
2939 712 3410 769 consecrationem
3449 723 3506 768 et
3535 713 3731 768 stolam
3756 730 3772 769 :

2179 813 2232 868 in
2259 829 2365 884 quo
2396 812 2672 883 dignitatis
2699 809 2915 880 fastigio
2936 851 2951 875 ,
2997 815 3055 864 ut
3081 823 3109 861 a
3145 809 3254 863 Deo
3282 807 3659 876 omnipotente
3689 821 3778 863 re-

2176 922 2368 978 gamur
2396 907 2666 960 altissimo
2690 945 2706 972 ,
2749 916 2804 958 et
2834 918 2864 958 a
2895 902 3051 956 malis
3082 900 3334 956 omnibus
3360 899 3687 966 liberemur,
3715 907 3776 956 ut

2179 1017 2286 1056 non
2320 999 2663 1057 sacerdotale
2690 1013 2889 1054 nomen
2923 1005 3148 1062 tantum,
3202 993 3299 1050 sed
3330 993 3528 1048 (IliriSti
3561 993 3777 1050 Domini

2180 1099 2275 1154 Dei
2306 1099 2476 1153 nostri
2510 1103 2828 1167 protegente
2851 1092 3077 1160 auxilio,
3100 1100 3155 1146 et
3176 1091 3428 1146 meritum
3454 1089 3774 1158 habeamus,

2177 1191 2375 1246 vestris
2404 1191 2611 1244 sanctis
2640 1203 2702 1243 ac
2731 1186 2844 1243 Deo
2873 1183 3305 1256 acceptabilibus
3351 1198 3452 1239 nos
3492 1197 3776 1240 commen-

2178 1283 2371 1340 dantes
2397 1282 2738 1338 orationibus
2763 1322 2779 1347 ,
2831 1279 3107 1350 poscimus
3131 1319 3146 1344 ,
3194 1287 3460 1348 quatenus
3484 1285 3540 1333 et
3575 1278 3777 1335 vestris

2179 1376 2656 1447 deprecationibus
2704 1391 2804 1445 pro
2849 1375 3004 1429 nobis
3035 1373 3102 1428 ad
3133 1374 3300 1428 Deum
3332 1371 3524 1428 ell'usis
3556 1373 3775 1442 muniti,

2179 1481 2234 1526 et
2263 1468 2662 1525 eruditionibus
2711 1467 2869 1522 bonis
2916 1466 3210 1531 instructi,
3261 1464 3408 1532 digni
3447 1464 3772 1534 efficiamur,

2178 1577 2301 1618 cum
2330 1563 2477 1617 omni
2509 1560 2666 1614 nobis
2689 1559 2890 1631 populo
2909 1557 3221 1614 Christiano
3248 1559 3563 1620 commisso,
3594 1557 3777 1627 illaisi,

2180 1657 2391 1725 protegi
2444 1653 2754 1708 velamento
2801 1651 3011 1706 divino.
3085 1649 3166 1704 Ad
3221 1649 3600 1706 salutationem
3647 1664 3780 1721 ergo

479 1773 631 1821 satur
657 1805 671 1830 ,
715 1762 954 1834 perditio
997 1762 1056 1815 fit
1100 1761 1444 1832 populorum.
1503 1759 1753 1813 Vestrum
1786 1763 1873 1811 est
1901 1754 2064 1822 enim,
2104 1745 2154 1807 B
2181 1757 2374 1803 vestrae
2417 1755 2622 1801 sancta:
2664 1755 2719 1801 et
2768 1742 3107 1800 honoranda:
3153 1743 3490 1810 paternitatis
3534 1743 3650 1799 vice
3680 1758 3781 1799 no-

477 1858 635 1913 nobis
657 1871 874 1910 manum
903 1853 1208 1924 porrigere,
1233 1853 1358 1922 quia
1382 1851 1540 1906 vobis
1562 1848 1840 1904 commissi
1861 1860 2069 1902 sumus.

477 1951 731 2006 Vestrum
762 1959 844 2005 est
876 1963 974 2003 nos
996 1947 1290 2004 defendere
1308 1955 1471 2017 atque
1500 1945 1764 2009 liberare;
1796 1950 2073 1996 nostrum-

475 2058 583 2113 que
619 2052 700 2097 est
727 2057 757 2097 a
793 2039 948 2096 vobis
976 2039 1242 2095 auxilium
1273 2046 1569 2107 expetere,
1623 2033 1826 2089 vestris
1880 2047 2076 2103 parere

471 2135 826 2206 jussionibus.
861 2134 979 2188 Prae
1006 2133 1174 2188 nimio
1197 2147 1325 2202 ergo
1347 2130 1540 2186 dolore
1569 2138 1624 2185 et
1641 2127 1865 2199 gemitu,
1891 2124 2075 2180 omnia

475 2243 599 2298 quae
630 2226 785 2282 nobis
816 2227 1043 2290 instant,
1068 2237 1120 2280 et
1154 2240 1255 2280 nos
1289 2225 1570 2287 iulestant,
1602 2223 1620 2253 ί
1646 2220 1958 2277 necessario
1989 2233 2076 2274 re-

475 2318 725 2384 cordari,
777 2319 1041 2388 vobisque
1094 2318 1405 2388 significare
1448 2315 1754 2384 nequimus.
1815 2313 1941 2368 Ideo
1990 2311 2073 2366 al-

476 2426 622 2465 mum
655 2419 897 2465 vestrum
927 2424 1220 2464 exoramus
1247 2407 1648 2478 apostolatum,
1699 2415 1758 2459 ut
1783 2419 1948 2477 super
1989 2403 2076 2459 bis

471 2503 646 2572 legem
673 2542 688 2566 ,
736 2516 856 2571 qua:
903 2500 957 2553 in
1003 2509 1301 2554 memorata
1333 2499 1550 2552 Nicmna
1582 2495 1792 2569 synodo
1832 2505 1917 2551 est
1949 2511 2076 2565 pro—

473 2595 732 2663 mulgata,
769 2594 898 2647 licet
928 2591 1310 2661 praedictorum
1343 2589 1724 2645 insidiatorum
1755 2599 1810 2644 et
1841 2589 2073 2642 aliorum

474 2687 741 2742 malorum
785 2684 1065 2740 hominum
1107 2685 1189 2758 (ut
1235 2684 1445 2739 facilius
1483 2685 1805 2754 episcopos,
1863 2682 2074 2753 Deique

473 2780 754 2834 ministros
787 2779 1010 2832 valeant
1055 2775 1376 2848 illaqueare)
1409 2775 1801 2846 depravatione
1845 2779 1920 2829 sit
1956 2773 2073 2829 suf-

471 2872 646 2928 locata
665 2914 680 2938 ,
713 2870 979 2949 reparatis
1006 2888 1018 2922 :
1061 2878 1116 2924 et
1145 2886 1264 2940 quae
1296 2871 1611 2926 necessaria
1641 2867 1755 2928 fore
1782 2867 2074 2938 cognosci-

473 2967 543 3033 tis
562 3005 575 3028 ,
611 2974 810 3019 vestrae
839 2971 1039 3018 sanctae
1068 2962 1214 3017 sedis
1239 2961 1565 3016 auctoritate
1609 2975 1706 3016 nos
1735 2969 2074 3031 cunctosque

471 3053 674 3110 fratres
712 3054 1017 3108 informetis
1043 3093 1057 3117 ,
1105 3061 1165 3107 ut
1203 3054 1472 3108 malorum
1507 3051 1732 3107 insidias
1761 3051 2066 3119 hominum,

2179 1850 2290 1894 stra
2311 1880 2326 1905 ,
2359 1839 2381 1869 ‘
2427 1839 2780 1894 Benedictum
2809 1838 3066 1892 humilem
3094 1843 3342 1892 vestrum
3376 1836 3598 1893 fratrem
3618 1878 3634 1905 ,
3678 1852 3779 1892 no-

2178 1940 2350 1986 strum
2406 1933 2764 2001 episcopum,
2827 1939 2882 1986 et
2931 1929 3300 1985 Alexandrum
3360 1930 3777 2002 presbyterum,

2178 2021 2490 2092 Crispinum
2522 2038 2738 2094 quoque
2768 2021 3057 2078 diaconum
3087 2064 3103 2088 ,
3161 2032 3372 2078 vestros
3412 2021 3648 2079 l‘aniolos
3677 2023 3782 2080 de-

2153 2118 2522 2185 stinavimus,
2552 2133 2688 2188 quos
2719 2117 3059 2187 postulamus
3088 2118 3323 2173 celerius
3353 2119 3509 2175 nobis
3535 2136 3564 2173 a
3598 2130 3783 2176 vestra

2178 2209 2514 2266 beatitudine
2555 2209 2825 2278 persolvi,
2867 2218 2924 2263 ut
2954 2209 3153 2264 vestris
3180 2211 3646 2267 cohortationibus
3691 2228 3786 2268 ro-

2179 2303 2377 2370 borati,
2401 2315 2455 2358 et
2479 2303 2674 2358 vestris
2701 2304 2900 2374 regulis
2931 2304 3229 2370 informati,
3263 2304 3498 2362 inimicis
3525 2306 3788 2364 videlicet

2178 2401 2511 2470 compressis
2532 2442 2546 2466 ,
2593 2400 2658 2455 ad
2687 2401 2938 2472 proprias
2973 2400 3270 2469 prudenter
3299 2401 3566 2457 consolati
3597 2403 3787 2460 valea—

2163 2495 2299 2549 ‘mus
2329 2494 2602 2550 Ecclesias
2629 2502 2755 2550 ante
2787 2497 3045 2562 hiemem,
3080 2495 3190 2550 Deo
3219 2495 3472 2565 prOpitio,
3506 2512 3781 2554 remeare.

2179 2587 2433 2643 Vestrum
2464 2597 2550 2642 est
2579 2591 2799 2658 quippe,
2832 2597 2986 2658 pater
3015 2587 3382 2654 sanctissime,
3411 2590 3675 2645 canonica
3697 2590 3789 2646 di-

2177 2681 2465 2736 strictione
2494 2679 2658 2752 (Vide
2689 2682 2844 2750 ﬁnem
2881 2679 3106 2736 Victoris
3132 2681 3362 2754 ejusdem
3389 2683 3647 2756 epistola)
3672 2685 3790 2739 sol-

2178 2771 2348 2837 licite,
2372 2774 2754 2828 ecclesiastica:
2777 2774 2979 2844 regula:
3005 2773 3439 2841 adversantibus,
3456 2785 3512 2830 et
3535 2774 3779 2834 fratrum

2178 2866 2584 2923 insidiatoribus
2614 2867 2837 2922 obviare
2862 2910 2877 2933 ,
2929 2883 3029 2924 nec
3057 2869 3373 2939 permittere
3405 2871 3615 2926 uoviter
3645 2872 3783 2942 dici,

2177 2959 2320 3029 quod
2373 2971 2581 3029 patrum
2635 2961 3026 3016 venerabilium
3072 2963 3375 3018 auctoritas
3413 2966 3638 3020 omnino
3667 2982 3787 3023 non

2177 3051 2409 3108 censuit.
2455 3051 2564 3106 Nos
2593 3053 2736 3107 enim
2764 3052 2996 3109 humiles
3023 3056 3189 3109 corde
3211 3097 3227 3120 ,
3274 3071 3396 3126 qua:
3435 3069 3582 3113 recta
3624 3066 3784 3128 sunt,

471 3155 652 3202 vestra
687 3146 804 3200 l‘ulti
836 3145 1202 3211 auctoritate,
1249 3144 1405 3200 illaesi
1429 3186 1442 3211 ,
1485 3145 1717 3199 Domino
1746 3141 2065 3214 Opitulante,
2096 3135 2142 3200 C
2176 3147 2464 3218 adjuvante
2501 3147 2752 3217 Domino,
2785 3150 3082 3220 sapientes,
3112 3165 3220 3205 uno
3246 3151 3464 3207 vinculo
3490 3151 3786 3210 charitatis

471 3239 706 3296 evadere
755 3239 1072 3293 valeamus:
1122 3239 1243 3309 quia
1296 3255 1402 3294 non
1451 3248 1535 3294 est
1579 3239 1801 3302 ovium,
1851 3237 2074 3293 insidias

469 3333 722 3402 luporum
758 3333 1060 3402 praevidere
1085 3330 1274 3404 (Cone.
1300 3348 1355 3387 Ill
1393 3333 1543 3387 Rom.
1577 3332 1672 3387 sub
1703 3330 2070 3403 Symmacho),

471 3425 568 3480 sed
613 3435 888 3495 pastorum
914 3434 1019 3481 est.
1065 3425 1280 3481 Scimus
1311 3426 1456 3479 enim
1489 3425 1574 3494 (ut
1615 3437 1833 3492 semper
1873 3432 2073 3480 vestrae

471 3519 619 3574 sedis
649 3519 910 3588 praesules
931 3559 946 3585 ,
980 3519 1158 3588 primo
1183 3519 1457 3586 apostoli,
1492 3517 1692 3573 deinde
1725 3531 2072 3572 succesSores

471 3625 658 3666 eorum
684 3609 951 3682 fecerunt)
980 3625 1078 3663 vos
1107 3611 1431 3665 universalis
1445 3609 1724 3674 Ecclesiae,
1753 3619 1807 3664 et
1836 3611 2072 3665 maxime

469 3702 852 3772 episeoporum
875 3743 890 3767 ,
932 3703 1024 3773 qui
1054 3705 1186 3756 oculi
1219 3712 1440 3772 propter
1468 3703 1986 3772 coiitemplationem
2017 3711 2072 3759 et

467 3797 898 3866 speculationem
917 3839 931 3862 ,
960 3804 1226 3851 vocantur
1251 3796 1496 3864 Domini,
1538 3813 1728 3852 curam
1758 3813 1973 3868 gerere,
2007 3813 2071 3854 ac

469 3888 539 3944 de
561 3889 898 3944 revelatione
920 3896 976 3943 et
1001 3889 1117 3959 lege
1139 3896 1322 3943 nostra
1348 3889 1566 3944 assidue
1586 3891 1823 3960 cogitare
1842 3890 2065 3960 debere,

467 3983 612 4035 sicut
637 3982 896 4053 scriptum
925 3998 938 4035 :
972 3979 1162 4035 Beatus
1193 3982 1268 4036 vir
1295 3983 1384 4044 qui
1423 3981 1700 4036 meditatur
1727 3984 1782 4037 in
1808 3985 1920 4056 lege
1947 3983 2061 4039 Do-

468 4074 596 4128 mini
637 4072 724 4127 die
762 4089 822 4127 ac
861 4084 1009 4128 nocte
1048 4073 1222 4146 (Psal.
1253 4074 1292 4144 ι)
1321 4090 1340 4129 :
1379 4091 1499 4146 (ιιιω
1541 4076 1820 4132 meditatio
1857 4077 2068 4151 (Victor

467 4167 712 4237 Carthag.
747 4167 898 4240 epist.
932 4167 1047 4238 cit.)
1073 4183 1176 4222 noo
1208 4168 1439 4223 lectione
1469 4184 1563 4237 per
1594 4168 1820 4239 figuram
1851 4171 2064 4227 littera-

466 4274 586 4313 rum
639 4268 846 4312 tantum
889 4268 1219 4330 conspecta,
1268 4259 1362 4314 sed
1411 4259 1744 4317 exuberante
1796 4263 1848 4316 in
1908 4263 2068 4318 vobis

466 4348 671 4404 Christi
720 4352 933 4421 gratia,
995 4353 1048 4404 in
1097 4362 1275 4408 vestra
1328 4354 1678 4424 cognoscitur
1727 4357 2066 4411 conscientia

467 4444 819 4499 immobiliter
867 4445 1030 4500 insita
1058 4486 1074 4512 ,
1125 4454 1179 4500 et
1222 4447 1530 4502 nullatenus
1577 4448 1644 4502 de
1675 4457 1860 4504 vestro
1897 4449 2067 4507 corde

2177 3239 2454 3294 vobiscum
2485 3255 2669 3295 sumus
2700 3241 3013 3309 constricti,
3057 3257 3239 3297 veram
3271 3242 3432 3299 fidem
3465 3260 3528 3300 ac
3557 3245 3786 3316 religio-

2179 3348 2301 3387 nem
2353 3332 2677 3388 catliolicam
2735 3334 2786 3388 in
2833 3333 3083 3389 omnibus
3140 3335 3351 3390 fortiter
3401 3335 3783 3394 defensantes.

2177 3425 2483 3481 Stndiosius
2517 3428 2696 3495 itaque
2745 3441 2774 3479 a
2801 3425 3118 3493 catholicis,
3170 3427 3434 3496 improbis
3471 3428 3642 3498 probe
3687 3445 3785 3486 re-

2178 3518 2374 3572 sistere
2400 3517 2738 3572 innitendum
2757 3527 2860 3582 est,
2888 3533 2955 3572 ne
2979 3526 3252 3587 torpentes
3275 3518 3478 3573 desidia
3503 3522 3783 3590 oppressi,

2173 3609 2346 3677 culpae
2375 3608 2756 3663 taciturnitatis
2784 3619 3066 3664 teneamur
3092 3611 3310 3666 obnoxii
3340 3651 3356 3676 ,
3403 3623 3458 3667 et
3501 3614 3656 3684 quasi
3695 3616 3785 3669 fa-

2175 3715 2363 3778 vorem
2393 3699 2772 3770 impendentes
2812 3700 3147 3770 judiceniur,
3176 3701 3303 3756 dum
3329 3701 3559 3759 adversa
3583 3704 3784 3761 catho—

2174 3791 2294 3848 licae
2320 3791 2445 3848 ﬁdei
2477 3795 2794 3863 prepulsare
2819 3794 3160 3866 negligimus.
3211 3792 3366 3850 Unde
3393 3795 3596 3851 dictum
3637 3806 3723 3853 est
3748 3815 3772 3855 :

2173 3884 2453 3957 Negligere
2479 3886 2698 3956 quippe,
2733 3884 2860 3940 dum
2906 3887 3080 3956 possis
3118 3885 3413 3942 deturbare
3452 3904 3775 3959 perversos,

2174 3977 2309 4034 nihil
2355 3979 2497 4034 aliud
2536 3991 2618 4034 est
2647 3995 2806 4050 quam
2836 3981 3039 4035 fovere.
3085 3979 3196 4035 Nec
3221 3988 3371 4036 caret
3396 3984 3655 4053 scrupulo
3683 4000 3783 4041 so-

2169 4074 2381 4128 cietatis
2407 4074 2666 4139 occultae,
2713 4073 2805 4142 qui
2837 4073 3124 4128 manifesto
3154 4072 3384 4128 facinori
3425 4073 3629 4131 desinit
3671 4076 3778 4134 ob-

2173 4169 2343 4222 viare.
2375 4169 2590 4239 Liquet,
2625 4169 2818 4224 doctor
2843 4169 3208 4236 sanctissime,
3237 4187 3510 4229 venenosa
3541 4189 3779 4246 serpen-

2172 4261 2302 4316 tium
2353 4263 2474 4318 sine
2521 4263 2868 4334 simplicitate
2920 4262 3114 4319 astutia
3167 4264 3292 4319 dum
3348 4265 3634 4323 manifesta
3684 4279 3783 4327 est.

2171 4353 2359 4408 dolosa
2393 4353 2734 4409 inimicorum
2764 4355 2997 4410 fallacia.
3044 4354 3355 4412 Succurrite
3377 4399 3392 4425 ,
3428 4373 3773 4430 quaesumus,

2170 4449 2484 4518 oppressis,
2536 4448 2762 4503 liberate
2807 4464 2906 4502 nos
2955 4447 3024 4504 de
3064 4463 3228 4503 manu
3282 4453 3774 4522 persequentium,

471 4536 765 4591 recedente
793 4535 912 4606 lege
936 4535 1136 4591 Christi
1167 4537 1257 4592 Dei
1281 4539 1490 4593 Domini
1523 4553 1892 4610 sacrosancta,
1923 4546 2063 4598 sicut
2088 4531 2142 4592 D
2170 4549 2228 4594 ut
2255 4555 2376 4595 cum
2408 4541 2566 4596 beato
2593 4539 2695 4595 Job
2723 4541 2954 4596 cantetis
2979 4558 2994 4595 :
3030 4539 3329 4597 Benedictio
3361 4545 3580 4613 perituri
3609 4563 3776 4619 super

465 4627 522 4684 in
557 4629 767 4699 psalmo
797 4629 928 4684 dicit
959 4631 1238 4700 propheta
1267 4649 1280 4686 :
1327 4630 1398 4686 0s
1434 4634 1568 4702 justi
1609 4637 1942 4708 meditabitur
1977 4653 2062 4691 sa-

466 4723 752 4792 pientiam,
803 4731 853 4777 et
892 4722 1070 4794 lingua
1096 4726 1210 4796 ejus
1247 4726 1479 4795 loquetur
1508 4728 1811 4800 judicium:
1851 4729 1935 4784 lea:
1963 4728 2063 4785 Dei

463 4813 576 4884 ejus
616 4814 670 4866 in
720 4815 874 4867 corde
919 4816 1088 4885 ipsius
1119 4814 1290 4888 (Psal.
1326 4819 1515 4888 xxxvi)
1541 4835 1560 4872 :
1601 4837 1703 4874 non
1745 4832 2056 4892 atramento,

459 4905 550 4958 sed
577 4905 764 4974 spiritu
809 4905 898 4960 Dei
931 4909 1028 4962 vivi
1075 4919 1239 4962 vestra
1269 4910 1322 4964 in
1349 4927 1544 4964 arcana
1572 4915 1869 4985 conscripta
1896 4933 1916 4982 ;
1967 4934 2059 4972 ne-

459 5015 557 5068 que
585 4999 638 5052 in
669 4998 861 5053 tabulis
895 5000 1142 5072 lapideis,
1193 5005 1282 5056 sed
1312 5005 1364 5058 in
1407 5004 1597 5059 tabulis
1627 5009 1798 5061 cordis
1827 5010 2056 5064 carnali-

458 5093 552 5147 bus
585 5092 651 5163 (ll
679 5092 798 5148 Cor.
827 5092 908 5165 ιιι)
937 5135 951 5158 ,
1005 5096 1142 5150 sicut
1189 5096 1484 5153 beatissimi
1537 5102 1766 5170 apoStoli
1804 5104 1953 5158 Pauli
1982 5105 2051 5160 ad

459 5183 775 5240 Corinthios
823 5188 984 5240 inissa
1033 5202 1132 5241 nos
1171 5187 1331 5243 docet
1371 5190 1622 5258 epistola.
1665 5192 1874 5259 Quibus
1914 5210 2052 5264 pra:-

456 5279 666 5348 missis,
697 5278 1062 5350 significamus
1095 5282 1204 5336 Deo
1232 5282 1445 5353 placitae
1475 5285 1785 5354 paternitati
1828 5298 2046 5358 vestrm,

525 5467 541 5498 ³
577 5465 909 5521 Necessaria.

521 5559 543 5634 ξ
570 5557 728 5634 Anno
754 5559 885 5634 646.
913 5575 1021 5634 quo
1049 5560 1220 5634 magis
1247 5568 1508 5631 appareat
1534 5561 1688 5618 fucus
1732 5561 2050 5634 impostoris

446 5630 538 5702 qui
581 5630 701 5686 orbi
746 5632 916 5687 voluit
957 5631 1206 5687 illudere.

520 5742 540 5773 ³
585 5741 886 5799 Romanam
914 5743 1033 5800 loco
1059 5742 1500 5816 Carthaginensis
1545 5743 1841 5803 substituit.
1891 5745 2046 5804 Adde

2169 4649 2248 4686 me
2278 4633 2527 4696 veniebat,
2559 4641 2606 4685 et
2635 4649 2722 4686 cor
2750 4633 2918 4688 vidule
2943 4635 3235 4690 consolatus
3264 4653 3396 4692 sum.
3425 4637 3645 4693 Justitia
3685 4643 3777 4696 in-

2165 4724 2322 4778 dutus
2350 4739 2510 4789 sum,
2555 4733 2602 4779 et
2645 4726 2820 4780 aestivi
2859 4711 2969 4790 me,
3017 4728 3150 4781 sicut
3181 4729 3475 4784 vestimento
3507 4742 3553 4784 et
3580 4732 3774 4789 diade-

2163 4827 2332 4881 mate,
2364 4816 2571 4887 judicio
2599 4831 2730 4880 meo.
2785 4817 2983 4872 Oculus
3009 4818 3090 4886 [ui
3119 4835 3254 4874 cwco
3281 4862 3296 4887 ,
3349 4831 3395 4876 et
3426 4838 3514 4890 pes
3543 4817 3788 4882 claudo.

2164 4907 2323 4962 Pater
2355 4925 2494 4962 eram
2541 4925 2866 4978 pauperum,
2915 4918 2962 4963 et
3012 4927 3222 4964 causam
3251 4929 3405 4980 quant
3447 4917 3769 4987 nesciebam,

2161 5000 2554 5072 diligentissime
2601 5000 2986 5070 inuestigabam.
3045 5000 3378 5057 Conterebam
3430 5009 3598 5062 molas
3651 5011 3767 5065 ini-

2157 5093 2277 5160 qui,
2318 5103 2363 5145 et
2394 5091 2458 5145 de
2487 5092 2724 5146 dentibus
2756 5093 2776 5122 ⁵
2807 5107 2985 5146 eorunt
3011 5093 3313 5162 auferebam
3364 5099 3598 5166 pra-dam
3631 5100 3770 5173 (Job

2155 5184 2332 5256 xxvii)
2357 5227 2372 5252 ,
2419 5196 2473 5240 et
2504 5186 2750 5256 reliqua.‘
2797 5185 2908 5240 Nos
2934 5185 3080 5241 enim
3109 5204 3247 5258 quos
3276 5199 3366 5246 tua
3399 5191 3632 5250 maxima
3662 5213 3770 5255 ex.

2154 5291 2364 5356 spectat
2405 5280 2534 5338 cura
2569 5281 2776 5354 (lnnoc.
2819 5298 2900 5352 ep.
2936 5281 3005 5336 18
3033 5283 3104 5338 ad
3141 5285 3294 5342 Alex.
3328 5286 3764 5365 Antiochenam),

2157 5467 2299 5540 quod
2330 5467 2656 5524 Athanasius
2679 5467 3022 5525 Alexandriae
3051 5469 3541 5540 ordinatus,credo
3567 5492 3771 5536 mense

2153 5538 2414 5594 Januario
2439 5555 2528 5594 an.
2559 5541 2686 5607 516,
2719 5541 3016 5597 indictione
3049 5542 3134 5596 14.

2223 5608 2245 5639 ⁸
2275 5610 2502 5690 Nomina
2532 5616 2749 5682 propria
2779 5612 3003 5668 mutavit
3033 5612 3328 5684 plagiarios
3357 5633 3426 5675 ne
3445 5617 3764 5690 deprehen-

2148 5680 2375 5737 deretur
2400 5683 2454 5736 in
2480 5680 2648 5740 furto:
2733 5737 2740 5741 .

2220 5751 2242 5782 '
2272 5750 2445 5809 Illius.
