3998 6346
282 397 354 454 υ
1502 396 1862 455 EPISTOLE
1900 397 1990 455 ET
2029 398 2373 458 DECRETA.
3278 374 3279 377 γ
3438 430 3444 438 ο
3526 408 3596 464 is

286 513 340 570 id
368 522 482 579 est,
536 526 731 568 omnes
766 511 1009 582 episcopi
1030 552 1045 575 .
1080 512 1351 584 praecipue
1380 521 1527 568 tuum
1567 517 1767 570 mereri
1798 513 1893 570 de-
1920 517 1970 577 A
1996 516 2377 587 episcoporum.
2404 545 2477 558 -
2525 515 2710 573 XVIII.
2766 517 2847 573 De
2890 535 2992 573 non
3036 520 3375 577 terminandis
3420 524 3591 579 causis

288 605 477 661 bemus
516 604 807 674 judicium,
848 614 905 660 et
944 620 1051 660 non
1090 605 1158 660 ab
1205 606 1327 661 aliis
1368 606 1636 662 devorari.
1696 608 1888 663 Merito

288 713 419 768 ergo
471 713 574 752 nos
606 698 816 753 Domini
869 713 1030 753 causa
1072 700 1289 765 respicit
1331 699 1639 754 sacerdotes
1665 740 1679 765 ,
1730 704 1774 754 si
1819 700 1891 754 si-

286 791 456 847 lentio
502 791 784 844 faveamus
821 792 998 845 errori
1043 788 1192 862 (Cwl.
1226 807 1311 859 ep.
1366 792 1393 845 1
1429 793 1497 845 ad
1526 791 1752 863 Gallos).
1805 794 1891 848 Si-

285 886 503 957 quidem
555 886 924 955 corripiantur
985 884 1327 954 bujusmodi,
1396 901 1496 941 nec
1540 887 1610 940 sit
1656 886 1885 941 liberum

285 980 393 1041 eis,
436 995 533 1049 pro
563 979 841 1033 voluntate
868 978 1047 1033 facere
1085 979 1375 1048 judicium.
1422 979 1645 1033 Desinat
1678 978 1885 1034 novitas

282 1073 559 1130 incessere
590 1084 916 1129 vetustatem
946 1075 987 1138 ί,
1013 1075 1227 1129 desinat
1256 1074 1618 1129 Ecclesiarum
1646 1075 1884 1144 quietem

280 1166 598 1235 inquietudo
627 1168 864 1222 turbare.
897 1165 1032 1221 Nam
1060 1177 1118 1221 ut
1143 1182 1334 1222 omnes
1362 1168 1770 1236 metropolitani
1802 1167 1884 1222 vel

278 1260 470 1329 reliqui
517 1260 762 1329 episcopi
794 1275 891 1315 sua
917 1260 1039 1315 odia
1084 1270 1177 1315 aut
1222 1262 1493 1316 vindictas-
1543 1262 1596 1316 in
1642 1262 1884 1331 reliquos

284 1355 574 1424 episcopos
655 1368 916 1410 exercere
997 1369 1103 1410 non
1172 1356 1426 1421 valeant,
1505 1355 1626 1410 ideo
1706 1355 1882 1410 nomi-

280 1447 446 1500 natim
496 1446 549 1500 in
595 1444 810 1500 Niczena
860 1446 1070 1518 synodo
1119 1447 1363 1518 expressi
1414 1458 1539 1501 sunt
1591 1448 1876 1518 primates,

276 1540 368 1610 qui
416 1539 661 1608 reliquos
697 1539 988 1609 episcopos
1028 1540 1217 1595 audire
1244 1553 1298 1596 et
1341 1541 1590 1611 judicare
1619 1542 1879 1609 debeant,

276 1647 349 1687 ne
379 1631 486 1685 ulla
517 1631 668 1685 Iraus
701 1631 754 1686 in
794 1630 1000 1700 judicio
1029 1633 1409 1704 episcoporum
1440 1636 1615 1704 possit
1646 1635 1876 1690 irruere.

275 1722 390 1777 Vos
417 1738 571 1793 ergo,
595 1724 686 1794 qui
719 1724 773 1778 in
802 1738 1012 1779 summa
1040 1724 1257 1795 specula
1288 1725 1460 1795 gratia
1490 1724 1586 1779 Dei
1615 1727 1748 1781 estis
1780 1740 1876 1796 po-

272 1821 389 1882 siti.
418 1820 705 1876 attendere
734 1835 832 1876 eos
860 1830 916 1875 et
944 1822 1257 1891 Opprimere
1283 1830 1537 1899 Oportet,
1568 1823 1659 1891 qui
1688 1823 1739 1875 in
1770 1821 1879 1876 fra-

1999 608 2356 679 episcOporum
2384 611 2572 680 absque
2602 612 2906 668 auctoritate
2939 612 3165 668 Romani
3213 616 3492 686 pontiﬁcis.
3518 647 3591 658 -—-

1994 699 2133 755 XIX.
2194 702 2255 756 Si
2290 705 2564 771 episcopus
2603 722 2631 756 a
2665 708 3209 776 comprovincialibns.
3241 710 3318 763 vel
3343 727 3375 763 α
3400 720 3590 764 metro-

1993 792 2223 862 politano
2268 796 2484 849 senserit
2533 812 2587 848 se
2635 800 3061 865 praegrat'ari.——
3095 798 3209 854 XX.
3260 799 3338 853 De
3369 801 3592 874 judiciis

1992 886 2373 955 episcOporum,
2397 896 2444 941 et
2468 886 2531 940 de
2558 898 2784 957 tempore
2809 907 3048 945 concesso
3072 894 3138 945 ad
3166 894 3588 964 prtrpurandum,

1992 987 2040 1030 et
2071 980 2501 1047 comparandum.
2527 1010 2600 1020 -—
2627 980 2774 1036 XXI.
2808 980 2883 1035 De
2913 983 3183 1054 judicibus
3228 994 3275 1037 et
3324 994 3593 1040 accusato-

1989 1071 2151 1135 ribus,
2191 1072 2368 1141 quales
2394 1072 2611 1127 debeant
2638 1091 2765 1129 esse.
3270 1088 3285 1095 ‘

1997 1207 2497 1265 Revercndissimis
2526 1221 2684 1281 atque
2716 1212 3087 1268 dilectissimis
3119 1212 3399 1282 fratribus,
3425 1215 3595 1271 Atha-

2071 1303 2227 1357 nasio
2274 1312 2328 1357 et
2374 1306 2646 1359 universis
2694 1305 3114 1378 Egyptiorum,
3150 1307 3588 1378 ‘Thebaitlorum,

2058 1395 2360 1467 Libyorum
2387 1400 2681 1469 episcopis.
2712 1401 2763 1454 in
2788 1411 2972 1455 sancta
2991 1401 3355 1457 Alexandrina
3381 1406 3592 1476 synodo

2062 1491 2423 1560 Congregatis,
2452 1492 2598 1547 Felix
2628 1493 2782 1547 alma:
2808 1493 3068 1549 Romanae
3098 1496 3245 1550 urbis
3273 1506 3327 1551 et
3375 1499 3590 1551 univer-

2057 1582 2187 1639 salis
2220 1585 2475 1640 Ecclesiae
2525 1589 2833 1656 episcopus,
2880 1599 2933 1643 et
2962 1601 3147 1644 sancta
3179 1592 3439 1662 synodus,
3469 1608 3589 1662 quae

2058 1676 2111 1730 in
2147 1676 2334 1732 urbem
2387 1678 2609 1733 Romam
2658 1682 2945 1746 convenit,
2981 1682 3031 1735 in
3066 1682 3295 1737 Domino
3327 1684 3581 1739 salutem.

2056 1815 2274 1872 Sacram
2308 1827 2543 1872 vestram
2574 1818 2889 1890 synodicam
2920 1820 3208 1888 epistolam
3240 1864 3253 1887 ,
3306 1838 3403 1893 per
3441 1837 3570 1893 gra-

276 1924 389 1969 tres
418 1914 719 1969 seditiones
746 1923 802 1970 et
831 1916 1089 1970 scandala
1120 1917 1368 1970 excitant
1391 1915 1602 1988 (Steph.
1631 1915 1878 1971 Dorensis
1910 1919 1958 1979 B
1984 1910 2115 1964 tiam
2144 1912 2317 1966 sancti
2346 1913 2580 1982 Spiritus
2601 1956 2614 1977 ,
2661 1925 2715 1969 et
2742 1915 2854 1969 Deo
2886 1915 3144 1983 placitum
3178 1918 3416 1973 studium
3448 1933 3582 1974 con-

278 2008 349 2061 ad
376 2025 491 2078 syn.
528 2007 709 2062 Later.
742 2025 866 2062 ann.
900 2008 1051 2079 6l9).
1083 2008 1317 2079 Ideoque
1345 2024 1655 2074 exoramus,
1692 2020 1750 2064 ut
1780 2010 1880 2063 mi-

270 2102 426 2159 nime
475 2103 799 2173 despiciatis
864 2103 1189 2158 humilitatis
1253 2112 1455 2157 nostra:
1521 2113 1579 2159 et
1639 2104 1881 2158 omnium

271 2197 629 2253 orientalium
679 2198 1112 2275 orthodoxorum
1166 2199 1510 2254 sacerdOtum
1559 2208 1614 2254 et
1651 2199 1885 2270 p0pulo-

271 2307 392 2347 rum
421 2291 755 2348 amictiones
785 2294 844 2360 ',
895 2303 946 2348 ct
989 2293 1410 2364 deprecationes
1455 2309 1577 2349 eum
1626 2294 1883 2365 lacrymis

271 2386 488 2439 oblatas
514 2427 530 2452 ,
574 2384 669 2440 sed
702 2385 842 2439 sicut
874 2384 1161 2439 luminaria
1195 2386 1453 2440 universo
1484 2384 1689 2439 mundo
1713 2425 1729 2452 ,
1761 2398 1884 2439 ver-

273 2477 399 2533 bum
433 2477 561 2533 vita:
595 2479 899 2535 retinentes
923 2522 936 2545 ,
985 2479 1329 2535 introductas
1356 2478 1681 2548 exstinguite
1725 2488 1880 2533 tene~

274 2569 399 2626 bras
465 2570 988 2625 nefandissimorum
1048 2571 1473 2636 insidiatorum,
1546 2571 1879 2641 temporibus

272 2665 435 2718 etiam
466 2664 674 2717 nostris
707 2664 1013 2733 procaciter
1038 2663 1378 2733 germinatas
1403 2705 1417 2728 ,
1456 2675 1729 2733 ullatenus
1761 2664 1880 2718 qu-

273 2758 417 2812 ditus
447 2758 720 2813 exstincta
754 2757 1069 2828 hujusmodi
1095 2758 1353 2827 caligine,
1384 2757 1579 2813 lucifer
1606 2759 1765 2813 nobis
1795 2773 1885 2813 re.

271 2852 561 2922 splendeat
595 2866 691 2920 per
724 2866 856 2917 vos,
891 2852 1237 2905 sanctissime
1270 2860 1451 2919 pater,
1484 2861 1538 2905 et
1567 2850 1877 2919 dogmatica

271 2944 524 2999 definitio
553 2943 756 3013 ubique
785 2958 978 2999 omnes
1006 2943 1488 3012 laitilicans,quam
1520 2943 1743 3011 gloriosi
1776 2943 1879 2998 Ec-

268 3038 459 3093 clesiae
488 3043 694 3091 sanctze
724 3045 907 3106 patres
950 3052 1047 3107 per
1075 3036 1293 3106 propria
1329 3038 1569 3105 piissima
1620 3036 1876 3106 dogmata

270 3128 327 3185 in
377 3138 602 3184 aeterna:
650 3128 776 3184 vitae
834 3128 1045 3185 ﬁrmam
1098 3129 1480 3185 bteretlitatem
1546 3131 1877 3201 prtedicasse

270 3233 602 3279 noscuntur.

1987 2008 2274 2075 scriptam,
2298 2017 2496 2062 vestrae
2526 2010 2555 2061 a
2584 2007 2693 2063 Deo
2726 2008 3060 2064 honorandae
3087 2013 3391 2068 Sanctitatis
3416 2014 3588 2084 gratia

1986 2096 2224 2153 libenter
2274 2101 2658 2169 suscepimus,
2716 2112 2881 2172 atque
2941 2104 3209 2158 instanter
3261 2104 3585 2176 in-syuodo

1985 2191 2205 2245 recitari
2235 2207 2328 2261 per
2360 2195 2568 2263 singula
2594 2194 2857 2261 jussimus
2878 2237 2893 2260 ,
2921 2205 2975 2250 et
3003 2211 3196 2251 omnes
3224 2197 3429 2251 intente
3458 2197 3582 2264 ejus

1986 2285 2245 2353 colligere
2278 2286 2440 2341 verba
2474 2288 2829 2356 praecepimus
2856 2306 2868 2340 :
2915 2303 3079 2358 super
3102 2305 3223 2359 qnze
3253 2290 3381 2344 dum
3414 2290 3585 2345 laturi

1986 2376 2347 2446 sperabamus
2396 2388 2451 2432 et
2494 2377 2887 2446 cupiebamus,
2934 2395 3086 2434 versa
3135 2389 3220 2434 est
3270 2383 3325 2435 in
3380 2381 3584 2435 luctum

1985 2471 2193 2525 cithara
2237 2482 2458 2538 nostra,
2502 2473 2747 2526 cantatio
2789 2473 2843 2526 in
2884 2473 3284 2542 plorationem,
3329 2485 3385 2529 et
3425 2490 3589 2531 omne

1984 2568 2155 2620 totius
2181 2567 2378 2638 synodi
2424 2566 2678 2637 gaudium
2712 2566 2765 2620 in
2800 2581 3089 2622 maerorem
3132 2568 3456 2622 translatum
3497 2576 3584 2623 est

1985 2656 2127 2728 (Job.
2157 2659 2326 2728 xxx):
2369 2659 2492 2728 quia
2543 2673 2648 2713 non
2700 2657 2998 2722 decuerat,
3060 2668 3116 2713 ut
3158 2658 3211 2712 bi
3251 2659 3343 2729 qui
3379 2674 3582 2727 corpus

1983 2750 2186 2804 Christi
2236 2750 2477 2820 quotidie
2516 2752 2733 2819 proprio
2766 2751 3069 2805 coniiciunt
3099 2768 3194 2805 ore
3219 2749 3305 2823 (S.
3344 2750 3494 2807 Hier.
3525 2752 3583 2807 in

1981 2858 2066 2912 ep.
2099 2846 2167 2895 ad
2197 2841 2609 2915 Nepotianum),
2658 2852 2862 2897 tantam
2896 2854 3215 2914 paterentur
3247 2844 3584 2913 persecutio-

1983 2950 2132 3000 nem,
2162 2938 2417 3006 quoniam
2454 2936 2715 2991 Dominus
2744 2936 2887 2990 Deus
2920 2949 3111 2992 noster
3140 2936 3369 2990 salutem
3399 2936 3582 3005 provi-

1982 3029 2120 3085 dens
2158 3030 2375 3098 generis
2418 3029 2669 3098 humani,
2716 3031 2991 3085 mandavit
3024 3030 3443 3100 persecutiones
3471 3045 3579 3083 non

1982 3122 2121 3185 ﬁeri,
2158 3137 2331 3191 neque
2358 3122 2743 3179 ﬂuctuationes
2776 3124 3002 3189 inferri,
3033 3140 3133 3179 nec
3166 3123 3399 3178 invideri
3433 3122 3583 3177 labo-

1980 3215 2231 3271 rantibus
2286 3217 2338 3270 in
2393 3233 2525 3288 agro
2580 3217 2886 3282 dominico,
2946 3232 3122 3288 neque
3166 3218 3580 3285 dispensatores

346 3317 680 3372 Incolumem
712 3325 766 3372 te
794 3324 850 3372 et
890 3315 1288 3386 beneplacitum
1324 3317 1436 3371 Deo
1462 3317 1706 3390 (Sergius
1733 3316 1864 3388 ουρ,
1899 3306 1946 3370 C
1978 3311 2156 3380 magni
2196 3311 2337 3381 regis
2378 3312 2559 3365 vexari
2604 3321 2697 3365 aut
2745 3312 2966 3381 expelli.
3029 3312 3305 3379 Quiescite
3331 3353 3345 3376 ,
3405 3311 3581 3381 inquit

278 3425 358 3478 ep.
391 3411 459 3463 ad
488 3408 694 3463 Theod.
726 3425 916 3481 papam
944 3425 1100 3481 supra
1125 3409 1238 3481 cit.)
1260 3450 1274 3475 ,
1325 3410 1666 3464 sanctissime
1708 3422 1870 3479 pater

277 3512 489 3571 patrum
512 3544 527 3566 ,
573 3510 819 3557 orantem
859 3516 955 3572 pro
984 3500 1172 3567 nobis,
1212 3501 1475 3557 Dominus
1504 3502 1781 3557 custodiat
1818 3502 1871 3557 in

274 3610 470 3651 mrum.
515 3596 712 3652 Amen.
1270 3614 1275 3619 ·

504 3730 526 3761 ³
554 3729 893 3787 EPISTOLA
938 3729 960 3786 I
1004 3729 1270 3786 FELICIS
1319 3728 1526 3785 PAWE
1568 3729 1635 3785 II.

312 3860 647 3902 BESCBIPTUI
687 3861 756 3901 AD
795 3860 1077 3901 EPISCOPOS
1119 3860 1170 3899 IN
1214 3859 1592 3899 ALEXANDRINA
1636 3858 1838 3900 SYNODO

869 3954 1267 3995 CONGREGATOS.

344 4054 383 4109 I.
430 4054 503 4110 llt
549 4071 694 4109 nemo
722 4056 1027 4124 episcopum
1061 4069 1215 4122 penes
1243 4052 1463 4107 arbitros
1490 4052 1762 4106 swculares
1788 4069 1875 4106 ac-

272 4158 436 4203 cuset.
462 4177 537 4187 —
580 4146 643 4201 ll.
691 4146 755 4203 Si
784 4146 898 4216 quis
927 4147 1175 4200 adversus
1205 4146 1507 4217 episcOpum
1536 4162 1746 4198 causam
1776 4145 1872 4199 Ita-

273 4242 463 4295 bucrit.
496 4270 573 4281 ——
612 4238 700 4294 III.
743 4238 822 4293 De
852 4239 1049 4293 eadem.
1084 4268 1153 4276 —
1197 4236 1284 4291 IV.
1338 4236 1416 4291 De
1444 4238 1699 4307 episwpis
1726 4236 1874 4291 rebus

273 4337 381 4389 suis
411 4334 716 4404 exspoliatis
738 4376 752 4398 ,
801 4345 889 4387 aut
916 4350 948 4385 a
972 4332 1091 4386 sede
1119 4332 1303 4401 pulsis.
1334 4361 1405 4371 ——
1434 4330 1497 4385 V.
1552 4330 1782 4399 Infantes
1827 4341 1873 4384 et

274 4427 555 4499 sacrilegos
583 4426 651 4479 ad
678 4425 1026 4479 testimonium
1056 4440 1157 4476 non
1182 4422 1550 4476 admittendos.
1591 4451 1661 4462 σο-
1688 4421 1778 4476 VI.
1812 4420 1874 4476 Si

275 4520 547 4585 epismpus
596 4525 807 4571 vocatus
851 4516 919 4570 ad
946 4514 1251 4581 concilium,
1287 4514 1364 4569 ire
1394 4531 1494 4567 non
1525 4514 1771 4583 potuerit.
1803 4542 1873 4552 —

273 4611 387 4667 VII.
439 4610 515 4664 De
543 4612 715 4664 causis
742 4625 858 4677 qua:
888 4608 1082 4677 legibus
1110 4625 1213 4661 non
1241 4608 1570 4663 continentur
1590 4648 1604 4669 ,
1647 4608 1724 4660 vel
1753 4623 1875 4675 pro-

1979 3413 2167 3458 sancta
2195 3420 2388 3474 magna
2414 3404 2628 3460 Nicama
2674 3406 2917 3476 synodus
2964 3406 3040 3475 (6,
3074 3415 3255 3476 quiest.
3289 3406 3367 3474 I),
3397 3413 3453 3458 et
3484 3421 3582 3458 n0-

1978 3495 2074 3550 Iite
2107 3498 2357 3566 persequi
2384 3512 2477 3551 eos
2491 3498 2580 3567 qui
2614 3497 2723 3552 Deo
2748 3497 2985 3567 perfecte
3012 3498 3345 3563 ministrant,
3375 3505 3431 3551 et
3459 3496 3578 3551 sin-

1978 3602 2104 3642 cera
2145 3588 2424 3644 voluntate
2457 3590 2548 3644 Dei
2588 3589 2811 3658 superni
2853 3589 3104 3643 mandata
3134 3589 3469 3654 custodiunt,
3515 3597 3572 3643 et

1980 3686 2186 3741 nostris
2234 3686 2441 3757 legibus
2472 3686 2871 3754 subjugantur;
2913 3686 3039 3754 quia
3086 3699 3188 3739 nec
3228 3684 3424 3749 decet,
3473 3698 3576 3738 nec

1977 3778 2115 3832 ordo
2142 3778 2344 3848 patitur
2364 3820 2379 3842 ,
2418 3787 2475 3831 ut
2506 3776 2675 3847 iniqui
2701 3786 2756 3832 et
2781 3776 3061 3843 carnales,
3095 3775 3410 3844 Spirituales
3442 3790 3573 3844 per-

1976 3880 2295 3940 sequantur.
2366 3868 2555 3923 Omnis
2607 3870 2751 3924 enim
2800 3870 2889 3939 qui
2938 3868 3146 3924 resistit
3190 3868 3378 3934 alicui,
3430 3882 3576 3922 nunc

1977 3962 2264 4027 vertendo,
2296 3977 2439 4017 nunc
2466 3961 2694 4017 celando
2724 3962 3033 4026 veritatem,
3083 3962 3347 4016 mentitur
3378 3960 3575 4015 adver—

1977 4070 2075 4110 sus
2123 4071 2279 4119 eum,
2328 4064 2518 4110 contra
2547 4069 2705 4121 quem
2738 4053 2933 4125 litigat.
2981 4054 3050 4108 Et
3090 4054 3179 4123 qui
3220 4054 3447 4108 infestus
3491 4062 3576 4108 est

1978 4147 2166 4211 alicui,
2192 4146 2375 4202 omnia
2408 4149 2550 4201 sicut
2578 4147 2749 4199 hostis
2774 4148 2903 4216 agit,
2938 4152 2993 4199 et
3018 4145 3243 4214 insuper
3274 4145 3416 4213 loqui
3447 4158 3578 4198 con-

1980 4242 2173 4296 tendit.
2201 4241 2313 4297 Vos
2345 4241 2488 4295 enim
2518 4255 2824 4305 mouemus,
2857 4239 3077 4303 fratres,
3110 4240 3163 4292 in
3194 4237 3433 4307 speculis
3456 4251 3579 4291 esse

1977 4334 2178 4389 debere
2201 4376 2216 4401 ,
2265 4344 2324 4389 ut
2363 4335 2415 4388 in
2440 4343 2700 4404 quantum
2733 4333 2988 4401 poteStis,
3037 4339 3092 4385 et
3120 4331 3381 4384 Dominus
3417 4330 3575 4383 auxi-

1979 4428 2108 4482 lium
2142 4427 2351 4482 dederit
2379 4469 2399 4497 ,
2452 4427 2648 4481 talibus
2682 4434 2864 4480 nostra
2891 4424 3189 4493 apostolica
3218 4464 3231 4485 ,
3285 4434 3577 4491 vestraque

1979 4521 2305 4575 auctoritate
2346 4519 2646 4586 resistatis,
2688 4532 2789 4572 nec
2818 4517 3104 4587 quisquam
3132 4524 3372 4571 vestrum
3404 4531 3435 4570 a
3467 4514 3577 4570 fra-

1981 4615 2079 4668 tris
2124 4613 2325 4667 auxilio
2367 4628 2426 4667 se
2472 4612 2796 4675 subtrahat,
2843 4610 2938 4665 sed
2992 4626 3087 4679 pro
3115 4610 3324 4665 viribus
3352 4617 3578 4678 praestet

276 4706 451 4760 hibita:
476 4715 776 4759 noscuntur.
824 4733 894 4744 -—
939 4702 1075 4757 VIII.
1123 4701 1200 4755 De
1228 4702 1647 4755 accusationibus
1678 4702 1877 4770 episco-
1903 4706 1957 4767 D
1983 4705 2392 4761 adminiculum.
2445 4705 2743 4772 Quoniam,
2778 4705 2904 4759 licet
2933 4705 3088 4774 pauci
3121 4703 3265 4767 sitis,
3302 4703 3344 4755 si
3380 4702 3577 4755 unani-

278 4816 482 4869 porum,
505 4808 553 4852 et
582 4814 756 4852 rerum
784 4813 997 4850 suarum
1027 4795 1318 4850 ablaturum
1345 4795 1876 4865 redintegratione.;—-

278 4891 367 4949 IX.
425 4892 623 4960 Quibus
677 4908 778 4945 non
827 4874 976 4945 liceat
1028 4905 1314 4955 accusare,
1372 4889 1451 4943 uel
1490 4890 1876 4957 testiﬁcari._

279 4988 348 5041 X.
382 4986 456 5040 De
486 4986 667 5040 eadem
692 5001 768 5040 re.
797 5014 868 5025 ——
913 4982 1007 5038 XI.
1041 4982 1116 5035 De
1143 4982 1377 5053 personis
1404 4992 1781 5035 accusatorum.
1806 5011 1875 5022 -

280 5080 393 5136 XII.
440 5080 515 5135 De
562 5079 869 5150 primatibus
911 5087 956 5131 et
1005 5077 1440 5147 metropolitanis.
1485 5102 1556 5117 -ο
1602 5074 1741 5130 XIII.
1797 5073 1873 5130 De

277 5177 691 5232 accusationibus
722 5174 1112 5245 episcOporum,
1161 5182 1208 5225 et
1246 5170 1591 5243 ineptitudine
1625 5186 1875 5223 accusan-

278 5271 426 5323 tium.
455 5299 525 5309 —
556 5267 694 5323 XIV.
734 5265 836 5333 Qui
870 5281 975 5319 non
1003 5263 1221 5318 debeant
1248 5263 1451 5317 admitti
1481 5263 1549 5316 ad
1590 5263 1878 5316 accusatio-

276 5375 415 5415 nem.
433 5390 503 5400 —
528 5359 645 5414 XV.
677 5356 757 5412 De
786 5355 962 5410 eadem
988 5370 1065 5408 re.
1083 5384 1155 5395 —
1179 5353 1322 5409 XVI.
1355 5352 1533 5407 Licere
1560 5354 1613 5406 in
1640 5353 1878 5407 ecclesia-

276 5454 420 5509 sticis
446 5452 687 5525 negotiis,
717 5450 854 5504 dictu
880 5463 1036 5503 causa
1065 5456 1112 5501 et
1153 5448 1336 5518 ﬁnita,
1369 5445 1628 5505 recedere.
1662 5447 1802 5515 quod
1826 5447 1880 5501 in

276 5548 616 5605 secutoribus
667 5561 771 5599 non
822 5543 959 5598 licet.
998 5571 1069 5583 --
1117 5539 1281 5597 XVII.
1336 5538 1415 5594 De
1461 5540 1878 5623 accusationibus

353 5735 369 5765 ¹
400 5731 547 5788 Citat
585 5731 726 5785 hunc
765 5728 940 5785 locum
970 5727 1127 5783 Vinc.
1158 5725 1490 5793 Lirinensis,
1519 5741 1586 5782 ex
1611 5739 1773 5796 supra
1803 5725 1879 5782 ci-

279 5812 397 5863 tata
434 5803 710 5859 tlaalestini
746 5800 767 5855 ι
811 5815 964 5872 papte
1012 5800 1262 5872 epistola.

361 5877 382 5908 ’
418 5874 648 5932 Nomina
689 5867 1010 5946 Sophronii,
1047 5867 1381 5942 Bpollinaris
1423 5877 1479 5926 et
1509 5867 1694 5927 Severi
1728 5884 1876 5926 rese-

1981 4816 2097 4855 mes
2128 4799 2334 4854 fueritis
2364 4841 2377 4864 ,
2426 4799 2736 4853 nullatenus
2761 4838 2775 4860 ,
2816 4797 3026 4866 justitia
3054 4796 3409 4866 sun‘raganle,
3458 4795 3565 4851 Do-

1981 4893 2132 4948 mino
2181 4906 2394 4962 quoque
2440 4907 2596 4961 opem
2652 4891 2898 4955 ferente,
2967 4889 3399 4957 superabimini,
3447 4889 3574 4958 quia

1982 4984 2247 5054 funiculus
2288 4983 2485 5051 triplex
2508 4983 2716 5054 dtﬁicile
2745 4983 3007 5050 rumpitur
3034 4980 3257 5053 (Eccles.
3293 4983 3393 5051 Iv).
3440 4980 3577 5037 Nam

1979 5076 2022 5131 si
2081 5076 2280 5132 ofliciis
2337 5077 2691 5131 saecularibus
2738 5076 2971 5130 humana
3034 5076 3121 5131 lex
3173 5077 3427 5131 subvenit
3477 5075 3577 5148 (S.

1984 5170 2138 5243 Greg.
2172 5187 2256 5238 ep.
2290 5169 2395 5225 120
2428 5170 2518 5223 lib.
2553 5169 2685 5240 vn),
2726 5179 2933 5239 quanto
2964 5170 3136 5239 magis
3183 5168 3578 5224 ecclesiasticis

1976 5274 2033 5319 et
2068 5265 2282 5319 Domini
2323 5263 2701 5320 sacerdotibus
2729 5303 2744 5327 ,
2798 5262 3145 5331 maximeque
3198 5259 3579 5331 pontificibus,

1979 5358 2074 5427 qui
2108 5358 2325 5429 pupilla:
2356 5358 2638 5413 oculorum
2675 5357 2886 5411 Domini
2922 5366 3307 5424 nuncupantur
3333 5395 3346 5417 ,
3395 5354 3580 5409 divina

1982 5460 2146 5520 atque
2187 5449 2454 5506 catholica
2491 5451 2582 5505 lex
2621 5448 2908 5519 suffragari
2946 5448 3151 5503 debet!
3210 5446 3295 5500 Ait
3325 5448 3467 5501 enim
3498 5446 3584 5502 di-

1984 5540 2169 5598 vinum
2199 5543 2267 5599 de
2294 5544 2566 5614 episcopis
2592 5541 2867 5613 eloquium
2898 5560 2912 5593 :
2956 5539 3059 5605 Qui
3088 5555 3175 5593 vos
3205 5540 3390 5612 tangit,
3426 5540 3588 5611 tangit

1984 5730 2095 5785 cuit
2136 5730 2402 5785 falsarius.

2018 5745 2095 5786 uit
2136 5745 2402 5787 tatsartus.

2066 5802 2087 5834 ³
2112 5801 2322 5860 Falsam
2346 5814 2401 5860 et
2424 5804 2563 5861 hanc
2588 5818 2806 5874 quoque
2833 5802 3185 5860 meritissimo
3208 5799 3329 5872 iure
3358 5800 3584 5859 dixeris.
