3998 6346
469 351 536 409 i9
1686 347 1997 412 SANUI‘US
2035 346 2236 414 FELIX
2277 348 2457 414 ΡΔΡΔ
2496 350 2564 414 ll.
3203 351 3206 354 ’
3697 357 3770 426 20

467 467 724 540 pupillam
754 468 892 524 oculi
920 469 1020 524 mei
1052 466 1299 540 (Zachar.
1339 466 1425 537 ιι).
1475 466 1540 524 Et
1568 466 1614 522 si
1641 435 1942 524 saeculares
1963 468 2065 526 liu-
2089 471 2146 535 Α
2245 469 2334 526 IV.
2377 471 2432 527 Si
2462 473 2583 540 quis
2609 471 2998 543 episcoporum
3025 472 3192 530 fuerit
3233 473 3350 530 suis
3377 472 3540 530 rebus
3568 487 3769 544 exspog

469 576 626 616 mana
669 561 1044 632 multipliciter
1081 560 1440 631 explorantur
1485 559 1738 628 homines
1779 559 1941 628 lege,
2003 572 2062 630 et

469 653 861 724 requisit-iones
905 663 1066 724 atque
1109 655 1342 710 induciae
1369 656 1388 688 ³
1427 655 1544 725 ejus
1577 657 1870 712 multorum
1906 672 2060 712 men-.

466 747 605 802 sium
637 746 1046 814 conceduntur,
1094 763 1163 802 ne
1211 747 1412 817 injuste
1439 748 1804 804 damnentur:
1855 757 2062 820 quanto

465 839 641 910 magis
669 839 962 909 episcopis,
993 839 1085 909 qui
1112 841 1479 910 proximiores
1507 851 1635 897 sunt
1658 842 1788 909 Deo,
1812 851 1869 899 et
1896 857 2063 912 super

465 932 569 989 llos
609 935 890 989 constituti
916 976 932 1000 ,
990 934 1265 1006 positique
1304 934 1358 990 in
1395 935 1606 992 caelesti
1651 935 1882 1003 militia,
1939 950 2064 1007 qum

462 1027 765 1097 impensius
818 1027 1169 1098 ponderanda
1218 1039 1332 1097 est,
1388 1039 1631 1100 tempora
1681 1039 1810 1086 sunt
1854 1045 2060 1088 conce-

465 1123 640 1200 denda
675 1125 845 1198 multo
871 1124 1132 1202 ampliora
1156 1167 1169 1194 ,
1219 1140 1289 1200 ne
1327 1141 1358 1194 a
1386 1125 1708 1198 quibusdam
1744 1137 2060 1200 graventur,

463 1217 881 1296 Opprimanlur,
929 1219 1011 1272 vel
1067 1218 1248 1292 subito
1297 1218 1670 1294 damnentur!
1733 1219 2062 1290 incipiamus

463 1324 595 1382 ergo
621 1308 832 1382 (Innoc.
865 1326 947 1382 ep.
977 1309 1063 1392 2),
1103 1310 1393 1381 adjuvante
1423 1311 1570 1392 Deo,
1602 1319 1657 1368 et
1684 1320 1874 1368 sancto
1898 1313 2062 1368 Petro

461 1405 748 1476 apostolo,
802 1421 899 1476 per
938 1419 1098 1476 quem
1145 1405 1488 1490 apostolatus
1533 1416 1586 1461 et
1623 1406 1968 1488 episcopatus
2006 1407 2060 1462 in

459 1496 678 1572 Christo
729 1498 896 1570 coepit
949 1498 1272 1570 exordium,
1347 1500 1604 1584 quoniam
1674 1500 1862 1576 plures
1914 1515 2062 1572 szepe

461 1601 803 1666 emerserunt
843 1606 1060 1660 causa-3,
1115 1607 1237 1662 quae
1281 1592 1336 1646 in
1378 1591 1706 1662 quibusdam
1748 1608 1855 1648 non
1903 1601 2063 1664 erant

461 1699 640 1739 causa:
665 1726 680 1748 ,
720 1683 814 1739 sed
853 1684 1122 1740 crimina:
1163 1685 1287 1756 quia
1341 1686 1514 1755 magis
1559 1694 1617 1739 ut
1653 1686 2016 1758 comperimus
2041 1729 2058 1755 ,

463 1776 767 1846 iniquitate,
811 1791 970 1847 quam
993 1777 1258 1832 cliaritate
1283 1776 1544 1834 fratribus
1585 1789 1712 1832 sunt
1755 1779 2055 1848 impositae;

2167 563 2354 631 liatus,
2391 573 2484 622 aut
2530 581 2558 620 a
2601 582 2696 622 sua
2733 568 2963 624 ecclesia
2999 568 3049 623 vi
3092 576 3187 623 aut
3229 569 3425 626 timore
3465 567 3766 640 expulsus,

2165 657 2310 727 quod
2341 659 2487 718 omni
2517 657 2826 716 Christiano
2869 661 3072 717 nomini
3111 672 3196 716 est
3225 661 3526 728 inimicum,
3553 669 3774 734 oportet

2165 758 2220 804 et
2269 749 2426 806 decet
2463 751 2887 822 ’episc0porum
2936 755 3272 824 propositum
3325 769 3546 824 semper
3594 756 3772 826 prima

2166 839 2345 898 fronte
2385 842 2616 910 cedere,
2651 852 2711 900 ut
2748 845 2929 901 omnia
2958 862 3079 918 quae
3126 847 3176 904 ei
3204 847 3388 914 ablata
3410 856 3556 916 sunt,
3587 857 3775 918 potes-

2165 935 2260 990 tati
2283 937 2399 1007 ejus
2429 937 2677 1008 legaliter
2705 939 3018 1007 reddantur,
3044 950 3099 998 et
3123 941 3322 1013 praesul
3347 943 3494 1012 prius
3518 942 3774 1000 restitua-

2167 1034 2273 1094 tur,
2303 1036 2360 1084 et
2399 1041 2587 1100 postea
2636 1046 2742 1086 non
2786 1033 2995 1100 statim,
3027 1034 3123 1094 sed
3161 1034 3252 1090 diu
3303 1042 3360 1096 et
3397 1049 3497 1106 per
3531 1035 3774 1105 spatiosa

2169 1131 2416 1193 tempora
2447 1125 2561 1180 suis
2611 1128 2934 1198 potestative
2961 1128 3271 1197 dispositis,
3299 1137 3354 1185 et
3377 1129 3446 1191 ad
3474 1144 3629 1190 suam
3667 1145 3774 1188 ne-

2165 1217 2474 1274 cessitatem
2504 1221 2842 1288 praeparatis,
2875 1221 2943 1276 ad
2976 1229 3191 1293 tempus
3213 1222 3390 1279 veniat
3417 1223 3485 1280 ad
3513 1237 3770 1280 causam:

2165 1317 2220 1364 et
2261 1309 2308 1367 si
2348 1309 2496 1380 juste
2531 1312 2705 1370 visum
2749 1311 2956 1381 fuerit,
2985 1314 3394 1378 accusatoribus
3441 1316 3775 1388 respondeat

2165 1400 2279 1456 suis
2303 1399 2344 1454 ⁸.

2237 1493 2302 1552 ν.
2333 1494 2476 1554 Nulli
2498 1496 2684 1557 infami
2711 1501 2798 1574 (ea;
2821 1501 3046 1574 Aniano)
3073 1511 3238 1576 atque
3261 1504 3527 1576 sacrilego
3548 1504 3616 1562 de
3631 1520 3772 1577 quo.

2163 1601 2396 1659 cumque
2424 1589 2580 1646 liceat
2613 1595 2831 1662 negotio
2861 1593 3122 1652 adversus
3155 1597 3466 1668 religiosum
3497 1597 3767 1657 Christia—

2166 1698 2315 1750 num,
2337 1687 2585 1753 quamvis
2611 1685 2834 1744 humilis
2859 1689 3188 1760 servilisque
3214 1704 3444 1762 persona
3475 1692 3548 1750 sit
3569 1733 3585 1754 ,
3613 1693 3771 1748 testi-

2164 1776 2405 1832 monium
2429 1776 2632 1843 dicere,
2667 1794 2766 1836 nec
2795 1779 2866 1840 de
2904 1782 3144 1851 qualibet
3169 1796 3256 1848 re,
3286 1782 3536 1850 actione,
3561 1791 3656 1842 aut
3677 1785 3770 1842 in-

464 1879 521 1925 et
547 1879 604 1924 ut
633 1870 699 1926 de
726 1879 924 1927 caetero
957 1870 1264 1926 sollicitudo
1289 1872 1361 1926 sit
1389 1887 1456 1928 ne
1481 1873 1608 1927 talia
1635 1874 1922 1938 eveniant,
1963 1887 2056 1927 ca-
2086 1881 2137 1942 Β
2166 1867 2464 1938 scriptione
2492 1869 2856 1928 Christianum
2883 1873 3170 1943 impetere.

465 1963 630 2032 pitula
661 1962 909 2033 quaedam
970 1963 1232 2019 asanctis
1289 1964 1532 2034 patribus
1589 1974 1697 2020 tam
1733 1967 1786 2020 in
1839 1965 2059 2021 Nicama

464 2059 714 2130 synodo;
761 2074 922 2129 quam
950 2068 1007 2115 et
1029 2059 1083 2115 in
1119 2060 1217 2115 hac
1247 2059 1380 2116 sede
1407 2061 1723 2125 constituta,
1755 2076 2057 2131 ponamus,

465 2152 662 2222 quibus
706 2152 907 2209 fratres
949 2162 1006 2209 et
1047 2154 1364 2224 coepiscopi
1409 2153 1582 2208 nostri
1633 2152 1785 2220 fulti,
1835 2153 2060 2209 insidias

473 2247 839 2311 inimicorum,
869 2247 1162 2302 auxiliante
1192 2248 1442 2310 Domino,
1473 2247 1692 2302 valeant
1725 2247 1976 2314 evadere,
2006 2256 2062 2303 et

464 2344 629 2406 prout
669 2337 926 2392 Dominus
972 2352 1134 2408 posse
1180 2337 1435 2405 dederit,
1492 2337 1836 2408 paucioribus
1879 2337 2060 2393 verbis

460 2436 735 2482 tantorum
784 2428 1050 2483 malorum
1109 2428 1384 2486 imitemur
1433 2427 1816 2498 compendium
1888 2426 2062 2497 (Idem

461 2535 600 2590 papa
622 2536 705 2589 ep.
735 2520 810 2590 7),
834 2530 889 2576 et
913 2520 1142 2576 strictim
1161 2562 1176 2586 ,
1217 2535 1338 2590 quae.
1363 2520 1414 2574 in
1443 2518 1720 2574 volumine
1758 2517 2058 2592 litterarum

463 2622 768 2670 vestrarum
795 2613 1646 2684 comperimus,retractemus,et
1666 2612 1769 2666 alia
1799 2611 2060 2670 nonnulla

459 2706 716 2763 instantis
741 2709 1005 2778 temporis
1022 2709 1346 2776 necessaria,
1373 2717 1531 2779 prout
1554 2709 1757 2778 petitis,
1772 2723 2057 2779 ponamus.

530 2797 572 2854 l.
645 2801 742 2854 Est
806 2815 1040 2871 namque
1107 2800 1384 2872 synodicis
1453 2800 1728 2856 decretum
1801 2801 2062 2858 institutis

459 2893 663 2970 (Carm.
689 2909 769 2962 Ill,
794 2912 839 2950 c.
870 2895 926 2960 9;
957 2893 1136 2951 Hilev.
1167 2895 1256 2960 l9,
1285 2897 1471 2967 Agath.
1498 2895 1650 2960 Aur.,
1675 2895 1871 2976 etc.)ut
1900 2910 2062 2952 nemo

459 2989 773 3059 episcopum
830 3003 998 3058 penes
1053 2989 1345 3045 saeculares
1397 2988 1632 3045 arbitros
1677 2999 1927 3058 accuset,
1963 2990 2059 3046 sed

459 3081 599 3151 apud
632 3095 874 3135 summos
905 3082 1185 3151 primates.

531 3174 596 3228 ll.
640 3173 848 3248 Siquis
875 3174 1144 3231 adversus
1170 3175 1482 3244 episcopum
1525 3189 1744 3240 causam
1775 3175 2054 3245 habuerit,

2235 1959 2324 2030 νι.
2353 1962 2406 2016 Si
2437 1963 2556 2033 quis
2579 1965 2868 2033 episcOpus
2893 1965 3134 2034 legitime
3162 1975 3470 2032 accusatus,
3495 1975 3553 2026 et
3575 1982 3774 2038 supra-

2163 2053 2312 2116 dicto
2341 2055 2535 2112 ordine
2568 2057 2633 2110 ad
2667 2058 2958 2122 concilium
2998 2058 3260 2118 canonice
3281 2067 3617 2127 convocatus
3653 2060 3771 2134 fue-

2163 2146 2268 2212 rit,
2302 2145 2505 2216 absque
2547 2148 2653 2202 ulla
2699 2149 3061 2219 trepidatione
3106 2150 3185 2208 ire
3225 2149 3475 2218 debebit;
3506 2159 3562 2206 et
3595 2152 3641 2222 si
3685 2151 3770 2220 ire

2163 2254 2273 2306 non
2313 2243 2551 2311 potuerit
2578 2242 2774 2314 (Hadr.
2799 2261 2846 2300 c.
2875 2243 2958 2316 5),
2989 2259 3091 2317 pro
3135 2260 3196 2302 se
3228 2246 3464 2317 legatum
3499 2247 3568 2316 ad
3595 2261 3770 2318 syno-

2163 2331 2292 2390 dum
2323 2333 2524 2398 mittat.

2243 2423 2352 2482 νυ.
2378 2425 2550 2486 Nullae
2575 2442 2755 2484 causa:
2782 2443 2810 2492 a
2832 2429 3108 2499 judicibus
3132 2430 3515 2500 ecclesiasticis
3539 2431 3772 2500 audien-

2166 2528 2254 2580 tur
2282 2519 2482 2589 (Idem,
2521 2538 2569 2576 c.
2606 2521 2715 2593 ll),
2742 2538 2863 2594 quae
2891 2524 3098 2595 legibus
3127 2540 3232 2584 non
3269 2525 3653 2596 continentur,
3681 2524 3772 2584 vel

2165 2626 2286 2681 quae
2316 2612 2608 2682 prohibita:
2636 2628 2758 2672 esse
2790 2627 3108 2682 noscuntur.

2159 2701 2172 2710 “
2237 2705 2377 2764 Vlll.
2429 2708 2486 2765 Si
2532 2712 2655 2780 quis
2683 2710 2845 2774 aliter
2867 2727 2975 2778 non
3005 2712 3340 2782 acquievcrit
3362 2753 3379 2782 ,
3409 2713 3512 2772 nisi
3543 2723 3606 2770 ut
3648 2715 3769 2786 epis

2165 2815 2390 2872 scopum
2422 2812 2682 2870 accuset,
2710 2819 2878 2874 supra
2921 2814 3103 2860 taxato
3133 2807 3238 2874 hoc
3267 2816 3460 2874 tenore
3485 2821 3649 2878 agere
3673 2807 3774 2864 de-

2165 2897 2334 2960 bebit,
2367 2899 2488 2968 quia
2519 2899 2675 2956 aliter
2702 2911 2816 2954 rata
2836 2917 2943 2960 non
2972 2911 3153 2971 potest
3180 2905 3452 2958 accusatio
3481 2904 3766 2966 exsistere.

2167 2991 2321 3050 'l‘unc
2353 2993 2532 3062 primo
2562 2995 2801 3048 accusati
2832 3009 3052 3050 causam
3085 3005 3369 3060 acutsator
3397 2997 3540 3068 apud
3570 2999 3774 3068 prima,-

2163 3093 2246 3144 tes
2295 3085 2556 3142 canonice
2597 3085 3030 3161 deferat(Carth.
3063 3104 3142 3156 tu,
3170 3089 3245 3161 7).
3291 3088 3402 3148 Nec
3440 3105 3470 3148 a
3514 3105 3769 3148 commu.

2165 3182 2327 3235 nione
2355 3179 2705 3249 prohibeatur
2731 3194 3014 3236 accusatus
3033 3223 3047 3247 ,
3081 3181 3182 3236 nisi
3209 3182 3273 3235 ad
3305 3183 3775 3256 electorumjudie

461 3281 568 3324 non
608 3268 756 3336 prius
786 3267 997 3338 aliquos
1024 3267 1310 3338 episcenos
1340 3267 1534 3335 adeat,
1557 3277 1614 3322 ut
1643 3284 1767 3323 eum
1795 3281 2015 3324 accuset
2038 3309 2053 3334 ,
2083 3273 2128 3336 C
2162 3276 2303 3346 cium
2345 3276 2609 3332 canonice
2651 3285 3017 3340 convocatus,
3061 3275 3202 3336 infra
3252 3285 3360 3336 tres
3394 3289 3489 3338 aut
3533 3291 3632 3341 sex
3681 3280 3770 3335 vel

457 3378 620 3432 quam
650 3363 985 3422 familiariter
1007 3363 1057 3419 ei
1083 3378 1233 3418 suam
1258 3364 1460 3431 indicet
1486 3363 1763 3434 querelam
1784 3407 1799 3432 ,
1823 3375 1880 3420 et
1904 3365 1971 3417 ab
1992 3380 2058 3420 eo

457 3465 547 3508 aut
563 3455 765 3524 justam
794 3455 1253 3521 emendationem,
1275 3465 1368 3514 aut
1391 3457 1768 3520 rationabilem
1793 3460 2061 3528 percipiat

457 3551 898 3614 excusationem,
932 3551 1047 3619 ipsa
1080 3564 1181 3604 nos
1207 3550 1508 3608 instruente
1539 3551 1772 3605 veritate
1801 3570 1813 3603 :
1847 3551 1909 3607 Si
1935 3569 2058 3620 pec-

460 3641 649 3694 caverit
677 3641 732 3693 in
759 3648 806 3694 to
833 3640 994 3710 frater
1021 3651 1168 3706 tuus,
1199 3641 1326 3695 uade
1345 3683 1359 3706 ,
1389 3650 1438 3696 ct
1478 3643 1681 3710 corripe
1709 3659 1825 3708 cum
1857 3642 1990 3696 inter
2013 3653 2061 3698 te

461 3742 510 3788 et
536 3734 707 3803 ipsum
729 3733 896 3786 solum
925 3730 1139 3804 (Matth.
1169 3732 1350 3803 xvm).
1382 3733 1444 3789 Si
1471 3745 1518 3788 te
1543 3734 1800 3802 audierit,
1828 3736 2060 3791 lucratus

457 3840 512 3879 es
548 3828 762 3894 fratrem
790 3832 957 3878 tuum.
1006 3824 1065 3878 εἰ
1107 3834 1154 3877 ω
1188 3840 1292 3877 non
1323 3825 1582 3892 audierit,
1613 3827 1799 3879 adhibe
1827 3826 1957 3880 duo:
1983 3828 2064 3882 vel

459 3926 562 3970 tres
598 3925 800 3970 terunt:
831 3925 878 3969 ct
908 3915 952 3969 si
980 3931 1082 3973 non
1109 3916 1201 3970 hos
1228 3916 1474 3982 audierit,
1507 3919 1590 3972 dic
1638 3917 1882 3974 Ecclesia:
1901 3918 2058 3991 (Luc.

462 4013 624 4082 xvn),
655 4010 710 4067 id
736 4022 820 4067 est
845 4053 858 4077 ,
887 4026 1081 4068 accusa
1112 4028 1235 4068 eum
1270 4014 1539 4084 publice“,
1568 4025 1625 4072 et
1652 4033 1756 4072 non
1787 4019 1970 4088 prius,
2005 4030 2064 4077 et

458 4105 688 4176 reliqua.
1381 4099 1383 4101 ’

532 4195 622 4251 lll.
651 4196 708 4253 Si
738 4198 858 4269 quis
887 4199 1206 4270 episcOpum
1238 4208 1360 4270 post
1387 4200 1501 4256 haec
1528 4201 1755 4273 elegerit
1777 4217 2059 4271 accusare,

459 4291 687 4345 summis
717 4291 1042 4362 primatibus
1079 4294 1458 4363 episcoporum
1497 4309 1651 4349 suam
1693 4295 1896 4352 indicet
1935 4313 2064 4353 cau-

461 4398 602 4450 sam,
632 4394 686 4439 et
714 4400 823 4438 non
854 4385 1207 4442 saecularibus
1227 4427 1244 4452 ,
1265 4386 1357 4456 qui
1384 4389 1554 4458 magis
1581 4389 1648 4444 ad
1683 4404 1868 4458 pacem
1895 4405 2062 4463 quam

463 4477 528 4531 ad
556 4476 819 4546 judicium
841 4493 937 4532 eos
969 4489 1220 4533 revocent
1248 4479 1448 4550 (Carth.
1467 4497 1602 4548 tv,c.
1621 4481 2064 4554 26).utcharitas

463 4570 517 4622 iu
550 4567 805 4624 omnibus
831 4578 884 4624 et
931 4570 1000 4624 ab
1027 4571 1279 4626 omnibus
1307 4575 1660 4629 custodiatur.
1696 4576 1751 4632 Si
1804 4579 2064 4647 primates

2167 3365 2348 3434 plures
2393 3381 2610 3422 menses
2653 3383 2750 3436 pro
2791 3367 2904 3424 suis
2941 3367 3203 3428 rationem
3219 3367 3546 3444 redditurus
3579 3372 3772 3430 vanire

2164 3457 2458 3516 distulerit.
2483 3460 2637 3527 Quod
2667 3460 2710 3518 si
2741 3459 2972 3530 probare
3003 3461 3257 3529 potuerit.
3280 3461 3549 3530 quodnon
3577 3463 3771 3526 nolue-

2166 3550 2269 3612 rit,
2301 3549 2396 3604 sed
2450 3566 2555 3604 non
2601 3551 2835 3619 potuerit
2863 3551 3085 3616 venire,
3121 3551 3249 3606 nihil
3295 3553 3346 3614 ei
3394 3555 3628 3620 ηοςβιήι.
3667 3553 3771 3616 Ille

2165 3657 2317 3706 vero,
2347 3644 2437 3716 qui
2467 3643 2516 3700 vi
2539 3652 2632 3708 aut
2663 3646 2858 3700 timore
2885 3660 2915 3699 a
2948 3645 3078 3714 sede
3101 3645 3286 3720 pulsus
3307 3687 3322 3713 ,
3347 3654 3441 3712 aut
3463 3646 3578 3720 suis
3602 3647 3769 3702 rebus

2165 3736 2497 3806 exspoliatus
2533 3737 2708 3803 fuerit,
2744 3753 2850 3791 non
2899 3738 3046 3807 prius
3071 3751 3293 3792 vocetur
3335 3739 3402 3792 ad
3448 3739 3714 3810 synodum
3747 3781 3764 3807 ,

2165 3845 2325 3899 quam
2371 3832 2420 3886 ei
2451 3831 2631 3886 omnia
2673 3831 2882 3903 legibus
2923 3831 3378 3901 redintegrantur.
3433 3833 3499 3887 Et
3555 3833 3768 3892 tamdiu

2166 3924 2219 3977 in
2244 3924 2373 3979 sede
2402 3924 2616 3994 propria
2648 3925 2868 3994 paciﬁce
2906 3935 2961 3980 et
3011 3925 3330 3996 potestative
3355 3937 3550 3981 cuncta
3580 3927 3766 3996 diSpo-

2167 4031 2301 4073 nens
2355 4017 2798 4088 resideatUiom.
2846 4034 2911 4086 v,
2959 4021 3053 4073 sub
3093 4016 3454 4090 Symmacho),
3503 4021 3766 4090 quamdiu

2165 4110 2425 4180 expulsus
2453 4109 2540 4164 vel
2571 4109 2905 4180 exspoliatus
2947 4125 3134 4166 carere
3163 4115 3310 4167 visus
3348 4121 3434 4169 est
3480 4113 3640 4168 rebus
3663 4114 3759 4185 (ὅ,

2165 4220 2252 4274 qu.
2276 4204 2341 4270 2;
2366 4213 2411 4259 et
2449 4205 2504 4257 in
2529 4204 2719 4260 decret.
2749 4202 2888 4269 Ιυο..
2921 4204 3009 4258 lib.
3037 4219 3196 4274 xun,
3228 4222 3280 4272 q.
3305 4205 3386 4276 5).
3410 4205 3547 4262 Cum
3579 4217 3762 4264 autem

2165 4296 2233 4352 ad
2271 4297 2530 4366 judicium
2567 4295 2814 4363 venerit,
2844 4297 2889 4352 si
2933 4299 3160 4352 voluerit
3204 4308 3258 4354 et
3305 4314 3530 4356 necesse
3560 4301 3763 4368 fuerit,

2168 4390 2396 4445 inducite
2421 4391 2471 4446 ei
2509 4389 2712 4460 petenti
2738 4407 2766 4444 a
2797 4389 3042 4460 patribus
3067 4390 3396 4458 constituite,
3423 4391 3630 4462 absque
3661 4394 3766 4452 im.-

2169 4483 2478 4551 peilimento
2524 4481 2916 4548 concedantur,
2949 4489 3002 4535 et
3043 4479 3252 4551 judices
3295 4495 3327 4534 a
3371 4497 3431 4538 se
3475 4483 3633 4540 electi
3667 4488 3765 4538 tri-

2165 4575 2512 4641 buantur,vut
2539 4573 2591 4628 in
2636 4576 2754 4640 loco
2785 4573 2927 4628 unde
2957 4583 3041 4628 est
3080 4573 3172 4628 ille
3197 4574 3285 4643 qui
3311 4583 3601 4634 accusatur
3621 4615 3637 4642 ,
3663 4584 3766 4632 aut

462 4662 542 4734 (5,
571 4678 660 4732 qu.
680 4661 740 4732 2)
758 4673 1104 4720 accusatores
1124 4665 1507 4735 episc0porum
1527 4681 1648 4722 cum
1671 4670 1752 4724 eis
1773 4673 2061 4739 pacilicare
2087 4672 2138 4732 D
2165 4671 2209 4724 si
2255 4668 2384 4722 alibi
2415 4667 2642 4737 alicujus
2671 4666 2980 4722 temerariae
3019 4666 3382 4722 multitudinis
3421 4669 3525 4721 vim
3556 4659 3766 4726 metue-

463 4751 802 4812 familiariter
839 4757 1062 4811 minime
1094 4757 1398 4826 potuerint,
1419 4769 1529 4814 tum
1553 4767 1797 4830 tempore
1820 4764 2061 4834 legitimo

463 4861 560 4902 eos
581 4847 647 4902 ad
679 4849 945 4919 synodum
973 4850 1234 4905 canonice
1256 4861 1606 4906 convocatam
1624 4893 1637 4918 ,
1663 4869 1769 4908 non
1792 4855 1926 4912 infra
1957 4873 2061 4911 an-

459 4953 612 5015 gusta
657 4951 938 5013 tempora,
972 4945 1234 5000 canonice
1279 4957 1617 5012 convocem,
1657 4958 1709 5005 et
1757 4965 1863 5004 non
1913 4953 2060 5020 prius

463 5051 625 5108 quam
654 5037 734 5091 eis
771 5052 867 5105 per
898 5038 1101 5105 scripta
1131 5039 1433 5108 significent
1463 5040 1588 5110 quid
1619 5043 1698 5097 eis
1726 5048 2018 5114 opponitur
2043 5091 2058 5115 ,

463 5117 520 5184 ut
543 5129 610 5184 ad
640 5129 1050 5198 responsionem
1083 5131 1373 5200 praeparati
1399 5133 1708 5188 adveniant.
1735 5135 1870 5190 Nam
1897 5138 1943 5196 si
1968 5149 2060 5196 aut

463 5225 512 5280 vi
544 5223 783 5296 (Concil.
829 5222 1052 5277 Roman.
1088 5240 1151 5290 v,
1181 5223 1272 5278 sub
1325 5225 1687 5298 Symmacho),
1727 5237 1823 5284 aut
1865 5229 2062 5289 timore

457 5318 640 5388 ejecti,
663 5326 757 5372 aut
776 5317 890 5372 suis
918 5316 1079 5373 rebus
1107 5320 1392 5390 exspoliati
1422 5319 1642 5390 fuerint,
1672 5337 1772 5378 nec
1800 5326 2062 5383 canonice

460 5412 674 5468 evocari
701 5411 768 5466 ad
795 5410 1062 5482 synodum
1096 5421 1321 5480 possunt
1343 5452 1360 5479 ,
1391 5427 1491 5468 nec
1515 5415 1854 5485 respondere
1885 5433 2056 5473 aemu-

461 5505 530 5560 lis
558 5504 778 5572 debent,
819 5512 1108 5574 antequam
1151 5507 1416 5562 canonice
1445 5507 1831 5576 restituantur,
1864 5519 1920 5566 et
1961 5525 2058 5566 sua

458 5598 540 5655 eis
568 5599 748 5654 omnia
777 5596 1023 5670 lcgaliter
1057 5597 1374 5655 reddantur.

533 5712 702 5839 :a;

533 5785 556 5818 ¹
577 5785 746 5838 Tunc.

534 5854 556 5887 ⁸
589 5853 974 5930 Episcoporum
995 5860 1333 5934 prapooitum
1365 5863 1566 5938 semper
1589 5865 1758 5938 prima
1776 5868 1945 5940 fronte
1958 5865 2065 5926 sol-

2163 4764 2253 4830 rit,
2289 4764 2462 4818 locum
2491 4762 2592 4816 sibi
2636 4776 2936 4832 congruum
2965 4761 3164 4831 eligat,
3195 4776 3303 4830 quo
3329 4761 3536 4832 absque
3566 4762 3764 4819 timore

2163 4873 2311 4921 suos,
2345 4856 2388 4908 si
2423 4855 2720 4910 necessitas
2747 4856 3057 4922 exposcerit
3084 4894 3098 4918 ,
3129 4860 3296 4910 testes
3319 4853 3520 4910 habere
3559 4851 3760 4923 (Coac.

2164 4951 2331 5023 Afric.
2361 4965 2410 5005 c.
2440 4949 2557 5016 '50),
2589 4958 2644 5005 et
2671 4950 2874 5019 absque
2905 4945 3292 5017 impedimento
3317 4961 3468 5004 suam
3500 4949 3763 5006 canonice

2163 5045 2486 5100 sententiam
2525 5043 2682 5098 ﬁnire
2713 5043 2919 5106 valeat,
2951 5041 3076 5112 quia
3113 5041 3282 5098 multa
3323 5055 3420 5111 per
3456 5041 3764 5112 subreptio-

2167 5153 2288 5194 nem
2317 5138 2535 5193 evenire
2560 5135 2761 5192 solent.
3733 5193 3736 5196 ,

2237 5232 2328 5288 IX.
2372 5232 2441 5288 Ut
2477 5230 2836 5297 testificandi,
2869 5230 2956 5285 vel
2995 5229 3283 5296 accusandi
3331 5229 3554 5288 licentia
3591 5228 3760 5291 donec

2163 5335 2318 5396 getur
2341 5325 2428 5380 his
2454 5325 2545 5395 qui
2583 5323 2906 5379 Christianae
2933 5322 3210 5393 religionis
3239 5329 3296 5378 et
3317 5321 3554 5380 nominis
3583 5322 3761 5392 digni-

2159 5426 2350 5482 tatem,
2377 5426 2433 5472 et
2465 5431 2578 5471 suae
2624 5415 2760 5486 legis
2785 5415 2869 5476 vel
2907 5416 2991 5470 sui
3041 5412 3306 5486 propositi
3341 5429 3627 5486 normam.
3661 5425 3761 5475 aut

2160 5512 2480 5583 regulariter
2529 5509 2820 5579 prohibita,
2877 5507 3222 5580 neglexerint
3257 5506 3520 5579 (Auitum:
3548 5508 3602 5570 in
3640 5524 3688 5566 ε.
3717 5507 3752 5570 ι

2161 5607 2242 5660 tit.
2270 5606 2326 5671 7,
2356 5605 2388 5658 Ι.
2425 5617 2513 5657 xvr
2534 5601 2662 5658 Cod.
2687 5601 2945 5674 Theod.).

2159 5721 2356 5865 lficitum
2403 5735 2547 5846 esss;
2584 5719 2663 5774 vel
2707 5729 2941 5796 sanctum
2979 5719 3300 5798 propositum
3339 5735 3538 5800 remi/er
3588 5720 3758 5791 prima

2188 5795 2611 5865 ronteincejerje.
2663 5864 2668 5865 7
3117 5864 3120 5865 7
3183 5864 3192 5865 7
3243 5864 3252 5865 7

2188 5795 2332 5847 route
2359 5795 2611 5858 incedere.
3120 5795 3126 5798 ⁷
3192 5795 3195 5796 ⁷
3252 5795 3255 5796 ⁷
3445 5795 3454 5808 ⁸

2155 5853 2175 5868 ”
2201 5928 2222 5941 ι
2249 5861 2254 5868 ’
2277 5863 2298 5895 ⁸
2329 5864 2394 5921 Et
2420 5853 2814 5924 id'cm‘liabetur
2845 5866 2896 5930 in
2927 5864 3319 5933 decretislulii,
3343 5879 3392 5922 c.
3421 5863 3514 5924 55.
