3998 6350
242 350 307 410 21
1469 338 1829 405 EPISTOLJE

1999 339 2344 402 πεπυ.
3494 348 3567 407 22

316 465 385 522 Χ.
432 462 671 531 Πυιιυηι
708 460 992 534 derogatio
1022 458 1275 532 praevalet
1304 457 1518 529 quando
1545 457 1857 529 derogatori
1883 460 1935 525 Α
1962 458 2089 528 legi,
2113 469 2379 531 raptores,
2409 462 2656 528 veneﬁci,
2689 464 2945 532 adulteri,
2978 474 3029 521 et
3059 465 3151 537 qui
3176 473 3389 537 raptum
3417 468 3561 523 fece-

244 558 490 637 creditur
510 556 705 631 (Trip.
736 572 828 623 nt,
853 554 922 622 8;
955 570 1019 619 ea:
1065 552 1217 609 Socr.
1275 567 1313 617 ι,
1372 552 1434 615 5t
1464 550 1506 621 ).
1543 550 1668 606 Ideo
1694 551 1857 607 variis

238 649 743 709 detrectationibus
762 656 928 718 atque
953 644 1380 713 accusationibus
1399 657 1506 699 non
1532 641 1689 701 decet
1709 643 1858 701 labe-

241 746 439 809 factari
468 743 786 815 prirnatem,
816 740 912 797 sed
941 741 1114 810 magis
1136 748 1343 809 patrum
1385 736 1585 807 regulis
1607 736 1855 793 roborari

246 840 436 913 (Dum.
484 854 571 910 ep.
620 836 692 892 ad
738 834 983 906 Illyricos
1018 832 1160 902 apud
1184 829 1462 895 Theodon,
1495 844 1557 895 ιι,
1585 828 1712 899 22).
1743 829 1856 884 Nec

244 936 409 997 facile
444 940 542 989 aut
582 929 953 988 indifferenter
976 927 1255 996 suscipere
1303 924 1679 980 accusationes
1722 939 1857 993 prte-

245 1037 457 1091 sumat,
486 1024 703 1080 dicente
744 1021 974 1077 Domino
1001 1037 1013 1073 :
1045 1017 1168 1073 Non
1223 1018 1476 1085 suspicias
1510 1031 1680 1071 vocem
1711 1031 1855 1070 men-

244 1119 389 1174 dacii
429 1115 625 1188 (Exod.
661 1114 834 1181 xxiv);
863 1112 955 1179 sed
985 1111 1130 1182 prius
1158 1109 1387 1180 probare
1409 1110 1567 1165 debet
1592 1108 1858 1178 suspicio-

248 1227 374 1267 nem
403 1220 457 1265 et
486 1222 703 1265 causam
725 1248 739 1274 ,
766 1213 861 1260 aut
903 1218 1011 1274 quo
1039 1203 1222 1258 animo
1257 1201 1361 1257 hoc
1387 1201 1545 1256 faciat
1569 1242 1584 1266 ,
1611 1211 1665 1257 et
1702 1209 1854 1271 post—

249 1302 471 1371 modum
503 1302 783 1371 suspicere
813 1315 827 1352 :
880 1295 1005 1368 quia
1036 1296 1279 1351 veritatis
1307 1294 1697 1366 professionem
1726 1292 1850 1367 (An.

252 1398 306 1455 in
337 1396 429 1451 lib.
463 1411 497 1449 v
539 1394 688 1451 Sent.
732 1391 913 1459 Pauli,
947 1392 1027 1445 tit.
1061 1390 1163 1458 l5,
1197 1399 1326 1446 sent.
1356 1390 1390 1451 2
1413 1389 1454 1459 ),
1489 1389 1858 1460 pr0pinquita-

256 1491 362 1555 tis,
407 1486 724 1553 inimicitiae,
776 1483 1021 1553 timoris,
1059 1485 1263 1547 amoris
1294 1524 1309 1549 ,
1336 1482 1445 1537 odii
1487 1490 1543 1543 et
1588 1482 1857 1553 cupidita-

259 1581 328 1635 tis
356 1578 586 1651 intentio
617 1574 884 1648 impedire
910 1616 926 1644 ,
948 1584 1001 1630 et
1026 1573 1253 1637 adversa
1304 1573 1566 1630 fratribus
1613 1574 1856 1643 irrogare

266 1678 428 1739 solet.
1200 1722 1207 1727 .

336 1769 425 1829 Xl.
463 1769 718 1829 Personat
747 1764 980 1837 (Hadr.,
1014 1764 1049 1820 4
1090 1773 1139 1819 et
1172 1760 1274 1836 15)
1306 1763 1679 1819 accusantium
1721 1762 1855 1819 tales

1960 556 2101 619 rint,
2132 557 2218 611 vel
2264 554 2458 611 falsum
2500 559 2867 615 testimonium
2908 560 3178 628 dixerint,
3209 576 3305 619 seu
3358 563 3446 633 qui
3490 562 3556 616 ad

1958 648 2246 718 sortilegos
2290 664 2583 722 magosque
2638 653 3019 710 concurrerint
3042 653 3239 726 (Hadr.
3270 657 3392 710 colt.
3423 653 3557 726 65),

1958 740 2269 801 nullatenus
2324 742 2390 797 ad
2455 747 2861 803 accusationem
2910 747 2995 802 vel
3062 748 3130 802 ad
3188 748 3556 805 testimonium

1956 843 2120 889 erunt
2145 834 2485 891 admittendi.

2032 927 2172 985 XVI.
2212 928 2323 987 Nec
2363 930 2434 984 ita
2466 931 2519 985 in
2552 932 2940 989 ecclesiasticis
2966 933 3237 1004 agendum
3277 942 3362 990 est
3393 949 3561 1005 nego-

1958 1021 2070 1087 tiis,
2104 1021 2245 1079 sicut
2286 1023 2339 1077 in
2380 1024 2732 1079 saecularibus
2761 1023 2781 1096 (
2811 1024 2872 1080 S.
2903 1023 3041 1090 Leo,
3074 1042 3155 1095 ep.
3185 1026 3304 1093 54).
3338 1025 3470 1080 Nam
3504 1026 3557 1080 in

1958 1115 2314 1171 saecularibus
2346 1126 2627 1186 postquam
2667 1118 2879 1187 legibus
2906 1127 3129 1173 vocatus
3158 1119 3402 1185 venerit,
3431 1126 3485 1173 et
3506 1119 3561 1173 in

1956 1206 2078 1264 foro
2109 1206 2390 1264 decertare
2431 1211 2658 1280 cmperit
2685 1209 2881 1280 aliquis
2919 1253 2933 1275 ,
2970 1226 3076 1263 non
3124 1210 3249 1265 licet
3279 1221 3404 1265 ante
3434 1225 3560 1280 per-

1958 1313 2134 1358 actam
2187 1319 2404 1359 causam
2462 1304 2715 1359 recedere
2758 1321 2772 1358 :
2840 1305 2895 1359 in
2950 1303 3335 1359 ecclesiasticis
3381 1318 3514 1359 vero
3545 1346 3559 1367 ,

1957 1393 2100 1449 dicta
2130 1410 2314 1462 causa,
2348 1396 2604 1451 recedere
2647 1397 2806 1463 licet,
2838 1396 2884 1451 si
2916 1410 3141 1452 necesse
3178 1394 3359 1464 fuerit,
3393 1406 3484 1451 aut
3511 1397 3557 1451 si

1958 1502 2018 1543 se
2049 1489 2370 1557 praegravari
2399 1488 2613 1544 viderit.

2030 1577 2195 1634 XVII.
2236 1579 2461 1648 Quoties
2491 1581 2780 1651 episcopus
2807 1580 3006 1653 (Hadr.
3048 1580 3145 1651 27)
3187 1594 3351 1651 super
3399 1581 3564 1636 certis

1957 1682 2248 1729 accusatur
2290 1674 2713 1741 criminibus,si
2767 1676 2901 1731 tales
2942 1674 3143 1731 fuerint
3169 1685 3518 1731 accusatores
3549 1718 3565 1741 ,

1958 1763 2049 1833 qui
2074 1765 2218 1834 juste
2245 1776 2297 1820 et
2313 1767 2575 1822 canonice
2597 1767 2764 1839 recipi
2795 1768 3045 1832 debeant,
3076 1768 3319 1839 legitima
3350 1769 3403 1823 in
3436 1784 3568 1841 syn-

267 1877 385 1917 esse
435 1861 669 1925 debent,
700 1873 922 1930 quarum
970 1856 1110 1919 fides
1154 1865 1209 1911 et
1257 1856 1602 1915 conversatio
1644 1866 1700 1911 et
1747 1858 1857 1911 vita
1886 1871 1935 1932 Β
1964 1857 2092 1923 odo,
2122 1872 2221 1912 suo
2262 1857 2314 1912 in
2339 1865 2584 1928 tempore
2609 1871 2957 1931 congregata,
3008 1861 3075 1916 ab
3104 1861 3355 1917 omnibus
3403 1876 3570 1919 cano-

270 1951 564 2023 probahilis
593 1962 647 2008 et
670 1952 866 2021 absque
891 1949 1318 2020 reprehensione
1343 1951 1447 2015 sit,
1481 1960 1536 2009 et
1562 1965 1682 2019 quae
1706 1950 1859 2005 omni

269 2053 492 2101 careant
533 2043 882 2115 suspicione:
913 2041 1038 2113 quia
1087 2050 1144 2098 et
1191 2042 1323 2107 hoc,
1353 2051 1404 2095 te
1444 2048 1752 2112 praesente,
1803 2049 1861 2095 ut

261 2137 405 2193 bene
432 2139 595 2202 nosti,
621 2139 674 2191 in
698 2135 909 2201 Nicena
941 2134 1153 2208 synodo
1173 2175 1187 2199 ,
1220 2144 1440 2205 propter
1464 2135 1730 2189 malorum
1760 2134 1859 2189 ho-

262 2232 469 2287 minum
498 2230 897 2295 bilesmtionem
925 2271 940 2295 ,
967 2230 1035 2286 ab
1067 2227 1323 2288 omnibus
1342 2227 1631 2283 difﬁnitum
1660 2236 1765 2295 est,
1796 2226 1863 2283 li-

259 2336 345 2382 cet
367 2339 657 2394 pravorum
674 2324 952 2382 hominum
974 2324 1189 2383 insidiis
1208 2324 1319 2389 sint
1335 2324 1450 2381 haec
1474 2334 1528 2380 et
1551 2322 1656 2379 alia
1677 2338 1861 2394 qnam-

272 2421 424 2491 plura
456 2419 634 2475 deleta
664 2422 704 2474 ἓ.

330 2508 444 2571 XII.
488 2509 752 2569 Primates
779 2509 889 2577 illi,
921 2519 976 2566 et
1014 2525 1122 2571 non
1168 2510 1260 2565 alii
1300 2509 1446 2574 sint,
1478 2524 1641 2580 quam
1686 2509 1738 2565 in
1768 2509 1862 2564 Ni-

258 2619 409 2660 caena
450 2604 662 2677 synodo
688 2613 816 2663 sunt
853 2604 1158 2661 constituti.
1186 2602 1399 2675 Reliqui
1431 2618 1597 2671 vero,
1627 2604 1717 2674 qui
1748 2619 1865 2661 me-

261 2697 500 2769 tropoles
531 2707 716 2755 tenent
741 2697 901 2763 sedes
925 2697 1123 2771 (Hadr.
1147 2696 1270 2757 coll.
1316 2696 1436 2769 23),
1463 2696 1861 2767 archiepiscopi

257 2803 547 2857 vocantur,
579 2805 630 2847 et
664 2808 770 2855 non
798 2793 1075 2862 primates,
1108 2792 1253 2851 salva
1281 2791 1334 2849 in
1364 2792 1619 2847 omnibus
1644 2798 1862 2861 aposto-

1963 1950 2082 2004 nice
2107 1949 2378 2013 audiatur,
2404 1952 2494 2021 qui
2518 1961 2644 2007 sunt
2671 1952 2726 2007 in
2757 1952 3075 2021 provinciis,
3099 1952 3385 2024 episcopis.
3410 1953 3568 2022 Quod

1962 2041 2007 2095 si
2061 2041 2283 2111 legitimi
2335 2058 2442 2099 non
2490 2042 2693 2099 fuerint
2736 2056 3114 2110 accusatores,
3144 2059 3252 2099 non
3305 2044 3560 2116 fatigetur

1961 2135 2248 2205 episcopus
2294 2152 2311 2190 :
2355 2136 2479 2207 quia
2536 2136 2848 2194 sacerdotes
2898 2137 2966 2193 ad
3000 2137 3429 2199 sacrificandum
3476 2153 3571 2193 va-

1962 2242 2089 2285 care
2118 2227 2356 2294 debent,
2386 2246 2491 2285 non
2523 2230 2589 2285 ad
2612 2230 2952 2300 litigandum.
2978 2231 3091 2287 Nec
3122 2231 3233 2299 illi,
3262 2232 3354 2302 qui
3384 2231 3567 2287 throni

1963 2322 2057 2376 Dei
2087 2332 2346 2379 vocantur
2373 2321 2556 2394 (conc.
2582 2321 2762 2387 gTolet.
2785 2339 2841 2378 ιι
2864 2365 2880 2390 ,
2923 2341 2969 2377 c.
3017 2325 3096 2394 5),
3133 2339 3421 2394 pravorum
3469 2325 3569 2378 ho-

1962 2414 2165 2473 minum
2209 2414 2424 2471 insidiis
2453 2413 2659 2471 turbari
2701 2414 2903 2471 debent
2932 2458 2947 2481 ,
3000 2416 3094 2471 sed
3142 2416 3310 2481 libere
3347 2415 3568 2472 Christo

1970 2508 2199 2565 Domino
2225 2508 2497 2563 lamulari.

2038 2598 2222 2657 XVlll.
2246 2600 2583 2670 Quamquam
2601 2599 3154 2672 comprovincialibus
3173 2600 3445 2671 episcOpis
3463 2616 3573 2657 una

1962 2707 2085 2748 cum
2139 2707 2329 2747 eorum
2379 2692 2833 2763 metropolitano,
2883 2708 2995 2749 sua:
3035 2693 3329 2764 provinciae
3372 2709 3571 2751 causas

1961 2785 2341 2855 episcoporum
2392 2784 2556 2841 liceat
2604 2786 2933 2841 charitative
2973 2797 3027 2841 et
3065 2786 3410 2842 concorditer
3453 2788 3570 2859 agi-

256 2886 379 2941 lica:
406 2885 553 2945 sedis
575 2886 861 2956 dignitate,
894 2901 1013 2955 quae
1044 2884 1093 2939 ei
1121 2885 1189 2939 ab
1218 2886 1333 2953 ipso
1360 2883 1591 2938 Domino
1622 2891 1704 2939 est
1733 2896 1861 2939 con-
1964 2887 2081 2937 tare
2103 2920 2116 2944 ,
2151 2894 2257 2934 non
2302 2888 2480 2936 tamen
2509 2881 2692 2951 (sicut
2736 2882 2787 2935 in
2826 2881 3087 2951 praedicta
3108 2925 3123 2949 ,
3161 2891 3214 2936 te
3261 2891 3528 2951 praesente
3553 2924 3570 2949 ,

255 2994 436 3045 cessa,
464 2987 520 3033 et
550 2990 735 3047 postea
761 2994 790 3031 a
827 2978 1031 3033 sanctis
1056 2977 1299 3048 patribus
1326 2976 1598 3041 roborata.
1964 2972 2314 3027 constitutum
2342 2983 2426 3028 est
2457 2972 2836 3042 synodo)licet
2863 2973 3090 3028 delinire
3118 2973 3326 3043 absque
3340 2974 3571 3031 Romani

330 3072 473 3135 XIII.
516 3072 699 3137 Primo
729 3071 1141 3144 semperUdem
1176 3086 1223 3124 ε.
1258 3068 1349 3141 l5)
1375 3071 1427 3125 in
1463 3068 1615 3125 omni
1651 3068 1864 3136 episco-
1967 3063 2237 3133 pontiﬁcis
2281 3066 2628 3120 auctoritate.
2674 3064 2830 3132 Quod
2872 3066 2918 3120 si
2958 3080 3113 3120 secus
3161 3082 3193 3121 a
3239 3067 3564 3137 quibusdam

258 3183 453 3238 porum
484 3166 850 3232 accusatione,
876 3166 984 3227 vita
1003 3208 1018 3233 ,
1048 3180 1279 3235 persona
1319 3173 1375 3219 et
1404 3160 1745 3219 conversatio
1772 3177 1863 3217 ac-
1967 3165 2351 3225 praesumptum
2382 3155 2553 3215 fuerit
2576 3198 2591 3221 ,
2612 3157 2715 3227 ipsi
2747 3156 2840 3226 qui
2887 3156 2989 3212 hoc
3018 3159 3261 3228 egerint,
3291 3172 3404 3214 sua:
3432 3173 3573 3229 pra:-

256 3258 566 3327 cusantium
595 3259 920 3321 enucleatim
959 3257 1262 3329 inquiratnr
1291 3274 1304 3309 :
1335 3266 1391 3311 et
1418 3255 1761 3326 postmodum
1798 3270 1862 3310 ea
1890 3257 1938 3321 Ε
1968 3247 2298 3316 sumptionis
2341 3249 2645 3319 suscipiant
2672 3249 2931 3306 damnum
2968 3270 2981 3306 :
3024 3261 3078 3305 et
3106 3251 3214 3315 illi,
3238 3252 3328 3320 qui
3376 3252 3447 3307 ab
3485 3252 3567 3308 eis

260 3368 382 3423 qua:
420 3351 784 3422 objiciuntur,
836 3350 1065 3411 ﬁdeliter
1104 3359 1502 3419 pertractentur
1544 3365 1558 3402 :
1600 3348 1858 3418 quoniam
1964 3354 2247 3409 perperam
2290 3341 2748 3397 excommunicati
2784 3353 2877 3396 aut
2911 3342 3153 3397 damnati
3178 3341 3401 3410 fuerint,
3433 3357 3568 3399 auc-

262 3444 398 3509 nihil
435 3444 592 3517 aliter
626 3444 741 3505 ﬁeri
772 3444 792 3477 ¹
818 3442 996 3510 debet,
1022 3443 1127 3499 nisi
1170 3442 1537 3513 impetitorum
1587 3441 1737 3511 prius
1777 3458 1860 3498 re-

266 3539 510 3609 quiratur
535 3536 674 3607 ﬁdes
698 3577 711 3601 ,
742 3550 1009 3608 persona,
1043 3540 1151 3593 vita
1182 3542 1239 3591 et
1280 3544 1432 3590 actus
1459 3534 1819 3590 discutiantur
1844 3551 1857 3588 :

262 3630 388 3703 quia
421 3646 529 3691 non
560 3628 743 3699 debet,
766 3644 1054 3698 pravorum
1072 3636 1168 3683 aut
1187 3628 1555 3685 insidiantium
1576 3627 1858 3683 hominum

262 3724 528 3807 pernicie,
560 3724 663 3779 vita
697 3721 925 3791 lacerari
953 3721 1343 3783 innocentium.
1386 3722 1530 3778 Sane
1557 3721 1859 3793 saepissime

262 3817 395 3887 boni
441 3831 473 3871 a
513 3816 671 3875 malis
711 3824 1124 3886 persequuntur,
1155 3815 1246 3885 qui
1290 3829 1402 3873 non
1449 3825 1664 3885 cessant
1702 3813 1860 3869 suis?

261 3908 663 3977 calamitatibus
701 3908 822 3975 aliis
860 3908 1142 3978 derogare.
1188 3907 1314 3971 Ideo
1342 3921 1691 3977 summopere
1724 3921 1858 3977 pro-

265 4001 555 4071 videndum
586 4010 667 4073 est
693 4016 761 4065 ne
784 4002 900 4057 haec
930 3998 1080 4063 fiant.

340 4092 677 4165 XlVJ‘lullus
694 4091 1095 4162 servus(CartIt.
1115 4105 1209 4156 vn,
1236 4106 1283 4145 ι.
1312 4089 1392 4162 3),
1410 4090 1587 4149 nullus
1609 4088 1857 4155 libertus,

267 4189 449 4255 nullus
477 4186 696 4255 infidus,
724 4186 903 4245 nullus
929 4186 1249 4255 criminibus
1278 4186 1538 4251 irretitus,
1565 4185 1743 4241 nullus
1772 4201 1862 4242 ca-

267 4280 771 4349 lumniator,nullus
792 4278 882 4349 qui
904 4277 1203 4349 inimicitiis
1227 4277 1429 4345 studet,
1452 4278 1629 4337 nullus
1641 4279 1731 4349 qui
1753 4278 1863 4335 fre-

267 4384 497 4444 quenter
516 4373 691 4444 litigat
715 4372 911 4445 (Hadr.
941 4372 1002 4435 ll
1020 4382 1067 4426 et
1087 4372 1178 4438 50,
1198 4387 1264 4426 ex
1281 4370 1768 4441 Carthaginensibua
1782 4388 1857 4437 tv,

267 4469 422 4534 58,“
450 4483 550 4535 vn,
581 4468 664 4537 2),
682 4479 738 4535 et
761 4468 826 4522 ad
854 4466 1215 4529 accusandum
1243 4467 1326 4522 vel
1362 4466 1751 4523 detrahendum
1779 4475 1863 4521 est

266 4561 465 4629 facilis,
491 4562 633 4623 nulla
651 4559 866 4625 infamis
895 4574 1147 4629 persona,
1173 4560 1256 4614 vel
1286 4572 1501 4623 omnes,
1532 4573 1668 4627 quos
1691 4559 1757 4612 ad
1772 4574 1862 4613 ac-

1963 3430 2178 3486 toritate
2211 3429 2370 3501 hujus
2399 3442 2600 3489 sanctae
2625 3433 2793 3500 sedis,
2820 3442 2873 3488 et
2897 3432 3041 3489 beati
3071 3434 3420 3504 praeceptoris
3440 3448 3570 3490 nos-

1962 3524 2030 3577 tri
2063 3521 2317 3593 clavigeri
2366 3521 2512 3580 Petri
2549 3532 2822 3595 potestate
2861 3526 3166 3592 solvantur,
3195 3538 3358 3598 atque
3406 3528 3567 3583 resti-

1966 3624 2209 3670 tuantur.
2242 3615 2362 3686 ipse
2383 3618 2527 3673 enim
2541 3617 2615 3674 ait
2639 3618 2903 3675 Dominus
2936 3636 2950 3674 :
2982 3620 3336 3693 Quacumque
3355 3623 3567 3678 solveris

1960 3728 2116 3780 super
2142 3723 2351 3779 terram,
2379 3722 2529 3769 erunt
2552 3714 2721 3769 soluta
2746 3723 2792 3769 et
2816 3715 2874 3771 in
2899 3716 3269 3783 calisUIatth.
3300 3718 3443 3791 xvi).

2035 3802 2173 3863 XIX.
2204 3805 2428 3871 Quoties
2445 3808 2685 3878 episcopi
2709 3823 2769 3862 se
2793 3824 2822 3863 a
2855 3809 2969 3863 suis
2992 3810 3564 3881 comprovincialibus,

1964 3899 2162 3970 (Hadr.
2196 3900 2229 3958 6
2257 3910 2303 3955 et
2327 3901 2418 3967 18,
2446 3918 2509 3957 επ
2535 3918 2650 3957 can.
2682 3901 2717 3956 4
2755 3912 2803 3958 et
2827 3903 2856 3956 7
2883 3920 3030 3957 conc.
3073 3904 3423 3976 Sardicensis)
3475 3905 3564 3961 vel

1962 4010 1993 4049 a
2020 3996 2440 4075 metropolitano
2474 3998 2779 4066 putaverint
2809 3998 3167 4069 prtegravari,
3217 4008 3309 4055 aut
3334 4014 3432 4054 eos
3470 4014 3564 4054 su-

1962 4099 2179 4158 spectos
2208 4089 2528 4155 habuerint,
2554 4105 2676 4146 mox
2720 4091 3023 4146 Romanam
3055 4091 3329 4161 appellent
3356 4091 3563 4157 sedem,

1962 4181 2032 4237 ad
2062 4198 2221 4253 quam
2244 4198 2340 4238 eos
2368 4183 2576 4253 absque
2605 4184 2714 4239 ulla
2747 4184 3082 4248 detentione,
3114 4196 3205 4240 ant
3229 4198 3449 4241 suarum
3472 4200 3564 4239 re-

1962 4289 2083 4329 rum
2122 4274 2416 4337 ablatione,
2450 4274 2621 4330 libere
2658 4275 2736 4331 ire
2766 4275 2950 4330 liceat.
2978 4275 3045 4330 Et
3075 4276 3203 4330 dum
3246 4274 3563 4346 praedictam

1965 4364 2261 4422 Romanam
2288 4376 2516 4422 matrem
2530 4368 2920 4437 appellaverint
2945 4367 3268 4434 Ecclesium,
3291 4378 3384 4422 aut
3402 4368 3471 4423 ab
3499 4382 3565 4424 ea

1962 4474 2026 4515 se
2053 4459 2228 4519 audiri
2256 4461 2624 4529 exposcerint,
2642 4461 2820 4514 nullus
2842 4475 2938 4516 eos
2960 4470 3053 4516 aut
3069 4462 3562 4529 excommunicare,

1964 4563 2058 4609 aut
2086 4569 2272 4608 eorum
2317 4554 2476 4609 sedes
2504 4554 2812 4624 subripere,
2842 4565 2937 4609 aut
2965 4570 3155 4611 eorum
3194 4571 3283 4615 res
3319 4555 3568 4623 auferre,

266 4653 507 4725 cusapda
549 4653 778 4721 crimina
816 4651 1029 4722 publica
1062 4651 1207 4721 leges
1256 4650 1485 4720 publicae
1516 4664 1623 4709 non
1664 4649 1857 4707 admit-
1886 4655 1942 4716 1)
1965 4660 2057 4702 aut
2085 4646 2319 4717 aliquam
2347 4647 2429 4702 eis
2456 4648 2565 4701 vim
2591 4646 2797 4703 inferre
2819 4659 3141 4719 praesumat,
3164 4654 3453 4717 antequam
3474 4663 3571 4703 eo—

266 4754 413 4817 tunt,
446 4746 835 4819 permittantur
857 4744 1141 4815 episcopos
1170 4758 1459 4808 accusare;
1486 4744 1738 4813 quoniam
1769 4757 1863 4797 ac-

268 4851 547 4908 cusatores
588 4849 645 4896 et
666 4839 1061 4906 accusationes,
1095 4852 1231 4909 quas
1262 4838 1412 4908 leges
1440 4837 1621 4892 saeculi
1650 4851 1755 4892 non
1784 4851 1864 4893 re-

266 4935 507 5005 cipiunt,
536 4948 641 5004 qua
679 4934 892 4995 ratione
918 4929 1274 4993 sacerdotalis
1304 4944 1397 4991 eas
1433 4930 1675 4998 recipere
1702 4929 1866 4985 debet

269 5027 433 5097 ordo,
464 5026 714 5087 invenire
738 5040 976 5095 nequeo,
1007 5039 1129 5079 cunt
1162 5024 1276 5085 haec
1306 5031 1365 5083 et
1394 5024 1448 5079 in
1491 5023 1703 5077 Nicaena
1731 5037 1863 5095 syn-

269 5121 373 5179 odo
417 5119 691 5193 prohibita
730 5119 876 5185 sint,
920 5126 982 5179 et
1010 5118 1089 5179 illi
1130 5119 1304 5197 magis
1331 5118 1400 5173 ab
1445 5118 1593 5182 istis.
1626 5132 1734 5173 non
1778 5116 1866 5172 isti

270 5215 337 5273 ab
378 5216 489 5289 illis
513 5213 747 5285 judicari
788 5211 1051 5278 debeant;
1082 5222 1136 5267 et
1175 5210 1452 5280 apostolus
1486 5210 1629 5266 dicat
1674 5228 1687 5265 ι
1743 5210 1868 5281 Spi-

270 5308 472 5379 rituuh's
502 5307 710 5382 judicat
737 5306 945 5373 omnia,
983 5306 1093 5376 ipse
1119 5321 1236 5361 vero
1281 5321 1313 5369 (ι
1347 5304 1545 5367 mittiue
1576 5302 1863 5374 judicatur.

276 5400 346 5471 (ll
372 5400 492 5465 Cor.
516 5386 610 5470 n).

343 5492 458 5565 xy.
503 5492 780 5559 flairetici,
804 5504 835 5545 a
872 5489 1065 5561 quibus
1096 5489 1321 5569 nimium
1352 5486 1730 5560 opprimimur,
1762 5502 1868 5544 ex-

1971 4755 2091 4796 rum
2143 4754 2304 4799 causa
2354 4739 2586 4796 Romani
2630 4740 2899 4810 pontificis
2947 4743 3268 4801 auctoritate
3326 4739 3567 4794 ﬁniatur.

1971 4832 2125 4900 Quod
2152 4833 2199 4887 si
2225 4833 2383 4887 aliter
2419 4849 2448 4899 a
2492 4847 2760 4903 quoquam
2793 4841 3179 4901 praesumptum
3208 4831 3398 4896 fuerit,
3433 4829 3568 4885 nihil

1972 4927 2096 4992 erit,
2138 4925 2234 4980 sed
2270 4923 2476 4980 viribus
2523 4925 2747 4987 carebit.
2796 4924 2932 4980 Nam
2982 4940 3081 4980 nec
3129 4924 3234 4980 hoc
3282 4938 3567 4993 perperam

1976 5018 2376 5090 pra'sumimus,
2404 5018 2497 5074 sed
2529 5027 2581 5073 et
2599 5018 2778 5089 ipsum
2808 5019 2860 5072 in
2888 5019 3101 5073 Nicaena
3129 5017 3342 5088 synodo
3369 5017 3574 5071 consti-

1974 5122 2170 5180 tutum,
2184 5122 2241 5169 et
2261 5123 2638 5169 antecessores
2665 5126 2880 5168 nosnos
2898 5114 3098 5183 egisse,
3112 5113 3274 5177 bene,
3289 5109 3570 5180 Athanasi,

1972 5210 2114 5265 nosti
2141 5226 2156 5264 ι
2188 5209 2444 5279 quoniam
2473 5208 2690 5279 quando
2716 5220 2772 5263 tu
2801 5218 2856 5263 et
2903 5209 3098 5265 Paulus
3118 5206 3575 5274 ConstantinOpo-

1972 5302 2197 5368 litanus,
2244 5302 2532 5372 Asclepius
2563 5301 2766 5356 96am
2791 5344 2805 5367 ,
2837 5313 2893 5359 et
2932 5303 3205 5358 Lucianns
3235 5300 3575 5367 Adrianopo-

1970 5393 2119 5460 lites,
2166 5393 2233 5447 ab
2272 5393 2636 5448 Orientalibus
2686 5394 2976 5464 episcopis,
3018 5390 3322 5447 inconsulto
3368 5398 3574 5446 saneta

1974 5485 2250 5541 memoriae
2277 5483 2421 5539 Julio
2462 5484 2862 5553 praedecessore
2893 5494 3100 5548 nestro,
3131 5482 3366 5536 damnati
3399 5481 3533 5537 estis
3561 5524 3577 5549 ,

275 5586 801 5661 communicatique,
835 5580 1120 5651 homicida:
1145 5621 1159 5647 .
1192 5580 1425 5649 maleﬁci
1447 5621 1462 5648 ,
1494 5578 1639 5635 fures
1661 5618 1677 5643 ,
1707 5579 1877 5635 sacris
1974 5592 2028 5638 et
2064 5582 2131 5637 ad
2171 5596 2294 5636 eum
2343 5580 2497 5651 quasi
2540 5579 2608 5634 ad
2652 5581 2817 5635 totius
2842 5580 2989 5635 orbis
3024 5583 3187 5645 caput
3210 5575 3313 5645 (ut
3354 5589 3579 5645 semper

276 5797 308 5857 ὁ
343 5728 364 5854 la
399 5727 507 5854 Sic
555 5733 685 5793 ηοω
737 5722 985 5795 quaedam
1027 5721 1245 5785 decreta
1295 5722 1350 5783 in
1400 5719 1619 5781 Nicaeus
1662 5718 1872 5790 synodo

313 5814 394 5856 ee
456 5837 470 5853 .

313 5814 470 5856 eteta.

345 5871 367 5903 ’
393 5868 559 5929 decet.

2048 5722 2069 5754 ⁸
2091 5721 2367 5776 calumniis
2392 5720 2521 5774 alios
2542 5719 2827 5789 denigrare.

2050 5793 2073 5825 "
2104 5793 2383 5862 Asclephas
2411 5799 2460 5846 et
2485 5789 2699 5846 Lucius.
