3998 6350
433 333 507 392 23

1623 325 1939 384 SANCTUS
1981 322 2185 382 FELIX
2228 325 2401 382 PAPA
2445 326 2510 383 ll.

3691 320 3777 379 24

442 447 569 502 huic
607 445 726 502 sedi
761 453 964 501 sanctae
1009 445 1215 500 licitum
1257 441 1356 498 fuit
1384 444 1402 514 )
1433 442 1755 512 confugistis
1779 484 1794 508 ,
1826 441 2041 512 cognita
2070 443 2126 504 Α
2149 441 2270 497 dice
2292 439 2577 497 c'liaritatis
2599 455 2750 497 suam
2775 442 3086 499 desiderent
3113 456 3362 513 promere
3387 442 3772 498 sententiam.

443 556 630 598 eorum
662 541 894 612 nequitia
926 539 1091 610 (Trip.
1118 554 1187 603 tv,
1220 536 1308 605 l5,
1329 553 1403 592 ex
1430 535 1554 592 Soz.
1590 553 1666 602 ιιι,
1692 536 1766 606 '7),
1791 543 1846 589 et
1867 544 2045 589 vestra

441 633 650 706 justitia
681 674 695 697 ,
723 647 818 687 vos
860 633 909 686 in
939 630 1378 686 communionem
1402 630 1670 700 suscepit,
1708 638 1760 683 et
1806 629 2045 682 omnium

444 736 687 782 vestrum
721 741 903 779 curam
927 739 1147 793 gerens,
1183 733 1402 793 propter
1433 723 1579 776 sedis
1609 722 1844 789 propriae
1874 721 2050 792 digni-

453 827 642 884 tatem,
671 832 795 871 suas
822 817 1048 886 singulis
1091 815 1324 870 reddens
1363 814 1641 869 ecelesias.
1683 813 2051 868 Orientalibus

449 912 687 981 scripsit,
713 910 939 978 culpans
961 925 1076 968 eos.
1109 909 1252 979 quod
1288 925 1391 964 non
1433 919 1581 964 recte
1618 916 1945 964 tractassem
1973 908 2053 962 vi-

445 1021 538 1063 ros
567 1005 924 1072 inculpabiles
955 1005 1023 1061 de
1045 1006 1158 1060 suis
1185 1005 1431 1061 ecclesiis
1461 1006 1816 1074 expellentes,
1848 1015 1903 1059 et
1925 1021 2056 1059 con-

445 1102 628 1155 stituta
665 1100 868 1155 Nion-ni
905 1101 1119 1154 concilii
1151 1101 1374 1154 minime
1403 1110 1809 1155 conservantes.
1863 1100 1906 1154 Ε
1934 1099 2051 1168 qui-

448 1191 549 1246 bus
581 1191 648 1246 ad
672 1203 879 1247 certum
909 1192 1053 1246 diem
1085 1192 1376 1246 nonnullos
1398 1193 1612 1246 sibimet
1633 1194 1824 1247 adesse
1853 1208 2058 1261 praece-

449 1286 562 1356 pit,
597 1293 656 1339 ut
678 1286 745 1341 de
775 1287 971 1340 talibus
1002 1287 1516 1357 praesumptionibus
1541 1297 1741 1340 certam
1769 1286 2062 1341 redderent

451 1381 746 1445 rationem,
779 1388 834 1434 et
866 1394 1049 1434 coram
1079 1379 1159 1436 eis
1195 1380 1532 1444 ostenderet,
1558 1379 1762 1450 justum
1797 1394 1857 1434 se.
1897 1394 2062 1448 super

452 1475 533 1529 eis
571 1474 864 1543 protulisse
895 1473 1196 1528 decretum.
1227 1472 1619 1528 Interminatus
1646 1484 1728 1527 est
1755 1475 1917 1528 etiam
1953 1487 2060 1527 non

452 1565 580 1620 talia
610 1564 868 1633 deinceps
897 1563 1092 1618 fratres
1118 1579 1237 1619 esse
1273 1579 1548 1634 pa~suros,
1581 1574 1636 1620 et
1657 1565 1755 1618 nisi
1783 1565 1852 1618 ab
1879 1563 2064 1632 hujus-

454 1659 600 1714 modi
659 1658 1172 1728 praesumptionibus
1223 1671 1536 1725 cessarent,
1583 1675 1613 1713 a
1671 1659 1902 1729 propriis
1945 1675 2064 1714 esse

453 1750 718 1820 gradibus
749 1766 843 1804 eos
874 1765 1212 1806 recessuros.
1249 1751 1364 1806 Tali
1396 1750 1540 1806 enim
1573 1751 1730 1820 hujus
1758 1757 1959 1806 sanctae
1982 1767 2070 1806 se-

2154 536 2246 589 llis
2271 552 2401 607 ergo
2431 545 2537 591 tam
2566 537 2815 607 legaliter
2839 536 3010 609 (Trip.
3041 553 3117 603 ix,
3155 537 3242 602 14,
3267 553 3330 592 ea:
3354 535 3552 592 Theod.
3581 553 3644 599 v,
3675 531 3776 605 9),

2151 643 2311 695 quam
2338 637 2391 682 et
2435 628 2697 683 canonice
2733 629 2976 698 prolatis,
3007 630 3171 684 etiam
3215 632 3453 684 omnium
3484 628 3781 684 Christia-

2152 736 2346 774 norum
2393 723 2751 775 reverentiam
2802 721 3146 788 congaudere
3188 720 3555 790 deposcimus,
3587 719 3781 789 spiri-

2155 815 2283 868 tuali
2316 814 2684 870 intercedente
2705 814 3003 870 dilectione
3032 826 3087 870 et
3107 816 3298 871 timore
3320 815 3625 880 dominico,
3664 828 3780 884 per

2154 925 2313 979 quem
2355 908 2589 962 humana
2639 919 2948 964 removetur
2997 909 3246 976 offensio,
3288 921 3344 964 et
3390 908 3779 964 ecclesiarum

2158 1001 2443 1055 :edilicatio
2472 1002 2803 1070 pra‘ponitnr
2826 1001 3117 1069 universis,
3146 1011 3202 1056 ut
3225 1003 3393 1072 magis
3424 1001 3668 1055 universi
3701 998 3780 1054 ad

2159 1093 2576 1149 aediﬁcationem
2612 1094 2836 1150 fratrum
2868 1096 3137 1162 laborent,
3167 1112 3327 1162 quam
3358 1095 3422 1148 ad
3453 1095 3784 1149 damnatio-

2159 1204 2283 1244 nem
2308 1206 2320 1251 ;
2346 1191 2597 1259 quoniam
2623 1193 2698 1243 ait
2726 1191 2978 1244 dominus
2999 1209 3010 1244 :
3029 1189 3094 1244 In
3119 1197 3213 1244 hoc
3234 1203 3538 1262 cognoscent
3557 1206 3777 1254 omnes,

2160 1299 2283 1353 quia
2309 1284 2408 1336 mei
2434 1284 2554 1337 estis
2580 1285 2846 1356 discipuli,
2869 1286 2913 1338 si
2934 1285 3260 1339 dilectionem
3283 1284 3569 1339 habueritis
3597 1285 3676 1338 ad
3691 1285 3784 1337 in-

2161 1376 2319 1429 vicem
2353 1375 2534 1447 (Joan.
2571 1381 2715 1446 xui).
2744 1376 2862 1430 Jam
2905 1377 3048 1432 enim
3098 1376 3325 1431 formam
3355 1376 3602 1432 dedimus
3628 1373 3787 1448 (Da-

2163 1486 2358 1536 masus,
2409 1471 2564 1538 epist.
2594 1469 2651 1538 2,
2677 1487 2740 1524 ea:
2771 1469 2914 1541 Trip.
2946 1486 3027 1536 tx,
3056 1471 3143 1536 15;
3167 1487 3230 1524 ea:
3257 1469 3455 1526 Theod.
3489 1486 3541 1532 v,
3571 1471 3693 1539 10),
3723 1477 3786 1523 et

2165 1577 2194 1614 a
2230 1563 2726 1631 pra‘decessoribus
2767 1564 2966 1617 nostris
2997 1572 3174 1617 datam
3219 1578 3344 1618 esse
3382 1563 3784 1633 cognovimus,

2169 1663 2226 1708 ut
2254 1655 2296 1708 si
2331 1655 2452 1724 quis
2473 1670 2534 1710 se
2555 1657 2835 1726 agnoverit
2855 1649 3244 1723 Christianum,
3270 1656 3398 1710 illud
3424 1667 3600 1710 servet
3624 1654 3784 1726 quod

2169 1745 2237 1799 ab
2291 1747 2557 1817 apostolis
2615 1749 2858 1802 noscitur
2908 1763 3030 1802 esse
3084 1747 3497 1811 contraditum,
3537 1748 3787 1802 dicente

455 1845 540 1899 dis
592 1845 874 1915 privilegio
923 1853 977 1924 tu
1017 1854 1071 1899 et
1111 1843 1307 1899 fratres
1359 1845 1434 1898 tui
1481 1845 1728 1915 proprias
1777 1844 2063 1912 recepistis
2094 1841 2141 1901 Β
2168 1839 2415 1908 apostolo
2459 1839 2671 1895 Paulo:
2704 1839 2766 1895 Si
2806 1841 2922 1910 quis
2966 1840 3107 1894 vobis
3153 1841 3535 1895 annuntioverit
3584 1849 3787 1910 praeter

453 1937 738 2001 ecclesias,
763 1951 885 1991 cum
915 1937 1172 1992 omnibus
1201 1937 1306 1990 sibi
1342 1937 1766 2007 pertinentibus.
1799 1936 1894 1992 His
1923 1941 2068 1991 enim

458 2041 512 2087 et
563 2031 686 2086 aliis
711 2046 870 2101 quam
902 2030 1154 2102 plurimis
1182 2030 1524 2086 documentis
1555 2033 1899 2086 manifestum
1937 2041 2021 2085 est
2053 2073 2068 2096 ,

459 2126 669 2180 nullum
715 2125 999 2192 damnari,
1046 2135 1140 2179 aut
1189 2127 1302 2180 suis
1329 2125 1620 2194 exspoliari
1667 2125 1828 2180 rebus
1870 2123 2072 2180 debere

456 2218 793 2287 episcopum,
827 2217 917 2287 qui
949 2217 1088 2270 hanc
1110 2227 1354 2271 sanctam
1387 2217 1572 2271 sedem
1607 2216 2065 2286 interpellaverit,

461 2317 554 2364 aut
589 2309 692 2364 sibi
720 2309 1139 2364 delensatricem
1170 2308 1487 2374 adsciverit,
1513 2308 1689 2364 donec
1715 2307 1977 2377 judicium
2003 2307 2072 2363 de

460 2419 527 2459 eo
552 2415 750 2458 nostra:
776 2403 1092 2474 apostolicae
1139 2402 1478 2458 auctoritatis
1503 2401 1690 2473 (Mart.
1718 2402 1760 2468 I,
1783 2418 2012 2455 consess.
2036 2399 2073 2454 2

459 2510 602 2549 conc.
645 2492 885 2562 Later.),
919 2493 1022 2548 hoc
1073 2502 1176 2556 est,
1202 2494 1464 2562 principis
1512 2493 1882 2561 apostolorum
1927 2492 2074 2548 Petri

457 2593 742 2653 agnoscat.
763 2585 892 2654 quia
916 2583 1262 2639 solummodo
1281 2581 1532 2638 Christus
1552 2582 1711 2638 Jesus
1731 2583 1856 2638 huic
1871 2594 2073 2638 sancta:

461 2677 579 2732 sedi
609 2719 623 2744 ,
658 2676 709 2730 id
767 2685 884 2741 est,
915 2677 1233 2747 apostolica:
1255 2719 1270 2743 ,
1303 2679 1481 2732 lacere
1527 2677 1838 2742 commisit,
1887 2685 2073 2745 utpote

463 2771 722 2841 quoniam
751 2770 900 2825 solus
926 2781 1090 2840 atque
1121 2786 1231 2841 pra:
1260 2770 1514 2824 omnibus
1537 2769 1796 2840 praefatus
1820 2771 2074 2840 princeps

462 2863 833 2934 apostolorum
867 2862 1112 2918 creditus
1151 2872 1256 2929 est,
1288 2873 1450 2934 atque
1493 2864 1776 2933 percipere
1815 2866 2014 2918 meruit
2043 2879 2073 2919 a

463 2971 594 3025 rege
661 2971 849 3024 regum
915 2955 1129 3012 Christo
1190 2955 1304 3011 Deo
1368 2956 1550 3012 claves
1606 2957 1758 3027 regni
1810 2956 2071 3011 ctelorum

473 3047 692 3118 (Matth.
719 3049 858 3119 XVI).

538 3141 660 3197 XX.
706 3143 782 3198 De
845 3142 1077 3198 induciis
1124 3157 1255 3198 vero
1303 3142 1680 3215 episcoporum
1730 3141 1822 3215 (1η
1869 3144 2069 3200 decret.

2175 1931 2314 2000 quod
2359 1934 2667 2003 accepistis,
2717 1935 2992 1988 anathema
3044 1935 3109 1986 sit
3161 1932 3357 2003 (Galat.
3405 1934 3467 2003 t).
3522 1930 3788 1987 Christus

2173 2026 2319 2080 enim
2351 2025 2445 2079 Dei
2475 2015 2637 2088 lilius,
2673 2027 2930 2081 Dominus
2954 2037 3158 2092 uoster,
3177 2030 3414 2082 humano
3435 2029 3621 2098 generi
3647 2043 3784 2098 pro-

2175 2117 2290 2186 pria
2338 2118 2591 2185 passione
2631 2119 2862 2174 salutem
2903 2105 3277 2189 plenissimam
3327 2118 3677 2183 condonavit,
3723 2127 3786 2171 ut

2175 2221 2276 2261 nos
2304 2207 2559 2263 liberaret
2585 2207 2765 2277 (Rom.
2800 2208 2938 2280 vin).
2974 2210 3039 2263 Et
3073 2209 3130 2263 si
3165 2208 3308 2263 Deus
3333 2209 3388 2263 in
3429 2218 3634 2264 tantum
3675 2223 3784 2262 nos

2175 2299 2383 2368 dilexit,
2417 2311 2475 2354 ut
2505 2301 2671 2356 etiam
2696 2300 2918 2372 proprio
2950 2302 3062 2356 lilio
3104 2317 3209 2356 non
3245 2310 3517 2372 parceret,
3553 2301 3648 2356 sed
3679 2315 3785 2372 pro

2178 2393 2334 2446 nobis
2377 2393 2630 2447 omnibus
2661 2394 2809 2448 illum
2857 2393 3114 2458 traderet,
3153 2403 3210 2448 ut
3253 2407 3352 2448 nos
3381 2392 3682 2448 liberaret:
3720 2402 3783 2448 ut

2175 2484 2304 2555 quid
2332 2499 2431 2540 nos
2460 2501 2566 2541 non
2595 2486 2872 2556 diligimus
2900 2489 3115 2553 fratres,
3149 2496 3241 2540 aut
3270 2501 3367 2540 eos
3394 2495 3604 2541 temere
3629 2484 3784 2556 judi-

2176 2592 2382 2643 camus,
2423 2594 2544 2635 cum
2575 2581 2866 2650 praedictus
2891 2581 3035 2636 dicat
3077 2582 3354 2650 apostolus
3384 2598 3398 2635 :
3426 2580 3606 2636 Nolite
3623 2583 3780 2653 judi-

2178 2688 2295 2726 care
2323 2674 2560 2740 invicem,
2583 2676 2674 2730 sed
2705 2676 2801 2730 hoc
2827 2677 2992 2748 ntagis
3013 2677 3268 2748 judicate,
3299 2694 3363 2732 ne
3384 2679 3590 2745 ponatis
3611 2676 3781 2744 offen-

2178 2766 2410 2822 diculum
2443 2771 2616 2839 fratri,
2646 2771 2726 2824 vel
2752 2771 3058 2825 scandalum
3082 2769 3258 2843 (Rom.
3289 2770 3422 2842 xlv).
3459 2771 3593 2826 Nam
3628 2773 3671 2826 si
3698 2771 3778 2826 illi

2177 2861 2267 2931 qui
2307 2860 2504 2918 fratres
2552 2863 2802 2936 diligunt,
2861 2881 2928 2921 ex
2973 2867 3082 2920 Deo
3138 2867 3247 2921 nati
3301 2875 3444 2932 sunt,
3485 2877 3542 2922 et
3588 2867 3778 2923 vident

2178 2951 2349 3008 Deum
2385 2973 2398 3008 :
2427 2953 2554 3026 quid
2601 2973 2732 3028 ergo
2773 2969 2932 3013 erunt
2960 2959 3054 3025 illi,
3084 2960 3174 3030 qui
3222 2974 3319 3014 eos
3349 2971 3773 3032 persequuntur,

2177 3054 2233 3100 et
2276 3061 2373 3101 eos
2415 3047 2775 3115 detrahendo,
2824 3050 3205 3115 machinando,
3239 3053 3567 3121 accusando,
3615 3052 3778 3107 inles-

2179 3140 2362 3206 tando,
2393 3141 2652 3198 damnare
2701 3144 3034 3200 moliuntur?
3076 3146 3131 3200 Si
3182 3146 3256 3200 illi
3299 3145 3393 3200 lilii
3423 3146 3537 3212 Dei,
3587 3147 3774 3217 procul

461 3235 579 3293 Ivo.
611 3236 700 3291 lib.
727 3237 1007 3307 tv),super
1033 3237 1229 3306 qulbus
1253 3236 1623 3303 ConsuluiStis,
1653 3236 1899 3291 diversas
1926 3251 1955 3289 a
1985 3251 2080 3304 pa-
2105 3234 2150 3299 C
2181 3233 2344 3287 dubio
2377 3233 2428 3288 lii
2457 3234 2549 3290 lilii
2583 3245 2708 3291 sunt
2753 3238 2973 3306 diaboli,
3010 3240 3100 3309 qui
3145 3254 3383 3310 semper,
3411 3241 3541 3294 sicut
3564 3243 3644 3296 leo
3686 3258 3775 3296 ru-

467 3330 646 3386 tribus
667 3329 882 3401 regulas
913 3330 1222 3384 invenimus
1249 3329 1544 3384 institutas.
1574 3327 1804 3396 Quidam
1837 3328 1979 3382 enim
2007 3327 2073 3383 ad

463 3424 777 3492 repellenda
810 3423 1184 3493 impetitorum
1218 3423 1671 3484 machinamenta,
1698 3430 1750 3476 et
1776 3436 1903 3476 suas
1937 3437 2074 3489 prte-

471 3516 740 3586 parandas
788 3515 1195 3585 responsiones,
1223 3524 1278 3569 et
1324 3523 1489 3570 testes
1541 3512 1983 3576 confirmandos,
2022 3520 2078 3565 ct

467 3609 695 3666 consilia
725 3608 1106 3678 episcoporum
1137 3617 1300 3676 atque
1321 3607 1619 3661 amicorum
1644 3603 1958 3674 qrmrenda.
1980 3617 2076 3657 an-

470 3718 598 3757 num
631 3711 726 3757 aut
753 3717 848 3756 sex
889 3702 1286 3756 mandaverunt
1315 3713 1530 3754 menses
1555 3697 1783 3754 concedi
1808 3740 1822 3760 .
1855 3697 2072 3766 quidam

468 3805 648 3850 autem
694 3809 919 3853 annum.
975 3793 1028 3848 in
1077 3810 1184 3863 quo
1237 3793 1450 3861 plurimi
1497 3790 1852 3847 concordant.
1900 3790 2075 3846 Minus

469 3902 601 3952 vero
631 3886 792 3958 (Vide
818 3903 963 3942 conc.
997 3886 1180 3942 Carm.
1203 3902 1283 3948 ut.
1315 3902 1430 3955 cap.
1459 3885 1512 3954 7)
1546 3900 1706 3953 quam
1735 3899 1831 3938 sex
1861 3898 2074 3939 menses

470 3995 578 4036 non
603 3982 619 4011 ί
653 3983 850 4049 reperi,
879 3981 1002 4051 quia
1035 3991 1089 4036 et
1119 3980 1272 4035 laicis
1305 3981 1421 4035 iure
1449 3979 1656 4033 indulta
1698 3988 1845 4042 sunt,
1872 3988 2074 4048 quanto

471 4075 646 4144 magis
676 4074 885 4128 Domini
913 4072 1322 4129 sacerdotibus!
1363 4071 1496 4127 Nam
1528 4081 1584 4128 et
1612 4087 1640 4126 a
1673 4070 1878 4126 nostris
1915 4081 2073 4126 ante-

470 4169 804 4234 cessoribus,
831 4177 991 4237 atque
1026 4167 1251 4235 reliquis
1281 4166 1486 4220 sanctis
1528 4165 1767 4235 patribus
1800 4163 2074 4218 multoties

471 4261 757 4316 inhibitum
781 4270 884 4328 est,
915 4277 982 4316 ne
1011 4262 1132 4330 quis
1156 4259 1370 4315 Domini
1395 4257 1772 4313 sacerdotibus
1803 4255 2074 4310 detracta-

473 4352 647 4407 tiones
695 4353 930 4423 irroget;
959 4361 1162 4423 quanto
1192 4352 1363 4421 magis
1411 4350 1819 4410 accusationes,
1849 4364 1954 4404 non
2005 4364 2069 4404 ex

471 4443 659 4499 radice
675 4445 1250 4510 cbaritatiSprolatas‘!
1283 4443 1578 4510 Quiescite,
1602 4441 1872 4513 inquiunt,
1896 4448 1952 4494 et
1977 4457 2072 4495 no-

465 4535 560 4591 lite
592 4538 837 4607 persequi
863 4551 959 4591 eos
983 4577 999 4602 ,
1030 4537 1120 4604 qui
1151 4536 1390 4606 perfecte
1419 4537 1530 4590 Deo
1559 4535 1868 4590 ministrant
1893 4576 1906 4597 ,
1935 4549 2072 4604 quo-

2176 3327 2320 3396 giens
2341 3327 2546 3393 circuit,
2574 3345 2806 3399 quaerens
2832 3347 2982 3400 quem
3008 3333 3212 3386 devoret
3236 3333 3277 3403 (l
3304 3331 3420 3386 Pet.
3455 3335 3539 3404 v),
3572 3336 3642 3388 ita
3667 3333 3774 3388 fra-

2177 3425 2289 3472 tres
2318 3418 2692 3488 insequuntur.
2728 3429 2786 3474 ut
2816 3422 3064 3491 perdant.
3088 3423 3189 3492 Qui
3219 3439 3346 3479 vero
3377 3425 3634 3496 adjuvare
3662 3425 3770 3480 fra-

2177 3519 2288 3564 tres
2320 3510 2614 3582 refugiunt.
2646 3514 2818 3584 majus
2848 3527 3192 3584 peccatorum
3217 3533 3356 3571 onus
3378 3519 3688 3589 acquirunt,
3716 3528 3772 3574 et

2175 3601 2528 3662 fraternitatis
2576 3608 2774 3663 solatio
2820 3611 2900 3664 rei
2931 3611 3218 3666 exsistunt.
3268 3611 3382 3678 Vw,
3427 3612 3600 3682 inquit
3648 3628 3774 3685 pro-

2175 3697 2358 3766 pheta.
2404 3703 2492 3773 qui
2523 3712 2702 3772 potum
2741 3703 2832 3758 dat
2879 3706 3045 3759 amico
3094 3722 3210 3770 suo,
3264 3706 3467 3760 mittens
3507 3707 3578 3778 fel
3625 3723 3771 3762 suum

2179 3791 2359 3862 (Abas.
2390 3795 2477 3865 ιι).
2506 3794 2574 3849 Et
2615 3796 2810 3850 iterum
2861 3798 3299 3866 sapientissimus
3345 3798 3604 3854 Salomon
3649 3801 3768 3856 ait:

2178 3885 2434 3951 Quoniam
2481 3891 2568 3958 qui
2597 3889 2827 3958 loquitur
2868 3892 3066 3958 iniqua,
3118 3909 3221 3946 non
3261 3901 3425 3962 potest
3465 3893 3644 3960 latere,
3677 3909 3767 3948 nec

2176 3981 2427 4048 prrrteriet
2449 3982 2597 4036 illum
2629 3985 2909 4055 corripiens
2928 3986 3206 4056 judicium.
3234 3985 3300 4039 In
3328 3985 3754 4057 cogitationibus'

2175 4074 2310 4127 enim
2331 4075 2477 4146 impii
2493 4077 2828 4148 interrogatio
2856 4081 2950 4133 erit
2983 4096 3001 4134 :
3023 4097 3315 4134 sermonum
3338 4089 3510 4135 autem
3532 4082 3676 4136 illius
3702 4082 3769 4136 ad

2175 4163 2340 4218 Deum
2371 4171 2624 4237 perveniet
2665 4173 2890 4237 auditio,
2929 4173 2998 4226 ad
3029 4174 3400 4246 correptionem
3444 4175 3770 4244 iniquitatum

2171 4259 2316 4313 illius
2344 4276 2364 4313 .·
2390 4264 2633 4330 quoniam
2681 4265 2828 4320 auris
2863 4267 2968 4320 zeli
3013 4267 3157 4321 audit
3205 4268 3398 4330 omnia,
3440 4276 3486 4320 et
3517 4267 3770 4321 tumultus

2174 4358 2606 4410 murmurantium
2627 4373 2732 4412 non
2759 4358 3096 4414 abscondetur
3121 4358 3277 4432 (Sap.
3304 4357 3364 4430 t).
3393 4359 3519 4414 Haac
3548 4360 3691 4414 enim
3720 4359 3766 4414 si

2174 4444 2423 4514 amplecri
2456 4448 2756 4504 voluissent
2783 4452 3004 4522 pr0prio
3033 4461 3087 4506 et
3121 4466 3255 4506 sano
3279 4467 3462 4516 sensu,
3490 4452 3556 4505 ad
3581 4467 3770 4523 repro-
3833 4495 3852 4514 .,

2175 4535 2300 4590 bum
2334 4539 2556 4595 minime
2601 4542 2933 4609 laberentur.
2976 4544 3071 4600 sed
3106 4560 3200 4615 per
3234 4546 3324 4600 Dei
3361 4545 3612 4601 timorem
3662 4559 3772 4602 ser-

467 4644 590 4686 rum
630 4629 969 4684 orationibus
998 4639 1052 4683 et
1083 4638 1298 4683 terrena
1331 4629 1474 4683 bella
1503 4629 1795 4691 sedantur,
1829 4636 1885 4681 et
1922 4642 2074 4683 rece-
2099 4625 2149 4684 D
2179 4644 2398 4686 monum
2425 4649 2645 4688 suorum
2672 4647 3042 4704 prazcaventes
3071 4639 3394 4700 custodiam,
3431 4637 3575 4709 piam
3609 4653 3771 4694 sanc-

469 4721 710 4779 dentium
734 4740 764 4776 a
796 4721 904 4776 Deo
931 4721 1248 4792 angelorum
1282 4721 1556 4791 pelluntur
1577 4721 1846 4781 incursus,
1872 4719 2072 4790 quique

469 4831 661 4875 omnes
692 4815 1001 4885 damones,
1025 4816 1119 4886 qui
1145 4816 1384 4884 corrupti
1411 4823 1564 4878 sunt,
1598 4827 1819 4884 precum
1842 4812 2072 4868 assidui-

471 4922 583 4968 tate
605 4909 942 4968 confundunt
973 4909 992 4981 (
1026 4907 1172 4976 Trip.
1196 4924 1270 4963 vn
1289 4949 1301 4972 ,
1333 4907 1416 4980 9).
1446 4907 1676 4962 lndueire
1703 4923 1934 4977 namque
1961 4922 2068 4963 non

468 5005 572 5062 sub
615 5013 840 5075 angusto
877 5013 1123 5070 tempore
1145 5042 1160 5065 ,
1194 4995 1290 5056 sed
1339 5001 1440 5056 sub
1469 5001 1628 5071 longo
1665 5000 1842 5069 spatio
1877 4995 2072 5056 conce-

475 5099 668 5156 dendae
696 5107 842 5165 sunt,
877 5105 935 5152 ut
965 5097 1206 5150 accusati
1227 5111 1287 5151 se
1319 5109 1620 5165 prteparare
1644 5135 1660 5160 ,
1691 5103 1745 5148 et
1786 5093 2068 5148 universos

465 5194 958 5250 communicatores
987 5191 1039 5244 in
1069 5189 1362 5262 provinciis
1386 5190 1592 5259 positos
1623 5187 1934 5252 convenire,
1961 5195 2069 5242 tes-

464 5295 549 5343 tes
577 5301 903 5357 prazparare,
932 5295 1094 5356 atque
1121 5292 1308 5340 contra
1340 5283 1688 5338 insidiatores
1725 5296 1784 5337 se
1831 5281 2066 5352 pleniter

465 5393 679 5434 armare
705 5378 940 5434 valeant.

545 5470 686 5527 XXI.
727 5471 949 5528 Judices
991 5472 1138 5528 enim
1184 5481 1239 5526 et
1280 5478 1628 5526 accusatores
1665 5481 1787 5523 esse
1843 5465 2061 5530 debent,

465 5564 558 5634 qui
594 5565 740 5618 omni
771 5573 993 5621 careant
1031 5566 1340 5636 suspicione
1367 5563 1590 5637 (Hadr.,
1621 5560 1739 5630 15).
1779 5567 1835 5616 et
1864 5572 1936 5612 ex
1966 5572 2054 5612 ra-

539 5703 555 5733 1
583 5703 741 5733 ,Διλῖκῖ

539 5775 558 5805 ²
580 5719 822 5850 ἒῗῗὲξζιιι
851 5775 1118 5850 principio
1147 5777 1306 5848 hujus
1333 5775 1452 5834 dcc.
1479 5775 1570 5833 ubi
1595 5772 1862 5842 allegatur
1882 5767 2054 5830 Nicas-

461 5861 590 5902 num
619 5848 928 5904 concilium.

2174 4729 2350 4774 torum
2379 4722 2595 4778 Patrum
2625 4725 2998 4784 definitionem
3042 4729 3163 4784 sine
3189 4728 3416 4798 quadam
3451 4729 3770 4785 nocumenti

2174 4807 2595 4882 praeSumptioue
2643 4819 3258 4890 utiqueoconservarent
3294 4838 3307 4874 :
3342 4820 3596 4891 quoniam
3637 4823 3771 4877 dicit

2171 4919 2384 4962 sacrum
2415 4910 2691 4980 eloquium
2721 4930 2736 4968 :
2765 4911 3050 4968 Consilium
3076 4913 3260 4966 bonum
3279 4915 3600 4968 conservabit
3623 4925 3693 4981 te,
3721 4923 3769 4969 et

2171 5015 2313 5054 mens
2342 5001 2476 5056 bona
2501 5005 2755 5060 custodiet
2783 5017 2832 5060 te
2852 5006 3040 5080 (Prov.
3075 5007 3158 5078 ll).
3186 5006 3300 5062 Non
3331 5009 3475 5062 enim
3508 5008 3575 5063 de
3605 5009 3768 5065 fonti-

2172 5091 2273 5148 bus
2303 5094 2547 5164 (Maurus
2578 5097 2835 5166 Cwsenas,
2866 5118 2946 5174 ep.
2976 5102 3032 5154 in
3062 5100 3240 5155 eodem
3267 5100 3440 5173 conc.)
3469 5102 3766 5160 salutiferis

2172 5186 2530 5256 spiritualiter
2568 5191 2635 5245 ad
2680 5193 3097 5263 acquisitionem
3144 5201 3367 5265 retenta:
3407 5195 3530 5248 vita:
3569 5209 3766 5264 proce-

2170 5281 2305 5337 dunt
2337 5283 2472 5341 tales
2513 5289 2892 5344 accusationes
2923 5299 2978 5344 et
3007 5289 3394 5356 detractiones,
3440 5299 3602 5360 atque
3643 5291 3765 5347 ideo

2167 5385 2542 5447 competenter
2573 5396 2671 5437 nos
2697 5383 2756 5436 Β.
2785 5382 2984 5438 Paulus
3014 5383 3334 5450 admonens,
3366 5386 3442 5439 ait
3476 5402 3488 5438 :
3524 5383 3646 5440 Non
3676 5387 3765 5441 de-

2170 5467 2284 5524 bere
2311 5472 2430 5543 plus
2457 5491 2658 5540 sapere,
2689 5493 2841 5544 quam
2887 5487 3084 5550 Oportet
3109 5495 3310 5545 sapere,
3353 5480 3443 5533 sed
3473 5497 3655 5548 sapere
3695 5483 3762 5536 ad

2168 5563 2492 5620 sobrietatem
2521 5567 2697 5638 (Rom.
2727 5570 2848 5643 xu).
2879 5571 2938 5627 In
2967 5573 3279 5630 definitione
3315 5574 3532 5645 pietatis
3557 5577 3759 5647 perdu-

2163 5697 2260 5827 an.’
2286 5697 2590 5829 g‘cgttsdedit
2642 5707 2983 5766 Calaritanus
3039 5721 3193 5764 cons.
3243 5709 3280 5764 2
3347 5724 3504 5767 conc.
3573 5712 3754 5772 Later.
