3998 6350
235 325 314 381 95

1501 325 1862 385 EPISTOL/E
1901 326 1991 385 ΕΤ
2030 328 2372 387 DECRETA.

3497 333 3573 389 26

239 456 460 499 remus.
496 443 603 512 Qui
636 443 789 501 enim
831 443 973 501 hanc
1003 449 1349 515 praetereunt,
1389 456 1494 497 non
1528 453 1733 498 tantum
1765 445 1865 514 ipsi
1893 446 1947 508 Α
1975 464 2067 501 nec
2089 448 2109 478 ³
2143 446 2516 502 vicissitudinis
2543 446 2891 504 obumbratio.
2925 447 3169 512 Portare,
3198 448 3413 516 fratres,
3444 449 3574 506 hor-

241 547 380 591 sunt
411 537 743 593 decidentes
773 553 802 591 a
833 538 1279 593 corroboratione
1318 552 1438 603 sua,
1479 536 1573 591 sed
1606 536 1867 607 insipien-

240 626 336 683 tia:
363 643 485 683 sua:
511 629 934 700 dereliquerunt
959 630 1204 685 omnibus
1231 628 1569 693 memoriam,
1602 639 1659 684 ut
1685 631 1736 684 in
1758 629 1864 698 bis,

242 725 301 781 in
353 729 561 799 quibus
611 737 1000 797 peccaverunt.
1050 728 1269 783 minime
1317 727 1487 781 latere
1538 728 1862 795 potuissem.

243 817 443 874 Gloria
470 822 609 874 enim
624 830 672 875 et
703 821 1015 874 contumelia
1040 822 1092 874 in
1117 819 1317 888 loquela
1342 828 1427 873 :et
1471 820 1525 872 in
1555 819 1732 889 lingua
1772 819 1873 891 Ιιοτ

243 915 435 980 minis,
464 930 619 969 casus
646 914 793 968 illius
818 925 891 969 est
919 913 1145 985 (Eccles.
1171 914 1250 984 ν).
1275 913 1507 983 Ideoque
1536 914 1863 970 conveniens

244 1016 360 1073 est,
400 1008 542 1063 hanc
570 1007 790 1078 quidem
823 1006 1191 1062 ostensionem
1225 1005 1710 1077 reprehensionum
1743 1007 1863 1061 illo-

251 1117 380 1157 rum
416 1103 620 1157 nostris
645 1101 859 1156 actibus
890 1101 1079 1162 inseri.
1114 1116 1181 1154 ne
1222 1100 1448 1155 ulterius
1470 1101 1578 1171 jam
1608 1102 1735 1156 talia
1769 1117 1864 1171 pa-

244 1196 492 1261 tiamini,
526 1193 925 1249 scminautibus
967 1193 1071 1247 illis
1116 1193 1319 1247 zizania
1365 1203 1419 1248 et
1457 1188 1730 1260 scandala,
1764 1194 1859 1249 sed

243 1288 432 1344 ltetari
475 1289 527 1343 in
561 1286 760 1342 ofﬁciis
802 1296 856 1342 et
884 1287 1222 1356 dogmatibus
1268 1288 1465 1341 vestris
1515 1288 1855 1344 mereamini.

249 1379 427 1453 Igitur
477 1380 810 1436 erubescant
841 1380 992 1444 talia,
1037 1387 1094 1434 et
1126 1380 1141 1411 ⁸
1164 1379 1469 1449 hujusmodi
1521 1380 1856 1447 hlastihemia

249 1473 585 1529 subtrahere
610 1473 891 1536 festinent,
924 1473 970 1527 si
1001 1472 1272 1526 noluerint
1300 1487 1328 1525 a
1375 1474 1699 1529 sacerdotali
1731 1488 1859 1529 nos-

252 1574 343 1621 tro
368 1567 602 1635 collegio
631 1566 932 1637 segregari,
975 1575 1028 1620 et
1068 1579 1097 1618 a
1128 1565 1419 1619 Christiani
1453 1566 1636 1636 p0pnli
1678 1569 1857 1621 Socie-

257 1671 370 1717 tate
397 1662 603 1717 divelli.
638 1661 793 1718 Licet
822 1676 1053 1732 namque
1078 1661 1145 1715 de
1185 1660 1267 1715 his
1297 1662 1447 1732 plura
1492 1672 1545 1719 et
1576 1679 1858 1732 perneces-

216 1774 229 1783 ι
261 1757 432 1820 saria,
459 1772 581 1826 qua:
612 1758 665 1811 in
693 1757 929 1812 decretis
954 1755 1099 1810 sedis
1124 1757 1434 1825 apostolicae
1458 1767 1513 1811 et
1542 1759 1611 1811 ab
1638 1767 1855 1827 aposto-

1972 549 2150 596 tamur
2178 540 2319 615 (Jac.
2345 540 2406 613 l),
2436 543 2849 612 persecutiones
2876 553 2926 598 et
2953 541 3329 598 tribulationes
3358 543 3569 613 patien-

1969 642 2073 699 ter,
2108 642 2165 687 ut
2192 635 2310 704 ejus
2351 635 2701 689 inveniamini
2750 635 2870 697 ﬁlii.
2898 652 3057 705 quem
3090 634 3331 707 quotidie
3354 644 3560 705 patrem

1966 728 2172 780 voratis
2202 726 2371 782 Deum
2402 728 2455 782 in
2487 728 2643 782 cmlis
2670 744 2684 793 ;
2717 736 2772 783 et
2810 729 2860 782 in
2890 743 2957 783 eo
2984 729 3211 783 vincatis
3239 729 3442 794 omnia,
3470 728 3563 800 qui

1968 830 2189 890 pr0pter
2217 836 2315 876 nos
2344 822 2475 876 vicit
2502 822 2721 877 omnia:
2757 822 2859 889 Qui
2880 824 3037 876 etiam
3075 824 3288 895 proprio
3316 824 3429 891 ﬁlio
3467 840 3565 879 suo

1966 930 2069 968 non
2122 916 2369 984 pepercit,
2423 913 2513 967 sed
2558 931 2652 984 pro
2700 914 2845 968 nobis
2891 915 3125 969 omnibus
3160 916 3377 971 tradidit
3414 916 3567 970 illum

1964 1006 2142 1078 (Rom.
2176 1005 2321 1078 vtu).
2355 1005 2660 1061 Imitatores
2683 1022 2898 1076 quoque
2923 1006 3018 1061 Dei
3044 1008 3300 1062 convenit
3329 1008 3382 1061 in
3413 1007 3563 1062 omni

1966 1101 2133 1156 verbo
2159 1111 2210 1155 ct
2242 1117 2409 1171 opere
2440 1102 2640 1157 imitari
2674 1101 2841 1156 Deum
2868 1100 3157 1173 (Maximus
3199 1101 3562 1172 Aquileiensis,

1962 1212 2104 1251 cons.
2162 1196 2196 1251 4
2222 1197 2450 1263 eiusdem
2499 1212 2646 1251 conc.
2691 1195 2866 1251 Later.
2911 1211 3048 1249 anno
3087 1193 3192 1250 649
3238 1193 3554 1266 celebrati).

1964 1289 2195 1357 Ideoque
2244 1288 2372 1345 illud
2419 1297 2635 1359 oportet
2681 1302 2780 1343 nos
2824 1288 3026 1352 dicere,
3062 1286 3204 1357 quod
3244 1287 3358 1357 ipse
3386 1286 3455 1342 de
3498 1300 3558 1341 se

1960 1382 2236 1454 perhibuit
2266 1382 2529 1437 Dominus
2559 1400 2572 1436 :
2612 1380 2787 1434 Veniet
2818 1381 3058 1451 princeps
3096 1381 3253 1452 hujus
3280 1377 3483 1443 mundi,
3514 1387 3559 1432 et

1959 1477 2014 1531 in
2039 1493 2118 1531 me
2144 1476 2280 1530 nihil
2323 1476 2546 1530 inueniet
2575 1475 2754 1544 (Joan.
2785 1473 2919 1545 xxv).
2956 1474 3232 1529 Venerunt
3263 1482 3317 1527 et
3348 1472 3427 1527 illi
3467 1474 3559 1543 qui

1957 1587 2058 1626 vos
2096 1583 2149 1627 et
2176 1584 2276 1625 nos
2305 1578 2726 1640 Persequuntur,
2756 1570 2879 1639 quia
2909 1584 3006 1623 vos
3033 1570 3153 1623 sine
3193 1567 3347 1623 nobis
3374 1580 3563 1638 perse-

1960 1664 2050 1736 qui
2103 1680 2209 1719 non
2246 1673 2499 1734 possunt,
2542 1663 2799 1733 quoniam
2839 1662 2995 1717 unius
3041 1661 3137 1716 Dei
3184 1660 3425 1716 membra
3471 1674 3562 1714 su—

1962 1774 2102 1823 mus,
2138 1767 2193 1813 et
2232 1773 2396 1813 unum
2429 1757 2572 1811 illius
2606 1756 2968 1812 sacerd0tium
2993 1754 3225 1826 perejus
3251 1753 3561 1809 sant-tilica-

263 1846 336 1902 Iis
357 1863 651 1919 eorumque
677 1846 1101 1909 successoribus.
1136 1850 1337 1902 nostris
1362 1848 1614 1905 videlicet
1647 1851 1852 1920 pravde-
1882 1858 1932 1919 B
1961 1853 2163 1907 tionem
2195 1855 2512 1918 retinemus,
2543 1859 2598 1906 et
2627 1850 2678 1905 iu
2722 1850 2879 1906 nobis
2905 1849 2973 1905 de
3021 1849 3138 1904 suis
3167 1848 3298 1903 nihil
3332 1846 3557 1903 invene-

269 1942 605 2003 cessoribus,
629 1950 821 1997 statuta
842 1942 1207 2007 inveniuntur,
1231 1942 1412 1998 dicere
1433 1953 1485 1997 et
1506 1946 1855 2001 conscribere

268 2035 659 2103 potuissemus,
696 2045 867 2090 tamen
892 2036 1084 2090 melius
1116 2037 1270 2091 nobis
1299 2037 1471 2092 visum
1500 2047 1603 2101 est,
1660 2050 1719 2094 ut
1740 2043 1857 2109 epi-

255 2126 456 2180 stolam
489 2129 734 2181 oratione
757 2127 1069 2183 claudamus
1099 2126 1301 2199 (Julius
1316 2137 1385 2182 ad
1412 2131 1680 2184 ecclesiam
1702 2132 1851 2186 Alex.

257 2217 304 2272 T
303 2221 403 2287 rip.
432 2234 507 2284 tv,
538 2219 653 2288 29).
699 2220 841 2275 Deus
871 2222 1239 2293 omnipotens,
1272 2232 1326 2277 et
1360 2222 1519 2292 hujus
1549 2223 1856 2294 unigenitus

253 2310 396 2367 ﬁlius
445 2320 502 2367 et
545 2313 797 2369 Salvator
842 2324 1028 2370 noster
1069 2314 1229 2370 Jesus
1268 2314 1540 2381 Christus,
1576 2322 1676 2371 hoc
1706 2317 1857 2373 vobis

258 2406 466 2462 tribuat
510 2408 942 2475 incitamentum,
968 2418 1022 2463 ut
1048 2410 1298 2465 omnibus
1323 2411 1578 2465 fratribus
1594 2420 1649 2465 et
1670 2412 1854 2481 coepi-

249 2503 432 2568 sc0pis
461 2502 684 2569 nostris,
702 2502 1130 2574 quibuscumque
1152 2504 1586 2561 tribulationibus
1606 2507 1857 2561 laboran-

250 2592 412 2659 tibus,
450 2596 580 2648 totis
624 2597 955 2652 succurratis
987 2598 1213 2665 viribus,
1257 2609 1311 2654 et
1351 2615 1473 2654 cum
1519 2602 1599 2655 eis
1633 2616 1856 2673 compa-

246 2685 468 2755 tientes,
501 2702 719 2743 crucem
749 2689 989 2759 ejusdem
1022 2690 1235 2746 Domini
1279 2692 1574 2748 Salvatoris
1604 2698 1850 2764 portetis,

246 2788 303 2833 nt
332 2782 446 2835 veri
477 2780 651 2851 ipsius
681 2781 925 2853 discipuli
946 2798 1128 2837 coram
1161 2785 1414 2840 omnibus
1438 2788 1766 2855 appareatis,
1795 2799 1856 2844 ut

246 2883 299 2927 et
334 2888 456 2935 vos,
494 2881 551 2927 et
580 2874 671 2943 qui
703 2874 979 2929 vobiscum
1011 2886 1157 2941 sunt,
1190 2876 1277 2932 hic
1306 2887 1360 2932 et
1389 2880 1441 2933 in
1473 2878 1650 2935 futuro
1679 2882 1855 2951 possi-

242 2964 418 3020 deatis
445 2966 699 3033 meliora,
728 2984 844 3038 qua
864 2968 1045 3023 oculus
1067 2986 1169 3023 non
1198 2971 1346 3036 vidit,
1378 2988 1467 3025 nec
1492 2974 1544 3026 in
1571 2989 1660 3026 cor
1692 2977 1849 3028 homi-

242 3060 321 3112 nis
351 3060 717 3126 ascenderunt,
752 3077 867 3130 qua:
912 3064 1224 3132 prwparavit
1261 3062 1401 3118 Deus
1432 3066 1763 3138 diligentibus
1798 3086 1853 3123 se

242 3152 286 3225 (l
318 3151 438 3209 Cor.
476 3153 561 3223 ιι),
590 3156 688 3225 per
721 3158 1005 3212 Dominum
1049 3169 1290 3214 nostrum
1322 3160 1507 3215 Iesum
1546 3160 1845 3228 Christum,

1960 1954 2090 2001 runt
2119 1963 2131 1998 :
2156 1946 2280 2015 quia
2310 1942 2569 2015 quidquid
2606 1958 2814 2009 sumus,
2849 1943 3018 2013 gratia
3053 1940 3145 1996 Dei
3191 1955 3398 2008 sumus,
3431 1940 3560 1996 licet

1959 2050 2244 2109 propterea
2276 2037 2588 2093 calumniari
2624 2050 2723 2091 nos
2750 2034 3197 2091 irrationabiliter
3222 2033 3551 2099 studuerint,

1956 2135 2100 2205 quod
2143 2133 2323 2188 facere
2366 2133 2545 2187 solent
2574 2131 2804 2199 inimici,
2834 2145 2985 2185 suam
3015 2144 3083 2185 ex
3128 2130 3229 2183 hoc
3272 2127 3557 2198 cooperire

1956 2228 2284 2284 dementiam
2340 2236 2715 2297 properantes,
2759 2233 3024 2295 quatenus
3075 2238 3171 2293 per
3214 2221 3555 2278 mendacium

1956 2323 2244 2377 veritatem
2310 2320 2524 2374 valeant
2575 2317 2923 2374 obumbrare.
2978 2316 3183 2384 Scripsi
3221 2314 3356 2369 enim
3389 2314 3553 2380 vobis,

1958 2412 2131 2483 inquit
2162 2412 2355 2467 beatus
2383 2411 2685 2481 apostolus,
2710 2427 2802 2479 per
2832 2408 3021 2463 multas
3059 2408 3338 2479 lacrymas,
3371 2423 3474 2460 non
3497 2415 3555 2460 ut

1956 2506 2355 2569 eontristemini,
2398 2504 2486 2560 sed
2527 2513 2580 2558 ut
2627 2505 2825 2568 sciatis,
2851 2519 3003 2573 quam
3050 2501 3353 2555 charitatem
3390 2497 3560 2553 abun-

1957 2600 2170 2653 dantius
2203 2598 2362 2653 habeo
2393 2600 2445 2652 in
2475 2597 2615 2652 vobis
2642 2597 2683 2669 (ι
2714 2595 2835 2652 Cor.
2867 2596 2945 2667 ll).
2983 2595 3196 2651 Etenim
3219 2593 3557 2651 detrahenti-

1956 2690 2058 2748 bus
2131 2693 2422 2748 detrahere
2472 2691 2786 2764 (Deusdedit
2829 2690 3159 2746 Calaritanus
3203 2706 3287 2760 ep.
3340 2687 3554 2759 ibidem)

1957 2801 2064 2841 non
2088 2798 2171 2841 est
2198 2783 2448 2847 bonum,‘
2473 2793 2527 2839 ut
2560 2800 2663 2837 non
2685 2783 2750 2839 ad
2773 2800 2833 2838 ea
2859 2799 2979 2854 quze
3000 2782 3199 2852 scripta
3229 2788 3377 2845 sunt,
3404 2795 3556 2834 com-

1955 2881 2109 2946 moti,
2162 2879 2374 2949 injnrize
2421 2886 2700 2932 certamen
2764 2877 3084 2930 efficiamus.
3133 2873 3250 2930 Non
3291 2873 3556 2929 debemus

1953 2974 2178 3028 omnino
2222 2973 2415 3026 timere
2458 2970 2813 3042 Opprobrium
2854 2969 3130 3023 hominum
3178 2964 3551 3034 (MartinusI,

1954 3083 2096 3122 cons.
2150 3068 2184 3122 5
2234 3065 2473 3136 ibidem),
2550 3079 2726 3134 neque
2790 3078 2977 3117 eorum
3041 3060 3556 3129 esprobrationibus

1951 3163 2117 3226 vinci,
2140 3159 2400 3231 quoniam
2446 3159 2549 3213 hoc
2577 3156 2731 3212 nobis
2763 3155 3027 3210 Dominus
3046 3154 3203 3223 jubet
3229 3167 3327 3222 per
3357 3150 3552 3206 Isaiam

250 3267 349 3322 per
377 3270 536 3322 quem
567 3265 623 3310 et
650 3271 772 3311 cum
813 3274 933 3331 quo.
957 3262 1313 3331 omnipotenti
1348 3263 1460 3317 Deo
1501 3264 1647 3319 Patri
1676 3264 1845 3334 gloria

1954 3254 2300 3326 prOphetam,
2329 3253 2517 3309 dicens
2550 3269 2564 3305 :
2594 3252 2784 3305 Audite
2824 3265 2923 3311 me,
2969 3249 3056 3318 qui
3085 3248 3245 3314 .scitis
3266 3246 3555 3319 judicium,

253 3346 306 3400 in
358 3348 557 3402 saecula
591 3350 940 3417 saeculorum,
989 3368 1168 3409 amen.
1211 3354 1399 3409 Valere
1439 3371 1535 3410 vos
1563 3368 1712 3425 opto,
1743 3356 1849 3409 fra-

252 3447 365 3492 tres
410 3441 741 3496 cliarissimi.
787 3442 917 3496 Data
966 3445 1140 3499 idibus
1167 3446 1513 3515 Februarii,’
1554 3449 1753 3521 Agario
1798 3458 1855 3505 et

244 3530 461 3589 Juliano
491 3534 619 3590 viris
652 3535 976 3591 clarissimis
1005 3540 1342 3594 consulibus.

498 3676 842 3735 EPISTOLA
881 3680 926 3736 II
976 3679 1241 3739 FELICIS
1282 3682 1486 3739 PAWE
1526 3683 1570 3738 ll

332 3808 403 3847 AD
434 3807 648 3849 εοευειι
680 3810 747 3850 ΕΤ
778 3812 847 3851 ΑΙ)
878 3812 1138 3863 ηειιουοε
1168 3812 1355 3855 DOIINI
1383 3816 1744 3857 SACEBDOTES.

241 3922 321 3979 De
354 3927 574 3997 patienti
600 3926 900 3995 stt/ferentia
920 3933 1333 4001 persecutionum
1356 3945 1404 3989 et
1436 3934 1844 3990 tribulationum.

240 4058 394 4116 Felix
445 4071 651 4118 sanctae
696 4063 1021 4120 universalis
1053 4066 1314 4124 Ecclesia:
1352 4085 1513 4141 papa,
1547 4081 1706 4143 atque
1750 4087 1846 4141 per

310 4156 543 4225 gratiam
582 4156 678 4212 Dei
707 4158 989 4215 catholica:
1026 4171 1082 4216 et
1119 4166 1435 4231 apostolicae
1470 4166 1729 4222 Ecclesiae
1757 4184 1846 4223 ur-

310 4250 396 4304 bis
418 4250 608 4305 Roma:
634 4253 945 4322 episcopus,
975 4272 1078 4310 una
1099 4272 1223 4311 cum
1249 4269 1438 4314 sancto
1460 4263 1695 4318 concilio
1719 4279 1844 4318 nos-

312 4354 397 4398 tro
426 4348 1002 4403 reverentissimorum
1033 4352 1399 4417 sacerdotum,
1434 4354 1538 4409 huc
1564 4357 1839 4412 nobiscum

315 4439 758 4493 convenientium
796 4440 1081 4511 (Martinus
1105 4441 1133 4495 1
1167 4460 1302 4515 papa
1339 4446 1395 4498 in
1416 4448 1661 4516 synodica
1695 4465 1839 4507 conc.

314 4530 536 4603 Later.),
592 4533 645 4588 iu
696 4534 1112 4592 conﬁrmatione
1164 4537 1526 4607 piissitnorum
1563 4541 1839 4597 catholicae

1956 3348 2181 3419 populus
2204 3363 2371 3411 meus,
2394 3347 2447 3398 in
2470 3360 2684 3414 quorum
2704 3341 2944 3395 cordibus
2976 3342 3059 3392 lex
3078 3354 3189 3391 mea
3210 3336 3433 3407 est(lsa.
3452 3337 3551 3407 ιι).

1957 3439 2133 3495 Nolite
2175 3442 2354 3493 timere
2396 3436 2729 3509 approbrium
2774 3435 3061 3494 hominum,
3107 3441 3152 3485 et
3206 3429 3555 3499 blasphemias

1951 3550 2131 3588 eorum
2157 3548 2220 3587 ne
2261 3532 2483 3585 timeatis
2506 3528 2678 3597 (Psal.
2713 3527 2887 3596 mu).
2918 3523 3344 3578 Cotisiderantes
3387 3521 3550 3575 etiam

1951 3628 2092 3699 quod
2142 3628 2194 3680 in
2228 3625 2435 3695 psalmo
2466 3621 2728 3691 scriptum
2757 3629 2843 3675 est
2877 3637 2890 3671 :
2928 3616 3115 3672 Nonne
3145 3613 3287 3670 Deus
3327 3614 3552 3684 requiret

1948 3722 2090 3776 ista?
2120 3720 2245 3789 Ipse
2277 3720 2411 3773 enim
2454 3716 2594 3770 novit
2628 3713 2931 3768 abscondita
2957 3709 3151 3775 cordis,
3181 3719 3229 3764 et
3270 3707 3544 3778 cogitatio-

1949 3830 2039 3869 nes
2066 3814 2251 3867 talium
2274 3812 2558 3874 hominum,
2582 3809 2826 3881 quoniam
2851 3821 2997 3861 vana
3020 3813 3160 3859 sunt.
3204 3800 3349 3856 Vana
3374 3813 3548 3855 autem

1950 3907 2157 3962 locutus
2184 3916 2259 3960 est
2293 3906 2642 3975 unusquisque
2676 3902 2744 3956 ad
2782 3901 3076 3972 proximum
3105 3914 3279 3964 suum,
3328 3908 3373 3950 et
3408 3895 3545 3950 labia

1948 3999 2133 4053 dolosa
2162 4000 2213 4053 in
2256 3998 2429 4064 corde,
2461 4008 2508 4052 et
2538 3996 2697 4051 corde
2724 3996 2882 4051 locuti
2925 4003 3044 4047 sunt
3086 3991 3246 4046 mala.
3289 3990 3395 4045 Sed
3438 3990 3548 4043 dis-

1948 4091 2130 4161 perdat
2159 4092 2397 4144 dominus
2422 4091 2660 4144 universa
2685 4088 2824 4142 labia
2857 4087 3059 4151 dolosa,
3105 4093 3153 4138 et
3180 4084 3409 4155 linguam
3440 4098 3551 4135 ma-

1946 4186 2267 4257 gniloquam.
2309 4185 2410 4249 Qui
2451 4184 2717 4249 dixerunt,
2766 4181 2903 4235 labia
2932 4192 3108 4234 nostra
3148 4196 3180 4233 a
3212 4178 3357 4231 nobis
3388 4186 3550 4231 sunt:

1944 4281 2060 4350 quis
2091 4289 2264 4333 noster
2303 4279 2543 4333 dominus
2590 4289 2666 4331 est
2698 4274 2869 4345 (Psal.
2904 4276 3016 4345 x1)?
3061 4273 3192 4329 Nam
3241 4272 3285 4327 si
3332 4270 3449 4325 haec
3490 4269 3545 4325 in

1948 4374 2208 4426 memoria
2255 4372 2581 4436 retinerent,
2628 4369 2855 4423 minime
2895 4367 2961 4421 ad
2996 4375 3199 4419 tantam
3234 4361 3548 4432 prosilirent

1944 4466 2309 4536 iniquitatem.
2340 4466 2455 4519 Non
2480 4466 2621 4518 enim
2657 4462 2909 4535 (ejusdem
2935 4475 3085 4533 papa:
3111 4455 3284 4527 verba)
3305 4471 3399 4525 per
3421 4469 3544 4525 pro-

1944 4560 2179 4614 babilem
2228 4568 2280 4613 et
2321 4571 2601 4625 paternam
2637 4556 2938 4612 doctrinam
2973 4554 3073 4607 hoc
3105 4552 3328 4616 faciunt,
3360 4548 3454 4604 sed
3487 4558 3543 4601 ut

312 4623 570 4680 Ecclesiae
601 4624 937 4696 dogmatum,
972 4639 1029 4684 et
1068 4632 1402 4687 revelatione
1450 4648 1836 4703 Oppressorum
1864 4638 1921 4698 D
1944 4664 2097 4705 suam
2137 4623 2428 4704 exerceant,
2469 4651 2521 4703 in
2563 4663 2757 4704 servos
2793 4648 2883 4702 llei
2920 4646 3236 4701 vindictam.
3266 4640 3545 4707 Scriptum

309 4717 558 4784 fratrum,
582 4721 1032 4790 coepiscopornm
1078 4722 1333 4780 videlicet
1376 4737 1709 4789 nostrorum,
1743 4730 1832 4797 qui

308 4821 510 4865 rectam
542 4811 748 4866 Nicteni
775 4814 988 4868 concilii
1022 4825 1208 4870 tenent
1238 4816 1418 4881 iidem,
1450 4826 1505 4873 et
1528 4819 1619 4889 qui
1643 4818 1835 4877 fratres

309 4920 411 4957 non
466 4902 770 4972 infestant,
829 4907 1099 4962 universis
1153 4909 1527 4977 spiritualibus
1582 4911 1836 4969 fratribus

310 5000 532 5062 nostris,
569 5006 626 5053 et
653 5000 1315 5072 reliquis|in,sacerdotali
1346 5004 1575 5074 collegio
1608 5005 1835 5061 Domino

307 5091 666 5159 consecratis,
701 5102 867 5164 atque
909 5095 1056 5149 omni
1086 5096 1407 5165 plenitudini
1452 5097 1713 5154 Ecclesia:
1740 5113 1834 5155 ca-

310 5185 541 5241 tholicze.

308 5301 491 5357 Gratia
520 5302 679 5357 vobis
704 5310 762 5359 et
788 5318 892 5374 pax
919 5305 1312 5375 multiplicetur
1341 5307 1394 5362 in
1431 5306 1828 5366 eonfortatione

243 5405 292 5450 et
317 5399 485 5453 sancti
516 5398 752 5468 Spiritus
778 5400 1161 5455 communione
1187 5406 1453 5472 quatenus
1490 5405 1542 5458 in
1575 5418 1641 5458 eo
1668 5406 1831 5473 proli-

242 5489 439 5547 cientes
465 5533 480 5557 ,
532 5507 561 5545 a
598 5491 766 5561 gloria
816 5492 871 5546 in
920 5490 1182 5562 gloriam,
1216 5497 1427 5551 virtutes
1469 5498 1830 5553 annuntiemus

243 5585 375 5654 ejus,
406 5586 493 5653 qui
523 5584 590 5638 de
626 5585 847 5639 tenebris
872 5601 969 5638 nos
1014 5587 1207 5640 vocavit
1233 5589 1287 5641 in
1328 5588 1634 5643 admirabile
1662 5589 1831 5644 lumen

244 5689 383 5729 suum
434 5675 476 5746 (Ι
502 5674 618 5729 Pet.
668 5676 755 5747 tt),
814 5676 955 5748 apud
1001 5691 1152 5742 quem
1185 5694 1289 5732 non
1332 5690 1405 5734 est
1446 5681 1828 5748 transmutatio,

316 5794 331 5823 ι
353 5790 415 5863 ab
443 5790 743 5863 hujusmodi
771 5791 1091 5860 blasphemia
1108 5806 1161 5847 se
1185 5791 1300 5847 sub.

316 5864 336 5895 ’
357 5860 561 5918 Nomen
589 5861 794 5919 fictum.

1942 4760 2174 4814 namque
2214 4758 2296 4800 est
2328 4763 2339 4797 :
2372 4744 2471 4798 Via
2500 4746 2644 4798 stulti
2681 4752 2821 4797 recta
2868 4742 2922 4795 in
2953 4740 3120 4795 oculis
3149 4741 3281 4810 ejus.
3325 4734 3395 4789 Et
3423 4744 3544 4788 sunt

1938 4838 2055 4903 vite,
2095 4854 2212 4909 qute
2238 4838 2474 4893 videntur
2500 4838 2698 4892 homini
2728 4839 2898 4905 iusttt',
2929 4833 3207 4888 novissima
3245 4841 3417 4884 autem
3456 4847 3539 4884 ea-

1940 4947 2056 4985 rum
2085 4931 2348 4987 deducunt
2374 4932 2441 4985 ad
2471 4943 2685 4986 mortem
2715 4928 2898 5001 (Prov.
2927 4944 3024 4994 xu,
3060 4927 3188 4996 xiv).
3234 4924 3345 4979 Nos
3388 4924 3533 4978 enim

1939 5028 2029 5096 qui
2076 5026 2192 5082 hare
2232 5029 2488 5097 patimur,
2533 5026 2737 5095 judicio
2769 5025 2860 5079 Dei
2909 5022 3094 5096 (Cone.
3140 5020 3295 5075 Rom.
3330 5033 3412 5083 ut,
3442 5016 3537 5071 sub

1942 5119 2280 5192 Symmacho)
2317 5124 2433 5175 lucc
2468 5135 2746 5176 reservare
2775 5119 3060 5184 debemus,
3082 5118 3169 5186 qui
3213 5114 3389 5169 reddet
3422 5112 3539 5165 uni-

1938 5214 2122 5284 cuique
2164 5215 2441 5269 secundum
2496 5231 2655 5281 opera
2682 5231 2778 5269 sua
2816 5212 3031 5286 (Jerem.
3074 5208 3189 5279 xv).
3222 5208 3321 5274 Qui
3368 5205 3531 5259 etiam

1939 5320 2037 5375 per
2082 5309 2358 5363 ministros
2407 5323 2538 5364 suos
2585 5309 2840 5373 intonuit,
2891 5307 3078 5360 dicens
3113 5319 3126 5355 :
3158 5299 3291 5353 Mitti
3332 5296 3530 5350 vindic-

1935 5413 2061 5470 tam,
2106 5421 2198 5475 ego
2245 5404 2525 5459 retribuam
2566 5403 2744 5474 (Rom.
2789 5405 2906 5469 xu).
2939 5400 3047 5454 Vos
3090 5396 3234 5450 enim
3282 5393 3333 5445 in
3381 5400 3529 5444 recta

1937 5499 2066 5567 ﬁde,
2098 5510 2154 5557 et
2184 5517 2316 5572 pura
2356 5516 2419 5556 ac
2446 5503 2586 5557 bona
2625 5498 2923 5554 succurrite
2951 5495 3228 5547 voluntate
3266 5486 3528 5553 vicissim,

1935 5607 2035 5647 nec
2064 5595 2257 5663 aliquis
2285 5610 2312 5647 a
2342 5595 2727 5664 supplemento
2750 5590 2934 5644 fratris
2954 5580 3240 5639 subtrahat
3266 5594 3487 5634 manum
3515 5598 3529 5633 :

1935 5686 2179 5753 quoniam
2210 5688 2263 5741 in
2292 5687 2410 5752 hoc,
2440 5686 2516 5739 ait
2547 5682 2829 5746 Dominus,
2855 5681 3157 5748 coquoscenl
3187 5688 3383 5739 omnes,
3412 5674 3535 5742 quia

2008 5797 2029 5829 ³
2048 5800 2307 5854 momenti.

1934 5904 1983 5941 ιν,
2007 5867 2204 5926 ‘utne.
