3998 6350
447 311 517 370 27
1641 307 1955 368 SANCTUS
1993 307 2061 368 ﬂ

2163 308 2201 366 ἰ
2242 309 2423 370 [MPA
2465 311 2531 369 ll.

3681 317 3765 373 29

439 431 544 492 mei
589 429 709 488 estis
735 429 1002 499 discipuli,
1030 430 1078 486 si
1108 427 1433 488 dilectionem
1471 427 1758 486 habueritis
1795 426 1865 486 ad
1910 427 2044 486 invi-
2067 429 2117 494 Α
2145 428 2420 496 dentibus,
2447 431 2660 500 injuria:
2684 430 2928 486 fomitem
2977 429 3354 498 exhortemttr,
3382 439 3438 487 et
3463 432 3761 502 pusillani-

445 539 556 580 cent
587 521 771 595 (Ionii.
803 521 949 592 xni).
973 520 1129 582 .Unde
1158 531 1214 580 et
1237 523 1353 592 ipse
1383 536 1479 591 per
1516 520 1836 591 prophetam
1869 520 2047 590 loqui-

451 625 560 684 tur,
593 615 819 674 dicens:
849 615 986 672 Ecce
1024 633 1180 686 quam
1207 617 1416 678 bonum,
1461 624 1507 670 et
1545 630 1697 685 quam
1729 614 2046 688 jucundum,

449 709 684 770 habitare
731 715 918 782 fratres
957 711 1016 766 in
1062 727 1224 766 unum
1279 708 1452 783 (Psai.
1496 707 1725 780 cxxxn).
1767 706 2050 778 Spiritnali

449 804 575 861 dico
605 802 835 877 (Paulus
857 801 974 860 ΕΡ.
999 820 1085 874 ep.
1119 801 1464 860 Monotheiita
1491 801 1560 856 ad
1605 791 2053 872 Tlteodorumya-

455 914 571 970 pam
614 913 754 954 cons.
787 897 820 950 4
851 913 999 953 conc.
1040 894 1245 967 Later.)
1291 894 1599 964 habitaculo
1637 902 1692 950 et
1732 894 2050 963 concordia,

453 1005 574 1060 quae
619 989 672 1043 in
707 989 821 1045 Deo
847 996 951 1050 est,
994 995 1053 1044 et
1083 989 1288 1046 unitate
1336 987 1459 1044 fidei
1501 986 1662 1056 hujus
1691 987 2051 1055 delectabilis,

455 1080 758 1136 secundum
790 1081 1074 1141 veritatem
1121 1079 1494 1142 inhabitaculi,
1529 1088 1680 1148 ana:
1718 1079 1970 1136 videlicet
1999 1079 2052 1136 in

455 1173 637 1236 Aaron
686 1172 858 1242 magis
901 1171 1285 1237 decorabatur,
1333 1183 1493 1241 atque
1533 1170 1922 1238 sacerdotalem
1967 1171 2052 1234 il]?

451 1263 744 1322 duentibus
773 1265 1116 1336 dignitatem,
1148 1267 1288 1320 sicut
1315 1273 1646 1335 unguentum
1675 1278 1840 1334 super
1869 1274 2054 1334 caput,

454 1359 814 1429 principalem
845 1359 1182 1416 intellectum
1211 1359 1462 1428 irrigans,
1489 1367 1543 1414 et
1571 1374 1742 1429 usque
1782 1357 1850 1412 ad
1881 1359 2055 1430 ipsam

459 1459 760 1520 extremam
801 1453 1088 1510 scientiam
1116 1451 1412 1518 deducens.
1443 1451 1502 1506 In
1531 1455 1636 1506 hoc
1666 1452 1812 1508 enim
1845 1451 2059 1508 habita-

463 1544 590 1598 culo
634 1544 1068 1600 benedictionem
1109 1553 1164 1600 et
1193 1554 1454 1602 aeternam
1482 1545 1645 1599 vitam
1675 1544 1926 1613 promisit
1952 1543 2061 1600 Do-

458 1640 662 1698 minus.
697 1637 866 1708 Hujus
897 1651 1026 1707 ergo
1067 1635 1402 1708 projtltetica:
1445 1636 1846 1692 vaticinationis
1887 1637 2057 1692 meri-

461 1747 575 1794 tum
625 1734 1043 1803 ampleaentes,
1087 1733 1381 1788 fraternam
1432 1738 1754 1800 pratsentem
1795 1731 2056 1804 syllabam

2153 522 2343 576 mitate
2369 522 2732 592 dijudicemur
2767 524 2836 579 ab
2859 538 2949 589 eo,
2980 523 3070 594 qui
3097 523 3276 579 omnia
3317 524 3382 580 ad
3422 524 3756 581 charitatem

2147 614 2390 686 dirigere
2415 616 2792 686 promulgavit.
2823 614 3112 672 Oravimus
3139 631 3270 671 vero
3299 627 3353 671 et
3378 626 3507 672 tunc
3541 618 3756 674 ostium

2151 711 2576 766 circumstantia:
2601 711 2760 766 labiis
2787 711 2990 766 nostris
3015 710 3239 779 imponi,
3260 719 3316 767 ot
3347 710 3569 766 verbum
3599 712 3757 766 inso—

2153 805 2325 859 nitum
2369 805 2660 875 concipere
2709 805 2890 875 potius
2939 820 3100 876 quam
3131 804 3398 860 ‘verbum
3447 805 3697 861 sonabile
3731 823 3749 860 :

2153 907 2206 953 et
2247 896 2352 954 hoc
2382 906 2558 953 tamen
2611 897 2740 954 mihi
2772 897 2974 956 donum
3026 905 3112 952 est
3153 912 3183 952 a
3221 896 3466 963 domino,
3501 907 3549 952 et
3578 901 3755 970 factus

2153 1007 2267 1046 sum
2289 995 2420 1046 sicut
2449 992 2602 1048 Immo
2631 1006 2734 1046 non
2761 991 3000 1056 audiens,
3032 999 3080 1046 et
3108 1007 3212 1044 non
3239 989 3430 1046 habent
3457 990 3511 1048 in
3541 1007 3630 1046 ore
3655 1007 3754 1046 suo

2154 1083 2544 1153 redargutiones
2587 1081 2761 1154 (Psat.
2791 1081 2946 1154 xvu).
2991 1081 3100 1140 Sed
3155 1083 3277 1151 quia
3325 1091 3522 1154 tempus
3556 1093 3631 1138 est
3671 1084 3755 1138 to-

2155 1178 2347 1248 quendi
2373 1191 2420 1236 et
2449 1188 2648 1250 teutpus
2675 1179 2879 1233 tacendi
2904 1177 3129 1251 (Ecclcs.
3161 1177 3266 1249 ut).
3289 1179 3477 1248 aperio
3500 1178 3750 1244 verbum,

2155 1280 2206 1331 Bt
2256 1271 2452 1326 claudo
2489 1271 2688 1326 ostium
2737 1285 2836 1341 per
2879 1271 3326 1337 taciturnitatem,
3375 1283 3756 1341 competenter

2157 1380 2393 1422 exorans
2428 1384 2442 1418 :
2475 1364 2714 1430 Domine,
2753 1365 2891 1422 labia
2930 1381 3045 1419 mea
3064 1365 3288 1435 aperies,
3320 1374 3370 1418 et
3411 1365 3756 1432 respondeam

2157 1457 2586 1529 exprobrantibus
2632 1458 2762 1512 ntihi
2796 1457 3003 1513 verbum
3042 1455 3218 1528 (Psal.
3254 1474 3306 1519 ι,
3345 1456 3554 1528 csvut).
3601 1456 3759 1513 Licet

2160 1552 2303 1605 enim
2352 1552 2730 1615 lacuissemus,
2777 1566 2885 1605 non
2941 1565 3158 1620 semper
3203 1558 3384 1606 tamen
3429 1541 3755 1617 tacebimus,

2157 1643 2509 1714 adaperiente
2539 1644 2692 1700 nobis
2719 1643 2940 1702 domino
2959 1643 3141 1700 claves
3166 1643 3337 1700 verbi.
3369 1641 3536 1713 Igitur
3560 1643 3756 1698 directi

2159 1737 2215 1790 in
2247 1738 2498 1804 prmscnli
2543 1752 2574 1790 a
2613 1735 2950 1792 beatitudine
2995 1734 3349 1796 fraternitatis
3376 1747 3572 1796 vestrae
3613 1751 3755 1806 διδυ-
3779 1763 3796 1770 ·

463 1829 840 1900 exposuimus,
865 1835 1050 1882 nostra
1077 1829 1296 1895 propter
1322 1823 1642 1882 charitatem
1674 1824 1895 1879 minime
1915 1840 2060 1894 quaa-
2089 1839 2138 1900 B
2161 1828 2397 1895 crisat'ii,
2432 1839 2553 1898 post
2575 1829 2769 1884 multas
2800 1828 2970 1884 factas
2991 1826 3133 1883 inter
3163 1841 3263 1882 nos
3292 1827 3359 1884 de
3387 1827 3756 1888 ecclesiastica

463 1931 670 1987 rentes,
701 1928 794 1980 aut
835 1917 1140 1989 quaesituri.
1180 1917 1300 1972 Non
1340 1917 1483 1972 enim
1515 1916 1931 1984 detrahentibus
1961 1917 2060 1972 bo-

461 2033 591 2084 num
641 2024 726 2070 est
753 2013 1064 2079 detrahere,
1113 2021 1208 2068 aut
1253 2012 1395 2082 palo,
1448 2011 1746 2067 secundum
1779 2011 2056 2082 vulgarem

463 2109 724 2174 fabulam,
768 2115 1030 2164 excutere
1063 2107 1267 2175 palum.
1317 2105 1495 2162 Absit.
1545 2103 1663 2162 Non
1706 2113 1832 2160 sunt
1871 2113 2056 2158 nostra

461 2205 566 2260 ism
594 2221 606 2256 :
639 2209 974 2273 quapmpter
1025 2200 1142 2262 haec
1189 2210 1399 2268 avertat
1443 2199 1720 2266 divinitas.
1763 2199 1882 2254 Non
1933 2207 2060 2258 sunt

460 2297 640 2356 edocti
673 2296 890 2352 habitus
929 2295 1101 2356 nostri
1145 2295 1218 2350 ita
1256 2295 1498 2360 vincere,
1552 2293 1648 2350 sed
1699 2294 1751 2348 in
1796 2293 2058 2364 patientia

459 2388 886 2460 longanimitatis
916 2396 970 2443 et
1001 2385 1194 2456 spiritu
1232 2386 1588 2448 humilitatis:
1622 2386 1744 2456 quia
1789 2387 1931 2442 sicut
1961 2401 2058 2456 per

459 2483 712 2540 duritiam
756 2483 978 2540 minime
1011 2481 1094 2554 (ut
1123 2481 1440 2551 prophetico
1485 2477 1755 2552 dicamus)
1805 2489 2060 2550 purgatur

463 2576 656 2647 nigella
683 2573 850 2645 (Dan.
881 2573 984 2646 ιιι),
1017 2574 1090 2628 ita
1121 2590 1220 2628 nec
1247 2574 1392 2641 pacis
1421 2583 1709 2643 separatus
1737 2572 1940 2628 fructus
1971 2573 2055 2626 itt-

465 2669 786 2740 telligentim
819 2684 914 2738 per
949 2669 1299 2739 asperitatem
1325 2668 1670 2738 exprimitur.
1702 2667 1932 2738 PrOpter
1959 2667 2063 2723 hoc

463 2764 608 2817 enim
655 2772 710 2817 et
741 2761 1030 2816 verborum
1077 2761 1517 2831 supportavimus
1558 2762 1836 2832 colaphos,
1879 2771 1940 2826 ut
1976 2761 2059 2824 vel

467 2854 725 2926 paulatim
760 2854 1036 2910 valeamus
1065 2869 1187 2909 eum
1222 2854 1444 2916 imitari,
1486 2855 1576 2924 qui
1608 2864 1832 2925 propter
1859 2871 1960 2911 nos
2000 2871 2060 2918 se

465 2945 760 3002 humiliare
800 2945 1054 3015 dignatus
1096 2954 1200 3006 est,
1245 2955 1299 3002 et
1347 2954 1607 3016 extrema:
1652 2946 1791 3008 illius
1836 2947 2061 3008 ultionis

467 3054 564 3108 per
598 3040 735 3093 hanc
769 3039 978 3108 plagam
1008 3037 1171 3092 verba
1200 3037 1554 3093 declinemus.
1589 3038 1887 3100 Audiamus
1907 3054 2057 3110 ergo,

465 3141 520 3188 et
555 3133 958 3194 consentiamus
983 3131 1247 3194 Ecclesia:
1302 3132 1530 3198 oratori,
1564 3133 1654 3203 qui
1699 3148 1793 3202 per
1821 3132 2058 3204 linguam

2161 1922 2516 1992 requisitione
2544 1922 2890 1982 dissonantes
2919 1922 3426 1987 sermocinationcs,
3465 1921 3518 1976 in
3549 1921 3659 1978 fine
3688 1922 3754 1978 ad

2161 2015 2265 2071 hoc
2295 2026 2689 2086 pervenerunt,
2716 2017 3070 2076 admonentes
3093 2031 3192 2072 nos
3237 2025 3401 2086 atque
3463 2017 3747 2072 hortantes

2161 2109 2506 2180 interpretari
2537 2113 2693 2168 unius
2728 2110 2843 2168 veri
2871 2108 3074 2165 Christi
3107 2109 3202 2164 Dei
3247 2107 3422 2166 nostri
3458 2109 3755 2165 voluntatis

2161 2202 2516 2266 intellectum,
2551 2212 2711 2272 atque
2759 2201 3066 2269 huiusmodi
3103 2202 3606 2272 interpretationem
3661 2199 3754 2256 de-

2159 2294 2365 2350 stinare
2395 2303 2590 2350 vestrm
2628 2293 3008 2352 sacratissima:
3051 2293 3407 2356 venerationi.
3437 2291 3548 2358 Nos
3573 2301 3751 2350 autem

2160 2397 2437 2457 acceptam
2483 2388 2746 2448 habentes
2787 2388 2943 2444 bona:
2985 2386 3330 2452 conscientias
3367 2386 3750 2457 praedictorum

2161 2479 2549 2538 venerabilium
2586 2481 2826 2540 virorum
2868 2479 3312 2545 admenitionem,
3359 2491 3752 2550 cognoscentes

2159 2586 2340 2630 autem
2388 2583 2444 2630 et
2499 2589 2619 2644 qum
2669 2573 3001 2644 principatus
3049 2573 3418 2642 apostolorum
3465 2573 3753 2627 summitas

2163 2669 2318 2726 docet
2343 2668 2386 2740 (Ι
2405 2667 2519 2723 Pet.
2554 2671 2656 2736 ml,
2685 2677 2902 2738 paratos
2927 2683 3048 2724 esse
3070 2669 3134 2724 ad
3157 2668 3583 2730 satisfactionem
3607 2667 3750 2724 omni

2163 2763 2408 2832 poscenti
2437 2762 2659 2818 verbum
2685 2761 2753 2817 de
2797 2776 2916 2832 spe,
2945 2775 3068 2832 quae
3113 2761 3164 2815 itt
3214 2763 3372 2816 nobis
3413 2769 3518 2828 est,
3554 2775 3750 2816 socon-

2162 2855 2289 2910 dum
2343 2856 2436 2910 Dei
2486 2857 2768 2922 timorem,
2815 2855 3395 2924 mansuetudinemque
3434 2855 3502 2910 ad
3555 2855 3750 2911 bonam

2161 2949 2442 3010 scientiam
2492 2958 2878 3019 temperantes,
2921 2949 3211 3019 supertin
3253 2948 3632 3008 tantummodo
3675 2964 3756 3004 re-

2162 3043 2454 3112 quisitione
2483 3053 2717 3098 mentem
2748 3052 2988 3112 nostram
3022 3058 3117 3112 per
3147 3043 3242 3096 has
3273 3041 3510 3113 syllabas
3535 3041 3758 3111 esponi-

2165 3151 2316 3198 mus,
2367 3135 2696 3204 superﬂuam
2749 3134 3193 3196 exercitationem
3245 3143 3300 3192 et
3349 3133 3756 3200 altercationem

463 3225 703 3296 Spiritus
729 3225 902 3282 sancti
929 3226 1076 3280 clara
1105 3241 1236 3286 voce
1278 3227 1569 3292 exclamat,
1602 3227 1792 3296 dicens
1819 3245 1833 3283 :
1871 3227 2060 3298 Omnia
2086 3233 2130 3296 ε
2167 3229 2479 3294 verborum,
2512 3236 2732 3300 propter
2757 3226 3060 3282 satietatem
3097 3237 3149 3282 et
3183 3226 3468 3296 praesentis
3501 3225 3758 3294 temporis

461 3318 605 3377 vobis
623 3318 679 3374 in
707 3317 958 3374 charitate
977 3319 1108 3388 ﬁant
1137 3319 1180 3390 (Ι
1207 3319 1324 3380 Cor.
1359 3315 1492 3390 xvi).
1549 3317 1694 3392 Ergo
1722 3321 1838 3376 sive
1862 3322 2060 3391 quaeri-

467 3427 610 3480 mus,
637 3414 755 3468 sive
787 3412 1160 3468 tantumtnodo
1183 3413 1437 3480 dicimus,
1481 3423 1536 3472 et
1565 3415 1942 3478 tantummodo
1967 3429 2064 3470 au-

463 3506 669 3572 dimur,
712 3506 948 3562 charitas
1001 3506 1324 3568 intercedat.
1379 3510 1482 3568 Ars
1522 3507 1698 3577 aliqua
1750 3509 1948 3570 existat
1995 3509 2061 3575 ad

467 3601 921 3668 compositionem
973 3601 1283 3655 concordiae
1320 3601 1448 3660 boni
1498 3611 1554 3656 et
1604 3603 2058 3672 coniunctionem.

467 3692 696 3762 Oportet
739 3692 907 3758 enim,
957 3690 1027 3747 de
1079 3691 1191 3751 Deo
1247 3694 1616 3762 quaerentibus
1667 3694 1826 3756 nobis
1869 3695 2065 3766 spiritu

469 3786 812 3841 rectitudinis
840 3787 1039 3844 mentis
1069 3794 1273 3842 nostra:
1303 3787 1712 3848 dinumerantes
1733 3787 2066 3854 intentiones

467 3881 727 3952 templum
773 3881 998 3951 paciﬁca
1041 3883 1348 3940 inhabitare
1371 3885 1423 3939 in
1456 3900 1578 3956 eum
1625 3897 1847 3956 propter
1877 3886 2065 3944 Domi-

472 3990 598 4028 num
627 4017 642 4040 ,
697 3976 789 4046 qui
845 3993 940 4046 per
987 3976 1306 4047 prophetam
1359 3977 1569 4034 locutus
1619 3988 1702 4034 est
1760 3997 1772 4032 :
1818 3979 2069 4052 augerent

469 4083 662 4138 quaere,
694 4076 744 4124 et
761 4069 905 4138 apud
936 4085 1016 4126 tne
1039 4069 1216 4125 habita
1241 4068 1373 4140 (vlsa.
1400 4086 1513 4138 xu,
1532 4072 1689 4142 juxta
1719 4070 1909 4140 LXX).
1933 4072 2072 4142 Spe-

467 4158 654 4216 culum
685 4160 831 4214 enim
863 4159 1015 4217 dedit
1043 4176 1142 4216 nos
1173 4162 1319 4218 Deus
1349 4162 1555 4232 populo
1602 4178 1724 4229 suo,
1769 4172 1828 4228 et
1853 4173 2071 4236 oportet

471 4265 592 4319 eos,
623 4251 713 4323 qui
759 4267 787 4305 a
820 4252 929 4308 Deo
970 4263 1096 4308 sunt
1123 4253 1367 4325 deputati
1409 4255 1774 4316 sacerdotium
1819 4257 2068 4329 adipisci,

475 4342 552 4398 ita
593 4344 650 4400 in
697 4344 1006 4402 humilitate
1041 4357 1321 4418 gressuum
1371 4351 1567 4410 mentis
1613 4350 1915 4410 adinvicem
1950 4361 2071 4407 ten-

473 4433 630 4502 dere,
654 4444 714 4496 ut
742 4436 793 4490 in
825 4438 1021 4494 melius
1066 4439 1404 4497 aedificentur
1435 4441 1512 4508 hi,
1539 4442 1628 4513 qui
1657 4442 1724 4499 ad
1771 4457 1870 4499 nos
1897 4445 2072 4514 respi-

475 4529 647 4592 ciunt.
689 4544 858 4600 quam
891 4532 1059 4604 (quod
1089 4534 1272 4590 dicere
1301 4536 1322 4567 ’
1347 4535 1513 4607 piget)
1547 4551 1641 4605 per
1689 4546 1929 4594 nostram
1961 4537 2074 4594 dis-

2167 3321 2618 3390 incongruitatem
2643 3360 2657 3382 ,
2699 3319 3033 3384 declinantes
3083 3334 3146 3374 ac
3189 3329 3588 3389 praecaventes,
3629 3317 3760 3375 nihil

2165 3417 2389 3486 omnino
2412 3415 2555 3470 aliud
2580 3416 2963 3485 intelligentes,
2988 3423 3080 3468 aut
3101 3412 3440 3484 proferentes
3457 3412 3542 3468 vel
3570 3411 3760 3468 dicens-

2169 3521 2268 3577 les,
2300 3528 2460 3581 quant
2491 3510 2634 3581 quod
2666 3510 2974 3570 audivimus
3011 3519 3065 3564 et
3101 3509 3455 3579 cognovimus
3500 3522 3530 3570 a
3561 3507 3762 3575 sanctis

2168 3614 2222 3660 et
2253 3602 2650 3658 universalibus
2679 3603 2888 3671 magnis
2907 3600 3188 3670 apostolis,
3220 3615 3518 3682 eorumque
3549 3613 3762 3654 succes-

2169 3698 2406 3762 soribus,
2432 3706 2484 3752 et
2515 3706 2700 3766 patres
2744 3695 2913 3750 nostri
2955 3701 3348 3750 enarraverunt
3378 3692 3555 3760 nobis,
3591 3702 3647 3747 et
3671 3707 3764 3746 au-

2169 3789 2376 3844 dientes
2403 3787 2841 3857 pi-zcdicavimus,
2869 3787 2935 3843 ad
2966 3801 3260 3858 supernam
3290 3785 3582 3841 tendentes
3609 3798 3766 3840 voca-

2172 3883 2396 3956 tionem.
2429 3880 2686 3952 Nostrum
2727 3889 2811 3936 est
2839 3880 3099 3948 studium,
3133 3879 3221 3934 ubi
3255 3878 3404 3956 pacis
3447 3877 3764 3956 constitutio

2170 3983 2352 4029 manet
2396 3974 2501 4040 his,
2533 3973 2624 4044 qui
2658 3974 2711 4026 in
2751 3974 2928 4028 stadio
2976 3972 3189 4044 pietatis
3231 3955 3392 4036 sunt,
3425 3971 3567 4026 bene
3609 3971 3763 4026 unica

2169 4067 2339 4137 gloria
2374 4064 2722 4122 intercessori
2751 4065 3004 4122 tribuitur
3035 4075 3088 4121 et
3110 4079 3331 4119 corona.
3362 4063 3476 4118 Deo
3508 4061 3764 4117 manifes-

2171 4164 2266 4217 tati
2314 4177 2524 4228 sumus,
2559 4161 2647 4231 qui
2675 4160 2880 4232 judicat
2919 4161 3122 4225 omnia,
3158 4169 3212 4215 et
3261 4157 3607 4228 comprobat.
3648 4154 3766 4211 Non

2168 4255 2470 4326 jurgialiter
2494 4265 2724 4319 stamus,
2758 4269 2864 4307 non
2910 4252 2976 4307 ad
3019 4251 3508 4308 contradictionem
3541 4247 3768 4319 respici-

2172 4364 2331 4412 tuus,
2390 4362 2488 4402 nec
2541 4349 2779 4401 favorem
2832 4347 3047 4400 inanem
3106 4341 3656 4414 amplectimnrzsed
3713 4341 3771 4396 in
3837 4327 3841 4331 ’

2173 4442 2341 4497 verbo
2371 4441 2464 4496 Dei
2500 4439 2800 4510 proposito,
2827 4437 3135 4509 hujusmodi
3166 4436 3538 4506 requisitioni's
3563 4435 3774 4490 resolu-

2177 4535 2394 4610 tionem
2411 4534 2604 4589 fecisse
2626 4531 3020 4600 dignoscimur,
3042 4529 3376 4584 confidentes
3399 4530 3652 4599 quoniam
3677 4543 3772 4596 pa-

474 4625 716 4681 cordiam
758 4627 1008 4682 semitam
1042 4627 1235 4697 pedum
1263 4643 1452 4682 eurum
1486 4638 1797 4686 concutere.
1827 4631 1906 4688 Ad
1937 4648 2071 4690 con—
2097 4629 2152 4690 Β
2177 4631 2253 4684 cis
2275 4629 2534 4683 Dominus
2557 4627 2698 4682 Deus
2727 4625 2792 4680 ad
2821 4625 3141 4680 alterutrum
3160 4633 3469 4680 nostrorum
3503 4621 3771 4676 unitatem

473 4718 716 4775 cordiatn
746 4718 1072 4775 inclinemus
1097 4734 1197 4774 nos
1222 4721 1387 4790 ipsos,
1421 4719 1513 4775 ἐι
1533 4737 1696 4778 unum
1721 4723 1775 4779 itt
1806 4722 2072 4784 charitatc

475 4812 770 4882 sapiamus.
825 4811 1196 4868 Humilitatem
1247 4825 1589 4878 veneremur,
1632 4829 1732 4883 per
1770 4830 1929 4884 quam
1975 4829 2075 4885 ape

475 4905 740 4976 prehendi
789 4907 929 4967 solet
975 4906 1207 4972 altitudo
1247 4906 1488 4978 spiritus.
1546 4907 1602 4968 Si
1650 4909 1794 4966 enim
1841 4910 2074 4980 amplius

475 5014 648 5070 usque
677 4997 856 5056 adhuc
883 5000 1328 5064 taciturnitatem,
1366 5015 1531 5070 quam
1562 5001 1853 5060 verborum
1882 5018 2076 5073 garru-

471 5093 685 5150 litatem
715 5091 1070 5169 l’diletsimus,
1117 5092 1222 5152 hoc
1251 5091 1468 5164 quidem
1512 5095 1653 5158 bene
1693 5094 1894 5158 habere
1923 5096 2072 5154 arbi-

474 5189 602 5245 trati
654 5201 864 5260 sumus,
905 5202 975 5248 ne
1021 5186 1242 5258 scriptis
1280 5187 1478 5246 vestris
1515 5189 1795 5260 reciproca
1839 5206 2074 5264 respon-

546 5349 563 5380 ¹
588 5345 834 5420 ALqui;
859 5346 930 5402 al.
958 5345 1115 5418 quod.

543 5421 564 5450 ¹
591 5419 746 5488 pudet
815 5425 818 5430 ’

546 5489 569 5522 ³
587 5499 646 5543 ut

2178 4735 2228 4778 et
2253 4721 2602 4777 dilectionem
2645 4720 2992 4776 conservabit
3013 4721 3064 4774 in
3095 4719 3267 4786 gloria
3295 4717 3414 4787 ejus
3445 4715 3774 4788 benignissi-

2177 4833 2278 4870 mzc
2328 4816 2648 4887 maiestatis.
2687 4815 2915 4870 Omnem
2959 4829 3080 4868 cum
3118 4821 3291 4868 vestra
3331 4811 3670 4865 beatitudine
3713 4809 3771 4863 in

2175 4909 2397 4964 Christo
2445 4909 2768 4963 existentem
2833 4905 3250 4966 fraternitatem,
3300 4914 3406 4956 tam
3458 4915 3579 4967 nos,
3609 4913 3774 4970 quam

2177 5002 2266 5070 qui
2299 5001 2579 5056 nobiscum
2613 5010 2759 5066 sunt,
2791 4998 3016 5053 multum
3061 4996 3382 5052 salutamus.
3439 4993 3570 5047 Data
3601 4991 3635 5046 8
3669 4990 3772 5045 ka-

2177 5101 2320 5157 lend.
2350 5099 2692 5166 Novembris,
2718 5097 3037 5154 Philemone
3063 5095 3148 5151 'et
3176 5093 3352 5150 Attico
3379 5091 3513 5146 viris
3535 5086 3774 5145 clarissi-

2177 5195 2283 5250 mis
2309 5193 2645 5250 consulibus.

2251 5349 2273 5380 ‘
2295 5349 2648 5404 dilemerimus.

2248 5421 2436 5498 l{uerbo
2465 5420 2820 5498 inuigileninet.
2925 5487 2938 5498 _
3001 5487 3014 5498 _
3200 5481 3214 5498 ο

2249 5493 2272 5536 β
2295 5490 2502 5550 Nomen
2533 5487 2688 5550 lastis
2713 5487 2972 5545 Romanis
3000 5487 3354 5558 incognitum.
