3998 6350
386 271 454 332 si
1229 275 1320 334 ns
1356 274 1706 336 FAUSTIND
1741 274 1834 334 ET
1870 274 2310 337 MARCELLINO
2346 261 2905 340 rnomcousua.‘
3622 281 3702 339 δε

390 391 856 451 auctoritatemss.
883 391 1098 450 Thuan.
1121 401 1176 450 et
1200 392 1434 450 Vindoh.
1461 393 1718 450 Faustino
1736 395 1996 452 asseritur
2023 405 2073 468 Α
2101 411 2420 466 cccuxxiv,
2469 377 2782 469 supremum
2831 399 2975 456 diem
3019 397 3277 456 clauserit
3319 407 3542 457 sanctus
3592 398 3701 456 Da-

391 484 482 543 bic
502 486 1052 558 libellus;exstatque
1070 495 1330 558 prmterea
1354 489 1408 543 in
1429 495 1646 544 vetusto
1669 489 1859 546 codice
1881 491 1992 544 Au-
2099 504 2317 556 masus;
2368 489 2471 546 hoc
2500 490 2803 562 ipsoanno
2834 492 2992 548 facile
3021 493 3235 548 oblatus
3260 493 3421 549 fuerit
3456 495 3602 550 idem
3634 494 3703 550 li-

389 579 761 653 giensi,quem
784 580 1013 651 inspexit
1036 579 1382 637 Mabillonius
1405 581 1790 653 (a).Scriptum
1815 592 1993 638 autem
2097 581 2272 639 bellus
2306 601 2319 638 :
2359 591 2453 638 aut
2486 584 2704 652 saltem,
2738 593 2796 640 ut
2836 601 2958 641 cum
2981 587 3098 640 viro
3134 585 3347 642 erudito
3374 587 3569 657 loquar
3593 585 3698 658 (lt),

391 673 669 730 existimat
695 672 898 728 codicis
930 673 1074 728 illius
1093 673 1272 729 editor
1294 673 1433 730 inter
1459 691 1631 731 annos
1655 691 1920 732 cccuxtx
1941 687 1996 732 et
2095 691 2240 732 anno
2274 675 2490 746 quidem
2531 692 2831 733 cccuxxm
2875 686 3158 748 porrectus
3191 678 3322 744 fuit;
3372 679 3698 747 rescriptum

393 781 684 834 cccuxxt,
714 781 820 836 quo
843 775 1090 838 tempore
1127 767 1338 823 scilicet
1369 767 1771 838 Eleutherolioli
1814 786 1997 827 versa-
2099 784 2230 824 vero
2260 768 2551 824 Theodosii
2575 770 2717 838 quod
2738 769 2803 825 ad
2828 771 3030 826 calcem
3067 770 3235 826 libelli
3262 779 3464 838 exstat,
3495 770 3563 825 ad
3593 769 3702 843 Cy-

391 856 555 914 batur
581 857 906 924 Faustinus,
936 859 1025 916 ubi
1055 871 1110 915 et
1139 860 1466 930 exagitatum
1497 877 1557 916 se
1587 864 1832 932 queritur
1862 865 1936 937 (b)
1962 879 1991 919 a

391 953 648 1012 Turboue
668 953 813 1010 illius
841 955 993 1010 urbis
1017 955 1308 1026 episcopo:
1343 974 1361 1008 ‹
1391 956 1470 1011 Ex
1493 972 1622 1028 quo,
1653 959 1848 1030 inquit,
1871 969 1994 1016 nata

393 1049 624 1107 fortasse
641 1050 856 1105 occasio
879 1049 1183 1107 condendae
1209 1050 1567 1107 confessionis
1614 1053 1736 1109 tidei
1772 1054 1995 1126 ejusque

393 1142 673 1200 mittenda:
696 1143 763 1198 ad
787 1143 1177 1211 Theodosium,
1197 1145 1352 1214 cujus
1371 1146 1588 1201 nomine
1608 1157 1662 1202 et
1677 1150 1995 1206 auctoritate

394 1250 549 1291 usum
573 1251 696 1292 esse
717 1235 982 1292 adversus
1002 1237 1377 1295 schismaticos
1397 1241 1736 1312 episcopum,
1761 1257 1993 1314 pronum

396 1344 482 1392 est
503 1337 840 1392 existimare.
881 1356 902 1390 ι

467 1426 558 1483 ιν.
603 1447 624 1482 ‹
658 1427 890 1500 Scripsit
914 1430 1079 1486 etiam
1113 1430 1405 1488 Faustinus
1436 1431 1654 1498 librum,
1698 1447 1858 1503 quem
1889 1432 1997 1489 Va-

399 1520 702 1579 lentiniano
729 1531 782 1578 et
811 1523 1043 1580 Arcadio
1071 1525 1508 1596 imperatoribus,
1554 1541 1652 1598 pro
1681 1526 1997 1583 defensione

399 1623 645 1679 suorum,
675 1628 798 1668 cum
826 1613 1142 1670 Marcellino
1169 1616 1399 1687 quodam
1430 1619 1746 1690 presbytero
1775 1618 1993 1676 obtulit.

400 1703 482 1760 Ex
505 1719 612 1776 quo
632 1707 940 1762 ostenditur
962 1707 1302 1765 Luciferiano
1319 1711 1598 1766 schismati
1619 1714 1991 1769 coiiseusisse:

2095 865 2311 934 negium
2359 862 2670 934 praefectum
2701 865 2979 934 praetorio,
3009 879 3184 935 usque
3213 863 3280 919 ad
3318 864 3698 932 insequentem

2097 970 2298 1010 annum
2344 971 2673 1022 ccccxxxtv,
2715 973 2822 1025 quo
2857 954 3131 1028 Cynegius
3173 970 3204 1009 a
3235 954 3415 1010 medio
3442 954 3701 1010 Januario

2095 1065 2214 1104 eam
2246 1049 2556 1120 dignitatem
2577 1048 2808 1103 obtinuit
2835 1047 3144 1121 (l),diﬂ‘erri
3168 1048 3393 1118 contigit
3419 1064 3431 1100 :
3466 1050 3701 1104 maxime

2098 1143 2421 1212 siejusmodi
2464 1143 2740 1213 negotium
2782 1142 3091 1197 nonnullam
3122 1155 3301 1195 causae
3330 1140 3697 1210 cognitionem

2098 1236 2398 1306 requirere,
2443 1250 2542 1290 nec
2572 1234 2814 1305 expediri
2847 1233 2917 1290 de
2953 1233 3116 1303 plano
3143 1232 3345 1288 debere
3383 1230 3699 1302 imperatori

2097 1329 2270 1384 visum
2302 1329 2534 1385 fuisset:
2577 1343 2684 1398 quo
2715 1337 2922 1399 spectat
2972 1327 3008 1382 l.
3040 1343 3116 1393 ix,
3153 1325 3181 1398 ᾗ
3227 1327 3278 1391 1,
3313 1325 3376 1380 1).
3421 1325 3486 1381 de
3535 1324 3697 1397 Ofﬁc.

2098 1442 2244 1499 prae.
2276 1425 2350 1480 lta
2382 1426 2506 1480 sive.
2526 1441 2669 1480 anno
2699 1439 3027 1489 cccuxxm,
3057 1423 3171 1482 sive
3193 1436 3530 1481 cccuxxtv.
3559 1419 3703 1476 Mar-

2098 1519 2331 1575 celliuus
2353 1529 2406 1574 et
2433 1519 2727 1575 Faustinus
2755 1533 2912 1574 suum
2942 1518 3086 1573 hunc
3107 1517 3350 1572 libellqu
3383 1533 3480 1586 pro
3509 1514 3702 1572 defen-

2099 1614 2252 1670 sione
2283 1613 2748 1670 Luciferianorum
2776 1627 2955 1668 causae
2983 1611 3347 1666 tradiderunt.

2171 1707 2238 1763 γ.
2271 1707 2389 1763 Jam
2433 1723 2565 1763 vero
2613 1723 2796 1764 sermo
2845 1707 3126 1762 habendus
3168 1705 3237 1760 de
3277 1703 3593 1774 prmfatione
3627 1704 3707 1761 ei-

399 1798 522 1869 quia
551 1798 809 1854 Hilarium
834 1800 1225 1858 Pictaviensem
1253 1814 1306 1860 et
1331 1804 1614 1860 Damasum
1638 1806 1789 1860 urbis
1813 1805 2001 1862 Romae
2031 1805 2080 1865 Β
2109 1801 2230 1856 dem
2278 1801 2462 1856 libello
2509 1803 2727 1871 praafixa
2746 1843 2761 1868 ,
2818 1817 2938 1871 qme
2971 1803 3024 1856 in
3071 1800 3388 1856 narratione
3427 1797 3702 1855 Ursiniani

398 1888 686 1960 episcopos
717 1891 769 1946 in
798 1906 987 1948 eorum
1019 1894 1157 1950 libro
1185 1896 1398 1967 culpat;
1443 1897 1596 1968 quasi
1635 1899 1774 1954 male
1803 1912 2002 1954 consu-

400 1977 604 2036 luerint
637 1980 917 2052 Ecclesiae,
949 1985 1092 2056 quod
1135 1987 1578 2057 praevaricatores
1619 1991 1903 2062 episcopos
1948 1991 2002 2046 in

399 2074 840 2131 communionem
881 2086 937 2133 et
981 2080 1365 2146 sacerdotium,
1419 2084 1564 2153 pacis
1615 2083 2002 2155 recuperandae

400 2167 592 2238 gratia,
627 2171 978 2240 recepissent.
1010 2172 1164 2239 Quod
1209 2173 1562 2230 Luciferianis
1602 2176 1672 2231 ita
1703 2176 1999 2248 displicuit,

401 2259 650 2330 recipere
676 2263 962 2334 episcopos
989 2266 1079 2334 qui
1104 2265 1158 2321 iu
1181 2267 1510 2325 Ariminensi
1533 2270 1766 2326 concilio
1787 2269 2004 2327 Arianis

401 2355 952 2423 communicaverant,
1001 2373 1111 2429 quo
1158 2359 1320 2416 modo
1369 2359 1682 2418 Novatianis
1729 2372 2005 2433 apostatas

403 2449 748 2519 pmnitentes.
788 2469 808 2502 ι
852 2451 1028 2508 Verba
1080 2464 1206 2509 sunt
1251 2452 1516 2510 Gennadii
1545 2454 1640 2530 (τ).
1675 2457 1750 2512 De
1781 2459 2007 2514 Marcel-

403 2539 517 2598 lino
546 2550 725 2598 autem
750 2543 872 2599 vide
903 2545 979 2600 sis
1004 2545 1270 2601 incertum
1296 2559 1600 2615 auctorem,
1631 2550 1721 2620 qui
1751 2549 2004 2621 appendi-

405 2647 523 2688 cem
556 2633 622 2687 ad
655 2631 922 2690 lsidorum
957 2647 1012 2691 et
1040 2637 1372 2694 lldel’onsum
1403 2642 1654 2712 apposuit
1696 2643 1796 2714 (ά).
1839 2641 2007 2698 Porro

407 2725 627 2782 libellus
669 2726 758 2782 hic
793 2728 1172 2786 Valentiniano
1220 2747 1277 2798 ιι,
1321 2732 1629 2788 Theodosio
1675 2744 1732 2790 et
1773 2734 2008 2792 Arcadio

407 2821 655 2891 angustis
681 2821 995 2893 inscriptus,
1024 2833 1304 2895 porrectus
1335 2826 1499 2882 fuisse
1519 2824 2006 2900 Consmntinopoli,

407 2913 654 2986 adeoque
703 2913 1037 2983 Theodosio,
1091 2933 1160 2972 ex
1199 2928 1454 2974 contextu
1498 2923 1847 2991 Comperitur.
1906 2923 2011 2978 Lo-

410 3016 640 3076 quentes
657 3008 801 3062 enim
831 3007 887 3063 lii
914 3009 1218 3082 presbyteri
1248 3010 1574 3068 Lucil‘eriani
1605 3014 1673 3069 de
1701 3015 2009 3070 Alexandro

409 3099 670 3165 antistite,
720 3100 873 3170 cujus
903 3102 1154 3172 precibus
1193 3103 1395 3174 impius
1423 3104 1586 3161 Arius
1635 3108 1837 3163 interiit
1886 3109 1957 3182 (e)
1993 3127 2006 3164 :

2103 1903 2292 1950 contra
2336 1895 2621 1950 Damasum
2661 1895 2971 1952 schismatis
3016 1902 3124 1948 tota
3169 1903 3432 1948 versatur.
3457 1890 3556 1948 Cui
3587 1891 3704 1962 qui-

2104 1989 2228 2045 dem
2264 1988 2562 2060 praefationi
2594 1989 2814 2060 conjicit
2840 1989 3216 2046 Tillemoutius
3248 1989 3342 2060 (ιη)
3363 2029 3377 2052 ,
3407 1989 3541 2042 nihil
3573 2001 3696 2044 esse

2104 2098 2225 2139 cum
2256 2082 2440 2139 lihello
2485 2097 2807 2148 commune;
2835 2082 3082 2153 adeoque
3117 2082 3430 2153 suspicatur
3456 2079 3702 2136 eamdem

2107 2177 2483 2250 prazfationem
2511 2187 2604 2234 aut
2631 2193 2756 2234 esse
2779 2177 3003 2233 alterius
3031 2179 3214 2248 operis
3232 2219 3247 2242 ,
3279 2185 3373 2231 aut
3401 2177 3443 2231 si
3485 2175 3704 2247 quidem

2106 2269 2331 2339 hujusce
2362 2270 2534 2326 libelli
2565 2271 2671 2335 sit,
2699 2285 2728 2324 a
2759 2268 2980 2324 diverso
3009 2271 3166 2339 plane
3187 2279 3411 2324 auctore
3433 2269 3706 2339 posterius

2107 2361 2372 2415 additam.
2408 2361 2570 2431 Atqui
2618 2357 2973 2414 eruditissimi
3019 2357 3120 2411 viri
3159 2354 3488 2426 cunjecturae
3533 2352 3707 2408 minus

2108 2452 2297 2506 solidae
2341 2453 2470 2507 visae
2515 2461 2640 2507 sunt
2667 2449 2946 2505 Mazochio
2982 2447 3046 2505 V.
3075 2446 3136 2502 C.
3168 2446 3263 2519 qui
3289 2455 3576 2518 propterea
3612 2461 3706 2502 ea-

2109 2560 2231 2600 rum
2255 2543 2474 2600 levitate
2502 2543 2896 2612 demonstrata,
2924 2543 3252 2598 sententiam
3275 2557 3430 2596 suam
3462 2541 3532 2596 ita
3563 2555 3708 2596 sum-

2110 2639 2298 2694 matim
2327 2640 2550 2709 exponit
2578 2641 2660 2710 (n)
2694 2657 2709 2694 :
2743 2657 2762 2691 ι
2802 2639 2986 2710 Stylus
3015 2637 3106 2708 qui
3137 2638 3349 2706 utrique
3395 2635 3530 2706 parti
3560 2635 3710 2690 αὐτὸ·

2109 2754 2262 2791 τατος
2289 2741 2408 2802 est,
2456 2733 2616 2802 plane
2663 2732 2940 2796 clamitat,
2985 2730 3358 2800 praelationem
3395 2728 3466 2784 ab
3506 2727 3708 2783 eisdem

2109 2826 2423 2881 auctoribus
2471 2841 2502 2880 a
2547 2825 2744 2896 quibus
2799 2824 3016 2879 libellus
3065 2833 3188 2890 est,
3222 2836 3345 2878 esse
3394 2822 3707 2891 profectam.

2112 2919 2218 2976 Sed
2268 2929 2447 2974 tamen
2491 2933 2556 2974 ea
2603 2934 2710 2974 non
2751 2925 2878 2973 ante
2919 2918 3120 2988 scripta
3145 2925 3201 2972 et
3229 2914 3446 2987 praeﬁxa
3475 2915 3602 2970 huic
3641 2915 3708 2968 li-

2111 3011 2256 3067 bello
2299 3011 2434 3079 fuit,
2474 3026 2635 3081 quam
2681 3025 2749 3065 eo
2791 3019 3017 3079 accepto
3047 3009 3388 3065 Theodosius
3413 3024 3568 3064 suum
3599 3016 3716 3062 tau-

2113 3103 2236 3159 dem
2275 3105 2582 3174 evulgasset
2635 3099 2734 3174 pro
2781 3102 3097 3160 Marcellino
3136 3112 3192 3158 et
3220 3101 3479 3158 Faustino
3521 3102 3714 3158 rescri-

414 3190 540 3247 Non
564 3195 654 3248 ille
672 3195 992 3265 Alexander,
1021 3197 1289 3268 inquiunt,
1307 3201 1392 3270 qui
1416 3202 1511 3272 fuit
1539 3202 1725 3258 divina:
1751 3204 1876 3272 ﬁdei
1904 3206 2013 3272 epi-
2037 3201 2083 3261 C
2119 3209 2288 3269 plllm-
2321 3197 2476 3254 Tunc
2514 3199 2658 3253 enim
2694 3213 2824 3253 vero
2856 3198 2910 3253 lli
2947 3198 3052 3252 duo
3082 3196 3181 3252 \‘iri
3206 3197 3275 3253 de
3302 3212 3560 3268 prOSpcro
3589 3211 3716 3252 suc-

412 3303 600 3358 scapus
648 3289 703 3342 in
745 3291 1182 3359 Alexandria,....
1236 3297 1326 3348 sed
1351 3293 1447 3348 iste
1489 3294 1802 3365 Alexander,
1833 3298 1920 3368 qui
1958 3312 2010 3353 IN

415 3393 518 3436 mc
558 3397 696 3437 unus
742 3381 1387 3443 Consnn'rmorounua
1432 3390 1530 3460 fuit
1569 3399 1617 3444 et
1653 3391 1762 3461 ipse
1780 3391 2011 3445 admiro-

417 3472 533 3527 bilis
563 3477 854 3547 episcopus,
885 3486 992 3532 etc.
1031 3477 1161 3544 Quae
1193 3465 1412 3550 quidem
1458 3483 1560 3536 loci
1607 3483 2013 3540 circumstantia

416 3581 485 3623 ex
513 3567 776 3638 rescripto
805 3571 965 3625 unius
997 3570 1278 3628 Theodosii
1313 3573 1382 3630 ad
1411 3575 1615 3630 calcem
1642 3575 1811 3632 libelli
1849 3591 2016 3648 appo-

417 3664 524 3720 sito
553 3665 925 3722 conlirmatur.

497 3759 572 3813 De
597 3768 843 3831 tempore
876 3770 1057 3820 autem
1085 3777 1192 3834 quo
1219 3763 1453 3835 scriptus
1483 3763 1648 3822 fuerit
1693 3765 1833 3823 idem
1865 3767 2018 3824 libel-

419 3851 526 3921 lus,
557 3855 608 3908 id
637 3869 768 3910 vero
798 3856 1136 3914 inter‘annos
1165 3872 1477 3915 cchxxxm
1505 3872 1560 3915 et
1586 3875 1884 3917 CCCLXXXIV
1913 3864 2016 3917 cir-

419 3949 894 4005 cumscribenduin
961 3950 1194 4006 videtur.
1244 3953 1482 4008 Primum
1527 3956 1672 4010 enim
1720 3957 2015 4024 Arcadius,

421 4054 562 4122 unus
599 4056 664 4096 ex
692 4041 863 4096 tribus
894 4041 1312 4112 imperatoribus
1357 4045 1552 4116 quibus
1590 4047 1804 4103 oblatus
1837 4047 2022 4118 hujus-

421 4134 568 4190 modi
607 4135 823 4194 libellus
873 4154 1116 4210 precum,
1168 4142 1402 4198 nondum
1455 4145 1796 4200 renuntiatus
1847 4143 2021 4202 fuerat

419 4227 696 4300 Augustus
720 4246 751 4284 a
779 4231 1087 4288 Theodosio
1120 4243 1273 4305 patre
1297 4245 1422 4292 ante
1460 4252 1660 4313 annum
1691 4252 2018 4304 cccexxxm,

380 4383 382 4385 ,
422 4329 481 4375 ut
507 4330 630 4390 post
656 4322 944 4381 Baronium
976 4325 1046 4399 (Ῑ)
1077 4327 1412 4385 demonstrat
1440 4329 1642 4402 Pagius
1681 4330 1782 4406 (g).
1816 4331 2023 4387 Deinde

421 4428 573 4481 vero,
603 4416 818 4473 vivente
843 4419 1020 4476 adhuc
1053 4421 1283 4478 Damaso
1311 4423 1558 4480 Romano
1579 4426 1856 4501 pontifice,
1889 4424 2026 4482 scri-

423 4512 547 4576 ptus
576 4505 744 4564 fuisse
769 4509 986 4566 videtur
1012 4528 1079 4568 ex
1109 4515 1192 4570 his
1221 4516 1404 4572 verbis
1429 4532 1550 4588 qua:
1589 4519 1640 4572 iu
1669 4533 1736 4574 eo
1771 4519 2024 4590 leguntur

2115 3306 2273 3346 cessu
2321 3292 2689 3358 exsultantes,
2731 3306 2900 3362 quum
2939 3305 2970 3346 e
3019 3306 3074 3345 re
3103 3304 3197 3344 sua
3245 3287 3366 3344 fore
3406 3290 3711 3355 ducerent,

2115 3384 2161 3440 si
2185 3385 2399 3441 libellus
2421 3402 2525 3440 una
2545 3401 2668 3441 cum
2691 3386 2939 3456 subjecto
2963 3385 3227 3454 rescripto
3249 3386 3303 3438 in
3334 3385 3528 3454 vulgus
3557 3399 3712 3452 spar-

2115 3488 2370 3550 geretur;
2397 3479 2450 3534 id
2476 3488 2531 3532 ut
2560 3479 2737 3548 aptius
2766 3479 3070 3544 efficerent,
3103 3478 3450 3533 instrucudos
3471 3477 3576 3534 sibi
3612 3478 3720 3533 lec-

2120 3579 2267 3626 tores
2313 3571 2413 3626 hac
2451 3571 2568 3642 ipsa
2612 3571 2926 3641 praefatione
2975 3579 3228 3642 putarunt
3254 3570 3323 3626 de
3359 3570 3528 3625 initiis
3575 3570 3721 3625 cala-

2123 3661 2329 3717 mitatis
2375 3677 2510 3718 sum.
2559 3663 2695 3718 Nam
2744 3664 3094 3735 presbyteros
3161 3664 3294 3717 istos
3344 3670 3470 3716 tunc
3504 3661 3718 3732 quidem

2119 3755 2500 3813 Luciferianos
2518 3772 2640 3814 esse
2666 3800 2682 3827 ,
2713 3773 2904 3814 omnes
2931 3766 3155 3823 norant,
3185 3767 3241 3812 et
3281 3755 3498 3813 libellus
3546 3755 3601 3811 id
3630 3771 3722 3826 pa-

2122 3849 2228 3905 lam
2278 3851 2556 3920 profitetur
2591 3870 2604 3906 :
2635 3861 2690 3907 at
2728 3852 2950 3907 eosdem
2980 3851 3124 3922 ,olim
3159 3850 3480 3906 Ursinianos
3509 3850 3676 3905 fuisse
3701 3890 3718 3916 ,

2123 3955 2180 4000 et
2217 3953 2409 4000 contra
2441 3947 2734 4001 Damasum
2763 3955 2890 4002 ante
2941 3946 3128 4017 viginti
3158 3961 3334 4000 annos
3369 3945 3680 4001 decertasse
3706 3987 3722 4012 ,

2125 4057 2232 4096 non
2261 4042 2511 4097 omnibus
2537 4055 2874 4112 compertum
2904 4053 3055 4108 erat;
3088 4053 3143 4098 et
3190 4043 3236 4098 si
3281 4043 3372 4114 qui
3397 4043 3449 4098 id
3479 4044 3722 4109 scirent,

2125 4135 2161 4191 ii
2187 4177 2202 4198 .
2233 4138 2466 4192 maxime
2495 4142 2780 4210 consopita
2829 4141 2938 4210 jam
2988 4140 3279 4196 schismate
3305 4182 3320 4206 ,
3351 4141 3618 4212 :equiores
3665 4153 3728 4195 se

2125 4229 2378 4296 Damasi,
2404 4247 2564 4302 quam
2601 4231 2780 4288 Ursini
2806 4249 2982 4289 causre
3016 4233 3350 4305 praebebant.

2204 4342 2223 4376 ι
2259 4324 2445 4396 Itaque
2482 4329 2533 4381 in
2578 4326 2681 4382 hoc
2720 4328 2945 4399 prologo
2971 4343 3084 4384 rem
3121 4342 3342 4382 onmem
3364 4328 3432 4383 ab
3454 4327 3610 4382 initio
3635 4341 3729 4382 re-

2125 4429 2352 4491 petunt,
2378 4436 2442 4477 ac
2461 4421 2530 4477 de
2558 4422 2720 4478 rebus
2743 4421 2872 4477 olim
2899 4421 3067 4492 gestis
3108 4420 3161 4476 in
3209 4419 3424 4476 Damasi
3452 4429 3508 4474 et
3544 4419 3732 4476 Ursini

2128 4512 2356 4569 discidio
2391 4515 2548 4585 cujus
2591 4516 2692 4584 ipsi
2727 4529 2853 4584 pars
2897 4513 3156 4582 fuerunt,
3199 4514 3414 4585 longam
3461 4513 3734 4569 narratio-

423 4596 546 4669 (h):
580 4598 687 4654 Sed
733 4611 780 4654 et
824 4617 1018 4670 nurse,
1062 4605 1312 4676 inquiunt
1340 4607 1666 4664 Luéiferiani
1699 4609 2020 4682 presbyteri,
2057 4602 2107 4664 D
2133 4620 2294 4673 nem,
2325 4608 2420 4662 sed
2466 4606 2628 4661 modo
2673 4621 2774 4661 suo
2823 4608 3175 4662 incrustatam
3204 4647 3220 4672 ,
3261 4617 3369 4662 tota
3413 4593 3736 4676 praefatione

425 4693 638 4746 tentavit
699 4692 1012 4768 (Damasus)
1083 4701 1310 4769 graviter
1374 4702 1608 4772 persequi
1674 4701 2025 4756 beatissimum

423 4779 747 4855 Ephesium,
775 4797 920 4854 etc.;
967 4804 1088 4859 qua:
1140 4801 1224 4845 est
1271 4791 1604 4848 Tillemoutii
1646 4792 1710 4864 (ἱ)
1758 4802 1814 4848 et
1850 4793 2026 4848 Mazo-

423 4874 532 4932 chii
615 4877 688 4952 (j)
757 4883 1048 4938 sententia.
1109 4885 1244 4940 Cum
1291 4895 1518 4956 autem,
1565 4897 1800 4944 exeunte
1881 4903 2023 4944 anno

519 5105 549 5141 α
605 5085 880 5158 Ballerin.,
913 5088 948 5142 l.
977 5103 1053 5152 c.,
1085 5104 1205 5161 pag.
1235 5089 1365 5156 278,
1392 5107 1446 5147 n.
1484 5090 1536 5144 1.

494 5085 574 5233 ibi
614 5158 859 5233 Marce“.
891 5170 949 5217 et
991 5157 1204 5228 Γαμεῖ..
1237 5163 1406 5218 libell.
1456 5162 1536 5218 ΡΠ

427 5157 859 5302 ωὲὸζξέαηειι.
891 5170 949 5217 et
991 5157 1204 5228 Fausti,
1237 5163 1406 5218 libell.
1456 5161 1696 5235 Prec.,§
1739 5160 1828 5231 30,
1870 5159 2022 5231 infr.,

499 5299 573 5376 (ε)
599 5299 839 5376 Gennad,
869 5304 962 5360 lib.
991 5303 1060 5361 de
1088 5304 1202 5362 Vir.
1237 5306 1459 5373 illustr.,
1489 5320 1612 5376 cap.
1648 5303 1736 5361 16.

525 5374 582 5448 ά)
607 5374 809 5448 Libell.
833 5378 900 5432 de
931 5376 1236 5448 xuScript.
1265 5378 1426 5445 eccl.,
1458 5374 1580 5448 cap.
1608 5377 1698 5433 l2.

523 5446 852 5522 e)_ilfarcell.
898 5458 954 5505 et
984 5446 1194 5519 Faust.,
1243 5449 1409 5506 libell.
1452 5446 1636 5518 Prec.,
1689 5449 1718 5522 §
1763 5450 1817 5518 5,
1872 5449 2020 5517 infr.,

428 5517 563 5590 pag.
581 5517 705 5590 463.

505 5590 577 5667 (ο
605 5589 830 5667 liorem,
863 5593 931 5667 ad
959 5608 1086 5648 ann.
1118 5594 1248 5667 583,
1276 5593 1421 5667 §22.

567 5665 586 5738 ξ
615 5660 796 5738 litigi,
817 5660 894 5720 ad
916 5681 1048 5738 ann.
1077 5666 1202 5728 585,
1231 5660 1374 5738 δῖε.

508 5732 591 5808 (It)
625 5732 792 5792 Marc.
820 5746 876 5793 et
903 5735 1112 5803 Fauch,
1145 5738 1182 5793 l.
1208 5732 1284 5803 εἰ,
1316 5738 1346 5812 §
1373 5739 1464 5804 2'5,
1498 5753 1616 5812 pag.
1645 5735 1773 5794 470.

508 5803 577 5880 (i)
601 5804 830 5877 Tillem,
857 5809 1016 5867 Mem.
1045 5810 1205 5880 eccl.,
1236 5819 1368 5869 tom.
1400 5809 1513 5882 Vll,
1541 5826 1665 5884 pag.
1697 5809 1828 5866 525.

2132 4708 2450 4757 contexunt.
2499 4700 2556 4755 ld
2613 4702 2758 4756 enim
2800 4701 3011 4756 initium
3055 4716 3168 4756 suae
3222 4699 3546 4756 calamitatis
3603 4698 3732 4756 fuit.

2131 4792 2264 4848 Nam
2319 4794 2486 4848 Roma
2538 4792 2754 4850 tandem
2797 4795 3047 4865 expulsi,
3099 4791 3244 4866 quod
3292 4793 3538 4848 ultimum
3591 4793 3736 4860 fuit,

2130 4886 2493 4946 Luciferianis
2537 4902 2660 4945 sese
2706 4887 3072 4959 adjunxerunt
3120 4903 3135 4941 :
3203 4885 3304 4941 nisi
3346 4885 3484 4942 forte
3516 4885 3736 4957 mavis,

2127 5120 2173 5227 Π
2197 5099 2264 5172 (i)
2299 5095 2566 5226 Μιξὲἷὴη
2597 5092 2902 5152 Comment.
2948 5093 3015 5148 ad
3066 5091 3294 5148 Kalend.
3325 5091 3577 5162 Neapol.,
3616 5093 3734 5148 vol.

2179 5213 2192 5227 .
2224 5187 2344 5227 uae.
2487 5208 2501 5223 .

2179 5213 2192 5238 ,
2224 5187 2344 5242 pag.
2375 5187 2501 5226 om.

2125 5336 2170 5393 Il
2200 5237 2578 5391 (imgine,
2603 5260 2909 5318 Comment.
2943 5237 3010 5314 ad
3051 5256 3289 5314 Kalend.
3331 5255 3586 5328 Neapol.,
3618 5257 3734 5313 vol.

2194 5381 2208 5393 .
2242 5355 2293 5393 D.
2443 5377 2456 5390 .

2194 5381 2208 5402 ,
2242 5355 2293 5408 p.
2327 5355 2456 5391 om.

2203 5433 2264 5504 (ι)
2326 5431 2449 5488 Vid.
2490 5424 2918 5502 prosopngraph.
2963 5424 3096 5483 Cod.
3143 5425 3380 5492 Tbeod.,
3437 5434 3572 5480 tom.
3605 5422 3681 5480 Vl
3719 5465 3737 5492 ,

2130 5516 2270 5576 part.
2301 5505 2342 5570 ι,
2379 5520 2501 5574 pag.
2531 5504 2621 5558 47.

2204 5593 2553 5671 (m_)1'i_llem.,
2581 5592 2740 5650 Mem.
2771 5591 2934 5661 eccl.,
2962 5587 3367 5660 tom.VIl,pag.
3400 5585 3528 5654 766,
3550 5595 3672 5643 not.
3704 5588 3742 5644 5

2135 5669 2230 5740 Sttr
2258 5669 2488 5740 Lucifer.

2211 5739 2293 5813 (η)
2326 5733 2596 5807 Μωυσῆ..
2623 5737 2663 5796 1.
2693 5752 2775 5809 c.,
2799 5751 2956 5811 pagg.
2988 5733 3096 5794 585
3121 5743 3176 5793 et
3195 5747 3348 5806 seqq.
