3998 6350
255 352 331 409 35
1344 338 1665 400 FAUSTINI
1701 337 2141 399 PRESBYTER]
2180 336 2489 398 SCRIPTA.
2712 388 2717 391 .
2846 400 2853 401 ί
3502 340 3575 399 δι

259 461 430 516 etiam
474 466 639 512 antea
668 497 683 521 ,
715 454 848 511 dum
896 456 1081 512 Romae
1124 459 1307 511 essent
1328 498 1343 521 ,
1377 471 1474 511 eos
1503 456 1877 512 Luciferianos
1905 467 1953 525 Α
1984 457 2098 525 ipsa
2127 455 2431 526 comperies
2454 497 2468 523 ,
2500 455 2755 513 illaudato
2794 455 3041 528 quamvis
3092 454 3243 529 operi
3272 469 3429 511 suum
3457 455 3576 511 fore

260 554 457 610 fuisse.
505 550 575 608 Ut
625 559 684 605 ut
734 559 864 618 est,
906 553 1155 624 συνεχιία
1188 560 1338 605 certe
1383 550 1719 619 praelationis
1759 566 1880 605 cum

261 648 490 708 libello.
522 646 628 700 hoc
671 656 760 701 est
806 644 1084 701 Ursiniani
1132 643 1342 699 discidii
1392 644 1632 701 cohaesio
1677 645 1746 699 de
1774 659 1884 715 quo

262 742 551 797 dumtaxat
581 740 634 793 in
666 738 990 809 pra-latione
1020 739 1197 809 agitur
1218 779 1233 803 ,
1262 752 1387 792 cum
1416 736 1884 792 Luciferianorum

263 850 433 891 causa
474 848 638 903 quam
667 841 878 885 tantum
911 832 964 886 in
1009 830 1194 885 libello
1230 838 1481 895 tuentur,
1513 829 1644 883 satis
1691 843 1888 898 super-

267 942 381 998 que
408 926 462 980 in
489 923 598 979 ﬁne
624 922 962 991 przel'ationis
1012 936 1134 977 sese
1160 922 1360 992 legenti
1393 922 1605 992 aperit,
1629 920 1697 976 ad
1722 936 1884 992 quam

270 1023 450 1078 miror
505 1019 921 1076 Tilletnontium
974 1032 1082 1072 non
1142 1015 1465 1071 atlendisse.
1516 1014 1758 1081 Exinde,
1807 1016 1888 1069 in-

270 1116 474 1187 quiunt
497 1112 572 1187 (a)
592 1154 608 1177 ,
635 1111 920 1183 presbyteri
951 1112 1116 1180 partis
1148 1109 1459 1166 Ursiniante
1485 1109 1701 1164 diversis
1726 1109 1890 1164 modis

269 1209 473 1279 aﬂlicti,
509 1223 600 1277 per
629 1204 819 1259 exsilia
846 1215 892 1257 et
922 1203 1217 1274 peregrina.
1239 1202 1357 1256 loca
1383 1203 1604 1270 dispersi
1632 1210 1770 1256 sunt.
1805 1199 1891 1256 Ex

273 1302 461 1374 quibus
509 1300 895 1356 MARCELLINUS
926 1308 971 1353 et
1013 1297 1318 1353 FAUSTINUS
1348 1297 1632 1369 presbyteri
1663 1297 1891 1368 (aucto-

280 1413 371 1452 res
398 1398 603 1452 scilicet
632 1407 745 1449 tum
776 1394 938 1449 libelli
966 1403 1076 1448 tum
1100 1393 1455 1463 prtel'ationis,
1486 1401 1644 1447 antea
1669 1392 1886 1462 quidem

287 1489 599 1552 Ursiniani,
632 1503 775 1542 nunc
812 1502 941 1543 vero
990 1486 1311 1540 Luciferiani
1348 1504 1360 1539 :
1419 1487 1560 1557 quod
1609 1485 1891 1557 sequentia

286 1582 425 1637 satis
454 1597 564 1652 pne
590 1596 649 1636 se
681 1579 905 1650 lerunt)
936 1579 998 1633 de
1022 1580 1348 1650 confessione
1377 1595 1509 1634 verte
1533 1579 1656 1649 ﬁdei
1687 1578 1706 1651 (
1730 1594 1756 1632 a
1787 1594 1889 1649 qua

288 1684 518 1730 caeteros
545 1673 868 1730 Luciferiani
899 1673 1299 1742 excludebant,
1333 1683 1606 1742 tamquam
1637 1672 1739 1744 ipsi
1779 1673 1885 1729 soli

292 1765 599 1836 catholici),
624 1764 964 1820 ostentatione
988 1764 1007 1834 (
1035 1763 1139 1819 hoc
1180 1772 1265 1818 est
1300 1765 1680 1834 exhibitione)
1729 1779 1893 1819 sacra:

308 1859 674 1914 communionis
729 1857 1065 1931 (nimirum,
1125 1856 1340 1912 cuinam
1388 1856 1694 1913 exhibenda
1743 1871 1894 1912 eom-

308 1937 491 2008 munio
519 1953 615 2015 sit,
648 1951 735 2007 cui
770 1966 896 2007 vero
925 1951 1239 2022 deneganda
1264 1951 1388 2023 ),-et
1434 1952 1782 2023 persecutione
1802 1951 1899 2005 ad-

306 2047 617 2101 versantium
643 2045 864 2108 veritati,
912 2060 1083 2115 preces
1139 2043 1505 2098 Valentiniano
1538 2086 1554 2111 ,
1611 2043 1898 2099 Theodosio

297 2148 347 2192 et
376 2139 600 2193 Arcadio
642 2137 957 2209 principibus
1006 2136 1299 2191 obtulerunt
1327 2138 1419 2191 ita.
1455 2137 1732 2192 Hactenus
1761 2152 1899 2207 prte-

293 2232 461 2298 latio,
492 2240 612 2302 post
638 2247 797 2301 quam
829 2231 1046 2288 libellus
1075 2230 1288 2301 incipit.
1317 2230 1457 2298 Quid
1488 2241 1669 2285 autem
1701 2230 1899 2285 clarius

287 2324 472 2380 aﬂ'erri
488 2333 692 2394 poterat
719 2325 785 2379 ad
815 2323 1182 2393 praefationem
1197 2339 1319 2378 cum
1339 2322 1522 2378 libello
1540 2323 1629 2393 qui
1648 2336 1791 2376 nunc
1806 2336 1901 2376 ex-

234 2428 241 2437 '
287 2425 416 2482 stat,
441 2416 832 2488 glutinandam‘l
851 2416 933 2472 An
950 2428 1158 2488 poterat
1182 2431 1278 2487 per
1297 2415 1412 2470 haze
1432 2417 1594 2470 verba
1612 2430 1731 2485 qua:
1751 2423 1901 2469 certe

284 2524 556 2563 summam
606 2507 934 2564 Lueil‘eriani
967 2508 1157 2564 veneni
1188 2508 1496 2573 continent,
1532 2506 1745 2578 praefari
1773 2520 1901 2561 auc-

288 2610 378 2656 tor
402 2601 555 2655 alteri
578 2600 791 2656 cuidam
820 2601 1028 2667 libello,
1051 2602 1139 2670 qui
1193 2601 1601 2656 Ursinianorum
1641 2599 1901 2655 adversus

284 2693 641 2749 Damasianos
665 2709 851 2764 preces
870 2693 1182 2749 exhiberet?
1206 2712 1225 2744 ι
1249 2693 1361 2748 llue
1387 2709 1557 2764 usque
1584 2693 1665 2748 vir
1683 2692 1897 2749 doctus.

369 2788 455 2844 VI.
484 2789 742 2857 Quamvis
781 2798 959 2845 autem
1000 2805 1065 2845 ex
1108 2788 1372 2844 hactenus
1414 2787 1577 2844 dictis
1620 2788 1686 2843 de
1712 2787 1900 2843 libello

282 2882 522 2951 supplici
567 2880 875 2936 Theodosio
904 2880 1225 2950 exterisque
1286 2880 1495 2950 imperii
1555 2878 1902 2949 consortibus

285 2977 475 3034 oblato
500 3016 515 3041 ,
546 2975 677 3031 satis
723 2981 940 3031 constet
979 2975 1134 3044 cujus
1162 2975 1448 3030 contmatis
1474 2974 1582 3028 sint
1610 2990 1730 3043 qua:
1759 2974 1812 3027 in
1835 2989 1902 3028 eo

284 3076 555 3126 enarrant
587 3068 940 3124 Marcellinus
983 3076 1039 3123 et
1088 3066 1383 3122 Faustinus
1411 3066 1715 3138 presbyteri
1746 3064 1904 3120 Luti-

287 3163 531 3219 feriani:
562 3178 672 3233 quo
710 3170 892 3218 tamen
934 3170 1126 3217 cautus
1168 3163 1339 3233 magis
1364 3161 1903 3231 circutnspectusque

290 3258 556 3315 reddatur
603 3257 695 3327 qui
745 3258 814 3312 ad
879 3256 997 3328 ejus
1045 3258 1331 3312 lectionem
1377 3258 1708 3321 accesserit;
1759 3253 1900 3308 haud
1931 3265 1977 3329 (ι

290 3354 536 3409 Otiosum
578 3352 743 3408 fuerit
790 3352 846 3407 in
889 3352 1124 3408 medium
1175 3354 1372 3408 all'erre
1406 3368 1528 3422 qum
1553 3352 1618 3405 ad
1646 3350 1899 3407 eumdem

294 3448 546 3503 libellum
578 3449 900 3518 praemonuit
947 3447 1269 3505 Sirmondus
1303 3448 1366 3502 V.
1395 3448 1457 3503 C.
1493 3448 1808 3519 primusque
1841 3447 1905 3502 il—

298 3541 409 3597 lius
450 3540 643 3596 editor.
692 3539 783 3595 Sic
826 3551 1006 3596 autem
1064 3555 1123 3596 se
1164 3540 1408 3597 habent:
1463 3559 1481 3593 ι
1519 3540 1622 3608 Qui
1669 3539 1906 3595 sehisma

299 3634 435 3690 olim
482 3634 669 3691 Romae
713 3633 973 3690 adversus
1014 3635 1299 3690 Damasum
1331 3649 1452 3689 cum
1482 3633 1682 3690 Ursino
1707 3634 1909 3690 conﬂa-

301 3738 438 3785 runt
464 3732 609 3794 ,‘aut
648 3743 712 3783 ex
759 3726 1119 3783 Luciferianis
1166 3737 1323 3783 erant
1349 3769 1363 3793 ,
1397 3738 1489 3782 aut
1528 3742 1651 3783 eum
1700 3726 1807 3783 illis
1850 3742 1910 3782 se

304 3821 635 3878 Lucilcriani
665 3820 1097 3890 conjunxerunt,
1155 3826 1212 3875 et
1244 3820 1441 3891 dnplici
1467 3819 1692 3875 dissidio
1726 3819 1911 3875 Eccle-

305 3915 451 3970 siam
481 3914 784 3969 turbarunt.
807 3912 985 3985 Atque
1026 3913 1080 3968 in
1102 3911 1283 3969 Ursini
1306 3912 1522 3983 quidem
1545 3928 1708 3968 causa
1752 3928 1911 3983 quam

308 4006 540 4076 inquieti
589 4005 822 4070 iuerint,
866 4014 920 4061 et
966 4021 1124 4075 quam
1159 4007 1466 4077 importune
1496 4007 1911 4077 magistratuum

310 4111 370 4156 et
400 4100 699 4169 principum
730 4113 891 4154 aures
935 4098 1246 4169 fatigarint;
1276 4114 1396 4169 qua:
1428 4098 1480 4154 in
1509 4100 1796 4154 annalibus
1826 4115 1915 4156 cc-

311 4192 640 4248 clesiasticis
675 4202 931 4256 exstant,
959 4190 1320 4246 Valentiniani
1365 4192 1430 4246 ad
1480 4193 1868 4248 Prmtextatum
1898 4235 1914 4262 ,

313 4284 595 4357 Olybrium
630 4293 678 4338 et
707 4284 1012 4355 Ampelium
1044 4282 1334 4353 praefectos
1374 4284 1565 4351 Urbis,
1596 4296 1645 4341 et
1675 4284 1919 4341 Gratiani

314 4379 386 4433 ad
409 4378 721 4447 Aqttilinum
770 4378 1028 4433 vicarium
1075 4378 1341 4447 rescripta
1367 4376 1647 4433 declarant
1679 4397 1691 4434 :
1724 4379 1918 4435 iidem-

317 4490 429 4546 que
450 4472 654 4528 l‘aciunt
678 4472 1035 4529 conciliorum
1059 4470 1426 4542 Aquileiensis
1446 4480 1500 4526 et
1525 4472 1759 4526 Romani
1786 4487 1917 4545 syn-

320 4569 494 4625 odicae
526 4570 577 4623 in
606 4567 906 4639 appendice
951 4565 1156 4623 codicis
1182 4566 1548 4621 Theodosiani
1574 4566 1758 4634 editae,
1801 4583 1922 4637 qua:

1944 550 2256 619 ,pretium;
2306 550 2457 619 cujus
2504 559 2755 606 auctores
2798 558 2853 606 et
2902 549 2970 605 de
3010 564 3071 605 se
3099 549 3230 620 ipsis
3278 556 3333 604 et
3366 549 3435 604 de
3457 547 3578 604 aliis

1986 658 2093 698 non
2125 659 2292 715 pauca
2339 645 2605 713 doceant,
2634 660 2756 715 qua:
2780 643 2925 700 scire
2954 643 3252 707 conducat,
3282 653 3336 699 et
3361 644 3581 699 aliunde

1988 737 2317 791 nesciantnr.
2354 757 2373 790 ι
2412 736 2682 793 Hactenus
2709 737 2821 792 ille.
2847 737 3024 809 Atque
3048 738 3101 793 in
3132 737 3379 795 eamdem
3408 736 3583 792 ferme

1988 829 2314 884 sententiam
2352 838 2513 885 antea
2546 830 2807 885 Baronius
2836 828 2935 902 (b).
2965 829 3081 898 Qua
3134 829 3202 886 de
3232 845 3294 887 re
3322 845 3419 885 nos
3450 843 3584 897 quo-

1989 938 2093 992 que
2125 923 2250 978 alibi
2284 923 2540 978 nonnulla
2572 924 2847 993 attigimus
2869 961 2883 985 ,
2912 920 3007 977 ubi
3033 923 3101 977 de
3123 931 3313 977 saneto
3350 922 3585 977 Damaso

1990 1015 2154 1071 verba
2183 1015 2410 1072 fecimus
2443 1018 2542 1085 (ε).
2576 1016 2728 1084 Quod
2758 1024 3026 1085 superest,
3061 1016 3310 1072 eumdem
3342 1015 3584 1071 libellum

1992 1110 2219 1167 Precum
2266 1112 2508 1167 eruditus
2563 1110 3069 1167 Sirmondianorum
3136 1110 3313 1167 editor
3357 1109 3589 1166 contulit

1990 1219 2113 1260 cum
2157 1203 2343 1260 codice
2406 1218 2509 1258 ms.
2556 1203 2898 1259 bibliotheca:
2954 1201 3312 1268 Colbertinze,
3356 1202 3590 1273 indeque

1993 1299 2263 1355 variantes
2303 1297 2566 1354 lectiones
2611 1299 2901 1368 apposuit:
2931 1297 3170 1367 itemque
3213 1297 3501 1355 nonnullas
3522 1311 3592 1351 ex

1992 1391 2180 1447 codice
2206 1390 2543 1462 Rcmigiano,
2574 1406 2799 1462 quarum
2831 1390 2880 1446 ei
2908 1391 3119 1460 copiam
3146 1388 3272 1445 fecit
3299 1389 3366 1445 cl.
3404 1388 3595 1445 Mabil—

1994 1486 2193 1541 ionius.
2222 1485 2429 1554 Quibus
2459 1486 2784 1541 lectionibus
2813 1500 3008 1555 paucas
3040 1485 3298 1540 Mazochii
3330 1498 3596 1555 praestan-

1997 1579 2063 1633 tis
2092 1579 2191 1633 viri
2231 1579 2729 1635 animadversiones
2768 1579 3003 1634 intextas
3029 1578 3233 1634 videas.
3268 1579 3343 1635 De
3372 1578 3595 1649 reliquis

1995 1688 2156 1742 porro
2186 1672 2239 1727 in
2274 1674 2517 1729 Faustini
2548 1690 2711 1744 opera
2742 1675 3080 1741 subnotatis,
3112 1689 3301 1747 aequus
3326 1685 3380 1732 et
3404 1674 3597 1731 doctus

1996 1763 2165 1821 lector
2185 1765 2447 1837 judicium
2478 1766 2635 1837 ierat.

2554 1879 2643 1935 DE
2683 1878 3047 1938 FAUSTINO.

2251 1991 2324 2042 Ex
2346 1993 2706 2045 Seboenemann
2724 1994 2919 2047 Bibl.T.
2944 1995 2985 2060 Ι,
3008 2010 3090 2060 pp.
3115 1994 3347 2048 547-554.

2652 2104 2679 2176 §
2737 2105 2787 2159 l.
2820 2104 2959 2158 Vita.

2071 2193 2361 2268 Presbyter
2388 2195 2782 2263 Lucil'erianus,
2814 2196 2967 2267 cujus
2996 2202 3159 2252 secta:
3212 2210 3431 2251 causam
3473 2210 3601 2252 eum

2004 2285 2336 2354 Marcellino,
2362 2288 2684 2359 presbytero
2711 2297 2765 2343 et
2786 2289 2925 2357 ipso,
2960 2288 3012 2342 in
3038 2287 3224 2342 libello
3264 2286 3605 2357 imperatori-

2004 2377 2104 2433 bus
2129 2380 2523 2442 Valentiniano,
2551 2378 2859 2436 Theodosio
2889 2389 2943 2435 et
2971 2378 3204 2433 Arcadio
3228 2378 3470 2450 angustis
3497 2378 3605 2433 cir—
3635 2370 3639 2376 ’

2004 2485 2065 2526 ca
2091 2487 2183 2526 an.
2213 2487 2513 2527 CCCLXXXIV
2544 2472 2747 2538 oblato,
2772 2471 3032 2527 defendit.
3062 2470 3265 2543 Viginti
3311 2469 3426 2526 fere
3446 2469 3608 2526 annis

2004 2574 2132 2621 ante
2152 2576 2341 2621 contra
2379 2566 2668 2620 Damasum
2692 2580 2907 2635 quoque
2932 2580 3054 2620 cum
3086 2564 3395 2621 Ursinianis
3438 2574 3609 2621 stete-

2004 2669 2108 2726 rat,
2141 2660 2463 2731 quibuscum
2488 2658 2780 2731 plurimum
2810 2668 2935 2714 tunc
2961 2657 3288 2714 Luciferiani
3321 2658 3607 2725 conspira-

2003 2765 2213 2808 verant.
2254 2754 2367 2821 Qua
2399 2754 2467 2809 de
2508 2768 2668 2809 causa
2719 2761 2775 2809 et
2816 2752 3004 2807 libello
3032 2753 3121 2807 isti
3163 2767 3260 2808 seu
3303 2750 3610 2822 praefationi

2007 2844 2187 2915 potius
2218 2844 2395 2900 eidem
2426 2846 2729 2917 praemissae
2758 2843 3042 2900 manifesta
3070 2843 3181 2900 odii
3228 2843 3281 2898 in
3318 2843 3610 2897 Damasum

2003 2938 2228 3009 vestigia
2259 2938 2522 3008 impressa
2548 2946 2693 3001 sunt.
2722 2952 2786 2993 ac
2832 2938 3124 2993 multorum
3149 2937 3323 3005 ipsum
3348 2944 3403 2993 et
3426 2933 3608 2992 socios

2007 3031 2124 3100 ejus
2149 3031 2379 3101 turpiter
2401 3037 2455 3084 et
2473 3031 2652 3100 inique
2667 3039 2944 3102 gestorum
2968 3029 3270 3096 insimulat,
3293 3044 3413 3100 qute
3439 3044 3614 3101 quan-

2007 3133 2117 3179 ttnn
2140 3124 2251 3179 sint
2282 3126 2490 3179 veritati
2518 3134 2883 3181 consentanea
2910 3126 3077 3196 quzeri
3111 3124 3273 3181 solet.
3325 3123 3432 3181 Sed
3488 3123 3593 3179 hoc

2006 3227 2158 3273 certo
2188 3217 2325 3283 scio,
2350 3216 2518 3286 ipsam
2537 3217 2724 3286 scripti
2756 3217 2913 3287 hujus
2937 3218 3227 3273 lectionem
3256 3218 3394 3287 apud
3419 3231 3606 3287 aequos

2008 3311 2288 3379 bonosque
2309 3325 2501 3366 omnes
2528 3312 2838 3380 opinionem
2865 3326 2929 3367 ac
2952 3310 3111 3367 ﬁdem
3144 3321 3428 3368 auctorum
3482 3327 3612 3369 suo-

2009 3418 2128 3458 rum
2149 3403 2505 3460 elevaturam.
2822 3418 2843 3419 ί

2624 3518 2741 3591 gs.
2775 3518 3004 3589 Scripta.

2084 3637 2291 3693 Practer
2340 3635 2594 3691 Libellum
2656 3634 2880 3691 Precum
2932 3635 3045 3707 jam
3096 3644 3617 3704 commemoratum,

2012 3731 2165 3802 cujus
2186 3740 2364 3787 tamen
2389 3740 2571 3800 partes
2597 3729 2664 3785 ad
2697 3729 3065 3785 Marcellinum
3099 3746 3316 3802 quoque
3342 3730 3621 3799 pertinere

2014 3826 2187 3887 aiunt,
2221 3823 2488 3894 Praefatio,
2521 3839 2640 3893 quae
2667 3824 2998 3879 antecedere
3035 3824 3180 3878 illum
3214 3824 3378 3890 solet,
3408 3824 3618 3895 absque

2017 3917 2183 3973 dubio
2212 3916 2280 3972 ab
2306 3916 2494 3970 iisdem
2526 3915 2895 3985 proﬁciscitur
2931 3914 3267 3971 auctoribus.
3299 3915 3450 3972 Licet
3475 3916 3620 3970 enim

2019 4024 2141 4066 cum
2175 4009 2357 4064 libello
2380 4007 2513 4063 nihil
2544 4023 2835 4064 commune
2854 4007 3056 4065 habere
3080 4008 3350 4077 videatur,
3374 4024 3436 4064 ac
3458 4008 3623 4064 Tille-

2021 4104 2227 4160 montio
2246 4103 2384 4159 adeo
2407 4116 2682 4171 tamquam
2711 4102 2936 4157 alterius
2958 4102 3139 4172 operis
3168 4101 3413 4171 prieiatio
3426 4101 3509 4156 vel
3541 4101 3625 4157 tli-

2022 4197 2163 4252 versi
2193 4196 2432 4252 auctoris
2456 4195 2622 4252 {tctus
2648 4200 2716 4249 ab
2742 4210 2809 4251 eo
2835 4195 3172 4266 segreganda
3206 4196 3319 4249 visa
3352 4195 3454 4259 sit;
3482 4193 3625 4249 hand

2022 4289 2209 4345 delicit
2230 4300 2408 4346 tamen
2436 4306 2506 4346 ex
2518 4290 2750 4360 plicandi
2788 4289 2949 4357 hujus
2974 4286 3305 4344 discriminis
3332 4287 3493 4355 ratio,
3527 4302 3627 4344 nec

2026 4381 2295 4438 immerito
2351 4382 2665 4439 Gallandius
2713 4390 2925 4437 acutam
2982 4378 3241 4435 Mazocbii
3293 4381 3623 4437 sententiam

2025 4474 2327 4529 exosculari
2351 4475 2685 4529 censebitur.

2102 4566 2343 4622 Faustini
2398 4566 2559 4623 Fides
2608 4566 2895 4624 Theodosio
2933 4569 3239 4638 imperatori
3280 4569 3472 4625 oblata.
3506 4569 3625 4628 Scr.

323 4673 382 4719 ct
427 4662 655 4717 Damaso
700 4661 1064 4716 innocentiam
1109 4659 1586 4731 integritatemque
1639 4674 1794 4714 suam
1836 4656 2094 4722 as-Dex
2145 4662 2412 4715 sententia
2469 4660 2755 4727 Quesnellii
2813 4662 2956 4718 inter
3012 4677 3187 4719 annos
3247 4678 3513 4720 ccccxxtx
3576 4669 3635 4719 et

324 4766 516 4811 serunt
540 4795 556 4821 ,
585 4766 640 4810 et
662 4753 845 4811 Ursini
873 4752 1114 4809 furorem
1144 4769 1209 4808 ac
1237 4754 1393 4809 dolos
1424 4768 1530 4809 non
1554 4752 1923 4809 dissimulant.

331 4848 794 4907 Luciierianorum
823 4858 1003 4903 autem
1034 4864 1142 4902 non
1175 4848 1444 4914 disparem
1485 4846 1925 4903 inverecundiam

333 4954 497 5013 atque
524 4939 889 5002 insolentiam.
909 4940 1140 4995 duorum
1171 4955 1237 4996 ex
1263 4938 1345 4994 his
1370 4940 1813 5011 presbyterorum
1844 4939 1931 4995 hic

332 5038 470 5094 liber
496 5035 733 5092 ostendit
758 5034 843 5089 :in
869 5033 1011 5104 quod
1036 5048 1142 5088 non
1166 5032 1475 5089 Theodosio
1498 5035 1672 5088 solum
1703 5041 1934 5105 augusto

333 5128 673 5185 fraudulenta
728 5127 1072 5196 suggestione
1124 5125 1430 5194 obrepunt;
1463 5125 1557 5179 sed
1589 5125 1931 5180 orthodoxos

335 5236 526 5277 omnes
551 5221 641 5291 qui
681 5219 1043 5287 obsistebant,
1078 5218 1271 5273 canina
1295 5260 1310 5284 ,
1351 5224 1411 5272 ut
1454 5219 1814 5291 Hieronymus
1838 5234 1932 5289 ap—

335 5314 537 5385 pellat,
566 5311 812 5368 facundia
850 5326 948 5367 sua
989 5312 1066 5366 sic
1110 5298 1498 5382 proscindunt,
1542 5320 1599 5365 ut
1635 5326 1740 5366 non
1779 5312 1933 5368 defu-

336 5409 444 5465 turi
481 5407 628 5471 sint,
657 5405 749 5477 qui
777 5406 990 5477 publica
1033 5406 1156 5462 luce
1195 5405 1418 5475 dignum
1462 5404 1665 5462 idcirco
1695 5422 1799 5461 non
1836 5421 1933 5476 pu-

338 5512 471 5559 tent.
502 5502 587 5557 Tu
617 5516 778 5568 vero,
812 5500 1009 5565 lector,
1028 5510 1085 5554 ut
1106 5514 1289 5570 spero,
1324 5499 1481 5555 aliter
1508 5500 1710 5555 senties
1730 5540 1745 5565 ,
1770 5513 1935 5571 reque

339 5626 349 5639 ‘
413 5642 492 5713 (a)
525 5639 747 5713 Prmfat.
778 5638 845 5713 ad
872 5638 1257 5713 libellzi’recz,
1287 5640 1333 5713 is
1353 5640 1415 5708 4,
1445 5639 1572 5696 infr.
1604 5655 1724 5713 pag.
1754 5633 1917 5696 ιδεμ

439 5709 492 5782 b)
522 5711 716 5766 Baron.
738 5750 753 5775 ,
784 5711 850 5765 ad
877 5728 1003 5766 ann.
1036 5712 1139 5767 567
1163 5709 1255 5782 ,με
1279 5709 1365 5782 [4.

340 5868 380 5927 p
416 5780 488 5855 (ο)
524 5783 834 5853 Prolegom.
857 5782 925 5838 ad
970 5791 1104 5838 tom.
1135 5780 1201 5835 VI
1226 5780 1376 5836 Bibl.
1410 5782 1543 5849 PP.,
1572 5798 1695 5858 cap.
1728 5784 1785 5851 4,
1814 5782 1902 5856 §2
1922 5824 1938 5851 ,

383 5870 467 5927 ag.
494 5870 569 5912 ιι.

383 5870 467 5927 ag.
494 5870 569 5912 tx.

1924 5631 2018 5639 ⁵.-

2002 5616 2051 5701 ri
2120 5638 2201 5713 (ά)
2235 5639 2321 5713 [ξς
2344 5639 2708 5713 Viralllustr"
2734 5655 2856 5713 cap.
2885 5638 2973 5701 ll,
3001 5636 3288 5713 scripsisse
3313 5636 3390 5691 ait
3414 5638 3485 5713 ad
3516 5627 3647 5713 Per;

2028 4768 2323 4821 CCCLXXXI,
2378 4768 2485 4823 quo
2545 4763 2793 4825 tempore
2853 4754 3261 4827 Eleutheropoli
3312 4756 3635 4812 versabatur

2032 4844 2345 4913 Faustinus,
2379 4845 2467 4901 ubi
2494 4856 2549 4901 et
2586 4846 2916 4918 exagitatum
2968 4863 3028 4902 se
3053 4850 3299 4919 queritur
3322 4863 3353 4904 a
3380 4847 3636 4905 Turbone

2036 4938 2179 4993 illius
2206 4938 2355 4993 urbis
2377 4938 2655 5009 episcopo.

2112 5030 2355 5087 Faustini
2392 5033 2456 5085 de
2489 5030 2743 5087 Trinitate
2779 5031 2894 5088 sive
2931 5034 2994 5087 de
3034 5030 3174 5089 Fide
3200 5044 3382 5091 contra
3401 5034 3637 5090 Arianos

2040 5122 2106 5178 ad
2132 5122 2440 5178 Flaccillam
2464 5124 2841 5197 imperatricem
2857 5124 2979 5179 libri
3002 5138 3093 5189 vn.
3114 5140 3210 5182 seu
3235 5125 3362 5179 liber
3382 5124 3559 5194 potius
3582 5125 3639 5181 in

2039 5233 2109 5273 vn
2140 5219 2316 5288 capita
2360 5219 2670 5274 distinctus.
2719 5218 2842 5274 Scr.
2887 5227 3012 5273 ante
3052 5234 3141 5274 an.
3176 5233 3479 5282 cccuxxxv,
3531 5233 3640 5288 quo

2040 5312 2252 5368 scilicet
2306 5311 2620 5367 Flaccillam
2648 5310 2943 5367 Theodosii
2973 5312 3045 5368 M.
3077 5314 3361 5381 conjugem
3411 5314 3641 5381 primam

2038 5405 2184 5463 diem
2202 5407 2405 5463 abiisse
2424 5416 2655 5463 constat.
2691 5405 2953 5462 Faustino
2984 5405 3205 5461 disertis
3251 5403 3433 5459 verbis
3458 5404 3647 5460 tribuit

2043 5499 2359 5557 Gennadius
2380 5499 2493 5574 (d);
2519 5501 2731 5556 tametsi
2764 5515 2874 5556 non
2902 5498 3175 5556 defuerint
3203 5498 3493 5554 recentiori
3513 5510 3647 5555 zela-

2051 5707 2230 5765 sonatn
2254 5709 2525 5782 Flaccilla:
2568 5707 2762 5782 regiius
2788 5707 3063 5765 adversum
3089 5707 3310 5762 Arianos
3330 5718 3380 5762 et
3404 5707 3650 5764 Macedo-

2052 5784 2234 5837 nianos
2255 5780 2410 5836 libros
2437 5780 2647 5853 septem.
