3998 6350
471 341 542 397 55
1734 330 2057 391 IAUS'I'INI
2098 329 2532 390 Ριιεευγτκιιι
3731 329 3800 390 86

473 464 566 520 te,
598 452 708 524 _qui
751 451 1016 524 Gregorio
1057 449 1258 506 Baetice
1287 446 1628 505 Eliberitauo
1671 445 1928 518 episeopo
1971 443 2068 501 ad-
2092 453 2148 513 Α
2251 444 2410 501 1618.
2469 443 2650 500 Colon.
2701 442 2922 515 Agripp.
2957 483 2976 508 ,
3023 440 3205 498 in-iol.
3262 441 3512 500 Faustini
3568 442 3801 501 diaconi

469 545 794 602 scriberent.

1041 637 1071 709 §
1109 637 1166 694 5.
1206 634 1498 690 Editiones.

542 733 786 789 Faustini
816 734 1075 803 opuscula
1129 732 1388 802 paulatim
1418 728 1626 799 singula
1662 725 1981 797 prodierunt
2012 734 2068 782 et

472 842 598 882 sero
623 828 752 881 satis
788 827 1021 881 collecta
1075 834 1200 880 sunt
1231 825 1284 878 in
1316 821 1406 878 ed.
1445 819 1743 877 Oxoniensi
1781 829 1837 874 et
1861 833 2066 888 nupera

468 919 756 975 Gallandii.
785 918 1025 974 Primum
1055 916 1296 988 quidem,
1321 931 1412 970 an.
1457 914 1624 978 1555,
1658 912 1898 968 Faustini
1944 911 2066 966 libri

467 1014 530 1068 de
550 1012 800 1068 Trinitate
822 1011 915 1082 per
942 1008 1372 1068 Basiliamloan.
1410 1006 1722 1071 lleroldum;
1745 1003 1944 1060 deinde
1966 1003 2067 1060 sub

467 1105 700 1179 Gregorii
731 1105 911 1161 Βαθείεὶ
940 1107 1161 1160 nomine
1187 1104 1384 1173 partim
1416 1100 1674 1170 peculiari
1702 1097 1976 1154 volumine
1997 1096 2067 1151 ab

464 1198 676 1255 Achille
705 1199 896 1262 Statio,
926 1199 1121 1268 partim
1149 1197 1204 1251 in
1221 1194 1542 1267 quibusdam
1569 1191 1674 1247 PP.
1708 1189 2066 1246 Bibliothecis

461 1295 648 1351 emissi
679 1303 826 1349 sunt.
844 1292 965 1348 Mox
995 1291 1052 1348 in
1079 1291 1216 1346 alias
1242 1289 1600 1344 coliectiones
1628 1285 1730 1340 sub
1753 1285 2067 1340 veriaucto—

465 1387 540 1444 ris
563 1387 783 1442 nomine
798 1384 1020 1453 recepti.
1052 1382 1284 1438 Libellus
1310 1396 1529 1453 precum
1559 1393 1686 1435 cum
1717 1378 2061 1449 prafatione,

462 1497 554 1534 an.
585 1479 805 1536 demum
842 1477 1002 1542 1650,
1033 1475 1153 1531 Jac.
1201 1475 1514 1531 Sirmondus
1545 1471 1752 1537 edidit;
1775 1478 1833 1527 et
1861 1468 2065 1538 saiculo

462 1572 690 1630 dimidio
733 1580 876 1642 post,
912 1569 1238 1637 Quesnellius
1271 1566 1458 1623 Fidem
1484 1565 1773 1621 Theodosio
1799 1562 2061 1628 oblatam,

463 1665 606 1722 inter
632 1664 886 1723 Canones
933 1674 989 1722 et
1013 1662 1450 1721 Constitutiones
1492 1659 1758 1717 Ecclesia)
1805 1656 2065 1714 Romana:

463 1762 634 1818 dedit.

1066 1850 1296 1907 Siccam
1333 1863 1444 1904 xvr.

535 1947 695 2007 1555.
735 1947 973 2014 Basilcte,
1003 1963 1089 2017 ap.
1115 1945 1280 2000 Henr.
1314 1941 1480 2012 Petri,
1511 1938 1693 1996 iit-fol.
1725 1937 1966 1992 Faustini
1998 1933 2064 1989 li-

459 2046 557 2103 ber
578 2045 646 2099 de
679 2041 782 2098 lide
799 2047 990 2098 contra
1013 2041 1268 2105 Arianos;
1297 2035 1352 2093 in
1373 2033 1499 2092 Bas.
1523 2033 1683 2090 Joan.
1709 2027 1932 2087 Heroldi
1963 2028 2062 2082 0r-

460 2135 926 2206 tltodoxographis,
949 2149 1004 2188 n.
1027 2131 1120 2187 51.

534 2227 693 2286 1569.
737 2225 902 2295 lbid.,
935 2243 998 2282 ex
1026 2225 1144 2280 ead.
1190 2220 1430 2294 ofﬁcina,
1473 2217 1679 2284 in-l’ol.,
1712 2213 1854 2270 idem
1919 2211 2060 2268 liber

457 2322 598 2378 inter
652 2319 799 2375 Man.
857 2313 1365 2389 Orthodoxographa
1405 2309 1464 2368 Ι.
1522 2310 1645 2366 Jac.
1696 2307 1954 2380 Grynici,
2001 2319 2056 2376 p.

458 2413 793 2474 1998-2028.

530 2509 688 2566 1575.
732 2507 952 2574 Romae,
1013 2507 1066 2560 tn
1105 2505 1302 2561 (edibus
1352 2500 1548 2570 Populi
1575 2495 1843 2564 Romani,
1889 2492 2054 2562 in-lt°,

439 2597 700 2674 Gregorii
747 2599 954 2665 Baetici,
987 2595 1370 2652 Heliberitanac
1415 2592 1561 2649 sedis
1609 2590 1866 2645 antistitis
1921 2587 2058 2642 liber

455 2697 523 2752 de
558 2695 843 2757 'l‘rinitate,
883 2692 999 2748 sive
1029 2691 1096 2746 de
1127 2689 1252 2756 lide,
1284 2703 1424 2742 nunc
1453 2689 1690 2758 primum
1738 2683 1919 2740 editus
1943 2693 2058 2736 Stu-

455 2789 545 2848 dio
566 2789 786 2847 Achillis
821 2787 1001 2854 Statii,
1032 2783 1150 2841 Cat.
1179 2783 1320 2838 Bibl.
1341 2782 1552 2838 Bunau.

1180 2907 1323 2920 ———

528 2973 726 3045 Paris.,
759 2994 848 3047 ap.
877 2969 1352 3036 Mich.‘Sonnium,
1379 2967 1560 3024 in-fol.
1588 2964 1834 3036 Gregorii
1867 2959 2055 3018 Bzetici

461 3063 599 3129 liber
636 3069 704 3126 de
744 3067 1010 3124 'l‘rinitate
1039 3074 1093 3121 et
1138 3064 1263 3128 ﬁde,
1314 3063 1367 3117 in
1417 3070 1566 3116 tomo
1595 3055 1709 3115 VIII
1757 3055 1894 3111 Bibl.
1934 3051 2050 3108 PP.

452 3161 633 3240 Bign.,
657 3179 707 3235 p.
735 3162 862 3229 766,
895 3162 1072 3217 locum
1107 3158 1354 3213 ultimum
1381 3161 1628 3224 occupat.
1665 3153 1734 3206 At
1774 3151 1825 3204 in
1859 3147 2050 3204 eadem

2171 541 2313 596 liber
2336 540 2408 596 de
2434 539 2722 604 Trinitate,
2753 552 2850 592 seu
2901 537 2972 592 de
2993 536 3100 593 [ide
3135 547 3324 592 contra
3372 537 3652 605 Arianos,
3705 541 3802 608 qui

2171 633 2311 690 liber
2341 636 2506 688 etiam
2537 632 2638 686 sub
2666 632 2886 686 nomine
2931 629 3182 701 Gregorii
3211 629 3400 688 Bmtici
3446 631 3554 687 luit
3583 629 3797 700 editus;

2172 726 2227 782 in
2259 735 2406 780 tomo
2437 724 2502 779 IV
2533 723 2672 779 Bibl.
2702 722 2850 790 PP.,
2871 739 2930 796 ιι.
2961 722 3088 780 545.

2245 817 2406 873 1624.
2449 816 2694 883 Parisiis,
2721 816 2900 872 iit-fel.
2955 815 3200 873 Faustini
3263 817 3800 892 episcopi-liberm

2170 912 2278 968 lide
2305 924 2496 968 contra
2513 911 2766 978 Arianos;
2797 912 2851 968 in
2876 919 3024 968 tomo
3049 911 3113 967 Ν
3141 911 3286 967 Bibl.
3317 911 3437 969 PP.
3472 913 3570 972 ed.
3628 929 3798 988 quer-

2244 1098 2581 1156 1611-1654.
2624 1097 2886 1166 Parisiis,
2936 1098 3080 1169 apud
3152 1108 3256 1156 ms
3299 1099 3511 1171 bibliop.
3597 1101 3790 1158 iit-fol.

2169 1191 2316 1248 idem
2356 1193 2494 1248 liber
2521 1193 2578 1248 in
2607 1201 2756 1248 temo
2787 1190 2857 1246 tv
2884 1190 3023 1246 Bibl.
3051 1189 3173 1247 PP.
3201 1192 3291 1249 ed.
3318 1195 3541 1265 ῳίικω.
3582 1193 3796 1250 Praela-

2173 1286 2252 1340 tio
2267 1285 2338 1340 ad
2367 1285 2678 1342 Flaccillam
2700 1286 2866 1340 etiam
2891 1285 2981 1342 hic
3006 1284 3198 1356 majori
3229 1295 3387 1357 parte
3417 1287 3614 1342 mutila
3635 1303 3794 1344 eos!»

2170 1385 2348 1448 paret,
2397 1388 2454 1432 ut
2504 1377 2824 1434 Gallandius
2867 1377 3146 1444 observat,
3195 1379 3285 1449 qui
3335 1390 3640 1450 propterea
3695 1381 3787 1437 ed.

2169 1471 2534 1528 Oxoniensem
2564 1470 2631 1526 ad
2663 1470 2912 1527 eamdem
2941 1470 3271 1542 descriptam
3304 1481 3478 1542 putat.

2244 1565 2404 1620 1650.
2449 1563 2694 1630 Parisiis,
2743 1582 2834 1634 ap.
2883 1564 3087 1621 Sebast.
3153 1574 3203 1619 et
3253 1563 3412 1619 (ἶσόν.
3471 1565 3784 1637 Grameisg,

2167 1658 2335 1723 ἰπὶ-8⁸,
2387 1657 2683 1714 Marcellini
2734 1667 2790 1715 et
2816 1657 3062 1713 Faustini
3121 1659 3564 1731 presbyterorum
3609 1661 3788 1732 partis

2169 1749 2350 1806 Ursini
2382 1750 2646 1806 adversus
2676 1751 2964 1806 Damasum
2994 1750 3212 1808 libellus
3246 1752 3477 1810 Precum
3510 1753 3581 1808 ad
3606 1754 3788 1825 impe~

2091 1853 2140 1914 Β
2169 1855 2378 1900 ratores
2434 1844 2892 1912 Valentinianum,
2932 1845 3300 1903 Theodosium
3353 1855 3410 1904 et
3452 1847 3781 1916 Arcadiam;

2168 1952 2313 1993 nunc
2326 1938 2567 2008 primunt
2591 1936 2645 1994 in
2668 1937 2844 1993 lucem
2869 1937 3050 1994 editus
3072 1951 3238 2010 opera
3263 1939 3450 1996 Jacobi
3474 1939 3779 2008 Sirmondi,

2165 2029 2294 2087 See.
2325 2029 2374 2086 l.
2408 2032 2616 2102 presb.,
2643 2030 2765 2088 Cat.
2794 2031 2936 2090 Bibl.
2984 2032 3120 2104 Reg.
3150 2033 3326 2091 Paris.
3365 2045 3403 2090 t.
3435 2035 3482 2103 l,-
3507 2035 3648 2102 595,
3681 2036 3780 2092 sub

2164 2125 2366 2180 saeculo
2395 2140 2508 2180 vui.

2236 2218 2592 2274 Praimittitar
2629 2217 2884 2276 Praefatio
2912 2218 2981 2276 de
3024 2219 3330 2276 Schismate
3359 2219 3552 2280 Ursini
3590 2221 3779 2293 subje-

2164 2321 2420 2380 clumque
2448 2321 2534 2366 est
2563 2311 2906 2382 Rescriptum
2927 2311 3220 2370 Theodosii
3247 2325 3346 2382 pro
3376 2314 3705 2372 Marcellino
3723 2324 3778 2370 et

2166 2403 2427 2460 Faustino
2476 2406 2830 2476 presbyteris.
2878 2405 3160 2462 Sirmondi
3201 2403 3460 2462 Prslatio
3498 2407 3694 2465 brevis
3719 2415 3774 2463 et

2162 2499 2449 2564 concinna,
2485 2499 2610 2555 libri
2634 2512 2688 2556 et
2714 2514 2894 2556 causa
2921 2502 3088 2556 totius
3108 2507 3484 2573 argumentum
3517 2503 3773 2559 luculen-

2166 2601 2248 2648 ter
2272 2595 2518 2663 esponit,
2549 2602 2710 2663 atque
2740 2593 3026 2664 subjuncta
3056 2595 3218 2650 habet
3245 2603 3490 2652 veterum
3529 2597 3610 2653 de
3633 2597 3777 2652 Con-

2162 2687 2427 2741 troversia
2450 2687 2593 2743 inter
2617 2685 2910 2744 Damasum
2929 2701 2984 2744 et
3011 2687 3269 2744 Ursinum
3291 2689 3494 2760 agitata
3521 2690 3775 2746 testimo-

2233 2873 2394 2928 1675.
2419 2871 2640 2929 Lutetia:
2663 2872 3038 2941 Paris.,.loan.
3071 2872 3227 2944 Bspt.
3258 2874 3562 2947 ϐρίθων-ἄη
3594 2874 3769 2945 εηψθ,

2162 2964 2401 3020 Faustini
2436 2965 2618 3035 presb.
2665 2965 2828 3021 Fides
2873 2966 3038 3021 missa
3077 2967 3386 3022 Theodosio
3422 2966 3767 3039 imperatori.

2160 3057 2344 3113 Edidit
2374 3056 2688 3113 Paschasius
2736 3057 3065 3124 Quesnellins
3097 3060 3244 3115 inter
3263 3058 3502 3115 Canoncs
3542 3072 3595 3117 et
3633 3060 3771 3117 Con-

2158 3155 2348 3209 stituit.
2388 3151 2536 3208 Eccl.
2573 3153 2918 3224 Romanarad
2951 3153 3138 3209 leonis
3165 3153 3242 3208 Μ.
3274 3169 3466 3226 opera,
3517 3163 3564 3212 t.
3608 3155 3682 3227 ll,
3711 3171 3765 3228 p.

452 3256 810 3317 Bibliotheca.
848 3264 994 3310 tomo
1022 3249 1085 3318 γ,
1119 3267 1171 3321 p.
1203 3248 1330 3312 716,
1369 3247 1618 3302 eumdem
1655 3245 1812 3315 plane
1857 3241 2050 3296 librum
2081 3253 2126 3318 ρ
2164 3248 2284 3304 133,

451 3351 552 3406 sub
611 3350 779 3419 ipsius
835 3344 1076 3404 Faustini
1125 3344 1376 3409 nomine,
1435 3341 1755 3409 inscriptum
1809 3335 2054 3390 Faustini

341 3495 364 3508 ,
452 3459 582 3514 apus
621 3443 675 3496 in
719 3440 823 3511 fide
873 3447 1049 3494 contra
1097 3437 1340 3500 Arianos,
1365 3443 1582 3488 exstare
1611 3431 1894 3486 annotavit
1930 3427 2053 3483 liti-

451 3537 566 3608 gius
586 3533 684 3605 (α).

527 3626 687 3683 1577.
723 3623 984 3686 ϐοιοηὶω,
1041 3637 1130 3690 per
1178 3619 1478 3674 Maternum
1515 3615 1832 3681 Chalinum,
1877 3611 2046 3678 iii—8°,

450 3720 600 3777 idem
627 3719 764 3776 liber
785 3733 854 3774 ex
881 3714 1102 3772 Achillis
1142 3714 1298 3770 Statii
1323 3713 1588 3778 editione,
1618 3708 1736 3766 Cat.
1769 3706 1910 3762 Bibl.
1936 3704 2049 3760 Bu-

449 3831 572 3870 nats.

523 3904 684 3962 1589.
726 3903 968 3970 Parisiis,
1011 3900 1190 3957 iit-fol.
1223 3897 1471 3969 Gregorii
1526 3897 1710 3953 Baetici
1756 3893 2048 3950 llliberita—

449 4015 533 4055 nae
556 3998 703 4056 sedis
729 3996 968 4069 episcopi
991 3994 1058 4050 ad
1084 3993 1296 4050 Gallam
1331 3992 1619 4047 Placidiam
1649 3993 1946 4060 Augustam
1976 3986 2047 4042 de

449 4092 713 4148 Trinitate
735 4101 790 4148 et
816 4090 923 4146 ﬁde
946 4097 1136 4145 contra
1177 4086 1408 4142 Arianos
1446 4085 1607 4151 liber,
1637 4085 1692 4140 in
1743 4082 1882 4138 Bibl.
1919 4081 2039 4137 PP.

445 4189 534 4246 ed.
569 4201 681 4244 sec.
726 4197 872 4244 temo
901 4185 994 4252 IV,
1049 4200 1104 4256 p.
1139 4183 1299 4240 1275.
1360 4183 1523 4254 Atqui
1557 4183 1609 4237 in
1639 4181 1833 4238 eodem
1873 4191 2042 4246 tomo,

444 4297 500 4354 p.
525 4280 653 4348 859,
685 4290 742 4337 et
777 4287 904 4336 ante
929 4279 1076 4335 hunc
1100 4277 1318 4347 quidem
1341 4285 1520 4332 exstat
1547 4273 1786 4330 Faustini
1815 4273 2042 4344 episcopi

443 4377 508 4430 de
537 4377 640 4446 [ide
664 4385 844 4430 contra
881 4375 1106 4430 Arianos
1145 4389 1298 4442 Opus.
1337 4369 1734 4426 Animadvertit
1759 4365 2042 4423 Fabricius

443 4467 521 4541 (b)
547 4471 598 4523 in
638 4485 703 4524 eo
725 4467 1056 4538 apographo,
1085 4466 1228 4536 quod
1253 4465 1354 4520 sub
1378 4463 1625 4534 Gregorii
1656 4461 1840 4517 Baetici
1864 4459 2054 4515 nomi-

441 4581 512 4622 ne
537 4564 703 4620 cditio
728 4566 901 4634 prima
929 4561 1240 4617 etsecunda
1265 4559 1403 4614 Bibl.
1435 4559 1537 4614 PP.
1563 4557 1806 4622 exhibet,
1834 4556 2038 4625 episto-

2233 3343 2395 3399 1677.
2434 3341 2702 3418 Lugduni,
2733 3341 2876 3414 apud
2924 3343 3252 3406 Anissonios,
3288 3341 3470 3398 in-fol.
3512 3343 3764 3400 Faustini

2157 3437 2370 3493 diaconi
2401 3454 2496 3493 seu
2526 3437 2826 3509 presbyteri
2858 3436 2995 3492 liber
3022 3437 3089 3491 de
3117 3435 3387 3493 Trinitate
3405 3451 3501 3492 seu
3531 3435 3608 3493 tle
3629 3435 3764 3494 Fide

2154 3540 2346 3588 contra
2376 3533 2626 3587 Arianos.
2653 3531 2900 3586 Accessit
2919 3530 3136 3585 libellus
3157 3530 3384 3586 Precum
3421 3529 3490 3585 ad
3521 3531 3764 3602 impera-

2156 3634 2306 3682 tores
2334 3641 2454 3681 cum
2501 3627 2772 3696 rescripto
2794 3623 3090 3680 Theodosii
3115 3627 3295 3681 editus
3318 3626 3550 3696 primum
3581 3642 3610 3680 a
3643 3625 3760 3684 Sir-

2154 3719 2382 3784 mondo,
2416 3720 2467 3773 in
2499 3729 2643 3772 tomo
2675 3717 2713 3772 ν
2747 3715 2884 3772 Bibl.
2921 3715 3069 3772 Max.
3095 3716 3244 3782 PP.,
3281 3735 3335 3788 p.
3369 3717 3633 3776 637—661.

2227 3812 2386 3868 1678.
2431 3811 2643 3879 Oxonii,
2675 3825 2704 3865 ο
2739 3811 2929 3866 theatr.
2981 3810 3362 3879 Sheldoniano,
3391 3810 3565 3879 ino8°,
3609 3811 3758 3869 Fau-

2150 3905 2278 3959 stini
2300 3904 2604 3975 presbyteri
2626 3904 2910 3974 scriptoris
2934 3903 3122 3958 saeculi
3145 3904 3322 3974 quarti
3347 3914 3402 3959 et
3419 3904 3548 3960 ﬁdei
3573 3906 3760 3962 ortho-

2149 3997 2308 4053 doxa:
2333 3996 2596 4052 adversus
2619 3995 2854 4051 Arianos
2888 3995 3118 4052 vindicis
3148 3998 3400 4052 acerrimi
3431 3997 3634 4069 Opera.

2224 4089 2557 4146 Exhibentur
2589 4107 2603 4144 :
2635 4089 2688 4144 1⁸
2715 4087 2959 4144 Faustini
2981 4091 3151 4161 presb.
3185 4088 3348 4147 Fides
3397 4090 3594 4146 Theod.
3628 4093 3753 4166 imp.

2149 4186 2307 4239 missa
2330 4195 2378 4239 et
2405 4185 2460 4238 in
2513 4182 2754 4238 Codioem
2784 4183 3050 4240 (Iunonum
3097 4183 3347 4240 Ecclesiie
3373 4183 3626 4242 Romanis
3675 4201 3757 4241 re—

2147 4289 2318 4349 cepta;
2347 4277 2407 4332 3°
2441 4275 2738 4332 Marcellini
2761 4288 2808 4332 et
2837 4275 3082 4334 Faustini
3104 4277 3340 4334 Libellus
3375 4278 3602 4335 Precum
3631 4287 3753 4337 cum

2146 4373 2455 4444 praefatione
2481 4374 2546 4427 de
2570 4369 2861 4430 Schisrnate
2884 4372 3063 4429 Ursini
3088 4383 3136 4427 et
3165 4373 3440 4446 Rescripta
3455 4374 3750 4439 Theodosii,

2146 4483 2202 4535 p.
2227 4466 2380 4532 1-61;
2402 4466 2460 4522 3°
2491 4467 2555 4521 de
2582 4465 2836 4521 Trinitate
2857 4466 2987 4522 liber
3013 4466 3081 4520 ad
3107 4463 3422 4522 Flaccillam
3440 4467 3752 4541 (inscriptio

2145 4558 2248 4614 sub
2271 4558 2485 4613 initium
2517 4558 2692 4630 ipsius
2713 4559 2836 4615 libri
2862 4558 3025 4614 habet
3052 4559 3117 4614 ad
3146 4558 3350 4613 Gallam
3388 4558 3684 4616 Placidia»:
3706 4559 3748 4631 ),

439 4659 546 4714 lam
575 4656 642 4712 ad
655 4655 957 4711 Flaccillam
982 4653 1161 4724 priore
1187 4661 1341 4723 parte
1369 4665 1612 4705 mancam
1641 4663 1786 4714 esse,
1811 4664 1934 4704 cum
1959 4657 2038 4702 ta-
2063 4653 2118 4716 ι)
2144 4669 2267 4725 pag.
2303 4653 2528 4710 65-161.
2563 4652 2786 4724 Adjecta
2813 4665 2938 4709 sunt
2973 4655 3025 4708 in
3050 4654 3292 4725 singulos
3322 4655 3536 4710 libellos
3582 4656 3751 4711 adno-

437 4765 565 4808 men
607 4750 658 4804 in
704 4743 1245 4816 Orthodoxographis
1272 4752 1327 4798 et
1370 4742 1641 4797 universis
1682 4741 2035 4796 Collectioni-

434 4842 560 4908 bus,
591 4841 646 4897 in
669 4840 862 4910 quibus
877 4840 978 4896 sub
996 4838 1236 4892 Faustini
1275 4834 1492 4890 nomine
1536 4835 1838 4904 evulgatur,
1871 4841 2034 4903 atque

435 4936 571 4991 adeo
601 4934 653 4988 in
697 4933 779 4986 his
810 4932 941 5002 ipsis
984 4930 1123 4985 Bibl.
1163 4929 1266 4984 PP.
1315 4926 1645 4982 editionibus
1683 4927 1892 4997 integra
1937 4926 2031 4982 illa

431 5036 632 5085 exstet.
670 5025 851 5082 Facile
883 5025 1045 5096 igitur
1085 5022 1280 5095 eonjici
1319 5029 1520 5093 potest,
1567 5021 1836 5078 defectum
1866 5023 2030 5078 istum

429 5121 498 5177 ad
549 5120 841 5177 editionem
880 5117 1106 5174 Achillis
1153 5117 1314 5174 Statii
1357 5116 1654 5187 pertinere,
1689 5117 1832 5174 unde
1887 5117 2029 5174 haud

429 5212 593 5269 dubie
646 5216 762 5269 sine
808 5210 913 5266 ulla
943 5225 1071 5265 cura
1101 5219 1156 5266 et
1209 5209 1732 5279 circumspectione,
1767 5219 2022 5279 tanquam

428 5306 674 5363 diversus
701 5321 731 5362 a
781 5303 1024 5362 Faustini
1067 5304 1328 5376 opusculo
1373 5304 1534 5374 liber,
1563 5303 1618 5360 in
1659 5304 2027 5362 Bibliotheca-

428 5413 548 5456 rum
579 5399 780 5470 primas
810 5397 1078 5454 editiones
1105 5397 1287 5454 illatus
1310 5406 1416 5454 est.

1009 5489 1248 5548 διαυιο
1289 5506 1426 5547 xvu.

2143 4756 2250 4802 tata
2281 4763 2464 4803 rerum
2494 4749 2814 4803 memoriam
2844 4748 3191 4805 illustrantia.
3222 4747 3429 4804 Prwter
3477 4750 3751 4820 praelatio-

2141 4855 2266 4894 nem
2317 4839 2666 4910 praemittitur
2717 4843 2902 4896 incerti
2949 4843 3180 4897 auctoris
3224 4840 3294 4896 14
3331 4840 3590 4910 Vitarttm,
3632 4855 3749 4912 qua

2140 4931 2390 5007 Catologo
2413 4931 2483 4988 D.
2517 4932 2712 4988 Isidori
2737 4944 2786 4990 et
2819 4932 3081 5006 Ildefonsi
3132 4932 3502 5002 adnotantur,
3551 4935 3747 4990 notitia

2141 5028 2206 5082 de
2239 5027 2576 5084 Marcellino.
2602 5028 2856 5085 Praelatio
2895 5029 2965 5084 ad
2995 5027 3308 5084 Flaccillam
3355 5041 3551 5102 magna
3597 5037 3746 5101 parte

2139 5120 2416 5177 decurtata
2448 5121 2534 5177 hic
2557 5129 2984 5193 repraesentetur
3005 5119 3270 5192 incipiens
3293 5137 3326 5177 a
3359 5121 3580 5178 verbis:
3605 5121 3746 5177 Inci-

2137 5215 2346 5285 piamus
2372 5230 2496 5287 ergo
2527 5213 2840 5270 obedienter.

2206 5307 2368 5364 1696.
2414 5307 2661 5376 Parisiis,
2695 5305 3129 5380 atgpographia
3165 5307 3332 5381 regia,
3357 5305 3540 5362 in—fol.
3592 5304 3745 5363 libel-

2132 5400 2218 5456 lus
2240 5401 2470 5456 Precum
2503 5415 2576 5456 ex
2605 5402 2846 5458 editione
2871 5400 3172 5467 Sirmondi,
3222 5402 3276 5456 in
3311 5399 3572 5471 Oper-ibes
3604 5401 3742 5473 ejus,

2131 5504 2279 5550 tome
2304 5493 2347 5560 l,
2378 5509 2432 5566 p.
2456 5495 2722 5552 250-262.
2755 5494 2999 5551 Contulit
3015 5495 3198 5552 editor
3222 5510 3450 5566 operum
3498 5497 3750 5554 Sirmon—

498 5587 656 5644 1610.
700 5585 950 5652 Parisiis,
999 5584 1180 5641 in-i‘ol.
1230 5583 1476 5640 Faustini
1527 5585 1775 5657 episcopi
1813 5583 1881 5642 de
1912 5582 2022 5639 fide
2128 5587 2418 5643 dianorum
2463 5602 2586 5642 cum
2637 5586 2764 5642 cod.
2805 5602 2909 5644 ms.
2935 5587 3077 5644 Bibl.
3109 5584 3464 5657 Colbertinai,
3507 5587 3748 5660 indeque

422 5691 610 5742 contra
639 5684 870 5762 Arianos
914 5679 1076 5752 liber,
1099 5682 1157 5740 in
1183 5680 1324 5740 Bibl.
1356 5679 1464 5740 PP.
1504 5687 1654 5738 temo
1684 5669 1782 5746 ιγ,
1806 5695 1858 5750 ρ.
1885 5675 2016 5735 765.

497 5849 572 5924 (α)
597 5849 674 5910 De
691 5845 1043 5912 Bibliothecis
1071 5845 1202 5919 PP.,
1232 5859 1286 5918 p.
1318 5842 1409 5913 57,
1441 5841 1514 5900 cl.
1547 5839 1638 5900 41.

2129 5680 2406 5736 variantes
2446 5679 2709 5736 lectiones
2751 5681 3029 5754 apposuit,
3059 5680 3300 5752 itemque
3335 5681 3628 5738 nonnullas
3671 5692 3746 5737 ex

2210 5837 2291 5915 (b)
2311 5840 2457 5900 Bibl.
2489 5839 2610 5901 Lat.
2637 5842 2708 5902 Μ.
2727 5851 2784 5902 et
2810 5843 2909 5901 inf.
2943 5843 3032 5902 ed.
3055 5841 3226 5902 Mansi
3255 5851 3387 5900 tom.
3420 5844 3484 5914 ll,
3508 5858 3568 5917 p.
3609 5842 3737 5901 HO.
