3998 6346
194 298 262 369 s1
1573 302 1663 363 ne
1703 292 1818 365 ται

1907 304 2101 363 [ΛΤΒ.
2648 361 2665 373 ,
3423 304 3493 365 38

193 420 506 492 Remigiano
552 416 777 487 codice,
809 429 1039 490 quarum
1068 414 1417 474 Mabillonius
1464 420 1679 489 copiam
1730 420 1777 475 ei
1809 463 1818 485 λ

1960 418 2119 474 1770.
2144 416 2391 481 Veneliis,
2406 433 2470 472 ex
2490 426 2693 489 lypogr.
2708 416 2870 474 Joan.
2884 418 3042 488 Bapl.
3060 419 3289 481 Albrilii.
3311 420 3491 477 in-lol.

198 516 408 572 iecerat.

261 606 418 665 1700.
458 604 729 679 Lugduni,
759 604 937 661 indol.
982 604 1225 661 Faustini
1269 604 1573 678 presbyteri
1622 605 1789 662 Fides

195 699 355 754 missa
381 696 696 753 Theodosio
727 698 1063 769 imperatori,
1113 696 1167 752 in
1211 696 1402 752 Codice
1439 696 1709 753 Canonum
1740 703 1789 753 et

196 792 630 848 Constitutionum
660 793 889 847 ecclesia:
918 792 1165 848 Romana:
1224 794 1373 848 edito
1393 808 1423 848 a
1473 793 1789 860 Quesneliio

195 884 248 940 in
267 886 567 958 Appendice
594 885 664 939 ad
695 884 866 957 Opera
895 884 1083 940 Leonis
1124 884 1229 953 31.,
1256 892 1403 942 tomo
1434 886 1498 953 ΙΙ,
1542 899 1666 958 pag.
1695 886 1789 954 7'5;

194 990 313 1051 ap.
336 976 431 1035 δα

787 1071 1017 1129 Secum
1052 1084 1203 1128 mu.

264 1163 425 1220 1757.
475 1161 737 1230 Venetits,
769 1162 949 1219 in—iol.
984 1160 1229 1220 Faustini
1278 1161 1583 1236 presbyteri
1633 1158 1797 1219 Fides

196 1256 357 1311 missa
380 1255 695 1313 Theodosio
742 1258 1055 1328 imperatori
1094 1259 1148 1312 in
1194 1256 1382 1313 Codice
1425 1255 1696 1312 Canonum
1749 1264 1797 1313 el

202 1348 393 1405 Butes.
429 1349 670 1405 Constiu.
701 1350 861 1408 Sedis
895 1350 1227 1424 Apostolicae
1272 1351 1339 1407 ad
1384 1350 1558 1424 Opera
1607 1350 1796 1406 Leonis

199 1443 339 1500 edito
362 1457 392 1499 θ
422 1441 724 1500 Balleriniis
754 1444 1033 1510 fratribus,
1066 1456 1216 1503 tomo
1253 1445 1346 1512 Ill,
1373 1462 1425 1517 p.
1458 1445 1586 1502 278.

482 1768 532 1805 σε

1897 512 2137 567 Faustini
2165 512 2345 581 presh.
2382 513 2579 580 Opera.
2617 514 2976 566 Acet'sserunt
3004 512 3249 582 ejusdem
3273 511 3493 568 Fausti-

1898 605 1950 660 ni
1999 615 2053 660 et
2102 603 2401 658 Marcellini
2449 603 2659 657 libellus
2711 604 2939 659 Precnm
2991 606 3057 660 ad
3111 606 3491 675 imperatores;

1894 710 2023 754 cura
2055 697 2277 751 Andreas
2304 694 2589 761 Gallandii,
2620 696 2673 749 in
2699 694 2834 750 Bibl.
2864 695 2981 750 PP.
3006 698 3132 750 Aut.
3157 706 3205 751 et
3240 695 3353 752 Vel.
3382 696 3495 754 SS.

1894 788 2066 854 Eccl.,
2098 798 2137 843 ι.
2174 787 2311 854 vm,
2352 787 2696 859 nul-474.

1967 884 2205 938 Primum
2233 881 2411 938 locum
2440 889 2711 953 occupant
2736 881 2858 935 libri
2880 881 2944 935 de
2980 880 3268 949 Trinitate,
3301 880 3500 938 deinde

1903 975 2064 1032 Fides
2085 976 2379 1031 Theodosio
2406 976 2585 1042 missa,
2619 985 2896 1045 postremo
2919 974 3121 1029 libellus
3150 974 3374 1030 Prrcum
3407 988 3499 1031 so<~

1901 1078 2158 1142 qunntur.
2193 1069 2395 1125 Przeter
2424 1070 2697 1124 variantes
2725 1069 2794 1122 ab
2838 1067 3141 1122 editoribus
3167 1067 3399 1123 diversis
3428 1081 3497 1123 ea

1897 1165 2021 1220 cod.
2055 1179 2188 1220 mss.
2228 1165 2435 1231 allatas,
2457 1171 2805 1219 accesserunt
2841 1162 3223 1217 cunctationes
3252 1161 3497 1232 quaedam

1902 1255 2158 1311 Μαιοιήδὺ
2185 1268 2251 1312 ex
2282 1256 2421 1311 libro
2448 1271 2609 1326 supra
2663 1255 2879 1310 laudato
2910 1264 2965 1309 et
3009 1254 3282 1310 Gallandii
3311 1255 3499 1324 conje-

1899 1357 2067 1406 ctera:
2090 1349 2357 1420 quadam.
2383 1348 2663 1404 Accedunt
2685 1348 3066 1419 prolegomene
3090 1347 3160 1403 de
3185 1348 3499 1404 Marcellino

1900 1454 1954 1500 et
1983 1441 2241 1499 Faustino
2269 1441 2658 1498 eruditissima.
2690 1441 2836 1497 Prol.
2866 1456 2915 1496 e.
2960 1442 3051 1510 10,
3081 1457 3136 1513 p.
3166 1455 3388 1497 itm-xv.

1178 1702 1704 1825 ~EAUSTINI
1780 1702 2487 1776 PRESBYTER!

610 1875 772 1957 AD
831 1862 1315 1958 GALLAM
1372 1855 2072 1958 PLACIDIAM‘
2147 1874 2307 1956 DE
2382 1873 3063 1982 TRINITATE,

1036 2038 1242 2103 SIVE
1309 2032 1425 2125 DE
1502 2030 1721 2102 FIDE
1787 2032 2164 2105 CONTRA
2230 2032 2660 2131 ARIANOS.

365 2280 750 2340 FAUSTINUS
788 2278 1140 2339 AUGUSTAQ
1180 2278 1619 2337 FLACCILLIE.

274 2421 520 2494 Reginam
554 2420 605 2477 te
631 2420 779 2478 orbis
809 2420 1084 2475 Romanus
1126 2419 1386 2489 suspicit:
1432 2427 1485 2473 et
1527 2416 1650 2489 quia
1683 2408 1795 2486 jam

203 2514 330 2570 nihil
361 2527 441 2571 est
462 2557 476 2581 ,
510 2530 618 2586 quo
647 2514 877 2585 amplius
915 2529 1166 2570 crescere
1193 2512 1394 2569 debeas
1423 2514 1473 2566 in
1506 2513 1666 2567 rebus
1697 2511 1798 2566 hn-

203 2606 368 2661 manis
394 2648 410 2673 ,
453 2606 881 2662 sublimitatibus
913 2623 1019 2662 non
1049 2615 1301 2661 contenta
1338 2604 1567 2660 terrenis
1591 2646 1607 2673 ,
1641 2620 1795 2661 sacra

203 2699 253 2753 in
289 2700 447 2754 Deum
488 2697 597 2754 fide
625 2700 872 2756 caelestia
909 2697 1187 2755 desideras
1218 2697 1526 2770 possidere,
1557 2713 1678 2769 qua:
1709 2713 1798 2752 ve-

200 2805 292 2845 rus
316 2788 483 2846 Filius
520 2790 650 2861 Dei,
697 2792 750 2847 in
789 2808 848 2848 se
889 2792 973 2862 pie
1002 2790 1351 2847 credentibus
1385 2792 1688 2861 pollicetur.
1734 2790 1805 2845 Et

202 2882 313 2939 haec
341 2886 496 2957 quasi
525 2902 626 2941 una
647 2886 713 2941 de
736 2887 1154 2957 sapientissimis
1182 2886 1455 2953 elaboras,
1487 2884 1795 2955 intelligens

200 2991 410 3033 omnem
442 2980 585 3035 hanc
631 2980 781 3051 regni
823 2979 1209 3035 sublimitatem
1241 2970 1378 3033 nihil
1423 2980 1796 3049 profuturam,

200 3074 243 3127 si
278 3088 381 3127 nou
412 3072 479 3127 ad
520 3073 797 3129 cmlestem
826 3074 1051 3145 gloriam
1091 3074 1533 3142 consequendam
1568 3088 1709 3126 verm
1736 3070 1799 3126 ﬁ-

198 3156 279 3213 dei
326 3160 637 3229 cognitione
686 3172 741 3215 et
788 3159 1105 3215 defensiOnc
1143 3160 1464 3214 contendas.
1515 3161 1579 3213 Et
1616 3170 1795 3213 tamen

197 3262 460 3321 apparet,
498 3270 655 3321 qnam
691 3262 842 3321 grata
874 3254 945 3307 sis
976 3254 1027 3307 in
1068 3250 1287 3308 ChriSto
1322 3253 1432 3308 Deo
1472 3260 1526 3307 et
1570 3252 1799 3306 Domino

197 3357 405 3410 nostro,
435 3346 531 3416 qui
560 3347 713 3401 Vobis
744 3344 848 3401 hoc
879 3362 1100 3417 regnum
1135 3346 1353 3411 tribuit;
1402 3361 1525 3400 cum
1563 3345 1797 3400 sollicita

199 3440 625 3515 interrogatione
654 3442 920 3514 perquiris
945 3486 959 3507 ,
994 3441 1267 3514 quomodo
1302 3443 1535 3512 capitula
1572 3442 1663 3498 illa
1689 3444 1800 3499 sol-

202 3548 417 3602 vantur,
461 3553 583 3607 quae
626 3537 693 3593 ab
729 3536 940 3592 Arianis
979 3536 1238 3592 adversus
1276 3536 1586 3593 Catholicos
1630 3552 1800 3593 sacra:

200 3625 338 3697 legis
358 3628 898 3699 interpretationibus
919 3640 1285 3700 apponuntur.
1313 3628 1529 3685 llabens
1551 3628 1797 3687 allectum

204 3734 345 3774 verte
368 3719 495 3776 ﬁdei
525 3763 540 3786 ,
583 3722 756 3791 cupis,
803 3731 961 3792 prout
1004 3716 1263 3793 possibile
1308 3734 1424 3788 est,
1470 3723 1792 3793 intelligere,

201 3812 341 3882 quod
372 3810 613 3868 ﬁdeliter
642 3815 843 3870 credis.
874 3812 1007 3884 Quia
1031 3824 1085 3869 et
1117 3824 1243 3871 tunc
1267 3817 1438 3887 magis
1460 3818 1639 3872 anima
1668 3818 1799 3874 reli-

202 3906 369 3975 giosa,
404 3904 556 3962 velut
582 3898 777 3963 divinis
800 3908 975 3978 epulis
999 3911 1257 3979 pascitur,
1283 3926 1405 3965 cum
1433 3912 1574 3981 quod
1597 3913 1793 3980 credit,

204 3996 468 4068 intelligit.
500 3997 606 4053 Sed
636 4007 691 4054 et
716 4014 836 4054 cum
855 4001 1154 4056 exsecreris
1177 4000 1370 4071 impias
1400 4018 1559 4058 voces
1585 4004 1801 4062 haereti-

205 4104 384 4144 corum
405 4132 421 4155 ,
470 4096 652 4147 tamen
692 4092 948 4164 religioso
979 4093 1158 4148 studio
1193 4095 1384 4150 instrui
1413 4097 1675 4153 adversus
1700 4114 1797 4156 eos

203 4182 501 4245 desideras.
538 4186 673 4239 utet
703 4186 965 4241 rationem
988 4186 1098 4256 jam
1132 4203 1353 4259 respuas
1379 4208 1391 4242 :
1423 4206 1490 4246 ue
1522 4190 1625 4247 hoc
1652 4193 1797 4263 quod

203 4275 524 4339 exsecraris,
555 4279 705 4347 quasi
742 4295 808 4332 ex
849 4279 1001 4350 regni
1046 4283 1308 4350 potentia,
1356 4288 1799 4355 praesumptionis

205 4366 447 4422 videatur
482 4384 640 4437 esse,
682 4387 789 4425 non
835 4372 1188 4442 probationis.
1228 4375 1335 4430 Sed
1374 4376 1497 4431 huic
1535 4388 1641 4432 tam
1687 4381 1797 4449 pio,

142 4494 147 4497 -
207 4468 310 4514 tam
342 4465 651 4518 necessario
678 4475 725 4521 et
760 4466 1123 4536 pulcherrimo
1144 4470 1416 4526 desiderio
1440 4484 1553 4539 tuo,
1584 4475 1686 4529 etsi
1714 4490 1800 4531 me

206 4554 465 4627 imparem
508 4560 680 4626 vides,
730 4572 905 4617 tamen
942 4575 1001 4618 ut
1041 4565 1305 4622 resistens
1350 4566 1800 4626 obviam‘venire

207 4664 311 4705 non
351 4650 544 4707 audeo.
587 4648 864 4712 Cenliteor
899 4660 1040 4713 enim
1079 4662 1224 4732 quod
1269 4663 1371 4717 hac
1417 4680 1502 4719 me
1542 4663 1800 4723 inhabilis

207 4746 558 4813 conscientia,
587 4757 640 4804 et
665 4750 929 4821 imperitia
960 4756 1190 4825 squalidi
1220 4760 1489 4813 sermonis
1514 4760 1799 4825 snll‘undit,

211 4853 261 4895 ut
292 4850 499 4897 taceam
528 4862 541 4897 :
590 4842 692 4899 hac
729 4843 910 4902 fervor
950 4848 1072 4904 lidei
1096 4894 1109 4917 ,
1144 4852 1439 4922 periculum
1471 4854 1644 4909 credit
1680 4869 1802 4911 esse

209 4933 251 4987 si
279 4941 486 4989 taceam
517 4954 529 4989 :
564 4938 835 5007 quomodo
860 4940 1003 4995 enim
1031 4942 1329 5011 periculum
1361 4962 1466 5000 non
1495 4948 1729 5014 videtur,
1756 4947 1802 5002 si

210 5026 468 5083 adversus
507 5018 720 5087 hostem
754 5033 975 5103 impium
1006 5040 1279 5105 provocati
1313 5041 1643 5098 conscientia
1689 5044 1805 5098 elo-

1826 2280 1875 2342 B
1904 2291 2007 2332 non
2042 2280 2273 2350 trepidet
2301 2280 2549 2335 conﬁteri
2579 2322 2592 2347 ,
2626 2281 2895 2350 ‘exemplo
2924 2280 3070 2336 illius
3097 2281 3397 2352 evangelici
3427 2283 3505 2337 la—

1904 2373 2074 2426 tronis
2099 2412 2112 2438 ,
2155 2372 2248 2442 qui
2288 2388 2397 2443 quo
2427 2372 2515 2428 die
2563 2372 2847 2427 confessus
2888 2382 2971 2427 est
3016 2373 3222 2437 Deum,
3273 2375 3393 2444 ipso
3417 2374 3507 2431 die

1899 2467 2096 2519 meruit
2123 2480 2244 2519 cum
2271 2481 2338 2520 eo
2365 2468 2419 2520 in
2450 2465 2784 2535 paradisum,
2809 2481 2968 2535 quem
2994 2465 3277 2520 confessus
3304 2464 3503 2533 fuerat,

1901 2558 2149 2613 introire.
2185 2557 2511 2628 Incipiamus
2534 2573 2664 2628 ergo
2684 2599 2697 2625 ,
2730 2558 3049 2612 obedientes
3076 2559 3506 2629 religiosissimis

1900 2651 2184 2719 praeceptis
2204 2652 2334 2717 tuis,
2355 2650 2617 2705 collidere
2640 2663 2762 2705 cum
2790 2649 3127 2714 adversario,
3154 2666 3261 2704 non
3286 2650 3504 2720 quidem

1899 2746 1969 2800 de
2005 2746 2205 2800 nostris
2236 2746 2438 2801 viribus
2466 2755 2859 2816 praesumentes
2881 2788 2894 2812 ,
2944 2746 3037 2801 sed
3070 2748 3329 2802 habentes
3370 2747 3507 2802 lidu-

1902 2838 2045 2893 ciam
2082 2839 2149 2893 de
2182 2838 2472 2908 praesidiali
2526 2840 2826 2909 patrocinio
2874 2839 3192 2907 Salvatoris,
3238 2840 3507 2895 adversus

1900 2944 2062 3001 quem
2096 2947 2247 2986 more
2277 2932 2559 3003 gentilium
2598 2941 2653 2988 et
2690 2935 2873 2989 lurore
2901 2933 3249 3001 Jndaeorum,
3297 2934 3502 2990 bellum

1901 3026 2138 3096 exagitat
2167 3024 2417 3097 impietas
2445 3028 2849 3082 ltaareticorum.
2891 3026 3003 3083 Sed
3028 3027 3153 3097 quia
3186 3028 3240 3081 in
3270 3027 3354 3083 his
3383 3043 3505 3097 quae

1902 3120 2140 3197 scribere
2186 3120 2405 3192 dignata
2451 3137 2511 3177 es
2554 3132 2619 3177 ex
2668 3135 2897 3191 persona
2951 3121 3353 3187 haereticorum,
3399 3121 3509 3177 vidl

1907 3216 2126 3284 plurima
2158 3228 2280 3271 esse
2304 3216 2525 3271 confusa
2547 3260 2561 3283 ,
2598 3226 2654 3270 ut
2685 3217 2947 3271 videreris
2985 3216 3118 3271 mihi
3150 3230 3256 3271 non
3287 3216 3504 3287 plenius

1903 3320 2064 3361 nosse
2091 3322 2210 3377 quae
2254 3318 2499 3363 asserant
2539 3309 2760 3375 Ariani;
2803 3310 2994 3363 melius
3021 3311 3272 3380 opinatus
3301 3311 3508 3383 sumpsi

1905 3402 2133 3472 primum
2170 3402 2371 3472 liquido
2402 3404 2576 3473 palam
2621 3405 2795 3458 lacere
2829 3404 3102 3472 quomodo
3133 3404 3359 3459 credant
3385 3447 3399 3470 ,
3446 3412 3505 3460 et

1904 3495 2175 3563 quomodo
2203 3497 2301 3549 sub
2326 3497 2675 3567 ambiguitate
2703 3499 2971 3552 sermonis
2997 3498 3275 3567 simplices
3296 3498 3508 3552 animas

1906 3591 2151 3659 capiant;
2178 3599 2229 3644 et
2257 3598 2380 3645 tunc
2414 3590 2670 3654 maxime,
2700 3604 2821 3643 cum
2854 3589 2957 3644 sub
2981 3589 3253 3644 comrmmi
3285 3587 3507 3645 confes-

1828 3691 1875 3755 ρ
1905 3680 2059 3736 sione
2100 3682 2265 3751 impia
2310 3696 2404 3736 sna
2446 3683 2609 3736 verba
2651 3682 3075 3737 cetnmendant:
3126 3684 3249 3750 quia
3286 3692 3341 3738 et
3380 3691 3509 3738 wno

1903 3772 2119 3827 demum
2151 3774 2217 3828 ad
2241 3774 2561 3829 solutionem
2582 3773 2759 3829 ﬁdelis
2784 3775 3067 3845 responsio
3089 3774 3377 3830 manifesta
3403 3783 3509 3843 est,

1903 3868 1949 3923 si
1987 3867 2137 3938 prius
2180 3869 2461 3939 sacrilega:
2492 3876 2658 3924 secta:
2691 3868 2853 3939 impia
2890 3870 3266 3939 tergiversaris
3304 3882 3504 3941 propa-

1904 3958 2064 4015 letur.

2424 4055 2658 4112 CAPUT
2697 4055 2983 4111 PRIMUM.

2194 4168 2273 4226 De
2310 4172 2631 4244 professione
2663 4172 2826 4243 impia
2867 4164 3207 4225 Arianorum.

1976 4285 2018 4341 Ι.
2059 4286 2259 4341 Ariana
2291 4287 2540 4356 impietas
2571 4288 2591 4317 ¹
2622 4289 2822 4342 asserit
2849 4285 3016 4340 multa
3062 4285 3348 4341 nobiscum
3382 4287 3506 4356 qui-

1902 4378 2029 4434 dem
2079 4378 2272 4433 iisdem
2318 4377 2685 4441 sermonibus,
2732 4376 2828 4431 sed
2871 4391 2979 4430 non
3021 4376 3212 4431 iisdem
3255 4378 3511 4436 sensibus

1907 4472 2265 4546 (conﬁtetur),
2292 4487 2412 4527 cum
2436 4474 2503 4526 ad
2533 4472 2734 4527 divinae
2762 4470 2886 4526 ﬁdei
2911 4471 3313 4528 confessionem
3346 4488 3509 4528 voca-

1906 4577 2012 4622 tur.
2068 4566 2203 4621 Nam
2237 4565 2428 4622 iisdem
2459 4567 2657 4635 quibus
2711 4577 2767 4622 et
2818 4582 2921 4622 nos
2979 4568 3205 4622 vocibus
3253 4576 3515 4636 personat

1905 4664 2075 4719 Deum
2090 4663 2398 4729 Patrem,et
2422 4662 2588 4717 Deum
2612 4661 2834 4727 Filium,
2868 4671 2924 4716 et
2951 4662 3133 4716 omnia
3158 4676 3185 4713 a
3215 4648 3326 4716 Deo
3353 4660 3514 4719 Patre

1906 4777 2003 4832 per
2028 4761 2195 4815 lilium
2227 4760 2393 4826 laeta,
2434 4770 2488 4816 et
2515 4760 2683 4814 lilium
2712 4769 2839 4813 ante
2869 4758 3067 4814 smcula
3103 4758 3371 4828 genitum.
3401 4754 3509 4813 Sed

1905 4870 2028 4909 cum
2058 4854 2335 4910 nobiscum
2361 4850 2457 4923 per
2480 4853 2597 4908 haec
2617 4852 2779 4908 verba
2809 4850 3127 4915 concordet,
3154 4850 3512 4906 nihilominus

1905 4951 2185 5020 Sacrilegis
2218 4950 2508 5006 verborum
2540 4948 3092 5019 interpretationibus
3119 4961 3146 4999 a
3182 4946 3283 5015 piis
3316 4946 3510 5001 Eccle-

1906 5043 2004 5099 siae
2042 5044 2329 5099 catholica:
2368 5043 2621 5099 sensibus
2662 5042 2682 5073 ³
2709 5041 3021 5111 abrumpit,
3068 5040 3143 5095 ita
3185 5040 3373 5094 dicens
3419 5052 3513 5109 pa-

211 5118 430 5190 quendi,
460 5138 579 5192 qua:
607 5126 956 5197 verecundia,
987 5130 1141 5199 quasi
1166 5140 1311 5202 terga
1346 5140 1663 5190 vertamus?
1687 5136 1802 5192 Ma-
1828 5120 1884 5181 D
1912 5147 2049 5194 trem
2071 5179 2086 5204 ,
2117 5148 2177 5193 ut
2207 5154 2314 5193 non
2344 5153 2471 5193 vere
2501 5138 2751 5209 genuerit
2776 5155 2789 5190 :
2840 5136 2912 5191 ita
2945 5134 3117 5190 ﬁlium
3145 5147 3363 5205 quoque
3386 5146 3515 5204 pro-

211 5213 353 5266 xime
376 5255 392 5277 ,
433 5229 554 5269 cum
593 5217 643 5271 in
679 5232 838 5273 causa
870 5221 994 5275 lidei
1025 5240 1130 5278 non
1156 5226 1466 5282 sermonum
1493 5229 1805 5287 sublimitas

209 5305 533 5372 requirenda
575 5308 693 5375 est,
732 5312 948 5381 quando
986 5314 1100 5383 ipsa
1134 5318 1249 5372 sola
1279 5322 1588 5376 testimonia
1620 5323 1804 5380 divina

210 5394 498 5467 sufﬁciant,
544 5416 665 5471 quae
704 5404 881 5473 potius
920 5420 1236 5477 operantur,
1285 5426 1445 5482 quam
1477 5416 1685 5484 quaevis
1728 5415 1808 5470 le-

211 5488 436 5546 cundior
452 5492 782 5564 eloquentia.
808 5496 916 5553 Sed
939 5512 1037 5556 nec
1063 5498 1316 5560 vitiorum
1346 5509 1683 5566 conscientia
1714 5524 1808 5566 co-

209 5580 427 5651 gitanda’
456 5592 562 5654 est,
586 5587 804 5658 quando
832 5593 1010 5661 potius
1041 5594 1336 5667 relevatur,
1360 5599 1407 5656 si
1428 5602 1606 5673 primo
1634 5604 1805 5665 Deum

214 5780 215 5787 η
284 5760 302 5842 ξ
331 5761 420 5842 al.
444 5768 643 5842 rectius
667 5784 787 5828 cum
812 5773 1110 5842 Gennadio,
1148 5777 1477 5838 Flaccillam.

283 5836 302 5864 ⁹
330 5834 533 5893 Adsen't
559 5842 758 5911 quidem
783 5846 943 5902 multa
966 5834 1435 5910 nobiscumiisdent
1445 5834 1801 5925 sermonibus,

1913 5235 2193 5300 nuntians,
2224 5242 2281 5289 ut
2302 5233 2444 5304 apud
2472 5248 2597 5289 eum
2637 5231 2966 5300 adeptione,
2996 5244 3103 5285 non
3130 5222 3324 5283 natura
3356 5226 3425 5282 sit
3450 5226 3514 5280 li-

1913 5313 2041 5391 lius,
2072 5326 2125 5381 id
2154 5336 2260 5392 est,
2285 5333 2344 5379 ut
2369 5325 2588 5381 aliunde
2608 5325 2672 5379 ad
2698 5324 2793 5379 lilii
2819 5338 3019 5379 nomen
3043 5330 3375 5390 assumptus,
3399 5333 3514 5376 non

1913 5433 2044 5475 vere
2070 5418 2138 5474 de
2168 5419 2278 5474 Deo
2305 5419 2466 5474 Patre
2492 5418 2564 5473 sit
2586 5417 2821 5488 genitus.
2850 5415 2986 5471 Nam
3018 5415 3145 5470 licet
3173 5422 3229 5467 et
3257 5419 3385 5467 ante
3412 5424 3516 5466 sae-

1916 5514 2035 5569 cula
2076 5512 2248 5568 lilium
2293 5520 2478 5567 natum
2517 5526 2643 5568 esse
2685 5510 2941 5573 fateatur,
2985 5518 3165 5563 tamen
3209 5505 3259 5561 ei
3300 5504 3513 5561 initium

1915 5608 2104 5664 tribuit
2140 5608 2396 5675 dicendo,
2440 5606 2573 5663 Erat
2605 5605 2823 5677 quando
2865 5617 2972 5659 non
3010 5609 3147 5658 erat.
3190 5599 3298 5657 Sed
3342 5607 3399 5655 et
3436 5594 3517 5655 sic

1915 5789 2088 5846 deest.

1988 5860 2009 5891 ³
2040 5859 2399 5933 Abrumpimr.
