3998 6350
477 287 549 347 59
1715 273 2041 335 FAUSTINI
2055 337 2068 344 _
2080 270 2514 332 PRESBYTER]
3746 275 3826 336 ιο

478 414 693 472 quoque
721 413 823 472 per
842 412 969 456 eum
993 395 1130 453 facta
1151 393 1285 450 dicit
1310 392 1592 456 universa,
1621 401 1680 447 ut
1705 408 1830 448 eum
1864 400 2075 447 asserat
2102 396 2156 458 Α
2181 392 2396 447 occasio
2423 396 2529 446 est.
2563 387 2681 445 Non
2712 387 2839 446 licet
2871 388 3157 462 interpreti
3181 387 3339 448 aliter
3363 389 3614 457 sentire,
3641 405 3819 463 quam

477 509 546 551 ex
578 493 743 550 nullis
770 484 1104 549 exstantibus
1132 487 1482 544 subStitutum
1504 529 1520 554 ,
1561 487 1692 558 quia
1721 484 2074 556 praesumpsit

481 602 592 644 non
617 602 746 642 vere
770 586 840 642 de
882 585 992 639 Deo
1021 585 1180 638 Patre
1204 583 1480 653 genitum:
1530 587 1586 634 et
1614 579 1742 635 inde
1767 587 1890 646 εει,
1932 577 2075 648 quod

473 685 552 738 ita
580 681 698 739 vult
728 681 928 736 habere
960 693 1313 751 persuasum,
1344 675 1620 732 Chrismm
1651 675 1818 731 Deum
1853 673 2075 746 quidem

481 789 630 840 esse,
665 773 762 829 sed
786 787 891 827 non
917 786 1106 828 verum
1131 812 1146 837 ,
1181 773 1266 826 cui
1303 770 1512 824 initium
1541 768 1868 838 deputetur;
1915 776 1972 823 et
2015 768 2078 820 fi-

478 866 610 923 lium
637 865 854 937 quidem
881 865 978 931 ita,
1009 871 1068 918 ut
1096 863 1272 919 factus
1299 861 1636 932 intelligatur
1661 874 1808 924 esse,
1837 873 1947 914 non
1981 873 2076 913 na-

479 969 586 1016 tus.
627 959 686 1016 Si
713 958 934 1030 quidem
967 973 1076 1012 non
1104 972 1232 1012 vere
1253 955 1321 1012 de
1351 965 1506 1024 patre
1534 961 1694 1008 natus
1733 964 1838 1019 est,
1879 955 1977 1007 sed
2009 951 2077 1006 de

479 1051 652 1108 nihilo
686 1051 1051 1116 substitutus;
1096 1051 1167 1105 ob
1211 1049 1314 1104 hoc
1356 1061 1572 1119 quoque
1609 1053 1667 1102 et
1710 1047 1726 1077 ί
1756 1045 2074 1101 mutabilem

476 1142 668 1210 credit,
715 1143 841 1214 quia
879 1142 932 1197 in
971 1139 1076 1197 fide
1102 1141 1220 1211 ejus
1255 1154 1362 1195 non
1406 1154 1536 1196 vere
1579 1140 1740 1206 Deus,
1773 1154 1881 1192 non
1914 1150 2078 1192 verus

476 1236 621 1291 illius
647 1246 765 1292 est:
799 1244 855 1292 et
885 1242 945 1290 ut
971 1237 1070 1290 hos
1104 1235 1301 1304 impios
1327 1246 1522 1288 sensus
1560 1233 1700 1303 apud
1736 1231 1961 1302 ignaros
1988 1229 2074 1284 vel

475 1326 751 1398 simplices
771 1326 1146 1394 commendet,
1175 1326 1401 1382 adhibet
1433 1341 1672 1397 quoque,
1707 1334 1764 1378 ιιι
1789 1323 1893 1380 sibi
1927 1323 2078 1379 vide-

480 1431 592 1488 tur,
623 1421 1029 1492 Scripturarum
1056 1420 1369 1477 divinarum
1405 1418 1714 1476 testimonia
1743 1460 1758 1485 ,
1791 1418 1981 1474 dicens
2008 1434 2078 1474 ex

481 1529 715 1584 persona
747 1515 1038 1584 Sapientiae
1065 1515 1085 1546 '
1132 1515 1444 1584 probatum,
1481 1513 1733 1568 Dominus
1769 1513 1958 1566 creavit
1997 1527 2078 1566 me

475 1606 681 1661 initium
708 1607 908 1661 viarum
936 1623 1150 1662 suarum
1171 1607 1226 1660 in
1246 1622 1404 1672 Opera
1430 1622 1523 1660 sua
1557 1605 1576 1678 (
1599 1603 1756 1658 Prov.
1789 1619 1910 1669 vui,
1935 1602 2007 1656 9.2
2028 1602 2072 1673 ).

480 1699 755 1755 Christum
788 1708 966 1754 autem
1005 1700 1327 1770 sapientiam
1375 1714 1496 1755 esse
1527 1697 1820 1767 Apostolus
1859 1711 2078 1768 quoilue

2179 483 2441 554 scriptum
2468 492 2552 539 est
2575 498 2596 549 ;
2633 498 2737 538 nec
2759 496 2896 553 Opus
2926 490 3012 540 est
3035 524 3051 551 ,
3098 491 3155 538 ut
3182 499 3324 538 nunc
3347 493 3577 539 nostros
3607 497 3823 540 sensus

2179 575 2489 647 ingeramus
2517 595 2532 632 :
2559 576 2761 634 sufficit
2784 575 2850 631 ad
2887 577 3101 648 plenam
3137 575 3503 648 percipiendae
3539 575 3685 631 fidei
3720 591 3824 633 no-

2181 668 2352 723 titiam
2373 710 2388 736 ,
2430 678 2491 724 ut
2529 669 2706 724 divina
2743 668 2905 725 verba
2934 667 3247 725 recitemus.
3279 670 3351 724 In
3381 669 3692 742 principio,
3729 670 3818 724 in-

2179 760 2334 832 quit,
2389 769 2497 816 erat
2536 759 2778 816 Verbum.
2821 759 3093 832 Numquid
3136 759 3314 831 aliqua
3348 763 3434 814 hic
3469 772 3570 815 est
3615 760 3822 830 opinio

2180 857 2440 925 temporis
2463 897 2477 921 ,
2522 855 2781 926 numquid
2822 855 3001 926 aliqua
3039 857 3276 925 suspicio
3305 853 3652 910 saeculorum
3677 895 3695 921 ,
3728 854 3820 912 vel

2180 948 2396 1019 aliquod
2426 949 2766 1004 intervallum
2799 947 2981 1018 puncti
3011 956 3105 1002 aut
3136 948 3393 1002 momenti
3421 946 3685 1018 alicujus
3705 989 3723 1016 ,
3757 957 3820 1005 ut

2181 1040 2364 1097 dicere
2391 1042 2615 1109 audeas,
2647 1042 2781 1097 Erat
2813 1041 3031 1114 quando
3057 1056 3163 1097 non
3196 1042 3351 1098 erat?

2253 1132 2339 1190 lli.
2382 1133 2452 1188 ιη
2488 1135 2747 1205 principio
2777 1145 2890 1191 erat
2929 1132 3187 1201 Verbum;
3216 1144 3272 1190 et
3299 1149 3368 1191 ne
3396 1134 3542 1191 forte
3567 1135 3816 1192 verbum

2181 1226 2450 1300 intelligas
2471 1269 2487 1295 ,
2519 1231 2663 1299 quod
2695 1238 2780 1284 est
2822 1228 3091 1300 loquentis
3126 1229 3366 1285 officium
3387 1269 3402 1293 ,
3438 1231 3733 1301 sequitur,
3767 1239 3818 1285 et

2191 1317 2415 1374 Verbum
2440 1330 2550 1375 erat
2573 1321 2718 1392 apud
2749 1321 2950 1376 Deum:
2983 1337 3088 1377 non
3131 1322 3288 1387 dixit,
3321 1339 3340 1374 ι
3377 1321 3620 1377 verbum
3665 1321 3818 1392 quod

2180 1410 2392 1470 locutus
2431 1423 2515 1468 εει
2559 1415 2726 1480 Deus,
2773 1415 2900 1481 sed,
2936 1425 2983 1469 et
3011 1425 3120 1469 erat
3159 1413 3380 1469 Verbum
3407 1414 3556 1486 apud
3593 1413 3812 1470 Deum:

2183 1505 2298 1577 ipse
2329 1515 2604 1578 postremo
2627 1509 3012 1580 interpretatus
3037 1519 3142 1576 est,
3170 1508 3300 1580 quid
3324 1509 3394 1564 sit
3422 1507 3709 1574 Verbum,
3733 1508 3818 1563 di-

2181 1616 2334 1668 cens,
2356 1612 2401 1656 et
2426 1603 2563 1658 Deus
2587 1613 2694 1657 erat
2722 1603 2956 1660 Verbum.
2983 1604 3037 1660 Si
3053 1606 3106 1658 in
3125 1603 3382 1674 principio
3406 1616 3518 1658 erat
3553 1601 3811 1669 Verbum,

2180 1704 2237 1749 et
2268 1694 2368 1749 hoc
2396 1695 2568 1764 ipsum
2605 1693 2827 1750 Verbum
2856 1695 2997 1767 apud
3038 1695 3206 1749 Deum
3231 1704 3380 1761 erat,
3422 1705 3470 1749 et
3506 1693 3672 1751 Deus
3704 1705 3814 1749 erat

479 1793 766 1850 confirmat
790 1791 1046 1862 dicendo,
1075 1791 1340 1847 Christum
1363 1791 1460 1847 Dei
1485 1792 1749 1857 virtutem,
1783 1799 1831 1845 et
1864 1788 1964 1845 Dei
1993 1805 2079 1843 sa-
2109 1805 2157 1866 Β
2190 1785 2433 1853 Verbum,
2475 1788 2696 1843 confusa
2747 1798 2831 1844 est
2877 1788 3168 1861 impietatis
3217 1788 3466 1844 intentio.
3518 1787 3814 1842 Probatur

480 1885 726 1956 pientiam
755 1883 814 1957 (l
841 1883 965 1939 Cor.
997 1899 1036 1950 ι,
1064 1883 1136 1938 24
1162 1886 1201 1955 ).
1235 1883 1460 1940 Constat
1486 1899 1614 1954 ergo
1637 1881 1916 1938 Christum
1937 1926 1952 1949 ,
1988 1885 2080 1952 qui

481 1988 588 2046 est,
605 1977 866 2048 Apostolo
883 1978 1202 2048 interprete,
1216 1977 1502 2047 sapientia,
1522 1993 1643 2032 esse
1653 1986 1957 2033 creaturam
1975 1993 1988 2030 :
2007 1976 2084 2046 (et

473 2069 612 2142 jam,
642 2067 860 2140 inquit.)
888 2084 1230 2142 consequens
1255 2079 1339 2125 est
1358 2111 1374 2137 ,
1407 2078 1460 2124 ut
1492 2084 1598 2124 non
1631 2068 1703 2124 sit
1729 2084 1890 2124 verus
1917 2069 2080 2135 Deus,

479 2168 570 2237 qui
586 2165 660 2221 sit
677 2176 924 2220 creatura
947 2185 960 2220 :
982 2164 1094 2236 jam
1111 2179 1210 2220 nec
1235 2179 1395 2219 verus
1421 2163 1583 2230 lilius,
1608 2162 1699 2234 qui
1717 2178 1823 2218 non
1842 2163 1957 2216 sita
1974 2162 2084 2217 Deo

479 2261 695 2329 genitus
717 2299 732 2324 ,
764 2259 784 2289 ³
805 2258 901 2314 sed
923 2269 1140 2314 creatus
1165 2272 1178 2312 :
1221 2268 1339 2313 erat
1362 2272 1494 2328 ergo
1516 2298 1530 2324 ,
1563 2255 1782 2327 quando
1810 2272 1916 2311 non
1941 2263 2079 2311 erat.

551 2351 616 2407 ll.
659 2351 786 2407 Haec
826 2361 952 2407 sunt
992 2351 1252 2422 nequitiae
1295 2366 1444 2406 arma
1477 2351 1788 2420 proposita,
1823 2349 2084 2403 adversus

487 2461 612 2518 quae
643 2446 725 2503 ire
755 2444 778 2476 ⁸
807 2460 1198 2516 provocamur,
1248 2454 1307 2499 ut
1339 2445 1660 2499 assertionis
1689 2444 1931 2497 adversa:
1960 2457 2087 2512 pro-

481 2541 690 2610 paletur
719 2540 1011 2608 impietas;
1056 2555 1163 2594 non
1191 2537 1408 2609 quidem
1435 2577 1449 2601 ,
1496 2547 1554 2590 ut
1580 2535 1816 2590 diximus
1839 2576 1856 2602 ,
1896 2545 2085 2590 nostro

481 2633 720 2704 ingenio,
751 2633 848 2690 sed
876 2633 1051 2704 gratia
1083 2633 1176 2687 Dei
1204 2632 1494 2702 adjuvante
1521 2645 1742 2699 semper
1773 2630 1892 2700 pios
1917 2643 2087 2683 cona-

485 2735 593 2782 tus.
626 2726 707 2782 Tu
739 2725 920 2789 modo,
951 2739 1137 2797 quaeso
1160 2740 1229 2780 ne
1255 2724 1502 2795 squalido
1531 2737 1784 2778 sermone
1815 2721 2081 2792 fatigeris,

483 2820 583 2877 sed
607 2835 791 2877 rerum
823 2821 1026 2874 intenta
1054 2818 1348 2874 virtutibus
1374 2858 1389 2882 ,
1424 2817 1494 2872 da
1537 2816 1805 2872 calculum
1845 2814 2080 2870 veritati.

486 2912 601 2970 Hoc
652 2922 836 2968 autem
880 2925 988 2967 non
1032 2920 1092 2966 ut
1127 2910 1323 2966 librum
1366 2910 1386 2941 ⁸
1425 2909 1740 2975 scribimus,
1789 2911 1886 2964 sed
1928 2905 2086 2977 quasi

483 3021 608 3062 cum
635 3015 902 3075 praesente
922 3003 1236 3062 adversario
1255 3004 1421 3060 certis
1442 3002 1901 3074 disputationibus
1923 3001 2085 3056 dimi-

483 3113 692 3155 camus.
733 3097 804 3154 Et
833 3098 1100 3168 imprimis
1148 3109 1338 3154 contra
1373 3095 1476 3151 hoc
1505 3095 1650 3167 quod
1680 3095 1905 3160 dicunt,
1955 3094 2084 3148 Erat

2184 1883 2328 1936 enim
2357 1881 2423 1936 de
2452 1885 2685 1951 capitulo
2713 1883 2850 1949 hoc,
2891 1882 3169 1936 Christum
3201 1879 3368 1936 filium
3409 1881 3507 1936 Dei
3546 1889 3612 1937 et
3666 1897 3812 1936 sem~

2185 1992 2284 2048 per
2315 1978 2501 2041 fuisse,
2531 1989 2585 2034 et
2615 1993 2832 2049 semper
2855 1978 3275 2049 inseparabilem
3300 1993 3330 2032 a
3355 1976 3542 2045 Patre,
3571 1986 3636 2033 et
3665 1991 3811 2033 sem-

2187 2088 2284 2142 per
2315 2072 2505 2127 Deum.
2554 2071 2706 2127 Sicut
2732 2073 2878 2126 enim
2907 2073 3024 2126 sine
3068 2070 3222 2125 initio
3249 2080 3368 2135 est,
3414 2085 3538 2124 cum
3572 2069 3806 2135 dicitur,

2187 2163 2254 2220 In
2284 2165 2542 2237 principio
2567 2174 2697 2228 erat,
2729 2166 2808 2219 sic
2835 2175 2888 2220 et
2914 2179 3036 2219 cum
3058 2164 3274 2230 dicitur,
3305 2166 3445 2234 apud
3473 2162 3656 2219 Deum
3677 2172 3804 2231 erat,

2187 2258 2622 2327 inscpairabilitas
2668 2256 2786 2326 ejus
2829 2271 2859 2310 a
2907 2257 3064 2312 Patre
3104 2255 3223 2312 sine
3262 2257 3417 2312 initio
3461 2257 3804 2313 declaratur.

2187 2351 2293 2407 Sed
2323 2363 2376 2407 et
2400 2367 2521 2406 eum
2558 2351 2661 2407 hoc
2687 2352 2918 2407 Verbum
2946 2353 3087 2408 Deus
3111 2367 3234 2407 esse
3255 2353 3535 2419 definitur,
3573 2370 3691 2408 non
3725 2359 3809 2406 est

2187 2445 2519 2516 ambiguum,
2547 2447 2688 2515 quod
2719 2449 2836 2500 sine
2859 2444 3011 2500 initio
3036 2445 3174 2500 Deus
3205 2442 3468 2499 creditur.
3496 2444 3623 2500 Hoc
3654 2446 3800 2500 enim

2186 2541 2328 2610 quod
2361 2540 2622 2610 praemisit
2651 2539 2868 2604 dicens,
2905 2537 2972 2592 In
2999 2538 3257 2608 principio
3285 2579 3300 2602 ,
3333 2538 3400 2593 ad
3443 2540 3635 2593 omnia
3666 2537 3806 2594 refe-

2189 2634 2412 2692 rendum
2442 2647 2547 2699 est,
2575 2635 2626 2689 id
2651 2641 2753 2700 est,
2785 2633 2850 2687 In
2872 2634 3130 2704 principio
3157 2645 3269 2687 erat
3311 2631 3572 2702 Verbum;
3596 2644 3656 2690 et
3679 2648 3800 2688 cum

2187 2729 2450 2799 sequitur,
2496 2737 2544 2782 et
2593 2726 2815 2781 Verbum
2855 2737 2963 2782 erat
3003 2727 3144 2797 apud
3188 2726 3378 2793 Deum,
3418 2739 3467 2784 et
3515 2727 3668 2783 Deus
3697 2734 3805 2782 erat

2199 2822 2419 2878 Verbum
2441 2840 2455 2889 ;
2481 2823 2599 2879 sine
2622 2822 2808 2890 dubio,
2834 2822 2887 2876 in
2909 2821 3190 2892 principio,
3227 2822 3672 2878 subaudiendum
3697 2829 3798 2876 est.

2188 2914 2431 2985 Denique
2470 2925 2524 2970 et
2560 2915 2675 2984 ip>8
2717 2914 2788 2968 ita
2831 2913 3126 2978 concludit,
3165 2913 3386 2969 dicens:
3439 2913 3557 2968 Hoc
3600 2925 3716 2970 erat
3749 2915 3800 2967 iu

2191 3008 2448 3078 principio
2472 3009 2612 3076 apud
2643 3004 2850 3073 Deum;
2877 3006 3151 3078 quomodo
3180 3021 3310 3078 ergo
3345 3025 3363 3059 ι
3415 3016 3535 3061 erat
3579 3004 3798 3078 quando

2189 3117 2295 3155 non
2310 3109 2449 3167 erat,
2465 3119 2484 3152 ›
2511 3098 2602 3170 qui
2620 3108 2930 3170 semperest
2945 3099 2966 3153 ?
2979 3100 3253 3170 quomodo
3271 3116 3290 3150 ι
3303 3114 3366 3155 ex
3388 3099 3553 3154 nullis
3577 3111 3798 3155 exstan—

485 3191 704 3262 (ἰαθηάο
743 3205 852 3246 ηοη
895 3199 1033 3257 en":
1087 3189 1484 3246 occurrendum
1530 3196 1636 3253 θειο
1689 3186 1832 3258 ίιιωά
1869 3201 2086 3256 semper
2113 3192 2160 3256 C
2194 3196 2338 3250 tibus
2366 3203 2517 3266 est,r
2543 3194 2633 3264 qui
2661 3209 2876 3264 semper
2918 3193 3059 3264 apud
3102 3193 3315 3248 Patrem
3345 3192 3473 3249 est?
3513 3191 3795 3264 quomodo

483 3283 682 3351 fuerit;
745 3294 800 3339 et
863 3281 1247 3354 opponendum
1307 3281 1377 3337 de
1441 3279 1740 3351 Evangelio
1819 3280 2084 3336 tesumo-

485 3376 679 3444 nium,
722 3373 936 3430 dicente
986 3373 1215 3440 Joanne,
1279 3370 1346 3427 In
1384 3373 1642 3444 principio
1703 3381 1813 3427 erat
1863 3369 2084 3426 Verbum

487 3467 670 3540 (Joan.
701 3482 740 3534 I,
775 3467 852 3538 1).
878 3467 1028 3523 Sicut
1051 3467 1198 3542 enim
1220 3465 1474 3520 Christus
1498 3464 1590 3520 Dei
1617 3465 1882 3534 sapientia
1905 3473 1954 3518 et
1989 3463 2081 3517 Dei

483 3560 658 3614 virtus
686 3567 802 3624 est,
834 3561 905 3612 ita
937 3569 992 3613 et
1021 3557 1114 3612 Dei
1151 3555 1390 3612 Verbum
1413 3570 1518 3611 εει.
1544 3553 1681 3610 Cum
1712 3571 1842 3624 ergo
1879 3555 1982 3618 ait,
2015 3551 2082 3608 In

483 3651 744 3722 principio
783 3660 897 3705 erat
948 3649 1174 3705 Verbum
1199 3690 1216 3716 ,
1265 3648 1539 3720 quomodo
1578 3647 1783 3703 Ariona
1835 3648 2082 3719 impietas

484 3747 636 3814 dicit,
662 3746 794 3802 Erat
819 3745 1036 3817 quando
1057 3760 1164 3800 non
1184 3753 1303 3799 erat
1319 3745 1340 3797 ‘t
1355 3741 1423 3796 In
1447 3743 1726 3813 principio,
1754 3745 1947 3814 inquit,
1972 3750 2082 3797 erat

493 3837 750 3904 Verbum;
777 3853 884 3893 non
910 3836 1069 3907 dixit,
1098 3835 1154 3891 In
1182 3833 1448 3906 principio
1480 3835 1678 3890 factum
1699 3845 1783 3890 est
1805 3832 2076 3889 Verbum:

483 3941 539 3989 et
567 3934 752 4002 utique
787 3931 931 4003 quod
963 3931 1014 3986 in
1053 3929 1321 4000 principio
1349 3936 1486 3992 erat,
1519 3942 1736 3998 semper
1766 3926 1934 3982 fuisse
1961 3943 2083 3984 cre-

481 4027 719 4085 dendum
746 4038 848 4083 est.
882 4027 938 4084 Si
960 4025 1137 4091 enim,
1166 4035 1226 4080 ut
1256 4033 1410 4094 putat
1441 4023 1727 4091 impietas,
1760 4022 1966 4077 factura
1997 4035 2082 4079 εει

481 4120 670 4190 ﬁlius;
713 4120 832 4177 sine
855 4120 1020 4177 dubio
1061 4119 1344 4190 Scriptura
1369 4117 1552 4173 divina
1595 4115 1700 4172 hoc
1728 4115 1904 4188 ipsum
1935 4117 2080 4188 quod

480 4215 680 4273 factum
707 4223 792 4272 est
818 4214 1084 4286 principio
1114 4211 1464 4284 prodidisset,
1498 4225 1563 4265 ex
1590 4209 1683 4264 illa
1712 4209 1898 4280 utique
1926 4209 2081 4263 insti-

481 4310 710 4376 tutione,
741 4323 848 4379 qua
873 4319 927 4363 et
951 4305 1162 4379 Moyses
1179 4305 1392 4360 locutus
1413 4309 1498 4358 est
1517 4303 1538 4333 °
1558 4300 1823 4356 dicendo:
1845 4299 1914 4354 In
1937 4299 2081 4370 prin-

479 4404 614 4475 cipio
637 4405 756 4474 fecit
779 4398 920 4456 Deus
946 4401 1128 4456 caelum
1153 4407 1198 4455 et
1222 4408 1431 4453 terram.
1465 4396 1525 4454 Si
1551 4397 1697 4452 enim
1726 4405 1783 4452 et
1811 4396 1952 4452 filius
1983 4394 2077 4451 Dei

479 4493 684 4552 factura
711 4503 889 4560 esset,
919 4493 1147 4548 dixisset
1182 4490 1442 4557 Joannes,
1485 4489 1542 4545 In
1575 4488 1843 4561 principio
1875 4488 2073 4543 factum

2189 3299 2439 3344 creatura
2468 3329 2482 3352 ,
2514 3287 2605 3358 qtti
2635 3302 2851 3354 semper
2877 3284 3020 3341 Deus
3046 3327 3060 3352 ,
3089 3285 3199 3340 imo
3227 3297 3280 3341 ct
3317 3301 3430 3356 per
3479 3301 3646 3358 quem
3680 3285 3797 3340 uni-

2186 3395 2342 3437 versa
2374 3388 2618 3436 creatura
2643 3379 2771 3434 est?
2799 3379 3056 3449 Sequitur
3083 3378 3253 3444 enim,
3281 3377 3471 3433 Omnia
3499 3396 3594 3448 per
3622 3379 3794 3448 ipsum

2186 3479 2326 3545 facta
2340 3483 2478 3529 sunt.
2495 3473 2779 3542 Quomodo
2799 3489 2895 3528 rex
2921 3473 3081 3528 nullis
3094 3474 3432 3530 exstantibus
3449 3473 3626 3528 factus
3648 3483 3754 3537 εει,
3768 3490 3787 3524 ι

2188 3583 2278 3638 per
2323 3583 2471 3638 quem
2512 3567 2684 3620 omnia
2739 3567 2881 3636 facta
2935 3567 3103 3621 sunt?
3152 3567 3207 3622 Si
3235 3568 3376 3622 enim
3405 3577 3457 3620 et
3481 3569 3597 3638 ipse
3619 3567 3790 3622 iactus

2186 3670 2292 3724 εει,
2321 3659 2593 3729 quomodo
2622 3676 2714 3728 per
2741 3659 2911 3730 ipsum
2941 3660 3115 3714 omnia
3143 3663 3281 3732 facta
3311 3659 3476 3714 sunt?
3502 3677 3612 3715 non
3643 3661 3790 3714 enim

2185 3767 2307 3807 cum
2334 3754 2519 3818 fieret,
2552 3763 2730 3822 potest
2761 3751 2840 3806 sui
2872 3761 3060 3806 auctor
3087 3767 3211 3808 esse
3237 3793 3251 3818 ,
3287 3754 3375 3822 qui
3397 3769 3504 3807 non
3541 3751 3681 3808 fuit:
3713 3759 3790 3805 att-

2184 3861 2292 3916 que
2321 3845 2441 3900 ideo
2471 3845 2704 3900 infectus
2734 3844 3039 3899 credendus
3072 3855 3178 3910 est,
3209 3860 3300 3915 per
3328 3861 3475 3915 quem
3505 3847 3682 3899 omnia
3709 3842 3789 3914 [a-

2186 3946 2267 3990 cta
2293 3946 2455 4000 sunt;
2486 3936 2607 4007 quia
2640 3951 2838 3990 vanum
2868 3945 2984 3998 est,
3012 3946 3066 3992 et
3097 3935 3394 3991 absurdum
3418 3977 3434 4002 ,
3469 3947 3528 3991 ut
3550 3948 3608 3992 et
3634 3937 3783 4008 ipse,

2183 4044 2304 4084 cum
2337 4043 2444 4082 non
2465 4038 2726 4094 exsmret,
2753 4027 2922 4083 factus
2953 4044 3050 4098 per
3073 4043 3132 4084 se
3156 4043 3279 4084 esse
3308 4030 3540 4084 dicatur.

2251 4119 2342 4174 IV.
2385 4119 2648 4175 Similiter
2690 4129 2746 4174 et
2792 4119 2990 4175 Paulus
3031 4119 3195 4176 docet
3242 4121 3520 4177 Cbrismm
3567 4133 3784 4190 semper

2185 4211 2378 4281 fuisse,
2413 4221 2468 4268 et
2501 4211 2672 4266 Deum
2692 4226 2814 4268 esse
2838 4253 2852 4277 ,
2881 4221 2937 4268 et
2964 4213 3228 4281 aequalem
3261 4213 3426 4268 Patri.
3461 4213 3616 4270 Tunc
3641 4213 3782 4268 enim

2187 4318 2313 4360 vere
2365 4305 2508 4360 Deus
2551 4313 2659 4371 est,
2713 4319 2835 4360 cum
2885 4307 3112 4375 aequalis
3155 4315 3239 4361 est
3283 4306 3465 4362 Patri:
3515 4310 3637 4378 quia
3685 4318 3782 4360 nec

2185 4399 2408 4468 aequalis
2437 4413 2557 4452 esse
2583 4398 2855 4453 diceretur
2899 4399 2943 4452 si
2976 4413 3081 4453 non
3111 4414 3237 4454 vere
3291 4399 3434 4456 Deus
3471 4399 3777 4455 haberetur.

2182 4492 2384 4564 lnjuria
2415 4504 2496 4550 est
2521 4492 2665 4550 enim
2690 4497 2803 4550 veri
2837 4493 2951 4563 Dei,
2985 4496 3028 4551 si
3059 4495 3107 4551 ei
3137 4512 3244 4551 non
3275 4496 3419 4553 Deus
3447 4514 3606 4554 verus
3637 4497 3781 4551 dica-

477 4601 562 4646 εει
588 4589 840 4646 Verbum.
865 4586 972 4642 Sed
997 4585 1301 4656 praevidens
1321 4586 1674 4655 evangeliSta,
1701 4585 1871 4654 magis
1895 4591 2074 4637 autem
2103 4597 2158 4658 Ι)
2183 4595 2268 4640 tur
2293 4587 2538 4658 aequalis.
2569 4587 2728 4642 Ponit
2757 4588 2939 4658 itaque
2981 4589 3032 4644 in
3064 4589 3304 4660 Epistola
3328 4608 3420 4646 sua
3444 4609 3458 4645 :
3507 4589 3620 4646 Hoc
3645 4590 3779 4645 enim

483 4681 718 4753 Spiritus
769 4686 989 4735 sanctus
1040 4693 1138 4748 per
1177 4676 1589 4747 evangelistam,
1643 4675 1855 4729 futuros
1897 4677 2078 4746 impiae

479 4777 679 4832 mentis
709 4773 954 4828 homines
977 4811 994 4836 ,
1023 4770 1116 4841 qui
1143 4769 1386 4824 dicerent
1413 4768 1482 4822 de
1512 4767 1627 4822 ﬁlio
1653 4807 1668 4832 ,
1699 4765 1831 4822 Erat
1859 4767 2077 4838 quando

481 4881 590 4924 non
618 4873 772 4932 erat,
799 4862 924 4919 ideo
950 4862 1030 4917 sic
1053 4860 1256 4931 coepit:
1303 4857 1373 4914 In
1405 4859 1660 4930 principio
1682 4870 1790 4914 erat
1828 4858 2073 4926 Verbum;

479 4959 612 5016 nihil
642 4958 787 5014 enim
827 4956 920 5010 illo
951 4953 1194 5010 anterius
1222 4960 1326 5032 est,
1355 4953 1446 5022 qui
1472 4951 1742 5006 invenitur
1771 4962 1898 5007 ante
1931 4955 2076 5023 prin-

477 5053 698 5124 cipium.
730 5049 1028 5120 Scriptura!
1049 5046 1250 5101 divinae
1275 5046 1346 5100 ob
1376 5047 1478 5100 hoc
1507 5045 1667 5100 editae
1694 5057 1817 5100 sunt
1841 5087 1856 5113 ,
1904 5055 1962 5101 ut
1988 5061 2074 5102 se-

476 5146 712 5203 cundum
752 5143 965 5198 illarum
1001 5155 1220 5196 sensum
1262 5146 1503 5194 nostram
1543 5139 1702 5194 fidem
1750 5140 2072 5211 dirigamus,

479 5255 586 5296 non
621 5249 679 5294 ut
717 5245 933 5292 nostros
959 5247 1153 5290 sensus
1175 5232 1391 5288 illarum
1431 5235 1602 5287 sacris
1631 5231 1966 5289 dictionibus
1995 5237 2076 5289 in-

476 5346 744 5390 seramus.
801 5327 1047 5395 Viderit,
1094 5327 1139 5382 si
1193 5335 1319 5381 sunt
1353 5327 1598 5393 quaedam
1636 5327 1905 5397 capitula,
1956 5345 2075 5397 quin

477 5427 560 5482 sui
612 5421 944 5479 obscuritate
999 5419 1133 5476 dare
1188 5425 1442 5490 putantur
1491 5420 1833 5476 occasionem
1897 5420 2072 5498 ambi-

477 5517 735 5592 guitatis;
778 5523 928 5572 certe
982 5515 1036 5570 in
1078 5516 1182 5568 hoc
1225 5511 1460 5582 capitulo
1498 5511 1646 5567 nulla
1700 5513 2074 5584 ambiguitatis

549 5658 568 5690 ί
595 5656 684 5714 Al.
719 5653 1164 5712 Commutabilem.

547 5730 569 5762 ’
597 5728 887 5784 Prolatum.

548 5801 570 5834 ³
599 5801 715 5858 Etsi
733 5812 933 5857 creatus
957 5810 1051 5858 est.

2181 4679 2474 4732 existimate
2495 4680 2548 4732 in
2578 4679 2718 4734 vobis
2742 4719 2758 4745 ,
2791 4680 2926 4744 quod
2951 4683 3006 4736 in
3033 4680 3238 4737 Christo
3262 4682 3394 4738 Jesu
3420 4702 3434 4738 :
3467 4686 3552 4754 qui
3582 4701 3698 4739 eum
3726 4683 3778 4734 in

2180 4775 2353 4843 forma
2383 4771 2480 4826 Dei
2504 4781 2635 4828 esset
2667 4773 3076 4846 (constitutus),
3111 4793 3212 4830 non
3237 4780 3476 4847 rapinam
3501 4778 3776 4831 arbitratus

2179 4873 2273 4931 est,
2305 4880 2414 4918 esse
2439 4864 2690 4933 aequalem
2718 4864 2862 4941 Deo,
2881 4868 2974 4922 sed
3000 4871 3330 4940 semetipsum
3361 4870 3644 4926 exinanivit
3673 4873 3779 4939 [or-

2179 4973 2315 5012 mam
2371 4958 2502 5012 servi
2528 4960 2784 5031 accipiens
2817 4958 3044 5032 (Philip.
3075 4976 3135 5028 ll,
3161 4961 3304 5033 5-7).
3351 4963 3405 5018 Si
3451 4979 3580 5018 vere
3618 4962 3776 5016 homo

2178 5059 2264 5107 est
2283 5049 2553 5118 Christus,
2579 5066 2702 5108 cum
2729 5052 2953 5123 formam
2981 5055 3114 5108 servi
3135 5055 3325 5125 accipit
3349 5072 3370 5121 ;
3409 5070 3536 5110 vere
3564 5065 3774 5125 quoque

2183 5145 2321 5202 Deus
2353 5156 2476 5212 εει,
2523 5163 2646 5202 cum
2685 5150 2739 5202 in
2781 5151 2952 5219 forma
2990 5145 3092 5199 Dei
3130 5161 3253 5202 εεεε
3292 5147 3644 5217 perhibetur:
3679 5157 3775 5199 nec

2182 5239 2286 5294 alia
2315 5243 2522 5294 ratione
2545 5240 2807 5311 aequalem
2833 5241 3041 5298 diceret
3065 5281 3080 5306 ,
3117 5238 3219 5292 nisi
3249 5238 3302 5294 in
3327 5239 3502 5295 forma
3533 5239 3627 5294 Dei
3655 5249 3773 5293 esse

2183 5349 2371 5390 verum
2398 5337 2563 5391 Deum
2603 5337 2864 5390 voluisset
2900 5336 3148 5407 intelligi.
3203 5335 3271 5390 Et
3309 5336 3400 5407 qui
3445 5350 3608 5390 verus
3639 5335 3773 5389 Dens

2180 5435 2286 5494 est,
2317 5430 2502 5497 utique
2527 5443 2744 5500 semper
2765 5441 2848 5483 est
2868 5447 2888 5484 :
2921 5438 2976 5484 et
3002 5429 3095 5500 qui
3126 5444 3343 5499 semper
3371 5440 3462 5485 est.
3480 5429 3640 5495 Deus,
3667 5439 3768 5482 non

2181 5527 2362 5588 potest
2389 5518 2497 5574 dici
2525 5519 2593 5576 de
2622 5534 2710 5586 eo,
2746 5520 2874 5576 Erat
2903 5521 3122 5592 quando
3153 5537 3261 5578 non
3289 5528 3425 5578 erat.
3457 5519 3569 5578 Sed
3597 5529 3653 5578 et
3681 5529 3770 5590 per

2243 5654 2276 5718 ³⁵,
2291 5656 2667 5721 Deprecamur.

2239 5725 2263 5755 ⁸
2293 5725 2632 5793 Scripsimus.

2241 5795 2263 5826 °
2294 5796 2600 5855 Scribcndo.
