3998 6346
148 333 215 390 ιι
1557 329 1643 385 ΗΕ
1684 329 1771 384 TR

1877 328 2073 385 TATE.
3390 344 3462 399 42

152 454 326 522 ipsum
376 453 558 508 omnia
616 451 755 508 facta
797 453 872 507 ait
915 450 1193 515 apostolus
1232 451 1429 506 Paulus
1470 452 1749 507 scribens.-
1780 454 1830 514 Α
1860 450 2050 504 borum
2094 450 2383 507 verborum
2410 492 2425 518 ,
2471 453 2521 508 id
2552 464 2636 510 est
2669 459 2945 527 faciamus,
2976 466 3031 514 et
3067 470 3328 524 nostram,
3367 479 3459 531 pa-

159 546 289 613 Quia
316 548 371 601 in
399 548 516 618 ipso
540 555 715 601 creata
743 555 865 600 sunt
888 546 1086 610 omnia,
1110 545 1215 599 sive
1235 562 1348 611 qua!
1378 546 1431 599 in
1458 544 1623 610 (telis,
1647 546 1752 600 sive

157 659 265 712 quia
298 643 353 696 in
391 652 553 707 terra,
585 641 807 695 oisibilia
845 650 893 695 et
921 639 1218 704 invisibilia,
1252 641 1373 694 'sive
1412 642 1605 707 throni,
1651 643 1753 695 sive

158 735 556 802 dominationes,
588 736 695 789 sive
723 734 1069 805 principatus,
1104 733 1211 787 sive
1238 743 1511 803 potestates
1536 751 1553 799 ;
1577 734 1752 787 omnia

161 843 244 893 per
265 829 435 893 ipsum
467 837 517 880 et
542 828 597 880 in
624 828 737 893 ipso
758 835 930 881 creata
955 835 1074 880 stmt
1095 868 1109 890 ,
1137 833 1184 879 et
1214 826 1325 887 ipse
1346 834 1419 880 est
1439 836 1558 879 ante
1578 841 1753 879 omnes

160 919 373 989 (Coloss.
407 936 448 984 ι,
484 918 571 984 16,
606 916 714 990 l7).
770 920 910 989 Ergo
939 918 1055 987 ipse
1086 934 1303 985 semper
1324 928 1431 984 est,
1465 933 1561 987 per
1588 934 1749 989 quem

160 1023 212 1067 et
236 1012 287 1065 iu
313 1027 420 1081 quo
435 1016 617 1065 omnia
636 1008 775 1064 facta
792 1020 937 1065 sunt.
968 1010 1075 1066 Sed
1094 1021 1146 1064 et
1165 1010 1513 1082 llymuidicus
1530 1022 1754 1065 cantans

159 1104 229 1159 ait
251 1122 264 1158 :
311 1102 500 1158 Omnia
524 1104 577 1157 in
597 1103 853 1168 sapientia
874 1102 1037 1173 fecisti
1060 1101 1230 1173 (Psal.
1250 1118 1364 1168 cui,
1385 1103 1499 1174 9.5).
1525 1102 1641 1157 Non
1668 1112 1751 1157 ta-

160 1215 280 1252 nien
336 1198 506 1268 ipsam
541 1196 678 1250 dixit
725 1195 918 1251 factam
967 1210 1090 1250 esse
1138 1195 1499 1265 sapientiam:
1531 1195 1653 1265 quia
1701 1203 1756 1249 et

161 1291 457 1363 Apostolus
482 1306 607 1345 cum
638 1289 800 1356 dicit,
831 1299 878 1343 et
916 1290 1026 1359 ipse
1067 1298 1140 1344 est
1167 1297 1287 1342 ante
1314 1304 1487 1342 onmes
1510 1330 1525 1354 ,
1556 1288 1752 1341 factum

163 1388 396 1456 negavit.
434 1386 492 1443 Si
515 1385 659 1443 enim
691 1402 815 1441 eum
837 1386 926 1457 qui
955 1401 1060 1440 nou
1087 1395 1225 1451 erat,
1258 1385 1454 1440 iactant
1482 1384 1633 1441 credi
1656 1402 1753 1438 vo-

162 1482 368 1548 luisset,
400 1481 470 1536 ita
498 1480 787 1551 posuisset,
810 1491 857 1534 et
885 1479 995 1549 ipse
1016 1478 1183 1543 factus
1207 1489 1281 1533 est
1310 1490 1428 1533 ante
1454 1494 1629 1532 omnes
1655 1494 1673 1532 :
1703 1486 1758 1531 at

163 1589 280 1629 cum
310 1574 447 1629 dicit
483 1584 534 1630 et
568 1574 682 1646 ipse
709 1583 783 1627 est
810 1583 929 1627 ante
952 1588 1158 1638 omnes,
1189 1572 1445 1627 omnibus
1470 1572 1622 1626 dedit
1650 1570 1759 1625 ini-

164 1668 314 1733 tium,
363 1682 599 1738 quorum
646 1664 911 1730 anterior,
961 1666 1127 1719 immo
1162 1675 1218 1719 et
1261 1664 1436 1720 factor
1478 1671 1602 1720 est:
1642 1664 1759 1732 ipse

166 1775 289 1815 vero
316 1762 438 1815 sine
471 1758 624 1816 initio
648 1768 755 1823 est,
790 1759 882 1830 qui
912 1770 1038 1813 ante
1068 1774 1260 1814 omnes
1291 1775 1399 1813 non
1433 1758 1630 1823 factus,
1660 1756 1758 1812 sed

1857 544 1952 597 tris
1982 552 2036 599 et
2062 546 2151 597 lilii
2185 561 2446 615 personas
2471 547 2759 617 signiﬁcat.
2791 551 2942 617 Quod
2966 563 3145 607 autem
3170 555 3456 621 singulari-

1857 644 1939 690 ter
1968 637 2245 707 imaginem
2274 637 2435 706 dicit,
2472 656 2573 694 una
2603 641 2774 697 deitas
2798 686 2811 710 ,
2848 662 2947 698 tina
2974 646 3142 701 virtus
3175 648 3453 719 utriusque

1858 742 2102 797 persome
2125 731 2520 788 manifestatur.
2554 734 2608 788 Si
2639 746 2882 791 creatura
2914 749 2994 792 est
3024 738 3287 797 Cbristus,
3321 756 3456 812 quo-

1857 826 2017 876 modo
2040 824 2088 877 in
2110 840 2271 889 Opera
2301 826 2410 882 Deo
2434 844 2661 883 eousors
2678 830 3001 886 adhibetur?
3022 835 3086 887 ad
3113 835 3284 902 ipsum
3310 836 3453 889 enim

1856 914 2080 984 dicitur,
2130 918 2405 988 faciamus.
2436 922 2490 976 Si
2522 939 2624 976 non
2658 931 2741 978 est
2770 940 2927 979 verus
2975 927 3117 980 illius
3138 969 3151 990 ,
3181 927 3456 996 quomodo

1858 1022 1961 1062 una
1993 1009 2067 1063 illi
2100 1025 2220 1065 cum
2266 1023 2417 1081 patre
2467 1013 2641 1085 imago
2670 1017 2785 1071 est?
2822 1016 3117 1087 Adoptims
3158 1020 3300 1074 lilius
3346 1037 3453 1073 non

1858 1103 2017 1159 babet
2068 1104 2354 1174 imaginem
2388 1110 2696 1180 adoptantis
2730 1130 2739 1163 :
2785 1123 2960 1185 ριιιεμι
2992 1114 3205 1181 quidem
3255 1115 3457 1172 habere

1859 1197 2321 1265 muniﬁcentiam,
2372 1216 2475 1255 non
2527 1210 2706 1258 autem
2751 1213 2929 1274 potest
2973 1196 3219 1277 imaginis
3255 1209 3457 1265 habere

1859 1297 2126 1346 naturam.
2164 1292 2288 1349 Scio
2317 1295 2534 1365 quidem
2566 1314 2687 1352 esse
2719 1299 3081 1355 disert-tiones
3124 1304 3412 1374 imaginum
3443 1346 3457 1369 ,

1859 1400 1993 1453 quas
2022 1403 2161 1442 nunc
2194 1393 2414 1459 exsequi
2451 1391 2667 1462 longum
2698 1406 2810 1461 est,
2843 1404 2895 1449 ct
2926 1412 3030 1451 non
3063 1406 3454 1456 necessarium.

1861 1480 1966 1537 Sed
1997 1484 2137 1552 quod
2172 1482 2298 1539 facit
2329 1485 2393 1539 ad
2418 1502 2662 1555 causam,
2722 1489 2969 1557 vindico,
2994 1492 3181 1549 dicens
3216 1513 3229 1549 :
3263 1495 3374 1551 Hoc
3404 1497 3459 1551 in

1862 1573 1980 1629 loco
2013 1575 2157 1629 nulla
2208 1576 2466 1632 discretio
2496 1590 2579 1635 est
2615 1581 2864 1651 imaginis
2891 1628 2903 1647 ,
2939 1584 3025 1638 tibi
3070 1590 3236 1648 patris
3263 1596 3317 1642 et
3364 1588 3462 1644 ﬁlii

1861 1681 1963 1719 una
1998 1666 2173 1737 imago
2203 1669 2541 1738 perhibetur.
2568 1671 2681 1726 Non
2709 1676 2853 1728 enim
2882 1675 3049 1743 dixit,
3080 1677 3365 1735 Faciamus
3391 1682 3459 1735 ad

1862 1755 2123 1828 imtgiues
2165 1770 2409 1829 nostras,
2443 1763 2559 1825 sed,
2601 1764 2670 1818 ad
2702 1767 2976 1838 imaginem
3004 1784 3255 1826 nostram.
3305 1774 3370 1828 Et
3394 1790 3463 1832 ne

165 1869 279 1909 esse
301 1865 655 1909 memoratur.
685 1853 818 1907 ltent
844 1854 1171 1922 Apostolus:
1200 1851 1370 1918 Unus,
1395 1854 1589 1923 inquit,
1620 1853 1759 1909 Dens
1788 1878 1837 1938 Β
1866 1853 2001 1908 forte
2039 1856 2250 1925 stupida
2298 1867 2510 1919 mente,
2552 1876 2586 1912 ο
2627 1865 2870 1932 quisquis
2914 1865 3004 1920 ille
3047 1882 3104 1920 es
3139 1867 3426 1925 haereticus
3447 1913 3462 1938 ,

166 1962 326 2019 pater.
356 1962 421 2001 ea:
446 1963 549 2017 quo
581 1946 773 2011 omnia,
807 1956 856 2000 et
884 1963 976 2000 nos
1006 1953 1058 2000 in
1090 1947 1235 2017 ipso:
1265 1956 1311 2000 et
1347 1962 1480 2000 unus
1510 1946 1758 2001 Dominus

166 2054 333 2097 noster
380 2041 536 2095 Iesus
581 2040 841 2103 Christus,
888 2058 978 2111 per
1019 2057 1170 2109 quem
1210 2041 1403 2101 omnia,
1453 2051 1497 2093 et
1544 2057 1635 2095 nos
1669 2057 1760 2113 per

166 2136 331 2205 ipsum
373 2134 431 2205 (Ι
459 2132 582 2188 Cor.
616 2148 732 2199 vttl,
764 2132 861 2204 6):
910 2142 965 2189 et
1008 2134 1127 2188 lteic
1173 2148 1294 2187 cum
1327 2132 1457 2187 dicit
1486 2148 1574 2201 per
1605 2132 1756 2186 Chri-

168 2239 298 2284 stum
319 2245 429 2284 esse
456 2229 654 2294 omnia,
680 2227 1028 2298 apertissime
1058 2225 1317 2281 faetorem
1347 2225 1607 2280 discrevit
1631 2241 1657 2277 a
1681 2221 1762 2277 fa-

170 2325 296 2388 ctis,
340 2338 441 2378 nec
466 2336 630 2392 posse
679 2318 914 2392 intelligi
945 2327 1197 2375 naturam
1231 2318 1454 2374 facturze
1482 2319 1535 2373 in
1568 2333 1633 2374 co
1668 2318 1758 2388 qui

169 2416 285 2471 iecit
324 2416 530 2471 omnia.
1448 2454 1451 2459 ,

238 2510 303 2565 γ.
342 2510 449 2567 Sed
492 2510 774 2565 videamus
810 2509 856 2566 si
902 2518 958 2565 et
992 2508 1205 2581 Moyses
1243 2508 1346 2565 hoc
1376 2506 1517 2563 idem
1558 2505 1761 2569 docuit,

170 2605 309 2676 quod
340 2605 574 2675 apostoli
614 2602 1094 2670 annuutiaveruut,
1131 2600 1186 2657 id
1212 2610 1318 2668 est,
1345 2600 1528 2656 omnia
1555 2614 1623 2656 ex
1654 2599 1764 2653 Deo

172 2698 307 2753 facta
351 2713 474 2754 esse
524 2713 620 2768 per
655 2697 848 2751 ﬁlium.
890 2694 1034 2751 Inter
1073 2706 1293 2758 caetera,
1339 2708 1460 2749 cum
1506 2690 1762 2747 fabricam

174 2790 559 2855 mundirefert,
580 2790 687 2846 ait:
721 2788 790 2845 Et
814 2790 944 2845 dixit
979 2789 1135 2855 Deus,
1161 2786 1286 2843 Fiat
1307 2790 1687 2859 ﬁrmamentum
1712 2788 1766 2841 in

174 2884 337 2937 medio
363 2899 533 2953 agnae,
563 2893 609 2938 et
638 2884 705 2937 sit
736 2883 971 2938 dividens
1000 2883 1133 2937 inter
1166 2898 1353 2947 aquam
1384 2892 1430 2936 et
1461 2898 1645 2950 aquam
1670 2897 1688 2934 :
1718 2888 1768 2933 et

177 2980 365 3049 factum
405 2988 480 3032 est
510 2978 603 3033 sic.
639 2976 704 3031 Et
737 2977 856 3049 [erit
892 2976 1030 3031 Deus
1056 2977 1463 3047 ﬁrmamentum,
1506 2988 1552 3031 et
1595 2973 1768 3028 divisit

175 3066 314 3124 Deus
342 3087 434 3139 per
473 3070 697 3123 medium
738 3084 888 3141 aqua:
925 3068 1081 3143 (Gen.
1112 3068 1172 3133 l,
1204 3069 1281 3139 6).
1329 3069 1466 3125 Cum
1498 3067 1651 3129 dicit.
1700 3066 1770 3122 Et

177 3164 302 3218 dicit
332 3162 497 3229 Deus,
522 3163 642 3220 Fiat
666 3167 1086 3237 ﬁrmamentum,
1115 3163 1169 3219 iu
1225 3164 1441 3219 dicente
1486 3164 1654 3235 patris
1686 3162 1770 3217 iu-

1864 1962 2155 2017 usurpares
2181 1950 2345 2004 etiam
2389 1951 2457 2007 de
2495 1968 2597 2007 una
2630 1970 2858 2022 persona
2892 1956 2996 2011 dici
3032 1964 3271 2028 potuisse
3301 1962 3469 2033 facia-

1862 2056 2014 2105 mus,
2073 2053 2128 2095 ut
2178 2042 2387 2099 scilicet
2432 2046 2572 2113 apud
2628 2062 2687 2101 se
2742 2051 3031 2118 Cogitanlis
3095 2053 3312 2107 atfet'tio
3356 2056 3466 2120 sit,

1864 2148 1969 2185 nou
2009 2133 2311 2204 designatio
2362 2153 2757 2207 personarum;
2816 2143 3198 2214 subsequitur,
3248 2158 3295 2201 et
3350 2150 3470 2221 fecit

1863 2222 2003 2279 Deus
2034 2226 2329 2294 hominem,
2376 2230 2446 2283 ad
2482 2232 2760 2303 imaginem
2808 2234 2901 2288 Dei
2946 2237 3066 2304 fecit
3119 2255 3234 2293 eum
3289 2238 3463 2311 (Ibid.

1860 2316 1991 2389 27).
2038 2319 2169 2387 Qua:
2210 2336 2395 2377 coram
2444 2324 2495 2378 in
2545 2326 2663 2380 luce
2715 2329 2887 2396 [to-ita
2933 2343 3079 2397 Sunt,
3116 2334 3160 2386 si
3188 2333 3309 2402 quis
3359 2351 3465 2388 non

1864 2413 2040 2480 videt,
2111 2431 2288 2473 etecus
2332 2427 2418 2474 est
2464 2437 2478 2475 :
2531 2419 2699 2486 Deus,
2750 2422 2960 2492 inquit,
3020 2426 3179 2494 fecit,
3212 2428 3281 2480 ad
3336 2429 3468 2481 inta-

1864 2509 2033 2579 ginem
2066 2508 2158 2564 Dei
2200 2513 2341 2576 fecit.
2382 2512 2573 2568 Nonne
2604 2516 3003 2586 apertissimum
3032 2527 3118 2573 est
3140 2560 3154 2583 ,
3187 2522 3327 2590 quod
3355 2522 3467 2589 jam

1868 2608 1997 2655 tunc
2020 2602 2257 2670 Spiritus
2297 2617 2516 2660 sanctus
2562 2623 2661 2678 per
2690 2608 2910 2680 MuySeu
2950 2612 3259 2683 evangelica
3291 2629 3471 2668 sai-ra-

1869 2704 2048 2747 menta
2078 2696 2341 2750 traCtabat
2376 2698 2593 2765 (liCt'nS,
2631 2699 2794 2753 Deum
2827 2711 2872 2757 et
2907 2700 3069 2757 Deum
3092 2746 3107 2766 ,
3152 2722 3256 2756 non
3290 2714 3468 2760 tamen

1869 2783 2005 2840 duos
2038 2787 2205 2853 deos,
2242 2790 2366 2858 quia
2395 2806 2498 2845 una
2527 2792 2705 2861 imago
2730 2806 2809 2847 est
2842 2795 3012 2863 patris
3039 2806 3094 2850 et
3136 2796 3270 2850 liiii?
3302 2797 3397 2863 Et,
3441 2813 3473 2850 ο

1869 2893 2030 2949 quam
2065 2892 2351 2951 prospecte
2384 2888 2563 2938 omnia
2597 2886 2739 2939 edita
2786 2888 2941 2941 sunt!
2994 2886 3163 2942 Deum
3210 2900 3255 2942 et
3303 2888 3471 2944 Deum

1871 2989 2028 3030 saera
2052 2977 2333 3048 Scriptura
2367 2984 2680 3049 pronuntiat
2704 3024 2718 3048 ,
2751 2993 2806 3036 ut
2832 2982 3128 3038 Sabellium
3157 2985 3473 3041 excluderet

1873 3066 2251 3125 defendentem
2288 3075 2453 3138 [atris
2483 3083 2537 3127 et
2578 3076 2668 3130 lilii
2701 3091 2860 3129 unam
2893 3093 3016 3132 esse
3049 3094 3332 3147 personam
3370 3097 3382 3133 :
3416 3089 3476 3134 et

1874 3176 1942 3215 ne
1973 3160 2109 3215 duos
2147 3163 2281 3219 deos
2330 3166 2737 3236 introduceret,
2774 3170 2915 3225 inter
2943 3172 3105 3225 verba
3138 3172 3335 3240 quibus
3363 3174 3479 3242 plu-

180 3260 468 3330 telligeuda
515 3276 748 3331 persenti
789 3270 910 3318 est:
954 3278 1077 3317 cum
1118 3269 1295 3316 autem
1339 3261 1492 3324 dicit,
1538 3258 1603 3313 Et
1650 3262 1771 3331 fecit
1800 3276 1847 3345 ρ
1877 3254 2004 3308 ralis
2050 3255 2375 3325 signiﬁcatio
2408 3278 2762 3329 perSottarutu
2810 3273 2925 3326 est,
2977 3280 3136 3318 unam
3185 3264 3472 3335 imaginem

181 3350 336 3421 Deus,
368 3357 421 3411 in
453 3355 686 3411 faciente
728 3356 821 3411 ﬁlii
842 3356 1191 3427 intelligenda
1218 3369 1443 3425 persctna
1476 3362 1580 3410 est.
1637 3354 1768 3408 Nam

182 3448 223 3502 si
253 3462 356 3502 non
387 3458 548 3517 putas
576 3449 647 3505 ita
679 3449 1126 3521 intelligendum,
1159 3448 1459 3519 aposuiliea
1494 3447 1768 3516 perii-lita-

186 3539 322 3597 bitur
348 3546 605 3609 assertio,
631 3543 819 3600 dicens
844 3561 857 3598 :
896 3543 1042 3599 Unus
1077 3542 1217 3597 Deus
1252 3552 1417 3612 pater,
1436 3557 1501 3595 ex
1533 3557 1634 3612 quo
1664 3555 1775 3593 om-

185 3634 267 3688 nia
318 3646 364 3690 et
410 3653 504 3690 nos
544 3638 597 3690 in
636 3638 796 3706 ipso;
848 3646 898 3691 et
945 3653 1076 3692 unus
1118 3636 1369 3689 Dominus
1403 3645 1573 3689 noster
1621 3631 1774 3687 Iesus

188 3727 436 3793 Christus,
462 3748 554 3804 per
574 3748 723 3799 quem
745 3734 918 3787 omnia
952 3743 1000 3788 et
1024 3748 1114 3786 nos
1135 3747 1224 3805 per
1246 3732 1450 3801 ipsum:
1480 3729 1581 3807 nisi
1629 3727 1774 3783 enim

188 3832 348 3879 totam
388 3825 650 3880 fabricam
681 3827 866 3881 mundi
899 3842 996 3897 per
1028 3828 1193 3880 liliutn
1231 3824 1426 3880 factam
1454 3839 1574 3880 esst:
1600 3823 1780 3878 credi-

189 3914 352 3983 deris,
399 3917 570 3972 immo
612 3928 666 3973 et
710 3920 892 3973 omnia
937 3917 1227 3973 invisibilia
1272 3917 1387 3972 sive
1427 3923 1483 3971 et
1522 3915 1777 3982 visibilia,

189 4011 639 4080 quemadmodum
673 4012 727 4067 iu
771 4013 929 4067 iidem
974 4012 1174 4082 recipis
1204 4026 1390 4067 vocem
1424 4010 1670 4080 Apostoli
1699 4008 1783 4065 di-

190 4106 383 4158 centis:
421 4102 572 4159 Unus
596 4102 850 4158 Dominus
877 4114 1047 4159 noster
1065 4101 1218 4158 Iesus
1243 4102 1497 4166 Christus,
1527 4119 1615 4173 per
1632 4117 1782 4175 quem

191 4198 380 4265 omnia,
405 4205 465 4252 et
494 4196 623 4252 illud
649 4213 864 4266 quoque
887 4196 1029 4267 quod
1060 4210 1219 4267 snpra
1247 4196 1549 4260 retulimus,
1582 4194 1703 4265 quia
1731 4195 1784 4246 in

194 4292 299 4360 ipso
324 4300 501 4347 creata
521 4299 637 4345 sunt
660 4290 855 4354 omnia,
883 4304 982 4346 nec
1010 4299 1192 4344 nonet
1223 4289 1377 4356 illud,
1412 4287 1599 4342 Omnia
1621 4288 1677 4340 in
1700 4302 1785 4340 sa-

197 4386 382 4455 pientia
418 4383 627 4457 fecisti?
660 4383 767 4440 Sed
808 4392 863 4439 et
890 4383 992 4438 boc
1020 4381 1260 4439 Joannes
1303 4388 1620 4452 prosecutus
1659 4389 1781 4435 est:

200 4478 379 4534 Omnia
409 4495 502 4548 per
522 4480 694 4546 ipsum
733 4480 873 4544 facta
900 4491 1014 4532 sunt
1040 4493 1059 4532 :
1083 4477 1354 4547 quomodo
1380 4474 1583 4540 omnia,
1615 4474 1659 4530 si
1688 4489 1786 4528 ne-

199 4587 286 4642 gas
311 4574 382 4628 de
422 4572 536 4627 ﬁito
574 4571 665 4627 ι)θί
695 4570 930 4635 dictum,
956 4581 1002 4625 et
1044 4571 1161 4640 feeit
1197 4569 1331 4625 Deus
1364 4570 1785 4638 ﬁrmamentum:

203 4663 264 4719 Et
306 4667 481 4721 diuisit
520 4664 659 4720 Deus
696 4682 786 4735 per
821 4664 1040 4718 medium
1077 4663 1263 4734 aqum?
1305 4663 1443 4733 Ergo
1483 4669 1538 4716 et
1575 4661 1786 4731 Moyses

207 4759 453 4817 factorem
488 4760 696 4817 inducit
726 4759 914 4827 ﬁlium,
945 4776 1053 4816 non
1080 4759 1299 4814 factum.
1331 4757 1388 4813 Si
1417 4757 1561 4811 enim
1592 4758 1789 4810 factum

207 4867 383 4913 sancto
403 4856 609 4927 Spiritu
642 4856 917 4911 revelante
948 4854 1247 4919 didicisset,
1279 4852 1421 4908 inter
1448 4861 1645 4907 caetera
1671 4866 1793 4922 qua:

211 4948 337 5007 facta
369 4952 751 5019 describebat,
797 4951 972 5022 ipsum
1002 4964 1215 5020 quoque
1248 4950 1395 5019 prius
1430 4947 1629 5001 factum
1673 4961 1793 5001 esse

213 5057 573 5101 memorasset.

277 5137 361 5193 γι.
401 5138 510 5195 Sed
553 5139 855 5194 abSolutius
896 5138 1118 5195 inferius
1152 5137 1495 5209 prosequitur
1526 5178 1536 5197 ,
1568 5135 1656 5190 ubi
1683 5133 1795 5205 jam

216 5230 447 5287 fabricati
479 5232 666 5289 mundi
699 5234 870 5288 iucoia
902 5232 1176 5289 faciendus
1199 5242 1282 5288 est
1315 5248 1333 5287 :
1360 5230 1428 5285 Et
1459 5230 1586 5284 dixit
1620 5228 1758 5283 Deus
1780 5269 1796 5294 ,

219 5326 486 5383 Faciamus
536 5329 795 5382 hominem
851 5328 918 5382 ad
970 5329 1247 5400 imaginem
1309 5336 1357 5382 et
1409 5324 1804 5380 simiiitndiuem

1879 3346 2126 3401 inseruit.
2156 3348 2265 3403 Hoc
2297 3351 2365 3403 ita
2397 3367 2518 3405 esse
2551 3353 2823 3421 invenies,
2851 3355 3133 3410 intendens
3166 3356 3475 3411 testimonio

1875 3437 2098 3499 dicenti,
2143 3437 2423 3496 Faciamus
2475 3445 2733 3499 hominem
2782 3448 2850 3499 ad
2899 3448 3171 3517 imaginem
3224 3460 3471 3502 nostram.

1877 3533 2014 3600 Quid
2050 3534 2227 3605 ‘agis,
2254 3536 2504 3605 impietas
2542 3538 2777 3594 Ariona?
2825 3540 2883 3595 Si
2925 3551 3177 3597 creatura
3216 3542 3469 3598 Christus

1879 3635 1965 3682 est
1987 3668 2003 3692 ,
2035 3629 2308 3695 quomodo
2341 3639 2611 3687 creaturae
2636 3644 2691 3688 et
2716 3634 2951 3689 creatori
2988 3651 3090 3689 una
3116 3637 3296 3707 imago
3323 3637 3449 3691 est?

1952 3719 2066 3775 VII.
2107 3724 2126 3754 ²
2156 3722 2260 3779 Sed
2310 3740 2379 3779 ne
2412 3725 2605 3779 iterum
2635 3729 2795 3782 Arius
2836 3728 2937 3783 sub
2968 3727 3256 3784 occa:ioue
3288 3747 3478 3799 perso-
3557 3746 3573 3764 '

1881 3832 2070 3872 narum
2095 3860 2109 3880 ,
2135 3818 2481 3874 diversitates
2506 3820 2786 3876 induceret
2818 3834 3161 3888 naturarum,
3192 3823 3480 3881 diversitas

1885 3922 2091 3966 natura:
2138 3928 2246 3967 non
2296 3914 2533 3969 admittit
2582 3916 2743 3971 unius
2784 3916 2976 3973 fortuna
3020 3921 3482 3975 eommunioncm.

1885 4002 2067 4058 Mults:
2104 4016 2227 4059 sunt
2259 4020 2421 4060 vocvs
2453 4007 2504 4062 in
2552 4007 2704 4063 libris
2750 4010 2959 4082 Moysi,
2990 4012 3187 4082 quibus
3236 4011 3487 4083 redargui

1887 4101 2097 4168 possint
2127 4100 2275 4171 impii
2320 4100 2371 4155 in
2413 4100 2627 4168 ﬁlium,
2658 4104 2822 4157 inuno
2854 4114 2907 4159 et
2947 4106 2998 4159 iu
3046 4117 3252 4176 patrem
3302 4125 3315 4161 :
3362 4124 3486 4162 nam

1886 4192 2159 4262 quomodo
2183 4208 2289 4247 non
2317 4200 2374 4248 et
2403 4193 2454 4247 in
2484 4205 2689 4263 patrem
2726 4194 2840 4249 hzec
2869 4196 3036 4250 tendit
3072 4195 3344 4263 impietas,
3367 4212 3489 4266 quac

1890 4286 2116 4357 profano
2144 4287 2338 4355 Spiritu
2366 4298 2653 4342 exercetur
2684 4288 2703 4319 ³
2738 4289 2789 4342 itt
2819 4288 3022 4352 ﬁliuni,
3052 4304 3178 4343 cum
3208 4289 3341 4357 patri
3374 4291 3490 4343 adi-

1892 4391 2047 4436 tnunt
2096 4382 2238 4452 quod
2293 4397 2420 4435 vere
2460 4381 2630 4449 patris
2657 4391 2776 4446 est,
2819 4382 3126 4437 auferentes
3173 4382 3285 4438 ﬁlio
3346 4384 3492 4454 quod

1892 4490 2023 4530 vere
2064 4475 2159 4529 lilii
2188 4486 2269 4529 est
2319 4492 2332 4528 :
2380 4466 2655 4546 quomodo
2694 4477 2837 4530 enim
2883 4486 3033 4545 pater
3082 4486 3167 4532 est
3198 4493 3361 4545 vere,
3402 4478 3493 4550 qui

1895 4570 2189 4629 secundum
2226 4569 2372 4639 ipsos
2404 4586 2509 4624 non
2538 4570 2758 4642 genuit?
2785 4574 3059 4642 quomodo
3089 4572 3341 4631 Christus
3370 4591 3496 4632 vero

1817 4681 1871 4754 ι)
1898 4665 2038 4719 ﬁlius
2063 4672 2174 4723 εει,
2201 4680 2361 4734 quem
2382 4673 2579 4735 negant
2600 4682 2726 4722 vere
2746 4666 2815 4721 de
2839 4670 2956 4734 ipSo
2979 4670 3336 4738 generatum?
3365 4669 3494 4738 S-td,

1899 4769 1957 4815 ut
1997 4759 2109 4813 disi
2134 4801 2148 4821 ,
2193 4760 2375 4813 multa:
2420 4768 2549 4813 sunt
2578 4775 2741 4814 voces
2774 4761 2825 4814 in
2873 4761 3023 4815 libris
3055 4763 3261 4834 Moysi,
3303 4763 3499 4834 quibus

1899 4855 2145 4925 redargui
2175 4853 2292 4911 hic
2316 4869 2504 4909 eorum
2550 4855 2711 4923 possit
2747 4854 2999 4925 impietas
3032 4873 3047 4911 :
3088 4856 3183 4910 Sed
3226 4858 3350 4927 quia
3383 4857 3499 4913 Ita-c

1898 4947 2017 5017 ipsa
2058 4964 2163 5001 non
2201 4946 2380 5001 studio
2412 4949 2606 5001 librum
2639 4947 2929 5003 scribentis
2973 4951 3356 5020 esSequimur,
3400 4950 3496 5005 sed

1904 5041 2067 5095 veluti
2101 5040 2152 5094 in
2184 5040 2383 5095 scbeda
2422 5051 2603 5095 certas
2632 5056 2873 5095 summas
2914 5045 3068 5112 quasi
3098 5059 3450 5114 properantes
3480 5046 3501 5078 δ

1902 5133 2267 5197 delimamus,
2301 5142 2359 5187 ut
2410 5143 2501 5188 tuo
2542 5134 3008 5205 qualitercumque
3053 5138 3332 5194 videamur
3365 5142 3500 5195 obe-

1905 5229 2050 5285 disse
2081 5239 2351 5300 pra'eepto
2378 5270 2393 5295 ,
2450 5239 2664 5285 caetera:
2706 5245 2865 5287 voces
2907 5236 3297 5301 prtetereunda:
3336 5248 3504 5305 sunt,

1912 5322 2148 5378 maxime
2174 5323 2296 5392 quia
2330 5324 2380 5376 in
2410 5321 2612 5377 divinis
2655 5326 2875 5379 vocibus
2914 5342 3019 5379 nou
3055 5343 3312 5384 numeros
3358 5332 3509 5385 testi-

220 5435 432 5477 nostram
459 5420 629 5495 (Gen.
662 5437 717 5487 ι,
744 5421 815 5476 26
838 5420 880 5483 ).
926 5420 1040 5476 Non
1071 5433 1153 5475 est
1193 5420 1337 5475 enim
1371 5419 1531 5473 unius
1560 5430 1805 5486 personae
1912 5418 2218 5473 moniorutn
2239 5462 2253 5481 ,
2285 5416 2380 5472 sed
2412 5420 2709 5473 auctoritas
2736 5419 3055 5483 requirenda
3085 5431 3205 5480 est;
3245 5439 3364 5491 quae
3393 5425 3511 5478 ido-

219 5516 422 5583 dicere,
464 5517 721 5589 faciamus
762 5516 829 5570 ad
874 5514 1147 5583 imaginem
1178 5522 1228 5568 et
1272 5509 1669 5567 similitudinem
1714 5524 1808 5562 no-

220 5620 407 5678 stram,
435 5610 533 5667 sed
579 5625 754 5683 neque
796 5609 1032 5666 diversa:
1059 5607 1301 5665 deitatis.
1344 5605 1478 5663 Nam
1522 5605 1809 5677 pluralitas

289 5754 302 5784 ³
341 5752 507 5810 Forte
526 5796 540 5819 ,
571 5754 670 5809 ais.

286 5826 309 5897 ξ
345 5824 473 5897 Haec
500 5818 757 5896 periodus
781 5823 1033 5897 superius
1058 5822 1111 5877 in
1141 5819 1405 5879 Faustino
1438 5818 1672 5878 collocat
1710 5819 1813 5877 hoc

224 5896 274 5953 in
299 5896 419 5955 loco
440 5896 755 5954 Personam.

624 5992 902 6056 Panos.
951 5988 1129 6053 χιιι.

1915 5528 2013 5568 nea
2038 5522 2121 5567 est
2147 5509 2308 5566 etiam
2339 5511 2382 5565 si
2413 5527 2515 5563 una
2546 5526 2677 5566 voce
2708 5510 3031 5581 prob-ratur.
3061 5514 3272 5569 Sufﬁcit
3293 5517 3509 5574 interim

1915 5605 1985 5661 de
2008 5603 2113 5660 hoc
2140 5619 2246 5659 uno
2272 5604 2511 5674 capitulo
2537 5602 2757 5675 Moysen
2789 5602 3151 5659 coneordasse
3177 5620 3301 5663 cum
3334 5607 3515 5666 Evan-

1991 5746 2012 5777 ³
2050 5745 2117 5818 Et
2145 5746 2199 5801 in
2228 5746 2417 5818 ﬁlium.

1992 5819 2015 5851 ⁸
2050 5816 2354 5876 Delibamtts
2372 5860 2387 5890 ,
2413 5816 2500 5875 vel
2526 5816 2864 5873 detineantus.
