3998 6350
439 299 513 379 45
1696 302 2021 365 FAUSTINI
2058 305 2495 369 PRESBYTER!
3256 262 3271 273 .
3679 323 3755 381 46

441 417 601 491 geliis
628 425 684 473 et
722 417 1002 490 apostolis.
1024 416 1193 474 Deum
1215 416 1449 477 etDeum
1482 418 1741 490 prredicat
1772 422 1987 494 Moyses
2019 440 2032 477 :
2062 429 2115 489 Α
2140 425 2311 482 Nemo
2332 426 2387 483 in
2417 427 2625 484 visione
2650 436 2917 486 creaturae
2950 439 3159 502 patrem
3202 432 3351 488 videt
3377 451 3392 488 :
3423 433 3494 491 de
3530 435 3753 508 inspec-

443 511 585 568 sicut
613 512 864 583 superius
893 511 1259 567 testiinohium
1290 513 1307 543 ¹
1332 512 1597 584 loquimur
1619 513 1685 568 de
1706 513 1939 582 Genesi,
1973 519 2043 571 ita

447 613 504 660 et
544 602 784 660 Joannes
829 603 997 658 Deum
1041 613 1094 658 et
1132 604 1299 660 Deum
1330 606 1673 661 aunuutiavit
1709 606 1898 665 dicens
1928 622 1944 663 :
1978 605 2046 663 In

404 676 413 693 ’
449 696 704 769 principio
733 704 844 753 erat
878 694 1139 765 Verbum,
1186 706 1232 750 et
1271 695 1493 751 Verbum
1533 706 1645 753 erat
1670 700 1809 771 apud
1832 696 2000 753 Deum
2029 740 2044 767 ,

445 798 491 842 et
525 787 662 842 Deus
689 798 795 841 erat
832 786 1059 842 Verbum
1089 787 1272 857 (Joan.
1311 804 1366 855 t,
1418 787 1510 859 l).
1547 789 1715 845 Nemo
1744 790 1881 844 dixit
1907 790 2046 847 duos

444 881 610 943 deos,
640 880 765 934 licet
793 880 959 936 Deum
989 892 1044 936 et
1073 880 1238 936 Deum
1270 880 1476 939 diceret
1507 900 1519 935 :
1552 898 1711 938 nemo
1736 900 1844 949 non
1874 900 2041 939 unam

443 973 731 1044 imaginem
763 974 933 1043 patris
980 984 1034 1029 et
1075 974 1172 1031 ﬁlii
1216 976 1590 1043 annuntiavit,
1632 987 1686 1031 et
1728 977 1850 1031 ideo
1879 994 2044 1037 unum

443 1068 614 1124 Deum
649 1069 797 1123 novit
837 1069 1021 1125 dicere
1063 1070 1117 1124 in
1160 1070 1505 1127 confessione
1537 1071 1672 1128 lides
1714 1072 1981 1127 catholica
2029 1089 2043 1127 :

441 1177 551 1217 non
585 1171 765 1217 tamen
791 1173 847 1218 ut
874 1178 971 1235 per
996 1163 1395 1219 cOufessionem
1423 1169 1444 1198 ²
1470 1166 1628 1220 unius
1654 1165 1747 1221 Dei
1779 1166 1924 1223 ﬁlius
1952 1181 2048 1221 ne-

440 1262 600 1326 getur
628 1270 752 1321 esse
779 1255 921 1327 quod
949 1256 1095 1311 Dens
1123 1266 1207 1313 est
1236 1274 1248 1310 :
1278 1257 1400 1327 quia
1426 1258 1565 1312 sicut
1600 1267 1749 1328 pater
1772 1258 1918 1313 Deus
1939 1266 2045 1323 est,

406 1360 413 1367 ‘
441 1348 515 1404 ita
543 1357 599 1405 et
642 1347 788 1404 ﬁlius
820 1350 960 1404 Deus
1001 1356 1085 1404 est
1113 1368 1125 1403 :
1172 1365 1297 1405 nam
1337 1352 1379 1405 si
1416 1368 1519 1405 non
1552 1352 1692 1405 sicut
1720 1360 1872 1420 pater
1907 1352 2047 1407 Deus

442 1453 559 1509 est,
593 1442 667 1499 ita
698 1451 753 1499 et
784 1442 927 1498 ﬁlius
951 1443 1134 1510 Deus;
1179 1443 1452 1514 quomodo
1485 1443 1590 1498 illis
1620 1460 1724 1501 una
1759 1445 1936 1515 imago
1966 1452 2049 1499 est

442 1537 741 1595 secundum
771 1538 1028 1609 Moysen?
1055 1538 1140 1594 vel
1168 1538 1443 1609 quomodo
1469 1536 1763 1592 secundum
1794 1537 2043 1605 Paulum,

440 1629 497 1686 in
529 1630 697 1685 forma
730 1630 825 1687 Dei
845 1630 1092 1691 Christus
1114 1637 1201 1697 est
1222 1625 1445 1701 aequalis
1468 1631 1711 1685 exiStens
1746 1629 1893 1685 Deo?

514 1721 656 1777 Vill.
698 1722 805 1778 Sed
855 1734 910 1779 et
954 1722 1196 1777 Joannes
1219 1738 1340 1777 rum
1364 1721 1603 1779 Verbum
1634 1722 1806 1777 Deum
1849 1722 2049 1795 asserit

2150 520 2296 577 tione
2320 522 2466 577 enim
2493 532 2756 578 creatura:
2784 532 3005 580 creator
3033 525 3203 581 videri
3232 536 3445 601 potest;
3472 536 3627 599 pater
3655 544 3755 583 au-

2150 622 2257 669 tem
2299 630 2405 670 non
2444 615 2661 671 videtur
2706 616 2810 672 nisi
2850 617 2920 674 de
2964 618 3303 687 inspectione
3350 620 3466 675 lilii.
3515 621 3574 678 Si
3619 637 3754 694 ergo

2150 705 2394 762 Christus
2421 718 2667 765 creatura
2693 719 2808 775 est,
2836 719 2893 766 et
2917 726 3025 766 non
3058 727 3182 767 vere
3221 712 3366 769 ﬁlius
3388 755 3402 777 ,
3437 728 3543 769 non
3575 724 3755 784 potest

2147 800 2202 857 in
2243 810 2511 858 creatura:
2549 803 2761 859 visione
2796 815 2952 876 pater
2995 805 3206 861 videri:
3251 818 3308 862 et
3331 809 3608 879 quomodo
3634 811 3751 876 ait,

2151 894 2255 959 Qui
2281 911 2360 948 me
2384 894 2517 951 videt
2536 936 2551 962 ,
2578 895 2714 950 videt
2737 906 2786 950 et
2811 906 3041 967 patrem,
3072 899 3173 954 nisi
3205 899 3330 969 quia
3360 915 3490 956 vere
3521 901 3663 957 ﬁlius
3682 902 3756 960 de

2149 984 2263 1041 Deo
2297 997 2449 1057 patre
2494 996 2652 1043 natus
2696 990 2814 1045 est?
2856 999 2912 1045 et
2960 992 3082 1045 ideo
3131 1007 3255 1048 cum
3308 992 3511 1050 videris
3552 996 3743 1063 ﬁlium,

2151 1095 2376 1137 necesse
2400 1090 2487 1137 est
2517 1096 2573 1136 ut
2596 1092 2654 1139 et
2686 1094 2891 1154 patrem
2920 1084 3146 1142 videris.
3179 1086 3312 1143 Sine
3343 1088 3454 1141 lilio
3485 1089 3633 1144 enim
3658 1104 3756 1160 pa-

2150 1179 2234 1227 ter
2280 1188 2385 1227 non
2426 1184 2542 1235 est.
2570 1174 2731 1230 -sicut
2757 1191 2858 1231 nec
2885 1175 3031 1233 lilius
3075 1178 3194 1232 sine
3232 1188 3403 1249 patre.
3431 1178 3561 1235 lnde
3588 1181 3754 1236 etiam

2148 1266 2409 1332 eubdidit,
2434 1267 2546 1339 Ego
2568 1270 2623 1323 in
2641 1279 2805 1341 patre,
2837 1280 2885 1324 et
2904 1281 3054 1343 pater
3080 1272 3133 1325 iu
3157 1288 3236 1326 me
3262 1270 3456 1345 (lbid.,
3490 1272 3618 1346 10):
3645 1289 3754 1332 non

2149 1362 2332 1432 utique
2380 1376 2476 1430 per
2518 1363 2805 1432 quamdam
2856 1366 3129 1435 passivam
3184 1366 3601 1437 confusionem;
3655 1368 3756 1426 sed

2147 1455 2272 1523 quia
2326 1468 2669 1526 consequens
2712 1465 2800 1512 est
2862 1467 2921 1513 ut
2966 1458 3055 1514 ubi
3099 1465 3252 1529 pater
3295 1468 3417 1528 est,
3463 1460 3575 1515 illic
3624 1476 3757 1519 esse

2148 1556 2508 1615 cognoscatur
2535 1558 2589 1602 et
2619 1548 2793 1614 ﬁlius;
2842 1560 2898 1604 et
2946 1551 3033 1606 ubi
3078 1550 3219 1606 ﬁlius
3259 1562 3372 1617 est,
3424 1551 3537 1609 illic
3581 1553 3754 1610 etiam

2150 1648 2357 1707 patrem
2384 1651 2601 1696 exstare
2628 1657 2946 1713 cognoscas.
2978 1642 3075 1699 Est
3114 1653 3171 1699 et
3199 1644 3341 1700 alius
3385 1661 3580 1703 sensus
3623 1647 3757 1703 dicti

2149 1730 2327 1799 isdus,
2362 1733 2460 1799 Qui
2491 1750 2570 1788 me
2598 1734 2725 1788 vidit
2750 1777 2765 1802 ,
2797 1736 2924 1790 vidit
2953 1746 2999 1790 et
3030 1746 3225 1807 patrem
3248 1753 3268 1791 :
3304 1754 3411 1794 non
3439 1739 3536 1810 qui
3566 1754 3759 1811 corpo-

441 1816 497 1871 in
530 1815 793 1886 principio
819 1815 959 1886 apud
986 1817 1152 1870 Deum
1181 1829 1301 1870 ϐεδε
1320 1856 1334 1881 ν
1366 1830 1471 1887 "0,“
1501 1823 1656 1869 θκινθ
1684 1815 1853 1869 DCIII“
1886 1829 2038 1883 esse;
2072 1818 2121 1883 B
2147 1828 2254 1882 reis
2276 1828 2452 1884 oculis
2475 1831 2528 1883 in
2556 1843 2788 1899 corpore
2816 1830 3041 1885 vidisset
3062 1830 3246 1887 Jesu’m
3270 1874 3286 1899 ,
3318 1833 3519 1888 vidisse
3543 1843 3752 1903 patrem

440 1923 539 1980 per
586 1908 728 1981 hanc
773 1908 935 1963 Verbi
979 1908 1073 1963 Dei
1117 1923 1146 1962 a
1190 1908 1299 1963 Deo
1340 1908 1856 1980 inseparabilitatem
1899 1908 2043 1964 idem

443 2000 580 2056 mihi
610 2000 826 2056 videtur
852 2000 1159 2071 signiﬁcare
1181 2041 1197 2067 ,
1225 1999 1371 2072 quod
1398 2000 1452 2056 in
1475 2000 1832 2073 signiﬁcantia
1860 2001 2047 2073 imagi-

443 2094 529 2149 nis
559 2101 616 2148 et
643 2092 834 2147 formae
860 2104 962 2148 est.
997 2092 1129 2147 Nam
1162 2092 1207 2167 si
1253 2108 1347 2163 per
1376 2109 1537 2147 unam
1568 2095 1857 2164 imaginem
1898 2109 2048 2159 eam-

441 2182 672 2258 demque
700 2186 961 2255 formam,
993 2189 1160 2257 patris
1186 2194 1243 2242 et
1275 2186 1366 2241 ﬁlii
1402 2185 1836 2256 inseparabilitas
1862 2196 2045 2243 osten-

442 2279 616 2346 ditur,
650 2296 749 2338 cur
777 2297 882 2335 non
907 2296 1030 2336 cum
1059 2280 1297 2337 Joannes
1327 2281 1423 2335 Dei
1450 2290 1504 2335 et
1525 2279 1619 2336 Dei
1662 2281 2043 2353 inseparabili-

438 2380 605 2429 tatem
642 2373 924 2453 annuntiat
962 2390 1058 2443 per
1096 2373 1201 2430 hoc
1241 2373 1384 2445 quod
1420 2375 1531 2441 ait,
1565 2383 1613 2428 et
1659 2372 1886 2429 Verbum
1935 2383 2047 2447 erat

439 2468 583 2538 apud
624 2466 830 2536 Deum,
878 2477 923 2523 et
969 2470 1063 2523 hoc
1108 2479 1216 2523 erat
1262 2469 1316 2522 in
1348 2464 1606 2538 principio
1652 2467 1794 2536 apud
1835 2464 2042 2537 Deum,

440 2576 603 2617 unam
632 2560 922 2633 imaginem
947 2562 1306 2633 eamdemque
1330 2561 1559 2616 formam
1585 2561 1749 2631 patris
1771 2570 1826 2617 et
1855 2559 1948 2616 ﬁlii
1973 2560 2047 2619 si-

438 2653 725 2725 gniﬁcasse
763 2653 1062 2708 credatur?
1103 2654 1268 2708 Plane
1301 2653 1387 2708 hic
1417 2669 1611 2711 sensus
1644 2653 1891 2725 videatur
1926 2669 2047 2709 am-

440 2743 635 2816 biguus
655 2785 669 2813 ,
694 2745 871 2813 sinon
897 2744 1039 2801 idem
1062 2745 1394 2818 evangelista
1418 2744 1522 2800 hoc
1564 2746 1739 2816 ipsum
1765 2747 2043 2817 paululum

439 2839 576 2894 infra
635 2839 875 2912 apertius
926 2849 1248 2910 prosecutus
1310 2849 1395 2895 est
1439 2840 1667 2906 dicens,
1725 2852 1776 2897 et
1824 2842 2045 2901 vidimus

439 2932 663 3005 gloriam
701 2934 850 2999 eius,
896 2933 1117 3007 glouiam
1161 2932 1306 3002 quasi
1348 2933 1601 3007 unigeniti
1628 2950 1661 2988 a
1688 2944 1832 3004 patre
1876 2934 2043 3006 (Ibid.

446 3023 555 3097 M)
606 3042 622 3079 :
670 3026 815 3080 sicut
861 3042 967 3080 una
1014 3027 1222 3098 imago,
1278 3028 1573 3097 eademque
1620 3026 1823 3093 forma,
1874 3031 1947 3083 ita
1989 3036 2047 3084 et

442 3117 615 3187 gloria
642 3133 751 3172 non
783 3117 884 3172 alia
913 3126 1000 3174 est
1029 3116 1123 3172 lilii
1142 3159 1157 3186 ,
1181 3134 1339 3188 quam
1369 3136 1490 3190 qua:
1514 3121 1680 3190 patris
1704 3129 1805 3175 est.
1830 3120 2042 3178 Interea

2147 1920 2418 1987 refertur;
2447 1921 2687 1991 alioquin
2717 1922 2954 1978 absurda
2983 1932 3070 1979 est
3098 1923 3400 1995 increpatio
3444 1925 3655 1981 Domini
3684 1925 3757 1982 ad

2151 2012 2456 2083 Philippum
2480 2014 2746 2082 dicentis,
2772 2015 2942 2073 Tanto
2971 2028 3197 2091 ιεηιρονθ
3224 2017 3484 2072 vobiscum
3508 2032 3626 2073 sum
3645 2062 3661 2086 ,
3701 2029 3756 2075 et

2147 2121 2252 2159 non
2294 2122 2372 2159 me
2403 2108 2553 2173 nosti,
2586 2104 2835 2178 Philippe
2856 2108 3018 2175 (Ibid.
3045 2151 3061 2177 ,
3092 2110 3185 2179 9)?
3215 2109 3512 2166 secundum
3550 2125 3756 2182 corpus

2147 2199 2294 2257 enim
2345 2216 2453 2256 non
2502 2202 2678 2257 solum
2716 2202 2999 2275 Philippus
3030 2203 3249 2259 videbat
3293 2202 3512 2270 losum,
3559 2203 3656 2259 sed
3698 2212 3757 2260 et

2148 2307 2338 2355 omnes
2367 2292 2539 2349 Judaei
2580 2295 2673 2364 qui
2705 2295 2757 2351 ei
2784 2295 3221 2353 adversabantur
3249 2314 3263 2351 :
3295 2312 3398 2352 nec
3442 2308 3623 2355 tamen
3654 2312 3756 2367 per

2150 2385 2256 2442 hoc
2282 2387 2424 2456 quod
2448 2387 2703 2443 videbant
2732 2390 3028 2445 secundum
3060 2406 3260 2460 corpus
3285 2390 3470 2448 .lesum
3489 2433 3504 2457 ,
3536 2401 3753 2463 patrem

2148 2495 2363 2550 quoque
2383 2480 2586 2537 vidisse
2607 2481 2863 2537 credendi
2892 2474 3051 2538 sunt?
3074 2484 3213 2551 Quid
3243 2498 3375 2555 ergo
3396 2493 3508 2549 est,
3539 2483 3642 2552 Qui
3670 2500 3755 2539 me

2147 2572 2273 2627 uidit
2300 2613 2314 2639 ,
2346 2573 2469 2627 uidit
2496 2583 2544 2629 et
2571 2584 2767 2641 patrem
2786 2575 2812 2629 Ρ
2853 2576 3075 2632 intende
3099 2577 3282 2633 cordis
3310 2576 3480 2633 aciem
3500 2620 3515 2645 ,
3547 2588 3603 2634 et
3628 2577 3755 2635 vide

2150 2666 2445 2722 secundum
2478 2666 2601 2723 ﬁdei
2640 2668 2940 2738 spiritualis
2968 2672 3188 2727 obtutus
3211 2714 3226 2739 ,
3266 2670 3541 2727 Christum
3584 2672 3754 2729 ﬁlium

2148 2756 2245 2812 Dei
2290 2774 2397 2813 non
2440 2769 2743 2817 creaturam
2792 2778 2950 2828 esse,
2998 2764 3092 2818 sed
3136 2774 3485 2820 creatorem:
3533 2764 3757 2822 intende

2150 2867 2273 2909 cum
2305 2870 2428 2911 vere
2452 2869 2574 2911 esse
2592 2856 2763 2911 Deum
2792 2858 2910 2913 sine
2938 2858 3094 2913 initio
3122 2859 3512 2929 sempiternum
3538 2876 3554 2925 ;
3585 2868 3641 2914 et
3667 2875 3759 2914 se-

2149 2947 2384 3005 cundum
2415 2948 2520 3006 huc
2545 2992 2558 3012 .
2591 2950 2735 3021 quod
2779 2953 2920 3007 Deus
2941 2994 2956 3013 .
2977 2938 3317 3009 'invisibilem
3341 2994 3358 3023 ,
3408 2954 3759 3023 inaestimabi-

2150 3039 2289 3103 lem,
2322 3042 2787 3112 incorruptibilem
2807 3086 2822 3112 ,
2852 3044 3300 3103 indemutabilem
3323 3090 3338 3115 ,
3368 3057 3422 3104 et
3451 3064 3547 3119 per
3573 3049 3758 3103 omnia

2150 3130 2332 3203 talem,
2356 3134 2527 3202 qualis
2543 3144 2627 3191 est
2646 3144 2702 3191 et
2731 3145 2883 3206 pater
2898 3138 3016 3207 ejus
3032 3141 3123 3209 qui
3146 3154 3271 3203 eum
3287 3141 3500 3210 genuit:
3516 3152 3571 3196 et
3594 3144 3664 3196 ita
3683 3140 3758 3195 vi-

442 3210 533 3280 qui
585 3210 858 3265 Christum
917 3211 986 3266 de
1024 3210 1315 3281 adoptione
1358 3211 1526 3266 ﬁlium
1567 3211 1735 3281 dicis,
1774 3213 2049 3285 quomodo
2074 3206 2120 3269 C
2153 3225 2287 3283 deus
2317 3226 2506 3292 lilium,
2526 3238 2732 3297 patrem
2751 3206 2964 3300 quoque
2983 3206 3373 3288 tevidissetion
3389 3233 3613 3291 dubium
3646 3242 3752 3290 est.

442 3302 954 3377 inlelligisﬁgloriam
992 3306 1106 3377 ejus
1151 3304 1300 3373 quasi
1334 3305 1585 3375 unigeniti
1613 3322 1646 3359 a
1683 3307 1868 3376 patre?
1892 3305 2047 3374 Quod

440 3398 485 3451 si
509 3372 693 3468 plures
710 3372 836 3452 esse
859 3395 954 3452 Dei
978 3372 1141 3464 ﬁlios,
1166 3372 1234 3452 de
1256 3372 1546 3471 adoptione
1572 3372 1876 3468 proﬁteris:
1901 3372 2047 3470 quod

439 3489 485 3543 si
529 3499 583 3544 et
610 3486 864 3543 Christus
891 3489 1179 3559 adeptivus
1218 3498 1332 3557 est,
1363 3490 1638 3565 quomodo
1667 3493 1977 3563 unigenitus
2016 3510 2046 3548 a

444 3588 600 3649 patre
627 3589 712 3634 est
736 3619 752 3647 ,
811 3595 933 3635 cum
962 3596 1068 3635 non
1099 3580 1169 3635 sit
1201 3582 1506 3651 unigenitus
1537 3584 1893 3639 existentibus
1913 3601 2050 3656 quo-

440 3686 549 3749 guc
578 3671 701 3728 aliis
728 3685 827 3742 per
863 3672 1212 3743 adoptionem
1245 3674 1412 3728 ﬁliis?
1442 3675 1596 3743 Quod
1623 3677 1668 3730 si
1700 3692 1832 3733 vere
1861 3678 2050 3751 unige-

447 3765 596 3820 nitus
645 3779 675 3819 a
719 3775 875 3837 patre
899 3776 982 3821 est
1014 3764 1135 3821 ideo
1172 3768 1301 3837 quia
1331 3766 1446 3838 ipse
1488 3768 1638 3824 solus
1663 3768 1731 3841 de
1764 3770 1881 3841 ipso
1922 3787 2051 3830 vere

449 3866 604 3927 patre
633 3868 956 3927 generatur.
985 3859 1261 3929 quomodo
1287 3858 1575 3931 adoptivus
1611 3864 1895 3931 asseritur,
1926 3881 2047 3921 cum

450 3949 741 4022 adoptivus
765 3953 909 4007 inter
930 3952 1112 4021 plures
1144 3951 1422 4022 adoptivos
1452 3954 1836 4024 proprietatem
1862 3959 2050 4031 unige-

447 4042 549 4099 niti
587 4057 616 4097 a
658 4052 816 4114 patre
857 4043 1059 4100 habere
1105 4061 1212 4100 non
1263 4042 1475 4115 possit?
1519 4047 1628 4103 Sed
1672 4051 1773 4104 etsi
1815 4052 2053 4121 adoptivi

451 4145 607 4202 sunt,
648 4135 719 4192 de
751 4136 899 4192 nullo
932 4126 1109 4193 tamen
1148 4152 1336 4192 eorum
1364 4137 1566 4194 dictqu
1595 4151 1680 4195 est
1705 4183 1718 4206 ,
1751 4152 1798 4196 et
1825 4143 2048 4200 vidimus

446 4229 665 4302 gloriam
691 4231 804 4300 ejus
827 4272 841 4297 ,
868 4230 1086 4303 gloriam
1113 4232 1261 4303 quasi
1291 4231 1542 4302 unigeniti
1571 4250 1604 4286 a
1644 4246 1808 4305 patre.
1842 4236 1946 4290 Sed
1984 4236 2054 4294 de

447 4321 668 4379 Christo
713 4324 832 4380 solo
872 4324 1073 4380 dictum
1119 4335 1232 4393 est,
1278 4335 1328 4381 et
1377 4327 1598 4382 vidimus
1643 4328 1861 4401 gloriam
1906 4333 2051 4403 ejus,

448 4418 667 4495 gloriam
696 4419 846 4489 quasi
874 4419 1121 4489 unigeniti
1148 4437 1181 4474 a
1211 4428 1359 4490 patre
1386 4436 1404 4475 :
1452 4436 1558 4476 nou
1604 4437 1733 4493 ergo
1765 4423 2053 4495 adoptivus

448 4492 565 4575 est,
597 4509 665 4564 de
692 4524 801 4579 quo
832 4510 934 4564 hoc
967 4512 1164 4567 dicitur
1186 4553 1202 4579 ,
1236 4513 1379 4584 quod
1408 4514 1477 4569 de
1504 4492 1776 4586 adoptivis
1807 4492 1912 4573 dici
1944 4535 2051 4573 non

450 4610 652 4673 potest.
680 4602 745 4656 Et
772 4603 965 4657 merito
993 4603 1071 4658 illi
1102 4620 1203 4659 una
1238 4606 1416 4676 imago
1437 4622 1557 4661 eum
1587 4621 1738 4678 patre
1764 4621 1878 4678 est,
1926 4616 2050 4683 quia

450 4696 568 4766 ipse
611 4696 760 4750 solus
791 4695 1082 4767 uuigeuitus
1108 4714 1141 4750 a
1171 4707 1314 4764 patre
1353 4709 1448 4752 est.
1480 4700 1619 4768 Quid
1646 4718 1775 4771 ergo
1807 4707 1999 4760 mirum
2030 4748 2048 4777 ,

453 4787 498 4844 si
530 4788 583 4842 in
618 4786 708 4840 ﬁlii
736 4784 973 4857 imagine
1003 4789 1167 4858 patris
1197 4789 1373 4860 imago
1397 4790 1673 4860 signatur?
1703 4793 1829 4850 [deo
1856 4807 1909 4851 et
1937 4799 2052 4866 ipse

450 4879 702 4937 Salvator
751 4879 1001 4945 dicebat,
1063 4881 1165 4946 Qui
1210 4899 1288 4935 me
1333 4884 1506 4951 videt,
1565 4886 1698 4940 videt
1752 4899 1801 4942 et
1851 4902 2051 4960 patrem

451 4973 764 5047 (Joau.xtv,
797 4971 857 5044 9)
889 4990 901 5025 :
935 4989 1041 5028 non
1073 4972 1209 5042 hoc,
1241 4988 1298 5029 ut
1321 4975 1589 5033 Sabellius
1610 5020 1625 5045 ,
1657 4980 1780 5036 dico
1809 4987 1961 5054 quasi
1992 5003 2052 5042 se

451 5069 627 5139 ipsum
660 5075 868 5138 patrem
913 5067 1059 5123 dicat
1086 5083 1209 5124 esse
1231 5112 1245 5136 ,
1279 5071 1368 5140 qui
1401 5072 1469 5125 sit
1500 5082 1554 5127 et
1586 5072 1746 5130 ﬁlius.
1773 5068 2053 5139 Conﬁteor

452 5164 595 5220 enim
626 5175 836 5235 patrem
864 5177 1019 5230 esse,
1051 5165 1138 5233 qui
1167 5165 1391 5233 genuit:
1424 5165 1595 5220 ﬁlium
1629 5185 1757 5225 vero
1780 5187 1933 5243 esse,
1964 5177 2052 5244 qui

455 5265 614 5312 natus
644 5265 749 5311 est.
777 5254 885 5310 Sed
913 5268 1033 5308 cum
1065 5254 1194 5308 dicit
1222 5296 1238 5323 ,
1271 5255 1371 5322 Qui
1398 5273 1475 5310 me
1504 5259 1676 5325 videt,
1706 5263 1841 5317 videt
1880 5275 1928 5318 et
1954 5284 2052 5336 pa-

451 5359 583 5405 trem
607 5392 622 5416 ,
656 5351 794 5402 sicut
825 5350 994 5418 patris
1017 5357 1072 5402 et
1093 5349 1188 5403 ﬁlii
1216 5366 1319 5403 non
1345 5367 1503 5404 unam
1533 5355 1767 5410 ostendit
1787 5372 1909 5411 esse
1936 5374 2055 5437 per-

451 5457 664 5511 sonam,
686 5444 760 5499 ita
789 5457 949 5497 unum
972 5443 1204 5497 ostendit
1227 5458 1346 5499 esse
1363 5444 1647 5513 deitatem;
1671 5464 1793 5507 cum
1817 5452 1869 5505 in
1888 5455 2053 5535 patris

447 5546 503 5591 et
531 5538 628 5591 ﬁlii
651 5535 954 5591 substantia
979 5536 1123 5589 nulla
1143 5535 1430 5592 diversitas
1459 5538 1757 5596 invenitur.

525 5627 619 5683 lx.
663 5627 862 5684 lterum
895 5625 949 5680 in
977 5625 1080 5682 hoc
1110 5643 1325 5699 quoque
1357 5628 1474 5685 loco
1501 5630 1712 5701 dicam,
1738 5635 1782 5690 si
1802 5648 2049 5695 creatura

447 5728 533 5776 cst
561 5719 722 5788 ﬁlius,
742 5717 1015 5790 quomodo
1034 5719 1123 5790 qui
1147 5719 1293 5776 videt
1323 5720 1513 5790 ﬁlium,
1542 5723 1689 5783 videt
1714 5735 1769 5787 et
1798 5738 2001 5798 patrem
2026 5733 2047 5786 ?

524 5818 536 5847 ¹
578 5817 660 5873 Au
695 5814 971 5887 loquitur?

2224 3322 2293 3379 Χ.
2330 3323 2443 3381 ΙΙ‹·ο
2467 3340 2630 3385 sensu
2656 3328 2842 3397 accipe
2870 3337 2924 3383 et
2951 3327 3085 3383 illud
3111 3330 3256 3400 quod
3283 3331 3388 3399 ait,
3426 3329 3539 3404 Ego
3566 3332 3620 3386 in
3658 3348 3753 3402 pa-

2150 3424 2226 3473 tre
2250 3459 2266 3485 ,
2298 3427 2347 3472 et
2375 3430 2518 3489 pater
2545 3421 2598 3474 in
2626 3437 2725 3476 me.
2760 3422 2920 3478 Pater
2950 3438 3072 3478 cum
3099 3425 3173 3479 sit
3203 3424 3473 3495 perfectus
3496 3468 3510 3493 ,
3542 3426 3756 3497 perfec—

2153 3518 2264 3569 tum
2300 3509 2464 3569 ﬁlium
2486 3512 2701 3582 genuit;
2736 3522 2791 3569 et
2821 3530 2945 3570 cum
2973 3516 3044 3571 sit
3074 3517 3397 3584 invisibilis,
3444 3517 3755 3590 incompre-

2155 3601 2471 3670 lteusihilis,
2506 3606 2895 3664 itizestimabilis
2939 3609 3079 3665 Deus
3122 3620 3177 3666 et
3208 3626 3396 3667 verum
3442 3613 3668 3682 lumen;
3699 3620 3755 3670 et

2154 3694 2296 3751 filius
2328 3696 2447 3755 talis
2474 3711 2635 3757 natus
2663 3711 2744 3757 est
2764 3741 2780 3767 ,
2808 3702 2985 3773 qualis
3017 3714 3102 3760 est
3130 3704 3220 3760 ille
3250 3706 3343 3776 qui
3369 3722 3494 3762 eum
3523 3709 3710 3778 genuit
3735 3726 3750 3762 :

2153 3797 2209 3844 et
2237 3789 2356 3844 ideo
2384 3792 2495 3858 ait,
2526 3791 2639 3866 Ego
2660 3793 2725 3849 'in
2748 3805 2925 3865 patre,
2958 3807 3007 3852 et
3045 3806 3192 3867 pater
3217 3798 3271 3852 in
3292 3815 3371 3854 me
3395 3814 3413 3853 :
3439 3814 3562 3854 eum
3604 3802 3749 3856 enim

2155 3882 2337 3947 omnia
2375 3898 2495 3952 qu:e
2514 3894 2651 3941 sunt
2677 3897 2917 3955 paterna:
2939 3889 3157 3945 virtutis
3176 3901 3231 3945 et
3260 3890 3479 3947 deitatis
3520 3892 3759 3951 habean-

2156 3982 2243 4029 tur
2270 3976 2321 4028 in
2356 3975 2502 4041 lilio,
2538 3988 2691 4048 pater
2731 3980 2787 4035 in
2818 3980 2933 4037 ﬁlio
2959 3992 3079 4049 est,
3105 3991 3162 4039 et
3204 3982 3347 4040 ﬁlius
3376 3985 3430 4040 in
3472 3996 3625 4056 patre
3657 4005 3672 4041 :
3701 3994 3759 4043 et

2156 4067 2277 4123 ideo
2307 4072 2606 4137 praemisit;
2642 4072 2704 4129 Si
2735 4089 2815 4127 me
2844 4075 3041 4129 sciretis
3063 4117 3079 4142 ,
3111 4086 3157 4131 et
3187 4087 3385 4147 patrem
3410 4094 3579 4133 meum
3599 4080 3762 4134 scire-

2158 4161 2223 4215 tis
2253 4161 2441 4230 (lbid.,
2476 4164 2569 4233 7);
2617 4174 2672 4219 et
2726 4166 2814 4220 hic
2836 4167 3138 4223 ostenditur
3171 4170 3314 4239 quod
3342 4170 3532 4226 eadem
3557 4172 3631 4226 sit
3656 4186 3750 4242 pa-

2158 4257 2255 4309 tris
2296 4267 2350 4313 et
2394 4258 2486 4313 lilii
2527 4260 2857 4328 substantia,
2903 4277 2971 4319 eo
3015 4263 3161 4333 quod
3205 4266 3277 4319 sit
3320 4280 3425 4319 una
3473 4267 3755 4338 utriusque

2157 4351 2413 4421 cegnitio.
2470 4352 2576 4410 Sed
2625 4363 2886 4411 creaturae
2931 4365 2991 4413 et
3038 4358 3302 4413 creatoris
3359 4375 3467 4414 non
3513 4373 3597 4416 est
3647 4376 3756 4416 una

2156 4444 2393 4512 cognitio
2417 4486 2432 4511 ,
2462 4446 2585 4515 quia
2628 4462 2735 4504 non
2769 4458 2853 4504 est
2878 4465 2982 4504 una
3022 4451 3341 4507 substantia.
3371 4452 3547 4508 Patris
3574 4462 3757 4508 autem

2161 4541 2216 4588 et
2246 4533 2337 4591 ﬁlii
2366 4552 2468 4590 uua
2494 4539 2731 4607 cognitio
2753 4550 2870 4606 est;
2904 4556 3033 4612 ergo
3050 4532 3169 4597 non
3196 4552 3282 4598 est
3308 4544 3449 4597 ﬁlius
3471 4552 3758 4610 creatura,

2162 4625 2257 4681 sed
2283 4638 2495 4685 creator
2523 4640 2637 4691 est,
2671 4629 2826 4689 sicuti
2866 4642 2924 4689 et
2953 4642 3105 4704 pater
3130 4645 3346 4691 creator
3371 4644 3456 4691 est
3483 4652 3497 4689 :
3528 4647 3583 4690 et
3618 4636 3761 4693 Deus

2159 4725 2273 4785 est,
2302 4720 2464 4776 sicuti
2486 4732 2541 4778 et
2571 4734 2722 4793 pater
2742 4767 2757 4793 ,
2787 4742 2892 4782 non
2942 4738 3120 4784 tamen
3151 4745 3249 4802 per
3288 4729 3407 4786 haec
3446 4730 3584 4785 duos
3624 4729 3763 4786 deos

2159 4812 2407 4870 dicimus.
2440 4816 2538 4872 Hic
2573 4828 2659 4877 est
2698 4820 2809 4887 ubi,
2839 4821 3005 4893 impie
3044 4823 3321 4892 lueretice,
3364 4822 3634 4881 diabolico
3678 4823 3765 4880 fu-

2159 4922 2283 4961 rore
2308 4912 2458 4978 quasi
2485 4909 2539 4965 in
2571 4913 2849 4973 stultitiam
2873 4915 3026 4971 istius
3046 4916 3405 4975 confessionis
3431 4917 3759 4987 inardescis,

2158 5012 2279 5053 cum
2315 5001 2479 5056 Deum
2510 5012 2563 5060 ct
2592 5005 2759 5060 Deum
2788 5009 2942 5064 audis
2967 5053 2980 5075 ,
3016 5026 3117 5067 nec
3143 5022 3321 5067 tamen
3352 5012 3490 5068 duos
3516 5013 3655 5071 deos
3674 5014 3765 5069 di-

2158 5092 2351 5149 cimus.
2378 5095 2399 5153 l
2423 5095 2596 5152 illitos
2617 5094 2760 5155 enini
2782 5101 2851 5157 de
2878 5102 3055 5173 littera
3084 5105 3365 5169 saectilari,
3397 5106 3449 5160 iu
3482 5104 3586 5160 hac
3607 5122 3764 5176 quie-

2158 5188 2332 5243 stiOne
2364 5189 2737 5259 insatiabiliter
2759 5207 2990 5264 aegrotas
3014 5212 3031 5263 ;
3062 5208 3117 5255 et
3143 5207 3301 5269 putas
3325 5210 3377 5255 te
3397 5198 3603 5256 debere
3622 5215 3762 5256 con-

2158 5279 2458 5348 stringere,
2514 5290 2572 5337 ut
2620 5282 2758 5345 duos
2805 5286 2940 5345 deos
2980 5287 3259 5357 dicamus,
3308 5306 3433 5346 cum
3481 5291 3654 5346 Deum
3703 5301 3768 5349 et

2160 5366 2328 5433 Deum
2377 5372 2718 5428 conﬁtemur.
2769 5374 2886 5432 Noli
2937 5378 3120 5435 infelix
3166 5381 3427 5441 adversus
3472 5382 3765 5441 Christum

2161 5458 2444 5517 Dominum
2481 5466 2642 5523 totius
2670 5478 2970 5537 creatura,
3002 5474 3310 5538 Aristotelis
3337 5474 3638 5535 artiﬁciosa
3668 5492 3768 5534 an-

2154 5566 2407 5623 gumenta
2435 5559 2691 5629 colligere
2709 5601 2725 5629 ,
2752 5565 2845 5634 qui
2872 5577 2926 5627 te
2950 5565 3325 5644 Christianum
3362 5571 3767 5643 qualitercum-

2154 5658 2257 5714 que
2285 5647 2556 5717 proﬁteris
2576 5691 2591 5718 ,
2621 5668 2721 5709 nec
2746 5655 3008 5714 adversus
3026 5660 3170 5731 piam
3198 5662 3596 5737 confessionem
3642 5665 3771 5725 iue-

2156 5739 2441 5821 uarrabilis‘
2471 5740 2539 5799 de
2568 5744 2681 5802 Deo
2711 5752 3037 5827 sacramenti
3063 5763 3119 5825 ut
3140 5754 3350 5815 calculo
3373 5744 3768 5835 calumniator,

2224 5834 2244 5865 ³
2285 5831 2432 5895 Unus
2461 5834 2601 5897 Deus
2628 5837 2792 5908 filius.
