3998 6350
190 307 262 369 .ts
1239 337 1252 347 -
1601 309 1688 364 DE
1725 306 1802 364 ΤΕ

1908 303 2121 361 ιΤΑΤΕ.
3421 315 3493 370 ιθ

191 433 340 506 quasi
371 447 436 490 ex
460 430 761 500 disciplina
801 438 1029 486 terrena:
1067 426 1462 497 supputationis
1495 427 1511 458 ¹
1555 425 1792 480 circum-
1821 423 1874 486 Α
1897 417 2086 482 Arius.
2123 429 2177 475 et
2204 435 2310 476 non
2341 420 2681 492 blasphemet
2709 423 2760 478 in
2785 423 3104 493 Christum;
3125 440 3286 498 quem
3317 427 3488 484 ﬁlium

191 527 422 596 scriptor
449 524 745 580 advenias.
779 523 988 594 Inspice
1015 521 1192 592 potius
1227 519 1442 574 divinos
1482 519 1646 573 libros
1672 561 1686 585 ,
1733 527 1789 574 et
1891 513 2196 568 conﬁtetur.
2228 514 2359 569 Itetn
2388 516 2550 570 Arius
2593 527 2753 586 negat
2779 518 3052 574 Christum
3083 535 3205 575 esse
3233 531 3438 590 patrem
3477 539 3490 574 :

192 617 260 672 de
281 617 457 674 divina
495 616 605 672 lide
633 615 833 680 divinis
865 627 1017 676 utere
1057 610 1419 668 sermonibus.
1455 609 1653 681 Legisti
1687 609 1789 664 uti-

191 725 327 780 que,
363 706 430 762 Et
457 708 513 762 in
544 708 745 766 (limine
768 716 856 761 tuo
883 706 1159 762 videbimus
1187 704 1359 758 lumen
1383 700 1561 773 (Psal.
1599 716 1744 757 xxxv
1770 743 1785 768 ,

194 801 306 870 l0).
338 801 470 868 Quae
526 799 618 856 hic
660 799 914 856 distantia
962 797 1176 853 luminis
1204 795 1475 854 alumine
1525 795 1650 849 est?
1697 808 1792 862 po-

191 891 386 958 suisset
411 892 558 948 enim
589 900 648 948 et
675 891 989 948 distantiam
1016 931 1032 955 ,
1059 890 1104 944 si
1135 887 1329 944 fuisset
1349 929 1363 950 ,
1397 902 1464 942 ne
1487 887 1607 956 quis
1632 886 1793 942 Iumi-

194 989 277 1044 nis
305 1003 335 1042 a
365 988 570 1046 Intnine
617 987 826 1042 nullam
873 983 1183 1038 distantiam
1228 979 1478 1037 crederet
1519 979 1706 1050 :quod
1744 980 1790 1034 si

193 1083 337 1144 nulla
362 1081 620 1140 distantia
645 1086 765 1145 est,
798 1093 904 1134 non
937 1092 1067 1147 ergo
1097 1075 1206 1132 duo
1235 1073 1433 1130 lumina
1453 1117 1468 1141 ,
1501 1072 1597 1128 sed
1626 1088 1790 1127 unum

195 1176 370 1232 lumen
411 1185 494 1232 est
516 1215 532 1242 ,
574 1189 700 1234 cum
733 1176 785 1232 in
816 1171 1020 1228 lumine
1049 1171 1250 1240 patris,
1283 1167 1380 1224 ﬁlii
1413 1169 1594 1228 lumen
1627 1182 1794 1238 agno-

194 1270 380 1326 scitur.
411 1268 526 1332 Ilac
571 1268 754 1330 lumen
786 1275 872 1324 est
891 1265 961 1326 de
988 1281 1092 1333 quo
1121 1274 1175 1321 et
1206 1263 1392 1320 Daniel
1425 1263 1660 1333 loquitur
1706 1260 1794 1316 di.

196 1375 324 1418 cens
345 1403 359 1426 ,
391 1359 456 1414 Et
486 1361 659 1415 lumen
681 1375 798 1412 cum
823 1359 938 1425 ipso
964 1368 1038 1412 est
1067 1356 1230 1430 (Dan.
1252 1372 1310 1420 II,
1341 1355 1435 1428 22)
1469 1375 1480 1409 :
1516 1370 1622 1412 non
1647 1354 1792 1411 enim

198 1456 265 1514 de
288 1456 464 1528 aliqua
491 1464 742 1520 creatura
776 1453 878 1510 hoc
904 1452 1102 1510 dicitur
1121 1494 1138 1518 ,
1171 1451 1266 1518 sed
1295 1450 1364 1507 de
1393 1450 1685 1522 splendore
1715 1449 1796 1518 ip-

199 1551 310 1612 sius
361 1549 458 1606 Dei
504 1547 794 1614 exiStentis
855 1546 1178 1616 sempiterni
1242 1545 1480 1603 luminis.
1533 1544 1592 1600 Si
1643 1555 1796 1614 pater

202 1645 582 1714 sempiternum
617 1642 800 1704 lumen
841 1648 958 1706 est,
994 1639 1113 1696 sine
1144 1639 1307 1702 dubio
1343 1648 1399 1694 et
1432 1638 1572 1694 ﬁlius
1615 1639 1796 1693 lumen

205 1746 287 1802 est
327 1737 737 1808 sempiternum.
780 1733 840 1792 Si
882 1748 1012 1792 vero
1045 1741 1271 1804 negatur
1319 1733 1457 1788 ﬁlius
1488 1733 1584 1786 Dei
1613 1731 1796 1786 lumen

1894 618 2050 678 neget
2080 608 2183 663 hoc
2210 617 2266 664 et
2292 609 2564 690 Sabellius
2583 649 2598 675 ,
2627 621 2680 665 et
2711 612 2796 680 pie
2825 612 3042 678 credat,
3074 614 3216 680 quod
3247 614 3495 670 Christus

1893 717 2022 758 vere
2054 703 2198 758 Dens
2227 713 2348 770 est,
2379 720 2486 759 non
2528 705 2771 760 existens
2811 718 2995 775 pater,
3048 709 3141 762 sed
3185 707 3350 764 ﬁlius.
3384 709 3494 763 Ad-

1894 795 2001 851 huc
2043 798 2286 865 apertius
2332 797 2530 852 dicam.
2563 795 2833 856 Sabellius
2875 780 3056 854 vincat
3095 800 3318 866 Arium,
3349 799 3495 870 quod

1894 893 2145 946 Christus
2173 907 2332 946 verus
2363 892 2501 948 Deus
2531 901 2658 970 est;
2683 902 2738 946 et
2770 893 2928 947 Arius
2953 894 3131 948 vincat
3157 894 3452 949 Sabellium
3476 937 3491 961 ,

1896 985 2042 1056 quod
2089 984 2338 1041 Christus
2365 986 2464 1040 sub
2495 985 2838 1044 cOuiessione
2869 988 2980 1042 veri
3021 988 3112 1044 Dei
3142 1004 3301 1044 verus
3329 998 3385 1044 et
3434 987 3498 1042 ﬁ-

1897 1079 2004 1156 lius
2034 1086 2118 1140 est
2147 1097 2160 1132 :
2193 1091 2246 1132 et
2276 1079 2408 1135 ntihi
2439 1079 2709 1136 Catholica
2739 1081 2900 1135 ambo
2926 1082 3199 1150 vicerunt,
3248 1085 3414 1138 immo
3443 1096 3498 1140 et

1897 1186 2109 1234 mecum
2149 1172 2312 1238 ambo
2340 1173 2565 1227 vincunt
2599 1173 2889 1242 impietatis
2919 1189 3161 1230 errorem
3181 1217 3194 1237 ,
3225 1190 3348 1230 cum
3381 1192 3497 1232 me-

1898 1278 2024 1318 cum
2055 1265 2427 1320 intellexerint
2451 1280 2618 1319 sacra:
2645 1265 2766 1324 ﬁdei
2797 1265 3115 1330 veritatem,
3149 1282 3269 1338 quae
3300 1283 3348 1323 et
3385 1269 3502 1337 plu-

1901 1358 2171 1412 ralitatem
2195 1373 2559 1427 personarum
2587 1358 2870 1428 intelligit,
2903 1369 2958 1414 et
2986 1359 3249 1416 unitatem
3279 1361 3500 1416 deitatis

1899 1447 1953 1502 in
1989 1449 2090 1505 hac
2121 1450 2568 1520 pronuntiatione
2596 1450 2808 1504 Domini
2837 1451 3068 1506 dicentis
3089 1494 3104 1515 ,
3137 1451 3252 1526 Ego
3281 1463 3328 1506 et
3357 1463 3502 1524 pater

1901 1559 2059 1597 unum
2085 1559 2283 1598 sumus.
2315 1543 2422 1597 Sed
2458 1543 2595 1596 hanc
2621 1542 2864 1608 divinam
2887 1545 3379 1614 pronuntiationem
3405 1587 3420 1612 ,
3447 1556 3503 1599 et

1903 1635 2044 1692 hanc
2103 1639 2246 1706 piam
2311 1636 2511 1691 divinae
2563 1635 3028 1706 pronuntiationis
3087 1639 3498 1709 intelligentiam

1902 1729 2017 1784 Arii
2049 1739 2351 1786 sectatores
2377 1745 2498 1784 cum
2532 1740 2780 1801 qna-runt
2823 1731 3141 1788 subvertere
3161 1775 3175 1798 ,
3208 1732 3314 1786 alio
3342 1733 3504 1789 modo

210 1843 330 1890 esse
365 1829 781 1899 sempiternum,
828 1825 1102 1896 quomodo
1150 1826 1203 1880 in
1252 1825 1422 1896 patris
1462 1825 1796 1894 sempiterno
1826 1830 1874 1890 Β
1904 1824 2361 1896 interpretantur,
2392 1835 2446 1884 et
2490 1827 2676 1880 dicunt
2701 1867 2715 1892 ,
2751 1843 2918 1881 unum
2947 1836 3074 1881 sunt
3114 1827 3363 1899 quidem,
3407 1828 3503 1884 sed

215 1921 416 1980 lumine
439 1922 616 1978 lumen
649 1921 741 1976 lilii
767 1960 782 1983 ,
812 1918 958 1989 quod
989 1935 1098 1974 non
1127 1927 1212 1974 est
1242 1920 1632 1988 sempiternum
1659 1959 1675 1982 ,
1717 1916 1797 1971 vi-

215 2013 409 2070 detur?
438 2013 543 2080 Sed
574 2013 626 2067 in
658 2012 899 2070 laudibus
930 2012 1023 2068 Dei
1057 2027 1164 2066 non
1197 2020 1281 2066 est
1323 2013 1436 2068 haec
1469 2012 1600 2068 falsa
1629 2009 1799 2066 dictio

210 2116 516 2174 sanctorum
547 2124 560 2160 :
597 2105 662 2162 Et
707 2109 760 2160 iu
789 2107 980 2166 lumine
1009 2115 1102 2170 tuo
1125 2106 1404 2162 uidebimus
1429 2107 1623 2162 lumen.
1657 2108 1798 2175 Ergo

207 2210 258 2256 et
289 2198 382 2254 ﬁlii
409 2201 584 2266 lumen
609 2201 996 2266 sempiternum
1023 2208 1142 2265 est,
1167 2200 1310 2270 quod
1334 2215 1442 2256 non
1464 2199 1627 2254 distat
1652 2215 1680 2252 λ
1707 2213 1799 2268 pa-

207 2292 301 2354 tris
331 2292 535 2347 lumine
572 2293 907 2368 sempiterno
937 2308 952 2358 ;
994 2301 1050 2352 et
1082 2291 1204 2348 ideo
1234 2292 1360 2346 licet
1408 2293 1589 2350 lumen
1620 2290 1691 2347 sit
1739 2292 1800 2345 ti-

204 2385 305 2440 lius
332 2428 346 2452 ,
374 2396 427 2444 et
459 2393 606 2456 pater
635 2388 816 2448 lumen
850 2387 952 2452 sit;
987 2402 1150 2442 unum
1185 2397 1363 2442 tamen
1413 2387 1582 2454 patris
1611 2396 1665 2440 et
1704 2385 1802 2440 ﬁlii

204 2481 384 2536 lumen
408 2491 520 2545 est,
551 2484 675 2547 quia
720 2480 772 2534 in
807 2487 958 2548 patre
987 2487 1043 2536 et
1082 2479 1192 2536 lilio
1225 2479 1370 2534 nulla
1402 2478 1661 2534 discretio
1692 2486 1796 2544 est,

204 2576 346 2634 nulla
375 2575 646 2645 separatio
693 2575 910 2640 luminis
940 2582 1061 2639 est,
1102 2571 1376 2643 quomodo
1408 2587 1510 2628 nec
1550 2570 1801 2642 imaginis

201 2670 498 2730 secundum
521 2669 777 2740 Moysen,
806 2683 908 2724 nec
935 2669 1122 2724 formae
1149 2667 1450 2722 secundum
1491 2665 1800 2735 apostolum

203 2762 448 2830 Paulum.

273 2855 363 2912 XI.
404 2855 820 2924 Sacratnentpm
847 2863 1028 2912 autem
1061 2853 1440 2924 inseparabilis
1469 2851 1692 2907 unitatis
1717 2866 1804 2906 se-

203 2950 434 3018 cundum
470 2952 607 3016 hoc,
638 2949 784 3020 quod
825 2961 1086 3017 uterque,
1128 2947 1179 3004 id
1225 2956 1310 3008 est
1335 2989 1349 3010 ,
1383 2957 1534 3014 pater
1561 2955 1616 3002 et
1660 2945 1804 3000 ﬁlius

202 3045 486 3116 aequaliter
526 3054 580 3102 et
622 3044 887 3108 indivise.
920 3059 1096 3112 neque
1136 3041 1433 3098 secundum
1465 3043 1802 3111 portionem,

207 3135 340 3192 Deus
361 3153 508 3206 unus
539 3155 552 3192 :
579 3147 632 3192 et
657 3136 982 3206 pluralitatis
1008 3134 1305 3192 secundum
1331 3135 1430 3190 hoc
1450 3176 1464 3199 ,
1488 3133 1635 3203 quod
1668 3149 1806 3188 unus

1903 1933 2008 1972 non
2041 1919 2377 1986 substantia,
2411 1932 2514 1974 non
2543 1917 2778 1982 deitate,
2809 1935 2918 1978 non
2951 1929 3216 1990 potestate
3240 1963 3254 1987 ,
3284 1921 3378 1976 sed
3411 1938 3508 1978 vo-

1903 2011 2110 2067 luntate
2135 2030 2148 2066 :
2180 2013 2230 2067 id
2259 2023 2340 2067 est
2361 2053 2377 2080 ,
2407 2016 2530 2083 quia
2561 2029 2723 2068 unam
2751 2013 3112 2084 eamdemque
3144 2015 3380 2070 habeant
3408 2031 3505 2070 ro-

1899 2106 2166 2162 luntatem
2184 2097 2214 2174 ,’
2235 2106 2358 2161 ideo
2387 2107 2498 2170 ait,
2547 2105 2659 2178 Ego
2704 2116 2754 2162 et
2785 2116 2928 2177 pater
2973 2124 3133 2161 unum
3177 2125 3372 2163 simus.
3421 2110 3510 2164 Di-

1902 2200 2008 2254 cite
2031 2240 2044 2264 ,
2078 2198 2098 2229 ³
2129 2214 2163 2253 o
2195 2200 2529 2270 impiissimi,
2559 2199 2962 2256 substantivum
2996 2199 3229 2257 Verbum
3258 2201 3351 2256 Dei
3383 2211 3504 2268 est;

1903 2301 1958 2346 et
1987 2292 2078 2361 qui
2110 2291 2306 2362 lingua:
2339 2307 2644 2348 sermonem
2674 2293 2848 2358 dedit,
2879 2293 3048 2347 nescit
3074 2293 3252 2364 loqui,
3281 2305 3334 2349 et
3355 2294 3508 2366 igno-

1903 2384 2046 2439 ravit
2088 2385 2256 2439 altum
2286 2401 2508 2440 sensum
2541 2393 2778 2440 vestrum
2820 2387 3057 2458 propriis
3100 2397 3155 2442 et
3195 2399 3511 2457 competena

1907 2478 2047 2536 tibus
2076 2480 2416 2534 sermonibus
2448 2481 2723 2550 explicare
2751 2522 2766 2546 ,
2801 2490 2853 2535 et
2884 2479 3135 2536 inefﬁcax
3159 2480 3257 2536 fuit
3284 2481 3467 2538 dicere
3489 2524 3505 2550 ,

1909 2573 2020 2644 Ego
2047 2583 2094 2628 et
2140 2585 2285 2645 pater
2315 2592 2473 2628 unum
2513 2576 2781 2643 volumus,
2828 2577 2873 2630 si
2922 2586 3098 2632 tamen
3149 2579 3250 2633 Iioc
3280 2579 3334 2633 in
3385 2579 3509 2634 loco

1907 2667 2168 2721 unitatem
2210 2667 2535 2734 voluntatis,
2587 2676 2642 2723 et
2684 2683 2791 2724 non
2839 2669 3157 2726 substantia:
3196 2684 3260 2725 ac
3294 2669 3513 2727 deitatis

1907 2760 2126 2815 volebat
2147 2760 2397 2829 intelligi.

1977 2850 2093 2906 XII.
2121 2851 2229 2908 Sed
2259 2868 2422 2916 nunc,
2456 2868 2664 2923 quaeso,
2696 2853 3253 2924 Regina,memineris
3273 2873 3392 2929 qua!
3423 2873 3518 2914 ca-

1909 2944 2076 3014 pitula
2114 2959 2183 2999 ex
2228 2960 2461 3012 persona
2499 2945 2874 3001 haereticorum
2921 2948 3164 3006 scribere
3184 2949 3400 3021 dignata
3429 2966 3510 3006 es.

1910 3035 2014 3105 Ipsi
2059 3037 2300 3094 haeretici
2341 3039 2525 3102 aiunt,
2573 3039 2678 3106 Qui
2728 3057 2808 3094 me
2855 3042 2995 3095 misit
3033 3053 3208 3110 pater,
3235 3045 3344 3111 ipse
3384 3045 3518 3098 mihi

1912 3138 2229 3201 praceptum
2256 3130 2417 3195 dedit,
2442 3131 2567 3200 quid
2597 3134 2766 3188 dicam
2786 3144 2832 3187 et
2861 3134 2986 3201 quid
3002 3136 3182 3202 loquor
3199 3136 3378 3209 (Joan.
3407 3154 3510 3204 ιιι,

203 3240 352 3299 pater
379 3239 502 3295 est,
534 3239 587 3284 et
617 3245 753 3286 unus
783 3228 944 3288 ﬁlius.
977 3227 1152 3282 Etiam
1182 3226 1250 3288 de
1284 3227 1384 3280 hoc
1414 3225 1653 3294 capitulo
1683 3240 1798 3284 ma-
1827 3227 1874 3288 C
1906 3222 2004 3292 49)
2027 3239 2041 3276 :
2065 3233 2120 3278 et
2165 3221 2440 3278 “escendit
2471 3223 2533 3275 de
2564 3224 2712 3286 calo,
2748 3242 2848 3279 non
2889 3235 2942 3279 ut
2984 3229 3174 3298 faciam
3196 3231 3509 3286 uoluntatem

204 3322 488 3386 ttiiestatur
513 3322 654 3391 quod
682 3322 911 3392 legimus
939 3323 990 3375 in
1022 3320 1312 3390 Evangelio
1333 3360 1346 3380 ,
1379 3320 1494 3388 ipso
1517 3317 1804 3374 Salvatore

203 3412 444 3482 dicente,
477 3413 595 3487 Ego
617 3424 664 3468 et
691 3424 834 3484 pater
859 3430 1015 3478 unum
1035 3430 1209 3470 sumtis
1233 3410 1286 3483 (J
1297 3427 1415 3466 oon.
1447 3427 1476 3466 ι
1497 3451 1510 3474 ,
1543 3413 1660 3481 50).
1695 3410 1801 3468 Stt-

204 3522 312 3564 tuus
349 3507 506 3574 enim
535 3505 902 3579 pluralitatept
945 3504 1213 3576 signiﬁcat
1259 3518 1647 3573 personarum,
1681 3504 1806 3572 quia

204 3597 292 3664 hic
312 3610 466 3679 pater
485 3641 504 3664 ,
528 3610 580 3656 et
609 3600 694 3655 hic
722 3599 862 3654 ﬁlius
889 3617 902 3652 :
931 3597 1105 3652 Unum
1131 3606 1314 3658 autem
1342 3611 1504 3652 unam
1531 3596 1809 3651 eamdem-

201 3710 305 3770 que
334 3696 388 3750 in
418 3703 580 3766 patre
607 3704 662 3750 et
705 3693 816 3748 ﬁlio
858 3693 1216 3754 substantiam
1257 3690 1626 3758 deitatemque
1671 3705 1806 3746 con-

201 3789 413 3860 signat,
443 3796 510 3845 ut
555 3802 684 3854 vere
714 3794 866 3856 pater
894 3794 948 3842 et
994 3786 1135 3840 ﬁlius
1167 3801 1307 3842 unus
1340 3784 1481 3840 Deus
1532 3783 1636 3848 sit;
1685 3798 1808 3838 cum

202 3882 394 3947 ambo,
440 3880 500 3953 id
549 3888 666 3950 est,
699 3889 854 3951 pater
882 3890 936 3948 et
966 3878 1108 3936 ﬁlius
1140 3895 1308 3936 unum
1351 3889 1476 3933 sunt
1507 3876 1808 3932 secandum

199 3971 459 4044 deitatem
484 4012 501 4038 ,
538 3986 644 4032 non
676 3986 816 4032 unus
855 3973 1150 4032 secundum
1185 3985 1468 4040 personas.
1505 3968 1614 4038 Ego
1639 3979 1685 4022 et
1717 3986 1812 4036 pop

201 4075 276 4132 ter
303 4085 470 4134 unum
501 4082 726 4132 sumus:
758 4065 861 4122 hac
889 4080 995 4122 una
1023 4080 1154 4128 voce
1184 4076 1236 4120 et
1264 4063 1535 4122 Sabellius
1565 4063 1807 4120 excludi-

201 4171 317 4238 tur,
352 4172 411 4236 et
439 4161 609 4222 Arius
631 4162 652 4194 ³
678 4161 1007 4226 confutatur.
1037 4158 1311 4220 Sabellius
1341 4159 1486 4215 enim
1512 4157 1690 4227 ipsum
1723 4158 1807 4212 di-

198 4257 270 4322 cit
295 4266 520 4328 patrem
540 4297 556 4324 ,
590 4256 680 4327 qui
710 4256 782 4310 sit
811 4264 866 4312 et
895 4254 1069 4319 ﬁlius.
1104 4253 1205 4316 hoc
1238 4252 1432 4314 modo,
1467 4262 1738 4320 tamquam
1763 4251 1812 4306 si

201 4365 340 4420 unus
366 4351 569 4420 habeat
593 4348 702 4410 duo
727 4349 944 4404 nomina
964 4388 979 4414 ,
1011 4357 1064 4404 et
1085 4345 1474 4414 interpretatur
1502 4360 1660 4396 unum
1689 4343 1812 4398 ideo

198 4442 442 4512 dictum,
493 4453 554 4498 ut
594 4443 754 4512 unius.
797 4457 1046 4513 personae
1087 4439 1431 4509 singularitas
1467 4437 1805 4492 crederetur.

199 4533 408 4608 Contra
431 4551 570 4598 vero
589 4536 750 4594 Arius
772 4533 1067 4606 respiciens
1087 4531 1156 4588 ad
1179 4534 1281 4588 hoc
1301 4528 1444 4600 quod
1471 4528 1581 4594 ait,
1608 4543 1806 4593 situlus,

1910 3332 2097 3379 meum,
2135 3317 2226 3370 sed
2251 3315 2567 3369 uoluntatem
2592 3320 2703 3389 ejus
2729 3319 2816 3384 qui
2837 3320 2972 3371 misit
2999 3336 3099 3384 me,
3133 3325 3292 3388 patris
3325 3323 3509 3395 (Joan.

1909 3425 1982 3475 vt,
2009 3408 2123 3480 58).
2156 3407 2269 3464 Hoc
2303 3407 2592 3463 artiﬁcium
2617 3408 2995 3466 luereticorunt
3018 3423 3123 3477 est,
3151 3425 3206 3467 ut
3239 3415 3372 3470 alibi
3413 3432 3509 3471 nc—

1907 3512 2056 3572 gent,
2087 3501 2232 3572 quod
2263 3500 2394 3556 alibi
2431 3501 2762 3562 conﬁtentur
2791 3521 2804 3556 :
2848 3513 2905 3558 ut
2930 3519 3056 3559 cum
3082 3522 3142 3562 se
3171 3508 3352 3564 vident
3379 3525 3514 3579 praev

1909 3595 2146 3651 sentium
2221 3597 2584 3666 quaestionum
2667 3597 3106 3655 absolutionibus
3157 3601 3514 3662 vehementer

1910 3690 2488 3761 astringi,senpentino
2506 3689 2713 3746 lubrico
2731 3708 2948 3762 semper
2974 3696 3214 3751 eludant.
3239 3699 3404 3755 Certe
3425 3699 3512 3756 di-

1910 3784 2063 3848 citis,
2111 3798 2143 3837 o
2191 3782 2466 3847 haeretici,
2497 3795 2828 3855 praceptum
2870 3787 3088 3843 dedisse
3133 3789 3244 3844 ﬁlio
3275 3802 3511 3862 patrem,

1911 3876 2042 3946 quid
2070 3875 2234 3941 dicat,
2267 3876 2394 3946 quid
2421 3877 2671 3947 loquatur
2707 3896 2719 3933 :
2743 3889 2798 3934 et
2822 3881 3094 3950 quomodo
3123 3885 3276 3954 quasi
3305 3891 3515 3941 nesciat

1911 3970 2092 4041 loqui,
2130 3985 2224 4025 vos
2268 3971 2431 4028 verba
2465 3971 2584 4041 ejus
2613 3973 2940 4041 emendatis,
2971 3977 3136 4032 immo
3155 3976 3268 4048 jam
3308 3980 3512 4048 patris;

1912 4063 2037 4134 quia
2073 4064 2216 4118 ﬁlius
2245 4064 2392 4134 quod
2416 4062 2570 4130 dicit,
2603 4067 2748 4136 quod
2770 4067 3028 4138 loquitur,
3054 4072 3348 4126 secundum
3373 4089 3515 4144 prie-

1912 4165 2132 4228 ceptum
2157 4157 2303 4226 qttod
2323 4157 2472 4212 dedit
2500 4158 2550 4212 ei
2571 4168 2745 4228 pater,
2766 4171 2820 4214 et
2843 4160 2976 4215 dicit
3002 4175 3057 4218 et
3087 4163 3512 4232 loquiturJam-

1914 4266 1982 4305 ne
2023 4248 2365 4320 intelligitis,
2405 4250 2533 4318 quia
2580 4265 2702 4304 cum
2753 4251 2979 4319 profano
3026 4253 3218 4319 Spit-itu
3248 4255 3518 4313 adversus

1914 4342 2008 4396 ﬁlii
2060 4343 2318 4398 deitatem
2367 4356 2626 4396 exercere
2671 4343 3002 4396 contenditis
3045 4355 3278 4399 vestram
3321 4363 3512 4402 amen-

1914 4435 2062 4500 tiam,
2090 4436 2251 4488 etiam
2285 4435 2335 4487 in
2370 4443 2576 4502 patrem
2611 4434 2964 4504 prorumpitis
3000 4435 3510 4498 insanienteSYCla-

1915 4539 2026 4584 mat
2075 4530 2217 4584 ﬁlius
2237 4570 2251 4594 ,
2288 4527 2400 4599 Ego
2435 4537 2484 4582 et
2522 4537 2668 4596 pater
2696 4545 2856 4583 unum
2897 4548 3074 4586 sumus
3105 4548 3124 4587 :
3151 4543 3206 4588 et
3236 4551 3333 4591 vos
3359 4553 3495 4607 quas

199 4631 253 4702 in
285 4632 395 4692 hoc
419 4645 714 4697 sermone,
739 4630 1106 4702 pluralitatetn
1128 4625 1438 4696 intelligens
1460 4665 1474 4688 ,
1508 4621 1810 4678 introduxit
1835 4627 1888 4687 ι)
1913 4621 2255 4692 grammatici
2295 4621 2446 4674 Velut
2482 4619 2836 4676 inefﬁcaciam
2877 4623 3166 4680 dominicae
3194 4634 3514 4696 pronuntia-

199 4725 426 4798 impiqin
460 4725 823 4797 pluralitatem
859 4725 1120 4787 deorum,
1148 4720 1380 4778 credens
1413 4734 1576 4774 unum
1609 4717 1811 4786 sempi—

199 4829 424 4886 ternum
452 4823 622 4888 Deum
639 4865 652 4888 ,
675 4834 730 4879 et
749 4824 915 4884 alium
934 4823 1172 4893 quiesse
1190 4819 1418 4888 coeperit
1437 4817 1610 4880 Deus;
1643 4830 1809 4869 unum

201 4916 640 4986 οιῃμὶροιειιιειιι
657 4957 673 4982 ,
701 4925 758 4974 et
777 4916 944 4976 alium
963 4915 1053 4985 qui
1074 4929 1180 4973 non
1204 4911 1273 4967 sit
1295 4911 1658 4977 omnipotens.
1675 4904 1808 4972 Sed,

201 5023 238 5066 0.
259 5010 488 5076 caecitas
533 5009 584 5064 in
628 5009 904 5081 utrisque!
939 5009 1140 5064 habent
1168 5013 1295 5062 ante
1337 5005 1522 5059 oculos
1549 5001 1694 5072 quod
1722 4999 1810 5070 pie

203 5100 428 5172 videant.
449 5141 470 5170 ι
498 5109 558 5170 et
585 5102 818 5164 incautis
839 5100 1234 5162 oﬂeusionihns
1255 5099 1420 5166 impie
1443 5095 1654 5166 litigare
1679 5109 1810 5148 con-

201 5194 443 5266 tendunt
468 5214 482 5248 :
517 5197 712 5254 saltem
731 5197 1075 5258 commodent
1099 5195 1202 5251 sibi
1229 5207 1422 5250 sensus
1443 5207 1569 5246 suos
1592 5232 1604 5250 .
1632 5203 1686 5244 et
1710 5189 1812 5259 pia:

202 5285 333 5356 “ei
387 5289 724 5358 perspiciet"
769 5291 1084 5348 venustum.-
1127 5286 1400 5343 Sabellius
1448 5283 1810 5340 adtttiratione

202 5381 474 5436 virtutum
508 5399 640 5452 quas
671 5381 920 5438 Christus
949 5382 1274 5451 operabatur
1295 5422 1309 5445 ,
1339 5377 1614 5446 Christum
1638 5376 1806 5432 Deum

200 5485 397 5527 verum
432 5488 556 5529 esse
585 5475 786 5541 credit,
834 5483 890 5530 et
931 5489 1038 5528 non
1079 5475 1170 5542 qui
1213 5472 1507 5544 aliquando
1548 5467 1810 5554 cgepﬂril.

201 5563 300 5619 sed
328 5566 428 5635 qui
459 5581 674 5637 semper
719 5565 881 5624 fuerit
900 5607 916 5634 ,
945 5573 1001 5621 et
1029 5564 1200 5635 possit
1225 5563 1408 5624 omnia
1448 5579 1464 5617 :
1492 5560 1682 5618 credat
1709 5556 1815 5613 hoc

283 5781 298 5811 ³
342 5777 728 5842 Calumniator.

281 5847 304 5881 ⁸
345 5849 721 5921 Confunditur.

1885 4715 2073 4770 -tionis
2107 4715 2372 4784 suppositi
2403 4715 2551 4770 verbi
2578 4714 2954 4772 deniutattone
2983 4720 3297 4789 supplentes
3326 4737 3515 4778 einen-

1911 4808 2077 4874 datis,
2107 4819 2159 4861 et
2187 4806 2366 4862 dicitis
2392 4823 2404 4859 :
2437 4807 2550 4862 Hoc
2573 4807 2717 4878 quod
2749 4809 2846 4876 ait,
2872 4827 3064 4878 sumus,
3097 4812 3330 4870 volumus
3352 4817 3514 4872 inte}.

1912 4903 2185 4974 ﬁgendum
2223 4911 2338 4967 est;
2387 4907 2448 4956 ut
2473 4903 2680 4957 scilicet
2706 4903 2784 4957 sic
2808 4904 3010 4958 dictum
3039 4908 3130 4972 sit,
3168 4907 3276 4980 ligo
3296 4920 3342 4963 et
3367 4921 3513 4982 pater

1913 5013 2077 5050 unum
2120 4995 2373 5048 volumus.
2423 4994 2528 5050 Sed
2557 4995 2816 5049 reclamat
2847 4996 2987 5051 ﬁlius
3016 4999 3182 5054 etiam
3203 5010 3390 5056 contra
3419 5018 3515 5058 vos

1913 5088 2102 5144 dicens
2123 5088 2231 5151 illa,
2267 5102 2386 5155 uitae
2418 5086 2553 5140 dixit
2581 5086 2646 5140 ad
2677 5098 2874 5143 vestra:
2905 5091 3198 5160 impietatis
3220 5096 3513 5165 participes

1914 5182 2134 5238 Iudaeos
2159 5199 2170 5234 :
2209 5181 2381 5246 Quare
2409 5180 2664 5251 loquelam
2692 5198 2854 5236 meum
2878 5199 2978 5237 non
3001 5189 3308 5258 cognoscitis
3331 5187 3511 5256 (Joan.

1917 5293 2029 5342 vnt,
2073 5274 2211 5347 «ιδῃ
2240 5275 2484 5330 Habeant
2514 5275 2690 5330 locum
2734 5290 2888 5332 suum
2924 5281 3192 5347 parabolae
3223 5289 3278 5333 et
3312 5281 3517 5350 allego-

1917 5370 2012 5425 rite
2041 5380 2096 5424 et
2115 5369 2396 5438 mnigmata
2426 5385 2438 5421 :
2474 5367 2575 5423 hoc
2603 5379 2779 5422 tamen
2810 5368 2929 5422 loco
2946 5371 3287 5441 apertissime
3315 5381 3370 5428 et
3397 5373 3514 5441 ple-

1922 5479 1989 5520 ne
2027 5463 2234 5528 dictunt,
2275 5472 2390 5528 est,
2423 5460 2538 5536 Ego
2578 5471 2626 5518 et
2663 5471 2810 5533 pater
2845 5479 3007 5516 unum
3049 5479 3230 5524 sumus
3260 5479 3272 5513 :
3301 5471 3356 5518 et
3380 5480 3515 5533 quo-

1927 5558 2089 5615 modo
2118 5572 2282 5612 unum
2311 5565 2463 5624 sunt,
2505 5555 2638 5611 alibi
2659 5568 2876 5624 quoque
2901 5554 3159 5619 declarat,
3193 5568 3314 5611 eum
3345 5555 3478 5612 dicit
3502 5570 3518 5614 :

2001 5782 2022 5814 ³
2061 5770 2308 5828 Ηαπειὶοί
2337 5769 2505 5839 impii.
