3998 6346
459 285 531 343 ιτ
1715 282 2036 345 FAUSTINI
2079 283 2518 348 PRESBYTER!
2754 262 2757 263 ί
3705 310 3778 367 ts

459 401 664 458 Credite
713 402 876 470 mihi,
914 404 1034 472 quia
1077 419 1170 475 ego
1215 405 1269 460 in
1315 412 1461 476 patre
1485 446 1500 469 ,
1548 414 1597 462 et
1627 417 1770 478 pater
1801 407 1854 462 in
1880 424 1962 462 me
1987 417 2060 462 est
2091 406 2142 468 Α
2168 413 2290 464 tatis
2314 410 2431 482 ejus
2458 412 2549 484 qui
2589 413 2731 471 Deus
2761 423 2864 476 est.
2898 424 2953 472 et
2988 416 3091 472 alia
3117 417 3200 472 vis
3224 418 3521 476 voluntatis
3545 420 3664 490 ejus
3682 423 3773 492 qui

462 494 648 568 (Joan.
687 513 744 561 x,
786 495 880 568 58)
915 514 927 550 :
959 508 1014 552 et
1055 513 1122 552 ne
1151 497 1426 553 videretur
1453 500 1566 571 ipse
1588 501 1654 554 de
1676 515 1734 554 se
1761 516 2023 568 usnrpare
2045 541 2060 566 ,

459 588 605 658 quod
641 605 746 642 non
772 604 921 655 erat;
949 597 1008 644 ιιι
1037 595 1316 645 veritatem
1343 592 1599 648 dictionis
1625 593 1899 654 ostendat,
1929 609 2066 662 pra:-

463 679 613 735 misit
655 680 845 737 dicens
893 699 905 735 :
957 680 1078 736 Non
1125 685 1332 738 creditis
1353 686 1472 755 quia
1493 702 1586 756 ego
1617 686 1667 739 in
1707 697 1875 756 patre,
1903 696 1949 738 et
1975 703 2066 755 pa-

463 783 539 828 ter
564 775 619 828 in
653 775 776 829 me?
815 773 988 830 Verba
1013 793 1127 848 qua:
1153 795 1244 851 ego
1273 781 1453 848 loquor
1472 777 1632 841 vobis,
1659 795 1689 831 a
1717 795 1794 832 me
1821 779 1932 851 ipso
1964 795 2063 833 non

459 866 647 937 loquor
679 885 691 922 :
732 879 876 939 pater
915 881 1082 924 autem
1126 871 1179 926 in
1227 888 1306 926 me
1336 888 1545 926 nutriens
1589 871 1696 944 ipse
1724 871 1976 943 loquitur.
2007 881 2057 926 et

460 979 618 1035 opera
643 980 760 1034 qua:
787 981 882 1036 ego
913 965 1050 1036 facio
1089 967 1199 1038 ipse
1221 967 1344 1037 facit
1373 967 1554 1037 (Joan.
1581 983 1695 1032 xw,
1734 968 1844 1038 ιο).
1871 967 1978 1023 Sed
2011 977 2064 1023 et

455 1055 589 1110 alibi
621 1073 634 1108 :
679 1056 828 1111 Sicut
864 1060 1039 1113 docuit
1083 1075 1160 1113 me
1202 1069 1367 1129 pater,
1403 1061 1512 1115 tunc
1553 1061 1736 1132 loquor
1760 1071 1846 1116 :et
1875 1061 1961 1131 qui
1989 1079 2066 1117 nte

455 1150 621 1217 misit,
669 1168 869 1206 mecunt
907 1163 1005 1220 est,
1042 1163 1088 1208 et
1119 1171 1221 1208 non
1257 1156 1469 1228 reliquit
1489 1172 1568 1208 me
1593 1155 1783 1216 solum.
1808 1157 1930 1227 quia
1952 1170 2066 1224 qua:

455 1243 653 1313 placita
673 1255 791 1299 sunt
817 1246 882 1314 ei,
913 1247 1052 1316 facio
1077 1264 1275 1318 semiier
1297 1247 1480 1321 (Joan.
1514 1264 1628 1305 vtlt.
1659 1249 1754 1314 2⁷4,
1784 1248 1911 1316 29).
1942 1247 2060 1304 Non

453 1335 576 1405 quin
610 1337 753 1392 lllins
779 1337 1057 1409 ignoraret
1083 1341 1212 1408 quid
1239 1342 1343 1397 sibi
1388 1342 1716 1411 loquendum
1746 1355 1862 1398 erat
1891 1361 1904 1396 :
1938 1343 2064 1409 quid

454 1442 540 1485 est
581 1431 728 1486 enim
779 1431 922 1502 quod
970 1433 1060 1488 Dei
1097 1434 1361 1504 sapientia
1405 1435 1654 1507 ignoret?
1683 1435 1788 1491 Sed
1827 1445 1888 1490 ut
1915 1434 2068 1490 duri-

455 1519 587 1576 tiam
619 1524 898 1579 indomita:
929 1524 1051 1580 lidei
1087 1536 1192 1582 tua:
1222 1526 1286 1580 ad
1320 1527 1461 1597 piam
1492 1527 1690 1581 divinae
1719 1529 1948 1581 unitatis
1979 1528 2065 1581 in-

453 1614 820 1687 telligentiam
859 1619 1032 1687 patris
1053 1635 1272 1689 quoque
1300 1635 1402 1675 auc
1427 1621 1622 1675 oritate
1651 1620 1906 1687 molliret,
1941 1619 2016 1673 ait
2049 1637 2062 1672 :

451 1706 616 1763 Pater
641 1709 693 1762 in
728 1726 806 1764 me
841 1727 1049 1765 manens
1080 1713 1187 1785 ipse
1207 1712 1436 1783 loquitur
1467 1710 1647 1785 (Joan.
1682 1709 1947 1782 x1v,10);
1981 1712 2064 1767 vel

454 1799 625 1869 illud,
672 1803 806 1856 sicut
835 1802 1014 1858 docuit
1055 1821 1136 1860 me
1171 1816 1317 1874 pater
1338 1847 1352 1872 ,
1384 1803 1496 1860 htec
1526 1807 1708 1876 loquor
1740 1803 1920 1878 (Joan.
1948 1819 2064 1871 vut,

451 1891 570 1965 28).
620 1894 770 1949 Sicut
815 1905 1201 1967 autem.opera
1235 1897 1369 1964 lilii,
1411 1912 1574 1967 opera
1601 1899 1769 1967 patris
1809 1906 1973 1962 sunt,
1998 1911 2066 1952 eo

453 1987 599 2056 quod
649 1987 879 2042 faciente
915 1988 1051 2054 ﬁlio,
1085 1998 1236 2056 pater
1270 1990 1321 2042 in
1353 1989 1472 2058 ipso
1505 2004 1732 2045 manens
1763 1988 1956 2044 faciat:
1991 1988 2063 2044 ita

451 2079 599 2151 quod
645 2079 886 2152 loquitur
927 2081 1127 2148 (ilius,
1153 2093 1310 2150 pater
1341 2083 1392 2136 in
1426 2083 1545 2152 ipso
1569 2099 1793 2138 manens
1829 2083 2066 2154 loquitur

453 2189 565 2230 non
590 2176 760 2242 aliud,
794 2191 954 2246 quam
984 2175 1129 2246 quod
1159 2176 1399 2247 loquitur
1421 2175 1601 2241 filius;
1635 2177 1758 2246 quia
1791 2176 1887 2229 nec
1921 2175 2066 2231 [llius

451 2268 598 2322 aliud
632 2269 893 2338 loipiitur,
917 2283 1081 2338 quam
1107 2269 1250 2337 quod
1279 2268 1519 2337 loquitur
1544 2279 1697 2337 pater
1727 2270 1778 2322 in
1809 2268 1930 2338 ipso
1953 2285 2067 2322 ma-

451 2376 612 2417 nens.
646 2360 850 2416 Eadem
879 2376 1013 2432 ergo
1044 2363 1211 2431 patris
1238 2371 1292 2415 et
1324 2361 1420 2415 lilii
1446 2361 1654 2431 loquela
1684 2371 1789 2426 est,
1814 2361 1950 2415 sicut
1975 2375 2065 2415 ea-

452 2456 577 2511 dem
627 2467 681 2512 et
729 2460 1007 2525 Operatio;
1043 2466 1096 2511 et
1139 2455 1260 2510 ideo
1307 2455 1554 2521 dicebat,
1591 2456 1821 2526 alioquin
1854 2467 2064 2527 prapter

453 2565 616 2618 opera
640 2549 754 2611 ipsa
782 2548 974 2602 credite
1016 2547 1196 2618 (Joan.
1229 2563 1340 2610 xw,
1372 2547 1484 2618 12).
1515 2549 1645 2614 Qua!
1671 2547 1855 2618 utique
1876 2547 2068 2602 simili-

454 2651 539 2697 ter
579 2641 812 2697 faciebat
856 2653 914 2695 ιιι
957 2651 1111 2710 pater
1161 2659 1175 2697 :
1217 2653 1276 2696 ut
1310 2652 1588 2713 postremo
1616 2641 1701 2696 vel
1739 2642 2064 2697 auctoritate

454 2752 684 2805 operum
720 2736 1059 2802 crederetur,
1089 2736 1214 2808 quia
1243 2736 1384 2793 lilius
1427 2738 1480 2792 in
1510 2747 1663 2809 patre
1683 2747 1800 2803 est,
1827 2749 1882 2793 et.
1911 2744 2064 2808 pater

457 2831 514 2887 in
544 2832 674 2886 filio.

529 2924 669 2980 XIII.
701 2925 815 2980 Hoc
839 2935 1022 2980 autem
1053 2940 1161 2996 quo
1184 2923 1348 2981 modo
1373 2923 1782 2996 intelligendum
1809 2933 1896 2980 est
1917 2923 2062 2994 quod

454 3020 556 3087 ait,
603 3017 716 3088 Ego
756 3021 810 3074 in
855 3030 1000 3092 patre
1031 3030 1078 3074 et
1114 3031 1262 3090 pater
1298 3020 1352 3073 in
1381 3035 1481 3084 me,
1505 3019 1618 3090 jam
1651 3035 1814 3088 supra
1840 3019 2060 3088 exposi-

455 3121 571 3168 ttnn
621 3123 724 3168 est.
768 3111 876 3169 Sed
905 3122 960 3168 et
992 3129 1136 3168 nunc
1167 3114 1386 3169 brevius
1415 3113 1613 3167 dicam.
1640 3113 1950 3168 Secundum
1981 3111 2063 3166 in-

2170 501 2312 558 Deus
2340 520 2444 558 non
2473 514 2574 560 t-st.
2612 505 2872 562 Voluntas
2904 509 2996 563 Dei
3020 511 3341 568 naturaliter
3363 514 3501 568 bona
3521 522 3627 580 e~t,
3654 532 3776 585 per-

2167 595 2304 651 lecta
2341 604 2446 658 est.
2483 598 2886 656 iudemutabiiis
2911 610 3016 670 est,
3046 618 3262 674 semper
3290 605 3481 662 eadem
3509 608 3774 678 existens,

2165 699 2219 742 et
2249 689 2365 744 sine
2387 691 2540 746 initio
2569 695 2836 759 existens,
2885 707 2940 751 et
2969 697 3089 750 sine
3119 699 3222 751 line
3251 713 3637 767 perseverans.
3666 698 3776 756 Vo-

2167 779 2346 836 luntas
2385 798 2512 839 vero
2545 784 2664 856 ejus
2707 787 2800 858 qui
2843 804 2947 844 non
2999 801 3078 844 e51
3109 789 3267 857 Deus,
3300 806 3365 846 ei
3394 793 3536 861 quod
3568 793 3770 849 habeat

2167 872 2405 945 initium,
2423 878 2630 934 sicutet
2649 882 2866 951 ipsequi
2886 894 3090 940 nonest
3121 885 3261 941 Deus
3291 897 3469 956 potest
3483 899 3537 942 et
3559 898 3772 958 nutare,

2169 978 2350 1040 potest
2376 982 2431 1027 et
2459 974 2610 1034 verti.
2636 975 2794 1030 sicuti
2811 988 2861 1030 et
2893 976 3008 1046 ipse
3037 980 3124 1048 qui
3148 989 3353 1034 nonest
3383 980 3526 1038 Deus
3551 998 3565 1036 :
3589 997 3652 1038 ac
3681 998 3778 1052 per

2171 1059 2276 1116 hoc
2299 1079 2402 1117 non
2422 1081 2548 1121 vere
2567 1066 2726 1132 bona,
2745 1068 2870 1136 quia
2891 1086 2996 1123 non
3015 1072 3500 1136 naturaliterboua.
3521 1093 3620 1132 nec
3646 1093 3778 1133 vere

2173 1157 2433 1226 perfecta,
2458 1175 2579 1230 quae
2606 1171 2786 1230 potest
2813 1165 2948 1219 verti
2974 1177 3027 1220 et
3058 1167 3225 1222 minui
3249 1185 3261 1221 :
3288 1167 3360 1224 ita
3386 1171 3606 1242 utquod
3633 1175 3653 1204 ³
3678 1171 3778 1227 Ito-

2171 1248 2261 1305 die
2292 1251 2478 1318 voluit,
2510 1255 2752 1311 euastino
2783 1257 2935 1324 nolit,
2965 1269 3019 1315 et
3053 1261 3197 1331 quod
3229 1263 3394 1321 hodie
3423 1266 3619 1334 noluit,
3651 1283 3774 1324 cra-

2171 1343 2316 1397 stino
2345 1345 2495 1402 velit.

2245 1436 2384 1493 XIV.
2432 1440 2613 1496 Dicam
2650 1445 2900 1516 exemplo
2944 1449 3185 1514 apertius
3213 1443 3230 1504 ἐ
3277 1451 3519 1524 Angelus
3550 1455 3652 1512 iste
3679 1457 3776 1528 qui

2172 1545 2314 1585 nunc
2342 1532 2589 1589 diabolus
2617 1546 2720 1601 est.
2754 1549 3044 1612 antequam
3087 1545 3236 1600 (ierel
3269 1547 3542 1613 diabolus,
3575 1549 3774 1606 bonam

2172 1623 2363 1682 habuit
2389 1629 2755 1700 voluntatem;
2787 1634 2880 1689 sed
2920 1636 3009 1690 ubi
3041 1636 3214 1694 laetus
3244 1651 3327 1695 est
3353 1640 3622 1709 diabolus,
3650 1659 3781 1714 pro-

2174 1719 2275 1787 prii
2319 1723 2526 1778 arbitrii
2581 1725 2874 1793 agitatione
2917 1730 3095 1785 amisit
3154 1732 3352 1788 bonam
3398 1735 3774 1804 voluntatem;

2099 1809 2145 1870 Β
2175 1812 2296 1868 ideo
2325 1816 2552 1884 scilicet,
2579 1821 2702 1884 quia
2726 1835 2792 1875 ex
2821 1822 3024 1877 factura
3051 1823 3072 1854 ³
3099 1825 3379 1894 subsistit,
3406 1839 3459 1884 et
3483 1844 3589 1884 non
3621 1841 3779 1886 natu-

2173 1905 2361 1962 raliter
2405 1908 2543 1964 Deus
2587 1922 2691 1967 est.
2750 1913 2861 1969 Iloc
2901 1915 3053 1970 etde
3083 1919 3230 1973 omni
3260 1930 3506 1974 creatura
3538 1923 3779 1979 ratioiia-

2171 1998 2266 2054 bili
2308 2003 2652 2061 sentiendum
2699 2018 2781 2063 est
2815 2026 2829 2061 :
2863 2011 2969 2066 etsi
3002 2013 3145 2067 enim
3186 2015 3403 2082 quidam
3443 2034 3630 2074 cntum
3665 2036 3775 2075 non

2171 2092 2601 2164 declinaverunt,
2633 2115 2810 2172 neque
2827 2102 3104 2160 declinant
3135 2125 3160 2159 a
3194 2107 3330 2161 bona
3354 2110 3664 2178 voluntate;
3697 2123 3777 2167 ta-

2170 2201 2293 2242 nten
2321 2186 2340 2218 δ
2383 2189 2435 2244 in
2483 2200 2675 2247 natura
2708 2193 2911 2250 habent
2946 2213 3105 2264 posse
3132 2199 3430 2267 declinare,
3462 2206 3585 2274 quia
3616 2221 3773 2260 crea-

2171 2290 2304 2336 turze
2342 2295 2489 2350 sunt,
2522 2297 2576 2342 et
2618 2303 2722 2342 non
2757 2290 2912 2346 Deus.
2949 2291 2994 2347 II
3033 2308 3064 2348 c
3093 2295 3237 2350 enim
3273 2297 3414 2367 quod
3451 2316 3558 2355 non
3601 2300 3775 2356 decli-

2169 2385 2328 2444 nant,
2365 2395 2434 2434 ex
2468 2379 2764 2449 disciplinae
2795 2395 3050 2455 perpetua
3081 2388 3460 2447 observatione
3499 2392 3769 2461 obtinent,

2169 2484 2276 2523 non
2309 2487 2374 2527 ex
2407 2473 2427 2502 ⁵
2457 2483 2663 2529 natura:
2693 2475 3101 2534 ittdemutabilis
3134 2484 3383 2541 veritate.
3421 2485 3560 2540 Deus
3589 2499 3771 2544 autem

2169 2561 2191 2592 ⁶
2229 2562 2345 2635 ipse
2386 2567 2534 2624 solus
2579 2569 2700 2624 sine
2731 2571 2884 2626 initio
2909 2572 3084 2629 bonus
3110 2586 3163 2631 et
3187 2578 3459 2646 perlectus
3487 2590 3542 2636 et
3572 2581 3772 2638 incon-

2166 2659 2432 2715 vertibilis
2472 2673 2555 2716 est
2596 2663 2716 2720 sine
2741 2665 2927 2733 initio,
2961 2667 3162 2724 habens
3189 2687 3404 2742 quoque
3439 2674 3766 2732 bonam-vo-

2167 2748 2427 2806 qutatem
2459 2763 2514 2808 et
2542 2756 2836 2826 perfectam
2864 2772 2918 2816 et
2947 2762 3448 2834 ittconvertibilem;
3483 2784 3586 2824 non
3613 2759 3774 2827 insii-

2167 2845 2374 2902 tutione
2397 2886 2414 2913 ,
2448 2865 2626 2921 neque
2661 2867 2726 2907 ex
2773 2855 3017 2926 profectu
3046 2859 3449 2918 observationis
3475 2864 3636 2920 babet
3673 2867 3773 2922 bo-

2167 2953 2291 2994 nam
2317 2952 2371 2996 et
2402 2943 2692 3011 perfectam
2720 2957 2776 3003 et
2797 2951 3264 3010 inconvertibilem
3287 2957 3644 3024 voluntatem,
3670 2962 3771 3017 sed

2166 3045 2233 3085 ex
2275 3043 2479 3089 natura:
2519 3037 2919 3097 indemutahilis
2954 3045 3204 3114 veritate,
3253 3064 3382 3118 qua
3411 3060 3466 3105 et
3507 3050 3683 3108 bonus
3714 3064 3772 3110 et
3827 3040 3838 3048 ’

2166 3123 2437 3192 petfectus
2464 3138 2518 3182 et
2550 3129 2982 3190 inconvertibilis
3023 3138 3160 3192 Deus
3189 3148 3293 3196 est.
3328 3141 3554 3207 Viderit,
3591 3145 3636 3200 si
3660 3161 3770 3217 qua

455 3205 816 3262 dili'erentiam
847 3208 1164 3263 substantiae
1203 3206 1531 3262 audiendum
1564 3217 1670 3275 εει,
1701 3207 1810 3282 Ego
1839 3209 1893 3262 in
1918 3216 2062 3280 patre
2091 3197 2138 3262 C
2173 3218 2416 3274 fortassis
2451 3233 2541 3277 est
2570 3223 2811 3292 haeresis,
2853 3245 2972 3297 quae
3004 3229 3147 3287 hunc
3174 3249 3393 3289 sensum
3420 3248 3638 3306 respuat
3711 3247 3771 3295 tu

453 3309 502 3354 et
539 3309 686 3372 pater
731 3303 784 3354 in
829 3316 930 3356 me.
977 3299 1082 3356 Sed
1130 3307 1186 3356 et
1227 3300 1361 3354 illud
1394 3300 1538 3371 quod
1572 3301 1670 3368 ait,
1704 3300 1814 3373 Ego
1841 3311 1889 3355 et
1918 3316 2063 3372 pater

456 3413 622 3452 unum
653 3415 870 3464 smnus,
916 3395 1215 3453 secundum
1266 3397 1690 3454 indiderentiam
1747 3398 2064 3455 substantia:

455 3506 623 3546 unum
650 3499 778 3545 sunt
809 3499 960 3560 pater
981 3501 1036 3545 et.
1061 3489 1222 3543 (ilius.
1250 3488 1384 3544 Nolo
1405 3505 1558 3561 ergo,
1588 3490 1752 3559 impie
1782 3490 2062 3557 hit-retice,

458 3595 520 3638 ιιι
549 3581 967 3639 iutliﬂ'cretttiatn
995 3583 1313 3637 substaulize
1345 3584 1514 3652 patris
1540 3591 1597 3637 et
1625 3584 1718 3637 lilii
1749 3582 1986 3650 adiutas,
2011 3591 2068 3638 et

462 3677 774 3746 importune
802 3675 1064 3730 unitatem
1095 3674 1390 3728 voluntatis
1425 3673 1744 3740 interseras,
1780 3691 1942 3745 quam
1970 3675 2068 3728 ali-

462 3768 517 3826 bi
559 3770 721 3837 impie
752 3783 917 3838 negas
960 3766 1229 3822 dicendo:
1258 3767 1531 3836 Scriptum
1572 3775 1694 3831 est,
1725 3766 1982 3821 Ducendi
2007 3769 2070 3822 de

464 3862 614 3927 cwlo,
639 3877 742 3913 non
766 3872 820 3914 ut
851 3861 1042 3924 facium
1063 3859 1377 3914 uoluntatem
1401 3876 1597 3925 meant,
1630 3859 1722 3914 sed
1753 3862 2069 3916 voluntatem

464 3960 576 4031 ejus
604 3955 696 4026 qui
721 3955 860 4009 misit
886 3970 964 4008 me
993 3958 1154 4024 patris
1183 3952 1364 4026 (toan.
1397 3969 1473 4019 vt,
1498 3950 1614 4025 58).
1645 3953 1743 4020 Qui
1775 3955 1826 4008 in
1850 3953 1953 4008 hoc
1981 3969 2071 4010 ca-

463 4047 642 4119 pitulo
684 4047 937 4117 ignorans
958 4043 1213 4100 dictionis
1239 4048 1358 4113 ejus
1383 4056 1808 4111 sacramentum,
1839 4055 1946 4102 tam
1972 4048 2072 4102 int-

465 4145 558 4215 pie
603 4157 769 4212 negas
795 4139 963 4211 patris
995 4147 1047 4194 et
1076 4137 1173 4194 lilii
1203 4153 1366 4194 unam
1395 4153 1517 4194 esse
1542 4139 1914 4208 voluntatem;
1938 4156 2072 4212 quo-

467 4235 635 4292 modo
671 4235 766 4291 tibi
803 4232 1054 4298 credam,
1097 4230 1220 4298 quia
1263 4232 1556 4287 sinceriter
1598 4230 1896 4299 conﬁteris,
1927 4233 2072 4304 quod

468 4343 577 4384 una
619 4327 812 4384 eadem
840 4325 1096 4380 voluntas
1127 4327 1294 4395 patris
1313 4333 1369 4380 et
1391 4323 1484 4378 lilii
1509 4323 1842 4394 signiﬁcetur
1887 4327 1938 4381 itt
1970 4325 2074 4382 boc

471 4423 615 4494 quod
643 4419 1008 4487 pronuntiavit
1031 4417 1290 4472 Dominus
1309 4417 1518 4483 dicens,
1535 4415 1649 4489 Ego
1671 4428 1715 4473 et
1747 4428 1891 4488 pater
1913 4435 2074 4474 unum

472 4514 692 4569 sumus?
719 4513 800 4566 Tu
842 4511 890 4566 si
929 4528 1056 4566 vere
1081 4509 1284 4574 credis,
1317 4512 1460 4580 quod
1490 4522 1640 4579 pater
1669 4524 1722 4567 et
1745 4513 1887 4568 [ilius
1908 4529 2072 4569 unum

2169 3319 2346 3367 tamen
2364 3315 2632 3386 przvcipue
2656 3319 2721 3372 ad
2748 3320 2870 3384 ltoc,
2901 3323 3122 3388 Ariane,
3155 3329 3454 3393 Consentis,
3487 3330 3579 3401 qui
3610 3340 3666 3386 et
3689 3333 3774 3402 ip-

2125 3475 2128 3478 ,
2168 3419 2287 3460 sum
2312 3407 2478 3463 lilium
2507 3409 2599 3465 Dei
2623 3428 2782 3483 quem
2813 3416 2977 3472 totius
2998 3432 3261 3475 creatura:
3290 3423 3571 3479 Dominum
3600 3427 3776 3482 conli-

2171 3500 2305 3552 teris
2325 3541 2339 3565 ,
2375 3500 2395 3529 τ
2439 3504 2740 3559 vertibiletn
2771 3517 2826 3561 et
2865 3509 3180 3568 mutabilem
3211 3513 3346 3569 dicis
3370 3559 3384 3579 ,
3415 3517 3555 3585 quod
3582 3533 3708 3573 eum
3743 3536 3777 3576 a

2173 3587 2284 3644 Deo
2322 3591 2518 3648 I‘aetum
2560 3593 2628 3650 de
2660 3597 2829 3654 nibilo
2860 3602 3141 3670 praedicas.
3173 3622 3279 3660 non
3311 3609 3332 3639 ⁸
3363 3619 3538 3665 tamen
3561 3611 3628 3667 tle
3657 3611 3778 3668 Deo

2169 3695 2299 3737 vere
2341 3695 2544 3740 uatum.
2577 3687 2632 3744 Si
2665 3689 2778 3746 haec
2805 3694 2900 3748 tibi
2933 3701 3200 3752 sententia
3244 3710 3364 3766 est,
3413 3702 3554 3773 quod
3587 3705 3778 3762 omnis
3836 3728 3838 3730 ν

2172 3786 2419 3832 creatura
2470 3782 2738 3839 vertibilis
2770 3796 2932 3842 estet
2959 3790 3256 3857 mutabilis,
3285 3793 3560 3851 Christum
3587 3808 3776 3856 autem

2172 3864 2308 3922 dicis
2339 3884 2460 3925 esse
2491 3885 2793 3930 creaturam
2821 3894 2833 3931 :
2868 3895 2997 3951 ergo
3021 3889 3078 3936 et
3105 3884 3235 3953 ipse,
3264 3888 3561 3945 secundum
3599 3903 3672 3952 te.
3702 3909 3778 3950 ex

2173 3962 2484 4018 conditione
2511 3969 2532 3999 ⁹
2557 3979 2764 4024 natura:
2798 3973 3062 4030 vertibilis
3087 3986 3141 4032 et
3185 3981 3460 4036 mutabilis
3495 3984 3773 4051 existens,

2175 4067 2282 4108 non
2323 4055 2483 4111 habet
2515 4055 2980 4120 inconvertibiletn
3013 4079 3065 4123 et
3106 4069 3548 4131 indemutabilem
3581 4079 3781 4136 volun-

2178 4155 2363 4203 tatem.
2397 4149 2753 4223 thuomndo
2775 4157 3168 4230 interpretaris,
3195 4167 3336 4236 quod
3367 4182 3520 4238 pater
3541 4181 3596 4227 et
3629 4175 3780 4233 lilius

2177 4256 2340 4297 unum
2391 4255 2518 4301 sunt
2549 4251 2860 4308 voluntate?
2889 4271 3010 4310 cum
3046 4258 3212 4327 patris
3239 4270 3292 4316 et
3319 4262 3435 4332 lilii,
3466 4268 3774 4327 secundum

2177 4341 2252 4400 te,
2301 4336 2527 4394 diversae
2565 4343 2675 4398 sint
2701 4344 3006 4404 voluntates
3032 4361 3084 4404 et
3113 4355 3402 4409 Contrarim
3427 4373 3440 4423 ;
3469 4361 3593 4429 quia
3629 4365 3783 4418 scili-

2177 4438 2263 4483 cet
2292 4445 2395 4486 una
2427 4442 2511 4488 est
2532 4434 2932 4494 indemutabilis
2961 4452 3016 4498 et
3042 4443 3490 4516 inconvertibilis,
3519 4452 3621 4506 alia
3647 4469 3784 4512 vero

2179 4522 2453 4578 mutabilis
2492 4535 2548 4580 et
2583 4530 2976 4599 eoiivertibilis,
3019 4533 3443 4604 deprehenderis
3481 4555 3534 4597 et
3555 4543 3786 4616 detege-

473 4616 604 4662 sunt
649 4605 963 4669 vnluutate,
1002 4619 1108 4657 non
1153 4602 1314 4656 video
1355 4604 1629 4672 quomodo
1675 4621 1873 4676 negare
1899 4609 2074 4675 possis
2102 4598 2154 4660 D
2182 4612 2278 4675 ris,
2311 4614 2562 4672 Ita-retice
2590 4617 2948 4686 fraudulente,
2975 4629 3246 4696 quomodo
3270 4635 3485 4688 cubaris
3501 4634 3785 4704 simplices

479 4702 604 4770 quia
631 4709 687 4754 et
723 4698 1023 4754 substantia
1073 4709 1128 4752 et
1177 4695 1462 4752 divinitate
1503 4705 1558 4751 et
1611 4708 1877 4766 potestate
1909 4717 2073 4755 unum
2107 4729 2112 4740 ι

477 4802 626 4849 sunt.
665 4791 842 4859 Quare
881 4788 1024 4844 enim
1071 4804 1176 4842 non
1223 4803 1325 4842 una
1388 4787 1688 4842 substantta
1722 4792 1814 4856 sit,
1845 4807 1944 4845 una
1996 4793 2078 4847 di-

474 4884 670 4941 vinitas
719 4890 776 4936 et
821 4888 1078 4949 petestas.
1125 4880 1320 4950 quibus
1377 4893 1486 4934 una
1534 4886 1780 4937 voluntas
1839 4883 1966 4938 est?
2017 4883 2078 4940 Si

478 4977 626 5034 cuitu
671 4989 736 5030 ex
788 4987 944 5042 atque
982 4971 1089 5025 illis
1122 4972 1371 5025 voluntas
1409 4982 1512 5033 cst.
1546 4988 1611 5028 ex
1640 4990 1794 5043 teque
1821 4974 2077 5032 divinitas

481 5081 588 5126 est.
623 5067 679 5126 Si
715 5082 818 5120 non
849 5079 917 5118 ex
943 5079 1098 5133 a-quo
1125 5065 1399 5130 divinitas,
1429 5081 1529 5120 nec
1547 5081 1612 5120 ex
1638 5083 1792 5136 a'quo
1812 5071 2078 5124 \oluntas.

476 5166 573 5222 Dei
597 5165 740 5220 enim
768 5159 1036 5222 voluntas,
1061 5168 1116 5212 et
1140 5157 1445 5228 cujnsiibrt.
1479 5175 1583 5215 n0n
1615 5172 1791 5216 tamen
1835 5163 1950 5230 Dei,
1984 5181 2078 5221 vo-

471 5262 656 5318 luntas
687 5257 704 5288 ¹
737 5254 952 5326 pariare
988 5269 1094 5308 nou
1150 5261 1365 5323 potest:
1392 5254 1517 5324 quia
1544 5255 1649 5309 alia
1671 5267 1756 5310 est
1784 5256 1865 5313 vis
1888 5264 2079 5317 volun-

539 5409 557 5438 ι
601 5400 852 5463 Pariare,
886 5395 938 5450 id
967 5405 1084 5459 est,
1119 5409 1227 5447 esse
1259 5409 1374 5456 par.
1529 5449 1533 5454 .

538 5484 559 5512 ³
605 5473 774 5528 Hodie
833 5467 1062 5544 uoluit).
1091 5466 1316 5544 crastino
1360 5465 1522 5544 _noli_t.
1575 5465 1702 5524 Hanc
1759 5469 2071 5544 improvide

464 5551 669 5606 omissa
698 5552 822 5597 sunt
854 5541 906 5595 in
932 5536 1172 5600 editione
1198 5535 1516 5594 Oxoniensi.

545 5626 566 5656 ³
607 5613 899 5674 Subdidit..

537 5692 554 5720 "
595 5689 841 5744 lunatum
871 5684 1044 5741 Paris.
1080 5683 1206 5741 fort.
1238 5679 1492 5738 lunatum
1530 5680 1736 5740 habent.

540 5764 558 5795 ⁸
599 5761 882 5818 Creaturaz.

2182 4708 2388 4762 animas
2427 4711 2818 4769 circumvenire
2849 4729 2900 4772 et
2931 4734 3144 4788 capere.
3177 4723 3519 4782 COllsll'iClllS
3545 4730 3694 4786 enim
3726 4742 3788 4789 et

2184 4813 2487 4860 eoarctatus
2529 4809 2837 4864 testimonio
2877 4813 3166 4872 dominica:
3211 4823 3665 4888 pronuntiationis
3693 4826 3785 4882 dio

2177 4897 2374 4954 centis.
2412 4898 2522 4970 qu
2540 4913 2588 4955 et
2613 4917 2758 4972 pater
2781 4923 2940 4962 unum
2967 4926 3170 4978 sumus,
3195 4921 3253 4969 ut
3269 4913 3337 4970 de
3365 4915 3398 4970 h
3421 4933 3467 4972 rc
3493 4934 3624 4976 voce
3645 4939 3788 4987 qua-

2177 4987 2533 5062 litercumque
2563 4995 2604 5026 ²⁰
2629 4998 2839 5064 evoles,
2871 5019 2990 5068 qua:
3027 5005 3189 5062 claris
3227 5012 3571 5067 sermoiiibus
3604 5014 3658 5068 in
3691 5033 3788 5082 pa-

2181 5089 2262 5136 tre
2304 5093 2358 5136 (ιι
2387 5086 2497 5140 lilio
2528 5087 2787 5145 unitatem
2815 5093 3030 5149 deitatis
3051 5101 3312 5166 ostendit,
3332 5099 3663 5162 succubuisti
3690 5127 3789 5166 ne-

2179 5175 2467 5238 cessitate.
2496 5197 2600 5234 non
2645 5183 2993 5246 arbitrio.ad
3035 5188 3136 5246 hoc
3176 5201 3234 5248 ut
3278 5195 3359 5250 vel
3405 5197 3447 5229 “
3477 5198 3544 5252 ad
3591 5216 3789 5257 motiu-

2181 5281 2420 5324 mentum
2449 5273 2500 5326 in
2531 5276 2787 5344 praesenti
2809 5279 3049 5349 capitulo
3069 5285 3296 5342 summis
3324 5286 3506 5358 labiis,
3536 5300 3594 5347 et
3616 5302 3678 5348 ut
3711 5293 3786 5350 ita

2250 5407 2270 5440 ⁸
2310 5409 2464 5466 Sicut
2490 5408 2652 5470 solus.
2695 5415 2698 5418 ’
2838 5464 2839 5467 η

2249 5481 2268 5512 ⁷
2307 5480 2476 5549 Deum
2505 5487 2806 5545 vertibilem.

2249 5553 2270 5583 ⁸
2309 5553 2472 5612 Forte
2501 5567 2694 5614 autem.

2249 5626 2270 5657 °
2310 5623 2572 5683 Creatura:
2598 5635 2963 5692 convertibilis.
3007 5661 3016 5666 -

2250 5698 2293 5729 ¹⁰
2331 5696 2406 5754 Te
2429 5703 2586 5757 voles.

2250 5768 2286 5800 ¹¹
2331 5770 2411 5824 Ad
2439 5785 2839 5834 monumentum.
2881 5778 3072 5848 Forte,
3105 5784 3176 5839 ad
3201 5795 3532 5842 momentum.
