3998 6346
201 344 261 400 49
1541 341 1630 398 DE
1667 337 1760 398 TR

1866 340 2062 401 I‘ATE.
3386 355 3458 411 50

192 458 414 523 dixerim,
441 456 722 528 superficie
758 457 873 513 sola
912 457 1225 526 verborum,
1266 458 1529 515 unitatem
1558 457 1754 513 volttn-
1777 465 1834 528 Α
1859 472 2088 514 vacuum
2129 458 2464 530 miserimus,
2507 472 2686 519 tamen
2728 464 2905 521 adhuc
2950 465 3001 520 in
3032 464 3127 521 Dei
3172 465 3342 538 gratia
3366 482 3460 523 re-

191 555 293 608 tatis
314 552 606 617 interseras,
640 567 746 619 quo
771 552 1083 619 expressius
1107 560 1162 606 et
1189 553 1429 606 vivacius
1460 560 1512 606 et
1542 549 1751 606 medul-

192 646 296 701 litus
325 646 570 698 unitatem
607 643 829 699 deitatis
868 644 1204 700 exclndcrrs.
1237 644 1407 700 Tollis
1433 644 1577 699 enim
1624 658 1750 699 sen-

190 756 317 795 sum.
347 738 546 793 unitate
592 737 930 798 substantiat.
964 741 1054 807 qtti
1084 738 1240 793 facile
1266 738 1510 795 creditur
1535 753 1601 792 ex
1634 738 1748 807 ipsa

186 834 496 902 simplicitate
529 833 848 899 verborum;
878 842 929 889 et
954 835 1325 903 interpretaris
1356 848 1598 897 sensum,
1626 832 1744 886 ιιιιί-

186 936 278 983 tate
320 927 638 989 voluntatis;
689 928 705 958 ³
752 927 954 995 utqnia
984 928 1307 995 supradicta
1344 931 1478 981 ratio
1498 927 1615 996 ejus
1643 940 1747 979 non

185 1020 318 1076 facile
345 1020 477 1088 apud
502 1033 693 1074 omnes
716 1019 1054 1088 intelligitur,
1086 1021 1302 1075 interim
1330 1020 1630 1089 sintplirem
1658 1019 1753 1074 de-

182 1112 325 1181 cipias
358 1110 678 1174 auditorem,
713 1126 836 1164 cum
864 1112 992 1165 illud
1021 1115 1136 1182 agis
1167 1127 1235 1168 ne
1267 1113 1525 1167 ttnitatent
1555 1111 1752 1166 divini-

184 1206 288 1257 tatis
329 1203 611 1271 intelligat.
659 1201 791 1259 Nam
821 1213 878 1259 et
909 1205 1164 1259 unitatem
1195 1205 1485 1259 voluntatis
1516 1209 1565 1258 iit
1601 1218 1750 1275 patre

181 1307 223 1349 et
250 1296 368 1353 lilio,
400 1295 529 1348 ﬁdes
560 1296 827 1351 catholica
860 1297 1229 1352 sincerisdtne
1255 1309 1308 1352 et
1332 1296 1613 1352 vetissime
1635 1292 1751 1352 cre-

181 1390 262 1455 dit,
304 1404 403 1443 non
449 1389 605 1444 labiis
648 1389 908 1463 (tantum)
950 1390 1045 1446 sed
1084 1401 1138 1446 et
1168 1401 1283 1446 toto
1312 1392 1509 1457 corde,
1546 1408 1667 1463 qua:
1697 1401 1751 1447 et

183 1482 408 1537 unitatem
455 1483 778 1538 sibstantise
826 1494 880 1539 et
927 1484 1224 1540 divinitatis
1277 1488 1543 1557 agnoscit.
1598 1489 1752 1541 Sicut

183 1578 299 1632 enim
329 1575 738 1631 indetuutabilis
765 1586 819 1631 ιιι
863 1577 1289 1633 incoitvertibilis
1320 1589 1403 1633 Bst
1432 1579 1749 1635 substantiae

179 1685 278 1724 cum
305 1669 453 1722 Patre
484 1667 680 1733 Filius,
721 1670 792 1723 ita
817 1679 871 1724 ιιι
908 1670 1313 1726 indetuntabilis
1337 1682 1392 1727 et
1423 1673 1755 1728 inconverti-

180 1759 278 1813 bilis
305 1762 589 1815 voluntatis
618 1770 703 1816 est
730 1777 853 1816 cum
889 1763 1048 1819 Patre
1080 1763 1267 1819 Filius.
1303 1765 1477 1834 Atque
1502 1763 1622 1820 ideo
1646 1781 1747 1820 una

1859 554 2151 624 petendum
2203 555 2359 611 nobis
2402 567 2523 623 est,
2585 568 2641 614 et
2686 560 2971 631 impudens
3011 562 3032 593 ⁸
3063 577 3253 618 eorum
3298 561 3452 618 frons

1853 647 1943 702 illa
1968 666 2087 713 qua!
2113 659 2197 704 est
2223 651 2343 705 sine
2370 652 2773 722 signoDontiui,
2792 655 2997 709 crebris
3021 655 3457 711 lt'slllllOlliHl'um

1853 739 2123 808 lapidibus
2170 743 2420 798 elidenda
2463 758 2576 808 eSl;
2628 757 2707 810 ttt,
2738 747 2837 801 etsi
2872 763 2976 801 non
3001 763 3130 800 raro
3160 764 3348 803 ectttm
3379 748 3461 804 cf-
3518 750 3521 751 ⁷

1853 831 2031 887 fundit
2062 850 2335 900 cruorem,
2391 837 2574 891 multis
2602 836 2624 868 ⁸
2664 839 2863 892 ell'msa
2920 840 3240 895 vulneribus
3269 850 3449 896 tamen

1853 926 1980 979 vel“l
2034 927 2210 996 pudor
2256 927 2557 982 suffusiune
2584 931 2862 1000 sanguinis
2892 933 3259 999 erttbescat,si
3283 933 3450 988 etiam

1854 1018 1876 1049 ⁸
1921 1032 1989 1072 ex
2052 1019 2115 1073 iis
2163 1035 2285 1089 qua:
2317 1021 2533 1075 illorum
2558 1037 2679 1076 esse
2706 1026 3023 1092 scripseras.
3052 1027 3452 1094 opprimantur.

1855 1109 1981 1163 llzrc
2007 1111 2166 1163 verita
2201 1113 2581 1167 ltzrreticuruttt
2602 1116 2682 1172 ais
2705 1130 2845 1169 esse.
2869 1116 2943 1170 Ex
2970 1115 3165 1178 ttiltilo,
3184 1119 3453 1188 inquiunt,

1855 1201 1997 1256 Deus
2038 1201 2137 1258 sibi
2187 1205 2355 1258 lilium
2411 1206 2557 1260 fecit.
2608 1207 2662 1260 Si
2716 1207 2842 1261 fecit
2900 1222 3022 1262 eum
3078 1223 3142 1263 ex
3203 1208 3456 1274 nihilo,’

1854 1308 2103 1351 creatura
2146 1308 2251 1364 est,
2284 1311 2333 1353 et
2368 1314 2475 1354 non
2525 1300 2690 1355 lilius.
2721 1301 2784 1355 Et
2812 1301 2942 1371 quid
2973 1317 3077 1371 est,
3109 1302 3251 1372 qttod
3289 1302 3456 1357 lilium

1854 1389 2013 1453 dicis,
2034 1408 2194 1460 quem
2222 1404 2521 1448 ert-aturato
2544 1410 2668 1449 esse
2692 1395 3006 1461 eonﬁrtnas,
3031 1411 3154 1451 cum
3175 1397 3311 1452 dicis
3330 1412 3454 1452 eum

1855 1481 2054 1537 factum
2083 1500 2147 1540 ex
2182 1484 2350 1539 niltilo
2372 1486 2536 1540 es~e?
2568 1504 2673 1540 non
2705 1503 2837 1557 ergo
2868 1500 3022 1556 potes
3046 1496 3102 1543 et
3129 1488 3301 1542 ﬁlium
3332 1504 3457 1543 eum

1850 1575 2031 1631 dicere
2052 1587 2106 1632 et
2124 1589 2432 1633 creaturam
2452 1599 2464 1632 :
2487 1580 2628 1634 lilius
2644 1582 2787 1634 enim
2803 1598 2867 1635 ex
2885 1584 3163 1636 nativitatu
3179 1582 3453 1649 Cttltsislll,

1854 1682 2100 1726 creatura
2131 1689 2259 1728 vero
2290 1690 2356 1729 ex
2392 1677 2615 1730 tactura.
2648 1677 2787 1743 Quid
2815 1678 2909 1732 tibi
2942 1677 3212 1732 Contraria
3238 1679 3460 1747 profite-

1856 1766 1966 1820 ris?
2009 1783 2175 1821 unum
2226 1770 2367 1839 elige
2409 1768 2477 1823 de
2522 1771 2735 1825 duobus
2766 1789 2778 1825 :
2810 1773 2898 1825 dic
2926 1783 3017 1825 aut
3040 1772 3206 1827 filium
3237 1788 3367 1827 vere
3394 1772 3459 1826 fi-

182 1856 395 1910 vuluutas
423 1867 503 1910 est
536 1855 717 1911 Patris
763 1867 817 1911 et
845 1855 985 1919 Filii,
1009 1858 1149 1912 sicut
1169 1866 1225 1913 et
1245 1874 1347 1912 uua
1376 1859 1548 1912 virtus
1574 1868 1623 1911 et
1646 1875 1746 1911 una
1781 1868 1826 1928 Β
1858 1857 1988 1911 lium
2013 1899 2027 1921 ,
2060 1868 2155 1912 aut
2192 1875 2500 1916 creaturam
2537 1879 2667 1918 vere
2707 1874 3033 1919 creaturam.
3087 1865 3142 1920 Si
3182 1865 3253 1919 ita
3288 1864 3460 1919 tilium

179 1948 345 2016 imago,
392 1948 571 2018 magis
597 1950 617 1978 ²
674 1956 767 2003 aut
789 1947 1018 2003 dixerint
1045 1949 1185 2018 quod
1215 1951 1332 2017 ipse
1365 1948 1533 2004 Filius
1557 1949 1748 2005 volun-

182 2050 245 2095 tas
280 2050 354 2096 est
400 2040 605 2095 Patris.
640 2040 958 2097 Sicutenim
991 2040 1165 2096 Patris
1201 2052 1252 2096 ct
1284 2042 1405 2097 Filii
1436 2057 1545 2096 una
1574 2042 1751 2111 imago

180 2150 275 2188 eum
300 2135 365 2189 sit
386 2137 691 2192 secundum
716 2136 935 2209 Moysen
958 2178 973 2201 ,
1003 2145 1182 2192 tamen
1209 2147 1264 2192 et
1292 2137 1406 2205 ipse
1429 2136 1596 2192 Filius
1620 2141 1752 2191 ima-

179 2248 230 2301 go
270 2228 352 2284 Dei
395 2231 674 2286 invisibilis
725 2227 950 2300 (Coloss.
1000 2246 1039 2294 ι,
1095 2230 1186 2301 15)
1227 2232 1483 2286 scribitur
1510 2231 1577 2287 ab
1609 2234 1754 2302 Apo-

180 2326 329 2387 Stolo;
366 2325 432 2378 ita
479 2334 540 2379 et
588 2340 691 2378 una
743 2326 993 2380 voluntas
1039 2340 1161 2380 cum
1205 2326 1273 2379 sit
1304 2324 1480 2380 Patris
1510 2334 1565 2380 et
1592 2323 1750 2391 Fllli,

185 2418 295 2487 (pie)
321 2418 578 2473 definitur
617 2418 762 2488 quod
795 2418 1044 2472 voluntas
1094 2419 1273 2474 Patris
1310 2430 1393 2473 est
1423 2418 1615 2474 Filius.
1650 2420 1755 2489 (Si—

182 2522 254 2565 cut
276 2518 372 2579 est)
406 2513 496 2567 Dei
536 2512 829 2567 invisibilis
875 2513 1074 2582 im-tgo,
1102 2512 1354 2568 similiter
1376 2520 1432 2567 et
1459 2512 1525 2568 de
1551 2514 1754 2569 vittule

186 2605 409 2671 itttelligc.
442 2606 612 2661 Fides
634 2605 779 2661 enim
824 2607 1091 2661 catholica
1123 2606 1274 2664 dicit.
1306 2622 1465 2659 uuam
1498 2607 1753 2662 virtutem
1794 2630 1803 2635 ι

185 2714 283 2754 esse
306 2700 469 2754 Patris
489 2710 547 2755 et
585 2698 742 2764 Filii;
769 2710 821 2754 et
851 2710 1028 2753 tamen
1055 2698 1238 2754 scribit
1260 2699 1574 2770 Apostolus,
1606 2699 1757 2755 Chri-

185 2806 293 2846 stum
316 2792 402 2846 Dei
428 2794 675 2849 virtutem
694 2809 805 2849 esse
826 2804 874 2848 et
903 2792 999 2847 Dei
1020 2795 1323 2862 sapientiam
1353 2794 1397 2866 (Ι
1424 2795 1543 2849 Cor.
1571 2811 1611 2861 ι,
1634 2795 1752 2866 2i).

188 2886 262 2941 l’ic
295 2904 414 2959 ergo
441 2890 654 2943 dictum
686 2900 791 2953 εει,
816 2888 957 2959 quod
988 2888 1158 2943 Filius
1181 2890 1428 2943 voluntas
1448 2897 1533 2945 est
1562 2889 1755 2955 Patris,

189 2980 303 3034 sicut
329 2982 462 3036 idem
509 2984 633 3049 ipse
659 2990 744 3035 est
762 2981 1023 3048 sapientia
1059 2980 1173 3035 Dei.
1211 2980 1271 3035 Et
1300 2992 1489 3036 tamen.
1510 2982 1552 3035 si
1581 2979 1756 3035 adhuc

191 3083 339 3128 movet
366 3075 447 3129 ltic
474 3088 704 3138 sensus,
736 3074 954 3127 inn-nde
980 3072 1045 3127 ad
1076 3089 1138 3127 ea
1167 3090 1286 3143 qttzc
1312 3074 1542 3129 dicimus
1572 3093 1584 3126 :
1610 3082 1759 3129 certe

195 3167 269 3221 Dei
313 3170 572 3238 sapientia
619 3166 871 3224 Christus
900 3177 1004 3222 est.
1043 3167 1180 3235 Quid
1223 3177 1401 3221 autent
1433 3176 1517 3220 εει
1542 3166 1639 3220 Dei
1667 3181 1762 3219 vn-

1850 1949 2013 2015 dicis,
2049 1959 2109 2005 ut
2136 1967 2260 2006 vere
2291 1951 2459 2007 liliunt
2492 1954 2673 2018 dicas,
2705 1955 2917 2024 negasti
2948 1971 3071 2010 eum
3101 1970 3222 2011 esse
3247 1965 3462 2010 creatu-

1852 2058 1990 2098 ram.
2040 2042 2109 2097 Et
2149 2046 2422 2114 quomodo
2450 2047 2519 2103 de
2547 2047 2721 2103 niltilo
2745 2048 2947 2103 factum
2979 2063 3101 2104 eum
3133 2064 3260 2104 esse
3290 2049 3461 2118 dicis,

1853 2150 2014 2205 quem
2046 2150 2172 2191 vere
2196 2138 2363 2192 tilium
2387 2138 2668 2194 conﬁteris
2690 2141 2714 2195 ?
2735 2142 2789 2196 Si
2815 2154 2992 2196 autent
3020 2140 3158 2196 dicis
3183 2158 3310 2197 eum
3332 2157 3460 2198 vere

1854 2242 1977 2282 esse
2017 2239 2349 2297 creaturam,
2380 2247 2478 2285 cur
2506 2248 2629 2286 eum
2661 2233 2829 2288 illium
2863 2235 3135 2301 nominas,
3159 2249 3285 2291 cum
3313 2234 3368 2289 in
3394 2249 3461 2290 eo

1855 2321 2012 2379 istius
2040 2324 2276 2378 nominis
2308 2324 2548 2396 abneges
2578 2326 2909 2381 veritatem?

1929 2414 1993 2469 11.
2037 2416 2143 2471 Sed
2175 2416 2291 2489 (de)
2320 2417 2455 2472 vivi.
2485 2419 2762 2489 lapidibus
2784 2421 2982 2474 divina:
3012 2420 3158 2475 vocis
3190 2420 3465 2491 percutia-

1857 2525 1981 2565 ntus
2021 2509 2216 2565 frutttis
2250 2512 2368 2580 ejus
2417 2511 2829 2581 impudentiam.
2872 2512 2953 2568 Tu
3000 2512 3139 2568 dicis
3177 2529 3300 2568 eum
3340 2529 3464 2569 esse

1858 2612 2163 2659 creaturam
2188 2623 2200 2657 :
2226 2621 2326 2673 ego
2351 2605 2478 2660 dico
2503 2623 2626 2659 eum
2655 2621 2777 2661 esse
2809 2606 2977 2661 tilium
3001 2625 3013 2659 :
3039 2607 3164 2677 quis
3196 2610 3338 2661 inter
3364 2622 3465 2661 nos

1859 2696 1926 2749 de
1962 2695 2316 2766 professionis
2362 2699 2593 2752 veritate
2632 2697 2990 2768 pronuntiet?
3031 2707 3181 2767 pttto,
3219 2699 3362 2767 quod
3405 2699 3470 2753 li-

1860 2789 2052 2844 benter
2076 2790 2300 2855 habeas,
2335 2799 2391 2844 ut
2422 2790 2762 2861 illejudicet,
2795 2808 2821 2845 a
2853 2805 2962 2861 quo
2989 2800 3068 2856 ιιι,
3102 2790 3465 2845 renuentibus

1862 2884 2043 2950 nobis,
2095 2884 2294 2939 factum
2342 2885 2478 2938 dicis
2517 2885 2790 2939 Cltrismm
2823 2900 2892 2939 ex
2933 2884 3128 2939 nihilo.
3169 2884 3469 2938 Audiamus

1861 2992 1993 3047 ergo
2041 2977 2170 3048 quid
2215 2977 2285 3033 de
2331 2978 2487 3033 caelis
2526 2978 2641 3048 ipse
2689 2977 3022 3047 pronuntiet.
3076 2976 3177 3030 Hic
3216 2987 3287 3032 est
3324 2977 3465 3047 ﬁlius

1862 3089 2003 3128 meus
2050 3074 2303 3137 dilectus,
2353 3073 2410 3127 in
2446 3090 2546 3141 quo
2591 3072 2717 3126 mihi
2760 3073 2884 3127 bene
2918 3072 3209 3141 complacui
3242 3070 3462 3142 (Matth.

1865 3182 1944 3230 tu,
1981 3168 2095 3239 17).
2125 3165 2398 3237 Numquid
2428 3166 2587 3232 dixit,
2620 3166 2717 3221 llic
2741 3178 2822 3221 est
2851 3182 3012 3237 quem
3045 3182 3145 3237 ego
3174 3165 3275 3219 feci
3298 3182 3362 3220 ex
3395 3167 3469 3219 ni-

195 3260 371 3327 lllltlfbi,
399 3277 566 3332 quam
623 3260 713 3315 Dei
741 3259 1039 3329 sapientia?
1076 3274 1181 3313 non
1214 3258 1358 3313 enim
1393 3258 1445 3313 in
1478 3258 1587 3313 Deo
1616 3257 1759 3312 aliud
1790 3264 1836 3327 C
1869 3257 2025 3313 hilo?
2070 3256 2135 3311 Et
2183 3256 2304 3311 vide
2329 3298 2344 3323 ,
2382 3258 2508 3326 quia
2535 3257 2636 3311 ltoc
2660 3268 2785 3311 tunc
2808 3260 3039 3327 primum
3064 3256 3220 3322 dixit,
3246 3255 3467 3326 quando

195 3358 432 3420 voluntas,
480 3363 541 3410 et
593 3353 738 3408 aliud
781 3353 1045 3421 sapientia
1079 3370 1091 3406 :
1126 3353 1176 3407 in
1211 3352 1518 3405 hominibus
1544 3349 1762 3422 quidem

200 3456 341 3515 potest
379 3462 497 3503 esse
531 3446 811 3510 voluntas,
851 3461 959 3501 non
991 3457 1164 3499 tamen
1190 3444 1305 3499 haec
1332 3444 1444 3512 ipsa
1464 3442 1760 3511 sapientia;

201 3540 299 3607 quia
341 3540 596 3595 voluntas
632 3539 870 3593 hominis
911 3537 1216 3593 eruditione
1251 3546 1307 3592 et
1335 3538 1685 3592 meditatione
1712 3547 1768 3591 et

202 3632 411 3700 profer-tu
453 3636 521 3689 ad
554 3634 879 3703 sapientiam
909 3633 1014 3687 sibi
1045 3631 1351 3703 pOaSlltilctll
1377 3630 1643 3701 pervenit.
1673 3630 1766 3685 Dei

201 3737 350 3781 autem
374 3728 625 3781 voluntas
647 3742 756 3781 non
780 3726 1108 3789 eruditione,
1136 3740 1240 3779 non
1266 3725 1635 3788 meditatiooe,
1661 3738 1765 3777 non

200 3817 405 3886 prufectu
443 3820 517 3876 ad
546 3820 870 3887 sapientiam
910 3818 1171 3888 pervenit,
1198 3816 1293 3871 sed
1327 3818 1438 3886 ipsa
1469 3816 1598 3871 nihil
1631 3815 1769 3871 indi-

198 3925 325 3979 gens,
356 3913 682 3968 naturaliter
714 3912 734 3943 ³
765 3912 1095 3967 sttbstautiva
1117 3911 1379 3980 Sapientia
1409 3918 1492 3962 est
1542 3906 1695 3964 Unde
1716 3918 1770 3963 et

200 3999 410 4060 CltriSIus
442 4005 549 4060 Dei
573 4003 837 4074 sapientia
861 4005 1125 4069 existi-ns,
1164 4004 1254 4057 Dei
1277 4017 1492 4073 quoqma
1516 4002 1770 4056 Voluntas

198 4108 297 4162 est;
342 4100 462 4168 quia
518 4098 573 4153 in
621 4098 733 4153 Deo
763 4113 872 4153 non
909 4096 1056 4152 aliud
1104 4096 1352 4150 voluntas
1378 4136 1392 4160 ,
1425 4102 1479 4150 et
1509 4093 1656 4149 alittd
1684 4109 1772 4149 sa-

201 4193 386 4258 pientia.

804 4326 1031 4383 CAPUT
1070 4327 1135 4382 Il.

201 4439 262 4496 De
283 4460 334 4497 eo
359 4448 495 4516 quod
538 4444 767 4498 ltteretici
793 4444 989 4496 dicunt.
1019 4440 1103 4496 Ea:
1133 4441 1317 4505 nihilo,
1342 4440 1605 4509 inquiunt,
1632 4438 1773 4494 Deus

255 4536 337 4588 sibi
363 4538 530 4606 ﬁlium
557 4536 677 4607 [erit
705 4552 717 4587 :
743 4537 785 4589 si
810 4536 926 4606 fecit
954 4550 1070 4588 eum
1096 4549 1158 4587 ea:
1177 4532 1364 4596 nihilo,
1399 4541 1631 4585 creatura
1653 4540 1729 4584 est
1754 4571 1770 4597 ,

256 4636 297 4680 et
324 4644 417 4682 non
448 4628 615 4697 lilius.

259 4761 293 4816 l.
331 4764 490 4820 David
517 4779 626 4818 uno
654 4762 846 4831 lapidis
878 4762 986 4816 ictu
1010 4760 1180 4815 Golia:
1209 4759 1437 4813 frontem
1461 4759 1772 4827 percutiens

203 4858 352 4923 magni
393 4858 642 4928 corporis
664 4855 858 4910 fortem
888 4855 1079 4910 stravit
1120 4852 1394 4908 inimicum
1420 4852 1461 4924 (l
1491 4852 1614 4923 Reg.
1641 4867 1769 4916 xvrt,

203 4946 296 5019 50).
332 4950 431 5006 Sed
462 4960 668 5006 nostra:
707 4965 813 5003 non
850 4958 927 5004 est
969 4945 1183 5001 virtutis
1213 4944 1279 4999 de
1310 4958 1416 4997 uno
1455 4943 1632 5012 lapide
1662 4944 1777 4997 vitt-

203 5052 339 5105 cere;
362 5044 585 5112 duplici,
619 5054 671 5095 ιιι
701 5041 917 5108 Opinor,
946 5054 1011 5094 ex
1043 5052 1204 5093 causa
1231 5054 1245 5091 :
1276 5036 1399 5107 quia
1434 5050 1534 5091 nec
1566 5050 1665 5090 nos
1692 5045 1773 5090 ta-

206 5128 270 5183 les
305 5132 443 5189 vires
491 5133 788 5199 habemus,
830 5132 1018 5203 quales
1058 5129 1245 5183 habuit
1276 5139 1330 5183 et
1374 5127 1572 5192 David;
1605 5136 1660 5181 et
1690 5127 1777 5181 isti

207 5225 343 5283 nimis
372 5229 600 5284 frontem
633 5227 925 5298 praeferunt
961 5223 984 5255 ⁸
1030 5222 1379 5292 impudentia:
1409 5220 1779 5291 itnpitetatibus

207 5321 502 5378 obduratam
549 5341 564 5376 :
598 5322 743 5379 unde
776 5322 890 5392 jam
930 5320 1063 5376 licet
1107 5319 1313 5374 multos
1357 5316 1568 5387 lapides
1591 5331 1701 5370 non
1728 5315 1782 5370 in

269 5513 285 5586 ξ
321 5512 417 5586 till

269 5585 289 5614 ¹
322 5582 499 5639 Eni-it.

274 5656 293 5686 ³
329 5656 624 5712 Substautia

276 5726 294 5755 ⁸
330 5724 655 5797 Impudentia
676 5734 744 5781 et.

278 5797 297 5870 §
335 5792 503 5853 Frons
526 5816 700 5855 eorum
727 5796 1012 5870 lapidauda
1042 5804 1115 5851 est
1138 5835 1153 5862 ,
1179 5801 1237 5847 ut
1265 5801 1315 5848 et
1340 5792 1406 5846 si.

278 5869 300 5898 ⁸
333 5870 559 5926 Pertusa.

1866 3353 2027 3408 Jesns
2056 3361 2113 3405 ut
2142 3352 2305 3406 homo
2335 3353 2565 3406 accessit
2588 3351 2654 3406 ad
2679 3353 3004 3421 baptismum
3032 3361 3141 3413 :et,
3176 3361 3326 3417 puto,
3358 3364 3465 3404 non

1867 3446 1972 3499 alia
2006 3446 2219 3499 ratione
2246 3460 2406 3512 quam
2448 3446 2571 3513 quia
2605 3454 2817 3513 poterat
2855 3443 3005 3498 credi
3038 3459 3142 3497 non
3174 3456 3295 3497 esse
3325 3440 3469 3496 filius

1872 3536 1989 3599 Dei,
2019 3537 2108 3607 qui
2132 3551 2434 3605 corporeus
2458 3536 2761 3598 videbatur,
2787 3545 2842 3589 et
2865 3537 3008 3589 inter
3034 3546 3265 3589 cteteros
3289 3532 3468 3587 homi-

1870 3645 1967 3684 nes
2000 3630 2115 3699 ipse
2148 3645 2364 3700 quoque
2390 3640 2446 3682 ιιι
2477 3629 2640 3683 homo
2682 3645 2795 3697 pcct
2815 3638 2935 3683 ator
2961 3627 3214 3684 veniebat
3234 3627 3299 3681 ad
3330 3628 3468 3698 bap-

1870 3725 2112 3785 tismum,
2135 3740 2255 3778 cum
2291 3736 2507 3791 peccata
2540 3724 2756 3793 propria
2788 3739 2894 3777 non
2929 3722 3171 3777 haberet.
3206 3720 3287 3777 Ne
3313 3737 3468 3791 ergo,

1874 3817 2046 3890 (cum)
2072 3829 2472 3872 sacramentum
2497 3816 2835 3887 Itaptisittatis
2858 3817 2911 3870 itt
2941 3815 3159 3870 homine
3186 3823 3466 3881 assumpto

1875 3915 1917 3947 ¹⁰
1950 3921 2293 3967 conSumtnat
2329 3910 2512 3977 Jesus,
2542 3927 2645 3964 non
2683 3925 2813 3964 vere
2844 3909 2932 3963 Dei
2965 3909 3105 3962 lilius
3126 3907 3464 3969 crederetur,

1871 4006 2069 4060 clamat
2117 4004 2184 4059 de
2219 4004 2358 4059 caalo
2401 4001 2583 4068 Pater,
2640 4000 2739 4055 Hic
2775 4011 2851 4055 est
2895 4000 3036 4069 ﬁlius
3062 4015 3203 4053 meus
3230 3999 3470 4052 dilectus.

1875 4100 2224 4155 Intellexi-rat
2268 4078 2487 4169 quidem
2538 4107 2594 4151 et
2638 4096 2878 4150 Joannes
2925 4109 3083 4148 suum
3128 4093 3279 4147 illttttt
3344 4106 3470 4147 ease

1875 4196 2186 4254 Dominum.
2233 4192 2451 4263 quando
2476 4203 2530 4247 et
2553 4192 2596 4222 ¹¹
2628 4187 2864 4245 venienti
2906 4187 2972 4243 ad
3003 4185 3328 4255 baptismum
3361 4180 3473 4245 ait;

1881 4286 1991 4360 Ego
2033 4306 2066 4342 a
2112 4297 2159 4342 te
2185 4286 2340 4341 debeo
2368 4284 2640 4356 baptizari,
2673 4293 2720 4336 et
2751 4293 2807 4336 tu
2838 4280 3019 4334 venisti
3048 4278 3117 4330 ad
3143 4293 3223 4330 me
3253 4272 3473 4346 (Matth.

1876 4396 1955 4435 ιιι.
2000 4378 2134 4449 24)?
2186 4378 2293 4434 Sed
2337 4394 2406 4433 ne
2446 4379 2584 4431 torte
2612 4374 2755 4441 apttd
2787 4374 2922 4427 alios
2963 4370 3193 4426 Joannis
3224 4366 3475 4422 testimo-

1877 4474 2027 4529 nium
2059 4489 2165 4527 nun
2198 4484 2305 4525 tam
2347 4485 2599 4536 magnum
2626 4467 2923 4531 vidi-retur,
2952 4473 3011 4518 ut
3039 4463 3281 4516 vinceret
3313 4457 3475 4513 ﬁdem

1878 4566 2058 4622 carnis
2103 4576 2158 4620 et
2204 4564 2523 4619 humilitatis
2564 4561 2619 4615 in
2663 4561 2913 4623 thristo,
2951 4569 3003 4611 et
3033 4555 3214 4610 omnia
3252 4552 3479 4607 ontnitto

1795 4651 1849 4712 D
1875 4676 1995 4733 quae
2023 4677 2119 4733 per
2145 4674 2365 4715 carnem
2396 4658 2515 4727 ejus
2545 4655 2880 4725 agebantur;
2908 4654 3022 4721 ipse
3047 4666 3154 4720 quo
3182 4662 3342 4703 nemo
3364 4661 3481 4699 ma-

1872 4754 1981 4824 jor,
2013 4755 2127 4822 ipse
2155 4767 2263 4824 quo
2295 4766 2455 4806 nemo
2489 4748 2682 4802 melior
2702 4738 3479 4816 cognitor,dattestimonium

1878 4847 1949 4901 de
1989 4847 2144 4901 cadis
2192 4846 2411 4899 dicens:
2446 4840 2546 4895 Hic
2576 4850 2646 4894 est
2693 4840 2836 4907 [ilius
2866 4853 3008 4890 meus
3034 4834 3273 4897 dilectus,
3302 4832 3355 4886 in
3376 4846 3478 4900 quo

1878 4939 2003 4993 bene
2049 4936 2359 5004 coutplacui.
2408 4934 2463 4988 In
2508 4940 2770 5003 quantum
2815 4930 2960 4984 enim
3006 4926 3290 4981 manifesta
3342 4924 3480 4978 fides

1878 5043 1993 5085 erat
2021 5031 2166 5086 circa
2191 5044 2410 5083 carnem
2438 5023 2751 5086 Salvatotis,
2788 5024 2839 5076 itt
2869 5032 3077 5076 tantum
3107 5030 3163 5074 et
3189 5015 3481 5072 tttanifesta

1883 5124 2018 5178 fides
2069 5137 2192 5177 csse
2237 5120 2423 5175 debuit
2467 5118 2613 5176 circa
2652 5118 2906 5171 deitatem
2957 5110 3299 5169 Salvaturis:
3353 5118 3483 5163 tunc

1883 5217 2112 5272 enimet
2139 5231 2298 5271 verus
2322 5216 2459 5269 Deus
2488 5222 2595 5277 est,
2622 5210 2667 5266 si
2692 5210 2763 5264 sit
2790 5220 2844 5262 et
2874 5222 3037 5263 verus
3057 5205 3219 5259 lilius.
3243 5201 3482 5258 Carnem

1884 5312 2101 5384 quidem
2148 5308 2287 5379 ejus,
2315 5306 2402 5363 vel
2432 5306 2615 5377 potius
2640 5301 2919 5357 hominem
2947 5298 3150 5365 dicam,
3183 5309 3345 5351 nemo
3370 5307 3486 5348 am-

1959 5498 1981 5529 '
2027 5496 2235 5553 Pudore
2263 5510 2377 5551 ceu.

1963 5570 1988 5602 ⁸
2029 5567 2093 5623 Et
2120 5585 2201 5623 ea.

1964 5644 1986 5676 ⁹
2024 5641 2256 5697 Creatus.

1970 5714 2013 5746 ²⁰
2049 5710 2444 5766 Consttmmans.

1970 5785 2013 5817 “
2051 5782 2375 5839 Advenienti.
