3998 6350
561 298 624 351 iii
1809 286 2128 343 FAUSTIXI
2167 285 2599 342 PRESBYTER!
3029 281 3038 288 ’
3778 289 3830 356 5;!

558 412 797 484 bigebat,
844 411 967 481 quia
1004 423 1102 463 nec
1132 406 1331 476 ambigi
1367 412 1574 475 poterat
1607 421 1618 456 :
1652 403 1746 457 sed
1777 401 1908 456 illud
1926 402 2068 472 quod
2102 403 2154 457 in
2181 411 2230 470 Α
2261 402 2434 472 placui
2455 419 2471 456 :
2493 403 2660 473 ipsum
2691 402 2867 456 audite
2892 401 3079 472 (Ibid,
3105 403 3362 473 5}.Certe
3388 403 3603 477 Moyses
3628 395 3680 460 et
3709 405 3833 462 Eliss

561 507 781 562 homine
811 515 958 570 erat,
989 512 1044 558 et
1073 511 1255 555 natum
1285 509 1407 554 cum
1440 498 1682 562 homine,
1713 499 1837 568 quia
1861 497 2027 552 videri
2057 513 2152 567 per

559 608 809 655 naturam
861 613 968 652 non
1012 602 1254 663 poterat,
1287 609 1356 648 ne
1399 601 1548 647 esset
1592 591 1877 656 incertum,
1922 605 2054 645 voce
2097 600 2152 646 et

555 692 710 764 quasi
734 691 899 761 digito
929 691 1095 758 patris
1126 686 1434 742 ostenditur
1473 685 1736 740 dicentis:
1771 683 1874 738 Hic
1907 689 1982 738 est
2010 684 2150 753 ﬁlius

552 803 696 840 meus
741 785 985 848 dilectus,
1015 782 1068 836 in
1105 797 1206 851 quo
1243 779 1369 846 bene
1415 779 1744 851 camplacui;
1783 787 1838 832 et
1879 779 1893 810 '
1936 777 2147 832 interea

554 879 668 949 pari
710 875 1033 932 auctoritate
1081 875 1214 930 ﬁdes
1261 874 1542 942 utriusque
1564 870 1917 938 substantiae,
1957 868 2010 924 id
2041 878 2145 935 est,

549 971 644 1026 Dei
686 979 742 1026 et
787 970 1022 1023 hominis
1067 966 1483 1022 commendatur
1534 965 1588 1018 in
1634 963 1874 1018 Christo.
1903 962 2149 1018 Hominis

546 1065 690 1119 enim
743 1065 796 1118 in
837 1075 897 1118 se
920 1061 1082 1126 ﬁdem
1115 1061 1209 1116 Dei
1249 1060 1389 1114 ﬁlius
1421 1060 1535 1128 ipse
1562 1059 1583 1089 ³
1623 1057 1870 1128 signabat
1898 1073 1992 1126 per
2017 1073 2150 1112 con-

545 1157 856 1227 ceptionem
887 1164 942 1210 et
970 1162 1182 1224 partum
1215 1152 1474 1223 Virginis,
1499 1165 1595 1220 per
1622 1148 1863 1204 infantiae
1886 1151 2146 1220 vagitum,

545 1267 644 1322 per
678 1265 850 1305 cunas
899 1257 955 1304 et
991 1247 1396 1311 involumenta,
1441 1259 1536 1313 per
1568 1245 1680 1311 ipsa
1713 1243 1901 1296 matris
1947 1242 2144 1308 ubera,

545 1359 642 1414 per
689 1343 804 1412 ipsa
858 1339 1085 1396 materni
1117 1339 1272 1394 laetis
1297 1337 1573 1399 alimenta,
1617 1350 1713 1405 per
1757 1334 2097 1390 incrementa
2125 1334 2147 1366 ⁸

544 1451 828 1505 corporeae
858 1434 1054 1499 aetatis,
1093 1447 1189 1502 per
1216 1429 1319 1484 hoc
1345 1431 1520 1500 ipsum
1553 1427 1695 1499 quod
1725 1429 1894 1494 venit,
1925 1440 1982 1480 ut
2010 1427 2147 1497 bap-

547 1530 827 1583 tizaretur.
857 1525 1044 1592 _Vides
1079 1523 1352 1595 quomodo
1384 1521 1601 1578 interim
1635 1537 1805 1590 usque
1846 1522 1912 1575 ad
1947 1522 2148 1590 baptis-

545 1639 694 1678 mum
748 1613 778 1653 δ’
815 1620 1096 1691 expressit
1145 1619 1199 1674 in
1255 1631 1317 1674 se
1366 1617 1604 1672 hominis
1633 1617 1960 1683 veritatem,
1995 1622 2148 1670 tanto

543 1716 790 1787 pressius
839 1713 942 1768 hoc
973 1727 1161 1782 agens,
1205 1721 1412 1781 quanto
1439 1720 1494 1766 et
1518 1707 1793 1763 difﬁcilius
1815 1707 1962 1763 credi
1987 1717 2143 1776 pote-

2256 501 2458 570 pariter
2483 499 2805 554 videbantur
2825 513 2946 553 cum
2977 514 3045 555 eo
3066 500 3353 570 loquentes
3380 541 3396 567 ,
3416 515 3554 571 quos
3582 502 3755 572 utique
3779 501 3832 559 de

2253 594 2546 665 adoptione
2575 592 2746 647 factos
2768 607 2889 647 esse
2919 589 3060 647 ﬁliOs
3086 593 3180 648 Dei
3212 607 3410 662 negare
3436 601 3545 648 non
3577 601 3726 664 potes
3753 611 3764 646 :
3791 604 3833 650 et

2253 688 2529 760 quomodo
2555 688 2623 742 de
2651 687 2768 740 solo
2798 686 3018 741 Christo
3043 701 3144 740 vox
3170 686 3352 741 divina
3381 693 3612 742 testatur
3633 688 3828 754 dicens;

2259 779 2358 836 Hic
2388 790 2463 835 est
2491 780 2632 850 ﬁlius
2680 795 2822 833 meus
2855 779 3106 836 dilectus.
3131 779 3186 832 in
3213 795 3315 849 quo
3357 779 3483 834 mihi
3522 779 3830 844 complacui:

2251 877 2421 944 ipsum
2438 876 2610 928 audite
2633 873 2658 925 .9
2685 873 2738 928 Si
2768 873 2910 927 enim
2939 881 2994 927 et
3025 873 3273 927 Christus
3304 874 3371 928 de
3397 873 3690 944 adoptione
3713 872 3830 930 illius

2251 978 2336 1024 est
2359 1012 2373 1035 ,
2404 981 2527 1021 cum
2560 976 2735 1021 staret
2767 967 2908 1022 inter
2937 966 3077 1021 duos
3105 961 3245 1021 filios
3286 966 3603 1037 adeptivos,
3636 966 3832 1022 dixisset

2253 1062 2476 1131 utique,
2515 1059 2612 1114 «Et
2645 1059 2733 1114 hic
2756 1059 2902 1113 ﬁlius
2927 1075 3081 1114 meus
3127 1069 3234 1126 est,
3273 1079 3292 1113 ι
3327 1071 3395 1116 ne
3433 1059 3682 1115 Christus
3707 1062 3830 1116 solus

2251 1156 2394 1210 illius
2446 1169 2570 1210 esse
2598 1154 2956 1210 crederetur:
2988 1163 3043 1208 st
3087 1167 3210 1209 cum
3251 1155 3410 1220 dixit,
3449 1151 3552 1209 Hic
3597 1159 3670 1210 est
3715 1155 3830 1224 ﬁlius

2251 1267 2394 1305 meus
2415 1251 2652 1314 dilectus,
2680 1247 2990 1319 adoptionis
3018 1247 3159 1303 ﬁlios
3181 1250 3492 1319 separavit,
3527 1255 3587 1303 ut
3618 1247 3830 1318 prapric-

2252 1353 2335 1398 tas
2367 1357 2509 1398 vera:
2554 1341 2855 1396 nativitatis
2891 1342 2943 1395 in
2974 1340 3192 1396 Christo
3223 1343 3341 1396 solo
3368 1341 3478 1396 ﬁlio
3521 1341 3827 1397 crederetur.

2249 1436 2356 1491 Sed
2385 1449 2491 1489 non
2511 1434 2711 1488 sufﬁcit
2729 1430 3076 1488 utChristum
3103 1433 3481 1490 tantummodo
3503 1433 3674 1490 ﬁlium
3698 1437 3828 1488 suum

2249 1543 2376 1584 esse
2414 1528 2799 1599 proﬁteretur;
2829 1526 3036 1583 addidit
3065 1529 3227 1583 etiam
3274 1528 3418 1598 quod
3449 1535 3587 1585 vero
3630 1529 3734 1583 ﬁlio
3754 1528 3829 1582 de-

2249 1621 2482 1677 bebatur
2506 1664 2520 1687 ,
2559 1621 2784 1686 dicens,
2823 1622 2993 1692 ipsum
3035 1620 3231 1676 audite.
3276 1623 3524 1693 Magnam
3549 1664 3563 1690 ,
3595 1622 3750 1676 immo
3786 1631 3828 1676 et

2250 1729 2436 1785 parem
2481 1715 2582 1769 sibi
2631 1716 3009 1769 auctoritatem
3051 1716 3288 1770 oStendit
3327 1717 3379 1771 in
3433 1713 3586 1782 ﬁlio,
3618 1729 3733 1771 cum
3773 1716 3830 1770 ita

541 1822 648 1892 rat,
692 1809 864 1865 Deum
912 1805 1016 1880 (in)
1066 1806 1344 1861 hominem
1411 1804 1548 1858 ﬁeri.
1580 1803 1645 1856 Et
1675 1817 1742 1856 ne
1780 1803 1916 1856 forte
1947 1801 2014 1854 ad
2043 1801 2144 1856 hoc
2174 1811 2223 1879 Β
2249 1807 2547 1861 audiendus
2573 1814 2657 1861 est
2689 1805 2864 1872 ﬁlius,
2890 1814 2950 1860 ut
2976 1805 3279 1862 audiendus
3315 1807 3371 1862 et
3416 1819 3573 1879 pater
3603 1815 3718 1862 est:
3751 1804 3826 1875 lp-

539 1915 787 1960 coactum
817 1912 998 1974 putes,
1025 1911 1081 1958 et
1109 1917 1220 1956 non
1245 1910 1439 1970 sponte
1471 1899 1642 1952 lilium
1670 1897 1790 1964 Dei,
1821 1895 1992 1950 ﬁlium
2014 1911 2146 1965 quo-

539 2015 646 2070 que
691 2002 890 2053 factum
923 2013 1046 2053 esse
1078 1995 1334 2062 hominis,
1370 1993 1493 2048 audi
1528 1991 1852 2062 Apostolum
1875 1991 2145 2046 dicentem

538 2093 608 2148 de
654 2105 722 2146 eo
755 2109 768 2146 :
826 2090 927 2158 Qui
974 2106 1090 2144 cum
1122 2090 1177 2143 in
1204 2087 1376 2158 {arma
1407 2085 1506 2140 Dei
1531 2095 1659 2139 esset
1683 2084 2011 2149 constitutus,
2043 2099 2145 2138 non

538 2185 783 2254 rapinam
823 2183 1107 2236 arbitratus
1135 2189 1227 2247 est,
1269 2195 1377 2234 esse
1405 2195 1458 2232 se
1489 2178 1737 2248 mqualem
1781 2174 1910 2239 Dea,
1942 2175 2033 2230 sed
2058 2191 2141 2230 se-

540 2279 813 2348 metipsum
841 2275 1140 2335 exinanivit.
1173 2276 1396 2346 formam
1418 2273 1548 2326 serui
1579 2271 1837 2340 accipiens
1863 2267 2140 2340 (Philipp.

539 2385 598 2434 ll,
631 2371 686 2435 6,
721 2370 800 2438 7).
833 2369 888 2424 Si
914 2383 1045 2439 ergo
1075 2369 1400 2439 semetipsum
1437 2365 1738 2431 exinanioit,
1766 2366 1990 2436 formam
2013 2363 2146 2416 servi

540 2462 818 2532 accipiens,
853 2478 958 2515 non
983 2470 1206 2516 coactus
1247 2469 1350 2525 est,
1396 2458 1494 2513 sed
1542 2467 1738 2526 sponte
1783 2455 1960 2510 factus
2012 2451 2144 2526 (est)

537 2552 680 2607 ﬁlius
711 2552 980 2615 hominis,
1020 2551 1264 2606 existens
1315 2549 1372 2603 in
1399 2550 1575 2603 forma
1603 2547 1724 2612 Dei,
1757 2548 1868 2602 Deo
1894 2547 2140 2617 aqualis.

540 2643 720 2700 Habes
752 2645 912 2715 igitur
935 2644 1104 2697 ﬁliam
1126 2642 1520 2708 exprimentem
1555 2642 1606 2695 in
1634 2656 1692 2696 se
1711 2640 1869 2696 ﬁdem
1889 2639 2139 2694 hominis.

610 2734 702 2790 Ill.
744 2735 874 2790 item
906 2735 1194 2790 videamus
1229 2735 1390 2789 ﬁdem
1425 2735 1476 2788 in
1504 2749 1570 2788 eo
1594 2733 1892 2788 divinitatis
1923 2747 2146 2802 expres-

538 2842 654 2883 sam
688 2847 702 2882 z
745 2836 800 2882 et
840 2827 966 2882 licet
1001 2825 1335 2882 sufﬁcienter
1378 2839 1538 2896 supra
1567 2826 1634 2880 de
1666 2826 1769 2880 ﬁde
1799 2825 1919 2897 ejus
1945 2826 2144 2880 divini-

535 2923 664 2977 tatis
691 2933 1011 2991 espressunt
1043 2932 1127 2976 est
1149 2961 1163 2986 ,
1189 2929 1244 2976 et
1267 2920 1446 2974 adhuc
1477 2919 1586 2974 sint
1625 2920 1728 2973 alia
1760 2934 1979 2990 quoque
2009 2919 2147 2972 mul—

541 3021 592 3067 ta
622 3013 930 3082 copiosiora
955 3013 1151 3083 quibus
1181 3013 1315 3066 ﬁdes
1344 3011 1650 3066 divinitatis
1675 3019 1930 3082 apparet;
1966 3021 2146 3066 tamen

537 3108 628 3162 illa
662 3123 805 3162 nunc
829 3120 982 3163 taceo
1015 3125 1028 3162 :
1056 3107 1261 3162 sufﬁcit
1297 3109 1442 3162 enim
1479 3105 1609 3160 mihi
1643 3107 1686 3161 si
1719 3106 1739 3137 ⁵
1764 3106 1924 3161 ﬁdem
1953 3105 2149 3160 divini-

537 3203 664 3256 tdtis
699 3203 752 3256 in
779 3201 999 3256 Christo
1029 3201 1180 3256 solus
1202 3201 1420 3256 interim
1447 3209 1602 3270 pater
1641 3199 1880 3255 ostendit
1910 3200 2098 3255 dicens
2131 3216 2143 3254 :
2175 3209 2220 3278 ς

537 3295 643 3350 Hie
685 3305 760 3351 est
797 3297 935 3366 ﬁlius
981 3313 1124 3350 meus
1160 3295 1398 3362 dilectus,
1429 3289 1484 3349 in
1521 3311 1622 3365 quo
1661 3295 1785 3350 bene
1825 3295 2141 3368 complacui.

535 3389 674 3458 Quid
703 3391 814 3456 ais,
846 3389 1346 3444 hmreliceicredis
1375 3390 1494 3444 sine
1523 3389 1690 3443 dubio
1717 3387 1970 3455 Christo,
2001 3389 2144 3459 quod

535 3498 596 3538 se
637 3482 805 3537 ﬁlium
844 3482 1081 3537 hominis
1123 3481 1314 3538 fecerit
1346 3499 1358 3534 :
1395 3482 1523 3551 quid
1554 3482 1574 3512 ⁸
1600 3497 1794 3536 censes
1837 3482 1904 3536 de
1947 3481 2145 3551 patre?

535 3586 690 3632 estne
716 3575 991 3630 veridicos
1027 3576 1170 3645 apud
1205 3587 1288 3641 te,
1320 3589 1441 3628 cum
1467 3575 1744 3628 Christum
1777 3575 1946 3629 ﬁliutn
1987 3590 2143 3628 suum

534 3683 656 3723 esse
690 3667 957 3720 testatur?
991 3667 1010 3696 "
1043 3665 1112 3738 (si
1145 3666 1276 3735 non)
1308 3665 1486 3722 credis
1517 3667 1653 3734 patri
1677 3703 1690 3728 ,
1719 3681 1841 3720 cum
1866 3664 2142 3720 Christum

533 3759 704 3814 lilium
736 3774 893 3813 suum
925 3773 1048 3813 esse
1087 3767 1348 3825 testatur,
1377 3759 1486 3826 jam
1521 3757 1746 3827 majoris
1775 3758 1913 3828 apttd
1939 3767 1989 3812 te
2017 3774 2144 3812 auc-

537 3853 772 3907 toritatis
793 3860 878 3905 est
906 3851 1158 3905 Christus
1187 3875 1202 3916 ς
1235 3851 1322 3906 cui
1353 3849 1421 3904 de
1456 3849 1561 3904 ﬁde
1591 3851 1642 3904 in
1671 3847 1732 3904 'se
1761 3849 1995 3904 hominis
2019 3861 2140 3904 cre-

534 3943 654 4010 dis;
679 3951 729 3998 e‘t
762 3943 939 3998 minus
969 3944 1196 3998 idoneus
1219 3954 1303 3998 est
1327 3955 1497 4012 pater,
1519 3944 1604 3998 cui
1635 3943 1702 3998 de
1727 3944 1824 3998 lilii
1855 3945 2145 4000 testatione

534 4053 643 4092 non
668 4036 867 4092 credis.
906 4036 970 4090 Et
995 4035 1270 4106 quomodo
1295 4045 1503 4106 patrem
1537 4036 1800 4105 majorem
1831 4037 1998 4090 Deum
2025 4038 2144 4091 vin-

533 4129 722 4196 dicas,
749 4129 904 4198 cujus
930 4141 1119 4184 vocem
1142 4129 1295 4198 quasi
1326 4127 1532 4182 minimi
1563 4128 1872 4197 depretias?
1896 4130 1978 4183 vel
2007 4143 2141 4198 quo-

537 4225 699 4281 modo
727 4223 1005 4280 Christum
1032 4224 1204 4280 Deum
1232 4224 1496 4279 minorem
1528 4223 1731 4279 asset-is
1756 4257 1771 4288 ,
1804 4224 1890 4278 cui
1933 4229 2139 4279 tantum

533 4319 744 4386 credis,
777 4328 1037 4391 quantum
1082 4334 1182 4374 nec
1215 4319 1296 4385 ei,
1329 4333 1489 4389 quem
1538 4316 1799 4388 riiajorem
1842 4317 2141 4388 praedicas?

535 4410 759 4482 Magnus
803 4413 904 4467 iste
927 4413 949 4444 ⁸
989 4413 1163 4468 honor
1193 4423 1316 4469 tuus
1346 4422 1430 4468 est
1471 4428 1632 4483 quem
1670 4413 1808 4483 patri
1837 4411 2049 4478 defers,
2084 4420 2170 4466 ut.

531 4503 586 4558 ei
618 4519 724 4558 non
752 4505 943 4559 credas
968 4505 1035 4560 de
1070 4505 1180 4560 filio
1220 4521 1321 4559 suo
1368 4503 1662 4574 profitenti.
1691 4505 1795 4574 Qui
1825 4516 2001 4560 tamen
2035 4505 2137 4560 ile-

2249 1907 2386 1967 sum,
2445 1903 2647 1972 inquit,
2701 1903 2898 1956 audite.
2966 1901 3238 1974 Quidquid
3297 1918 3427 1973 ergo
3498 1902 3612 1973 jam
3661 1900 3830 1956 dixerit

2247 1995 2518 2062 Christus,
2542 1994 2843 2050 audiendus
2869 2003 2974 2050 est.
3007 1995 3077 2051 Et
3101 1997 3401 2064 videamus,
3427 1999 3473 2050 si
3507 2009 3759 2067 nusquam
3785 2009 3828 2049 se

2248 2091 2379 2147 dicit
2407 2097 2532 2147 esse
2575 2091 2745 2145 lilium
2780 2091 2909 2156 Dci,
2941 2091 2986 2147 si
3037 2099 3301 2163 ntisqttam
3337 2099 3397 2149 'se
3436 2091 3610 2148 Deum
3654 2099 3827 2162 patrem

2251 2189 2453 2244 habere
2496 2189 2800 2260 proﬁtetur.
2845 2177 3022 2260 ipsids
3056 2207 3162 2245 vox
3207 2201 3290 2247 est
3323 2209 3336 2247 :
3375 2187 3563 2245 Omnis
3608 2185 3826 2259 plantatio

2247 2287 2401 2354 quam
2431 2299 2532 2337 non
2573 2285 2826 2356 plantavit
2864 2293 3010 2353 pater
3032 2301 3173 2341 meus
3195 2328 3211 2354 ,
3233 2285 3587 2342 sradirabitur
3627 2281 3826 2358 (Matth.

2249 2391 2341 2441 xv,
2380 2378 2488 2447 i3).
2515 2377 2581 2430 Et
2606 2378 2798 2432 iterum
2830 2393 2843 2432 :
2877 2375 3099 2432 Domum
3121 2379 3283 2449 patris
3305 2381 3403 2433 mei
3428 2379 3627 2450 fecistis
3656 2380 3829 2433 domum

2250 2467 2615 2542 negotiationis
2668 2469 2866 2541 (Joan.
2907 2487 2940 2525 lt
2963 2513 2976 2537 ,
3013 2469 3077 2526 id
3100 2469 3142 2541 ).
3164 2473 3185 2504 ⁹
3215 2471 3359 2526 Alibi
3407 2487 3631 2543 quoque
3664 2487 3676 2526 :
3706 2469 3762 2524 Et
3787 2479 3827 2522 lit

2246 2561 2411 2614 credis
2440 2563 2492 2614 in
2535 2563 2645 2630 ﬁlio
2681 2560 2775 2615 Dei
2807 2561 2990 2635 (Joan.
3025 2577 3100 2629 Ix,
3132 2562 3282 2635 55)?
3317 2563 3626 2634 Numquam
3659 2575 3828 2635 prtesu-

2249 2665 2423 2710 meret
2469 2655 2656 2711 dicere
2682 2699 2696 2720 ,
2730 2654 2889 2710 Pater
2913 2669 3056 2710 meus
3076 2699 3089 2722 ,
3117 2660 3276 2725 patris
3302 2659 3400 2712 mei
3422 2700 3434 2720 ,
3457 2669 3511 2713 et
3534 2663 3588 2712 tu
3618 2656 3766 2712 credis
3787 2655 3828 2708 in

2248 2747 2358 2818 ﬁlio
2386 2745 2482 2803 Dei
2501 2792 2514 2810 ,
2549 2749 2649 2804 nisi
2676 2757 2822 2804 esset
2845 2750 3175 2805 conﬁdentia
3195 2751 3441 2813 naturm,
3477 2749 3603 2822 Quae
3627 2747 3827 2805 vindicat

2249 2840 2572 2896 Vocabulum
2616 2842 2859 2896 veritatis
2912 2844 2963 2897 in
3017 2851 3206 2912 patre,
3254 2843 3322 2898 de
3356 2845 3689 2899 conscientia
3731 2857 3828 2912 pre-

2253 2933 2384 3002 priae
2410 2935 2724 2990 nativitatis.
2746 2935 2883 3002 Quid
2906 2936 3049 2990 enim
3081 2935 3492 2992 insolenterille
3522 2938 3824 3005 loqueretur,

2255 3025 2356 3090 Qui
2389 3027 2714 3097 semetipsum
2747 3026 3036 3082 humiliavit
3069 3031 3238 3098 factus
3269 3028 3510 3082 obedieits
3544 3027 3771 3100 usquead
3795 3025 3826 3056 “

2253 3129 2467 3173 mortem
2497 3122 2686 3174 crucis.

2327 3203 2413 3266 iV.
2449 3212 2587 3268 Sunt
2613 3223 2668 3268 et
2691 3214 2796 3268 alia
2825 3215 3132 3270 testimonia
3164 3217 3389 3285 plorima
3418 3235 3430 3271 :
3458 3217 3560 3274 sed
3589 3233 3682 3273 nos
3711 3227 3827 3271 nunc

2252 3315 2359 3360 non
2408 3308 2605 3360 librum
2647 3308 2940 3362 scribimus
2976 3317 3032 3364 ut
3072 3310 3251 3364 omnia
3301 3319 3723 3383 prosequamur,
3751 3307 3824 3364 sed

2246 3411 2409 3454 causa
2459 3399 2739 3454 brevitatis
2779 3402 2965 3470 paucis
2998 3401 3326 3458 testimoniis
3367 3411 3613 3460 stllu‘rnas
3645 3401 3823 3459 claudio

2250 3507 2392 3558 mus,
2423 3499 2481 3546 ut
2514 3505 2613 3547 vox
2644 3493 2731 3547 illa
2761 3494 3021 3548 obruatur
3043 3538 3055 3558 ,
3089 3509 3209 3565 qua:
3242 3504 3401 3566 negat
3427 3489 3708 3552 Christum
3726 3507 3826 3548 esse

2249 3584 2416 3639 ﬁlium
2452 3586 2565 3638 Dei.
2595 3586 2739 3641 Sane
2760 3585 2892 3641 dicit
2923 3601 2981 3641 se
3007 3586 3260 3644 Christus
3294 3589 3460 3644 filium
3490 3595 3704 3662 quoque
3727 3600 3824 3642 esse

2250 3677 2507 3742 hominis,
2533 3694 2652 3732 cum
2679 3679 2753 3733 ait
2787 3697 2800 3732 ι
2831 3678 2899 3733 Et
2922 3673 3154 3734 videbitis
3185 3680 3350 3752 ﬁliuni
3379 3683 3607 3737 hominis
3647 3679 3821 3754 (Marc.

2251 3785 2361 3837 stv,
2395 3771 2511 3842 δὲ).
2545 3773 2628 3836 Ει,
2663 3773 2826 3840 Quem
2858 3773 3035 3827 dicunt
3060 3790 3168 3828 esse
3191 3775 3357 3844 ﬁlium
3387 3775 3612 3831 hominis
3635 3768 3818 3846 (Matth.

2249 3873 2358 3931 sivi,
2394 3859 2520 3934 t3)?
2545 3865 2657 3920 Hoc
2681 3874 2762 3920 est
2785 3868 2930 3921 enim
2955 3879 3352 3922 sacramentum
3379 3867 3500 3923 ﬁdei
3531 3869 3582 3923 in
3613 3866 3816 3928 Christo,

2247 3967 2307 4012 ut
2327 3971 2447 4013 cum
2477 3958 2626 4012 illum
2659 3958 2824 4012 ﬁlimu
2861 3959 2954 4014 Dei
2982 3973 3103 4014 esse
3130 3960 3466 4026 credideris,
3501 3960 3689 4016 credas
3712 3969 3822 4025 quo-

2245 4059 2352 4122 que
2389 4061 2442 4106 et
2477 4050 2642 4104 ﬁlium
2685 4050 2921 4106 hominis
2951 4067 3074 4107 esse
3101 4067 3224 4107 eum
3266 4038 3659 4109 laetumflilud
3693 4049 3816 4106 enim

2244 4143 2387 4215 quod
2425 4143 2568 4197 ﬁlius
2597 4144 2689 4199 Dei
2720 4155 2833 4209 est,
2868 4147 3190 4202 naturaliter
3218 4148 3492 4218 possidet;
3525 4152 3622 4204 hoc
3659 4153 3816 4201 autem

2245 4238 2385 4308 quod
2416 4237 2556 4292 ﬁlius
2589 4236 2824 4294 hominis
2856 4233 3030 4294 factus
3062 4249 3177 4304 est,
3214 4241 3255 4272 “
3285 4257 3388 4312 qua
3425 4242 3712 4297 beneﬁcius
3740 4253 3818 4290 no-

2245 4331 2326 4387 bis
2363 4331 2613 4400 prtestitit
2645 4333 2687 4364 ¹²
2719 4351 2732 4385 :
2764 4342 2818 4388 et
2850 4333 2971 4388 ideo
3008 4336 3096 4404 qui
3125 4334 3397 4389 Christum
3431 4335 3600 4391 ﬁlium
3629 4333 3717 4390 Dei
3742 4348 3816 4387 es-

2243 4438 2302 4478 se
2332 4439 2435 4477 non
2461 4421 2671 4489 credit,
2697 4424 2891 4494 impius
2918 4425 2999 4482 est
3025 4442 3039 4492 ;
3064 4425 3157 4480 sed
3176 4436 3230 4480 et
3256 4427 3344 4496 qui
3367 4426 3640 4482 Christum
3670 4423 3815 4479 lilium

2244 4515 2479 4571 hominis
2505 4532 2625 4571 esse
2656 4516 2857 4572 laetum
2881 4520 3126 4573 conﬁteri
3159 4517 3202 4551 ¹⁹
3224 4519 3565 4589 dedignatur,
3602 4521 3816 4591 ingratus

538 4610 658 4650 rum
684 4609 738 4650 et
755 4595 882 4650 alibi
913 4597 1196 4668 proﬁtetur
1212 4597 1364 4651 illum
1385 4614 1541 4651 suum
1567 4597 1736 4652 lilium
1760 4614 1902 4665 esse,
1921 4598 2137 4668 quando

2250 4622 2344 4666 est.
2375 4609 2456 4664 Tu
2489 4619 2704 4677 tamen,
2739 4612 3022 4681 lucretice,
3046 4613 3224 4669 credis
3254 4613 3397 4684 quod
3421 4615 3666 4672 Christus
3697 4613 3816 4668 filius

537 4700 659 4745 cum
715 4691 974 4757 apostolis
1013 4689 1176 4745 Petro
1216 4700 1271 4745 et
1331 4689 1534 4745 Jacobo
1586 4700 1639 4744 et
1696 4690 1904 4746 Joanne
1956 4691 2139 4745 Darni-

539 4795 639 4836 ntts
678 4782 923 4836 ascendit
955 4783 1008 4836 itt
1053 4793 1326 4850 montem,
1377 4792 1432 4838 et
1456 4785 1661 4844 refulsit
1688 4785 1846 4854 [acies
1877 4785 1988 4854 ejus
2008 4784 2156 4838 sicut'

534 4871 852 4946 sol(Matth.
887 4889 1021 4939 xvtt,
1045 4874 1122 4945 2).
1161 4875 1433 4930 Percutiat
1462 4876 1656 4932 iterum
1695 4875 1938 4930 divinum
1981 4877 2134 4930 testi-

535 4969 780 5025 monium
815 4978 922 5025 tua:
966 4969 1160 5024 frontis
1189 4971 1577 5041 impudentiam
1617 4990 1630 5026 ε
1661 4971 1728 5026 Et
1751 4989 1886 5040 ecce,
1915 4972 2092 5045 inquit

533 5065 690 5119 nubes
719 5064 894 5119 lucida
918 5061 1290 5118 inobumbracit
1321 5075 1405 5120 eos
1436 5083 1448 5119 :
1481 5075 1528 5120 et
1554 5083 1666 5120 ecce
1683 5079 1781 5120 vos:
1809 5067 1874 5122 de
1903 5067 2035 5122 nube
2057 5066 2140 5120 di-

532 5169 652 5211 cens
680 5172 699 5212 :
735 5151 842 5211 Hic
868 5163 942 5210 ett
977 5157 1118 5225 illius
1148 5167 1288 5212 meus
1327 5157 1574 5228 dilectas,
1605 5160 1658 5214 in
1698 5176 1798 5232 quo
1842 5163 1964 5216 bene
1989 5177 2134 5216 com-

606 5304 622 5332 ¹
648 5299 864 5355 Interim
881 5301 1039 5373 patri.

606 5375 628 5444 ξ
650 5373 1014 5444 Signi/icabat.

607 5443 910 5518 figor-poris,
930 5454 999 5518 et
1025 5444 1163 5501 forte
1190 5460 1459 5518 corporea.

606 5514 628 5544 ⁸
657 5515 980 5570 Exsurrexit.

609 5586 629 5615 ⁵
658 5582 796 5638 Fide
813 5589 867 5640 in
891 5585 1094 5643 Christo
1116 5588 1398 5644 divinitatis
1423 5594 1582 5648 solus.

525 5669 538 5675 ‘
610 5657 630 5686 ⁸
653 5657 845 5712 Sentis.

609 5727 629 5759 ’
647 5723 826 5781 Credis
847 5743 926 5781 ne.

609 5800 630 5833 ⁸
658 5797 956 5858 Honoratus
975 5813 1066 5860 est.

2245 4717 2459 4772 quoque
2492 4703 2727 4758 hominis
2753 4704 2926 4760 faetus
2954 4714 3072 4773 est,
3100 4717 3296 4762 etcum
3339 4705 3444 4764 hoc
3486 4710 3652 4779 ipsum
3679 4707 3740 4761 de
3767 4716 3816 4756 sc

2246 4795 2494 4851 Salvator
2521 4791 2700 4861 dicat,
2734 4811 2840 4850 non
2879 4799 3090 4853 almuis.
3117 4804 3336 4854 Atvero
3379 4814 3500 4856 cum
3528 4801 3716 4855 dixerit
3738 4809 3817 4866 pa-

2246 4899 2361 4953 ter,
2399 4887 2500 4943 llic
2533 4897 2606 4942 est
2637 4888 2778 4959 [ilius
2809 4903 2950 4944 meus
2971 4931 2985 4955 ,
3011 4901 3062 4944 et
3093 4905 3216 4945 cum
3247 4891 3449 4948 dixerit
3477 4894 3644 4959 tilias,
3676 4890 3816 4945 Pater

2244 4995 2419 5047 meus;
2447 4992 2498 5036 tu
2524 4991 2582 5035 ut
2606 4993 2694 5035 cor
2724 4981 3014 5036 Pharaonis
3041 4982 3083 5013 ¹⁸
3105 4983 3341 5039 ohduras
3361 5026 3376 5051 ,
3404 4995 3457 5040 et
3487 5001 3592 5040 non
3624 4980 3814 5040 credis?

2245 5075 2507 5146 Superest
2541 5074 2887 5144 impudentiae
2929 5073 3032 5130 tua:
3059 5117 3072 5141 ,
3116 5086 3174 5132 ut
3218 5079 3372 5149 quasi
3415 5077 3813 5134 melancholicus

2243 5175 2350 5224 non
2399 5179 2524 5223 vera
2564 5168 2930 5238 perspiciens,
2980 5175 3186 5237 patrem
3229 5177 3286 5226 et
3329 5171 3498 5228 illium
3531 5173 3676 5228 dicas
3708 5179 3812 5224 esse

2307 5315 2326 5346 ο
2365 5313 2426 5346 Fs
2450 5313 2572 5346 nliln'

2310 5315 2326 5346 ,
2511 5314 2522 5324 .
2561 5313 2572 5325 .

2650 5394 2860 5465 mortem
2883 5396 2930 5442 et
2959 5397 3173 5443 mortem
3195 5392 3381 5448 crucis.

2311 5456 2351 5486 ¹¹
2373 5455 2508 5522 Quia
2530 5456 2796 5524 bene/iiiis.

2311 5519 2500 5607 “.Qua
2536 5519 2809 5607 bene/idus
2847 5529 3014 5607 nobis
3037 5533 3304 5607 ‘prtestitit.
3348 5535 3466 5607 Alia
3502 5519 3804 5607 exemplaria

2241 5599 2463 5675 rectius,
2489 5599 2610 5675 quia
2630 5599 2892 5675 _beneﬁc_iu
2927 5599 3072 5675 nobis
3102 5607 3340 5674 prwstitit
3365 5650 3380 5675 ,
3407 5606 3510 5666 alia
3535 5599 3804 5675 νενόμιαία

2241 5650 3149 5811 teegggzgzbg‘ﬁasa;om:'
3365 5650 3380 5677 ν

2589 5758 2615 5792 α
2760 5783 2773 5796 .

2553 5757 2773 5796 nutritur.

2313 5808 2356 5842 "’
2387 5807 2711 5872 Obdtirascit.
