3998 6350
251 326 329 384 53

1667 310 1758 375 DE
1798 300 2190 372 mnstrare.

3506 319 3574 378 51

253 443 549 503 mentitos.
584 441 724 507 Non,
759 440 955 508 inquit,
990 448 1129 510 nego
1156 436 1359 501 lilium;
1386 432 1486 490 sed
1514 444 1655 504 nego
1681 442 1872 487 verum
1899 430 1955 492 Α
1981 429 2194 488 laudata
2223 431 2494 490 confessio
2523 442 2625 503 est,
2649 432 2765 492 sive
2785 448 2849 491 ex
2868 432 3125 508 peculiari
3147 430 3441 494 diiec'tione
3464 434 3582 495 Sal-
3668 499 3683 513 ι

258 540 439 595 lilium
464 556 480 592 :
506 550 643 608 ergo
667 542 726 591 et
762 533 958 590 Petrus
995 530 1120 587 ideo
1152 526 1499 585 beatitudinis
1521 538 1709 580 vocem
1747 536 1873 593 pro-

258 633 503 698 meruit,
533 631 661 702 quia
688 627 983 684 Christum.
1002 639 1188 681 verum
1228 622 1395 677 lilium
1422 630 1674 677 essenon
1699 615 1877 673 credi-

257 726 367 793 dit,
393 726 529 782 licet
555 723 724 793 ﬁliam
748 719 846 774 Dei
868 720 962 775 vivi
987 720 1057 774 sit
1075 716 1376 773 confessus.
1402 714 1651 784 Magnum
1687 724 1877 767 revera

257 820 539 877 confessas
572 813 701 872 ﬁdei
730 820 1133 869 sacramentum
1155 816 1241 864 est
1269 809 1321 862 in
1350 805 1498 862 Petri
1521 803 1875 869 conscientia,

262 925 329 971 ut
357 930 485 971 cum
517 911 677 967 labiis
715 908 899 974 dicat,
926 905 1002 961 ἰἰι
1041 921 1094 960 es
1138 901 1412 963 Christus,
1453 901 1595 971 [ilius
1632 898 1730 954 Dei
1780 897 1879 952 vivi

266 1010 288 1082 (
312 1004 505 1064 Hattlt.
530 1019 645 1066 avt,
677 1000 805 1074 l6),
832 1004 885 1055 in
904 996 1068 1054 corde
1097 1004 1277 1050 tamen
1307 993 1507 1049 habeat
1533 1034 1549 1057 ,
1590 989 1733 1062 quod
1772 1004 1880 1044 non

264 1104 342 1159 sit
363 1117 512 1157 uerus
532 1098 677 1169 ﬁlius
700 1094 797 1150 Dei
820 1094 939 1149 rivi.
972 1091 1090 1163 Ego
1117 1092 1280 1144 homo
1304 1102 1423 1143 sum
1448 1104 1464 1140 :
1495 1087 1659 1147 verba
1687 1086 1880 1152 audio,

267 1194 441 1251 verba
479 1189 763 1261 intel1igo,
792 1185 1292 1256 interpretationem
1322 1184 1539 1237 tacitam
1571 1179 1750 1233 cordis
1789 1192 1886 1232 au-

267 1288 391 1345 dire
414 1300 522 1343 nou
551 1296 793 1354 possum.
817 1279 1092 1335 Christum
1119 1276 1287 1345 ﬁlium
1309 1273 1441 1329 dixit
1466 1271 1563 1327 Dei
1590 1272 1688 1325 vivi
1717 1285 1737 1325 :
1783 1270 1887 1325 nisi

271 1391 330 1438 et
378 1380 702 1451 adoptivum
747 1372 1052 1444 adiecerit,
1085 1383 1189 1439 ego
1238 1366 1385 1421 aliud
1426 1364 1557 1419 nihil
1609 1362 1886 1433 intelligo,

274 1490 439 1546 quam
486 1470 633 1543 quod
681 1477 737 1525 et
793 1465 1056 1535 loquitur.
1088 1460 1295 1516 Viderit
1333 1459 1376 1514 si
1421 1455 1706 1519 Christus,
1739 1454 1757 1486 ⁸
1784 1468 1889 1524 qua

280 1545 552 1625 Dominus
592 1573 647 1619 et
676 1561 822 1616 Deus
852 1572 950 1614 cor
982 1553 1178 1625 aspicit
1213 1569 1228 1606 :
1258 1551 1388 1607 mihi
1413 1559 1596 1604 tamen
1632 1549 1721 1618 qui
1746 1545 1894 1601 auri-

282 1661 387 1717 bus
415 1665 630 1714 tantum
661 1653 847 1717 audio,
878 1648 1068 1706 debuit
1095 1647 1257 1703 etiam
1286 1660 1383 1715 per
1412 1658 1600 1698 vocem
1627 1640 1741 1695 lieri
1772 1654 1898 1695 cor-

284 1755 372 1812 dis
391 1754 519 1823 ejus
540 1746 825 1805 manifesta
853 1742 1125 1799 confessio
1149 1782 1166 1808 ,
1196 1750 1416 1810 propter
1434 1751 1596 1807 quem
1624 1745 1680 1789 et
1703 1734 1899 1788 Petrus

1978 526 2203 593 vatoris,
2236 526 2259 557 ⁸
2285 540 2388 599 qua
2418 527 2492 584 ita
2533 536 2653 584 erat
2679 528 2730 585 ei
2778 531 3086 601 proximus,
3114 538 3171 587 ut
3209 531 3372 587 etiam
3416 546 3581 603 supra

1982 628 2168 687 peetus
2194 620 2311 691 ejus
2346 620 2689 678 recumberet
2713 620 2894 695 (Joan.
2912 640 3030 693 xm,
3061 624 3179 695 23).
3206 624 3228 658 '
3256 623 3577 691 Videamus,

1983 712 2112 782 quid
2145 712 2360 771 haerens
2390 714 2599 786 pectori
2640 716 2759 787 ejus
2787 718 3047 774 hauserit.
3088 714 3258 773 Deum
3284 736 3430 774 nemo
3455 717 3591 774 vidit

1984 822 2254 877 umquam,
2285 808 2387 862 nisi
2428 809 2720 881 unigenitus
2757 811 2898 880 ﬁlius
2933 812 3021 883 qui
3054 821 3129 868 est
3177 812 3233 867 in
3267 812 3383 867 sinu
3420 810 3585 885 patris

1989 897 2172 969 (loqu.
2202 912 2242 966 ι,
2280 902 2388 972 i8).
2407 901 2562 957 Nulla
2597 910 2844 958 creatura
2872 904 3018 960 videt
3056 904 3222 960 Deum
3241 947 3256 972 ,
3281 903 3584 960 secundum

1988 993 2090 1046 hoc
2136 993 2280 1063 quod
2328 994 2465 1049 Deus
2499 1003 2611 1060 est;
2644 1004 2697 1050 et
2736 994 2858 1050 ideo
2887 997 2961 1050 ait
2990 1015 3004 1052 :
3031 994 3242 1068 (Deum)
3276 1014 3423 1051 nemo
3462 995 3588 1051 vidit

1988 1102 2253 1156 umquam.
2280 1086 2387 1143 Sed
2417 1089 2681 1157 sequitur,
2705 1096 2760 1143 et
2785 1087 2919 1143 dicit
2950 1107 2962 1142 :
2990 1090 3091 1144 nisi
3117 1090 3406 1162 unigenitus
3425 1090 3589 1161 ﬁlius:

1989 1194 2120 1251 ergo
2159 1179 2469 1251 unigenitus
2515 1180 2659 1237 illius
2708 1198 2813 1237 non
2859 1190 2944 1238 est
2985 1193 3257 1252 creatura,
3284 1184 3374 1255 qui
3420 1184 3587 1239 Deum

1992 1273 2138 1329 videt
2165 1290 2324 1344 quem
2356 1274 2499 1329 nulla
2523 1274 2655 1330 vidit
2688 1284 2960 1332 creatura.
3004 1276 3073 1333 Et
3113 1293 3179 1332 ne
3210 1276 3349 1334 forte
3374 1293 3540 1333 unum
3570 1274 3591 1307 ⁸

1993 1382 2117 1422 eum
2150 1366 2219 1424 de
2264 1366 2535 1439 adoptivis
2574 1366 2702 1424 illiis
2745 1368 3033 1433 crederes,
3066 1369 3363 1440 amputavit
3404 1381 3597 1425 sensus

1998 1461 2145 1532 impii
2171 1463 2536 1528 oetasionem,
2566 1476 2686 1518 cum
2718 1478 2842 1519 eum
2879 1462 3015 1517 dixit
3045 1479 3152 1518 non
3175 1462 3349 1518 solum
3381 1462 3548 1517 lilium
3579 1500 3596 1526 ,

1998 1554 2094 1609 sed
2123 1555 2286 1609 etiam
2322 1555 2663 1626 unigenitum
2706 1554 2896 1610 lilium.
2932 1552 3045 1610 Hoc
3076 1566 3272 1610 nomen
3302 1568 3409 1609 non
3436 1550 3602 1608 habet

1999 1650 2179 1704 socios
2210 1668 2224 1703 :
2262 1662 2314 1704 et
2342 1649 2470 1704 licet
2497 1649 2745 1704 dicantur
2773 1649 2863 1703 alii
2895 1648 3025 1715 lilii;
3057 1648 3351 1718 adoptione
3374 1655 3552 1701 tamen
3586 1686 3601 1709 ,

2004 1758 2109 1796 non
2155 1750 2344 1796 natura
2375 1751 2501 1797 sunt
2534 1740 2647 1796 lilii.
2683 1741 2792 1799 Sed
2830 1741 3079 1798 Christus
3114 1740 3266 1797 solus
3296 1737 3606 1807 unigenitus

293 1850 661 1916 interrogatur
692 1860 707 1896 :
736 1852 843 1898 non
865 1840 1012 1895 enim
1042 1836 1145 1892 sibi
1173 1836 1276 1890 soli
1303 1833 1493 1888 Petrus
1530 1831 1895 1895 interrogatus
1926 1836 1973 1901 Β
2002 1833 2143 1889 unus
2172 1845 2276 1899 ρει,
2304 1834 2427 1905 quia
2455 1835 2607 1890 solus
2634 1850 2794 1891 verus
2826 1833 2968 1890 ("ius
2991 1842 3077 1889 εει
3103 1875 3119 1901 ν
3152 1848 3259 1889 non
3281 1831 3603 1904 Μιθριίοηῇ

305 1949 425 2006 est,
448 1940 549 1996 sed
582 1946 638 1994 et
663 1935 909 1993 omnibus
937 1932 1147 2003 (nobis)
1171 1942 1188 1995 ς
1212 1934 1271 1984 ιιι
1297 1942 1421 1983 cum
1460 1925 1550 1980 ille
1586 1923 1654 1977 de
1682 1920 1905 1977 Christo

306 2034 451 2089 bene
500 2032 813 2093 conﬁtetur,
861 2036 918 2082 et
966 2038 1065 2079 nos
1109 2021 1361 2079 similiter
1402 2016 1738 2073 disceremus
1786 2010 1908 2084 pari

300 2121 656 2179 confessione
672 2120 738 2174 ad
764 2117 1149 2175 beatitudinem
1167 2115 1473 2185 pervenire.
1505 2112 1572 2166 Et
1602 2111 1810 2165 interea
1828 2104 1912 2162 vi-

297 2215 535 2272 deamus
570 2215 593 2246 ²
628 2212 676 2268 si
725 2213 886 2284 digne
940 2210 1135 2266 Petrus
1178 2205 1526 2263 beatitudinis
1576 2202 1908 2275 praeconium

295 2306 693 2377 consequitur,
725 2304 953 2361 credens
994 2303 1048 2358 in
1087 2301 1253 2358 corde
1295 2299 1438 2368 quod
1485 2313 1595 2353 non
1637 2296 1711 2351 sit
1750 2306 1912 2351 verus

301 2398 522 2475 (illius),
546 2398 647 2455 sed
667 2400 960 2469 adeptivns
999 2413 1012 2450 :
1045 2395 1095 2450 si
1121 2394 1283 2466 digna
1313 2394 1429 2448 haec
1448 2390 1620 2463 patris
1650 2388 1914 2444 revelatio

304 2505 414 2560 est,
443 2504 500 2550 et
525 2508 632 2551 non
668 2494 846 2564 potius
872 2492 1057 2547 carnis
1074 2496 1131 2546 et
1168 2487 1470 2559 sanguinis.
1503 2483 1727 2539 Plurimi
1764 2488 1916 2537 certe

307 2590 607 2660 adoptione
626 2596 755 2642 sunt
779 2586 874 2640 lilii
907 2585 1045 2639 Dei:
1072 2593 1128 2638 et
1152 2598 1257 2636 non
1288 2580 1465 2635 solum
1490 2575 1758 2633 Jeremias
1783 2616 1797 2639 ,
1825 2574 1917 2645 qui

308 2683 493 2738 adhuc
521 2697 645 2737 cuin
676 2688 825 2736 esset
864 2681 917 2733 itt
952 2677 1113 2731 vulva
1157 2674 1377 2738 matris,
1427 2670 1794 2727 sanetiiicatus
1836 2674 1923 2723 est

309 2775 532 2848 (lerant.
558 2792 596 2839 t,
620 2773 679 2846 5)
708 2790 724 2840 ;
770 2787 946 2845 neque
988 2772 1138 2826 solus
1163 2769 1403 2825 Joannes
1440 2768 1711 2839 Baptista,
1744 2763 1835 2833 qui
1866 2764 1919 2818 in

311 2879 474 2926 utero
502 2874 691 2923 matris
716 2865 895 2921 infans
921 2863 1211 2921 exsultavit
1238 2862 1292 2917 in
1324 2860 1515 2932 spiritu
1541 2858 1694 2932 (Luc.
1722 2872 1761 2921 ι,
1785 2854 1878 2930 44)
1904 2874 1919 2912 :

314 2964 414 3021 sed
441 2978 623 3034 neque
648 2962 798 3017 solus
829 2961 1000 3027 Elias,
1029 2960 1121 3031 qui
1146 2968 1377 3012 mortem
1406 2956 1579 3010 adhuc
1609 2968 1780 3022 usque
1803 2964 1924 3022 pas-

315 3074 416 3115 sus
444 3062 552 3111 non
576 3066 685 3121 est,
718 3055 801 3110 vel
823 3055 1054 3126 quilibet
1076 3068 1141 3106 es
1170 3065 1398 3105 omnem
1423 3050 1825 3118 prophetarum,
1856 3056 1924 3099 es

316 3152 522 3225 quibus
579 3164 757 3217 unus,
784 3159 845 3205 ιιι
881 3146 936 3202 in
975 3144 1269 3216 Evangelio
1297 3144 1524 3198 relatum
1571 3148 1657 3195 est
1697 3134 1924 3210 (Matth.

320 3260 442 3311 xvr,
478 3243 607 3314 14),
645 3242 936 3314 putabatur
983 3241 1274 3295 Christus:
1330 3236 1423 3290 sed
1463 3234 1531 3288 ad
1574 3232 1679 3287 hoc
1728 3243 1925 3286 nomen
1956 3232 1996 3295 (ἶ

320 3336 669 3407 adoptionis,
696 3333 1010 3389 meretrices
1050 3338 1109 3386 et
1137 3327 1407 3400 publicani
1431 3368 1445 3391 ,
1471 3326 1722 3396 quamvis
1747 3336 1932 3377 emen-

324 3432 549 3488 datione
576 3430 597 3461 ³
627 3437 924 3484 venerunt.
974 3423 1044 3480 Et
1084 3438 1153 3479 ne
1197 3422 1319 3493 quis
1359 3437 1448 3476 me
1493 3428 1648 3490 putet
1682 3416 1932 3489 blasphe-

327 3540 509 3592 mare,
539 3523 723 3579 audiat
748 3524 803 3577 itt
841 3519 1136 3591 Evangeiio
1164 3516 1271 3573 dici
1307 3535 1321 3572 :
1356 3515 1656 3571 Meretrices
1684 3523 1732 3567 et
1761 3510 1935 3584 publi-

329 3620 452 3675 cani
470 3618 763 3691 prandent
790 3631 876 3669 vos
902 3615 955 3669 in
976 3627 1133 3685 regno
1163 3612 1407 3673 ctelorum
1426 3606 1639 3681 (Matth.
1672 3621 1782 3671 xxv,
1817 3605 1934 3672 51),

334 3714 429 3770 ubi
459 3729 564 3768 non
596 3710 703 3766 nisi
726 3710 819 3764 lilii
847 3706 1155 3777 adeptionis
1182 3698 1329 3761 sunt.
1354 3702 1487 3757 Cum
1516 3712 1647 3769 ergo
1668 3713 1770 3754 nec
1801 3698 1942 3751 blas-

333 3806 552 3879 phemis
578 3818 680 3859 nec
708 3800 956 3872 turpibus
982 3797 1293 3869 adoptionis
1327 3794 1501 3866 gratia
1532 3793 1833 3863 denegatur
1854 3832 1868 3857 ,
1896 3790 1942 3845 si

332 3898 615 3969 corrigunt
640 3911 732 3951 se:
758 3895 861 3949 hoc
892 3909 989 3963 pro
1019 3907 1215 3960 magno
1234 3896 1577 3944 sacramento
1598 3886 1758 3942 Pater
1784 3885 1945 3940 Petro

337 3993 608 4051 revelavit
629 4032 647 4059 ,
678 3988 821 4060 quod
852 3986 1066 4042 scilicet
1096 3972 1255 4039 illius
1295 3981 1512 4051 quidem
1547 3980 1643 4035 Dei
1671 3978 1777 4033 vivi
1826 3987 1943 4045 est,

336 4089 444 4146 sed
481 4085 777 4157 adoptione
808 4081 1023 4151 potius,
1056 4085 1114 4134 et
1151 4093 1257 4132 non
1290 4075 1611 4137 nativitate,
1642 4084 1701 4127 et
1742 4079 1947 4125 tantum

342 4182 573 4240 nomine
595 4216 612 4244 ,
638 4193 751 4235 non
779 4176 946 4231 etiam
986 4180 1044 4229 et
1084 4171 1320 4227 nominis
1349 4166 1621 4225 veritate?
1663 4165 1831 4221 Plane
1861 4165 1951 4235 qui

348 4277 458 4334 hoc
479 4273 686 4337 credit,
715 4285 823 4326 non
865 4269 1056 4323 beatus
1085 4265 1178 4320 ille
1205 4271 1323 4329 est,
1349 4262 1445 4318 sed
1473 4260 1811 4317 miserrimus
1836 4270 1957 4314 om-

349 4373 506 4427 nittm
560 4366 862 4431 hominum,
910 4360 1116 4417 habens
1161 4373 1269 4413 non
1306 4357 1483 4411 Solum
1536 4353 1957 4422 intelligentiam

346 4465 554 4525 carnis
582 4473 640 4521 et
672 4459 987 4532 sanguinis,
1016 4470 1205 4513 verum
1246 4455 1413 4510 etiam
1456 4461 1511 4507 et
1557 4452 1807 4522 spiritum
1843 4450 1960 4504 dia-

354 4558 498 4617 boli.
524 4556 634 4616 Sed
660 4569 866 4625 qureso,
890 4552 1118 4625 Regina,
1146 4549 1349 4606 sentias
1366 4584 1380 4612 ,
1407 4545 1550 4618 quod
1581 4547 1745 4600 multa
1773 4544 1826 4598 in
1858 4543 1961 4597 hoc

354 4654 482 4709 loco
508 4650 630 4706 ‘dici
672 4656 1098 4737 poterantnqute
1144 4643 1211 4698 ad
1261 4638 1647 4711 consequentia
1698 4637 1958 4692 festinans
1990 4631 2039 4690 D

356 4739 911 4819 {intereunt-edens
952 4728 1092 4809 quod
1134 4736 1259 4791 data
1306 4733 1627 4794 occasione,
1654 4728 1808 4799 quasi
1854 4742 1957 4782 una

355 4841 431 4898 de
454 4836 872 4910 sapientissimis
894 4834 1014 4906 plus
1041 4834 1218 4904 possis
1246 4828 1449 4884 sentire
1470 4841 1631 4899 quam
1660 4823 1958 4895 loquimur,

357 4934 664 4992 secundum
696 4927 1020 4987 sententiam
1063 4923 1371 4982 Salomonis
1407 4939 1419 4975 :
1457 4920 1536 4975 Da
1563 4919 1783 4990 sapienti
1814 4932 1965 4972 acca-

360 5030 583 5089 simiit.
611 5035 661 5082 et
684 5024 964 5096 sapientior
985 5022 1080 5075 erit
1109 5000 1294 5092 (Prov.
1322 5030 1397 5079 is,
1422 5013 1503 5085 9).

438 5120 507 5177 Ἴ.
539 5119 665 5174 Ilaec
709 5121 921 5179 vestra,
955 5110 1177 5172 Ariani;
1207 5108 1610 5167 doctrina‘est,
1642 5102 1758 5156 inec
1785 5106 1967 5156 vestra

364 5209 751 5283 interpretatio
797 5205 1117 5277 singularis,
1160 5202 1267 5256 hoc
1307 5208 1578 5253 secretum
1613 5194 1736 5249 lidei
1778 5202 1972 5246 vestra:

372 5304 691 5379 mysterium
723 5320 737 5356 :
771 5300 1103 5371 Adnptioue,
1136 5296 1341 5366 inquit,
1370 5289 1619 5346 Christus
1665 5296 1748 5343 est
1790 5284 1931 5340 illius
1956 5320 1972 5351 ,

372 5412 433 5457 et
458 5404 563 5455 non
588 5410 755 5454 verus
778 5394 943 5449 illius.
970 5391 1372 5460 interrogemus
1388 5394 1444 5440 et
1462 5383 1724 5439 Joannem
1760 5398 1775 5436 :
1802 5386 1980 5449 potest

368 5504 427 5554 et
461 5497 546 5551 hic
567 5506 758 5550 verum
788 5487 1045 5545 didicisse
1070 5526 1086 5551 ,
1108 5486 1225 5541 sive
1253 5483 1378 5554 quia
1407 5476 1654 5535 interfuit
1679 5490 1802 5534 cum
1833 5474 1979 5531 Petri

450 5639 469 5672 ί
492 5636 677 5699 Forte,
704 5630 921 5696 scilicet,
951 5641 1069 5697 quo.

454 5712 474 5743 ¹
496 5708 684 5772 Forte,
714 5699 845 5772 Sed.
907 5716 914 5729 ·

455 5779 479 5814 ⁸
499 5738 918 5862 ἓέξξιῦῖιῦῖᾶξιω
946 5769 1002 5825 in
1028 5765 1203 5824 Paris.
1235 5760 1492 5821 Faustino
1515 5759 1735 5817 omissa.

458 5852 662 5926 ,φη

2006 1930 2102 1985 sed
2127 1938 2337 1995 natura,
2360 1944 2464 1983 non
2496 1929 2896 2000 nuncupatione
2925 1926 3156 1995 tantum,
3177 1928 3272 1984 sed
3300 1930 3358 1983 et
3374 1939 3606 1999 genere:

2009 2022 2159 2077 solus
2181 2013 2450 2093 (inquam)
2483 2038 2645 2079 verus
2677 2022 2821 2079 illius
2850 2028 2955 2083 est.
2987 2023 3074 2092 qui
3095 2023 3260 2077 etiam
3286 2023 3340 2076 in
3366 2020 3483 2075 sinu
3514 2035 3612 2091 pa-

2010 2118 2106 2172 tris
2135 2122 2228 2171 ρει.
2266 2115 2385 2173 Filii
2410 2114 2651 2187 adeptivi
2683 2117 2737 2171 in
2768 2116 2893 2172 sinu
2933 2110 3166 2171 Abrahze
3197 2122 3324 2171 sunt
3352 2131 3365 2169 :
3394 2112 3484 2184 qui
3519 2127 3616 2167 au-

2012 2218 2120 2265 tem
2145 2206 2478 2265 verusviilids
2523 2216 2624 2277 est,
2659 2214 2717 2265 et
2754 2209 3052 2281 unigenitu's
3088 2208 3231 2278 ﬁlius
3260 2214 3365 2271 est,
3395 2206 3450 2261 in
3496 2205 3615 2259 sinu

2014 2303 2178 2374 patris
2203 2310 2295 2355 est.
2320 2300 2565 2372 lnteilige
2588 2306 2765 2356 tamen
2792 2311 2847 2357 et
2871 2302 2922 2356 in
2952 2301 3054 2357 hoc
3076 2298 3494 2373 inseparabilem
3523 2311 3618 2368 pa-

2019 2405 2188 2450 terna:
2231 2390 2548 2449 substantiae
2577 2392 2777 2461 iiltitm,
2801 2392 2943 2465 quod
2975 2393 3029 2448 iu
3071 2394 3192 2448 sinu
3224 2390 3385 2460 patris
3418 2389 3619 2445 dicitur

2018 2501 2163 2542 esse.
2196 2482 2327 2541 ltcm
2360 2484 2591 2556 legimus
2622 2503 2635 2538 :
2667 2485 2759 2541 Sic
2786 2486 2919 2540 enim
2946 2485 3131 2540 dilexit
3170 2484 3417 2539 mundum
3441 2478 3579 2537 Deus
3601 2522 3619 2549 ,

2020 2591 2075 2634 ut
2105 2580 2270 2649 ﬁlium
2309 2592 2459 2633 suum.
2484 2579 2800 2650 unigenitum
2831 2580 2975 2634 daret
3004 2594 3022 2633 :
3050 2587 3104 2633 ut
3139 2577 3304 2632 omnis
3344 2576 3433 2649 qui
3460 2564 3625 2630 credii

2020 2673 2075 2726 in
2102 2690 2240 2738 cum,
2269 2688 2371 2727 non
2423 2681 2617 2740 pereat,
2649 2668 2740 2726 sed
2767 2672 2948 2725 habeat
2971 2673 3125 2725 vitam
3149 2681 3393 2727 teleruam
3419 2668 3438 2742 (
3460 2666 3621 2723 Joan.
3712 2736 3722 2744 .

2024 2780 2105 2829 tn,
2126 2764 2235 2836 l6).
2256 2762 2373 2819 Non
2400 2764 2581 2830 video,
2609 2763 2882 2834 quomodo
2910 2759 3129 2817 dilectio
3160 2761 3252 2816 Dei
3278 2750 3626 2816 commende-

2027 2870 2113 2914 tur
2142 2858 2207 2914 ad
2240 2860 2520 2919 tuundum,
2548 2859 2595 2914 si
2624 2874 2729 2913 non
2757 2870 2917 2914 verus
2938 2856 2991 2912 ei
3020 2856 3330 2928 unigeniitls
3354 2864 3440 2910 est
3461 2855 3623 2922 illius,

2027 2968 2175 3026 quem
2202 2954 2338 3007 drdit
2362 2968 2457 3026 pro
2480 2954 2659 3007 mundi
2687 2952 3049 3024 redemptione.
3074 2948 3302 3007 Mundus
3324 2951 3442 3006 sine
3461 2944 3630 3005 dubio

2030 3058 2274 3103 creatura
2305 3056 2418 3115 est;
2453 3048 2497 3102 si
2530 3046 2778 3101 Chrisws
2823 3055 3067 3101 creatura
3097 3054 3179 3101 est
3199 3087 3213 3109 ,
3242 3042 3370 3114 quid
3402 3034 3633 3099 contulit

2032 3139 2257 3205 mundo,
2289 3138 2425 3195 dans
2478 3154 2575 3210 pro
2610 3149 2855 3194 creatura
2885 3138 3232 3194 creaIUram't
3255 3136 3445 3192 Omnis
3474 3148 3631 3190 crea-

2034 3242 2151 3286 tura
2180 3232 2362 3287 servili
2385 3230 2691 3286 conditione
2722 3240 2973 3286 censetur
3008 3248 3020 3283 :
3045 3228 3089 3284 si
3110 3226 3360 3285 Christus
3384 3220 3635 3282 creaturi

2035 3333 2140 3389 (εει,
2184 3336 2372 3378 servus
2402 3332 2485 3378 est
2519 3322 2830 3394 :quomodo
2851 3323 2871 3353 '
2903 3319 3137 3376 redemit
3174 3320 3240 3375 ad
3282 3314 3588 3374 libertatem
3614 3357 3633 3385 ,

2036 3432 2158 3472 eum
2188 3430 2377 3471 servus
2403 3414 2550 3469 nullo
2571 3413 2693 3485 jure
2715 3413 2884 3483 possit
2917 3412 3166 3469 conferre
3193 3408 3498 3466 libertatem
3525 3409 3550 3463 l
3583 3402 3640 3465 et

2041 3520 2219 3565 tamen
2253 3508 2523 3565 Abraham
2541 3550 2556 3573 ,
2588 3516 2645 3564 ut
2670 3506 3077 3564 commendaret
3101 3504 3446 3562 dilectionem
3474 3508 3637 3576 quani

2043 3602 2275 3658 habebat
2295 3602 2361 3657 ad
2396 3602 2590 3665 Deum,
2615 3602 2894 3674 proprium
2922 3610 2976 3656 et
3003 3602 3190 3654 verum
3216 3595 3555 3668 unigenitum
3584 3582 3645 3652 ei

2043 3698 2454 3752 dilectissimum
2481 3694 2650 3751 lilium
2674 3694 2867 3750 obtulit
2889 3696 2941 3749 in
2965 3691 3365 3757 holocaustum,
3388 3690 3511 3745 eum
3539 3686 3645 3743 hoc

2047 3794 2222 3863 ipsum
2252 3790 2396 3846 Dens
2424 3786 2491 3844 ad
2530 3788 2870 3860 probandum
2908 3787 3117 3843 eunetis
3141 3785 3261 3858 ejus
3296 3782 3351 3839 in
3392 3798 3452 3839 se
3476 3780 3648 3837 dilec-

2048 3886 2250 3938 tionem
2275 3883 2388 3938 iieri
2408 3883 2774 3953 praecepisset.
2792 3880 2859 3936 Et
2883 3888 2936 3935 tu
2963 3878 3122 3946 dicis,
3148 3878 3333 3949 impie,
3357 3877 3479 3947 quia
3502 3870 3647 3931 Deus

2050 3976 2240 4032 volens
2270 3966 2656 4031 commendare
2684 3973 3026 4029 dilectionem
3076 3986 3230 4026 suam
3271 3967 3504 4033 mundo,
3537 3978 3649 4022 non

2054 4070 2241 4126 habuit
2273 4084 2457 4124 verum
2490 4067 2658 4122 lilium
2690 4080 2851 4138 quem
2878 4065 3053 4130 daret,
3081 4060 3175 4119 sed
3200 4064 3327 4117 lisus
3346 4068 3429 4116 est
3462 4070 3650 4114 neces-

2057 4166 2239 4231 sitate,
2271 4180 2425 4220 more
2454 4163 2717 4219 stet-ilium
2743 4204 2759 4229 ,
2792 4170 2846 4217 ut
2868 4205 2883 4229 ,
2918 4160 3039 4230 quia
3072 4172 3256 4212 verum
3299 4155 3368 4211 de
3406 4166 3465 4209 se
3503 4151 3657 4223 geni-

2058 4268 2171 4315 tum
2217 4258 2250 4313 11
2276 4259 2383 4313 ium
2429 4272 2534 4312 non
2578 4254 2766 4311 habuit
2805 4269 2902 4325 per
2946 4260 3190 4307 naturam
3216 4289 3233 4317 ,
3265 4247 3351 4302 vel
3381 4256 3448 4301 ex
3484 4241 3659 4300 nihilo

2061 4353 2257 4408 factum
2285 4352 2345 4407 (1.1
2358 4349 2477 4406 ret?

2133 4446 2223 4503 Vl.
2271 4445 2395 4507 llic,
2456 4442 2640 4512 impie,
2673 4437 2874 4511 (ergo)
2920 4436 3126 4509 majore
3173 4432 3371 4489 virtute
3414 4426 3663 4487 1111812110-

2065 4554 2188 4594 nem
2229 4535 2627 4591 commendavit
2670 4531 2967 4596 Abraham,
2998 4528 3274 4600 proprium
3315 4530 3373 4582 et
3410 4516 3662 4593 unigeni-

2066 4643 2176 4687 tum
2209 4629 2378 4685 iilinm
2405 4629 2662 4694 oiTereus,
2689 4642 2848 4698 quam
2885 4625 3025 4680 Deos
3056 4623 3146 4694 qui
3180 4637 3286 4677 non
3319 4616 3506 4674 llaboii
3539 4618 3667 4689 prb-

2065 4728 2241 4797 priutn
2264 4768 2278 4789 ,
2307 4728 2640 4794 neque‘tere
2672 4719 3007 4790 nulgenitttlli
3048 4712 3215 4771 dedit.
3251 4708 3319 4769 El
3343 4714 3444 4777 est,
3473 4714 3494 4743 ⁸
3522 4709 3671 4781 quod

2072 4824 2200 4878 velit
2223 4821 2369 4876 Deus
2396 4824 2721 4889 magnopere
2743 4810 3125 4869 commendare
3146 4826 3159 4863 :
3183 4817 3235 4863 et
3261 4805 3488 4863 inferius
3514 4801 3670 4875 (uolt)

2071 4912 2457 4974 commendat,
2492 4888 2637 4965 ﬁcum
2690 4902 3154 4962 contntt-ndaverit
3200 4898 3384 4954 homo.
3454 4895 3521 4949 Et
3579 4888 3673 4949 ille

2076 5010 2217 5063 Deus
2243 5020 2404 5077 quem
2443 5004 2699 5074 majorem
2729 4999 3010 5070 przt'tliCaS,
3043 4995 3221 5049 minor
3254 5002 3336 5047 est
3367 4983 3677 5043 homiueiil

2077 5098 2503 5155 conmwndztnda
2532 5094 2820 5150 dilectione
2854 5110 2866 5146 :
2904 5092 3085 5145 minus
3105 5088 3248 5143 enim
3276 5078 3678 5139 commendarit

2079 5194 2450 5254 dileCtionem,
2475 5190 2519 5243 si
2551 5202 2656 5242 non
2682 5196 2865 5241 verum
2898 5191 2949 5238 el
2977 5178 3309 5250 unigenitum
3338 5175 3503 5228 lilium
3528 5158 3681 5254 dedit

2083 5302 2180 5357 pro
2207 5283 2394 5341 mundi
2426 5250 2719 5336 dilectione
2748 5295 2760 5331 :
2796 5284 2850 5330 et
2878 5272 3150 5330 Abraham
3182 5269 3302 5339 plus
3330 5250 3680 5320 cttmmeudas

2082 5353 2191 5448 vit,
2228 5378 2317 5450 qui
2349 5376 2627 5449 proprium
2673 5376 2727 5426 et
2770 5368 3106 5439 unigenitum
3134 5360 3345 5417 obtulit.
3390 5355 3495 5414 Sed
3540 5353 3686 5410 absit

2085 5445 2203 5528 htee
2230 5445 2499 5540 impietas,
2532 5474 2593 5520 ut
2622 5462 2705 5518 vel
2734 5464 2787 5517 in
2811 5457 3101 5518 dilectione
3129 5446 3555 5509 eomniendanda
3584 5445 3687 5503 mi-

2159 5611 2180 5642 ⁵
2218 5608 2432 5662 Videtis.

2163 5682 2185 5713 ⁸
2216 5679 2406 5734 Deum.

2167 5753 2188 5784 "
2214 5748 2461 5806 Redimit.

2182 5825 2204 5855 ⁸
2230 5820 2541 5891 Quidquam.
