3998 6350
367 222 436 279 55
1621 215 1941 274 FAUS'I‘INI
1985 215 2416 275 l’RESBYTEIlI
3658 225 3737 279 53

365 356 465 396 nor
503 341 574 397 sit
613 339 758 396 Deus
783 381 797 406 ,
825 339 914 410 qui
953 346 1036 393 est
1075 351 1172 408 per
1201 335 1382 391 omnia
1414 330 1807 390 inmstimabilis
1838 349 1853 385 :
1885 347 1977 387 ve-
2004 337 2054 395 Α
2082 343 2190 398 est,
2222 344 2278 390 et
2323 344 2600 406 postremo
2658 351 2754 408 per
2776 338 2958 394 omnia
2980 382 2994 407 ,
3053 340 3350 398 secundum
3381 341 3512 398 hoc
3563 337 3735 410 quod

366 449 487 488 rum
524 433 669 488 enim
701 441 755 488 et
786 431 1118 500 unigenitum
1150 428 1316 483 ﬁlium
1341 425 1520 493 dedit,
1552 423 1785 495 diligens
1813 440 1972 478 mun-
2077 425 2216 480 Deus
2243 435 2355 494 est,
2389 428 2652 499 mqualem
2683 431 2732 485 ei
2761 432 2853 501 qui
2880 448 3003 486 eum
3029 433 3234 503 genuit.
3264 433 3434 491 Vides
3471 433 3737 504 qualern

368 529 520 584 dum.
575 528 688 583 Hoc
718 529 734 559 ⁸
760 527 900 582 enim
935 526 1134 580 Paulus
1165 539 1259 578 vas
1295 522 1578 576 electionis
1611 521 1924 589 exsequitur
1953 561 1968 584 ,

2100 518 2222 574 Iedit
2278 519 2445 575 ﬁlium
2523 531 2690 587 pater.
2722 523 2860 580 ECre
2888 524 2998 594 jum
3043 525 3187 583 Deus
3228 527 3742 582 inu‘SIimabilitcr

367 622 554 677 Valens
598 622 689 677 Dei
731 623 782 674 in
816 635 915 674 nos
946 619 1330 673 commendare
1361 616 1705 670 dilectionem
1736 613 1923 667 diei-us
1953 655 1968 680 ,
2075 611 2325 678 superior
2351 610 2630 667 invenitur
2662 615 2712 669 in
2735 615 2846 670 lilio
2878 635 2891 672 :
2923 629 3142 675 einunc
3171 620 3468 676 considera
3500 660 3521 686 ,
3570 619 3740 685 quod

371 715 474 783 Qui
497 731 588 768 suo
620 714 726 781 ﬁlio
752 729 855 766 non
885 713 1133 782 pepercit.
1168 712 1258 764 sed
1291 725 1385 779 pro
1425 707 1570 762 nobis
1599 707 1834 760 omnibus
1861 715 1972 760 tra-
2075 698 2221 754 ltunc
2268 701 2428 758 talem
2459 704 2791 774 unigenitum
2845 708 3017 763 ﬁlium
3052 725 3149 781 pro
3173 712 3356 766 mundi
3389 713 3742 767 dilectione

368 806 502 859 didit
545 806 688 859 illum
719 803 916 876 (Rom.
949 819 1062 864 vm.
1093 802 1200 873 32)
1231 819 1244 867 ;
1288 818 1409 855 cmn
1455 800 1622 865 dicit,
1651 798 1790 853 Filio
1837 816 1931 854 suo
1955 841 1972 867 ,
2078 797 2392 865 praestiterit
2424 815 2436 850 :
2462 809 2516 852 et
2548 801 2792 868 expende
2824 818 2966 858 nunc
2989 847 3001 864 .
3027 805 3282 874 quidnam
3310 808 3378 860 sit
3407 806 3738 871 mundus;

368 897 752 968 proprietatem
784 899 1026 950 veritatis
1056 895 1326 960 expressit
1368 897 1418 946 in
1470 895 1686 948 nomine
1721 910 1734 946 :
1771 899 1824 946 et
1851 891 1971 946 vide
2078 891 2258 960 utique
2289 901 2536 946 creatura
2582 901 2704 948 est:
2739 896 2985 951 similiter
3016 910 3069 951 et
3099 899 3240 954 Dens
3293 901 3420 970 quid
3459 901 3550 954 sit
3575 941 3595 964 ,
3623 915 3741 955 ex-

369 1003 570 1056 tamen,
602 1009 710 1062 quo
740 1006 994 1045 sermone
1025 1004 1152 1044 usus
1175 1000 1280 1052 est,
1313 987 1521 1052 dicens,
1578 987 1677 1052 Qui
1729 1003 1822 1040 suo
1862 987 1973 1054 ﬁlio
2077 986 2481 1058 pendezutique
2502 999 2716 1044 creator
2733 999 2815 1045 est
2840 1002 2927 1047 :et
2949 1010 3090 1048 nunc
3107 994 3216 1063 jam
3232 1011 3531 1065 compara,
3551 1012 3740 1061 quem

370 1106 472 1142 non
503 1087 751 1160 pepercit.
782 1085 984 1152 LegiSti
1019 1085 1202 1154 inique
1227 1082 1496 1136 dicentem
1528 1083 1689 1135 lleum
1718 1079 1783 1132 ad
1803 1078 1975 1134 Ahra-
2076 1078 2617 1137 dilexeritAhrultam
2636 1127 2650 1149 ,
2677 1093 2732 1138 rt
2754 1102 2910 1153 quem
2929 1087 3185 1142 dilexerit
3207 1089 3367 1143 Deus.
3395 1088 3728 1143 Abraham

369 1183 516 1243 ham.
550 1197 672 1234 cum
702 1182 867 1233 lilium
901 1196 993 1248 pro
1027 1178 1116 1232 Dei
1149 1176 1442 1232 dilectione
1471 1176 1628 1230 vellet
1673 1175 1924 1230 oci-idere
1957 1190 1970 1226 :
2077 1175 2293 1244 quidem
2356 1177 2544 1232 Deum.
2581 1178 2688 1234 Sed
2732 1195 2961 1236 recense
3023 1193 3221 1250 quanta
3256 1183 3400 1238 Deus
3451 1181 3740 1239 Abrahte

372 1273 458 1328 Ne
479 1275 688 1343 injicias
713 1290 918 1326 manum
949 1284 1087 1326 tuam
1115 1273 1163 1325 iu
1194 1287 1430 1337 puerum,
1455 1287 1518 1322 ne
1538 1269 1703 1339 furias
1723 1268 1803 1321 illi
1825 1266 1976 1337 quid-
2081 1271 2420 1336 pra-stiterit,
2453 1282 2504 1325 et
2534 1272 2808 1338 invenies,
2831 1275 2972 1344 quod
3003 1276 3276 1330 Abraham
3303 1277 3483 1331 uiulto
3512 1277 3734 1331 minus

370 1385 524 1440 quam
545 1385 563 1422 :
580 1385 715 1422 nunc
733 1366 867 1420 enim
889 1364 1117 1433 ceguovi,
1137 1366 1257 1434 quin
1281 1367 1422 1417 times
1441 1359 1603 1415 Deum
1621 1370 1784 1426 tuum,
1805 1369 1851 1413 et
1873 1376 1973 1412 non
2081 1359 2191 1414 Deo
2217 1362 2520 1418 dilectionis
2548 1364 2785 1420 debitum
2812 1367 3045 1422 reddidit
3067 1384 3225 1439 quam
3252 1369 3500 1425 debebat
3533 1412 3552 1435 ,
3594 1369 3736 1425 licet

371 1463 879 1533 pepercimiﬁliotuo
902 1461 1087 1514 dilecto
1111 1468 1319 1527 propter
1341 1453 1863 1528 iiie(Geii.xxi|,I'2).
1888 1452 1975 1506 Di-
2079 1454 2380 1510 reddiderit
2453 1466 2713 1524 quantum
2765 1459 2997 1514 reddere
3051 1463 3244 1530 putuit.
3309 1462 3455 1516 Deus
3525 1469 3739 1514 autem

373 1557 444 1612 cit
471 1566 524 1608 ri.
553 1555 752 1609 Paulus
777 1572 790 1604 τ
822 1553 923 1618 Qui
950 1552 1060 1619 [ilio
1087 1568 1181 1604 suo
1201 1549 1562 1621 nuupepercit,
1593 1547 1683 1600 sed
1711 1564 1803 1616 pro
1832 1547 1975 1598 nobis
2081 1547 2338 1602 tumidum
2369 1547 2544 1620 diligit
2568 1566 2664 1620 pro
2691 1552 2836 1607 nulla
2860 1553 2960 1608 sibi
2976 1554 3097 1608 data
3119 1553 3187 1608 ab
3213 1570 3280 1608 eo
3300 1557 3504 1624 gratia.
3551 1552 3741 1610 Vides

373 1649 610 1704 omnibus
633 1645 842 1700 tradidit
863 1662 974 1698 eum
996 1663 1002 1672 '
1023 1642 1459 1714 dicilApostoltts
1476 1657 1539 1694 ex
1566 1638 1829 1700 lleii'oce,
1851 1652 1978 1707 quo—
2083 1642 2204 1710 quia
2239 1641 2408 1696 multo
2428 1652 2512 1696 est
2547 1643 3038 1700 commendabilior
3065 1645 3284 1700 dilpcﬁo
3315 1647 3405 1700 Dei
3428 1662 3578 1716 qua:
3617 1661 3738 1700 non

379 1743 541 1799 modo
572 1743 592 1773 '
643 1741 1047 1796 commendaret
1083 1736 1430 1792 dilectionem
1470 1751 1482 1786 :
1520 1732 1814 1802 improprie
1857 1743 1984 1784 usus
2017 1737 2062 1796 B
2088 1748 2152 1788 ex
2179 1733 2361 1789 debito
2434 1743 2759 1806 prmstatur,
2808 1753 2966 1808 quam
2992 1738 3079 1793 illa
3135 1739 3369 1794 Abrahae
3397 1755 3537 1810 qua:
3574 1756 3736 1807 prte-

379 1834 757 1891 l'ueratverbis
784 1832 1012 1898 divinis,
1047 1831 1090 1886 si
1137 1843 1242 1883 non
1277 1837 1332 1882 et
1361 1827 1447 1882 hic
1493 1826 1562 1880 de
1597 1841 1725 1878 vero
1758 1822 1868 1876 tilio
1906 1823 1985 1876 lo.
2087 1837 2261 1882 statur
2311 1843 2376 1883 ex
2403 1829 2606 1885 debito.
2639 1831 2745 1887 Sed
2777 1832 2899 1887 vide
2948 1833 3126 1888 adhuc
3173 1833 3736 1904 supercminentiam

378 1938 638 1999 queretur
670 1943 682 1980 :
713 1939 766 1981 et
804 1933 1006 1991 tamen,
1031 1920 1188 1991 quis‘
1221 1919 1424 1975 nesciat
1447 1919 1499 1973 in
1532 1928 1683 1987 patre
1712 1913 1983 1970 Abraham

2100 1919 2395 1976 lilectionis
2418 1937 2522 1992 qua
2553 1922 2694 1977 Deus
2720 1922 2887 1994 diligit
2917 1924 3208 1990 mundum,
3233 1941 3338 1980 non
3365 1925 3561 1980 solum
3592 1925 3732 1989 sibi.

379 2035 434 2080 et
459 2023 605 2077 Isaac
627 2021 740 2076 ﬁlio
759 2021 880 2089 ejus
904 2017 1192 2088 imaginem
1214 2012 1556 2080 praecessisse
1575 2011 1766 2064 intime
1785 2009 1986 2063 verita-
2087 2015 2176 2085 qui
2205 2029 2328 2069 eum
2372 2015 2613 2071 condidit
2645 2015 2796 2071 nullo
2847 2018 3042 2072 merito
3063 2017 3290 2088 Ῑιιειίιίω
3330 2019 3722 2074 commenda.

383 2117 496 2172 tis?
523 2115 579 2171 In
608 2115 716 2170 Deo
743 2122 895 2185 patre
922 2120 976 2165 et
1000 2109 1215 2166 Christo
1234 2105 1514 2178 unigenito
1536 2104 1647 2159 filio
1669 2102 1784 2173 ejus
1801 2118 1985 2156 sacra-
2089 2116 2201 2162 tum
2224 2148 2239 2172 ,
2269 2123 2458 2164 vermn
2482 2109 2645 2163 etiam
2698 2119 3036 2178 peccatorem
3060 2121 3116 2164 et
3163 2111 3451 2166 adversum
3511 2127 3588 2167 se
3619 2111 3731 2166 im—

382 2222 624 2265 mentum
677 2205 1034 2277 praecedentis
1071 2203 1258 2273 ligus-te
1289 2197 1628 2266 monstravit.
1652 2197 1944 2268 Apostolus
1966 2237 1979 2259 ,
2091 2200 2531 2270 pium.Mundum
2554 2217 2683 2272 ergo
2713 2201 2898 2258 dilexit
2931 2203 3071 2258 Deus
3095 2207 3329 2274 peccatis
3359 2213 3415 2261 et
3439 2205 3731 2276 impii-ta-

382 2305 708 2374 consignans
759 2299 892 2368 ipsis
940 2295 1289 2353 sermonibus
1331 2293 1638 2354 veritatem,
1693 2289 1889 2360 quibus
1930 2298 1987 2341 et
2089 2295 2234 2348 tibus
2276 2309 2462 2359 reum,
2495 2295 2743 2364 nonquia
2773 2305 2989 2364 peccata
3018 2305 3072 2351 et
3102 2297 3405 2365 impietates
3435 2298 3726 2354 dilexerit

381 2397 612 2468 primum
647 2395 811 2464 Iigura
855 2393 1062 2460 signata
1092 2395 1179 2443 est
1199 2429 1212 2453 ,
1245 2387 1430 2440 dicens
1459 2402 1473 2439 :
1507 2383 1608 2450 Qui
1636 2381 1843 2450 prOprio
1873 2379 1984 2448 ﬁlio

2100 2386 2271 2441 mundi
2304 2429 2317 2452 ,
2348 2386 2444 2442 sed
2485 2387 2682 2443 dilexit
2737 2389 3030 2456 mundum,
3068 2399 3126 2445 ut
3153 2391 3219 2444 de
3243 2395 3483 2461 peccatis
3511 2402 3579 2447 et
3614 2391 3726 2446 im-

378 2507 470 2547 suo
491 2506 592 2543 non
645 2488 868 2558 pepercit
889 2526 906 2552 ,
928 2485 1017 2538 sed
1047 2498 1142 2554 pro
1170 2479 1315 2533 nobis
1343 2476 1578 2532 omnibus
1601 2473 1816 2528 tradidit
1843 2487 1981 2526 eum.

2100 2478 2386 2548 pietatibus
2409 2479 2643 2534 mundus
2668 2480 2782 2549 ipse
2818 2480 3099 2536 liberetur.
3134 2482 3192 2536 Et
3217 2481 3344 2536 andi
3374 2482 3726 2550 Apostolum

381 2585 437 2643 Si
468 2599 597 2654 ergo
650 2581 820 2650 Iigura
867 2586 986 2632 erat
1039 2578 1091 2630 in
1119 2573 1430 2636 Abraham,
1463 2584 1586 2624 cum
1643 2566 1862 2620 oII‘crret
1921 2564 1984 2617 Ii-
2086 2587 2187 2642 per
2211 2574 2326 2626 lucc
2367 2573 2500 2626 mire
2528 2573 2998 2628 Commemlanlem
3034 2575 3124 2629 Dei
3155 2575 3505 2630 dilectionem
3533 2617 3551 2640 ,
3581 2589 3718 2629 cum

391 2675 796 2740 lium;veritas
852 2681 1034 2726 autem
1091 2667 1146 2722 in
1199 2665 1310 2720 Deo
1365 2675 1538 2732 patre,
1605 2677 1729 2716 cum
1763 2657 1987 2713 tradidit

2100 2668 2285 2723 scribit
2307 2667 2373 2722 ad
2407 2666 2685 2723 Iiomanos
2719 2685 2732 2720 :
2767 2665 2835 2722 Ut
2857 2667 2983 2734 quid
3008 2669 3141 2720 cnim
3168 2665 3436 2732 Christus,
3463 2683 3597 2720 cum
3625 2665 3729 2719 ad-

390 2770 563 2824 lilium
597 2786 609 2821 :
642 2765 770 2836 quid
817 2767 895 2819 ais
925 2763 1117 2818 doctor
1149 2760 1440 2830 impietatis
1466 2757 1490 2811 ἲ
1541 2756 1628 2810 ubi
1704 2754 1874 2824 major
1905 2752 1986 2807 vis
2089 2759 2190 2813 Imc
2218 2761 2410 2830 inﬁrmi
2436 2776 2686 2826 essemus,
2709 2759 2988 2814 secundum
3018 2770 3218 2828 tempus
3246 2775 3338 2828 pro
3365 2759 3546 2828 impiis
3573 2775 3728 2812 mor-

385 2861 601 2918 ver~ari
638 2859 828 2924 debet,
886 2858 936 2911 in
971 2858 1149 2925 ‘ligura
1173 2880 1210 2915 ,-
1233 2869 1299 2906 an
1331 2854 1381 2905 in
1415 2852 1642 2904 veritate
1671 2848 1693 2900 ?
1740 2849 1856 2902 sine
1887 2845 1984 2899 tlu-
2111 2871 2211 2909 aus
2268 2867 2340 2911 est
2365 2857 2390 2910 ?
2413 2857 2498 2911 vix
2521 2856 2656 2910 enim
2692 2859 2944 2928 projusto
2999 2857 3111 2925 quis
3155 2855 3396 2908 moritur.
3429 2853 3581 2909 Nam
3617 2870 3722 2927 pro

385 2955 478 3010 bio
509 2955 562 3009 in
622 2951 870 3006 Vt‘l‘ltale.
913 2950 979 3004 Et
1021 2946 1292 3018 quomodo
1344 2953 1398 2999 tu
1440 2943 1704 2997 minorem
1759 2939 1985 2996 exhibes

388 3049 706 3114 veritatem,
766 3047 1062 3117 pleniorem
1106 3058 1233 3096 vero
1266 3038 1543 3112 ﬁguram?
1587 3036 1796 3106 plenior
1837 3034 1983 3090 enim

2090 2945 2221 3001 bono
2249 2948 2464 3017 forsitan
2485 2949 2596 3016 quis
2618 2948 2802 3002 audeat
2825 2948 2973 3002 mori.
3000 2947 3332 3002 Commendat
3353 2959 3528 3002 autem
3561 2947 3715 3002 Deus

2089 3041 2392 3096 cliuritutem
2415 3059 2562 3096 suam
2590 3043 2644 3096 in
2675 3043 2821 3096 nobis
2843 3059 2861 3097 .'
2887 3043 3131 3112 quoniam
3165 3044 3210 3096 si
3231 3059 3346 3097 cum
3372 3045 3552 3097 adhuc
3588 3059 3718 3112 pec-

391 3156 475 3200 est
514 3141 680 3211 ﬁgura
702 3184 718 3208 ,
762 3141 849 3196 ubi
882 3154 1043 3195 verus
1082 3137 1224 3192 tilius
1293 3135 1562 3190 oll'ertur:
1597 3142 1651 3187 et
1687 3131 1868 3186 minor
1912 3140 1994 3185 est
2024 3130 2070 3194 C
2100 3147 2294 3189 calores
2315 3150 2560 3198 essemus,
2585 3133 2818 3188 Christus
2854 3150 2949 3206 pro
2966 3133 3111 3188 nobis
3132 3144 3364 3188 mortuus
3399 3146 3472 3188 est
3497 3153 3516 3200 ;
3538 3139 3718 3188 multo

389 3241 630 3303 veritas,
681 3236 770 3290 ubi
824 3233 1122 3290 secumlum
1157 3242 1240 3297 te,
1296 3246 1401 3283 non
1455 3243 1616 3283 verus
1646 3225 1788 3281 Illius
1822 3225 1993 3280 tradi-

389 3341 496 3387 tur.
545 3330 652 3386 Sed
694 3329 852 3400 plaue
905 3326 1076 3398 major
1127 3336 1208 3380 est
1253 3325 1485 3390 veritas,
1519 3331 1573 3374 et
1614 3321 1792 3375 minor
1817 3326 1902 3374 est
1929 3317 1995 3372 Ii-

387 3440 541 3496 gura.
583 3423 606 3454 ‘
646 3423 758 3477 Hoc
793 3421 837 3476 si
867 3420 945 3476 vis
977 3419 1187 3488 probari
1210 3460 1224 3481 ,
1257 3416 1418 3472 crede
1444 3430 1628 3470 verum
1651 3413 1994 3480 unigenitum

391 3519 561 3574 [ilium
617 3518 752 3582 Dei;
798 3523 854 3570 et
897 3515 1200 3581 intelliges,
1231 3511 1376 3582 quod
1433 3511 1604 3564 multo
1663 3508 1782 3576 plus
1828 3521 1990 3573 quam

390 3611 698 3672 Abraham,
743 3609 912 3678 gessit
962 3608 1137 3664 Dens.
1171 3604 1309 3657 dans
1365 3601 1533 3656 ﬁlium
1564 3615 1720 3654 suum
1751 3596 1994 3666 unigeni-

392 3715 506 3767 tum
565 3720 664 3774 pro
718 3700 906 3756 mundi
948 3697 1240 3753 dilectione
1281 3695 1577 3750 secuiidum
1645 3689 1991 3760 Evangeliqu

389 3797 574 3870 (Joan.
618 3811 709 3859 ut,
743 3793 865 3866 i6),
915 3793 998 3847 vel
1030 3807 1152 3846 cum
1180 3788 1479 3845 Secundum
1513 3785 1771 3843 Paulum.
1803 3800 1898 3837 suo
1932 3783 1994 3851 ﬁ-

391 3893 462 3950 lio
494 3908 596 3944 non
646 3887 902 3958 pepercit,
929 3887 1020 3941 sed
1041 3903 1135 3958 pro
1163 3883 1308 3938 nobis
1336 3881 1572 3937 omnibus
1613 3878 1832 3933 tradidit
1853 3894 1991 3931 eum.

391 3985 666 4044 Abraham
700 3982 842 4036 enim
869 3981 994 4035 licet
1026 3979 1193 4034 lilium
1234 3975 1485 4032 obtulerit
1514 4017 1529 4040 ,
1569 3984 1747 4028 tamen
1781 3989 1876 4042 pro
1903 3970 1994 4025 Dei

392 4078 688 4135 dilectione
719 4073 948 4138 obtulit,
1029 4071 1115 4126 cui
1147 4069 1402 4139 quidquid
1435 4065 1730 4130 obtuleiis,
1787 4080 1893 4118 non
1924 4078 1995 4118 te-

393 4188 527 4244 quas
571 4171 640 4226 ad
689 4168 830 4239 quod
873 4167 1068 4237 dignus
1099 4174 1224 4230 cst;
1270 4173 1325 4217 et
1359 4161 1557 4216 obtulit
1589 4161 1792 4223 tilium,
1832 4172 1992 4228 quem

392 4275 745 4335 posteaquam
792 4277 888 4332 per
937 4269 1184 4315 naturam
1241 4256 1441 4311 habere
1495 4271 1602 4309 nun
1651 4254 1855 4324 potuit,
1901 4266 1997 4322 per

390 4358 564 4415 Deum
586 4366 763 4411 tamen
785 4367 974 4409 contra
990 4363 1234 4408 naturam
1257 4358 1341 4404 est
1365 4347 1623 4418 adeptus:
1648 4345 1839 4400 obtulit
1863 4359 1995 4414 ergo

395 4450 532 4515 Deo,
562 4448 705 4518 quod
736 4447 788 4502 ei
815 4453 1004 4500 contra
1048 4460 1202 4516 spem
1229 4450 1436 4497 naturae
1473 4439 1702 4496 dederat
1730 4439 1871 4494 Deus
1891 4477 1907 4504 ,
1937 4443 1994 4492 et

393 4543 590 4599 obtulit
620 4541 789 4594 lilium
806 4577 822 4592 .

467 4633 578 4690 VII.
612 4632 762 4687 Facit
782 4631 850 4687 ad
897 4646 1150 4697 causam,
1204 4630 1251 4684 si
1299 4628 1489 4683 dixero
1532 4641 1593 4682 se
1634 4625 1990 4689 minorcm,et

392 4727 515 4784 sine
544 4725 634 4781 illa
664 4724 975 4778 conditione
1003 4721 1258 4794 praesenti
1276 4719 1600 4791 quandoque
1646 4715 1993 4770 mortalitatis

392 4819 516 4891 lege
545 4820 864 4873 moriturum
893 4835 906 4870 τ
941 4828 1126 4872 contra
1149 4858 1164 4880 ,
1193 4815 1448 4870 examina
1479 4812 1499 4844 '
1531 4810 1656 4882 quid
1685 4811 1824 4864 Deus
1853 4823 1991 4878 prte-

390 4915 641 4974 stiterit:
693 4913 862 4967 tilium
905 4926 1062 4966 suum
1115 4909 1365 4979 praestitit
1396 4906 1764 4977 unigenitum,
1829 4919 1988 4974 quem

390 5023 500 5064 non
527 5021 652 5062 sero
677 5021 745 5061 ex
772 5004 1001 5074 alicujus
1027 5003 1253 5070 adeptus
1282 5012 1365 5056 est
1393 5003 1597 5073 gratia,
1642 4999 1734 5055 sed
1775 5013 1992 5068 semper

393 5104 560 5160 habet
587 5105 704 5159 sine
726 5101 880 5156 initio
909 5115 978 5156 ex
1008 5097 1335 5169 proprietate
1366 5109 1571 5151 natura:
1604 5106 1790 5149 natum
1831 5095 1901 5150 de
1933 5109 1992 5149 se

393 5200 554 5254 talein
574 5242 588 5266 ,
634 5197 810 5267 qualis
853 5201 906 5248 et
937 5194 1053 5262 ipse
1081 5199 1232 5261 pater
1261 5199 1340 5246 est
1371 5190 1462 5259 qui
1504 5204 1626 5244 eum
1660 5189 1849 5258 genuit
1869 5231 1883 5252 ,
1913 5189 1992 5244 in-

393 5293 693 5353 visibilcm.
738 5285 1195 5351 inaestimabilem,
1227 5283 1636 5354 sempiternum,
1669 5283 1993 5352 impassibi-

391 5383 498 5440 lem
517 5395 572 5442 et
593 5383 951 5440 immortalem
975 5389 1030 5437 et
1050 5380 1472 5448 omnipOtentetn
1491 5417 1507 5444 ,
1535 5376 1675 5432 sicut
1697 5375 1814 5445 ipse
1838 5385 1992 5446 pater

468 5528 482 5556 ‘
521 5525 689 5579 Etiam

467 5601 487 5630 ²
517 5595 918 5652 Commendarit.

467 5670 487 5701 ³
529 5668 631 5735 Qui
679 5667 877 5730 ﬁnium.

468 5750 487 5772 ⁸
543 5740 653 5794 Hoc
705 5747 779 5792 est
811 5739 879 5790 si.

2021 4591 2075 4650 D

2103 3225 2266 3296 magis
2285 3226 2566 3299 justi/iacti
2592 3243 2728 3280 nunc
2756 3226 2808 3282 iu
2831 3227 3082 3297 sanguine
3125 3225 3292 3296 ipsius
3313 3267 3328 3292 ,
3359 3227 3492 3282 salvi
3515 3229 3719 3283 erimus

2098 3319 2160 3372 ab
2191 3319 2269 3372 ira
2311 3337 2402 3392 per
2421 3321 2589 3386 ipsum
2621 3320 2801 3392 (liam.
2855 3335 2909 3383 v,
2943 3321 3037 3376 6-9
3065 3322 3102 3388 ).

2172 3411 2306 3466 \‘Ill.
2357 3411 2598 3482 Intelligo
2642 3412 2892 3484 quidem,
2935 3412 3124 3483 “quod
3167 3411 3271 3469 hoc
3319 3413 3708 3470 teatimonium

2097 3505 2293 3559 discuti
2321 3504 2638 3560 desiderat:
2683 3505 2779 3561 sed
2807 3523 2946 3562 nunc
2976 3507 3116 3577 quod
3177 3505 3330 3562 faciat
3360 3506 3429 3563 ad
3465 3523 3696 3563 causam

2097 3597 2336 3654 breviter
2362 3599 2661 3668 pandimus.
2693 3600 2945 3655 Mundum
2972 3641 2988 3666 ,
3029 3599 3359 3657 habitatores
3385 3603 3575 3656 mundi
3626 3601 3714 3655 in-

2100 3701 2427 3763 terpretatus
2468 3693 2758 3763 Apostolus
2797 3694 3066 3761 ostendit,
3097 3695 3242 3766 quod
3295 3711 3388 3766 pro
3415 3697 3593 3766 impiis
3616 3737 3634 3762 ,
3661 3702 3710 3747 et

2099 3788 2448 3859 peceatoribus
2495 3798 2724 3843 mortuus
2748 3799 2821 3842 est
2852 3787 3112 3854 Christus,
3145 3800 3196 3844 ut
3218 3807 3366 3845 suam
3393 3791 3710 3854 charitatem

2099 3884 2476 3938 commendaret
2523 3883 2575 3936 iu
2598 3884 2775 3950 nobis,
2800 3886 2890 3952 qui
2921 3899 3109 3939 sumus
3133 3886 3182 3938 in
3233 3885 3434 3940 mundo
3465 3903 3478 3938 :
3509 3897 3562 3941 et
3585 3899 3706 3938 mo-

2097 3976 2264 4043 ritur,
2322 3977 2522 4044 inquit,
2564 3977 2830 4042 Christus,
2864 3995 2956 4048 pro
2992 3978 3199 4048 impiis,
3229 3988 3276 4034 et
3299 3980 3656 4048 peccatoribus
3683 3996 3706 4045 ;

2098 4071 2511 4140 quandoquidem
2539 4073 2626 4126 via:
2647 4088 2738 4138 pro
2757 4074 2906 4144 justo
2932 4073 3048 4138 quis
3093 4075 3340 4137 moritur,
3394 4074 3510 4128 licet
3537 4073 3700 4146 forsi-

2097 4170 2187 4217 tan
2235 4179 2328 4233 pro
2378 4163 2509 4218 bono
2570 4167 2688 4234 quis
2745 4163 2931 4218 audeat
2991 4166 3141 4236 mori.
3199 4165 3388 4222 .Iamne
3443 4167 3701 4236 intelligis

2099 4271 2257 4326 quam
2306 4256 2739 4314 inenarrabiliter
2794 4258 3068 4329 praecellat
3115 4259 3334 4314 dilectio
3375 4260 3468 4315 Dei
3497 4261 3584 4314 ubi
3615 4267 3700 4314 est

2097 4351 2340 4408 veritatis
2363 4354 2668 4423 expressio,
2700 4363 2755 4410 et
2782 4369 2942 4425 quam
2971 4353 3148 4408 minor
3177 4353 3248 4408 sit
3275 4352 3498 4408 dilectio
3520 4354 3700 4410 Abra-

2101 4441 2184 4498 lue
2232 4447 2320 4500 ubi
2369 4445 2538 4516 ﬁgura
2569 4445 2776 4518 signata
2801 4457 2885 4502 est
2909 4447 2932 4500 ’ἰ
2975 4446 3092 4502 Non
3127 4447 3231 4502 hoc
3259 4445 3383 4504 dico
3408 4448 3560 4518 quasi
3582 4461 3696 4502 non

2105 4539 2334 4593 multum
2377 4540 2630 4595 dilexerit
2677 4540 2992 4608 Abraham;
3031 4541 3197 4596 immo
3249 4550 3454 4596 tantum
3506 4541 3698 4597 dilexit

2101 4632 2268 4688 Deum
2306 4645 2564 4703 quantum
2595 4643 2648 4689 et
2699 4637 2902 4704 potuit,
2957 4649 3216 4705 quantum
3258 4651 3419 4692 nemo
3457 4651 3524 4691 ex
3554 4635 3695 4690 natis

2099 4726 2382 4780 mulierum
2415 4727 2727 4798 supergredi
2755 4737 2952 4797 potest.
2997 4728 3104 4785 Sed
3134 4729 3262 4785 licet
3289 4730 3514 4784 multum
3561 4727 3698 4783 dile-

2099 4819 2238 4872 xerit
2257 4817 2445 4885 Deum,
2468 4828 2522 4875 et
2549 4819 2616 4874 de
2636 4826 2750 4875 toto
2777 4819 2942 4875 corde
2967 4831 3020 4875 et
3041 4821 3108 4877 de
3128 4821 3252 4876 totis
3270 4820 3477 4876 viribus
3502 4821 3696 4876 anitum

2097 4927 2209 4964 sum
2230 4911 2480 4967 dilexerit
2511 4929 2524 4966 :
2557 4920 2734 4967 tamen
2767 4912 3114 4968 inenarrabili
3133 4912 3598 4982 supereminentia
3613 4909 3698 4964 di-

2098 5005 2235 5058 vina:
2259 5003 2563 5060 dilectionis
2611 5005 2662 5059 in
2710 5005 2978 5061 infinitum
3009 5016 3316 5074 superatur.
3367 5005 3500 5072 Quis
3549 5005 3692 5062 enim

2099 5097 2267 5166 possit
2293 5098 2567 5165 explicare
2597 5098 2947 5154 dilectionem
2967 5113 3130 5169 quam
3156 5099 3296 5154 Deus
3327 5099 3529 5154 mundo
3559 5111 3693 5170 prie—

2096 5194 2263 5259 stitit,
2312 5192 2448 5248 dans
2487 5193 2822 5262 unigenitum
2873 5193 3040 5248 lilium
3083 5209 3238 5248 suum
3270 5195 3373 5259 ita,
3425 5203 3482 5248 ut
3533 5195 3692 5247 homo

2097 5294 2412 5342 nasceretur
2431 5287 2519 5356 qui
2546 5285 2687 5340 Deus
2707 5293 2792 5340 est
2825 5301 2839 5348 ;
2863 5297 2918 5340 et
2943 5284 3166 5342 haberet
3195 5286 3491 5342 secundum
3523 5287 3543 5318 '
3573 5299 3692 5341 car-

2096 5397 2219 5438 nem
2252 5381 2484 5436 humana
2510 5389 2658 5436 sorte
2685 5378 2893 5436 initium
2923 5381 3246 5451 nativitatis,
3281 5383 3373 5454 qui
3401 5383 3520 5438 sine
3543 5378 3691 5436 initio

2169 5522 2190 5552 '
2241 5519 2413 5587 Quod.

2169 5593 2190 5623 ⁸
2237 5591 2519 5660 Quidquid.

2171 5665 2188 5694 ⁷
2238 5661 2421 5718 Carnis
2465 5663 2706 5718 humanm
2753 5675 2960 5720 sortem.
