3998 6346
217 283 272 337 57
970 272 973 273 ⁷
1562 276 1650 331 DE
1690 271 2082 331 TRINITATE.
3393 284 3462 339 58

211 399 266 455 de
292 404 423 469 patre
457 401 603 451 natus
624 403 709 450 est
738 410 752 460 ;
782 403 837 451 et
864 395 957 451 ille
984 396 1208 465 aqualis
1237 396 1346 452 Deo
1379 398 1429 452 in
1462 396 1631 452 forma
1664 395 1758 451 Dei
1786 411 1836 470 Α
1864 396 2047 465 ptione
2077 394 2147 448 sit
2177 391 2320 447 ﬁlius
2344 433 2359 460 ,
2392 401 2449 448 et
2474 406 2579 449 non
2609 408 2771 450 verus
2827 395 2991 451 ﬁlius.
3025 397 3093 452 Et
3123 399 3281 467 bene,
3319 403 3463 473 Quod

210 490 411 549 existens
452 504 690 559 semper,
727 500 948 560 accepta
971 488 1143 545 forma
1164 491 1347 545 servili
1374 491 1549 545 minor
1579 489 1751 557 ﬁeret,
1860 484 2124 551 Joannes,
2162 487 2251 542 ille
2267 484 2503 543 Joannes
2526 489 2792 545 recubans
2812 506 2971 561 supra
3004 504 3192 563 pectus
3221 495 3464 565 Domini,

211 599 295 640 non
322 584 480 638 solum
514 594 662 652 patre
686 625 699 649 ,
755 599 943 638 verum
996 583 1159 639 etiam
1211 585 1452 655 angelis,
1498 582 1663 637 immo
1703 592 1757 637 et
1859 598 2076 637 causam
2098 583 2283 654 scripti
2314 582 2586 649 Evangelii
2618 585 2861 642 referens
2915 589 3128 658 posuit,
3186 599 3242 645 et
3280 591 3417 647 dixit
3449 610 3462 648 :

209 678 502 737 hominibus,
536 674 752 741 nescio,
786 676 832 730 si
882 691 987 730 non
1018 688 1066 731 et
1102 677 1328 731 multum
1374 675 1548 741 infra,
1581 676 1596 706 ¹
1633 690 1755 728 ver-
1863 679 2032 733 Multa
2054 680 2261 750 quidem
2285 690 2332 734 et
2354 680 2459 735 alia
2489 682 2636 751 signa
2666 686 2786 753 [erit
2804 682 2958 739 Jesus
2988 703 3160 741 eorum
3204 688 3469 759 discipulis

208 772 289 827 mis
323 784 520 839 quoque
568 774 973 837 comparatione
1005 785 1019 835 ;
1053 782 1102 823 et
1135 779 1413 839 postremo
1433 811 1446 834 ,
1473 779 1529 822 ιιι
1561 782 1757 822 secun-
1862 774 1989 833 suis,
2019 790 2133 842 quia
2160 790 2259 827 non
2287 786 2405 829 sunt
2426 778 2617 845 scripta
2640 778 2691 831 in
2714 778 2843 831 libro
2872 780 3002 836 hoc:
3029 783 3317 838 htecautem
3341 785 3470 839 scri-

206 866 307 920 dum
352 874 584 916 naturam
614 872 881 933 suscepta:
928 864 948 893 ²
973 862 1168 917 {illiilla}
1188 904 1202 928 ,
1238 878 1409 933 usque
1434 861 1499 916 ad
1531 870 1758 916 mortem
1865 876 1953 934 pta
1979 874 2125 931 sunt,
2162 875 2214 921 at
2249 867 2470 922 credatis
2490 911 2505 933 ,
2533 873 2775 939 quoniam
2802 869 2957 927 Iesus
2976 884 3047 929 est
3068 872 3301 931 Christus
3326 878 3469 948 ﬁlius

206 960 436 1014 tristitiam
482 967 789 1026 pateretur,
839 957 929 1028 qui
1005 966 1149 1011 totus
1198 958 1449 1025 gaudium
1480 968 1603 1018 est,
1654 969 1759 1009 non
1868 956 2004 1023 Dei,
2061 968 2198 1015 etut
2247 959 2508 1015 credentes
2552 965 2704 1017 vitam
2749 974 2993 1019 ωιρνηαηι
3045 967 3272 1023 habmus
3301 971 3472 1025 ίηηο.

204 1058 348 1109 505qu
379 1051 633 1117 Abrahaz,
668 1052 754 1121 qui
780 1050 915 1104 diem
939 1051 1049 1121 ejus
1079 1049 1288 1118 cupiens
1314 1048 1522 1114 ridere,
1557 1048 1684 1102 vidit
1713 1057 1762 1100 et
1866 1052 2000 1105 mine
2043 1052 2206 1121 ipsius
2233 1051 2411 1125 (Joan.
2468 1070 2571 1115 xx.
2629 1055 2718 1121 '50,
2757 1053 2871 1127 51).
2907 1058 3067 1113 Estne
3108 1075 3244 1130 opus
3283 1061 3460 1119 adhuc

203 1148 374 1220 gavisus
415 1155 488 1201 est
518 1145 700 1214 (Joan.
756 1160 845 1199 vut
868 1187 881 1204 ,
914 1143 1042 1215 56),
1074 1144 1169 1200 sed
1196 1150 1251 1198 et
1294 1144 1534 1198 Omnium
1591 1141 1764 1197 hotni-
1873 1147 2111 1210 apertius
2148 1149 2438 1217 explanare
2463 1151 2486 1201 ’ἐ
2512 1148 2709 1216 multa,
2736 1152 2937 1221 inquit.
2973 1162 3020 1207 tt
3048 1154 3153 1208 alia
3180 1157 3325 1228 signa
3349 1158 3470 1228 fecit

203 1258 305 1295 nmn
350 1251 674 1293 sanetorum.
713 1236 969 1293 l’razstitit
1015 1252 1144 1308 ergo
1189 1237 1390 1290 tnundo
1430 1235 1762 1305 unigenitum
1868 1239 2067 1295 Jesus:
2106 1248 2160 1295 et
2207 1240 2331 1295 licet
2389 1257 2494 1295 non
2546 1244 2654 1296 sint
2709 1246 2891 1298 omnia
2920 1247 3154 1313 scripta,
3197 1250 3321 1317 quia
3371 1263 3472 1303 nec

204 1333 339 1389 lilium
368 1349 549 1393 suum.
603 1339 663 1386 ut
700 1331 792 1402 qui
847 1347 968 1387 vera
1002 1330 1108 1385 vita
1138 1341 1217 1386 est
1243 1372 1257 1394 ,
1318 1332 1557 1400 pendens
1598 1328 1651 1384 in
1703 1330 1765 1383 li-
1869 1333 2029 1387 scribi
2058 1343 2269 1402 poterat
2296 1333 2505 1388 inﬁnita
2536 1350 2715 1389 rerum
2746 1335 2935 1406 copia;
2968 1346 3144 1391 tamen
3194 1338 3306 1391 lucc
3357 1340 3468 1409 ipsa

204 1429 288 1485 [ςιιο
332 1413 626 1466 secundum
658 1427 909 1477 carnem,
968 1422 1196 1467 mortem
1228 1412 1403 1465 cruris
1454 1422 1764 1480 pateretur,

1892 1428 2203 1496 deoscripta
2234 1437 2380 1492 sunt,
2400 1437 2457 1484 ut
2485 1429 2792 1494 credantus,
2819 1430 2955 1493 quod
2974 1430 3129 1487 Jesus
3145 1442 3217 1487 est
3241 1430 3473 1488 Christus

202 1509 431 1563 oceultata
481 1507 1053 1574 interimsempiterna
1085 1520 1138 1560 et
1167 1506 1462 1559 inviolabili
1488 1505 1767 1557 divinitate
1873 1521 2012 1589 βιεηε
2078 1500 2223 1589 θρίξ
2265 1534 2319 1576 οι
2371 1535 2426 1577 ιιι
2496 1522 2654 1577 [idem
2729 1525 3063 1594 singulorum
3120 1536 3471 1595 provocaret,

200 1602 318 1671 ers,
347 1617 461 1671 qnze
501 1601 580 1654 illi
638 1616 742 1654 una
796 1609 1024 1655 estcum
1084 1609 1234 1668 patre
1278 1599 1417 1668 ejus.
1465 1597 1771 1652 ane.dile-

1887 1616 2111 1671 ῑιειυιιόίι
2139 1628 2192 1672 et
2222 1620 2497 1687 praemium
2525 1618 2712 1673 dicens
2738 1636 2750 1671 :
2778 1628 2829 1671 at
2856 1620 3117 1675 credentes
3146 1621 3302 1674 vitam
3328 1631 3478 1675 arter-

202 1694 434 1758 ctionetn,
468 1703 529 1748 ut
578 1710 675 1765 pro
725 1692 906 1747 mundi
956 1692 1130 1747 salute
1165 1692 1424 1746 Dominus
1471 1691 1771 1759 maiestatis
1876 1728 1994 1765 nam
2044 1711 2270 1767 habeam
2318 1714 2371 1766 in
2414 1712 2622 1766 nomine
2649 1717 2780 1785 ejus.
2832 1712 2889 1769 Si
2941 1713 2963 1744 ο
3017 1729 3142 1770 γεγε
3185 1714 3477 1784 adoptione

200 1788 507 1855 cruciligatur
542 1787 593 1842 in
651 1797 797 1841 terra
834 1785 923 1856 qui
973 1802 1032 1841 se
1080 1786 1244 1840 ﬁlium
1291 1787 1381 1840 Dei
1425 1783 1771 1839 ert-dentibus

1887 1820 2019 1861 esset
2076 1807 2215 1860 tilins
2277 1807 2405 1874 Dei,
2440 1818 2492 1861 et
2526 1822 2629 1861 uoa
2663 1817 2888 1874 natura,
2940 1809 2984 1861 si
3042 1809 3157 1863 sola
3200 1822 3477 1879 nuncupa-

199 1881 609 1935 t'itamtcterttam
642 1889 861 1949 pra-stat
905 1880 956 1933 itt
1004 1880 1177 1934 costis.
1207 1877 1251 1934 Ο
1283 1888 1334 1932 te
1368 1879 1769 1943 beatissimum,
1879 1903 2062 1965 “One,
2127 1909 2181 1953 et
2226 1917 2330 1954 mm
2381 1901 2543 1954 eum“
2587 1900 2728 1969 quod
2782 1900 2835 1955 in
2879 1900 3270 1970 nuncupmioni
3322 1877 3480 1955 ίηω-

200 1975 464 2047 patriarchi
498 1975 971 2044 Ahrabam,cujus
998 1975 1228 2029 maxima
1257 1975 1477 2030 dilectio
1505 1977 1556 2028 itt
1604 1974 1771 2028 Deum
1876 1992 2090 2062 “genua
2125 2001 2208 2046 est
2237 2008 2251 2057 ;
2285 2007 2546 2062 “usquam
2597 1994 2767 2059 magis
2809 1992 2912 2047 hoc
2964 1993 3137 2063 ipsum
3191 1992 3481 2063 e‘planas_

201 2070 403 2125 nonnisi
432 2070 833 2139 inexplicabilis
869 2070 1065 2125 divina:
1087 2070 1393 2125 dilectionis
1423 2068 1775 2123 inundatione
1877 2094 1991 2147 εει,
2024 2100 2184 2154 quam
2243 2085 2294 2138 ίη
2346 2085 2539 2139 “mmo
2571 2084 2913 2155 scaptionis,
2962 2101 3029 2141 ne
3061 2086 3196 2141 ﬁdes
3256 2086 3308 2141 ίη
3365 2100 3482 2140 am-

195 2164 525 2233 submergitur
561 2181 575 2218 :
602 2172 659 2219 et
709 2164 892 2219 nescio
922 2164 966 2218 si
998 2179 1102 2218 non
1132 2165 1233 2218 hoc
1264 2161 1485 2235 (totmn)
1520 2176 1618 2232 pro
1647 2177 1770 2215 res-

1887 2175 2036 2246 higuo
2066 2176 2326 2231 derelicta
2349 2220 2363 2242 ,
2398 2178 2559 2231 vitam
2594 2190 2856 2233 aeternam
2907 2178 3155 2248 perderet
3220 2194 3317 2249 per
3355 2195 3478 2235 cre-

197 2268 447 2328 pectutuze
498 2258 816 2314 dilectionis
861 2268 915 2313 et
956 2258 1081 2313 ﬁdei
1140 2258 1276 2312 Deus
1306 2257 1473 2326 impio
1524 2257 1773 2325 praestitit
1876 2268 2114 2324 άυιίιεηίε
2169 2271 2455 2325 incertum,
2509 2270 2612 2327 Sed
2682 2272 3056 2341 Evangelism’
3112 2273 3202 2344 qui
3257 2274 3323 2327 ad
3374 2276 3477 2329 hoc

194 2352 382 2407 mundo.
425 2352 549 2408 Tibi
580 2352 724 2407 enim
753 2361 807 2406 et
854 2350 1046 2405 semini
1104 2360 1195 2405 tuo
1227 2350 1549 2417 promiserat
1596 2349 1770 2414 Deus,

197 2454 243 2501 ut
268 2447 417 2501 hwres
444 2463 584 2502 esses
615 2447 792 2500 mundi
821 2462 910 2515 per
929 2446 1188 2519 justitiam
1212 2443 1517 2517 ﬁdei(llom.
1552 2458 1623 2508 tv,
1661 2440 1773 2510 l3),

194 2543 307 2598 sicut
336 2542 491 2596 docet
521 2541 807 2610 apostolus
862 2541 1080 2595 Paulus.

249 2634 329 2690 1X.
355 2635 455 2691 Sed
480 2636 623 2689 satis
649 2634 801 2689 tardo
821 2633 884 2699 ,si
920 2632 1062 2687 lumc
1084 2633 1257 2688 locum
1289 2632 1512 2687 Vttittet‘t)
1563 2630 1773 2701 plenius

194 2730 382 2798 exSequi
408 2748 419 2782 :
452 2730 520 2784 ad
555 2738 607 2784 te
638 2740 944 2791 convertar,
972 2729 1258 2793 han'etice,
1292 2740 1645 2780 comnionens
1669 2767 1683 2789 ,
1714 2732 1774 2778 ut

194 2822 410 2878 intendas
473 2822 755 2891 quomodo
803 2820 947 2875 Deus
1018 2821 1248 2891 diligens
1280 2823 1576 2884 mundum,
1628 2818 1775 2872 dedit

196 2918 492 2985 unigenitum
534 2932 696 2969 suum
730 2915 895 2969 lilium
916 2915 1020 2978 ,vel
1049 2957 1063 2981 ,
1095 2925 1151 2968 ιιι
1177 2915 1253 2967 ait
1281 2912 1576 2981 ApOstolus
1599 2953 1612 2977 ,
1638 2928 1775 2981 (ιυυ-

194 3015 325 3067 tnolo
343 3031 435 3068 suo
471 3014 593 3084 filio
622 3029 722 3067 non
771 3014 1030 3082 pepercit,
1078 3012 1168 3065 sed
1219 3028 1312 3081 pro
1361 3010 1504 3063 nobis
1533 3008 1773 3063 omnibus

197 3108 380 3163 tradidit
408 3126 547 3163 eum.
602 3107 656 3163 Si
684 3114 1078 3162 sacramentum
1132 3106 1285 3159 istius
1318 3103 1606 3159 iuell'abilis
1638 3103 1771 3156 divi-

1882 2364 2089 2433 positus
2138 2374 2261 2426 est,
2296 2374 2353 2417 ut
2377 2363 2582 2419 habens
2667 2367 2893 2434 gratiam
2922 2365 3095 2419 sancti
3125 2364 3360 2435 Spiritus
3387 2366 3479 2422 illa

1879 2457 2119 2511 maxime
2165 2456 2393 2510 lucidius
2446 2457 2741 2526 panderet,
2798 2472 2920 2527 qua:
2969 2459 3035 2510 ad
3089 2458 3213 2512 vita:
3258 2466 3478 2514 mternzn

1878 2552 2098 2620 praemia
2127 2550 2478 2618 pertinerent,
2501 2565 2605 2603 non
2624 2550 2873 2619 ambiguo
2895 2550 3089 2605 clausit
3108 2550 3479 2621 Evangelium,

1879 2644 1973 2698 sed
2008 2641 2447 2705 manifestissime
2477 2644 2763 2711 expressit,
2792 2641 2911 2696 ideo
2942 2644 3142 2713 scripta
3162 2641 3479 2712 Evangelia,

1880 2747 1933 2789 ut
1999 2737 2259 2803 credatis,
2292 2736 2497 2805 inquit,
2541 2736 2784 2805 quoniam
2809 2733 2963 2790 Jesus
3013 2746 3088 2789 est
3136 2733 3369 2790 Christus
3419 2735 3486 2805 ﬁ-

1879 2832 1979 2885 lius
2050 2828 2183 2895 Dei,
2230 2840 2277 2884 et
2331 2840 2388 2884 ut
2431 2834 2695 2885 credentes
2768 2832 2921 2885 vitam
2958 2844 3205 2885 (sternam
3254 2830 3485 2884 habeatis

1877 2925 1930 2978 in
1959 2925 2165 2978 nomine
2193 2927 2325 2997 ejus.
2358 2924 2532 2978 Etiam
2566 2939 2634 2978 ne
2665 2922 2751 2978 hic
2796 2922 3039 2992 suspicio
3090 2932 3171 2977 est
3222 2935 3485 2977 creatura:

1881 3017 1932 3070 in
1965 3017 2075 3071 lilio
2108 3017 2223 3081 Dei,
2254 3015 2362 3080 ubi,
2393 3018 2482 3086 qui
2528 3016 2821 3071 crediderit
2877 3016 3020 3086 quod
3082 3016 3224 3070 titius
3281 3014 3373 3070 Dei
3405 3023 3487 3069 est

1879 3110 2147 3177 Christus,
2172 3122 2430 3166 aeternam
2459 3110 2621 3164 vitam
2647 3108 2909 3178 possidet,
2935 3120 2986 3163 et
3011 3125 3116 3163 non
3142 3108 3299 3163 aliter
3324 3124 3483 3178 quam

194 3216 260 3254 ιιιιε
277 3202 577 3256 dilectionis
602 3214 927 3270 agnosceres
948 3241 963 3264 ,
990 3213 1278 3267 numquam
1308 3197 1565 3251 adversus
1596 3196 1761 3249 iiiilllli
1796 3207 1842 3271 ρ
1874 3203 1926 3257 in
1982 3203 2201 3257 nomine
2249 3203 2369 3273 ejus
2392 3202 2415 3256 ?
2442 3205 2529 3273 qui
2605 3201 2793 3270 utique
2843 3217 2949 3256 ῃοη
2976 3214 3057 3256 εει
3087 3212 3356 3267 creatura,
3391 3200 3484 3256 sed

196 3293 271 3349 Dei
321 3295 525 3365 impias
577 3309 937 3363 coaiponeres
969 3295 1339 3361 quaestiones;
1399 3306 1531 3359 quas
1554 3289 1642 3360 qui
1676 3289 1774 3359 pia:

195 3390 357 3443 tncntis
383 3399 485 3457 est,
524 3404 619 3456 per
637 3387 727 3442 illa
749 3403 866 3457 qua:
885 3401 1046 3457 supra
1062 3385 1323 3449 diximus,
1350 3382 1600 3454 intelligit
1620 3385 1776 3437 abso-

195 3480 326 3537 lutas.
356 3483 457 3539 Sed
486 3481 675 3536 :nlhuc
722 3482 984 3550 reliquam
1018 3491 1224 3551 partem
1251 3478 1511 3551 propositi
1537 3478 1779 3532 testimo-

194 3574 254 3628 nii
273 3574 289 3604 ³
330 3575 710 3633 ι·ἱάε;ιηιυε.ιιι
735 3585 837 3627 tua:
856 3573 1049 3627 frontis
1076 3574 1405 3642 impudentia
1432 3572 1600 3625 multo
1628 3587 1780 3640 pres-

194 3669 288 3723 sius
311 3669 330 3699 "
354 3671 657 3726 obteratur.
691 3666 826 3723 Nam
877 3684 998 3723 cum
1044 3666 1271 3722 dixisset
1298 3684 1310 3720 :
1341 3666 1432 3720 Sic
1457 3667 1594 3719 enim
1652 3666 1782 3719 dile-

194 3765 254 3816 sit
279 3763 405 3819 Deus
432 3764 693 3819 mundum
717 3804 732 3828 ,
785 3772 839 3817 ut
866 3763 1030 3831 ﬁlium
1058 3778 1207 3815 suum
1231 3761 1549 3831 unigenitum
1602 3760 1746 3813 daret
1764 3800 1778 3821 ,

196 3858 519 3930 prOchuitur
541 3899 556 3921 ,
584 3866 641 3913 et
695 3857 825 3912 dicit
857 3877 868 3910 :
907 3855 975 3912 Ut
1030 3857 1196 3909 omnis
1241 3857 1327 3921 qui
1361 3855 1523 3908 credit
1549 3856 1600 3907 in
1640 3870 1777 3917 eum,

197 3968 280 4005 non
302 3965 497 4024 pereat,
528 3954 621 4008 sed
666 3952 847 4007 habent
865 3953 1018 4006 vitam
1040 3963 1307 4006 aeternam.
1340 3950 1537 4005 lterutn
1561 3949 1633 4002 dit
1652 3963 1737 4001 am
1760 3989 1774 4013 ,

197 4057 264 4101 est
293 4047 813 4119 uttigcuitustilius:
860 4044 1133 4113 qtiumodo
1179 4044 1268 4113 qui
1298 4042 1472 4097 credit
1520 4043 1571 4095 in
1621 4056 1778 4107 eum,

197 4154 283 4191 non
312 4144 478 4210 perit,
506 4140 608 4195 sed
639 4142 800 4193 vitam
835 4138 1051 4192 habebit
1073 4145 1329 4191 aeternam
1352 4177 1364 4199 ,
1398 4151 1520 4188 cum
1554 4134 1781 4188 credere

199 4230 240 4285 in
278 4248 579 4289 creaturam
604 4274 619 4300 ,
668 4232 741 4287 sit
774 4231 1082 4286 Divinitatis
1132 4228 1409 4283 offensio?
1441 4228 1669 4296 Respice
1714 4225 1780 4280 ad

197 4330 472 4395 apostolum
538 4328 763 4383 Paulum
817 4344 831 4393 ;
884 4325 1198 4391 considera,
1252 4338 1372 4393 quae
1456 4319 1778 4389 0pprobria,

200 4436 312 4487 quas
336 4424 357 4453 ⁸
389 4424 764 4478 obscenitates
794 4420 862 4475 de
890 4420 972 4473 itis
1003 4418 1205 4474 referat
1226 4459 1241 4483 ,
1294 4415 1382 4485 qui
1402 4457 1415 4479 ,
1440 4425 1496 4468 ut
1527 4415 1640 4481 ipse
1685 4414 1778 4477 ait,

199 4524 615 4570 commutarerunt
655 4513 919 4568 veritatem
978 4509 1075 4566 Dei
1100 4512 1155 4564 in
1208 4510 1510 4574 mendacio,
1537 4517 1583 4561 et
1610 4507 1783 4560 colae-

1881 3306 2115 3365 creator,
2144 3307 2195 3351 et
2219 3312 2324 3351 non
2350 3297 2639 3367 adOptione
2663 3296 2835 3361 titius,
2855 3298 2948 3351 sed
2967 3298 2986 3328 ⁷
3012 3311 3170 3349 verus
3194 3296 3334 3349 tilius
3359 3294 3482 3349 Dei:

1883 3388 1936 3443 in
1967 3389 2187 3444 nomine
2211 3390 2353 3444 enim
2386 3400 2650 3444 creatura:
2683 3405 2750 3444 ne
2778 3389 2994 3459 quidem
3023 3389 3185 3443 vitam
3217 3400 3487 3457 tempora-

1884 3482 1986 3536 lem
2013 3492 2188 3552 potest
2214 3481 2333 3553 quis
2372 3482 2609 3553 assequi,
2648 3481 2748 3536 nisi
2791 3483 2836 3537 si
2860 3481 3055 3552 aliquis
3084 3496 3204 3537 eam
3249 3497 3358 3536 non
3390 3496 3486 3535 au-

1881 3574 2105 3629 ferendo
2134 3590 2390 3644 praasmre
2418 3576 2652 3631 dicatur.

1954 3667 2021 3721 Χ.
2043 3669 2116 3722 De
2139 3668 2327 3735 nihilo,
2354 3669 2546 3739 inquit,
2570 3668 2697 3723 fecit
2720 3668 2862 3722 Deus
2886 3667 2985 3722 sibi
3006 3667 3193 3721 ﬁlium.
3216 3665 3486 3720 Prtrtereo

1885 3762 2052 3816 multa
2087 3762 2399 3816 testimonia
2434 3780 2447 3815 :
2480 3762 2730 3831 loquatur
2759 3760 2997 3816 Joannes
3040 3760 3240 3814 Christi
3277 3760 3486 3813 Domini

1882 3853 2174 3908 dilectione
2201 3854 2804 3924 perspicuus.Scrihens
2828 3853 3125 3922 Epistolam
3156 3857 3229 3906 ait
3258 3869 3271 3905 :
3307 3850 3488 3905 Omnis

1884 3947 1973 4014 qui
2017 3947 2186 4019 diligit
2234 3956 2450 4016 patrem,
2510 3947 2680 4019 diligit
2731 3963 2846 4000 eum
2887 3946 2975 4006 qni
3004 3961 3069 3999 ea:
3104 3962 3163 3999 eo
3217 3954 3369 3998 natus
3412 3951 3488 3999 est

1885 4041 1942 4115 (Ι
1972 4040 2130 4096 Joan.
2166 4058 2214 4104 ν,
2249 4058 2264 4095 t
2293 4040 2311 4114 )
2347 4064 2360 4095 ;
2396 4041 2656 4110 numquid
2699 4043 2795 4103 ait.
2830 4042 2998 4112 diligit
3024 4058 3137 4095 eum
3168 4055 3330 4110 quem
3361 4039 3489 4095 fecit

1889 4138 2029 4192 Deus
2051 4152 2118 4191 ex
2153 4136 2361 4190 nihilo?
2384 4136 2479 4191 scd
2510 4151 2608 4190 nec
2641 4147 2846 4206 patrem
2865 4137 3088 4190 omnino
3116 4134 3486 4197 nominasset,

1887 4232 1986 4285 nisi
2020 4230 2213 4285 scisset
2260 4231 2327 4284 de
2362 4247 2427 4285 eo
2476 4240 2656 4283 uatum
2683 4229 2850 4283 liiium
2880 4230 2921 4282 ⁸.
2959 4228 3022 4282 Et
3056 4229 3135 4280 tae
3167 4241 3328 4290 nunc,
3361 4224 3487 4295 quia

1887 4327 1957 4379 ita
1988 4324 2395 4393 intelligendum
2422 4333 2526 4389 est,
2571 4334 2627 4376 ut
2650 4333 2724 4384 tu,
2762 4322 3033 4386 haeretice,
3069 4319 3442 4389 interpretaris
3472 4334 3487 4384 ;

1885 4419 2028 4491 quod
2060 4419 2267 4473 scilicet
2307 4418 2376 4471 ab
2401 4432 2466 4471 eo
2489 4416 2659 4470 factus
2690 4416 2760 4469 sit
2792 4432 2855 4468 ex
2903 4414 3095 4478 nihilo,
3125 4428 3284 4482 quem
3310 4427 3373 4466 ex
3400 4427 3496 4481 pa-

1888 4520 1967 4566 tre
1999 4518 2181 4565 natum
2211 4509 2343 4564 dicit
2366 4508 2604 4565 Joannes
2634 4527 2648 4563 :
2674 4518 2727 4562 et
2773 4522 2977 4578 quaero,
3008 4504 3270 4573 numquid
3301 4518 3494 4559 secun-

200 4618 300 4660 runt
343 4619 388 4661 et
437 4607 738 4662 servierunt
814 4614 1064 4659 creatura:
1126 4603 1299 4675 potius
1346 4617 1501 4671 quant
1555 4598 1782 4654 Creatori
1812 4606 1864 4666 D
1890 4605 2014 4658 dum
2047 4616 2096 4657 te
2123 4604 2273 4658 solus
2300 4603 2549 4658 Christus
2580 4601 2753 4656 factus
2784 4614 2865 4657 est
2896 4618 2960 4656 ex
2995 4601 3168 4655 nihilo
3212 4599 3236 4653 ?
3265 4599 3491 4665 Nonne,

202 4699 356 4770 (llam.
400 4718 456 4767 ι,
510 4698 633 4771 αὖ).
681 4700 759 4753 Tu
806 4700 850 4752 si
892 4698 971 4752 sic
1023 4696 1237 4761 credis,
1283 4704 1338 4749 et
1383 4694 1461 4747 sic
1502 4692 1677 4758 colis,
1729 4700 1785 4746 et

200 4794 351 4848 senis
387 4794 672 4865 unigenito
731 4790 839 4844 lilio
890 4789 983 4843 Dei
1012 4830 1026 4855 ,
1061 4797 1120 4842 ut
1156 4803 1277 4841 eum
1309 4786 1457 4839 dicas
1484 4799 1604 4838 esse
1633 4798 1785 4837 crea-

202 4895 351 4939 turam
375 4930 389 4953 ,
420 4889 515 4942 illa
553 4898 605 4941 te
631 4883 775 4939 mala
818 4884 982 4937 miser
1008 4888 1329 4951 exspectant
1353 4878 1549 4949 quibus
1580 4877 1653 4930 illi
1688 4891 1785 4946 pu-

199 4981 433 5048 niuntur,
482 4982 577 5053 qui
604 4986 1072 5035 commutaverunt
1114 4976 1396 5029 veritatem
1431 4972 1525 5027 Dei
1554 4973 1604 5025 in
1631 4986 1781 5025 tneo-

200 5073 371 5139 daeio,
420 5086 479 5131 et
533 5075 895 5129 colueruntet
946 5070 1254 5125 serviermit
1290 5077 1555 5123 creaturae
1602 5066 1781 5134 potius

200 5181 339 5236 quam
386 5169 646 5224 creatori.
693 5165 1035 5235 Adoptione,
1087 5163 1290 5233 inquit,
1354 5159 1602 5215 Christus
1643 5160 1782 5215 titius

203 5260 280 5317 Dei
302 5275 403 5331 est,
444 5276 502 5320 et
533 5280 639 5320 non
673 5277 832 5316 verus
877 5261 1037 5315 (ilius.
1066 5258 1256 5315 Omnia
1312 5258 1561 5327 leguntur
1609 5258 1783 5311 Evan-

201 5354 413 5424 gelia,et
435 5370 702 5427 nusquam
744 5354 1003 5423 scriptum
1033 5362 1155 5420 est,
1187 5349 1332 5423 quod
1382 5350 1630 5407 Christus
1652 5350 1785 5405 ado-

265 5534 281 5562 ¹
336 5531 618 5588 Vermium.

262 5604 282 5635 ¹
323 5603 584 5659 Humana
635 5604 842 5660 animm.

266 5674 286 5704 ³
343 5674 555 5729 Videas.

269 5745 289 5775 "
319 5745 614 5802 Obturetur.

269 5818 289 5847 ⁵
332 5817 703 5876 Obscuritates.

1894 4709 1951 4754 ut
1980 4708 2184 4753 taceam
2214 4699 2279 4752 de
2306 4698 2424 4751 aliis
2444 4739 2458 4763 ,
2483 4698 2645 4752 etiam
2679 4696 2913 4750 mundus
2935 4695 3049 4764 ipse
3078 4709 3143 4747 ex
3188 4691 3357 4747 nihilo
3387 4692 3497 4747 tac-

1895 4802 1981 4847 lus
2006 4794 2135 4847 est“!
2194 4807 2321 4861 ergo
2353 4802 2406 4845 et
2454 4791 2687 4844 mundus
2717 4806 2743 4842 ιι
2780 4788 2934 4842 nobis
2960 4787 3267 4857 diligendus
3311 4793 3415 4849 cst,
3447 4783 3492 4837 si

1894 4885 2199 4957 diligendus
2216 4895 2298 4939 est
2322 4896 2490 4953 pater.
2512 4884 2615 4937 Sed
2639 4883 2836 4937 clamat
2859 4881 2998 4935 idem
3024 4879 3291 4935 Joannes:
3318 4875 3495 4930 Nolite

1893 4981 2108 5053 diligere
2138 4979 2384 5033 mundum
2416 4978 2467 5051 (l
2496 4978 2655 5031 Joan.
2678 4993 2736 5039 ιι,
2766 4973 2878 5046 ts).
2912 4973 3180 5044 Numquid
3226 4982 3330 5025 tam
3361 4970 3493 5024 levis

1884 5082 1967 5127 est
1993 5071 2252 5134 Joannes,
2287 5080 2343 5124 ut
2375 5074 2489 5141 ipse
2517 5071 2614 5124 sibi
2642 5068 2911 5123 contraria
2944 5068 3262 5137 prmdicaret
3291 5063 3314 5117 ?
3342 5061 3491 5117 Absit

1886 5165 2284 5235 htecimpietas,
2304 5176 2361 5220 ut
2388 5165 2617 5228 dicatur,
2632 5163 2866 5219 Joannes
2883 5160 3235 5230 repugnantia
3257 5156 3394 5211 sibi9
3418 5155 3489 5208 lo-

1885 5260 2088 5330 quitur,
2120 5262 2209 5330 qui
2244 5259 2298 5313 in
2329 5267 2515 5312 sancto
2545 5257 2748 5327 Spiritu
2780 5254 3120 5326 loquebatur.
3148 5248 3261 5305 Srit
3290 5248 3525 5319 distang

1891 5352 2020 5406 tiam
2050 5351 2177 5409 facti
2198 5364 2253 5407 et
2285 5352 2396 5406 nati
2423 5352 2477 5406 in
2504 5349 2623 5423 ipso
2642 5348 2752 5421 jam
2788 5346 3051 5418 principio
3077 5341 3362 5414 Evangelii
3389 5339 3492 5409 sui,

1968 5533 1990 5564 ⁸
2019 5533 2183 5589 Forte
2199 5575 2214 5600 ,
2255 5550 2391 5590 vero.

1968 5606 1988 5637 τ
2051 5604 2203 5660 Vero.

1970 5678 1992 5752 ἕ
2042 5675 2261 5752 filium,
2302 5688 2350 5735 et
2400 5695 2503 5735 non
2546 5682 2737 5752 factum
2767 5696 2785 5733 :
2844 5673 3022 5730 Nunc.

1972 5751 1993 5781 ⁹
2048 5746 2235 5820 Loqui.
