3998 6346
483 325 550 384 ss
1037 291 1046 300 ’
1729 315 2052 382 FAUS’I‘INI
2089 311 2532 380 nescirent
3719 325 3786 380 uti

477 443 620 500 sicut
647 455 810 514 supra
831 445 1136 513 expositum
1167 447 1252 497 est
1277 483 1292 508 ,
1315 455 1436 497 cum
1467 439 1536 496 de
1561 440 1678 512 ipso
1707 439 1944 512 capitqu
1971 449 2078 496 tra-
2101 443 2154 504 Α
2181 441 2367 509 utique
2417 449 2638 512 propter
2681 455 2781 498 nos
2835 441 3114 508 exercuit,
3157 433 3506 514 subsequitur
3555 437 3744 498 dicens
3771 461 3786 498 :

477 543 754 594 ctarctur:
811 543 868 592 et
917 535 1040 592 ideo
1085 543 1284 590 nonut
1337 533 1598 590 facturam
1649 533 1902 602 intelligit
1929 547 2076 600 eum,

479 645 640 704 quem
681 629 812 686 dicit
851 641 918 686 ex
967 639 1120 699 patre
1155 637 1382 692 natttm;
1417 627 1540 698 quia
1587 641 1688 682 nec
1735 625 2082 696 singulariter

481 733 708 796 poneret
729 759 744 790 ,
775 723 820 778 si
851 721 954 776 hoc
983 721 1124 792 quod
1151 735 1218 776 ex
1263 729 1412 790 patre
1461 727 1642 774 natum
1675 729 1786 783 est,
1819 719 2082 772 iacturam

483 819 746 874 voluisset
767 815 1210 887 intelligi,scieos
1239 815 1436 870 ιιιυιιυε
1459 815 1628 868 tactos
1647 829 1770 868 esse
1791 829 1856 868 ex
1881 811 2080 876 nihilo;

481 909 958 980 setl‘singulariter
991 923 1236 978 ponens,
1263 900 1332 962 de
1373 907 1492 962 solo
1515 917 1642 964 γει-ο
1673 909 1782 962 lilio
1807 906 2084 978 posuitdi-

483 1020 646 1072 cens,
697 1003 844 1074 quod
873 1019 938 1058 ex
987 1015 1140 1074 patre
1191 1011 1350 1058 natus
1391 1013 1494 1068 est,
1527 1004 1650 1072 quia
1683 1003 1798 1072 ipse
1841 1001 1992 1056 solus
2017 1007 2084 1056 et

483 1107 634 1169 patre
659 1107 820 1152 natus
845 1105 948 1162 est,
982 1097 1168 1152 caeteri
1193 1105 1374 1150 autem
1417 1111 1608 1150 ontnes
1639 1095 1762 1150 facti
1813 1101 1938 1150 sunt
1965 1105 2024 1150 ut
2051 1107 2082 1148 ε

483 1189 791 1246 cOnditore.
823 1187 940 1244 Noli
969 1203 1100 1258 ergo
1149 1189 1326 1242 facere
1349 1187 1546 1242 divinis
1573 1189 1918 1242 sermonibus
1941 1187 2080 1242 vim:

483 1281 614 1354 quid
641 1283 828 1348 infers,
859 1283 998 1354 quod
1029 1281 1120 1338 ille
1139 1295 1242 1338 non
1275 1283 1548 1354 loquitur?
1575 1283 1702 1354 quid
1727 1283 1910 1350 doces,
1943 1281 2086 1354 quod

485 1377 578 1432 ille
601 1393 704 1432 non
729 1375 956 1432 docuit?
978 1377 1034 1434 Si
1063 1377 1406 1432 Christianus
1426 1395 1504 1446 es,
1537 1387 1590 1432 et
1619 1377 1665 1432 si
1687 1377 1830 1448 apud
1831 1387 1906 1468 .te
1929 1393 2087 1434 verus

487 1471 678 1528 doctor
701 1481 780 1526 est
809 1469 1076 1540 Joannes,
1107 1471 1272 1528 crede
1293 1473 1434 1540 quod
1463 1473 1670 1528 docuit.
1699 1471 1781 1527 Ea:
1809 1483 1972 1544 patre,
2004 1473 2086 1526 in-

479 1567 630 1638 quit,
655 1577 804 1622 natus
835 1577 908 1620 est
937 1583 948 1620 :
985 1565 1085 1622 hoc
1107 1565 1200 1638 (si)
1227 1567 1522 1622 credideris
1541 1607 1556 1636 ,
1581 1569 1626 1622 si
1649 1565 1832 1638 diligis
1857 1575 2086 1637 patrem,

486 1673 538 1716 et
563 1659 836 1730 diligendo
865 1671 1094 1730 patrem,
1111 1659 1292 1730 diligis
1317 1661 1482 1714 lilium
1507 1661 1593 1730 qui
1613 1676 1682 1714 ex
1707 1675 1774 1716 eo
1797 1671 1952 1714 natus
1973 1669 2085 1714 est:

487 1754 632 1826 quod
659 1753 705 1808 si
729 1771 832 1808 litin
851 1751 1166 1816 credideris,
1197 1753 1324 1823 quia
1343 1769 1412 1808 ex
1441 1761 1589 1822 patre
1615 1763 1772 1807 natus
1795 1761 1876 1805 est
1901 1767 1914 1816 ;
1947 1749 2090 1822 quod

2183 543 2231 589 et
2271 535 2408 588 dedit
2453 535 2598 589 nobis
2635 535 2948 592 intellectum
2997 537 3226 591 bonum:
3273 537 3390 591 sine
3445 535 3611 592 dubio
3659 537 3788 606 quia

2183 627 2300 698 ipse
2371 623 2532 682 ilator
2585 621 2758 684 bonus
2811 635 2922 694 est,
2981 629 3116 684 dans
3173 629 3508 685 intellectum
3559 629 3788 686 bonum.

2181 721 2298 778 Non
2339 723 2502 792 impie
2529 721 2902 794 intelligimus,
2933 723 2978 778 si
3013 725 3154 778 hunc
3207 723 3544 779 intellectum
3579 723 3778 778 bonum

2183 819 2480 874 dixerimus
2525 819 2790 889 Spiritum
2835 829 3080 874 sanctum
3133 831 3285 884 esse,
3343 819 3430 888 qui
3489 825 3544 873 et
3595 817 3794 872 dicitur

2185 910 2420 981 Spiritus
2471 911 2864 980 intelligentiae,
2927 912 2980 966 in
3029 927 3136 982 quo
3187 911 3570 981 COgnuscimus
3617 912 3792 980 ipsum

2187 1019 2394 1058 verum.
2449 1003 2576 1058 Sine
2625 1003 2830 1074 Spiritu
2883 1005 3028 1058 enim
3085 1015 3272 1058 sancto
3313 1013 3420 1058 non
3479 1011 3656 1074 potest
3705 1019 3798 1058 ve-

2184 1097 2316 1150 ritas
2353 1097 2640 1165 cognosci:
2693 1095 2862 1152 habes
2919 1097 3286 1152 testiinonium
3351 1095 3404 1150 in
3461 1095 3793 1166 Evangelia,

2189 1183 2278 1244 ubi
2311 1199 2366 1246 et
2409 1191 2428 1221 ³
2475 1189 2642 1244 [ierim
2687 1191 2861 1260 ipsum
2893 1199 3140 1246 sanctum
3189 1189 3454 1262 Spiritum
3487 1189 3796 1260 pollicetur,

2189 1291 2244 1336 et
2293 1281 2360 1338 de
2405 1283 2526 1353 ipso
2579 1285 2682 1346 ait.
2729 1283 2872 1354 quod
2929 1287 3036 1356 ipse
3067 1285 3194 1338 mihi
3241 1283 3584 1338 testimonium
3629 1281 3801 1355 perhi-

2189 1375 2316 1430 brbit
2349 1375 2546 1446 (Joau.
2605 1389 2708 1440 xv,
2741 1377 2812 1432 26
2843 1377 2902 1448 );
2937 1379 3122 1448 utique
3181 1393 3274 1446 per
3327 1379 3638 1448 apostolus,
3715 1375 3802 1433 vel

2191 1483 2285 1540 per
2343 1463 2616 1540 quoslibet
2673 1469 2768 1525 lilii
2817 1465 2918 1526 Dei
2961 1471 3364 1541 praedicatores,
3419 1471 3552 1526 dans
3595 1473 3676 1528 eis
3719 1473 3804 1527 in-

2191 1563 2566 1634 telligentiam,
2615 1571 2716 1636 qua
2749 1565 2772 1596 ⁸
2801 1567 3038 1636 Spiritus
3071 1567 3437 1636 intelligentia:
3481 1584 3672 1624 verum
3703 1583 3802 1623 co-

2191 1657 2507 1728 gnoscendi.
2559 1659 2711 1714 Unde
2766 1669 2820 1714 et.
2869 1661 3146 1728 apostolus
3187 1659 3384 1716 Paulus
3435 1661 3680 1720 scribens
3735 1651 3804 1718 ad

2191 1753 2508 1808 Corinthios
2534 1755 2606 1808 ait
2645 1771 2656 1808 :
2687 1751 2800 1808 Nos
2821 1765 2990 1808 autem
3019 1771 3120 1808 non
3149 1757 3384 1826 spiritum
3435 1755 3591 1822 huius
3623 1757 3803 1810 iuundi

491 1861 666 1918 neque
689 1857 892 1916 patrem
914 1845 1118 1918 diligis,
1147 1861 1322 1916 neque
1343 1861 1467 1902 eum
1491 1847 1582 1916 qui
1601 1861 1668 1902 ex
1697 1861 1764 1900 eo
1785 1855 1944 1899 natus
1969 1853 2086 1900 est:
2121 1845 2166 1904 Β
2199 1849 2486 1918 accepimus
2505 1889 2520 1912 ,
2571 1849 2661 1902 sed
2690 1849 2930 1916 spiritum
2960 1849 3050 1922 qui
3080 1865 3143 1903 ea:
3173 1847 3284 1904 Deo
3309 1855 3380 1903 est
3415 1867 3426 1904 :
3469 1861 3522 1904 ut
3553 1850 3802 1916 sciamus,

491 1955 596 1994 non
629 1951 808 1996 autent
859 1939 1036 2012 diligis
1061 1939 1166 1996 hoc
1193 1941 1374 2006 modo,
1407 1955 1528 1994 cum
1557 1947 1610 1994 in
1643 1949 1792 2010 patre
1819 1953 1984 2010 negas
2005 1953 2092 1992 es-

493 2049 554 2088 se
587 2033 728 2104 quod
769 2035 934 2101 patris
963 2043 1080 2096 est.
1113 2033 1164 2088 id
1195 2043 1283 2090 est
1307 2049 1584 2104 generare,
1613 2042 1670 2088 et
1707 2033 1760 2087 in
1787 2032 1896 2086 lilio
1927 2045 2094 2102 negas

491 2139 612 2180 esse
643 2125 786 2196 quod
821 2125 916 2180 lilii
959 2135 1042 2180 est
1062 2167 1078 2194 ,
1111 2125 1166 2180 id
1189 2137 1270 2180 est
1299 2127 1468 2182 nasci.
1501 2125 1572 2178 Et
1591 2125 1712 2179 audi
1739 2139 1902 2190 nunc,
1933 2123 2096 2194 quale

493 2217 586 2272 tibi
619 2216 806 2272 beatus
849 2215 1090 2274 Joannes
1117 2231 1316 2272 nomen
1339 2217 1594 2288 imposuit
1635 2215 1860 2272 dicens:
1899 2213 1998 2269 llic
2025 2223 2098 2269 est

493 2313 844 2378 antichristus,
859 2313 944 2383 qui
957 2321 1110 2386 negat
1121 2321 1316 2382 patrem
1327 2321 1373 2366 et
1387 2312 1554 2382 ﬁlium
1575 2311 1618 2383 (I
1635 2309 1796 2364 Joan.
1813 2325 1870 2376 ιι,
1883 2307 1976 2382 22)
1987 2349 1999 2363 .
2017 2307 2060 2364 Τ
2065 2325 2100 2364 ιι

497 2403 714 2474 quidem
749 2405 888 2462 l'also
923 2403 1220 2460 Christiani
1251 2404 1346 2459 tibi
1371 2419 1672 2475 engnomen
1703 2403 1972 2472 imponis;
2003 2401 2098 2458 sed

499 2500 514 2530 ¹
549 2515 577 2552 a
607 2499 850 2554 veridico
875 2499 1086 2554 Joanne
1119 2513 1216 2568 pro
1240 2509 1406 2554 sectae
1439 2507 1545 2552 tua:
1591 2499 1788 2550 merito
1837 2494 2102 2550 antichri-

499 2600 616 2646 stus
639 2591 916 2646 vocitaris.
951 2591 1206 2658 Mentior,
1237 2591 1280 2644 si
1313 2607 1418 2646 non
1445 2601 1500 2644 tu
1549 2590 1600 2644 in
1649 2591 1818 2659 patris
1841 2587 2104 2644 vocabulo

503 2683 758 2752 intelligis
795 2693 1116 2748 creatorem,
1145 2681 1192 2738 si
1243 2699 1352 2738 non
1397 2685 1448 2738 in
1497 2683 1592 2738 lilii
1641 2683 1860 2736 nomine
1903 2681 2106 2735 asseris

501 2787 826 2834 creaturam.
855 2777 1092 2833 Joannes
1125 2785 1332 2846 patrem
1360 2785 1416 2832 et
1475 2775 1644 2830 lilium
1689 2779 2004 2842 nuncupat:
2049 2779 2107 2828 et

503 2881 558 2928 tu
593 2875 644 2928 in
675 2871 760 2928 his
791 2873 1101 2928 nominibus
1151 2877 1454 2926 creatorem
1503 2881 1558 2924 et
1597 2877 1900 2924 creaturam
1933 2867 2104 2921 inter-

503 2965 752 3036 pretaris.
787 2965 980 3020 Merito
1010 2979 1142 3034 ergo
1167 2963 1378 3019 vocaris
1403 2961 1778 3027 autichrisws,
1823 2961 1912 3030 qui
1941 2971 2106 3029 negas

505 3069 708 3130 patrem
742 3069 794 3114 et
825 3059 992 3114 illium
1021 3061 1124 3114 sub
1155 3061 1602 3128 interpretatione
1635 3055 1820 3126 impia.

579 3151 670 3208 XI.
701 3151 806 3208 Sed
833 3151 1010 3207 adhuc
1039 3151 1164 3206 audi
1193 3193 1210 3218 ,
1243 3167 1276 3206 ο
1305 3151 1546 3220 quisquis
1571 3149 1662 3204 ille
1703 3163 1764 3202 es
1795 3145 2033 3202 insolens
2054 3151 2110 3202 'ct

2199 1957 2314 2012 qua:
2357 1957 2388 1993 α
2437 1941 2540 1994 Deo
2591 1943 2784 1995 domita
2837 1949 2954 1996 sunt
3005 1943 3172 1996 nobis.
3233 1941 3388 1997 Dedit
3427 1957 3556 2010 ergo
3601 1943 3808 1997 intelle-

2200 2045 2336 2088 ctum
2361 2034 2566 2098 bonum,
2601 2033 2650 2088 id
2677 2045 2758 2090 est
2779 2033 3036 2106 Spiritum
3061 2045 3330 2102 sanctum,
3357 2047 3410 2090 ut
3433 2051 3807 2106 cognoscamus

2201 2127 2368 2194 ipsum
2421 2125 2652 2202 verum(l
2701 2129 2825 2183 Cor.
2883 2145 2953 2196 ιι,
2999 2129 3112 2200 12).

2276 2219 2392 2276 XII.
2433 2221 2624 2276 Adhuc
2655 2222 2697 2276 si
2737 2237 2841 2276 non
2891 2221 3154 2292 intelligis
3208 2221 3276 2278 de
3327 2231 3406 2277 tot
3441 2237 3599 2293 supra
3645 2221 3809 2278 editis

2205 2313 2570 2380 diutionibus,
2649 2313 2732 2370 vel
2791 2329 2858 2370 ex
2915 2315 3370 2384 consequentibus
3435 2315 3810 2370 animadverte

2207 2423 2398 2464 outnes
2441 2409 2779 2478 suspiciones
2817 2409 2994 2480 impia:
3021 2409 3480 2479 interpretationis
3515 2409 3806 2464 exclusus:

2213 2501 2280 2558 Ut
2309 2505 2497 2568 simus,
2531 2501 2736 2574 inquit,
2769 2505 2822 2556 in
2853 2503 2968 2574 ipso
3005 2519 3122 2557 vero
3169 2503 3280 2573 filio
3325 2505 3434 2574 ejus
3479 2501 3606 2557 Jesu
3649 2503 3810 2557 Chri-

2209 2609 2304 2652 sto.
2355 2597 2420 2650 Et
2455 2597 2628 2650 adhuc
2659 2597 2891 2666 amplius
2921 2597 3114 2652 densat
3161 2599 3298 2666 piam
3347 2599 3504 2652 tidem
3547 2597 3738 2652 dicens
3795 2613 3808 2650 :

2217 2685 2314 2742 Hic
2345 2701 2417 2743 est
2449 2703 2596 2744 verus
2623 2687 2768 2744 Deus
2805 2705 2822 2743 :
2861 2697 2916 2744 et
2943 2689 3180 2744 nondum
3223 2691 3428 2756 tacuit,
3473 2687 3566 2744 sed
3619 2703 3816 2742 comn-

2211 2779 2284 2836 lat
2323 2789 2376 2836 et
2421 2793 2746 2854 exaggerat,
2791 2791 2850 2837 ut
2889 2783 3087 2852 impius
3119 2795 3312 2837 sensus
3339 2781 3646 2852 sophisticis
3677 2797 3816 2837 con-

2213 2875 2383 2930 lidens
2409 2875 2964 2942 argtnnentationibus
2985 2875 3278 2930 obruatur:
3305 2873 3640 2946 subsequens
3663 2863 3812 2930 enim

2211 2971 2326 3034 ait,
2375 2967 2443 3022 Et
2489 2969 2595 3022 ritu
2647 2975 2876 3036 (inertia,
2923 2979 2970 3022 ct
3013 2969 3315 3022 resurrectio
3361 2979 3536 3022 nostra
3573 2969 3622 3020 in
3671 2969 3810 3037 ipso.

2215 3061 2316 3119 Ubi
2369 3071 2496 3116 sunt
2549 3077 2690 3118 nunc
2741 3061 2830 3116 illa
2881 3063 3042 3132 impia
3091 3069 3268 3116 vestra
3315 3061 3644 3132 sophismata
3691 3077 3814 3132 qua:

2215 3155 2524 3210 Aristotelis
2545 3155 2786 3224 episcopi
2817 3153 2984 3209 vestri
3013 3151 3604 3224 magisteriodidicistis
3625 3153 3818 3209 dicen-

505 3255 798 3302 contumax
829 3245 884 3300 in
915 3245 1104 3310 ﬁlium,
1157 3257 1211 3300 et
1249 3243 1318 3300 de
1361 3245 1528 3314 patris
1559 3255 1788 3312 persona
1815 3241 2065 3312 gloriaris
2091 3255 2102 3292 :

2217 3259 2296 3304 trs
2329 3267 2340 3302 :
2377 3247 2544 3304 Filius
2577 3257 2660 3304 est
2683 3290 2699 3316 ,
2733 3247 2826 3304 sed
2863 3263 2968 3302 non
3001 3255 3084 3302 est
3113 3263 3274 3302 verus
3303 3248 3439 3302 hlius
3471 3265 3484 3301 :
3517 3247 3654 3302 licus
3685 3259 3766 3302 est
3795 3291 3810 3314 ,

503 3353 560 3394 et
587 3337 852 3408 iutellige,
883 3339 1006 3408 quia
1051 3345 1254 3408 patrem
1291 3337 1492 3392 habere
1537 3351 1642 3391 non
1681 3343 1855 3406 potes,
1909 3335 1954 3389 si
2001 3351 2107 3388 non

501 3435 812 3490 conﬁtearis
837 3445 890 3490 et
923 3419 1114 3490 lilium.
1137 3433 1284 3490 Idem
1309 3433 1658 3504 prosequitur
1685 3431 1920 3486 Joannes
1947 3447 1960 3484 :
2007 3429 2111 3494 Qui

503 3535 655 3598 urget
701 3525 890 3594 ﬁlium,
943 3541 1103 3594 neque
1159 3533 1360 3594 putrem
1409 3521 1626 3596 (habet)
1657 3539 1676 3578 :
1724 3524 1812 3594 qui
1841 3521 2112 3592 confitetur

505 3617 690 3686 filium,
717 3617 788 3688 (et
819 3615 1004 3686 ﬁlium)
1031 3625 1077 3671 rt
1101 3625 1294 3684 patrem
1325 3616 1484 3670 habet
1505 3623 1526 3688 (
1545 3614 1680 3668 Ibid.
1709 3655 1724 3680 ,
1755 3613 1868 3686 23)
1901 3647 1916 3668 -.
1947 3613 2110 3668 Vides

503 3709 700 3780 ubique
729 3707 964 3764 Joannes
999 3709 1112 3775 ipsa
1145 3709 1362 3762 nomina
1413 3723 1645 3778 ponere,
1697 3715 1756 3760 ut
1783 3707 1918 3762 nihil
1965 3705 2108 3760 aliud

505 3803 858 3874 intelligatur,
889 3817 1050 3872 quam
1081 3801 1224 3872 quod
1251 3811 1336 3856 est
1381 3803 1434 3857 in
1467 3813 1658 3856 natura
1693 3801 1970 3855 nominum
2001 3819 2015 3856 :
2057 3809 2112 3854 et

505 3907 706 3962 tamen,
739 3897 782 3951 si
829 3893 1004 3950 adhuc
1031 3895 1184 3950 I'rons
1227 3895 1578 3964 impudentia:
1607 3901 1712 3948 tuac
1745 3901 1926 3964 potest
1967 3891 2110 3946 ictus

505 3989 742 4062 lapidum
767 3989 1056 4054 sustinere,
1091 3990 1212 4044 etsi
1239 3998 1388 4042 tanta
1427 3987 1724 4042 obstinatio
1767 3987 1978 4042 duritia:
2005 3993 2112 4040 tute

509 4089 626 4150 est,
663 4091 718 4138 ut
743 4097 866 4136 cum
899 4081 1056 4136 audis
1089 4093 1294 4150 patrem
1339 4089 1396 4136 et
1427 4081 1616 4146 lilium,
1653 4095 1758 4134 non
1793 4089 1970 4134 tamen
2017 4095 2113 4134 vc-

505 4191 624 4232 rum
657 4185 862 4246 patrem
895 4177 1072 4245 neque
1116 4187 1304 4228 verum
1331 4173 1498 4228 ﬁlium
1531 4171 1728 4227 credas
1759 4187 1772 4234 ;
1805 4185 1936 4226 ecce
1965 4171 2108 4226 idem

501 4269 740 4326 Joannes
775 4267 866 4340 qui
917 4279 1002 4322 est
1037 4267 1268 4322 dilectus
1313 4281 1343 4320 a
1379 4265 1628 4332 Domino,
1670 4267 1842 4320 vicem
1877 4265 2111 4320 reddens

505 4361 793 4418 dominicm
813 4361 1123 4428 dilectioni,
1158 4359 1368 4416 fortiori
1403 4357 1579 4428 lapide
1601 4358 1712 4428 jam
1753 4369 1860 4412 non
1901 4363 2108 4412 tantum

507 4453 760 4519 frontem,
797 4455 890 4508 sed
935 4455 1108 4524 ipsqu
1135 4463 1296 4524 caput
1316 4451 1688 4522 serpentinum
1721 4465 1827 4508 tute
1847 4465 2114 4522 conquas-

507 4555 592 4602 sat
619 4546 932 4616 impietatis,
957 4547 1206 4602 scribens
1239 4547 1290 4600 in
1319 4547 1512 4602 ultimo
1537 4545 1782 4618 epistola:
1803 4561 1916 4600 sua:
1945 4561 1959 4600 :
1991 4545 2112 4602 Sci-

2213 3343 2308 3400 sed
2365 3359 2468 3398 non
2523 3351 2610 3398 est
2659 3359 2818 3398 verus
2869 3343 3046 3398 Dens?
3089 3341 3224 3398 Ecce
3251 3357 3358 3396 uno
3391 3341 3702 3398 testimonio
3735 3352 3816 3398 tot

2215 3439 2389 3494 modis
2417 3439 2506 3493 lilii
2541 3441 2728 3494 verum
2759 3453 2956 3492 nomen
2997 3449 3310 3506 υηπυεειιπι
3341 3447 3424 3490 εει
3449 3479 3463 3502 ,
3499 3437 3661 3490 immo
3687 3437 3815 3508 quia

2213 3541 2272 3588 et
2299 3545 2458 3588 verus
2503 3533 2644 3587 Dt-‘us
2685 3539 2787 3586 est.
2827 3529 3111 3598 Quomodo
3137 3529 3280 3584 enim
3303 3537 3410 3584 non
3439 3543 3600 3586 verus
3625 3529 3770 3584 Dens
3795 3571 3813 3596 ,

2213 3627 2301 3696 qui
2351 3635 2512 3678 vet-us
2561 3635 2642 3679 est
2691 3623 2874 3678 Illius?
2919 3621 3352 3692 quandoquidem
3399 3625 3504 3675 non
3543 3621 3714 3674 solum
3743 3621 3814 3676 de

2217 3715 2480 3773 vcrl'lllii
2521 3717 2742 3772 nomine
2793 3715 2934 3770 Deus
2975 3727 3136 3770 vet-us
3185 3714 3480 3784 probatur,
3524 3707 3618 3768 sed
3647 3715 3814 3768 etiam

2213 3817 2312 3882 per
2359 3809 2460 3865 hoc
2487 3851 2501 3874 ,
2549 3807 2694 3880 quod
2729 3809 2834 3862 vita
2875 3817 3080 3861 aeterna
3127 3815 3228 3862 est.
3258 3805 3378 3862 Vita
3421 3805 3562 3860 enim
3609 3815 3814 3860 aeterna

2213 3919 2318 3958 non
2365 3899 2526 3959 habet
2576 3903 2788 3958 initium
2843 3917 3018 3970 neque
3057 3901 3216 3956 linem
3265 3905 3438 3970 :ergo
3471 3899 3612 3954 Deus
3643 3899 3814 3954 verus

2213 4007 2296 4052 est
2341 3993 2607 4060 Christus,
2629 4009 2734 4050 non
2765 3995 2968 4050 habens
3001 3993 3210 4048 inititnn
3239 3995 3415 4062 neque
3446 3991 3629 4060 ﬁﬂettl,
3661 3993 3816 4047 exis-'-

2213 4101 2335 4146 tcns
2379 4089 2494 4158 ipse
2539 4091 2646 4142 vita
2687 4097 2886 4143 aeterna
2913 4129 2928 4154 ,
2977 4103 3098 4158 quae
3143 4097 3226 4142 est
3265 4087 3386 4141 sine
3437 4085 3592 4140 initio
3643 4091 3699 4140 et
3753 4087 3816 4140 lia

2215 4199 2300 4238 ne.
2351 4183 2457 4238 Sed
2499 4193 2552 4236 et
2591 4197 2712 4236 cum
2761 4182 3092 4236 resurrectio
3125 4189 3306 4236 nostra
3337 4183 3420 4236 'es't
3443 4221 3456 4242 .
3489 4187 3728 4248 potestas
3756 4179 3812 4234 i'n

2213 4291 2280 4332 eo
2333 4289 2476 4330 vera.-
2523 4275 2819 4330 divinitatis
2865 4275 3218 4346 agnoscitur,
3267 4289 3391 4330 cum
3437 4279 3662 4328 mortem
3715 4287 3814 4345 per

2215 4370 2464 4424 virtutem
2497 4369 2908 4424 resurrectionis
2935 4367 3174 4424 excludit
3197 4409 3212 4432 ,
3257 4367 3509 4438 exemplo
3535 4355 3618 4421 stti
3647 4365 3812 4437 queui

2215 4464 2504 4534 assumpsit
2535 4462 2766 4518 hoinihis
2789 4503 2803 4528 ,
2836 4463 2890 4516 in
2919 4477 3026 4532 quo
3059 4469 3112 4516 et
3151 4457 3220 4516 de
3265 4459 3488 4530 Virgine
3527 4460 3672 4514 ltas'ci
3725 4459 3814 4514 'di-'

2215 4565 2408 4626 gnatus
2457 4563 2568 4619 est,
2615 4555 2664 4608 iu
2695 4561 2801 4624 quo
2829 4563 2884 4610 et
2913 4561 3014 4608 nos
3037 4554 3148 4624 jam
3193 4553 3590 4608 rosei-reximus
3613 4597 3627 4616 ,
3659 4553 3819 4606 habia»

495 4657 622 4694 vmus
667 4641 788 4711 qui
819 4639 959 4708 filius
989 4637 1086 4694 Dei
1113 4641 1248 4694 venit
1273 4639 1326 4712 (I
1357 4637 1512 4694 Joan.
1538 4655 1592 4702 ν,
1621 4639 1714 4703 20,
1741 4639 1808 4694 21
1843 4639 1887 4712 ),
1939 4651 1994 4694 ει
2031 4639 2111 4695 inv
2139 4637 2192 4698 D
2219 4649 2323 4704 turi
2355 4647 2720 4718 unusquisque
2761 4657 3002 4702 tltlSlrllﬂt
3035 4647 3324 4718 specialem
3353 4647 3814 4703 resurrectionem

507 4741 762 4788 carnatus
785 4743 870 4788 est
901 4741 1120 4802 propter
1147 4747 1267 4800 nos,
1301 4743 1354 4786 et
1379 4747 1570 4802 passus
1597 4743 1704 4799 est,
1731 4743 1782 4788 et
1817 4747 2110 4804 resurgens

509 4825 578 4882 de
607 4827 832 4882 mortuis
863 4825 1156 4895 aSSumpsit
1185 4841 1304 4890 nos,
1337 4835 1384 4880 et
1407 4825 1546 4880 dedit
1573 4826 1718 4880 nobis
1747 4825 1768 4856 ³
1797 4825 2114 4880 intrllectum
2149 4847 2154 4850 ·

509 4923 721 4988 bonum,
755 4931 810 4976 ut
841 4937 1208 4995 “ignoscamus
1227 4921 1396 4991 ipsum
1426 4936 1622 4988 verum,
1657 4929 1702 4974 et
1733 4921 1892 4976 simus
1921 4921 1971 4974 iu
1999 4921 2114 4990 ipso

509 5031 630 5070 vero
678 5015 788 5086 ﬁlio
813 5015 923 5086 ejus
950 5013 1074 5069 Jcsu
1105 5011 1326 5070 Christo.
1365 5013 1466 5068 Hic
1491 5025 1562 5070 est
1589 5013 1776 5084 (Deus)
1805 5029 1948 5068 uerus
1975 5025 2019 5068 et
2041 5013 2118 5068 ui—

511 5119 566 5166 ta
603 5119 826 5174 teterna,
855 5117 902 5164 et
929 5109 1234 5164 resurrectio
1260 5117 1434 5162 nostra
1464 5109 1518 5162 in
1541 5107 1676 5178 ipso.
1705 5107 1972 5178 Explicari
2005 5121 2112 5162 non

513 5213 728 5276 potest,
761 5213 992 5276 quantos
1018 5203 1302 5258 adversum
1361 5211 1414 5258 te
1443 5217 1756 5258 sermonum
1805 5201 2014 5272 lapides
2061 5209 2116 5258 et

513 5311 644 5352 saxa
697 5297 972 5370 congessit
1031 5297 1132 5351 sub
1163 5313 1268 5350 uno
1325 5296 1430 5352 hoc
1493 5297 1822 5352 testimonio.
1873 5295 2112 5360 Scimus,

513 5391 714 5462 inquit,
765 5392 888 5464 quia
941 5391 1082 5460 [ilius
1121 5389 1218 5446 Dei
1261 5393 1416 5448 venit.
1471 5391 1646 5446 Habes
1681 5395 1840 5446 uuam
1891 5391 1960 5446 de
2001 5391 2114 5446 lilio

514 5483 936 5548 confessionem,
987 5493 1044 5542 et
1093 5485 1368 5556 paululum
1421 5483 1560 5540 infra
1611 5493 1734 5555 post
1777 5495 2114 5540 sacramenta

515 5577 904 5636 incarnationis
921 5587 976 5636 et
997 5578 1268 5650 passionis
1309 5578 1426 5650 ejus
1447 5587 1504 5636 et
1525 5579 1964 5648 resurrectionis,
1996 5583 2116 5650 quae

595 5721 616 5754 ί
677 5719 914 5779 Veridico
939 5719 1156 5780 Joannl.

585 5795 608 5828 ³
651 5794 892 5854 Sensum.

591 5866 616 5902 ³
643 5867 922 5928 Christum.

2219 4741 2530 4814 promerito
2558 4741 2682 4796 litlei
2715 4755 2780 4796 ac
2817 4743 2944 4797 vitae
2967 4785 2982 4808 ,
3025 4743 3138 4796 sive
3175 4741 3242 4796 ad
3289 4741 3622 4812 refrigerium
3647 4781 3661 4806 ,
3697 4741 3816 4796 sive

2219 4835 2284 4886 ad
2329 4833 2622 4888 ustionem.
2661 4833 2822 4900 Vide,
2871 4833 3073 4896 miser,
3133 4847 3200 4888 ne
3243 4832 3420 4888 adhuc
3469 4847 3574 4888 non
3619 4831 3816 4889 credas

2221 4941 2406 4981 verum
2439 4935 2560 4982 esse
2593 4927 2798 4991 Illiuni,
2851 4933 2904 4980 ει
2951 4925 3174 4995 incipias
3216 4925 3415 4982 habere
3459 4929 3820 4980 resurrectio-

2223 5031 2344 5076 nem
2375 5021 2440 5076 ad
2473 5025 2684 5090 pinnam
2717 5025 3030 5092 perpetuam
3059 5019 3320 5090 gelu-linit:
3361 5021 3410 5074 in
3445 5019 3682 5074 tenebris
3721 5031 3822 5074 ex;-

2223 5113 2516 5168 tcrinribns
2543 5157 2556 5176 ,
2613 5113 2700 5168 ubi
2747 5117 2842 5166 erit
2881 5113 3036 5182 ﬂetus
3071 5111 3338 5165 oculorum
3375 5117 3422 5166 et
3463 5111 3656 5166 stridor
3685 5111 3818 5166 deni

2219 5209 2346 5260 tium
2374 5205 2588 5276 (Matth.
2623 5223 2748 5270 rm,
2777 5205 2868 5278 ιε)
2897 5205 2980 5272 ,si
3013 5213 3191 5260 tamen
3225 5211 3332 5258 non
3383 5203 3560 5258 adhuc
3609 5202 3818 5274 aliquid

2223 5299 2246 5330 ⁸
2273 5299 2466 5354 tetrius
2499 5307 2680 5354 nutriet
2721 5299 2912 5368 impios
2943 5299 2994 5351 in
3031 5291 3221 5352 lilium.

2291 5391 2430 5448 XIII.
2473 5392 2646 5458 Salis,
2693 5403 2746 5447 ιιι
2787 5393 3015 5464 opinor,
3051 5393 3180 5448 licet
3213 5391 3454 5462 pauculis
3485 5389 3816 5446 testimoniis

2217 5485 2632 5556 comprobatum
2679 5495 2797 5554 est,
2837 5485 2979 5556 quod
3017 5485 3088 5540 sit
3131 5501 3290 5540 verus
3323 5485 3418 5539 Dei
3447 5483 3584 5538 lilius
3607 5525 3624 5550 ,
3657 5493 3818 5538 natus

2219 5581 2288 5638 de
2317 5591 2474 5654 patre
2497 5621 2512 5646 ,
2547 5595 2656 5636 non
2693 5579 2866 5638 lactus
2895 5595 2962 5638 ex
3000 5579 3190 5636 nihilo.
3235 5577 3344 5636 Sed
3383 5575 3559 5634 adhuc
3587 5579 3774 5651 Quaeso
3799 5619 3814 5646 ,

2295 5721 2318 5754 ⁸
2347 5721 2620 5776 Dominus.

2297 5793 2320 5830 '
2347 5793 2604 5852 Deterius.
