3998 6346
226 360 283 414 6t
1604 353 1693 410 DE
1734 348 2128 410 TRINITATE.
3456 357 3527 411 6?.

225 475 417 531 esttibi:
468 472 858 545 infatigabilem
913 470 1223 541 patientiam
1251 514 1265 537 ,
1324 478 1381 525 ot
1426 472 1526 524 hoc
1564 471 1735 540 ipsum
1764 469 1831 525 de
1859 477 1905 536 Α
1935 472 2057 524 cum
2087 485 2153 525 ex
2178 478 2338 526 utero
2366 470 2591 542 genuit,
2624 482 2732 530 non
2761 476 2954 529 contra
2981 480 3143 545 quam
3174 466 3282 529 Deo
3308 472 3529 542 dignum

225 569 393 624 veteri
441 568 726 640 Scriptura
758 565 844 621 vel
896 580 1003 620 uno
1045 563 1355 619 testimonio
1384 564 1821 634 comprobemus.

228 662 366 718 Dicis
393 702 407 723 .
452 662 711 717 htcretice
736 702 751 725 ,
792 676 857 716 ex
899 660 1069 713 nihilo
1111 658 1277 712 ﬁlium
1308 658 1504 712 factum
1527 698 1541 724 ,
1572 673 1693 712 cum
1724 657 1824 713 hoc

227 770 494 825 nusquam
540 754 738 823 legeris
786 770 799 805 :
844 767 1010 819 negas
1061 750 1189 806 illud
1234 750 1378 821 quod
1409 751 1666 820 scriptum
1697 762 1823 806 est:

224 851 342 920 quia
375 865 443 903 ea:
466 858 615 920 patre
644 857 793 901 natus
824 855 919 899 est.
938 844 1046 900 .Dic
1076 843 1205 898 milii
1233 885 1247 909 ,
1278 843 1434 911 cujus
1467 845 1629 898 verba
1658 855 1783 899 sunt
1810 861 1823 898 :

230 944 308 998 Ex
354 953 505 997 utero
556 952 677 995 ante
716 941 991 1011 luciferum
1031 941 1188 1011 genui
1217 948 1263 991 te
1290 937 1463 1012 (Psal.
1497 953 1606 1004 Ctx,
1639 939 1698 1007 '5)
1721 939 1743 990 ?
1770 937 1827 994 Si

228 1037 492 1107 ambigis,
545 1036 757 1105 respice
811 1033 878 1089 ad
923 1034 1131 1088 initium
1180 1032 1376 1087 Psalmi
1419 1032 1574 1101 ejus,
1618 1040 1673 1086 et
1716 1032 1830 1100 lege

229 1133 486 1201 scriptum
521 1148 533 1182 :
567 1129 714 1184 Dixit
740 1126 995 1182 Dominus
1026 1127 1247 1181 Domino
1284 1144 1415 1191 meo,
1454 1126 1590 1180 Sede
1608 1125 1676 1179 ad
1706 1127 1831 1181 dex-

230 1236 386 1279 teram
431 1241 629 1286 meant,
679 1223 842 1277 donec
887 1238 1075 1292 ponam
1120 1221 1356 1274 inimicos
1395 1228 1507 1273 tuos
1552 1219 1832 1274 scabellum

234 1317 419 1390 pedum
465 1327 672 1371 tuorum
723 1315 888 1389 (Ibid.
915 1359 928 1381 ,
962 1316 1035 1387 i).
1072 1314 1185 1369 Hoc
1214 1314 1524 1369 testimonio
1564 1315 1675 1384 ipse
1714 1314 1831 1369 Sal-

233 1424 381 1465 valor
410 1426 545 1466 usus
575 1419 698 1478 est,
738 1412 754 1441 ¹
787 1422 843 1465 ιιι
884 1425 1005 1464 cum
1055 1410 1167 1463 vult
1216 1425 1275 1464 se
1313 1409 1600 1463 Dominum
1638 1407 1830 1475 credi,

236 1505 463 1573 loquens
491 1505 558 1559 ad
590 1520 684 1559 eos
726 1505 815 1574 qui
862 1504 1011 1559 illum
1043 1504 1217 1557 solum
1248 1503 1517 1557 hominem
1557 1511 1736 1557 natum
1767 1519 1833 1559 ex

235 1599 441 1653 semine
469 1598 728 1668 putabant
761 1596 924 1650 David
947 1637 962 1663 ,
997 1612 1102 1650 non
1136 1599 1295 1650 etiam
1322 1605 1375 1649 et
1404 1595 1570 1649 Dettm
1598 1611 1704 1666 qua
1738 1594 1833 1650 Dei

235 1693 424 1746 lilium.
460 1691 571 1748 Sed
602 1702 654 1746 et
683 1691 880 1746 Paulus
912 1691 1189 1761 aposmlus
1220 1689 1319 1743 ltoc
1350 1689 1522 1759 ipsum
1562 1688 1792 1742 credens
1814 1727 1831 1755 ,

235 1786 370 1852 quod
397 1796 453 1839 et
477 1785 609 1841 olim
644 1784 877 1854 Spiritus
904 1791 1123 1837 sanctus
1157 1786 1207 1836 ιιι
1243 1782 1409 1836 David
1438 1782 1650 1836 locutus
1676 1791 1756 1836 est
1784 1788 1838 1835 et

1928 574 2009 620 est
2034 606 2047 631 ,
2079 566 2381 634 opinemur.
2415 565 2544 622 lllttd
2573 561 2593 601 "
2626 578 2803 623 tamen
2834 569 3139 624 certissime
3163 566 3526 622 conﬁtendum

1926 666 2012 712 est
2041 699 2055 723 ,
2086 658 2228 729 quod
2256 673 2416 714 verus
2442 668 2528 716 est
2551 662 2803 717 conditor
2832 662 2883 716 itt
2920 662 3317 733 signiﬁcatione
3343 660 3526 729 operis

1929 760 2183 805 manuum
2208 793 2221 815 ,
2274 756 2328 807 et
2373 770 2534 809 verus
2575 768 2654 809 est
2689 767 2841 825 pater
2881 757 2933 809 in
2967 758 3361 827 signiﬁcatione
3391 754 3533 810 uteri

1928 843 2198 913 gignentia
2227 886 2239 907 ,
2274 846 2375 900 etsi
2407 845 2542 901 nihil
2572 846 2621 901 iit
2647 863 2707 902 se
2738 842 3108 902 membrorum
3137 842 3351 903 habeat.

2002 936 2145 992 XIV.
2185 937 2292 993 Sed
2340 940 2465 1009 quia
2496 940 2687 995 soletis
2716 942 2923 1005 dicere,
2953 941 3190 998 uAriani
3219 976 3234 1008 -,
3266 959 3284 993 t
3324 941 3381 996 In
3420 941 3534 997 Deo

1931 1029 1985 1083 id
2017 1031 2191 1100 ipsum
2225 1042 2307 1086 est
2334 1031 2513 1089 facere
2536 1074 2552 1100 ,
2593 1034 2736 1105 quod
2765 1048 2819 1090 ct
2859 1048 3142 1106 generare,
3176 1053 3194 1087 ι
3227 1045 3535 1106 npporltlnc

1933 1130 1989 1181 et
2034 1124 2171 1187 hanc
2199 1138 2431 1183 vestram
2466 1131 2877 1197 perversitatem
2913 1130 2979 1185 de
3007 1130 3258 1200 prtesenti
3293 1128 3538 1183 occasio-

1935 1235 2003 1275 ne
2034 1221 2370 1277 convincam.
2416 1222 2578 1277 Multa
2610 1232 2734 1277 sunt
2763 1234 2957 1293 nempe
2984 1232 3148 1297 opera
3177 1223 3198 1254 ⁸
3241 1230 3496 1278 manuum
3517 1263 3532 1287 ,

1936 1314 2030 1368 sed
2064 1318 2203 1368 unus
2232 1324 2316 1369 est
2347 1317 2653 1385 unigenitus
2702 1317 2842 1371 illitis
2887 1320 3091 1371 ventris
3125 1336 3137 1372 :
3184 1330 3288 1372 non
3324 1326 3453 1388 ergo
3482 1316 3535 1374 id

1936 1409 2108 1477 ipsmu
2133 1419 2215 1462 est
2244 1407 2441 1475 facere,
2474 1409 2616 1476 quod
2642 1417 2698 1465 et
2725 1420 2985 1479 generare
3011 1418 3093 1465 :et
3113 1414 3291 1465 mutila
3321 1411 3537 1481 quidem

1938 1518 2033 1573 per
2085 1501 2359 1569 Verbum,
2412 1510 2468 1558 et
2508 1504 2558 1558 in
2605 1505 2868 1574 sapientia
2924 1503 3061 1559 facta
3098 1512 3262 1568 sunt;
3301 1503 3538 1559 Verbum

1939 1605 2117 1650 autem
2145 1596 2261 1651 sive
2292 1597 2558 1666 sapientia
2584 1638 2597 1663 ,
2632 1610 2736 1651 non
2768 1610 2863 1667 per
2890 1596 3125 1667 aliquem
3154 1638 3168 1663 ,
3200 1596 3297 1653 sed
3331 1606 3394 1651 ex
3430 1597 3541 1651 Deo

1940 1698 2067 1742 nata
2094 1687 2113 1718 '
2146 1696 2271 1743 sttnt
2301 1702 2313 1741 :
2350 1690 2492 1744 unde
2521 1705 2626 1743 non
2658 1687 2707 1743 id
2736 1689 2911 1758 ipsum
2944 1698 3029 1743 est
3056 1688 3232 1743 facere
3259 1729 3272 1753 ,
3300 1688 3443 1758 quod
3487 1694 3544 1742 et

1939 1798 2221 1853 generare.
2275 1782 2385 1839 Nisi
2437 1784 2581 1838 enim
2628 1788 2775 1838 esset
2816 1783 3069 1838 distantia
3106 1784 3248 1838 inter
3287 1781 3464 1837 facere
3490 1790 3545 1837 et

238 1889 414 1949 postea
445 1877 719 1947 exposuit,
753 1875 828 1930 ait
855 1874 907 1929 itt
942 1875 1181 1945 EpiSIola
1216 1889 1310 1928 sua
1344 1892 1355 1927 :
1386 1873 1467 1926 Ad
1493 1890 1639 1940 quem
1664 1884 1834 1926 autem
1865 1886 1910 1945 Β
1941 1890 2230 1943 generare,
2283 1878 2415 1931 nihil
2468 1874 2861 1946 prohibebatur
2911 1876 3100 1930 dicere
3126 1918 3140 1941 ,
3181 1884 3367 1929 manus
3417 1884 3545 1930 mea:

235 1971 528 2040 angelorum
574 1969 703 2022 dixit
748 1968 1070 2036 aliquando,
1121 1966 1236 2020 sede
1282 1966 1349 2019 ad
1379 1965 1637 2019 dexteram
1666 1980 1833 2019 meum

238 2062 388 2136 (Heli.
442 2077 461 2117 ι
486 2105 499 2125 ,
537 2061 667 2131 15)⁶ἶ
701 2060 801 2114 hoc
826 2059 1122 2129 explanatis
1151 2096 1166 2125 ,
1194 2060 1317 2129 quia
1347 2073 1506 2112 nemo
1531 2057 1599 2112 de
1628 2057 1835 2126 angelis

238 2157 350 2210 talis
399 2164 523 2218 est,
556 2153 729 2222 qualis
771 2164 826 2207 et
874 2152 1016 2206 illius
1061 2169 1073 2206 :
1110 2167 1299 2206 omnes
1329 2152 1470 2206 enim
1500 2151 1679 2220 angeli
1708 2149 1836 2204 ﬁcti

235 2260 388 2315 sunt,
419 2250 574 2303 solus
603 2258 784 2302 autem
815 2244 958 2300 ﬁlius
990 2258 1146 2301 natus
1176 2257 1256 2301 est
1278 2286 1292 2312 ,
1326 2246 1409 2300 cui
1441 2254 1495 2299 ct
1520 2245 1686 2309 dicit,
1716 2244 1836 2298 sede

236 2347 302 2397 ad
334 2344 601 2398 dexteram
624 2358 789 2396 nteant
814 2357 833 2405 ;
860 2341 983 2410 quia
1013 2352 1068 2395 et
1095 2341 1241 2397 solus
1287 2342 1402 2410 ipse
1432 2350 1515 2394 est
1546 2339 1836 2411 unigenitus

235 2438 375 2508 ﬁlius
416 2440 502 2508 qui
529 2446 601 2491 est
630 2438 683 2490 in
711 2437 828 2490 sinu
859 2436 1018 2506 patris
1047 2436 1231 2506 (Joan.
1276 2452 1289 2490 ι
1316 2479 1330 2503 ,
1366 2435 1479 2505 18).
1509 2434 1624 2490 Νοιι
1656 2446 1836 2489 autent

238 2546 375 2584 nunc
406 2528 676 2598 expositio
707 2536 872 2583 totius
895 2529 1084 2598 psalmi
1110 2531 1417 2583 necessaria
1442 2539 1554 2594 cst,
1589 2527 1684 2582 scd
1707 2526 1840 2581 illttd

237 2624 410 2677 solum
449 2620 787 2692 probandum
819 2661 833 2686 ,
864 2622 986 2690 quia
1016 2618 1271 2674 Dominus
1324 2620 1483 2675 Pater
1529 2621 1657 2675 dicit
1703 2619 1839 2674 Filio

238 2716 460 2772 Domino
506 2732 651 2780 meo,
689 2714 823 2770 Sede
870 2714 937 2767 ad
983 2713 1245 2768 dexterum
1290 2730 1499 2780 meam;
1532 2723 1669 2768 utet
1702 2713 1833 2768 illud

238 2812 377 2880 quod
435 2809 489 2864 in
548 2809 793 2879 sequenti
850 2807 1077 2871 dicitur,
1136 2822 1239 2860 non
1290 2806 1426 2861 ttiids
1478 2822 1637 2874 quam
1692 2814 1843 2874 pater

239 2905 439 2959 dixisse
468 2903 721 2956 credatur
741 2941 757 2967 ,
793 2900 841 2953 id
870 2910 951 2955 est
974 2942 991 2977 ,
1024 2897 1110 2953 Ea:
1137 2909 1280 2953 utero
1308 2908 1425 2951 ante
1454 2899 1725 2968 luciferum
1754 2912 1843 2966 ge-

241 2998 327 3050 nui
377 3005 445 3051 te.
496 2996 686 3050 Nonne
730 2994 890 3049 etiam
924 2993 1027 3048 hoc
1058 2994 1367 3047 testimonio
1404 2994 1688 3046 verissime
1721 3004 1845 3062 pro-

246 3091 423 3145 batum
466 3100 583 3156 est,
616 3088 882 3158 sepultam
911 3103 1096 3142 vocem
1130 3088 1347 3157 impiam
1377 3101 1499 3141 esse
1528 3086 1843 3151 dicentium,

247 3184 385 3253 quod
417 3199 484 3238 ex
528 3183 696 3236 nihilo
738 3180 930 3236 fecerit
970 3181 1109 3235 Deus
1139 3177 1659 3246 lilium‘lQuomodo
1698 3178 1843 3232 enim

1936 1979 2310 2038 generaverunt
2340 1978 2388 2024 te
2407 2010 2420 2035 ,
2454 1980 2500 2026 et
2526 1970 2641 2023 caeli
2672 1971 2860 2023 centris
2903 1970 3001 2023 mei
3032 1977 3149 2023 sunt
3175 1982 3353 2039 Opera.
3385 1966 3541 2041 (Sed)

1936 2062 2077 2115 sient
2124 2059 2289 2116 dictio
2335 2063 2556 2116 multam
2609 2061 2773 2116 habet
2815 2060 3224 2126 differentiam,
3272 2061 3341 2115 lla
3374 2068 3429 2115 ει
3458 2076 3545 2116 res

1937 2169 2072 2224 quas
2123 2155 2292 2209 dictio
2340 2156 2686 2211 determinat.
2736 2154 2821 2212 Ex
2862 2167 3005 2212 utero
3028 2197 3042 2222 ,
3073 2150 3286 2227 inquit,
3315 2165 3432 2210 ante
3461 2156 3544 2209 lu-

1938 2250 2154 2319 ciferum
2184 2251 2336 2320 genui
2381 2261 2448 2304 te.
2504 2251 2614 2306 iloe
2654 2261 2834 2306 autent
2879 2250 3010 2306 dicit
3050 2260 3203 2321 pater
3233 2250 3298 2304 ad
3331 2246 3498 2304 illiilli)
3523 2292 3540 2317 ,

1941 2358 2046 2395 non
2089 2344 2232 2412 quod
2282 2342 2422 2397 ﬁlius
2463 2344 2486 2375 ⁸
2517 2344 2789 2414 ignoraret
2815 2380 2828 2408 ,
2859 2342 2953 2399 sed
2983 2356 3035 2397 ιιι
3066 2360 3165 2397 nos
3191 2345 3331 2397 scire
3360 2356 3547 2413 possea

1941 2449 2061 2488 tuus
2095 2437 2483 2505 proprietatem
2519 2439 2688 2506 patris
2718 2436 2783 2491 ad
2839 2436 3042 2500 ﬁlium,
3090 2437 3172 2490 vel
3204 2435 3297 2490 ﬁlii
3332 2434 3399 2489 ad
3448 2448 3545 2505 pa-

1945 2538 2081 2583 trem
2132 2547 2144 2583 :
2194 2530 2315 2585 idco
2347 2532 2417 2585 ita
2448 2532 2706 2601 scriptum
2738 2533 3033 2597 estisicut
3080 2539 3134 2586 et
3185 2533 3299 2601 ipse
3352 2532 3545 2600 dulge-

1943 2619 2087 2675 nltus
2119 2620 2258 2675 ﬁlius
2290 2623 2530 2677 existens
2558 2624 2825 2694 sapientia
2856 2625 2933 2678 ttit
2966 2641 2979 2677 :
3017 2625 3151 2679 Ante
3181 2634 3356 2679 omnes
3374 2632 3547 2677 autem

1944 2713 2099 2768 colles
2129 2717 2302 2786 genuit
2342 2732 2424 2769 me
2470 2715 2655 2789 (Prov.
2704 2732 2830 2782 vttt,
2862 2716 2976 2788 25).
3023 2716 3175 2773 Unde
3203 2724 3259 2772 et
3286 2716 3388 2771 hoc
3427 2716 3549 2771 loco

1943 2816 2062 2860 ante
2093 2808 2369 2878 luciferum
2399 2811 2613 2879 genitus
2642 2824 2764 2864 esse
2793 2809 3011 2865 dicitur.
3056 2809 3113 2864 In
3160 2809 3364 2880 luciferi
3390 2822 3549 2863 voca-

1945 2899 2074 2955 bulo
2103 2903 2280 2955 omnis
2308 2902 2397 2956 ubi
2444 2903 2532 2957 ubi
2564 2902 2791 2957 lucidior
2816 2914 3059 2959 creatura
3089 2903 3330 2974 signatur
3362 2918 3376 2957 :
3407 2902 3549 2958 unde

1945 3009 2065 3049 eum
2095 2995 2315 3066 dicitur,
2346 3012 2408 3049 ea:
2436 3007 2583 3051 utero
2604 3007 2725 3051 ante
2753 2997 3025 3068 luciferum
3044 2999 3256 3068 genitus
3278 2997 3399 3063 hoc,
3427 3010 3550 3067 spe-

1946 3087 2158 3142 cialiter
2206 3088 2433 3143 docetur
2458 3129 2472 3154 ,
2532 3089 2675 3160 quod
2722 3105 2851 3145 vero
2882 3105 2944 3144 es
2976 3100 3127 3160 patre
3159 3092 3229 3144 sit
3268 3098 3426 3144 natus
3450 3126 3465 3153 ,
3495 3096 3551 3144 et

1948 3195 2055 3233 non
2116 3182 2290 3234 lactus
2339 3198 2351 3233 :
2398 3182 2540 3250 quod
2565 3191 2740 3236 autem
2782 3184 2893 3244 ait.
2939 3195 3056 3237 ante
3094 3184 3393 3256 luciferum,
3422 3192 3550 3239 ante

246 3294 309 3332 ex
339 3276 513 3330 nihilo
537 3315 554 3343 ,
584 3292 706 3328 cum
737 3273 852 3344 ipse
877 3283 1027 3343 pater
1052 3273 1251 3327 clamet
1279 3313 1292 3335 ,
1324 3269 1407 3325 Ex
1438 3281 1577 3324 utero
1611 3281 1727 3323 ante
1759 3270 1841 3323 lu-
1874 3273 1919 3336 C
1952 3287 2167 3326 omnem
2195 3283 2496 3328 creaturam
2526 3265 2794 3344 significat
2816 3317 2830 3338 ,
2856 3275 3152 3329 secundum
3176 3275 3319 3341 quod
3343 3275 3547 3329 dictum

248 3374 459 3442 ciferum
491 3370 667 3441 genuit
699 3369 791 3421 te?
820 3370 885 3422 Et
910 3368 1030 3422 vide
1054 3408 1068 3435 ,
1102 3384 1167 3421 ne
1194 3376 1348 3435 potes
1378 3380 1475 3419 nos
1499 3365 1800 3434 intelligere
1824 3402 1840 3429 ,

250 3464 389 3533 quod
442 3463 590 3517 Deus
657 3461 1025 3515 membrorum
1083 3458 1386 3529 partiumve
1451 3457 1846 3526 Compositioue

251 3560 558 3613 ’cousistat.
590 3556 749 3611 Absit
768 3554 879 3610 haec
908 3555 1175 3625 impietas.
1199 3554 1338 3608 Deus
1366 3553 1531 3617 enim,
1551 3552 1849 3622 quodcum-

254 3670 349 3723 quc
376 3654 504 3708 illud
535 3662 616 3706 est
646 3692 662 3716 ,
692 3650 917 3720 simplex
952 3660 1070 3714 est;
1100 3657 1241 3703 totus
1269 3647 1407 3701 idem
1436 3658 1518 3701 est
1550 3646 1845 3700 secundum

254 3746 603 3800 substantiam
636 3785 649 3809 ,
692 3759 797 3797 non
847 3758 972 3814 pars
1013 3753 1067 3797 et
1107 3756 1266 3810 pars,
1317 3756 1421 3793 non
1453 3740 1752 3793 membrum
1795 3746 1850 3795 et

256 3840 551 3894 membrum
578 3854 593 3902 ;
643 3836 736 3891 sed
768 3876 781 3898 ,
818 3848 873 3890 ut
919 3836 1175 3899 diximus,
1204 3833 1430 3903 simplex
1462 3833 1646 3886 nescio
1677 3831 1803 3900 quid
1830 3873 1845 3899 ,

254 3932 386 4002 quod
429 3933 500 3986 sit
544 3931 835 4001 integrum,
892 3939 945 3982 et
1002 3928 1324 3997 perfectum,
1385 3937 1437 3980 ct
1476 3926 1852 3980 inaestimabile

259 4028 277 4056 ³
310 4040 479 4081 tamen
512 4035 567 4080 et
599 4022 999 4094 inexplicabile.
1030 4022 1176 4078 Licet
1207 4038 1337 4091 ergo
1364 4022 1485 4074 talis
1519 4031 1620 4086 est,
1656 4029 1712 4074 ttt
1742 4036 1850 4074 non

256 4122 505 4177 membris
538 4121 850 4189 partiltusve
881 4118 1140 4172 subsistat
1168 4159 1182 4183 ,
1234 4127 1413 4171 tamen
1441 4116 1719 4184 Scriptura
1763 4114 1848 4170 di-

258 4217 372 4268 vina
415 4230 541 4269 cum
578 4214 691 4267 vult
736 4212 892 4267 nobis
934 4210 1273 4265 fabricatoris
1311 4224 1491 4265 veram
1545 4209 1854 4280 intelligen-

262 4309 378 4363 tiam
407 4307 831 4375 commendare,
885 4322 950 4361 ex
1002 4305 1087 4359 his
1126 4321 1245 4375 quae
1297 4306 1539 4359 [IOVlllIUs
1566 4344 1579 4368 .
1621 4304 1855 4375 loquitur

261 4403 439 4458 dicens
495 4420 506 4454 :
562 4403 737 4471 Opera
784 4414 1032 4453 manuum
1077 4399 1188 4462 eius
1231 4414 1339 4453 esse
1369 4398 1523 4451 caelos
1550 4396 1726 4467 (Psal.
1761 4412 1852 4464 cl,

261 4497 347 4559 26)
370 4537 385 4560 ,
438 4496 526 4551 vel
560 4510 1000 4564 unamquamque
1028 4503 1336 4549 creaturam
1372 4510 1384 4545 :
1418 4492 1541 4560 quia
1573 4492 1714 4561 apud
1763 4491 1858 4545 lto-

265 4592 429 4645 mines
460 4606 591 4644 vere
635 4597 690 4644 et
725 4588 947 4658 proprie
975 4602 1113 4654 Opus
1141 4587 1222 4640 vel
1257 4584 1460 4639 fabrica
1495 4584 1851 4654 intelligitur,

266 4685 397 4753 quod
442 4682 680 4737 efﬁcitur
735 4678 1031 4753 (omnibus)
1067 4698 1079 4733 :
1129 4680 1362 4749 denique
1402 4692 1524 4733 cum
1559 4678 1731 4732 visum
1770 4687 1853 4733 est
1879 4666 1932 4729 D
1959 4676 2125 4732 ﬁlium

268 4787 374 4831 arte
402 4775 608 4846 aliquid
639 4775 958 4828 fabricatum
986 4817 1000 4841 ,
1036 4773 1099 4827 ad
1135 4787 1324 4827 manus
1351 4772 1585 4827 refertur
1608 4769 1854 4827 artiﬁcis.

270 4867 521 4923 Similiter
570 4878 753 4922 autetn
795 4865 817 4897 ⁸
860 4869 1002 4921 inter
1041 4881 1139 4920 nos
1173 4865 1419 4920 volentes
1450 4852 1541 4919 lilii
1572 4864 1858 4934 designare

1949 3378 2033 3422 est
2054 3404 2069 3433 ,
2104 3363 2169 3419 Et
2198 3369 2307 3436 ipse
2335 3376 2408 3421 est
2437 3376 2556 3421 ante
2580 3383 2752 3421 omnes
2786 3366 3010 3439 (Coloss.
3042 3381 3081 3433 ι,
3126 3364 3239 3438 17).

2574 3476 2922 3558 CAPUTIH.

1954 3618 2104 3685 Quod
2147 3606 2245 3672 Dei
2288 3614 2428 3689 ﬁlius
2470 3619 2533 3673 sit
2567 3620 2888 3688 omnipotens
2914 3660 2927 3682 ,
2958 3629 3005 3674 et
3034 3619 3419 3675 indemutabilis
3447 3662 3460 3681 .
3504 3632 3550 3677 et

2022 3711 2161 3779 quod
2200 3727 2302 3765 una
2344 3712 2411 3764 sit
2458 3711 2827 3779 omnipotentia
2858 3710 3034 3766 Patris
3063 3721 3110 3765 et
3144 3711 3305 3781 Filii,
3341 3714 3471 3767 sicut
3503 3722 3550 3767 et

2023 3823 2126 3859 una
2155 3806 2321 3860 deitas
2354 3823 2372 3860 :
2403 3816 2451 3860 et
2478 3807 2540 3861 de
2570 3818 2889 3861 sacramento
2918 3808 3292 3864 incarnationis
3316 3808 3447 3877 ﬁlii,
3478 3808 3554 3863 cel

2026 3904 2195 3973 potius
2233 3904 2457 3975 sttscepti
2486 3905 2548 3958 ab
2574 3920 2634 3957 eo
2665 3904 2906 3958 hominis.

2025 4013 2065 4071 Ι.
2109 4015 2490 4070 Percutiatuus
2519 4027 2576 4071 et
2605 4017 2765 4071 aliam
2797 4032 2983 4073 eorum
3009 4016 3434 4086 blasphemiam,
3461 4030 3556 4086 per

1954 4124 2149 4180 quam,
2201 4118 2259 4162 ut
2299 4108 2527 4172 scribis,
2558 4110 2745 4164 dicunt
2773 4111 2913 4181 quod
2953 4126 3058 4164 non
3104 4113 3172 4165 sit
3211 4111 3556 4181 omnipotens

1954 4202 2118 4257 ﬁlius.
2152 4202 2217 4257 Et
2246 4200 2347 4257 hoc
2376 4202 2615 4259 breviter
2646 4202 2835 4258 faciant
2858 4243 2873 4269 ,
2904 4220 2970 4259 ne
2997 4204 3209 4274 longius
3232 4205 3553 4270 extendens,

1956 4298 2196 4354 laborem
2244 4297 2440 4369 legenti
2486 4300 2505 4331 '
2541 4299 2793 4354 tribuam.
2832 4299 3020 4354 Dicant
3046 4324 3061 4366 ς
3089 4300 3307 4371 quando
3338 4312 3442 4355 non
3473 4309 3559 4356 est

1955 4399 2301 4465 omnipotens
2323 4441 2336 4463 ,
2370 4404 2466 4467 per
2492 4410 2651 4469 quem
2687 4439 2700 4463 ,
2732 4408 2792 4453 ut
2814 4399 2915 4469 ipsi
2942 4408 3158 4469 quoque
3184 4398 3513 4455 conﬁtentur
3537 4442 3555 4469 ,

1958 4494 2140 4547 omnia
2189 4495 2326 4549 facta
2368 4494 2491 4547 sont
2524 4508 2536 4546 :
2567 4494 2694 4548 dent
2725 4504 2887 4549 unum
2917 4509 3053 4563 opus
3084 4493 3252 4567 patris
3279 4494 3419 4563 quod
3451 4508 3559 4550 non

1965 4582 2153 4640 fecerit
2183 4593 2231 4640 et
2266 4585 2405 4641 ﬁlius
2429 4627 2444 4653 ,
2475 4595 2535 4640 ttt
2577 4587 2807 4655 probent
2843 4594 2949 4641 non
2979 4600 3102 4641 esse
3132 4587 3558 4657 omnipotentem

2174 4696 2187 4730 :
2236 4686 2292 4731 at
2334 4693 2455 4733 cum
2507 4678 2713 4733 nullum
2760 4679 2830 4733 sit
2857 4678 3031 4749 opus,
3059 4677 3201 4747 quod
3249 4692 3353 4733 non
3393 4679 3562 4749 patris

1955 4770 2149 4825 existat
2202 4778 2257 4825 et
2300 4770 2419 4835 ﬁlii,
2448 4776 2569 4826 sine
2594 4771 2757 4826 dubio
2790 4771 3135 4841 omnipatens
3167 4782 3251 4827 est
3279 4772 3451 4836 illius,
3486 4771 3563 4826 fa-

1960 4865 2109 4920 ciens
2137 4880 2495 4936 qua-cumque
2526 4865 2653 4921 facit
2677 4867 3021 4934 omnipotens
3048 4876 3221 4933 pater.
3253 4867 3483 4930 Sufﬁcit,
3514 4867 3563 4922 si

272 4971 537 5025 naturam,
574 4960 711 5014 uteri
752 4958 979 5013 facimus
1008 4961 1341 5012 mentionem
1376 4975 1386 5009 :
1423 4972 1586 5012 nemo
1620 4960 1763 5012 enim
1791 4957 1860 5013 de

276 5057 405 5111 veris
437 5055 567 5110 ﬁliis
609 5070 716 5108 non
745 5053 811 5109 de
840 5066 993 5108 utero
1026 5054 1280 5107 nascitur.
1315 5053 1378 5106 Et
1413 5053 1553 5107 Deus
1581 5068 1712 5121 ergo
1762 5068 1863 5105 von

274 5146 382 5202 iens
428 5164 496 5203 ex
542 5164 601 5202 se
650 5156 833 5200 natum
880 5146 1045 5199 liliutn
1092 5147 1508 5211 demonstrare,
1542 5144 1674 5199 dixit
1716 5144 1862 5215 quod

276 5256 391 5295 eum
423 5248 485 5297 es
522 5252 679 5297 utero
708 5241 957 5312 genuerit
981 5281 995 5306 ,
1045 5256 1112 5295 ηε
1162 5250 1215 5295 ιιι
1238 5280 1253 5305 ,
1304 5238 1561 5295 haeretice
1589 5278 1603 5307 ,
1658 5239 1866 5295 calum-

280 5332 790 5397 niarerisexnihilo.
807 5332 911 5391 Sed
936 5335 1074 5388 sicut
1099 5344 1218 5388 cum
1242 5334 1379 5388 Deus
1398 5333 1644 5388 manibus
1671 5330 1864 5391 fecisse

283 5424 506 5494 dicitur,
562 5437 622 5483 ut
673 5426 783 5482 Deo
834 5422 1053 5496 dignum
1091 5423 1505 5498 intelligendum
1554 5436 1674 5486 est:
1710 5422 1782 5482 ita
1808 5437 1864 5485 ct

1962 4957 2063 5011 hoc
2111 4958 2284 5026 ipsqu
2333 4961 2494 5014 etiam
2559 4960 2752 5013 divinis
2798 4961 3121 5016 testimoniis
3177 4962 3560 5033 approbemus.

1963 5051 2120 5121 Apud
2156 5054 2473 5123 prophetam
2519 5052 2835 5109 Zachariam
2881 5055 3109 5124 legimus
3141 5070 3153 5110 :
3191 5054 3267 5122 0,
3298 5071 3327 5109 ο
3354 5096 3367 5120 ,
3402 5057 3565 5129 fugite

1967 5168 1998 5203 a
2027 5162 2164 5207 terra
2191 5152 2461 5224 Aquilonis
2488 5197 2502 5220 ,
2535 5155 2659 5210 dicit
2700 5154 2979 5220 Dominus,
3011 5156 3250 5226 quoniam
3282 5170 3313 5206 a
3342 5162 3567 5225 quatuor

1968 5246 2129 5300 ventis
2157 5246 2275 5301 caeli
2307 5246 2552 5319 colligam
2579 5265 2665 5303 vos
2688 5250 2743 5303 in
2767 5248 2897 5303 Sion
2924 5264 2941 5303 :
2968 5246 3297 5303 resalramini
3319 5291 3332 5315 ,
3367 5247 3454 5318 qui
3483 5247 3565 5301 in-

1967 5339 2209 5395 ltabitatis
2259 5341 2425 5412 ﬁliam
2466 5339 2780 5413 Babylonis,
2812 5343 3053 5414 quoniam
3082 5340 3191 5396 haec
3225 5340 3346 5394 dicit
3374 5336 3561 5394 Domi-

1964 5448 2060 5487 nus
2090 5444 2409 5504 omnipotens
2443 5450 2461 5490 :
2490 5434 2618 5491 Post
2639 5435 2887 5491 honorem
2915 5437 3053 5491 misit
3085 5451 3165 5490 me
3191 5449 3345 5505 super
3391 5444 3565 5508 gentes

353 5603 368 5633 ¹
409 5603 474 5658 Ut
505 5619 642 5657 cum.
681 5598 752 5656 Ut
780 5598 1085 5656 redundare
1114 5598 1346 5656 videtur.
2048 5597 2069 5631 ⁸
2108 5598 2321 5659 Manus.

354 5675 373 5703 ¹
411 5673 690 5730 subsistat.
2048 5671 2067 5702 ⁷
2105 5670 2224 5731 Est.

358 5742 376 5819 ἓ
408 5745 591 5813 Forte,
622 5754 839 5800 tantum.
2048 5743 2070 5776 ⁸
2106 5741 2339 5819 ignoret.

360 5817 380 5849 ⁸⁵
414 5820 558 5877 Inter
592 5837 703 5877 nos.
733 5819 912 5878 Malim
941 5828 990 5877 et
1016 5835 1129 5877 nos.
2048 5822 2070 5858 ⁹
2108 5817 2433 5893 hastilibus.

366 5895 385 5927 '
423 5893 659 5953 Tantum.
