3998 6346
481 327 552 385 σε
1730 317 2048 376 FAUSTINI
2089 318 2534 380 PRESBYTER!
3700 327 3768 402 δι

483 463 601 521 quae
626 442 1042 520 ea'spoliaverunt
1065 458 1184 510 vos;
1211 441 1458 510 quoniam
1483 441 1573 511 qui
1600 441 1765 512 tangit
1789 409 1876 494 vos
1900 481 1916 508 ,
1946 441 2082 494 sicut
2109 445 2160 504 Α
2189 440 2444 497 Hebraeos
2473 441 2632 516 (Heb.
2659 459 2676 498 ι
2700 484 2716 511 ,
2751 442 2846 499 10-
2863 441 2967 513 12).
3004 441 3184 499 Habes
3209 457 3339 514 ergo
3361 457 3457 514 per
3491 442 3602 500 haec
3629 447 3765 518 capi.

485 542 576 612 qui
623 541 788 613 tangit
835 539 1088 614 pupillam
1133 537 1266 593 oculi
1308 537 1474 607 ipsius
1507 552 1526 592 :
1562 537 1805 607 quoniam
1837 551 1952 591 ecce
1986 552 2080 608 ego

485 635 656 708 infero
702 651 914 689 manuni
962 649 1128 689 meam
1166 647 1323 699 super
1357 647 1477 698 eos;
1508 641 1556 686 et
1580 643 1732 685 erunt
1757 633 1925 696 spolia
1946 672 1962 698 ,
1994 632 2084 701 qui

487 733 842 806 spoliaverunt
879 729 1000 784 illos
1052 745 1072 784 :
1123 738 1168 783 et
1215 728 1232 760 ί
1278 726 1450 780 scietis
1487 727 1609 798 quia
1631 724 1888 781 Dominus
1918 727 2084 781 omni-

489 835 669 897 potens
708 824 844 878 misit
888 839 967 877 nte
995 819 1179 894 (Zach.
1209 837 1270 883 ιι,
1303 815 1439 890 6—9).
1471 819 1526 874 Si
1568 819 1818 875 intendas
1850 818 1974 873 huic
1994 834 2085 874 ca-

491 919 682 989 pitulo.
715 915 958 972 invenies
984 915 1126 986 quod
1160 914 1303 970 titius
1332 915 1676 981 omnipotens
1721 927 1750 966 a
1789 925 1938 983 patre
1967 927 2085 965 οιιι-

387 1077 396 1084 ι
490 1011 766 1080 ltipulenle
813 1012 885 1064 sit
930 1009 1169 1072 missus,
1215 1020 1273 1063 ut
1319 1008 1509 1079 positis
1540 1008 1591 1062 iit
1619 1006 1931 1070 captivitate
1959 1005 2087 1058 sult-

489 1105 688 1158 veniat.
716 1101 1014 1158 Considi-ra
1042 1103 1186 1158 enini
1218 1101 1534 1171 prophetam
1556 1098 1738 1154 dicere
1773 1115 1786 1152 :
1815 1097 1939 1152 Htec
1961 1097 2084 1151 dicit

490 1196 740 1251 Dominus
769 1195 1090 1267 omnipotens
1117 1209 1136 1248 :
1164 1206 1216 1249 et
1253 1192 1532 1248 audiamus
1557 1234 1571 1257 ,
1609 1193 1630 1222 ²
1665 1193 1924 1261 propheta
1955 1188 2086 1245 rele-

487 1301 642 1344 rente
664 1331 678 1353 ,
721 1288 847 1359 quid
889 1286 1021 1342 dicit
1062 1286 1319 1342 Dominus
1347 1285 1731 1352 omnipotens:
1765 1281 1888 1337 Post
1916 1281 2081 1336 Itono-

487 1399 594 1438 rent
618 1422 632 1445 ,
677 1381 881 1452 inquit,
911 1380 1051 1434 misit
1075 1395 1154 1432 nte
1181 1393 1334 1452 super
1357 1388 1529 1449 gentes
1555 1393 1574 1431 :
1603 1376 1720 1430 sine
1750 1374 1914 1429 duhio
1943 1372 2086 1428 ﬁlius

487 1487 569 1534 est
594 1519 610 1544 ,
643 1479 733 1548 qui
764 1485 883 1546 post
917 1476 1174 1529 honorem
1202 1474 1224 1504 ⁸
1253 1475 1475 1529 missum
1515 1488 1636 1528 esse
1672 1488 1731 1525 se
1767 1471 1898 1525 dicit
1923 1485 2087 1538 super

486 1581 678 1642 gentes
703 1611 716 1634 ,
759 1584 919 1640 quem
963 1567 1222 1639 propheta
1255 1566 1386 1622 dicit
1425 1565 1707 1621 Dominum
1745 1565 2088 1634 omnipoten-

489 1671 615 1718 tem.
655 1661 753 1717 llic
800 1676 934 1732 ergo
983 1659 1123 1714 lilius
1161 1659 1400 1714 existens
1443 1653 1701 1714 Dominus
1744 1658 2086 1728 omnipotens

491 1761 543 1812 in
588 1748 782 1810 ultimo
812 1753 1122 1810 testimonio
1143 1795 1160 1821 ,
1189 1763 1238 1808 et
1267 1754 1435 1808 scietis
1469 1755 1590 1824 quia
1631 1751 1882 1805 Dominus
1923 1750 2088 1804 omni-

2188 537 2294 592 tnla
2341 547 2393 592 et
2431 538 2857 605 omnipotentem
2901 537 3067 593 lilium
3091 580 3106 607 ,
3135 547 3191 594 et
3216 537 3650 594 indemutahilem
3674 583 3688 608 ,
3715 550 3766 600 et

2184 630 2424 684 omnium
2455 631 2823 696 conditorem,
2853 632 2990 686 sicut
3023 642 3075 687 et
3107 631 3344 686 omnium
3375 631 3665 701 artiﬁcem,
3693 634 3768 690 di-

2183 735 2342 779 ceute
2390 725 2683 781 Salomone
2719 743 2731 780 :
2770 725 3010 780 Omnium
3045 727 3179 780 enim
3216 728 3406 799 artif'a:
3439 728 3610 782 docuit
3647 745 3720 784 me
3745 730 3764 762 '

2163 820 2439 884 sapientia
2470 819 2626 890 (Sap.
2671 836 2738 874 vn
2763 860 2779 885 ,
2813 819 2927 890 21).
2963 819 3069 874 Sed
3111 835 3178 876 ne
3214 820 3352 875 duos
3382 823 3763 891 omnipotentes

2185 913 2453 984 intelligas
2475 956 2490 979 ,
2525 915 2934 974 pra'cavendunt
2963 924 3046 970 est
3076 933 3088 968 :
3127 915 3248 970 licet
3281 915 3424 970 enim
3447 928 3498 970 et
3531 931 3674 984 pater
3703 920 3765 976 sit

2186 1010 2530 1076 omnipotens
2575 1021 2628 1060 et
2677 1007 2847 1072 filius,
2893 1018 3066 1061 tamen
3115 1022 3250 1061 unus
3290 1017 3373 1062 est
3402 1011 3762 1078 omnipotens,

2185 1103 2322 1158 sicut
2363 1113 2416 1156 et
2467 1118 2602 1155 unus
2649 1113 2730 1156 est
2774 1102 2912 1156 Deus
2947 1119 2959 1154 :
2999 1103 3120 1170 quia
3163 1101 3334 1156 Patris
3361 1115 3410 1157 et
3445 1101 3562 1157 Filii
3591 1103 3764 1160 eadem

2185 1195 2578 1264 omnipotentia
2619 1206 2732 1260 est,
2773 1194 2914 1249 sicut
2954 1206 3002 1250 et
3035 1195 3221 1249 eadem
3254 1195 3460 1262 deitas,
3490 1197 3765 1264 secundum

2185 1289 2326 1359 quod
2357 1305 2517 1359 supra
2561 1305 2658 1357 pro
2688 1289 2894 1344 viribus
2923 1299 2978 1342 ιιι
3001 1289 3307 1345 rotulitione
3345 1294 3600 1362 temporis
3626 1308 3765 1349 ccar-

2186 1385 2384 1437 ctnntis
2414 1398 2730 1453 expressum
2761 1394 2864 1436 est.
2902 1382 3008 1439 Sed
3053 1393 3106 1437 ct
3153 1400 3294 1437 nunc
3337 1382 3561 1439 inferius
3597 1387 3766 1453 expla-

2188 1477 2404 1530 ttahitur
2452 1476 2761 1530 testimonio
2812 1476 2984 1530 Esaia!
3034 1476 3310 1545 propheta:
3364 1496 3376 1531 :
3423 1476 3657 1550 Fatigata
3699 1489 3765 1534 est

2188 1566 2455 1641 Ai'gyptus
2480 1610 2494 1630 ,
2548 1580 2596 1622 et
2641 1569 2918 1638 negatiatio
2968 1568 3281 1638 .Etltiopum
3307 1614 3318 1632 .
3349 1581 3397 1626 et
3446 1571 3650 1626 Sabaim
3682 1573 3767 1626 viri

2166 1662 2374 1728 excelsi
2404 1663 2470 1714 ad
2510 1671 2556 1715 te
2607 1663 2897 1716 transibunt
2922 1704 2937 1728 ,
2980 1672 3026 1717 et
3070 1664 3142 1716 tui
3181 1675 3328 1717 erunt
3367 1665 3497 1718 servi
3523 1674 3569 1718 et
3597 1675 3700 1735 post
3727 1674 3768 1720 te

2186 1763 2458 1818 sequentur
2483 1754 2679 1824 alligati
2706 1755 2922 1808 vinculis
2948 1798 2962 1820 ,
3015 1763 3062 1808 et
3103 1756 3395 1810 adorabunt
3439 1767 3486 1810 te
3508 1799 3522 1823 ,
3561 1766 3607 1810 et
3642 1757 3691 1810 in
3726 1767 3766 1810 te

489 1859 668 1922 potens
707 1848 844 1904 misit
892 1865 1003 1912 me,
1037 1855 1094 1900 ut
1125 1862 1284 1916 supra
1328 1846 1527 1901 ι11ιιιυιιι
1566 1853 1689 1909 est,
1733 1845 1800 1896 ab
1840 1843 2087 1912 omnipo-
2115 1845 2164 1902 B
2192 1847 2600 1916 deprecabuntur
2653 1864 2671 1902 :
2718 1849 2959 1917 quoniam
3001 1850 3054 1902 in
3097 1860 3144 1902 te
3184 1861 3259 1903 est
3305 1849 3478 1908 Dens.
3509 1861 3554 1903 et
3583 1865 3678 1903 non
3703 1857 3766 1904 est

491 1951 637 1998 lente
679 1940 876 1996 missus
909 1947 996 1996 est
1026 1949 1202 2010 patre.
1236 1938 1342 1995 Sed
1372 1946 1428 1993 et
1464 1937 1740 2008 apostolus
1763 1935 2001 1992 Joannes
2029 1935 2082 1990 in

488 2038 812 2110 Apocalypsi
858 2038 976 2092 lnec
1013 2036 1144 2092 dicit
1189 2054 1203 2092 :
1257 2037 1447 2102 Amen,
1480 2036 1622 2090 testis
1649 2034 1848 2106 ﬁdelis,
1880 2034 2087 2088 initium

486 2145 735 2189 creatura:
766 2132 862 2188 Dei
899 2133 1084 2206 (Apoc.
1117 2148 1209 2197 ιιι,
1257 2130 1382 2201 14),
1451 2131 1536 2202 qui
1573 2139 1684 2195 est,
1733 2139 1781 2186 et
1825 2130 2083 2200 quierat,

487 2236 536 2282 et
563 2227 652 2296 qui
678 2237 919 2281 venturus
947 2235 1019 2280 est
1054 2224 1308 2279 Dominus
1344 2223 1486 2278 Deus
1525 2223 1846 2294 omnipotens
1892 2222 2082 2294 (Apoc.

487 2338 536 2384 ι.
569 2323 604 2377 4
627 2363 642 2386 ,
669 2322 735 2387 8;
767 2337 820 2376 iv
841 2361 854 2384 ,
901 2321 981 2388 8).
1017 2319 1082 2374 Et
1119 2318 1376 2375 Salomon
1407 2317 1548 2372 inter
1574 2330 1770 2372 Ctnlern
1804 2317 1874 2370 ait
1906 2315 1976 2370 de
2001 2329 2088 2371 sa-

493 2415 724 2485 pientia,
758 2430 877 2485 qum
923 2412 1110 2481 utique
1138 2411 1384 2466 (‘hristus
1410 2410 1553 2466 ﬁlius
1586 2411 1676 2464 Dei
1709 2421 1793 2466 est
1829 2427 1842 2464 :
1899 2408 2090 2478 Splen-

487 2507 584 2560 dor
609 2505 631 2538 ⁸
670 2517 741 2560 est
772 2507 910 2561 enim
939 2506 1069 2560 lucis
1094 2515 1305 2560 atteram
1327 2547 1342 2571 ,
1370 2515 1416 2558 et
1437 2503 1703 2573 speculans
1721 2505 1832 2556 sine
1853 2504 2090 2568 macula;

489 2598 742 2654 Dominus
769 2598 1110 2666 omnipotens,
1139 2612 1322 2651 nomen
1348 2596 1480 2650 estei
1504 2595 1656 2665 (Sap.
1680 2610 1753 2648 vu
1776 2637 1790 2658 ,
1817 2594 1889 2649 26
1913 2635 1928 2660 ,
1952 2594 2045 2665 ‘27)
2074 2613 2087 2649 :

489 2692 624 2748 Item
656 2709 668 2745 :
713 2689 836 2764 Ipse
861 2699 911 2745 et
939 2691 1028 2762 qui
1057 2691 1272 2746 redemit
1299 2691 1419 2745 illos
1441 2730 1457 2755 ,
1491 2689 1744 2744 Dominus
1774 2691 2092 2758 omnipotens

491 2787 781 2841 nomen'est
817 2786 917 2840 illi.
949 2784 1080 2840 Item
1118 2786 1169 2839 in
1219 2785 1391 2839 Much.
1431 2803 1445 2837 :
1487 2785 1732 2838 Nondum
1760 2787 1892 2839 enim
1920 2787 2090 2839 oraui-

490 2880 710 2950 potentis
737 2921 750 2944 ,
775 2889 820 2932 et
843 2881 1016 2934 omnia
1038 2877 1346 2942 possidentis
1368 2875 1466 2931 Dei
1477 2879 1760 2948 judicium,
1785 2879 2089 2950 majestatis,

489 2981 538 3026 et
558 2973 728 3041 imago
760 2972 1000 3027 bonitatis
1024 2972 1171 3026 illius
1192 3013 1207 3036 ,
1237 2982 1285 3025 et
1305 2987 1422 3026 cum
1442 2973 1505 3025 sit
1535 2981 1636 3026 una
1658 3012 1674 3038 ,
1709 2973 1882 3026 omnia
1905 2983 2088 3042 potest.

489 3063 774 3132 Quomodo
811 3079 918 3119 non
967 3065 1313 3135 omnipotens
1363 3075 1468 3132 εει,
1507 3080 1628 3119 cuiu
1668 3066 1836 3133 possit
1877 3067 2092 3121 omnia?

489 3159 622 3214 Nam
664 3168 720 3213 et
754 3173 915 3227 supra
961 3159 1028 3213 de
1075 3159 1266 3214 eadem
1309 3161 1570 3230 sapientia
1611 3159 1856 3226 dixerat,
1893 3177 2093 3216 omnem

2188 1938 2330 1994 Deus
2371 1951 2556 2013 praeter
2584 1951 2650 1996 te.
2693 1941 2768 1995 'l'u
2803 1943 2935 1996 enim
2976 1960 3028 1996 es
3072 1941 3247 2010 Deus,
3303 1953 3350 1998 et
3396 1944 3760 2008 nesciebamus,

2193 2031 2328 2086 Deus
2399 2029 2568 2087 Israel
2621 2032 2886 2090 Salvator.
2943 2032 3262 2089 Erubescent
3313 2047 3360 2090 et
3408 2035 3766 2106 confundenlur

2189 2143 2363 2181 omnes
2384 2167 2399 2192 ,
2435 2127 2524 2198 qui
2565 2129 2901 2184 adversantur
2928 2129 2974 2181 ei
2993 2171 3006 2190 ,
3041 2138 3086 2183 et
3110 2129 3256 2184 ibunt
3288 2129 3309 2160 ‘
3330 2145 3445 2182 cmn
3466 2130 3764 2200 confusione.

2193 2219 2328 2289 (Isa.
2364 2237 2494 2286 xm,
2542 2221 2652 2292 14).
2682 2221 2943 2288 Intende,
2979 2223 3103 2291 quia
3146 2224 3210 2277 ad
3245 2225 3417 2277 lilium
3463 2222 3688 2286 dicitur,
3727 2230 3766 2276 et

2191 2316 2265 2369 tui
2294 2326 2441 2370 erant
2471 2317 2606 2370 servi
2623 2361 2636 2383 ,
2668 2327 2715 2371 et
2738 2327 2851 2390 post
2879 2327 2926 2372 te
2949 2328 3225 2389 sequentur
3249 2319 3451 2390 alligati
3478 2319 3700 2380 vinculis,
3726 2324 3767 2370 et

2191 2409 2479 2464 adorabunt
2517 2422 2593 2473 te.
2644 2423 2691 2466 et
2730 2413 2782 2466 in
2830 2421 2878 2466 te
2921 2413 3352 2482 deprecabuntur.
3389 2413 3527 2481 Ergo
3569 2423 3623 2466 et
3658 2411 3766 2464 hinc

2196 2503 2338 2558 Deus
2356 2519 2518 2558 verus
2547 2505 2850 2559 o~tenditur
2873 2506 3011 2560 ﬁlius
3039 2547 3052 2571 ,
3077 2505 3200 2560 cuni
3224 2507 3502 2561 aduratur.
3526 2504 3616 2559 Dei
3638 2503 3765 2558 enim

2191 2607 2277 2652 est
2313 2597 2527 2653 adorari
2564 2618 2575 2652 :
2614 2600 2880 2670 siquidem
2910 2611 2960 2655 cl
2991 2601 3115 2656 alihi
3146 2603 3166 2633 ’⁷
3195 2602 3356 2658 docet
3383 2600 3662 2669 Apostolus
3707 2597 3767 2652 de

2195 2691 2303 2745 lilio
2337 2691 2427 2745 Dei
2458 2707 2580 2747 esse
2610 2694 2867 2762 scriptum
2904 2713 2916 2749 :
2961 2692 3028 2746 Et
3069 2694 3284 2749 adorent
3329 2711 3446 2750 eum
3487 2709 3649 2748 omnes
3686 2707 3766 2744 anc

2193 2785 2294 2856 geli
2327 2783 2422 2838 Dei
2454 2784 2609 2858 (lleb.
2645 2802 2695 2851 ι,
2723 2785 2779 2858 6)
2809 2805 2822 2840 :
2855 2787 3059 2841 scilicet
3087 2790 3207 2856 quia
3243 2803 3374 2844 vere
3401 2788 3562 2841 Dento
3590 2792 3643 2840 et
3680 2783 3770 2837 Do-

2197 2877 2421 2932 minum.
2476 2879 2581 2934 Sed
2637 2881 2687 2932 in
2735 2882 2988 2949 prmseuti
3032 2881 3346 2934 te5tiinouio
3398 2880 3603 2942 Esaiae,
3649 2876 3770 2928 sicut

2193 2967 2308 3036 ipse
2359 2971 2499 3024 Deus
2529 3013 2543 3036 ,
2594 2973 2672 3026 sic
2722 2975 2884 3026 etiam
2932 2975 2982 3026 iu
3032 2973 3148 3042 ipso
3175 2971 3319 3026 Deus
3355 2979 3438 3027 est
3469 2989 3481 3026 :
3511 2971 3583 3024 ait
3609 2969 3766 3030 enim,

2199 3066 2463 3132 Quoniam
2489 3067 2542 3119 in
2568 3078 2614 3120 te
2644 3065 2778 3120 Deus
2810 3075 2885 3121 est
2904 3108 2920 3132 ,
2951 3076 2996 3121 et
3019 3084 3119 3120 non
3148 3078 3220 3121 est
3244 3065 3390 3121 Deus
3420 3075 3598 3136 prater
3621 3071 3681 3116 te.
3715 3057 3770 3113 Et

2196 3175 2317 3213 cum
2371 3159 2575 3215 dixerit
2623 3159 2674 3212 in
2737 3160 2845 3214 Deo
2899 3160 3064 3213 Deum
3109 3175 3272 3225 esse,
3318 3158 3688 3225 suhsequitur.
3723 3158 3770 3204 cl

489 3251 680 3308 habens
719 3253 956 3308 virtutem
1008 3251 1200 3322 (lbid.,
1243 3251 1335 3320 23)
1373 3270 1386 3306 :
1431 3268 1561 3324 ergo
1601 3255 1941 3324 omnipotens
1971 3267 2087 3323 est,
2119 3248 2166 3312 C
2197 3252 2326 3306 dicit
2359 3270 2371 3305 :
2407 3252 2481 3306 Tu
2509 3252 2642 3307 enim
2668 3269 2719 3307 es
2770 3251 2908 3306 Deus
2931 3295 2946 3316 ,
2979 3263 3021 3306 et
3053 3254 3400 3308 nesciebamus
3421 3294 3434 3318 ,
3465 3249 3598 3304 Deus
3622 3243 3771 3299 Ῐεναει

493 3362 689 3400 onmem
717 3345 914 3402 habens
942 3347 1197 3400 virtutem.
1245 3346 1350 3403 Sed
1383 3347 1558 3402 adhuc
1589 3349 1704 3419 ipse
1734 3348 1988 3404 Salomon
2017 3351 2094 3404 ait

491 3437 561 3493 de
609 3438 798 3494 eadem
855 3438 1120 3508 sapientia
1196 3461 1209 3493 :
1263 3438 1329 3493 Et
1377 3457 1683 3510 permanens
1722 3442 1774 3495 in
1823 3443 2096 3512 semetipsa

492 3541 660 3584 manet
692 3529 883 3602 (lbid.,
913 3529 1028 3602 ‘27).
1063 3530 1134 3585 Et
1163 3530 1291 3585 alibi
1321 3531 1579 3587 Salomon
1621 3550 1634 3586 :
1677 3532 1797 3587 Non
1831 3536 1964 3588 enim
2001 3536 2096 3587 im-

495 3623 757 3697 possibilis
779 3634 855 3678 est
884 3625 1206 3692 omnipotens
1223 3634 1311 3679 tua
1333 3642 1518 3680 manus
1541 3626 1698 3697 (Sap.
1723 3643 1777 3681 ιιι
1795 3669 1808 3690 ,
1827 3628 1935 3696 18).
1963 3627 2096 3682 Item

496 3717 613 3787 ipse
661 3733 675 3770 :
735 3715 1072 3788 Omnipotens
1111 3734 1277 3772 sermo
1312 3728 1428 3772 tuus
1467 3719 1707 3772 exsiliens
1744 3719 1809 3772 de
1843 3720 2099 3791 regalibus

495 3809 701 3864 sedibus
729 3809 885 3883 (Sap.
925 3826 1056 3865 xviii
1079 3853 1092 3877 ,
1129 3809 1240 3880 15).

570 3901 635 3958 ll.
675 3903 922 3972 Aguosce
966 3904 1412 3974 omnipotentiam
1455 3905 1574 3974 ejus
1599 3948 1613 3970 ,
1652 3921 1773 3960 cum
1803 3907 1979 3961 omnia
2017 3907 2102 3961 in-

498 4005 660 4050 nOVat
701 4013 713 4048 :
749 4010 984 4066 agnosce
1029 3997 1230 4052 interea
1273 4007 1327 4052 et
1368 3998 1511 4068 quod
1557 3999 1960 4055 indemutabilis
1985 4011 2097 4066 est,

497 4105 620 4146 cum
675 4089 729 4145 in
795 4090 1084 4161 semetipsa
1133 4104 1412 4160 permanet
1452 4091 1629 4148 Omnia
1673 4095 1936 4148 innovatis
1979 4111 1994 4148 :
2049 4094 2098 4148 id

497 4194 610 4248 est,
647 4183 774 4240 licet
801 4185 981 4239 omnia
1021 4185 1273 4252 iunovet,
1327 4186 1441 4255 ipsa
1483 4196 1660 4240 tamen
1701 4185 2102 4242 indeinutabilis

497 4288 842 4349 perseverat;
889 4276 1035 4348 quod
1089 4278 1189 4332 nisi
1241 4295 1348 4332 non
1409 4277 1502 4334 Dei
1553 4280 1938 4348 omnipOIentis
1995 4291 2096 4334 est.
2147 4276 2154 4282 ’

497 4371 605 4428 Sed
654 4373 776 4442 quia
823 4387 954 4428 vere
995 4371 1400 4428 iudemutabilis
1455 4381 1539 4428 est
1581 4371 1724 4454 [ilius
1762 4384 1813 4428 et
1853 4373 2102 4428 conditor

499 4463 779 4529 omnium,
809 4466 976 4520 etiam
1017 4466 1100 4520 his
1133 4465 1434 4520 Psalmistie
1463 4465 1710 4521 versibus
1730 4467 2058 4536 approbatur
2084 4487 2096 4523 :

500 4559 568 4614 In
596 4561 742 4615 initio
768 4570 820 4614 tu
845 4559 1062 4616 Domine
1088 4571 1278 4617 terram
1309 4564 1572 4635 fundasti,
1601 4573 1647 4618 et
1672 4581 1830 4632 Opera
1854 4581 2094 4619 manuum

2199 3343 2457 3400 Salvator.
2481 3345 2621 3412 Ergo
2645 3358 2768 3398 cum
2799 3345 2940 3399 Deus
2968 3343 3022 3397 in
3042 3345 3150 3397 Deo
3176 3356 3256 3398 est
3275 3387 3290 3410 ,
3324 3356 3378 3400 et
3411 3359 3512 3396 non
3538 3347 3617 3394 est
3644 3337 3771 3390 Deus

2199 3447 2395 3507 printer
2418 3451 2542 3492 eum
2569 3438 2619 3490 in
2652 3451 2758 3506 quo
2782 3435 2926 3490 Deus
2954 3445 3070 3503 est,
3120 3445 3175 3490 et
3214 3437 3335 3506 ipse
3373 3443 3456 3490 est
3498 3433 3632 3487 Deus
3671 3425 3772 3482 Sal-

2198 3543 2354 3586 vatur
2383 3532 2580 3597 Israel;
2612 3533 2914 3586 ostenditur
2950 3535 3124 3585 unitas
3147 3531 3444 3586 divinitatis
3475 3528 3525 3582 itt
3557 3526 3700 3580 Patre
3725 3527 3773 3573 et

2203 3624 2337 3680 Filio
2364 3667 2378 3688 ,
2427 3625 2564 3680 sicut
2621 3635 2675 3678 et
2713 3626 3120 3696 omnipotentiae
3145 3666 3160 3690 ,
3199 3633 3255 3678 et
3289 3621 3544 3692 quidquid
3573 3613 3772 3671 omnim

2199 3719 2395 3773 divina:
2447 3720 2762 3774 slihstantia:
2798 3729 2881 3773 est
2928 3737 2941 3773 :
2994 3717 3096 3772 hoc
3135 3720 3252 3774 solo
3279 3718 3538 3772 diiIei-eus
3581 3727 3607 3764 a
3639 3715 3772 3777 patre

2201 3812 2372 3876 ﬁlius,
2405 3814 2546 3883 quod
2571 3813 2661 3867 ille
2689 3821 2840 3882 pater
2868 3822 2988 3878 est,
3019 3821 3072 3868 et
3102 3811 3187 3866 hic
3215 3811 3395 3876 (ilius;
3427 3808 3477 3864 id
3509 3815 3620 3868 est,
3647 3795 3772 3860 (ιιιοι1

2201 3906 2293 3962 ille
2316 3909 2539 3976 genuit,
2582 3919 2632 3962 et
2668 3907 2753 3961 hic
2783 3917 2938 3961 natus
2968 3917 3052 3962 est
3095 3925 3108 3961 :
3141 3921 3247 3960 nou
3277 3914 3456 3959 tamen
3485 3898 3602 3970 quia
3637 3901 3772 3947 ητιῑιις

2201 4013 2282 4059 est
2310 4045 2325 4069 ,
2370 4007 2545 4057 minus
2592 4004 2754 4057 hath
2779 4003 2978 4072 aliquid
3006 4043 3021 4067 ,
3051 4018 3211 4072 quam
3240 4001 3384 4072 quod
3415 4001 3465 4054 in
3515 3997 3619 4050 Deo
3642 3994 3775 4058 ιιιιῑτθ

2201 4105 2285 4150 est
2309 4138 2322 4159 ,
2371 4097 2544 4165 imago
2595 4094 2690 4148 Dei
2728 4095 3000 4149 invisibilis
3056 4094 3296 4149 existens
3329 4091 3547 4164 (Coloss.
3579 4079 3772 4149 “15).

2201 4205 2246 4246 et
2277 4190 2519 4262 splendor
2546 4191 2726 4263 gloriae
2749 4232 2764 4252 ,
2793 4199 2838 4243 et
2862 4190 3123 4242 character
3158 4187 3456 4242 substantia:
3480 4183 3590 4243 ei"!
3629 4169 3773 4248 (Πεθο

2201 4299 2252 4348 ι,
2281 4283 2361 4353 5).
2397 4283 2508 4338 1100
2535 4283 2625 4352 qui
2667 4282 2735 4337 de
2773 4281 2886 4336 lilio
2919 4281 3011 4335 Dei
3043 4297 3148 4335 non
3180 4283 3440 4340 credunt,
3478 4271 3642 4328 Esaiae
3665 4279 3776 4318 seu-

2202 4376 2422 4429 tentinm
2473 4374 2812 4428 sustinebunt
2859 4372 3091 4426 dicentis
3143 4369 3538 4427 :Erubescent,
3583 4369 3627 4414 et
3669 4367 3776 4408 con-

2200 4469 2481 4540 fundentur
2531 4483 2704 4522 omnes
2753 4465 2840 4534 qui
2887 4467 3226 4518 adversantur
3263 4465 3312 4518 ei
3345 4504 3359 4527 ,
3386 4471 3434 4514 et
3463 4458 3602 4510 ibunt
3629 4450 3648 4482 ⁸
3675 4457 3776 4545 cut"

2201 4563 2518 4632 confusione.
2569 4559 2673 4614 Sed
2706 4569 2758 4614 et
2789 4561 2810 4592 ο
2856 4556 3120 4613 Jeremias
3159 4556 3226 4610 de
3266 4554 3361 4610 lilii
3391 4549 3584 4606 deitate
3611 4551 3775 4632 exprl-

499 4664 708 4709 tuarum
739 4664 861 4710 sunt
884 4655 1000 4711 ειειί
1034 4672 1053 4710 :
1076 4657 1179 4724 ipsi
1205 4631 1460 4726 peribunt,
1479 4667 1533 4709 tu
1562 4668 1732 4712 autem
1762 4658 2098 4726 permanebis,
2129 4646 2181 4706 D
2208 4631 2307 4709 mit
2333 4656 2520 4709 dicens
2553 4670 2566 4707 :
2592 4653 2692 4707 Hic
2722 4653 2857 4707 Deus
2885 4661 3052 4705 noster
3080 4661 3172 4714 est,
3201 4661 3248 4706 et
3275 4666 3374 4704 non
3400 4646 3442 4678 ¹⁰
3467 4631 3777 4726 άεριεεηίθξίυτ

498 4755 547 4801 ει
575 4763 749 4812 omnes
779 4749 908 4801 sicut
939 4748 1290 4802 vestimentum
1317 4757 1622 4802 veterascent
1651 4764 1671 4802 :
1702 4758 1751 4801 et
1782 4749 1914 4802 sicut
1944 4765 2097 4817 oper-

500 4841 688 4894 torium
718 4841 938 4895 mulabis
966 4857 1054 4896 eos
1075 4882 1090 4907 ,
1124 4851 1173 4896 et
1195 4841 1525 4896 mutabuntur
1551 4858 1571 4897 :
1597 4851 1651 4896 tu
1671 4852 1840 4896 autem
1869 4841 2000 4894 idem
2021 4859 2096 4907 es,

501 4943 548 4987 et
576 4934 700 4988 anni
726 4932 800 4987 tui
827 4951 925 4989 non
948 4935 1186 5003 deﬁcient
1208 4933 1378 5006 (Psal.
1403 4950 1477 5003 CI,
1505 4934 1724 5004 26-28).
1757 4936 1868 4991 Iloc
1893 4937 1961 4990 de
1992 4935 2100 4990 lilio

505 5024 597 5080 Dei
649 5027 909 5098 scriptum
965 5027 1351 5098 interpretatus
1411 5037 1496 5084 est
1539 5027 1740 5084 Paulus
1765 5028 2011 5084 scribens
2030 5029 2098 5084 ad

575 5202 593 5232 ⁸
635 5198 908 5255 Sciebatis.

573 5272 595 5344 ξ
642 5270 950 5344 Propltetam
981 5272 1304 5342 referentem.

575 5343 597 5374 ³
638 5343 802 5408 Quem
838 5345 1131 5397 missurum.

576 5433 599 5465 "
638 5435 900 5504 Splendor
909 5445 1004 5502 est,
1020 5443 1125 5490 etc.
1142 5433 1315 5489 Locus
1332 5433 1418 5490 hic
1435 5448 1462 5488 ιι
1479 5432 1700 5490 librario
1711 5433 1852 5489 male
1865 5433 2097 5500 habitus,

505 5507 585 5563 sic
627 5507 842 5562 restitui
881 5521 1040 5574 posse
1068 5506 1312 5572 videtur,
1346 5505 1476 5576 Sap.
1509 5521 1580 5560 vn
1603 5545 1618 5568 ,
1647 5505 1717 5561 26
1745 5547 1760 5570 ,
1785 5504 1876 5560 27.
1912 5505 2095 5576 Splen-

506 5578 602 5632 dor
630 5587 708 5632 est
727 5579 863 5632 enim
893 5577 1024 5634 lucis
1043 5588 1268 5644 teternat,
1295 5587 1344 5633 et
1369 5575 1634 5644 speculum
1653 5578 1762 5632 sine
1781 5575 1984 5631 anicula
2006 5575 2108 5632 Dei

507 5649 812 5726 majestatis,
841 5649 1081 5726 et_imago
1104 5649 1342 5726 bonitatis
1361 5647 1525 5726 illius.
1552 5647 1618 5726 Et
1640 5665 1754 5726 cum
1766 5649 1831 5702 sit
1855 5665 1979 5726 una,
1995 5665 2106 5726 om-

512 5718 606 5778 niti
648 5729 830 5795 potest.
883 5718 1032 5776 lteui'
1072 5741 1085 5777 .'
1139 5720 1262 5795 Ipse
1297 5722 1385 5795 qui
1419 5721 1632 5795 redemit
1659 5721 1782 5795 illos
1804 5761 1818 5785 ,
1855 5719 2108 5795 Dominus

519 5791 839 5863 omnipotens
865 5807 1052 5849 nomen
1080 5802 1152 5849 est
1174 5790 1279 5848 illi.
1305 5792 1435 5850 Item
1458 5796 1512 5848 in
1534 5792 1777 5863 ﬂacliab.
1811 5809 1842 5863 :7
1860 5790 2108 5846 Nondum

517 5861 881 5935 omnipotentis
919 5873 970 5919 et
1007 5865 1179 5920 omnia
1227 5865 1536 5935 possidentis
1561 5861 1660 5920 Dei
1678 5862 1936 5937 judicium
1967 5875 2111 5936 potes

2205 4750 2339 4803 alias
2367 4749 2552 4816 absque
2576 4764 2635 4801 eo
2665 4764 2684 4801 :
2711 4748 2799 4813 qui
2837 4746 3028 4800 invenit
3062 4760 3264 4798 omnem
3301 4744 3435 4796 viam
3475 4729 3742 4805 prudentia!
3762 4757 3775 4781 ,

2206 4851 2252 4895 et
2265 4841 2526 4898 dediteam
2540 4839 2702 4894 Iacob
2723 4856 2880 4911 puero
2907 4856 3024 4899 suo,
3055 4849 3103 4892 et
3127 4837 3292 4892 lsrae.’
3313 4835 3494 4890 dilecto
3516 4823 3608 4878 sibi
3638 4835 3655 4873 :
3677 4817 3778 4887 p0“

2209 4935 2368 5007 (hinc)
2397 4937 2448 4991 in
2481 4949 2615 4990 terra
2644 4937 2780 4989 visus
2809 4945 2914 5001 est,
2945 4945 2994 4990 et
3017 4951 3130 4987 cum
3163 4932 3449 4987 hominibus
3469 4917 3778 5007 ronversatus

2205 4995 2277 5084 est
2305 4995 2557 5103 (Daruch.
2589 5046 2644 5084 Ill
2669 5072 2685 5098 ,
2714 4995 2929 5098 56-58).
2952 5027 3066 5083 Non
3111 5030 3293 5099 utique
3323 5032 3474 5098 pater
3501 5017 3664 5073 Deus,
3695 4995 3778 5056 Sed

2201 5198 2440 5271 effugere.
2499 5198 2802 5271 Quomodo?
2826 5212 2931 5271 ιιοη
2973 5196 3315 5271 omnipotens
3341 5233 3355 5254 .
3385 5177 3777 5271 nefaria;

2202 5246 2440 5271 '""U""'
2505 5246 2686 5267 K""""
2714 5246 2805 5281 ""_
2827 5246 2856 5250 "
2901 5246 2930 5250 "
2981 5246 2987 5247 '
3014 5246 3097 5250 ""'
3125 5246 3149 5264 Γ
3203 5246 3308 5249 "“'
3343 5246 3353 5254 '
3507 5253 3519 5264 ο
3740 5246 3752 5282 ι

2202 5271 2449 5342 Legerim
2497 5269 2746 5342 equ'deui
2793 5287 2846 5342 in
2885 5269 3002 5342 loco
3035 5267 3276 5342 Μεις1ιιι1).
3320 5282 3334 5318 :
3385 5249 3752 5342 oittntdfgf'l‘?‘

2617 5316 3250 5406 5-3:-
3263 5316 3436 5392 omnia
3458 5316 3774 5392 inspicientur.

2278 5438 2299 5468 ⁵
2341 5434 2685 5507 Sapientiam.

2279 5508 2302 5540 ⁸
2341 5506 2407 5562 In
2422 5506 2812 5578 confusionem.

2280 5581 2300 5613 "
2342 5579 2495 5634 Dicit.

2279 5652 2302 5684 ⁸
2333 5651 2400 5705 la
2428 5649 2800 5720 confusionem.

2277 5726 2300 5758 ⁹
2344 5722 2512 5778 Immo
2542 5719 2770 5775 Baruch.

2285 5794 2329 5828 ¹⁰
2361 5792 2773 5850 Existimabitur.
