3998 6346
232 247 286 304 65
1532 234 1622 292 ne
1662 229 2060 292 murram.
3389 242 3460 301 66

224 360 338 415 ﬁlius
364 355 510 409 factus
539 351 698 406 homo
723 349 777 405 in
805 356 943 405 terra
974 348 1121 404 visus
1151 356 1235 404 est
1262 390 1277 417 ,
1310 356 1366 405 et
1393 360 1747 408 conversatus
1773 354 1823 416 Α
1855 360 1907 404 te
1935 348 2153 405 deitatis
2183 355 2407 418 priestat
2430 347 2485 405 in
2515 348 2811 407 salutarem
2842 348 3079 409 hominis
3097 351 3457 428 disciplinam,

221 461 398 508 esttum
425 446 752 513 hominibus,
786 456 1029 498 naturain
1064 444 1114 497 in
1144 460 1203 497 sc
1235 442 1469 498 hominis
1493 461 1753 501 exercens
1858 445 2136 496 salvantur
2164 442 2365 509 multi).

221 546 313 601 sine
358 550 557 615 peccato
603 551 823 612 propter
866 547 1106 594 nostrain
1146 540 1414 605 salutem;
1452 542 1519 595 de
1555 556 1660 609 quo
1701 549 1756 595 et
1933 532 2021 588 IV.
2074 532 2364 590 Videamus
2414 551 2557 592 nunc
2604 548 2657 594 et
2707 548 3109 597 sacramentum
3168 542 3459 613 passionis.

220 639 402 708 legimus
431 655 443 692 ε
486 635 548 689 Ε,
583 635 803 690 Verbum
832 652 952 689 caro
983 639 1173 702 {auum
1208 644 1303 698 est.
1348 644 1394 687 ει
1434 634 1675 688 habitavit
1703 635 1754 689 in
1858 624 2029 679 Totus
2058 626 2227 681 Adam
2263 638 2584 697 peccaviirat
2618 647 2633 697 ;
2687 640 2834 688 totus
2876 633 3047 690 Adam
3095 635 3356 705 exliulsus
3398 636 3466 692 de

219 733 331 786 ηοοίε
358 748 373 785 ε
401 743 442 785 ει
477 730 685 783 vidimus
722 729 945 799 gloriam
971 731 1113 801 ejus,
1147 727 1364 799 gloriam
1400 728 1549 798 quasi
1580 732 1757 799 unige-
1862 721 2115 790 paradiso
2146 722 2315 778 fin-rat
2343 741 2356 777 :
2393 734 2561 780 totum
2594 729 2874 798 suscipere
2922 729 3107 785 debuit
3137 731 3420 802 expulsum
3446 771 3464 799 ,

217 827 337 881 uitia
364 836 496 893 patre
526 820 701 880 Uttan.
737 837 790 885 ι,
824 822 935 891 14).

1889 816 1949 882 qui
2002 823 2171 870 totum
2224 819 2432 874 salvare
2481 831 2722 877 venerat.
2792 821 2909 878 Non
2956 835 3134 879 autem
3185 825 3468 881 videbatur

268 918 337 973 Ill.
365 916 414 973 Si
452 932 575 985 ergo
610 915 834 971 Verbum
874 930 996 968 caro
1027 914 1223 981 factum
1251 923 1364 979 est,
1416 924 1463 969 et
1511 913 1759 968 habitauit
1863 914 2032 961 totum
2063 910 2347 977 expulsum
2377 912 2426 966 in
2459 926 2518 966 se
2546 916 2855 984 suscepisse
2885 958 2899 982 ,
2944 916 3048 971 nisi
3097 918 3245 973 illum
3277 933 3469 977 susce-

214 1013 410 1077 inuobis,
440 1022 591 1066 natus
622 1027 687 1066 ex
720 1010 934 1081 virgine
960 1009 1228 1064 nobiscum
1259 1008 1436 1075 Deus;
1462 1024 1756 1079 quantine,
1864 1002 2031 1070 pisset
2062 1018 2159 1071 per
2185 1003 2545 1061 subsnintiam
2574 1008 2755 1063 carnis
2786 1019 2839 1065 et
2887 1014 3081 1066 anima:
3109 1030 3122 1067 :
3171 1011 3274 1068 huc
3322 1014 3468 1069 enim

214 1110 457 1175 hatretice,
494 1108 747 1178 proﬁcis?
791 1108 849 1164 Si
882 1109 1225 1163 inﬁrmitates
1247 1120 1537 1178 assumpta:
1582 1107 1762 1163 carnis
1863 1102 2008 1149 ῑίηυε
2051 1094 2215 1150 ¹¹υ¹¹¹⁰
2244 1109 2328 1151 εει
2364 1113 2458 1167 Pe"
2502 1111 2769 1154 ηπευτθηιο
2826 1102 2939 1157 Ποο
2969 1111 3147 1160 ³¹¹ῑθ¹¹¹
3183 1113 3305 1161 ιυηο
3349 1122 3472 1176 ΡΙὊ·

212 1207 431 1275 "Nicias.
458 1206 500 1259 si
528 1205 723 1259 animm
757 1208 1003 1259 humana,
1032 1218 1191 1274 quam
1221 1220 1340 1257 cum
1374 1219 1538 1257 came
1579 1217 1762 1257 susce-
1866 1184 1983 1240 bari
2019 1189 2196 1257 potuit
2219 1228 2235 1253 ,
2268 1190 2314 1244 si
2359 1191 2501 1259 ipsas
2545 1191 2882 1249 inﬁrmitates
2912 1196 3090 1251 carnis
3122 1196 3241 1266 ejus
3270 1209 3323 1252 et
3350 1199 3471 1253 ani-

214 1307 363 1369 perat,
392 1298 406 1329 ¹
437 1297 598 1352 utiles
622 1296 776 1352 nobis
799 1306 963 1351 :rstus
1010 1295 1287 1350 describas
1316 1312 1329 1361 ;
1382 1312 1502 1350 cum
1548 1304 1762 1349 constet

1895 1297 1971 1335 nu:
2002 1286 2293 1340 sustineret
2318 1328 2332 1350 ,
2381 1285 2511 1341 licet
2540 1288 2656 1343 sine
2685 1290 2813 1343 vitio
2845 1302 3190 1360 peccatorum
3219 1310 3234 1359 ;
3264 1304 3323 1349 ut
3347 1310 3474 1350 vere

212 1407 326 1455 eum,
353 1390 635 1445 secundum
665 1390 809 1461 quod
845 1390 985 1445 Deus
1016 1400 1098 1444 est
1127 1399 1180 1444 et
1217 1389 1308 1443 Dei
1340 1389 1499 1453 ﬁlius,
1527 1404 1648 1445 esse
1670 1405 1765 1460 per

1896 1393 1974 1430 inn
2017 1378 2175 1432 aliain
2219 1379 2573 1435 substantiam
2621 1382 2798 1437 carnis
2847 1396 2900 1439 et
2946 1386 3140 1440 animm
3170 1387 3475 1456 suscepisse

212 1485 355 1539 omnia
414 1495 467 1538 ut
513 1485 731 1540 Patrem
785 1485 1195 1555 impassihilem.
1247 1484 1371 1539 Ideo
1414 1486 1556 1539 enim
1588 1494 1644 1539 et
1673 1484 1763 1538 illa

1896 1476 2187 1525 iutaretur:
2225 1481 2280 1525 ut
2308 1488 2432 1527 cum
2465 1476 2515 1528 in
2547 1488 2605 1529 se
2647 1474 2919 1531 hominem
2970 1479 3038 1532 ab
3068 1479 3475 1536 inﬁrmitatibus

211 1595 306 1647 qua:
326 1586 439 1633 sunt
466 1577 687 1634 deitatis
729 1579 847 1649 ejus
881 1580 1239 1646 pra-misimus
1268 1620 1283 1644 ,
1337 1589 1394 1631 ut
1425 1578 1533 1648 jam
1566 1579 1608 1632 si
1640 1577 1765 1648 quid

1898 1569 1925 1614 ει
1964 1563 2305 1631 Pas~i0nibus
2339 1566 2530 1619 liberat
2556 1608 2570 1632 ,
2600 1567 2762 1623 etiam
2810 1568 2909 1623 hos
2936 1571 3026 1641 qui
3057 1574 3351 1628 secundum
3386 1588 3477 1630 ve-

212 1669 486 1725 huinilitatis
513 1679 570 1726 et
598 1671 928 1725 inﬁrmitatis
958 1674 1010 1725 in
1041 1669 1258 1725 Christo
1284 1672 1498 1742 legitur.
1531 1686 1635 1726 non
1657 1672 1769 1725 ili-i-

1904 1657 2028 1725 tigna
2060 1657 2177 1725 ejus
2204 1666 2499 1727 sectantur,
2528 1661 2781 1717 liberatos
2808 1678 2932 1719 esse
2960 1665 3329 1722 crederemus.
3368 1666 3477 1723 Sed

213 1773 274 1816 tas
297 1766 400 1832 ejus
426 1765 616 1818 siolata
648 1764 933 1830 credatur,
966 1764 1061 1818 sed
1090 1772 1296 1818 natura:
1326 1768 1562 1835 suscepti
1595 1765 1764 1820 homi-

1899 1752 2245 1807 »τιιι-ιοίιιειιιι·
2277 1753 2401 1807 huic
2450 1755 2635 1809 sensui
2682 1757 2921 1827 gentium
2969 1758 3159 1814 ductor
3186 1759 3478 1829 Apostolus

213 1855 308 1921 his,
350 1864 399 1910 el
424 1856 729 1925 di‘ciplmm
758 1872 915 1926 quam
946 1858 1222 1922 tradebat,
1271 1860 1549 1912 ex‘ecmio
1581 1860 1601 1888 s
1634 1874 1764 1927 pm-
1871 1844 2134 1909 vivacius,
2166 1857 2219 1901 et
2250 1859 2300 1899 ut
2326 1850 2583 1919 mysticus
2606 1850 2884 1906 scribens:
2909 1852 3057 1907 Sicut
3079 1855 3214 1908 enim
3237 1854 3289 1908 in
3308 1853 3480 1910 Adam

213 1945 353 2002 betur.
405 1948 609 2002 Vanum
641 1962 721 2003 est
751 1950 893 2004 enim
925 1950 1162 2003 uoluisse
1190 1962 1239 2003 ιιι
1269 1949 1541 2005 hominem
1578 1952 1721 2006 nasci
1751 1993 1764 2014 ,

1901 1952 2047 1990 tmues
2089 1939 2383 1993 moriuntur
2404 1982 2417 2006 ,
2465 1942 2538 1995 ita
2569 1953 2613 1996 et
2643 1943 2695 1997 in
2726 1944 2930 1999 Christo
2955 1963 3127 2001 armies
3154 1948 3480 2010 vici/icarztur

210 2040 307 2094 licet
344 2058 400 2096 et
454 2042 662 2113 virgine
694 2043 715 2072 ³
767 2053 943 2097 tamen
991 2042 1265 2097 hominem
1290 2087 1305 2110 ,
1361 2059 1459 2098 nec
1501 2044 1766 2097 inﬁrmam
1875 2030 1921 2101 (1
1948 2030 2070 2086 δον·
2095 2050 2191 2099 XV,
2222 2034 2339 2105 2:”)-
2372 2035 2478 2093 SEd
2514 2048 2758 2094 ³³³⁸⁸⁸1⁵εηῖ
2790 2042 3027 2111 suscelHi
3056 2045 3105 2098 ίη
3149 2061 3215 2099 θθ
3243 2045 3484 2101 “mimis

210 2132 403 2186 hominis
429 2134 479 2188 εη
507 2150 573 2189 se
604 2134 893 2206 designare
926 2147 1193 2189 "almam.
1244 2135 1449 2190 vanum
1498 2147 1581 2191 εει
1630 2152 1767 2205 ρι’-ω.
1877 2127 2070 2181 melius
2106 2128 2379 2184 describat
2421 2131 2646 2187 Essias:
2679 2133 2897 2191 Domine
2926 2138 3041 2208 quis
3080 2138 3299 2193 credidit
3328 2140 3483 2195 audi-

210 2240 332 2295 cepia
355 2227 496 2293 dare,
530 2228 731 2297 quibus
763 2227 1010 2282 homines
1041 2230 1284 2283 viverent
1307 2270 1321 2294 ,
1354 2238 1408 2282 et
1438 2228 1607 2298 ipsam
1634 2229 1769 2298 jam,
1875 2220 1952 2273 tui
1992 2233 2168 2275 nostra
2201 2223 2227 2276 ?
2262 2233 2311 2278 et
2354 2223 2622 2280 brachium
2665 2226 2878 2283 Domini
2923 2232 3005 2285 cui
3054 2234 3332 2287 revelatum
3372 2235 3487 2290 est?

209 2320 307 2388 quia
330 2320 487 2375 semel
520 2320 689 2375 homo
716 2336 840 2376 esse
879 2322 1128 2391 dignatus
1168 2331 1247 2375 est
1274 2363 1288 2385 ,
1322 2322 1440 2377 siue
1472 2330 1771 2392 priet-epla.

1907 2313 2309 2369 lununtiavimus
2336 2333 2510 2371 coram
2528 2319 2644 2387 ipso
2675 2322 2809 2376 sicut
2826 2340 2969 2390 puer,
2997 2325 3128 2379 sicut
3176 2328 3332 2383 radia:
3360 2330 3382 2361 ⁸
3408 2330 3486 2383 in-

208 2430 304 2469 rum
331 2417 703 2472 observatione
746 2415 1107 2471 concurrisse.
1157 2416 1253 2471 llle
1293 2416 1339 2471 si
1380 2432 1487 2471 non
1540 2416 1775 2470 hominis

1908 2413 2103 2458 eterata
2130 2408 2359 2463 sitienti:
2380 2426 2482 2464 non
2510 2421 2585 2466 est
2615 2416 2811 2482 species
2837 2418 2879 2469 ei
2903 2434 3061 2487 neque
3082 2416 3247 2473 honor
3265 2424 3485 2492 formae:

210 2508 539 2564 inﬁrmitatem
591 2511 768 2565 factus
810 2513 973 2566 homo
1022 2525 1276 2566 exercere
1307 2510 1604 2575 voluisset,
1655 2512 1776 2579 quis

1910 2508 1980 2552 tv
2005 2499 2177 2555 dimus
2205 2518 2354 2570 eum,
2386 2515 2435 2558 et
2482 2522 2583 2560 non
2627 2508 2841 2563 habebat
2882 2512 3105 2583 speciem
3142 2530 3301 2585 neque
3338 2515 3489 2571 deco-

209 2604 604 2675 creileret,qund
638 2605 801 2659 homo
827 2604 1002 2659 factus
1025 2603 1201 2658 fuerat
1230 2619 1295 2658 ex
1324 2604 1548 2673 originis
1578 2614 1776 2659 nostra:

1909 2607 2020 2645 em:
2037 2594 2129 2647 sed
2154 2596 2349 2663 species
2375 2600 2487 2669 ejus
2514 2600 2624 2654 sine
2648 2599 2845 2657 honore
2862 2645 2877 2669 ,
2910 2604 3154 2675 deficiens
3175 2618 3361 2680 praeter
3387 2626 3488 2664 ca:-

209 2701 430 2765 niatrice,
476 2698 606 2753 licet
649 2699 769 2753 sine
820 2697 920 2752 viri
965 2697 1296 2764 complexu?
1341 2696 1776 2765 quandoquidem

1914 2703 2017 2740 eros
2053 2687 2317 2745 homines:
2352 2691 2505 2747 homo
2545 2694 2597 2748 in
2631 2697 2785 2767 plaga
2821 2700 3054 2768 positus,
3082 2713 3128 2755 et
3162 2705 3328 2759 sciens
3356 2705 3493 2774 ferre

210 2785 437 2861 hodieque
474 2807 592 2845 nm,
624 2791 850 2854 desum.
892 2790 982 2861 qui
1034 2799 1233 2860 negem
1263 2805 1385 2843 eum
1416 2798 1656 2843 ηοςιγειηι
1689 2804 1781 2858 ge-
1883 2782 2268 2851 inﬁrmitatem,
2296 2788 2419 2858 quia
2446 2780 2626 2845 auersa
2666 2801 2740 2845 est
2777 2793 2934 2859 [acies
2969 2810 2987 2848 :
3032 2795 3348 2861 depretiatus
3386 2810 3491 2866 est,

212 2889 358 2938 stasse
391 2884 789 2954 corpulentiam
816 2925 832 2949 ,
876 2883 1038 2936 etiam
1086 2894 1270 2951 postea
1304 2898 1465 2952 quam
1499 2881 1782 2936 inﬁrmita-
1885 2892 1975 2929 nec
1995 2878 2279 2932 trstiniatus
2302 2890 2396 2934 est.
2436 2880 2536 2935 Hic
2562 2894 2770 2951 peccata
2798 2896 2976 2941 nostra
3005 2893 3127 2960 fert,
3151 2900 3202 2945 et
3228 2909 3320 2957 pro
3349 2893 3495 2949 nobis

212 2984 296 3030 tein
316 2970 485 3033 carnis
510 2977 785 3034 exercuit.
817 2976 912 3031 Ille
940 2977 984 3031 si
1016 2975 1185 3030 factus
1216 2974 1381 3030 homo
1411 2991 1517 3029 non
1564 2988 1777 3028 servas-
1886 2969 2022 3022 dolet
2047 2986 2064 3023 ἔ
2093 2982 2140 3024 el
2169 2974 2537 3030 restituavimus
2566 2994 2681 3032 eum
2703 2980 2756 3033 in
2786 2981 2965 3035 dolore
2984 2999 3092 3039 esse
3117 2996 3163 3038 et
3196 2987 3250 3042 in
3272 2988 3429 3059 plaga
3450 2996 3496 3043 et

213 3083 312 3133 set,
350 3089 501 3138 quam
537 3072 742 3126 docere
770 3080 994 3125 venerat
1022 3068 1364 3138 disciplinam
1387 3109 1401 3133 ,
1433 3084 1539 3122 non
1578 3067 1781 3123 bonum
1886 3063 1939 3117 in
1972 3066 2105 3120 malo
2129 3085 2148 3120 :
2189 3068 2300 3137 ipse
2330 3080 2499 3123 autent
2532 3074 2827 3128 vulneratus
2848 3087 2921 3129 est
2956 3089 3167 3148 propter
3206 3080 3498 3152 iniquitates

214 3163 475 3232 magisterii
500 3164 750 3219 dedisset
789 3165 1118 3232 exemplum.
1170 3161 1301 3229 Quis
1352 3163 1496 3215 cnitn
1546 3162 1784 3230 discipu-
1808 3166 1853 3229 ρ
1888 3166 2111 3220 nostras,
2139 3170 2184 3213 ct
2224 3161 2520 3229 inﬁrmatus
2548 3175 2620 3218 est
2658 3178 2868 3239 propter
2901 3181 3107 3240 peccata
3147 3184 3351 3227 nostra:
3376 3176 3500 3230 doc-

215 3255 355 3311 lorum
400 3274 630 3315 servare
670 3267 998 3324 conaretur,
1046 3255 1186 3326 quod
1234 3272 1339 3309 non
1388 3254 1641 3323 magister
1670 3255 1783 3323 ipse
1889 3251 2022 3303 trina
2048 3253 2189 3318 pacis
2228 3263 2417 3308 nostrw
2450 3273 2605 3325 super
2645 3275 2758 3312 cum
2795 3278 2807 3311 :
2848 3263 3005 3333 plaga
3047 3266 3160 3336 ejus
3195 3281 3287 3320 nos
3330 3267 3498 3321 sanati

216 3366 450 3410 servasset
475 3360 653 3410 lactus
683 3365 736 3408 ul
769 3354 965 3414 homo;
995 3370 1114 3406 cuni
1146 3352 1306 3407 hodie
1331 3351 1439 3422 jam
1460 3353 1786 3420 quicumque
1888 3360 2086 3400 sumus.
2144 3345 2334 3402 0me:
2367 3350 2499 3403 sicut
2524 3368 2640 3405 oves
2685 3355 2964 3409 erravimus
2998 3371 3017 3410 :
3044 3358 3197 3411 homo
3226 3377 3257 3413 a
3286 3360 3368 3414 via
3403 3378 3503 3416 sua

218 3456 368 3501 scml
406 3449 583 3516 ipsius
626 3448 877 3515 exemplo
904 3488 917 3510 ν
948 3446 1218 3501 ,οειειγειυι-
1258 3459 1309 3499 ul
1343 3457 1522 3500 εει-νει
1554 3445 1577 3498 1?
1621 3444 1788 3499 Vides
1892 3440 2109 3506 erravit,
2146 3450 2191 3494 et
2218 3438 2474 3497 Dominus
2500 3446 2716 3499 tradidit
2743 3464 2858 3501 eum
2888 3467 2982 3522 pro
3020 3454 3239 3520 peccatis
3268 3457 3457 3511 nostris
3480 3473 3501 3513 :

218 3540 319 3608 quia
340 3549 389 3595 et
415 3542 763 3596 inﬁrmimes
795 3540 899 3611 pali
928 3539 1112 3595 debui,
1138 3584 1151 3605 '
1189 3550 1245 3594 ιη
1274 3539 1436 3594 homo
1481 3550 1640 3593 ηειιυε
1669 3554 1791 3609 pro-
1894 3537 1939 3582 et
1969 3530 2079 3595 ipse
2102 3544 2310 3602 propter
2335 3536 2475 3605 quod
2510 3539 2643 3591 male
2674 3550 2922 3595 tractatus
2944 3552 3042 3610 est,
3066 3561 3167 3599 non
3195 3549 3402 3615 aperuit
3422 3566 3500 3603 os.

219 3629 442 3700 baretur;
472 3648 527 3692 et
557 3636 735 3691 factus
764 3635 927 3691 homo
955 3635 1244 3691 ob~ervare
1272 3636 1648 3707 quodcumque
1692 3636 1790 3691 du-

1925 3620 2047 3677 iicut
2083 3626 2189 3679 ovis
2212 3626 2281 3679 ad
2308 3628 2610 3684 occisionem
2650 3632 2903 3688 adductus
2942 3645 3050 3701 est,
3089 3648 3138 3692 et
3181 3642 3312 3695 sicut
3342 3658 3504 3713 agnus

217 3726 385 3782 suisset
410 3771 425 3793 ,
461 3739 522 3783 ut
552 3739 787 3783 caeteros
816 3728 1109 3794 invitaret;
1142 3744 1311 3799 magis
1341 3740 1518 3782 autem
1562 3729 1793 3784 dixerim
1899 3731 2070 3769 εονίυη
2097 3717 2340 3774 tondet”?
2373 3737 2458 3786 δε,
2491 3724 2565 3776 sic
2591 3740 2694 3777 non
2725 3728 2928 3795 aperuit
2958 3745 3015 3784 os
3036 3747 3187 3786 suum
3208 3749 3229 3787 :
3264 3734 3316 3788 in
3336 3734 3507 3790 humi-

220 3825 502 3879 mcmtems
539 3824 883 3877 5ηυιωνεπθιε
914 3824 1024 3891 jam
1055 3823 1198 3875 enim
1240 3837 1368 3877 eam
1396 3831 1581 3876 nuslta
1609 3822 1798 3875 didicit
1902 3812 2045 3867 litate
2061 3812 2325 3887 judicium
2373 3820 2485 3890 ejus
2529 3819 2792 3875 sublatum
2826 3832 2921 3877 est.
2978 3824 3371 3884 Generationem
3398 3832 3508 3903 ejus

220 3912 315 3979 ejus
356 3930 526 3971 carne
579 3913 838 3971 relevari.
896 3915 950 3971 Si
1001 3916 1143 3969 enim
1190 3914 1534 3968 inﬁrmitates
1570 3914 1801 3968 hominis
1902 3907 2016 3977 quis
2046 3909 2339 3963 Marrubii?
2360 3912 2480 3981 quia
2510 3916 2773 3983 auferetur
2796 3934 2827 3970 a
2854 3929 2991 3973 terra
3018 3920 3120 3973 vita
3151 3924 3299 3994 ejus:
3320 3922 3383 3977 ab
3406 3925 3509 3978 iiii-

222 4006 311 4072 νηί
337 4007 605 4062 noluisset
629 4047 645 4074 ν
677 4019 732 4061 ul
762 4006 891 4077 quid
921 4018 971 4061 ει
1004 4006 1074 4062 de
1114 4008 1318 4077 virgine
1346 4004 1368 4036 δ
1396 4004 1615 4060 nomine
1647 4018 1803 4061 natus
1904 3998 2185 4072 quitatibus
2215 4003 2378 4072 plebis
2408 4022 2531 4061 mete
2557 4008 2814 4065 adductus
2840 4023 2916 4067 est
2944 4016 3013 4068 ad
3035 4025 3281 4084 mortem;
3309 4028 3361 4073 et
3378 4019 3512 4074 dabo

222 4104 335 4156 est?
373 4115 426 4159 cl
452 4107 496 4159 si
540 4105 758 4159 nolebat
788 4104 1079 4159 observare
1126 4113 1394 4173 ριοίιεεερηι
1420 4144 1434 4169 ,
1463 4103 1585 4171 quia
1616 4101 1803 4155 Domi-
1910 4097 2072 4151 malos
2107 4115 2201 4164 pro
2236 4098 2505 4168 sepultura
2550 4104 2699 4173 ejus,
2745 4115 2792 4159 et
2830 4106 2969 4176 ipsos
3013 4109 3191 4164 divites
3227 4127 3321 4181 pro
3352 4124 3513 4167 morte

226 4207 341 4253 nus:
389 4209 445 4251 ut
473 4197 611 4268 quid
644 4209 697 4251 et
729 4194 958 4251 formam
989 4195 1131 4251 servi
1158 4206 1443 4266 acceperat
1471 4236 1486 4261 ,
1520 4210 1643 4265 qum
1671 4210 1808 4263 pric-
1911 4192 2046 4263 ejus.
2068 4194 2089 4224 ⁹
2122 4191 2257 4258 Quia
2308 4194 2634 4262 iniquitatem
2667 4215 2767 4253 non
2799 4201 2943 4269 fecit,
2968 4218 3131 4272 neque
3156 4203 3333 4259 dolum
3354 4207 3406 4262 in
3427 4224 3515 4264 ore

226 4290 373 4356 ceptis
399 4301 452 4345 et
480 4289 813 4345 obedientize
841 4288 1073 4344 obnoxia
1103 4290 1227 4345 est?
1257 4288 1278 4320 ⁵
1307 4289 1492 4357 atquin
1524 4297 1693 4342 totum
1717 4302 1807 4341 sa-
1912 4302 2007 4339 suo
2035 4284 2233 4341 locutus
2260 4298 2333 4343 est
2361 4288 2497 4361 (lsa.
2531 4308 2645 4357 LIII,
2678 4294 2863 4363 1-9).

228 4390 547 4437 crumentum
579 4398 609 4436 a
647 4383 757 4436 Deo
787 4384 1048 4451 assumpti
1080 4381 1313 4436 hominis
1340 4382 1443 4436 hoc
1466 4422 1481 4446 ,
1518 4380 1539 4411 ‘
1566 4379 1709 4449 quod
1757 4380 1809 4433 in
1988 4378 2055 4433 V.
2091 4378 2302 4436 Sufﬁcit
2332 4380 2438 4437 hoc
2487 4385 2798 4442 testimonio
2846 4388 3127 4457 probatum
3151 4434 3166 4459 ,
3210 4394 3356 4465 quod
3396 4413 3516 4453 om-

227 4472 376 4529 Adain
409 4492 520 4531 non
554 4475 738 4531 estde
783 4475 1151 4531 inobedientia
1191 4488 1489 4541 servatum,
1518 4474 1569 4528 in
1595 4475 1813 4529 Christo
1918 4486 2040 4526 nem
2072 4473 2123 4526 in
2152 4487 2211 4526 se
2256 4473 2493 4532 hominis
2542 4488 2789 4534 naturain
2837 4484 3078 4554 peregit,
3130 4487 3247 4542 sine
3293 4502 3518 4557 peccato

232 4561 427 4623 homine
454 4572 527 4624 ile
568 4567 876 4624 obedientia
923 4579 1252 4625 seruaretur.
1304 4568 1415 4623 Hoc
1466 4567 1637 4637 ipsum
1669 4566 1811 4637 Apu-

1942 4579 2101 4618 alltt'l‘l
2126 4579 2226 4619 suo
2246 4606 2261 4631 ,
2296 4566 2418 4622 licet
2458 4580 2677 4640 peccata
2706 4580 2886 4630 nostra
2916 4574 2959 4606 ¹⁰
2989 4586 3248 4646 portaret.
3299 4580 3406 4637 Sed
3453 4600 3520 4639 ne

232 4662 380 4714 Stolus
410 4662 617 4719 Paulus
647 4665 786 4718 inter
811 4673 1006 4717 cetera
1039 4678 1158 4729 quae
1188 4662 1370 4717 divine
1411 4671 1633 4728 tractat,
1667 4678 1811 4716 asse-

1944 4672 2088 4712 ionio
2120 4662 2493 4715 tantummodo
2514 4664 2854 4733 crederetur,
2880 4667 3235 4740 interposuit,
3265 4684 3317 4729 et
3344 4674 3481 4730 dixit
3506 4693 3521 4733 :

234 4750 317 4803 rit:
344 4753 489 4810 Sicut
518 4756 657 4809 enim
686 4772 777 4827 per
796 4755 1192 4809 inobedientium
1216 4756 1367 4808 unius
1390 4754 1611 4808 hominis
1639 4771 1818 4820 pecca-
1925 4750 2316 4808 Generationem
2347 4756 2457 4839 ejus
2483 4759 2597 4827 quis
2627 4763 2925 4817 enarrabit?
2954 4764 3096 4819 illam
3124 4768 3312 4837 utique
3336 4770 3375 4800 “
3398 4770 3523 4841 quia

234 4850 348 4899 tores
368 4847 637 4902 constituti
668 4857 789 4901 sunt
820 4848 987 4911 multi,
1009 4848 1086 4900 ita
1114 4841 1159 4900 εἰ
1186 4863 1278 4918 per
1298 4847 1453 4900 unius
1482 4846 1820 4899 obeditionem
1926 4847 1994 4902 de
2027 4847 2136 4902 Deo
2168 4859 2319 4919 patre
2342 4860 2631 4916 generatus
2652 4864 2736 4910 est
2759 4898 2774 4921 ,
2813 4873 2934 4927 qua:
2973 4859 3093 4916 sine
3128 4863 3280 4919 initio
3306 4873 3388 4919 est
3414 4882 3428 4919 :
3471 4873 3527 4921 et

228 4936 341 5005 justi
368 4944 754 4996 constituuntur
776 4941 924 4995 multi
964 4944 981 5009 (
1009 4940 1158 4995 Rom.
1191 4956 1219 4992 v
1241 4982 1255 5005 ,
1291 4940 1353 4994 tu
1378 4937 1419 5011 ).
1454 4938 1647 5012 (Sicut
1673 4938 1817 4992 enitn
1930 4939 2054 4996 ideo
2082 4943 2149 4996 de
2178 4958 2240 4998 ea
2271 4944 2367 5007 ait,
2404 4944 2799 5016 Generationem
2820 4955 2934 5024 ejus
2955 4955 3069 5024 quis
3096 4958 3392 5012 euarrabit?
3417 4973 3528 5014 non

235 5043 318 5099 per
337 5036 494 5088 unius
526 5034 763 5089 hominis
791 5043 1158 5103 contemptum
1187 5042 1501 5103 peccati-res
1543 5032 1821 5087 constituti
1930 5037 2078 5105 quasi
2112 5034 2499 5105 ignotaliilem,
2532 5041 2625 5096 sed
2656 5044 2807 5107 quasi
2842 5044 3276 5116 inexplicabilem
3319 5050 3527 5107 dicens.

237 5139 349 5180 sunt
395 5130 597 5194 multi,
647 5131 666 5161 "
702 5132 771 5183 ita
804 5139 853 5184 et
902 5145 999 5201 per
1028 5139 1427 5184 sacramentum
1456 5127 1826 5183 ehauditiouis
1931 5125 2133 5183 Omnes
2160 5130 2304 5184 enim
2331 5132 2582 5189 catholici
2630 5136 2874 5205 scimus,
2923 5140 3047 5209 quia
3098 5141 3165 5198 de
3207 5142 3319 5198 Deo
3379 5152 3531 5213 patre

236 5217 284 5274 in
307 5222 525 5280 Christo
545 5266 563 5293 ,
591 5240 754 5297 quam
779 5239 884 5281 non
914 5240 978 5281 ex
1009 5223 1325 5279 inﬁrmitate
1349 5264 1364 5290 ,
1394 5223 1489 5279 sed
1516 5238 1584 5278 ex
1615 5222 1827 5279 bonita-
1934 5229 2092 5279 natus
2114 5233 2218 5294 est,
2253 5226 2348 5282 sed
2375 5226 2813 5313 inenarrabiliter
2835 5249 2849 5288 :
2872 5242 2928 5291 et
2956 5233 3081 5292 ideo
3108 5237 3203 5303 ait,
3231 5234 3534 5294 Generatio-

304 5430 319 5459 ¹
354 5429 494 5488 Utile
521 5442 614 5488 est.
2011 5430 2032 5463 "
2062 5428 2253 5486 Habes.

305 5501 325 5530 s
354 5501 685 5560 ιινοθαηιηη
2013 5504 2035 5534 ⁸
2065 5501 2374 5559 Inceterata.
2404 5503 2592 5576 Forte,
2625 5507 2679 5564 in
2700 5516 2856 5566 terra.

310 5570 330 5600 ³
368 5572 608 5632 Tantum.
2013 5577 2034 5607 θ
2060 5574 2244 5639 Forte,
2277 5576 2390 5640 ani.

310 5643 328 5717 ’ξ
681 5651 853 5706 homo.

2018 5617 2539 5717 ιο“ἕ‹ἰἓῖἐ,”ρὸἑιανίι.

250 5766 251 5769 η
363 5720 538 5803 ἐμμὶ.
572 5794 584 5803 .
658 5796 668 5803 .
992 5768 995 5769 ν
2021 5720 2060 5803 ξι
2093 5715 2479 5803 ρυὶα.’ἰῖό.ιιθ;
2526 5739 2646 5794 qua.
2690 5724 2781 5803 Sic
2818 5723 2960 5803 enim
2991 5728 3155 5799 paulo
3185 5742 3347 5803 post:
3389 5734 3542 5793 Hanc

316 5785 335 5815 ε
360 5785 528 5849 Fui-ie
556 5794 695 5853 desii
713 5838 728 5863 ν
755 5810 828 5852 ιιι,
1946 5785 2550 5864 autem-generationcm;
2576 5810 2678 5860 qua
2704 5796 2767 5852 tle
2793 5785 3269 5868 virgine'nasoittrtr;
