3998 6346
445 247 512 348 0'7
1701 235 2026 326 rtus'rtut
2063 263 2504 326 pessumum
3671 265 3736 322 es

445 403 564 442 ueni
589 385 700 474 ejus
728 383 844 474 quis
889 385 1189 456 enarrabiti
1229 383 1377 456 llanc
1417 393 1596 454 autem
1641 381 2048 452 genueratiouem
2077 391 2130 452 Α
2153 381 2446 454 passionem
2473 379 2682 446 mortis,
2713 387 2762 434 et
2790 377 2928 450 quod
2963 377 3132 450 gratia
3153 376 3252 432 Dei
3279 393 3372 452 pro
3402 379 3632 434 omnibus
3651 397 3738 450 gu-

447 495 552 550 qua
593 471 662 534 de
699 469 902 552 virgine
949 477 1187 534 nascitur
1223 475 1520 532 secundum
1569 489 1792 540 carnem
1817 513 1834 540 ,
1885 471 2052 532 refert
2153 477 2302 530 stavit
2347 483 2568 528 mortem
2593 513 2608 534 ,
2655 469 2722 526 ad
2751 471 3004 526 decorem
3035 470 3218 541 operis
3247 471 3632 542 interpretatur
3657 487 3740 528 sa-

449 571 836 642 Evangelium,
863 571 978 642 ejus
1008 585 1220 648 quoque
1250 579 1492 638 tempora
1525 565 1858 624 describens.
1909 563 2054 622 Divi-
2156 563 2522 636 pientissimus
2565 563 2764 618 Paulus
2803 563 2874 616 ita
2929 561 3271 632 subsequens
3307 581 3320 618 :
3373 563 3594 618 Deeebat
3619 567 3744 620 enim

451 677 538 718 nos
565 673 742 734 autem
775 662 1140 736 generatiquis
1169 659 1408 734 initium,
1443 667 1502 716 ut
1529 659 1790 726 diximus,
1831 655 2052 716 investi-
2155 675 2272 714 eum
2301 669 2514 730 propter
2541 671 2690 726 quem
2715 657 2888 712 omnia
2917 697 2930 720 ,
2965 665 3010 710 et
3043 673 3132 720 per
3159 671 3312 726 quem
3335 658 3510 712 omnia
3531 699 3546 723 ,
3581 659 3748 714 multis

453 758 566 826 gari
599 772 708 828 non
735 765 912 828 potest
937 797 952 824 ,
1003 758 1146 810 sicut
1187 769 1288 828 nec
1337 753 1638 814 divinitatis
1663 765 1786 822 qua:
1829 751 1906 816 illi
1951 763 2056 812 una
2157 751 2282 820 ﬁliis
2307 753 2362 806 in
2381 750 2604 824 gloriam
2627 749 2888 816 adductis,
2915 750 3096 806 ducem
3121 751 3304 806 salutis
3331 765 3508 804 eorum
3531 767 3617 820 per
3641 769 3750 823 pas-

453 864 576 911 cum
611 857 762 922 patre
792 857 877 904 est
909 865 922 902 :
965 859 1017 904 et
1047 847 1170 904 ideo
1195 847 1272 904 ait
1301 885 1325 914 ,-
1367 845 1758 906 Generatiouem
1805 845 1916 914 ejus
1941 843 2056 913 quis
2157 843 2322 898 siones
2345 859 2702 898 consummare
2721 841 2918 916 (Ιὺὶά.,
2938 841 3054 910 lli).
3081 841 3242 898 Vides
3263 857 3422 910 quam
3451 841 3748 912 pulchrum,

459 941 764 1014 enarrabit?
808 939 866 1008 Si
915 954 1046 1012 ergo
1075 941 1127 1010 in
1159 947 1499 1010 sacramento
1527 935 1652 1008 ﬁdei
1697 936 1800 994 ltoc
1847 935 2062 1006 accepi-

461 1051 620 1110 mus,
669 1044 726 1090 ιιι
766 1032 1046 1104 Christum
1089 1033 1258 1104 Deum
1301 1031 1590 1102 credamus
1633 1041 1688 1100 et
1739 1029 2058 1096 hominem;

461 1129 628 1184 Deum
660 1127 914 1216 ιιιιίιΙειιιι
943 1127 1010 1182 de
1041 1129 1150 1210 pet)
1177 1127 1291 1196 sine
1315 1126 1470 1200 initio
1503 1135 1708 1194 tantum
1735 1139 1750 1190 ;
1787 1123 2062 1186 hominem

457 1231 638 1275 autent
661 1259 680 1288 ,
725 1221 850 1294 quia
899 1219 968 1288 de
995 1219 1202 1292 virgine
1234 1221 1284 1276 in
1313 1217 1648 1292 temporibus,
1677 1217 1862 1280 uatum
1890 1233 1904 1270 :
1955 1233 2062 1272 non

458 1311 851 1384 calutnnietnur
877 1309 1144 1366 divinitati
1173 1310 1288 1398 eius
1308 1351 1324 1378 ,
1357 1325 1480 1380 cuiu
1509 1325 1606 1380 pro
1631 1317 1816 1384 nostra
1847 1307 2058 1376 medela

461 1421 580 1478 qua:
607 1413 735 1460 sunt
769 1403 1001 1478 hominis
1027 1404 1348 1478 exsequitur
1372 1445 1386 1468 ,
1439 1401 1643 1474 ltabctts
1687 1403 1740 1472 in
1785 1417 1844 1468 se
1873 1415 2066 1472 accep-

463 1509 570 1556 tam
595 1499 832 1576 hominis
861 1511 1106 1572 naturam
1133 1515 1146 1552 :
1177 1500 1298 1586 qpia
1331 1513 1432 1554 nec
1463 1499 1625 1568 homo
1653 1497 1930 1568 negaudus
1958 1505 2064 1562 est,

461 1609 586 1650 eum
607 1593 838 1670 propria:
861 1593 1158 1666 divinitatis
1181 1593 1482 1660 naturalem
1511 1590 1682 1656 exerit
1717 1599 2062 1664 potestatein,

461 1699 682 1760 accepta
711 1689 762 1760 in
789 1702 848 1756 se
877 1685 1048 1756 forma
1078 1688 1276 1758 Servili.
1334 1685 1392 1742 Si
1439 1701 1568 1758 ergo,
1594 1695 1648 1742 et
1674 1695 1792 1742 orat
1815 1695 2022 1754 patrem
2049 1723 2064 1746 ,

2160 953 2392 1006 quamve
2419 937 2678 994 decorum
2711 947 2912 992 nostr-ae
2941 937 3134 992 salutis
3163 945 3560 992 sacramentum
3591 935 3642 992 in
3669 951 3750 1004 eo,

2161 1031 2304 1102 quod
2335 1030 2476 1088 ﬁlius
2505 1041 2610 1096 est,
2643 1029 2944 1086 minos-atus
2971 1029 3299 1084 ostenditur.
3331 1029 3616 1098 Quomodo
3635 1043 3756 1100 ergo

2165 1125 2232 1180 ad
2270 1123 2640 1194 oll'uscaudam
2669 1123 3012 1180 divinitatem
3043 1123 3163 1192 ejus
3195 1123 3530 1194 improperas
3555 1163 3570 1190 ,
3621 1122 3757 1194 quod

2165 1217 2474 1288 exsequitur
2521 1217 2588 1280 ad
2637 1215 2935 1272 decorem?
2981 1214 3140 1272 Pater
3181 1217 3350 1288 major
3379 1233 3458 1270 me
3503 1225 3580 1270 est
3613 1231 3626 1268 :
3665 1215 3758 1270 Itoc

2167 1319 2298 1368 tunc
2321 1311 2454 1376 dixit
2477 1353 2494 1378 ,
2523 1319 2710 1382 postea
2739 1325 2898 1382 quam
2941 1307 3162 1366 Verbum
3193 1325 3314 1364 caro
3355 1309 3553 1380 factum
3581 1321 3650 1364 est
3673 1350 3686 1376 ,
3713 1315 3760 1364 et

2169 1403 2416 1460 habitavit
2442 1405 2496 1468 iu
2524 1405 2690 1460 uoltis.

2241 1497 2307 1568 ιι.
2343 1501 2408 1556 Et
2437 1499 2562 1560 vide
2593 1515 2658 1554 ne
2689 1497 3076 1556 demutabilem
3105 1497 3300 1552 credas
3321 1538 3336 1562 ,
3363 1495 3524 1566 quasi
3553 1495 3764 1552 desierit

2170 1607 2294 1650 esse
2331 1591 2552 1658 Verbum
2579 1633 2594 1657 ,
2623 1601 2804 1661 postea
2835 1597 2994 1662 Quam
3025 1605 3146 1644 caro
3177 1593 3374 1662 factum
3401 1599 3516 1654 est;
3541 1587 3632 1644 sed
3661 1605 3764 1642 tua-

2173 1699 2310 1742 nens
2351 1699 2566 1754 semper
2603 1681 2824 1738 Verbum
2857 1683 2998 1738 Deus
3023 1721 3038 1746 ,
3087 1693 3142 1736 et
3177 1697 3298 1736 caro
3323 1695 3540 1752 quoque
3587 1683 3766 1752 factum

463 1789 516 1836 et
539 1781 584 1834 si
609 1779 743 1834 nihil
766 1793 880 1834 ipse
909 1779 1084 1834 facere
1107 1793 1166 1834 se
1195 1777 1326 1834 dicit
1355 1775 1534 1852 (Joan.
1567 1793 1622 1846 ιζ,
1657 1775 1772 1849 l9),
1797 1776 1900 1844 nisi
1924 1773 2070 1846 quod
2101 1791 2146 1852 Β
2173 1789 2268 1844 est.
2301 1777 2416 1842 Etsi
2443 1778 2590 1832 enim
2618 1775 2776 1843 dixit,
2809 1775 2879 1832 Et
2901 1775 3124 1832 Verbum
3145 1791 3264 1830 caro
3283 1777 3484 1846 factum
3503 1783 3594 1842 est,
3623 1787 3766 1842 pres-

465 1881 674 1944 patrept
703 1871 899 1944 viderit
925 1869 1254 1940 facientem;
1291 1883 1344 1936 ut
1375 1870 1508 1940 nihil
1541 1885 1684 1942 nunc
1705 1869 1848 1924 aliud
1867 1871 2066 1932 dicam,

465 1977 613 2022 certe
643 1967 890 2022 humana:
917 1967 1250 2032 extolletttiae
1275 1965 1516 2034 modum,
1547 1980 1650 2036 qua
1685 1964 1940 2034 magister
1967 1965 2070 2020 itit-

467 2063 620 2132 p0nit
659 2077 676 2128 ;
729 2073 784 2116 ut
827 2072 976 2116 tanto
1017 2061 1188 2132 magis
1231 2061 1406 2130 discat
1451 2062 1615 2124 ilultlo
1660 2059 1772 2124 [tuo
1815 2059 2072 2126 deferre,

467 2166 672 2226 quanto
699 2153 896 2222 detulit
921 2163 976 2210 et
1001 2169 1164 2210 verus
1193 2153 1336 2222 ﬁlius
1359 2195 1376 2230 ,
1405 2153 1496 2224 qui
1533 2167 1754 2224 causam
1783 2151 2078 2220 subjictio-

469 2251 555 2322 nis
588 2254 858 2320 propriam
889 2265 996 2304 non
1021 2247 1277 2312 habebat,
1300 2247 1390 2316 qui
1421 2257 1472 2302 et
1503 2245 1732 2316 fortnam
1761 2245 1949 2316 orandi
1975 2243 2074 2304 de-

469 2341 662 2412 derat,
691 2333 764 2398 ὐι
789 2358 898 2398 ιιοιι
930 2353 1037 2396 tam
1067 2340 1184 2410 ﬁeri
1211 2349 1452 2412 nastram
1476 2339 1810 2412 voluntatem
1853 2329 2078 2410 tegare-

471 2451 596 2492 mus
617 2479 633 2504 ,
653 2417 760 2490 'sed
789 2435 1106 2506 voluntatem
1135 2431 1316 2500 Patris
1345 2435 1432 2500 qui
1475 2433 1528 2490 iu
1565 2431 1706 2508 cretis
1737 2440 1810 2496 est
1841 2429 1860 2504 (
1885 2429 2076 2490 Matth.

473 2543 572 2596 ιιι,
607 2515 671 2584 ει
701 2535 738 2599 ).
793 2529 861 2584 Ει
908 2529 1030 2584 ideo
1071 2527 1216 2600 quod
1255 2527 1518 2592 docui-rat
1549 2533 1608 2594 ut
1637 2525 1922 2596 impleret,
1957 2521 2033 2584 ait
2065 2539 2078 2576 :

477 2621 530 2678 Ν
537 2607 602 2678 ou
622 2621 734 2676 veni
765 2638 930 2674 nteant
959 2621 1272 2692 uoluntatem
1301 2623 1494 2690 facere,
1523 2619 1612 2674 sed
1633 2619 1948 2680 voluntatem
1971 2619 2084 2688 ejus

475 2719 562 2788 qui
589 2715 726 2784 misit
757 2731 836 2780 me
865 2712 1046 2786 (Joan.
1083 2727 1156 2784 vt,
1181 2709 1296 2784 '58).
1323 2711 1430 2784 Sed
1458 2721 1514 2782 et
1539 2711 1682 2788 quod
1709 2713 1886 2782 utilior
1909 2708 2085 2774 lactus

477 2787 560 2864 est
587 2851 602 2876 ,
645 2807 790 2878 quod
821 2807 1058 2870 crescit,
1087 2805 1230 2876 quod
1275 2803 1508 2888 prolicit,
1541 2787 1688 2874 quod
1719 2801 1912 2872 esurit,
1939 2801 2084 2874 quod

479 2898 617 2968 sitit,
643 2897 786 2968 quod
819 2899 1048 2964 laborat,
1079 2897 1221 2968 quod
1247 2897 1360 2972 ﬁet,
1392 2895 1536 2966 quod
1559 2895 1728 2962 dolet,
1751 2895 1896 2966 quod
1917 2903 1952 2948 ιι
1971 2895 2088 2954 istis

477 3001 592 3056 est,
629 2997 910 3062 postremo
941 2979 1348 3062 quod—moritur
1377 3005 1390 3042 :
1417 2973 1506 3044 'ad
1541 2997 1790 3042 naturam
1821 2985 2090 3058 assumpti

481 3087 717 3144 hominis
737 3085 1082 3142 referendum
1106 3091 1212 3151 est,
1227 3099 1388 3154 quam
1414 3098 1510 3154 pro
1533 3095 1736 3138 nostra:
1751 3089 2090 3152 sacramento

2175 1873 2286 1928 sius
2317 1873 2462 1942 loqui
2487 1871 2694 1938 Voluit,
2741 1886 2814 1932 ne
2859 1871 2980 1942 quis
3025 1872 3078 1925 in
3111 1887 3178 1926 eo
3207 1885 3314 1924 non
3345 1885 3530 1926 veram
3561 1881 3766 1922 carnem

2175 1967 2444 2038 crederet.
2491 1967 2764 2038 Siquidem
2793 1977 2846 2022 et
2879 1976 2998 2038 post
3027 1975 3130 2020 tam
3159 1979 3406 2036 pressam
3451 1963 3766 2018 locutionem

2179 2078 2286 2118 non
2313 2063 2505 2122 desunt
2531 2063 2620 2133 qui
2645 2061 2866 2126 dicunt,
2895 2075 3116 2116 carnem
3147 2060 3298 2114 illum
3323 2057 3590 2114 habuisse
3619 2067 3764 2127 puta-

2183 2155 2366 2214 tivam.
2405 2155 2476 2216 Ut
2503 2165 2684 2212 autem
2715 2153 3060 2210 manifestum
3093 2153 3164 2210 sit
3195 2141 3432 2210 Verbum
3461 2167 3674 2209 carnem
3701 2149 3769 2204 la-

2181 2261 2326 2316 etum
2357 2289 2372 2314 ,
2403 2265 2512 2304 non
2535 2249 2902 2304 demutatione
2929 2247 3126 2302 divinae
3155 2245 3480 2302 substantiae
3503 2287 3518 2312 ,
3547 2243 3638 2300 sed
3663 2257 3772 2304 sus-

2183 2341 2432 2410 ceptione
2457 2341 2636 2396 carnis
2667 2340 2916 2394 humana:
2937 2381 2952 2406 ,
2985 2339 3208 2394 intende
3235 2339 3360 2408 quid
3389 2339 3634 2410 sequitur
3659 2355 3672 2390 :
3713 2335 3772 2390 Et

2187 2437 2432 2492 (latitavit
2459 2435 2510 2490 in
2539 2435 2704 2490 nobis.
2739 2433 2854 2490 Non
2888 2449 3018 2504 ergo
3049 2435 3410 2500 interceptum
3439 2443 3520 2488 est
3557 2429 3772 2486 Verbum

2185 2528 2556 2588 demutatioue
2585 2569 2598 2592 ,
2627 2527 2768 2598 quod
2805 2543 2898 2596 per
2925 2543 3144 2583 carnem
3169 2533 3506 2596 assumptum
3549 2522 3775 2578 habitarit

2187 2625 2240 2678 in
2263 2624 2440 2678 uobis:
2465 2623 2724 2678 habitatio
2745 2621 2890 2678 enim
2913 2622 3104 2692 probat
3121 2622 3579 2692 perseverantiam
3599 2615 3772 2672 Verbi.

2193 2716 2306 2774 Hoc
2335 2715 2456 2772 ideo
2485 2716 2804 2786 interposui,
2835 2731 2906 2770 ne
2927 2715 3046 2784 quis
3075 2715 3244 2770 lilium
3283 2713 3378 2768 lJei
3407 2710 3774 2788 demutabilem

2191 2809 2374 2864 credat
2401 2849 2418 2872 ,
2447 2823 2572 2868 cum
2603 2809 2730 2879 legit
2755 2825 2770 2861 :
2805 2805 2874 2864 Ει
2911 2805 3134 2868 Verbum
3161 2821 3284 2860 cura
3305 2809 3506 2878 factum
3529 2813 3620 2858 est.
3655 2801 3778 2856 Dicit

2192 2919 2322 2974 ergo
2347 2903 2514 2968 filius,
2549 2901 2708 2958 Pater
2735 2905 2908 2975 major
2935 2917 3014 2955 me
3045 2911 3138 2966 est,
3173 2907 3356 2970 postea
3381 2915 3542 2970 quam
3569 2895 3776 2952 Verbum

2197 3013 2316 3052 raro
2365 3001 2562 3066 factum
2603 3005 2718 3060 est,
2765 3005 2818 3050 et
2863 2994 3100 3064 suscepit
3147 2991 3388 3048 ofﬁcium
3419 2989 3774 3048 ministrantis.

2203 3089 2356 3146 Venit
2385 3091 2518 3144 enim
2543 3105 2648 3144 non
2669 3089 2972 3154 ministrari,
2995 3087 3088 3142 sed
3109 3087 3422 3142 ministrare.
3461 3085 3614 3140 Pater
3629 3087 3780 3156 major

483 3181 676 3237 salutis
707 3181 936 3252 mystice
967 3177 1232 3248 exercuit,
1265 3177 1368 3234 sub
1399 3177 1754 3246 intelligentia
1785 3191 1890 3246 qua
1929 3189 2090 3243 supra
2121 3179 2168 3242 ρ
2199 3201 2278 3242 me
2303 3195 2378 3240 εει
2405 3183 2424 3256 (
2453 3183 2640 3238 litauit.
2669 3199 2760 3246 xx,
2783 3181 2853 3238 28
2877 3181 2918 3252 ).
2949 3181 3088 3250 (inid
3115 3181 3198 3234 ais
3227 3179 3248 3212 ³
3277 3179 3500 3235 deitas?
3527 3177 3780 3250 quomodo

485 3273 538 3329 in
568 3261 878 3330 testimoitio
903 3271 1078 3328 Esaia:
1107 3271 1334 3342 relatum
1367 3277 1471 3326 est.
1499 3269 1614 3326 Sub
1633 3273 1732 3330 hoc
1759 3269 1882 3324 ﬁdei
1913 3281 2096 3324 sacrae

487 3377 670 3422 mento
699 3382 808 3422 non
831 3365 1004 3422 solum
1059 3365 1148 3419 illa
1197 3365 1433 3436 capitula
1481 3365 1770 3440 solvuntur
1799 3363 1868 3418 de
1895 3359 2094 3434 quibus

486 3465 824 3536 interrogare
837 3461 1058 3534 dignata
1081 3475 1163 3526 es,
1189 3459 1284 3515 sed
1315 3471 1366 3514 et
1391 3473 1582 3530 piuues
1607 3459 1938 3530 quaestiones
1961 3469 2098 3528 quas

485 3565 674 3612 contra
705 3549 798 3609 lilti
831 3553 1176 3609 divinitatem
1209 3559 1468 3622 coaptant
1491 3551 1642 3624 impii
1673 3549 1936 3606 haeretici.

1113 3689 1342 3746 CAPUT
1381 3689 1472 3746 IV.

598 3805 680 3864 Dc
707 3801 806 3862 hoc
831 3803 972 3878 quod
997 3801 1070 3860 ait
1105 3801 1282 3859 Filius
1307 3819 1326 3858 :
1357 3803 1540 3858 ΡΑτειι
1563 3817 1732 3859 tutori
1761 3817 1832 3858 ιιε
1855 3815 1974 3858 εετ.

563 3923 604 3978 I.
631 3921 860 3994 Accipe‘
883 3935 1030 3976 nunc
1057 3927 1111 3975 et
1137 3919 1235 3976 has
1261 3919 1612 3992 quaestiones,
1637 3935 1772 3992 quas
1793 3935 1859 3982 ex
1881 3917 2102 3994 diversa

495 4017 516 4048 '
547 4025 706 4086 parte
739 4027 1101 4085 protrusueras
1131 4013 1420 4080 fortiores,
1463 4012 1774 4084 specialiter
1802 4011 2097 4086 absolutas.

497 4109 694 4164 Dicunt
721 4149 735 4174 ,
771 4107 948 4178 inquis
975 4147 990 4172 ,
1019 4105 1262 4162 haeretici
1291 4105 1358 4160 ad
1389 4103 1798 4176 depretiandam
1852 4105 1947 4160 ﬁlii
1981 4120 2102 4176 per-

497 4213 711 4274 petuam
746 4211 802 4258 et
833 4203 1130 4282 perlectam
1160 4201 1212 4268 in
1235 4185 1485 4257 onmibus
1515 4201 1795 4276 deitatem,
1821 4199 1976 4274 Pater
1993 4217 2104 4256 uta-

489 4302 580 4374 jor
607 4315 690 4354 me
721 4307 794 4354 est
831 4289 1032 4368 (Joan,
1057 4311 1148 4352 xw
1172 4337 1186 4360 ,
1221 4297 1344 4370 ιϐ).
1400 4294 1508 4352 Sed
1549 4295 1928 4370 requirendum
1975 4305 2060 4364 est
2081 4333 2100 4362 ,

499 4393 716 4462 quando
743 4391 846 4446 hoc
878 4393 1018 4446 titius
1045 4389 1184 4446 dixit
1209 4407 1222 4443 :
1258 4405 1438 4446 nonne
1467 4375 1688 4464 quando,
1715 4389 1996 4464 impletum
2021 4397 2107 4444 est

499 4481 554 4538 in
583 4499 652 4538 eo
679 4481 824 4553 quod
853 4483 1114 4550 scriptttm
1144 4493 1226 4538 est
1255 4501 1273 4556 :7
1301 4481 1580 4548 Miuorasti
1600 4500 1712 4548 eum
1741 4483 1902 4556 paulo
1933 4483 2106 4556 minus

2195 3277 2332 3332 dicis
2365 3285 2568 3346 patrem
2599 3285 2650 3330 te
2673 3289 2795 3330 esse
2827 3273 3126 3344 majorem?
3151 3281 3302 3328 certe
3331 3287 3442 3327 una
3471 3271 3562 3328 tibi
3589 3281 3640 3326 et
3657 3267 3780 3340 patri

2195 3371 2376 3442 imago
2405 3379 2490 3428 εει
2521 3369 2820 3426 secundum
2849 3369 3068 3440 Moysen
3091 3411 3106 3434 ,
3157 3367 3462 3440 eademque
3507 3367 3668 3422 forma
3705 3377 3784 3418 se-

2195 3463 2430 3520 cundum
2461 3463 2768 3534 apostolum
2799 3463 3024 3518 Paulum
3049 3503 3064 3524 .
3115 3462 3206 3532 qui
3249 3477 3338 3516 mc
3391 3462 3546 3516 etiam
3575 3455 3747 3514 docuit
3767 3495 3780 3518 ,

2198 3555 2342 3626 quod
2372 3555 2446 3620 sis
2473 3555 2720 3628 splendor
2757 3555 2938 3626 gloria
2965 3563 3012 3608 et
3039 3555 3309 3610 character
3349 3553 3648 3608 substantiae
3683 3551 3784 3620 ejus

2201 3651 2221 3718 (
2241 3649 2370 3704 Heb.
2405 3665 2444 3716 ι,
2473 3649 2508 3704 5
2529 3648 2569 3722 ).
2597 3648 2706 3706 Sed
2735 3657 2790 3704 et
2817 3657 2876 3704 tu
2903 3647 3020 3719 ipse
3045 3647 3276 3703 docuisti
3307 3645 3498 3702 dicens
3531 3663 3544 3700 :
3591 3643 3686 3710 Qui
3713 3655 3786 3695 me

2199 3743 2328 3806 uidit
2355 3785 2368 3808 ,
2419 3744 2544 3798 uidit
2587 3753 2834 3816 patrem;
2883 3753 2936 3798 et
2977 3759 3068 3814 ego
3111 3743 3168 3796 in
3199 3751 3342 3812 patre
3367 3751 3420 3796 ει
3449 3749 3592 3812 pater
3623 3739 3674 3792 iu
3715 3749 3786 3788 me

2205 3837 2386 3912 (Joan.
2411 3853 2520 3902 ειν,
2545 3835 2624 3910 9).
2655 3835 2772 3912 Ego
2796 3845 2844 3892 et
2871 3845 3016 3908 pater
3037 3853 3200 3890 unum
3213 3851 3396 3890 sumus
3415 3833 3590 3907 (Joau.
3609 3847 3658 3892 ι,
3681 3827 3782 3898 50).

2203 3933 2312 3990 Sed
2337 3943 2392 3988 et
2419 3945 2778 4003 quaecumque
2803 3929 2932 3986 facit
2961 3937 3114 3998 pater
3135 3971 3150 3996 ,
3185 3927 3320 3984 facis
3349 3939 3404 3984 et
3433 3935 3490 3982 ιιι
3517 3925 3784 3982 similiter:

2203 4033 2296 4082 tua
2323 4027 2468 4084 enim
2495 4025 2660 4082 verba
2685 4034 2844 4078 sunt:
2879 4023 3226 4092 Quaecumque
3255 4025 3392 4076 enim
3421 4022 3510 4076 ille
3533 4019 3672 4092 facit,
3693 4017 3790 4070 ha‘c

2205 4129 2256 4174 ει
2281 4117 2424 4186 ﬁlius
2451 4115 2688 4172 similiter
2711 4115 2836 4188 facit
2865 4129 2886 4170 :
2929 4125 2976 4170 et
3005 4116 3134 4170 sicut
3167 4125 3314 4184 pater
3339 4115 3558 4170 suscitat
3575 4119 3784 4166 mortuos

2205 4219 2254 4266 ει
2283 4211 2529 4278 viviﬁcat,
2561 4210 2636 4264 sic
2663 4219 2712 4266 ct
2739 4209 2900 4278 ﬁlius,
2933 4225 3060 4280 quos
3091 4208 3196 4262 uult
3223 4249 3240 4272 ,
3269 4209 3492 4277 uiuiﬁcat
3517 4247 3532 4274 ,
3562 4211 3680 4260 etut
3703 4201 3788 4254 ho-

2209 4301 2475 4370 noriﬁcam
2496 4301 2664 4372 ﬁlium
2691 4341 2706 4366 ,
2733 4303 2862 4356 sicut
2893 4299 3242 4368 honoriﬁcam
3265 4311 3466 4370 patrem
3505 4297 3690 4370 (Joau.
3723 4307 3750 4346 ν
3771 4329 3788 4358 ,

2215 4393 2464 4466 lli—21).
2493 4391 2630 4472 Qum
2653 4407 2782 4462 ergo
2807 4393 2996 4448 eadem
3021 4392 3116 4448 tibi
3145 4393 3322 4464 imago
3347 4403 3452 4458 est,
3481 4389 3662 4447 eadem
3691 4385 3790 4440 for-

2211 4503 2296 4542 ma
2327 4487 2622 4558 eademque
2653 4485 2952 4542 substantia
2977 4525 2992 4552 ,
3025 4487 3216 4542 eadem
3245 4497 3450 4540 natura:
3473 4483 3646 4538 unitas
3671 4519 3686 4545 ,
3711 4489 3792 4532 ea-

501 4576 564 4630 σὺ
593 4575 812 4648 angelis,
853 4573 1020 4646 gloria
1049 4583 1098 4628 et
1118 4555 1312 4628 honoie
1339 4579 1593 4650 commisti
1615 4575 1782 4658 eum(
1807 4575 1952 4652 Psal.
1986 4555 2098 4642 vui,
2131 4581 2188 4654 Β
2209 4581 2336 4646 deut
2357 4555 2618 4650 potestas,
2647 4577 2838 4640 eadem
2867 4577 3084 4634 libertas
3109 4577 3424 4644 voluntatis,
3451 4577 3587 4634 idem
3613 4575 3788 4636 honor,

503 4665 912 4738 6)?Quontodo
941 4667 1242 4720 minoratus
1270 4677 1372 4736 est,
1403 4679 1638 4742 exponat
1663 4670 1941 4740 apostolus
1965 4667 2106 4740 Pau—
2209 4685 2264 4730 ct
2311 4675 2492 4728 omnia
2533 4675 2756 4734 omnino
2781 4689 2904 4743 qua:
2927 4673 3094 4743 patris
3123 4683 3288 4738 sunt,
3347 4683 3438 4728 tua
3479 4681 3598 4728 sunt
3623 4711 3638 4736 ,
3679 4663 3792 4737 quia

503 4761 591 4816 lus
621 4761 764 4817 tertii
791 4761 916 4816 caeli
947 4763 1201 4816 conscius
1231 4777 1242 4814 :
1280 4758 1452 4836 Paulo
1473 4751 1666 4832 minus,
1693 4763 1894 4836 inqdit,
1921 4763 1984 4816 ab
2013 4778 2108 4816 au-

504 4857 634 4928 gelis
681 4855 994 4910 minoratum
1051 4835 1294 4910 uidemus
1327 4853 1508 4910 Jesum
1557 4866 1766 4928 propter
1817 4835 2110 4924 passionem

505 4953 722 5018 mortis;
750 4949 919 5022 gloria
945 4959 994 5004 et
1014 4949 1210 5004 honore
1234 4959 1553 5016 coronatum,
1577 4957 1632 5018 ut
1658 4949 1826 5020 gratia
1848 4945 1946 5010 Dei
1971 4963 2110 5012 mor-

507 5056 608 5103 tem
629 5029 855 5120 gustaret
882 5061 976 5120 pro
1001 5044 1236 5110 omnibus
1267 5045 1286 5116 (
1316 5043 1443 5099 Heb.
1479 5059 1536 5112 tt,
1567 5043 1664 5116 9).
1704 5041 1808 5110 Pro
1829 5041 2062 5112 omnibus
2087 5083 2104 5110 ,

507 5141 621 5208 ait,
655 5157 760 5196 non
789 5153 886 5210 pro
925 5153 1020 5193 se:
1050 5153 1176 5210 ergo
1203 5138 1292 5210 qui
1321 5154 1415 5208 pro
1455 5137 1690 5212 aemilius
1719 5137 1946 5208 θαιιιψίι
1973 5151 2120 5206 ωοτ-ε.

507 5243 643 5302 tem,
688 5219 814 5304 quid
845 5233 1040 5286 mirum
1077 5213 1124 5286 si
1169 5247 1261 5300 pro
1291 5213 1530 5300 omnibus
1574 5241 1628 5286 et
1655 5231 1954 5296 minorattts
1983 5231 2108 5290 est?

511 5325 624 5381 Pro
645 5327 878 5380 omnibus
907 5321 1132 5397 (autum)
1159 5311 1380 5395 gustavit
1407 5334 1656 5387 mortem;
1681 5339 1788 5378 non
1819 5317 1916 5394 pro
1939 5341 2016 5392 se,
2043 5341 2110 5380 eo

511 5419 653 5488 quod
683 5433 776 5488 pro
805 5415 1042 5470 omnibus
1073 5415 1122 5468 itt
1153 5413 1360 5482 peccati
1389 5427 1544 5469 reatu
1579 5415 1769 5484 positis
1799 5415 1917 5496 ipse
1945 5415 2112 5492 homo

511 5509 706 5576 factus,
739 5509 887 5566 nullo
917 5507 1140 5580 proprio
1163 5515 1385 5578 peccato
1414 5507 1698 5584 tenebatur
1727 5511 2014 5590 dimittitis.
2043 5509 2112 5566 Et

513 5598 636 5658 vide
663 5599 934 5672 quomodo
955 5599 1060 5664 hoc
1083 5599 1284 5674 ipsumJ
1311 5597 1456 5672 quod
1484 5599 1772 5674 minorqtus
1801 5611 1876 5664 est
1905 5613 2116 5676 propter

593 5723 608 5753 ⁸
639 5719 978 5792 Acceperunt.
1009 5719 1020 5784 ξ

591 5794 610 5840 '-
637 5792 780 5854 Arta.

2211 4785 2334 4840 quae
2381 4778 2472 4828 tua
2515 4777 2678 4838 aunt,
2731 4771 2902 4840 pa1ris
2927 4781 3092 4836 sunt;
3125 4769 3398 4840 quomodo
3425 4767 3600 4832 dicis,
3649 4759 3794 4816 Pater

2213 4861 2384 4932 major
2409 4877 2488 4916 me
2515 4873 2610 4930 est,
2639 4877 2762 4918 cum
2793 4863 2854 4930 in.
2877 4863 3130 4917 omnibus
3159 4877 3280 4933 quae
3306 4871 3434 4918 sunt
3463 4857 3692 4922 deitatis,
3723 4861 3798 4907 ta-

2215 4955 2286 5012 lis
2319 4971 2378 5012 es
2407 4957 2586 5026 qualis
2611 4965 2668 5030 et
2693 4967 2850 5028 pater
2871 4957 2896 5008 ‘t.
2923 4955 3199 5028 Loquatur
3227 4957 3506 5028 apostolus
3527 4951 3720 5010 Paulus
3747 4945 3796 4999 in

2215 5065 2324 5121 quo
2351 5049 2598 5108 Christus
2641 5051 2960 5120 loquebatur
2983 5091 2998 5118 ,
3047 5049 3342 5106 secundum
3379 5047 3519 5116 quod
3549 5047 3662 5116 ipse
3689 5039 3794 5092 ait:

2221 5143 2304 5202 An.
2327 5145 2730 5216 experimentum
2767 5145 3000 5214 quaeritis
3025 5185 3039 5210 ,
3079 5145 3165 5214 qui
3189 5145 3242 5198 in
3267 5159 3346 5198 me
3375 5141 3600 5208 loquitur
3621 5126 3797 5190 Christi

2216 5235 2286 5308 (ll
2311 5237 2430 5292 Cor.
2447 5253 2560 5304 xui,
2589 5237 2672 5306 5)?
2695 5236 2832 5306 Quid
2859 5237 2992 5292 dicit
3015 5229 3346 5306 Apostolus?
3369 5235 3456 5304 qui
3495 5245 3610 5286 cum
3629 5229 3678 5281 in
3700 5221 3800 5294 for-

2219 5349 2302 5384 ma
2331 5331 2428 5386 Dei
2455 5342 2582 5386 esset
2607 5335 2914 5388 constitutus
2939 5373 2955 5400 ,
2989 5347 3094 5386 non
3131 5332 3368 5402 rapinam
3391 5326 3670 5380 arbitratus
3709 5323 3796 5380 est,

2217 5439 2326 5478 esse
2355 5439 2408 5478 se
2429 5423 2676 5496 a'qualem
2703 5423 2814 5478 Deo
2845 5423 3108 5496 (Philipp.
3137 5439 3196 5490 ll,
3227 5419 3319 5494 6).
3351 5421 3498 5490 Ergo.
3517 5409 3798 5476 secundum

2219 5517 2343 5584 hoc,
2377 5521 2519 5590 quod
2545 5521 2598 5575 in
2630 5521 2799 5576 forma
2827 5521 2922 5576 Dei
2942 5529 3026 5576 est
3049 5529 3104 5576 et
3129 5519 3272 5590 quod
3301 5516 3524 5588 aequalis
3549 5519 3632 5568 est
3665 5507 3794 5566 Dec.

2221 5625 2328 5666 mn
2357 5624 2440 5669 est
2473 5613 2647 5685 major
2687 5621 2860 5686 pater.
2911 5609 2983 5668 Et
3009 5611 3290 5688 quomodo
3319 5609 3498 5696 iunior
3526 5613 3609 5684 gat
3633 5607 3794 5688 pater,

2299 5726 2322 5758 ³
2355 5727 2576 5786 Veritas.
