3998 6346
222 297 280 372 et
1576 289 1662 354 DE
1701 273 2092 356 Titianum.
3413 283 3481 352 το

211 411 553 484 subsequentia
579 409 1001 468 demonstrant:
1056 409 1162 482 Sed
1199 410 1550 476 seutetipsum,
1580 411 1773 481 inquit,
1810 420 1854 478 Α
1884 412 2004 483 fecit
2035 411 2168 466 hunc
2191 409 2395 475 Jesum,
2425 427 2576 482 quem
2602 428 2692 466 vos
2721 412 3073 483 cruciﬁaiistis.
3107 411 3246 485 (Act.
3281 427 3339 478 ιι,
3363 412 3482 483 56.)

211 509 478 576 exinanivit,
510 510 727 578 formant
754 506 885 572 servi
911 506 1171 576 accipiens
1199 504 1389 579 (Ibid.,
1422 506 1474 572 7,
1505 505 1582 574 8).

268 599 348 658 Ill.
382 598 507 655 Vide
554 613 621 670 ne
649 607 704 658 et
755 597 841 668 hic
890 597 1341 668 iuterceptiouem
1368 596 1666 654 divinitatis
1701 597 1786 658 iu-

211 697 395 765 telligas
416 735 432 763 ,
459 710 577 762 cum
605 682 760 754 audis
781 736 796 764 ,
829 694 1157 768 semetipsum
1208 695 1489 752 exinaniuit
1514 712 1532 750 :
1563 694 1784 752 intende

209 792 328 850 cnim
359 787 423 842 ad
465 788 567 842 huc
605 788 747 856 quod
777 793 1020 858 sequitur
1044 830 1058 853 ,
1093 791 1313 858 formam
1342 789 1474 844 servi
1501 788 1781 858 accipiens.

207 885 397 956 ﬂauere
423 900 552 954 ergo
581 885 634 938 in
656 898 754 948 suo
782 890 926 940 statu
953 883 1278 949 ostenditur,
1305 883 1393 953 qui
1419 883 1647 937 formam
1672 897 1786 937 ser-

207 980 248 1034 vi
279 977 463 1044 dicitur
489 977 790 1046 accepisse.
849 975 956 1034 Sed
985 977 1233 1047 quamvis
1263 987 1476 1030 maneat
1508 984 1560 1029 ct
1602 991 1787 1045 persc—

204 1081 332 1126 veret
361 1071 410 1125 itt
451 1084 517 1125 eo
548 1078 722 1124 status
749 1067 1003 1133 divinus;
1051 1079 1230 1124 tamen
1271 1072 1622 1138 semetipsum
1672 1067 1788 1122 esi-

205 1163 401 1228 tianivit,
422 1161 634 1228 scilicet
660 1176 753 1229 per
776 1160 1196 1224 occultationem
1221 1159 1538 1226 divinitatis,
1566 1159 1785 1228 formam

202 1260 312 1312 servi
337 1255 593 1327 accipiens
623 1255 674 1314 in,
705 1254 1043 1310 similitudine
1071 1252 1338 1310 hominum
1383 1258 1550 1326 [actus
1573 1297 1585 1319 ,
1621 1263 1667 1308 et
1695 1254 1788 1306 ha-

204 1349 293 1406 bitu
338 1349 566 1412 iuventus
616 1357 670 1402 ut
728 1349 899 1408 homo.
978 1346 1287 1404 Humiliattit
1338 1349 1562 1418 seipsum
1619 1350 1787 1417 [uetus

204 1442 418 1504 obediens
448 1457 610 1510 usque
636 1440 706 1496 ad
739 1453 954 1500 mortem
973 1482 987 1506 ,
1018 1451 1228 1500 mortem
1257 1450 1428 1498 autem
1451 1441 1642 1494 crucis.
1669 1439 1786 1495 1am

205 1535 302 1588 talis
322 1544 399 1588 est
428 1535 470 1587 si
512 1533 693 1600 dicat,
722 1531 883 1588 Pater
909 1537 1075 1605 major
1103 1551 1183 1588 me
1211 1543 1284 1588 est
1310 1552 1322 1587 :
1367 1533 1480 1588 Non
1511 1535 1789 1604 impugnat

203 1629 541 1698 equalitatem
589 1627 888 1696 divinitatis
917 1669 932 1695 ,
985 1627 1079 1684 sed
1112 1628 1360 1698 designat
1387 1636 1788 1683 sacramentum

203 1718 526 1788 humanitatis
557 1734 656 1790 per
714 1719 816 1776 hoc
843 1718 984 1787 quod
1016 1721 1344 1791 semetipsum
1366 1719 1646 1774 exinanivit
1676 1718 1788 1787 {mt-

1886 503 1992 559 Sed
2026 503 2186 572 hujus
2228 520 2450 574 qunque
2497 505 2820 575 qua-stiouis
2873 505 3146 576 absolutio
3195 503 3485 562 manifesta

1887 606 1970 653 est
1994 598 2290 653 secundum
2325 599 2662 668 superiorem
2696 598 3186 667 expositionem,iu
3217 615 3321 670 qua
3350 597 3490 654 (lixi-

1887 709 2009 749 mus
2073 693 2242 748 lilium
2307 693 2400 748 Dei
2465 693 2629 749 etiam
2702 695 2867 749 tilium
2942 693 3178 748 hominis
3260 692 3482 748 laetum.

1889 789 1989 856 Qui
2021 787 2125 844 etsi
2150 788 2256 858 pati
2289 805 2398 843 non
2433 796 2631 857 potest,
2666 787 2788 856 quia
2824 787 2964 843 lilius
2996 787 3096 842 Dei
3131 797 3215 844 est
3246 785 3486 846 Verbqu

1887 890 1942 935 et
1967 881 2231 950 sapientia
2270 881 2360 934 Dei
2390 881 2634 935 existens
2657 920 2670 944 ,
2729 879 2850 948 quia
2884 878 3183 934 secundum
3215 878 3316 932 huc
3344 891 3490 934 sem-

1889 989 1987 1043 per
2017 973 2368 1042 itupassibilis
2401 982 2718 1043 perseverat
2750 971 2890 1026 sicut
2927 980 2983 1026 et
3025 979 3175 1040 pater
3219 971 3371 1039 ejus;
3407 980 3488 1026 Ia-

1892 1085 2016 1124 nten
2061 1083 2158 1138 per
2201 1067 2304 1123 hoc
2327 1067 2471 1139 quod
2505 1067 2672 1123 homo
2702 1067 2876 1132 iactus
2901 1074 3012 1132 est,
3044 1073 3203 1122 natus
3229 1064 3296 1119 de
3321 1063 3490 1120 Maria

1891 1163 2122 1233 virgine,
2158 1164 2429 1232 passibilis
2461 1173 2547 1218 est
2583 1184 2595 1217 :
2628 1163 2830 1233 quippe
2861 1161 2951 1229 qui
2979 1170 3033 1215 et
3063 1169 3297 1226 mortem
3329 1156 3496 1213 susti—

1892 1260 2038 1326 nuit,
2074 1268 2126 1313 et
2161 1267 2388 1313 mortem
2423 1258 2622 1324 crucis,
2670 1271 2897 1311 manens
2929 1255 2982 1320 in
3010 1270 3068 1311 se
3095 1269 3334 1323 semper,
3365 1253 3492 1323 quia

1893 1355 2036 1410 Deus
2076 1354 2403 1410 inviolabilis
2429 1396 2446 1422 ,
2494 1355 2659 1408 etiam
2689 1369 2812 1410 cum
2844 1360 3093 1406 versatur
3123 1350 3174 1404 in
3199 1348 3418 1404 homine
3439 1353 3496 1401 et

1891 1447 2246 1517 cruciﬁgitur.
2308 1445 2462 1500 Hunc
2517 1444 2875 1516 ergO'Jesum
2924 1443 3014 1514 qui
3065 1454 3146 1497 est
3197 1439 3494 1496 secundum

1893 1554 2154 1605 carnem,
2192 1539 2479 1593 Dominum
2531 1537 2682 1592 illum
2735 1547 2790 1593 et
2838 1537 3117 1591 Christum
3168 1533 3294 1589 fecit
3325 1533 3494 1594 Deus.

1894 1631 2028 1690 Nam
2067 1631 2362 1686 secundum
2410 1631 2513 1684 hoc
2542 1629 2684 1701 qttod
2723 1643 2804 1685 est
2837 1630 3146 1700 uttigeuitus
3184 1627 3330 1681 ﬁlius
3357 1624 3492 1692 Dei,

1893 1727 1984 1796 qui
2017 1735 2103 1781 est
2133 1725 2371 1780 Verbum
2399 1735 2454 1780 et
2475 1725 2739 1796 sapientia
2768 1725 2883 1790 Dei,
2917 1740 3022 1778 non
3055 1730 3141 1779 est
3166 1722 3346 1792 aliqua
3383 1719 3496 1776 fac-

202 1815 464 1880 utautservi
498 1813 780 1882 accipiens.
823 1813 940 1868 Jatn
966 1814 1088 1869 tahs
1118 1814 1161 1870 si
1191 1814 1372 1879 dicat,
1408 1814 1508 1880 Qui
1546 1814 1684 1868 misit
1713 1829 1791 1866 me
1820 1823 1868 1883 Β
1899 1833 2051 1886 tura,
2083 1835 2256 1887 neque
2297 1827 2625 1888 exspectans
2663 1816 3038 1888 promotiones
3059 1858 3074 1881 ,
3133 1814 3334 1885 quippe
3381 1809 3495 1866 exi-

203 1903 339 1960 Pater
362 1949 376 1972 ,
417 1907 724 1976 ntattdatunt
752 1907 877 1972 milii
901 1907 1072 1976 dedit,
1101 1906 1226 1978 quid
1257 1907 1424 1964 dicam
1446 1949 1460 1972 ,
1486 1917 1533 1961 et
1562 1906 1686 1978 quid
1713 1908 1794 1976 lq-

201 2015 309 2068 qttnr
329 1995 505 2066 (Joan.
545 2014 647 2066 sit,
675 1995 767 2070 49)
792 2019 806 2067 ;
835 2007 920 2054 et:
953 1997 1203 2054 Descendi
1233 2001 1295 2055 de
1327 2001 1471 2066 cwlo,
1499 2017 1600 2054 non
1631 2009 1684 2054 ut
1706 2003 1788 2070 fa-

203 2089 315 2144 ciam
335 2090 654 2145 uolnntatem
683 2108 870 2160 meum,
902 2093 991 2146 sed
1017 2092 1327 2154 voluntatem
1357 2095 1471 2164 ejus
1491 2092 1580 2159 qui
1603 2108 1680 2146 me
1697 2092 1794 2146 mi-

203 2181 256 2234 sit
283 2180 454 2252 (Joan.
497 2199 570 2244 vt,
601 2183 729 2252 58);
762 2183 1036 2247 ostendit,
1072 2184 1213 2252 qttod
1265 2185 1589 2252 semetipsum
1615 2185 1794 2239 exina-

203 2276 306 2331 niri!
327 2315 342 2342 ,
385 2278 613 2346 formam
639 2278 773 2344 servi
797 2276 1086 2346 accipiens,
1128 2279 1180 2332 in
1205 2278 1597 2332 similitudinem
1628 2279 1794 2332 Itami-

201 2388 307 2425 num
329 2371 514 2444 factus.
555 2383 602 2426 et
634 2373 813 2428 ltabitu
847 2373 1082 2428 inuentus
1107 2381 1163 2427 ut
1190 2378 1342 2434 homo
1368 2388 1385 2427 :
1407 2373 1698 2429 ltumiliavit
1739 2389 1794 2429 se

202 2467 351 2538 ipsum
381 2473 559 2540 [actus
580 2470 818 2524 obediens
843 2485 998 2538 usque
1025 2469 1093 2532 ad
1119 2479 1327 2524 mortem
1348 2484 1365 2522 :
1388 2479 1441 2525 et
1472 2479 1648 2540 tamen
1672 2484 1794 2538 qua:

203 2574 274 2618 est
297 2565 344 2618 in
376 2539 458 2618 his
502 2564 798 2626 diminutio
821 2564 936 2633 ejus
963 2564 1294 2628 divinitatis,
1325 2565 1368 2618 si
1405 2564 1470 2618 ad
1511 2539 1795 2632 amputan-

204 2656 305 2714 dam
332 2655 384 2710 in
411 2655 732 2712 hominibus
759 2659 1122 2727 arrogantiam
1144 2658 1264 2726 ipse
1286 2673 1392 2714 non
1411 2656 1510 2711 sibi
1533 2670 1795 2727 arrogans

204 2748 494 2820 loqueretur
517 2751 548 2803 Ρ
581 2749 832 2816 Mentior,
875 2751 1049 2812 sinon
1092 2749 1392 2817 hocipsum
1425 2750 1792 2804 testitnoiiium

205 2843 306 2898 ideo
327 2846 502 2913 posuit
561 2844 846 2913 apostolus
869 2843 1174 2910 Paulus,_ut
1195 2842 1262 2898 ad
1295 2843 1651 2898 humilitatem
1677 2841 1796 2896 Sal-

206 2935 381 2992 vatoris
407 2937 670 3005 exctnplo
705 2936 950 3006 singulos
985 2946 1320 3005 provocnrct.
1366 2935 1480 2991 Hoc
1535 2936 1605 2988 ita
1647 2937 1796 2989 inve-

207 3029 324 3094 nies,
348 3031 390 3084 si
413 3029 672 3085 eamdem
688 3028 988 3099 Epistulam
1011 3045 1170 3098 quam
1194 3028 1382 3084 scribit
1403 3028 1468 3082 ad
1483 3027 1797 3097 Philippen-

205 3134 310 3189 ses,
337 3121 606 3184 intentius
638 3122 852 3192 legeris.
897 3122 1002 3177 Sed
1033 3131 1088 3176 et
1120 3120 1360 3188 hmretitzi
1401 3123 1588 3176 nolunt
1608 3120 1678 3175 ob
1707 3136 1794 3173 sa-

1895 1923 2044 1968 steus
2076 1914 2126 1966 iu
2157 1913 2410 1968 omnibus
2437 1913 2576 1968 Dens
2607 1912 2910 1981 perlectus,
2943 1911 3083 1966 sicut
3104 1920 3157 1966 et
3183 1920 3333 1981 pater
3356 1912 3494 1982 ejus.

1896 2006 1993 2061 Hic
2022 2015 2203 2061 autem
2231 2004 2387 2060 Iesus
2415 2047 2428 2068 ,
2461 2005 2760 2060 secundum
2793 2020 3014 2060 carnem
3037 2007 3058 2050 ³
3088 2003 3343 2060 Christus
3377 2005 3490 2062 lac-

1900 2111 1984 2154 tus
2011 2108 2113 2164 est,
2139 2100 2357 2170 quando
2389 2102 2616 2167 primum
2648 2097 2820 2153 forma
2851 2099 2940 2154 illa
2973 2098 3190 2153 servilis
3221 2113 3382 2166 quam
3409 2113 3500 2154 ac-

1896 2206 2116 2265 ceperat
2140 2193 2206 2248 de
2232 2193 2365 2249 Adae
2397 2203 2641 2262 peccato,
2672 2193 2898 2248 liberata
2923 2201 3028 2247 est.
3058 2191 3230 2260 Adam
3260 2191 3404 2247 enim
3429 2191 3498 2248 de

1897 2287 2140 2342 dominio
2171 2287 2223 2342 in
2253 2289 2571 2342 servitutem
2623 2287 2820 2342 recidit
2847 2303 2911 2342 ex
2948 2288 3341 2342 commissione
3374 2302 3500 2356 pec-

1895 2381 1998 2434 cati
2028 2400 2039 2434 :
2067 2380 2248 2444 (Minis
2279 2380 2412 2433 enim
2430 2380 2656 2450 quit'acit
2687 2391 2979 2451 peccatum,
3000 2396 3175 2434 servus
3205 2377 3496 2442 est.(Joan.

1900 2489 2016 2539 vnt,
2045 2473 2160 2542 54.)
2193 2473 2443 2528 Salvator
2489 2483 2667 2528 autem
2725 2474 3007 2528 renovavit
3053 2473 3226 2528 multo
3255 2473 3496 2538 firmius,
3591 2516 3595 2520 .

1900 2567 2066 2620 immo
2095 2575 2148 2620 et
2176 2565 2643 2630 incorruptibilius
2678 2565 2732 2619 in
2761 2575 3041 2634 assumpto
3073 2565 3294 2620 homine
3322 2565 3501 2621 dumi-

1901 2659 2048 2714 nium
2076 2701 2090 2725 ,
2123 2675 2248 2713 cum
2281 2660 2331 2712 iu
2376 2674 2442 2714 eo
2490 2659 2667 2728 ipsum
2702 2667 2979 2728 peccatum
3011 2659 3153 2730 quod
3189 2675 3284 2728 per
3327 2662 3496 2714 Adam

1902 2752 2079 2805 fuerat
2109 2765 2274 2806 cau3a
2303 2749 2530 2819 abjectaa
2555 2752 2860 2820 servitutis,
2884 2751 3160 2806 abstersit.
3193 2751 3298 2807 Sed
3329 2751 3505 2808 lactus

1900 2854 1983 2896 est
2015 2843 2213 2898 iterum
2246 2858 2374 2898 vere
2417 2843 2699 2903 Dominus.
2733 2860 2854 2897 cum
2902 2842 2954 2897 itt
2986 2843 3135 2912 illum
3160 2845 3347 2915 populi
3378 2858 3502 2904 crea-

1899 2935 2097 2990 dentes
2113 2951 2174 2990 se
2192 2935 2310 3006 ejus
2336 2935 2578 2990 dominio
2602 2935 2982 2992 subdiderunt.
3006 2936 3340 2992 l’rovocatus
3355 2936 3500 2993 enim

1901 3043 2000 3098 per
2031 3027 2374 3083 hortamenta
2423 3044 2593 3084 sacra:
2643 3028 2940 3099 Scriptura:
2995 3027 3258 3096 dicentis,
3303 3029 3504 3087 Servits

1903 3120 2126 3176 [Iuntina
2176 3123 2229 3177 in
2263 3124 2445 3178 timore
2497 3121 2681 3188 (Psul.
2715 3139 2773 3188 ιι,
2809 3121 2934 3192 ll);
2972 3124 3344 3195 unusquisque
3388 3126 3500 3194 jam

206 3225 534 3280 eratneutqm
583 3214 847 3270 exitianiti
887 3214 980 3270 Dei
1039 3230 1134 3282 per
1186 3215 1555 3284 acceptiqucm
1610 3213 1796 3266 formae
1823 3215 1868 3288 ς]
1904 3213 2548 3285 cognoscensinChristo
2570 3215 2807 3269 salutare
2841 3215 3140 3270 dominium
3169 3217 3284 3271 ait:
3312 3215 3504 3279 Nonne

207 3308 401 3363 servilis
431 3325 560 3372 esse
594 3308 798 3366 dictum
829 3347 844 3374 ,
897 3305 1057 3363 Pater
1087 3311 1256 3380 major
1282 3323 1360 3360 me
1383 3315 1478 3362 est.
1547 3306 1797 3360 Dicamus

211 3413 254 3458 et
274 3419 364 3459 nos
377 3417 596 3475 patrem
621 3403 880 3472 majorem
901 3401 970 3457 de
994 3403 1111 3458 solo
1130 3411 1469 3464 sacramento
1493 3399 1798 3470 generatio—

211 3496 306 3552 nis:
345 3507 398 3554 et
435 3497 594 3554 hunc
641 3499 786 3558 enim
838 3496 982 3565 pium
1011 3510 1230 3553 sensum
1261 3494 1502 3550 nonnulli
1547 3492 1797 3547 catholici

213 3593 456 3657 prosecuti
499 3599 635 3648 sunt
663 3591 946 3655 dicentes,
986 3599 1194 3659 patrem
1241 3598 1296 3644 et
1344 3588 1513 3643 tilium
1554 3586 1798 3656 ejusdem

212 3681 503 3756 substantia:
530 3723 548 3750 ,
606 3690 662 3738 et
708 3682 832 3738 ideo
859 3681 1153 3740 secundum
1185 3681 1540 3738 subsuuitiam
1568 3681 1798 3734 alterum

211 3774 356 3830 altero
381 3790 488 3842 non
515 3789 644 3834 esse
661 3773 942 3844 majorem.
967 3774 1151 3842 Qualis
1173 3775 1320 3829 enim
1347 3782 1501 3844 pater
1521 3782 1605 3828 est
1631 3773 1798 3838 Deus,

213 3867 318 3924 talis
345 3881 394 3932 et
427 3871 577 3932 Deus
610 3869 756 3926 ﬁlius
782 3877 867 3924 est
904 3887 917 3923 :
969 3869 1103 3926 nihil
1149 3869 1292 3924 enim
1326 3869 1502 3922 minus
1532 3883 1599 3923 ex
1622 3883 1682 3922 se
1710 3882 1805 3938 ge-

212 3959 347 4029 nuit,
395 3979 564 4034 quam
594 3961 712 4032 ipse
741 3971 826 4020 est
854 3979 867 4015 :
910 3961 1176 4031 pet-iectus
1206 3963 1350 4017 enim
1409 3963 1648 4017 existens
1681 3975 1806 4030 per-

213 4055 386 4114 lectum
424 4057 643 4128 genuit.
699 4055 816 4112 Etsi
846 4071 976 4126 ergo
1001 4096 1016 4122 ,
1069 4071 1172 4126 qua
1207 4055 1351 4112 Deus
1380 4094 1396 4119 ,
1434 4054 1544 4110 Deo
1581 4053 1804 4124 aequalis

214 4159 284 4212 est
303 4150 477 4216 titius;
518 4161 722 4215 tamen,
749 4164 850 4218 qua
881 4147 1020 4204 lilius
1046 4190 1062 4214 ,
1087 4149 1266 4202 mittor
1307 4147 1503 4206 dicitur
1531 4159 1718 4218 patre:
1750 4145 1804 4202 id

215 4253 318 4306 est,
363 4245 486 4315 quia
523 4242 664 4304 (ilius
694 4242 763 4300 de
792 4255 947 4313 patre
984 4243 1054 4298 sit
1082 4283 1096 4308 ,
1148 4250 1205 4299 et
1257 4241 1537 4313 plenitudo
1561 4243 1805 4314 existens

217 4334 592 4402 plenitudinem
629 4335 855 4406 genuit:
890 4343 1044 4404 pater
1069 4344 1252 4392 autem
1289 4336 1476 4404 genuit
1515 4334 1684 4392 liliuttt
1707 4373 1720 4395 ,
1751 4341 1808 4388 et

217 4427 321 4484 ideo
346 4445 450 4486 non
479 4429 642 4497 dixit,
679 4428 856 4484 «Deus
885 4427 1056 4498 major
1087 4442 1173 4486 me
1195 4426 1467 4494 cst,tsed,
1502 4424 1664 4486 Pater
1695 4441 1808 4486 ma-

219 4523 296 4592 jor
322 4539 397 4578 me
413 4533 513 4578 est.

832 4635 1063 4692 CAPUT
1098 4636 1162 4692 γ.

222 4768 354 4852 Quod
403 4775 458 4848 in
515 4773 728 4848 Actibus
785 4773 1156 4847 Apostolorum
1208 4775 1396 4846 legitur
1428 4791 1445 4828 :
1475 4774 1804 4846 Cen'rtssutr;

279 4881 466 4932 ITAQUE
510 4883 664 4940 sem
711 4884 866 4924 ouans
917 4885 1089 4942 nouus
1136 4869 1346 4936 Ismuc,
1402 4884 1522 4942 qun
1559 4870 1806 4938 Domitius

282 4974 435 5016 tLLcu
470 4979 540 5036 ετ
571 4963 853 5034 Cuatsruu
882 4964 1030 5023 Deus
1063 4979 1220 5036 sucu:
1251 4980 1390 5036 nunc
1420 4964 1590 5038 Jssuu
1614 5006 1629 5034 ,
1661 4981 1806 5040 Quen

281 5066 372 5107 VOS
397 5069 805 5111 CRL'CIFIXISTIS.
1581 5037 1587 5038 γ
1673 5037 1676 5046 Ι

284 5161 322 5216 1.
361 5165 512 5224 later
541 5181 741 5240 etplera
772 5171 1177 5240 haereticorum,
1211 5182 1269 5238 ιιι
1299 5173 1508 5238 scilicet
1540 5173 1634 5236 Dei
1665 5173 1810 5236 ﬁlius

222 5255 414 5332 tactura
445 5263 728 5336 credatur,
753 5267 913 5330 etiam
942 5266 1043 5332 hoc
1065 5283 1130 5328 ex
1159 5282 1394 5336 persona
1421 5267 1654 5332 diversae
1686 5283 1812 5338 nare

224 5348 319 5404 tis‘
349 5357 640 5426 posuistis,
662 5358 808 5429 quod
831 5359 1058 5438 tegimus
1089 5360 1140 5424 in
1172 5360 1398 5426 Actibus
1422 5360 1810 5434 Apostolorum

225 5440 372 5500 beato
404 5448 565 5520 ξριτιξ
608 5451 831 5524 diuortio
857 5474 870 5510 :
899 5451 1196 5524 Certissima
1243 5456 1416 5523 itaque
1467 5455 1596 5516 sciat
1647 5455 1814 5518 omnis

227 5536 396 5594 domus
417 5539 604 5611 Israel,
629 5546 752 5616 quia
772 5555 819 5600 et
841 5543 1120 5601 Dominum
1145 5545 1296 5601 illum
1319 5556 1366 5601 et
1386 5545 1648 5614 Christum
1667 5544 1812 5614 Betis

350 5677 634 5758 Posuistis.
651 5684 815 5742 Forte
835 5685 1052 5758 posuisti
1078 5684 1359 5758 εςτίιὶξβξὶῑ
1395 5694 1608 5758 auctor,
1650 5683 1810 5756 Flac-

231 5747 406 5828 c_illam_
433 5757 787 5828 compellans,
832 5747 893 5812 ἰιι
914 5772 1060 5826 saepe
1089 5747 1460 5828 alia'sI'Et‘sub
1489 5747 1672 5814 ﬁnem
1696 5758 1816 5828 qui-

233 5816 346 5875 dem
390 5816 598 5898 hujus'§
635 5829 692 5897 l,
726 5816 970 5885 eamdem
997 5816 1241 5899 reginam
1274 5827 1556 5900 alloquens
1589 5870 1602 5896 ,
1635 5816 1766 5884 dicit
1796 5847 1808 5883 :

1905 3310 2015 3366 Deo
2043 3310 2248 3366 subdita
2266 3321 2340 3366 est
2370 3312 2546 3365 anima
2573 3327 2686 3366 mea
2717 3309 2894 3381 (Psal.
2919 3327 3027 3371 ut.
3052 3310 3163 3382 ‘3)?
3192 3310 3362 3380 Hujus
3387 3326 3504 3368 ser-

1902 3419 2029 3458 vum
2078 3404 2192 3460 ﬁeri
2245 3403 2443 3460 summi
2475 3403 2688 3460 decoris
2719 3413 2830 3468 cst,
2863 3412 2917 3458 et
2948 3405 3100 3474 quasi
3133 3403 3380 3473 quatdam
3413 3417 3506 3460 su-

1903 3496 2249 3566 pereminens
2280 3495 2482 3556 mundo
2513 3495 2790 3556 nobilitas.
2826 3495 2952 3558 Ideo
2981 3505 3037 3552 et
3066 3494 3363 3566 Apostolus
3387 3495 3508 3566 glo-

1905 3587 2040 3646 riam
2073 3603 2226 3644 suam
2251 3588 2477 3647 scribit:
2512 3585 2716 3649 Paulus
2743 3603 2918 3644 seruus
2943 3587 3066 3652 Iesu
3097 3588 3292 3658 Clu-isti
3325 3587 3502 3660 (Rom.

1904 3698 1945 3750 ι,
1983 3681 2057 3753 1).
2097 3682 2257 3740 Vides
2296 3683 2574 3754 quomodo
2618 3685 2690 3744 sit
2740 3685 2913 3742 iactus
2963 3683 3257 3750 lioniinus,
3289 3685 3506 3756 quando

1906 3775 2062 3836 illum
2093 3785 2145 3832 et
2189 3776 2233 3848 is
2277 3777 2367 3846 qui
2400 3787 2727 3846 persecutus
2755 3777 2931 3836 fuerat
2957 3819 2972 3844 ,
3025 3795 3182 3838 suum
3212 3777 3503 3845 Dominum

1905 3885 2007 3941 pro
2034 3885 2242 3930 summa
2271 3871 2372 3926 sibi
2405 3869 2573 3942 gloria
2598 3873 2906 3927 conlitetur.

1981 3962 2044 4018 ll.
2089 3962 2284 4022 Factus
2332 3973 2417 4024 est
2459 3974 2644 4020 autem
2675 3964 2695 3996 ³
2738 3965 2898 4022 Jesus
2951 3963 3254 4028 secundum
3288 3979 3507 4028 carnem

1909 4070 2016 4118 non
2048 4056 2220 4112 solum
2245 4056 2527 4122 Dominus,
2562 4057 2655 4114 sed
2687 4067 2742 4114 et
2768 4056 3044 4116 Christus.
3077 4057 3133 4122 lu
3167 4056 3372 4128 Christi
3408 4073 3508 4116 an:

1909 4157 2020 4208 tem
2070 4149 2327 4214 nomine.
2373 4148 2518 4219 regis
2561 4150 2972 4220 sacci-dolisque
3021 4158 3361 4218 sacramenta
3390 4165 3516 4214 vcr-

1909 4253 2120 4309 santur.
2174 4245 2432 4314 Legimus
2477 4245 2528 4299 itt
2583 4245 2756 4309 veteri
2787 4244 3067 4313 Scriptura
3107 4245 3423 4306 sacerdotes
3451 4255 3508 4310 et

1913 4353 2068 4408 rcges
2115 4337 2254 4407 apud
2296 4331 2574 4393 Israelitas
2599 4337 2706 4392 olei
2743 4337 3000 4394 unctione
3027 4336 3397 4406 consignatos,
3431 4344 3513 4392 at-

1911 4448 2016 4502 que
2064 4432 2187 4494 ideo
2231 4431 2418 4488 christi
2467 4432 2818 4486 vocabantur.
2869 4430 3122 4494 Christus
3171 4429 3315 4496 enim
3362 4428 3510 4499 quod

1913 4524 2100 4590 Graece
2131 4523 2350 4589 dicitur,
2386 4522 2490 4578 hoc
2518 4523 2656 4591 apud
2697 4521 2922 4578 Latinos
2949 4532 3146 4580 unctus
3173 4521 3291 4582 sive
3321 4522 3508 4590 linitus

1832 4607 1888 4668 Β
1913 4627 1997 4672 est
2027 4618 2438 4686 interpretatus.
2468 4615 2574 4673 Sed
2603 4616 2857 4674 Salvator
2883 4626 3072 4671 noster
3113 4629 3241 4678 vere
3264 4611 3513 4684 Christus

1912 4711 2210 4776 secundum
2250 4724 2471 4770 carnem
2518 4707 2692 4768 lactus
2734 4719 2852 4774 eat,
2896 4709 3138 4778 existens
3164 4724 3323 4778 verus
3352 4706 3510 4792 Rex,

1911 4822 2074 4862 verus
2102 4815 2156 4861 et
2182 4804 2452 4861 Sacerdos
2480 4822 2492 4857 :
2527 4814 2818 4876 utrumque
2859 4803 2998 4862 idem
3031 4805 3168 4875 ipse,
3202 4820 3270 4876 ne
3301 4803 3428 4873 quid
3461 4805 3514 4868 in

1912 4899 2194 4962 Salvittore
2251 4897 2431 4956 minus
2475 4897 2792 4954 haberetur.
2845 4896 2982 4952 Audi
3016 4897 3193 4968 itaque
3218 4895 3394 4968 ipsum
3422 4910 3511 4960 ree

1908 5005 2030 5061 gem
2063 4989 2261 5048 factum
2291 5003 2413 5044 cum
2443 4987 2575 5046 dicit
2617 5007 2630 5044 :
2668 4987 2782 5062 Ego
2827 4999 2997 5050 autem
3028 4991 3336 5058 constituth
3384 5003 3502 5062 sunt

1913 5099 2006 5152 res;
2049 5084 2112 5148 ab
2153 5099 2210 5150 eo
2252 5099 2406 5154 super
2445 5082 2575 5150 Sion
2612 5093 2838 5152 montem
2889 5091 3120 5152 sanctum
3163 5083 3272 5152 ejus
3317 5079 3506 5162 (Psat,

1918 5192 1975 5242 ιι,
2011 5176 2090 5248 6).
2121 5176 2260 5244 Audi
2293 5174 2436 5246 quod
2465 5178 2628 5242 etiam
2658 5174 2913 5246 sacerdos
2950 5174 3020 5245 sit
3052 5175 3119 5244 de
3152 5173 3320 5244 patris
3349 5171 3514 5246 testia

1919 5269 2103 5334 mouio
2121 5269 2362 5336 dicentis
2384 5289 2396 5323 :
2416 5268 2496 5324 Tu
2525 5286 2579 5326 es
2609 5269 2847 5336 sacerdos
2872 5270 2923 5339 in
2957 5278 3203 5340 internum
3232 5269 3517 5342 secundum

1919 5365 2152 5420 ordinem
2181 5363 2556 5428 Melchisedech
2583 5362 2759 5436 (Psal.
2781 5379 2888 5432 Ωιι,
2907 5363 2986 5434 4).
3014 5363 3196 5428 Aaron
3229 5361 3438 5438 ρςὶιηιιῇ
3459 5360 3516 5435 ill

1920 5456 2040 5525 lege
2067 5471 2131 5524 ex
2161 5454 2423 5530 ttnetioue
2463 5453 2776 5526 chrismatis
2807 5455 2980 5529 tactus
3024 5463 3110 5528 est
3143 5453 3434 5526 sacerdos;
3463 5461 3520 5531 et

1923 5562 2032 5618 nua
2065 5546 2222 5618 stitit.
2255 5545 2554 5620 secundum
2588 5549 2791 5630 suos,
2826 5561 2896 5620 at:
2921 5555 2976 5618 ρι
3007 5544 3309 5622 saltatoris
3337 5559 3522 5624 stest:

1915 5657 2086 5738 [Vides
2113 5684 2388 5754 quomodo,
2411 5691 2519 5740 etc.

1996 5757 2016 5786 '
2057 5754 2332 5812 Dominus.

1999 5826 2018 5858 ³
2059 5825 2330 5881 Dominus.

3961 984 3964 1200 Ι
