3998 6350
533 282 596 338 π
1770 279 2092 338 FAUSTINI
2129 280 2567 343 PRESBYTER!
3761 303 3824 360 72

538 397 746 454 dotium
775 396 1124 455 successione
1158 395 1341 452 haheri
1390 409 1549 466 posse
1589 395 1929 453 crederetur.
1983 398 2119 454 Illud
2151 404 2197 462 Α
2227 411 2371 463 sunt,
2397 411 2623 473 apparet
2638 402 2750 475 jam
2779 405 3054 474 quomodo
3074 407 3274 464 dictum
3297 409 3390 476 sit,
3413 409 3823 468 Certissimcita-

537 492 684 548 enim
714 493 1069 548 sacerdotium
1099 490 1239 562 quod
1272 489 1370 546 luit
1417 492 1471 546 in
1527 494 1704 545 Aaron
1733 535 1745 552 .
1771 493 2124 546 successione

537 585 821 642 constabat
852 585 1246 640 :sacerdotium
1275 599 1408 639 vero
1439 584 1737 642 Salvatoris
1759 599 1866 640 non
1905 588 1956 639 in
1983 586 2122 639 alte-

534 693 652 733 rutn
676 677 1023 734 successione
1059 677 1402 740 transfertur.
1431 693 1496 732 eo
1527 677 1670 748 quod
1707 678 1824 745 ipse
1854 676 2120 732 sacerdos

526 771 729 842 jugiter
751 779 1089 840 perseveret,
1116 769 1414 826 secundum
1435 771 1576 840 quod
1602 771 1862 840 scriptum
1883 780 1964 824 est
1998 786 2010 823 :
2041 768 2122 823 'l'u

529 880 581 919 es
605 863 842 918 sacerdos
887 864 942 918 in
990 873 1236 919 ceternttm
1276 865 1556 917 secundant
1585 863 1816 918 ordinent
1848 862 2122 916 Melchise-

529 957 676 1011 dech.
711 955 802 1010 Est
833 970 964 1027 ergo
990 955 1243 1011 Salvator
1264 954 1560 1010 secundum
1583 970 1828 1021 carnem,
1851 962 1907 1009 et
1929 954 2039 1009 Rex
2065 964 2120 1010 et

527 1047 816 1114 Sacerdos,
840 1049 935 1104 sed
967 1064 1074 1104 non
1098 1049 1460 1118 corporaliter
1489 1056 1707 1116 unctus,
1737 1048 1831 1105 sed
1864 1047 2122 1118 spiritua-

527 1140 670 1196 liter.
727 1139 804 1195 Illi
859 1142 1005 1197 enim
1051 1143 1192 1211 apud
1226 1141 1500 1198 lsraelitas
1546 1157 1701 1212 reges
1728 1151 1783 1197 et
1809 1141 2120 1197 sacerdotes

523 1233 629 1288 olei
653 1234 913 1290 unctione
959 1233 1320 1304 corporaliter
1363 1233 1533 1300 uncti,
1579 1248 1736 1304 reges
1763 1244 1920 1289 erant
1949 1243 2004 1289 et
2034 1249 2120 1287 sa-

524 1326 813 1394 cerdotes;
849 1324 955 1380 non
989 1338 1279 1398 utrumque
1309 1342 1477 1392 unus,
1505 1327 1602 1381 sed
1633 1327 1830 1397 singuli
1864 1327 1880 1357 ¹
1907 1342 2119 1396 quoque

525 1433 717 1475 eorum
750 1428 842 1474 aut
881 1434 974 1476 rex
1003 1427 1122 1474 erat
1143 1430 1234 1474 aut
1260 1419 1560 1475 sacerdos:
1592 1421 1692 1475 soli
1728 1422 1873 1474 enim
1897 1418 2118 1475 Christo

525 1511 788 1582 perieCIio
819 1511 871 1566 in
904 1493 1159 1568 omnibus
1196 1521 1252 1568 et
1281 1511 1563 1584 plenitudo
1589 1513 1610 1544 ¹
1637 1512 1866 1568 debetur
1895 1554 1909 1578 ,
1941 1514 2034 1583 qui
2064 1523 2120 1568 et

525 1605 701 1674 legem
754 1612 980 1661 venerat
1021 1606 1340 1677 adimplere.
1388 1607 1496 1663 Sed
1531 1607 1654 1663 licet
1694 1622 1798 1662 non
1832 1616 2118 1677 utrumque

523 1697 723 1767 singuli
776 1713 966 1753 eorum
998 1709 1205 1765 essent,
1250 1709 1426 1756 tamen
1458 1702 1626 1772 regali
1676 1713 1766 1756 aut
1795 1701 2117 1757 sacerdotali

2225 512 2324 566 que
2349 499 2479 552 sciat
2503 501 2666 553 omnis
2686 499 2873 566 Israel,
2893 504 3015 568 quia
3029 514 3076 559 et
3101 503 3382 562 Dominum
3403 509 3548 563 illum
3571 521 3625 564 et
3653 510 3823 566 Chris-

2227 597 2334 641 tum
2372 588 2514 643 Deus
2563 592 2682 661 fecit
2711 634 2725 659 ,
2757 593 2893 648 hunc
2917 595 3110 652 scilicet
3149 597 3333 654 Jesum
3363 617 3512 672 quem
3537 617 3632 656 vos
3661 605 3821 658 cruci-

2223 679 2450 746 ﬁxistis;
2479 697 2637 750 quem
2667 696 2715 738 et
2744 685 2884 742 idem
2912 686 3109 743 Petrus
3139 706 3300 762 supra
3327 692 3495 747 uirum
3526 693 3823 751 nominavit

2223 769 2412 826 dicens
2443 791 2456 828 :
2495 772 2606 828 Viri
2637 775 2894 833 Israelita:
2921 781 3094 836 audite
3124 785 3275 838 verba
3317 786 3428 841 Ittec
3449 803 3469 841 :
3496 785 3687 842 Jesum
3712 788 3819 843 Na-

2221 878 2488 926 zarenam.
2515 869 2679 922 virum
2705 887 2737 924 a
2765 869 2876 926 Deo
2901 876 3170 941 probatum
3199 878 3252 932 it:
3284 879 3424 934 vobis
3465 883 3748 944 uirtutibus
3775 894 3816 940 et

2224 957 2476 1028 prodigiis
2504 968 2554 1013 et
2583 962 2744 1032 signis
2789 964 2938 1032 (Act.
2968 981 3028 1032 tt,
3053 966 3184 1039 9.2);
3218 970 3359 1026 hunc
3390 975 3607 1033 scilicet
3640 977 3818 1036 Iesum

2222 1047 2521 1118 Christum,
2550 1071 2708 1123 quem
2733 1066 2789 1112 et
2811 1057 3010 1115 Paulus
3033 1061 3288 1118 hominem
3317 1065 3459 1122 dixit
3487 1071 3737 1129 scribens
3759 1075 3818 1130 ad

2222 1141 2564 1199 Timmheum
2593 1164 2606 1200 :
2640 1147 2784 1204 Unus
2817 1149 2981 1220 Deus,
3016 1171 3150 1208 unus
3175 1165 3225 1210 et
3251 1159 3505 1214 mediator
3531 1161 3634 1216 Dei
3670 1175 3717 1219 et
3738 1167 3820 1221 Ito-

2223 1236 2418 1289 minunt
2440 1279 2456 1301 ,
2509 1239 2661 1293 homo
2689 1241 2849 1298 Jesus
2880 1244 3117 1301 Christus
3155 1247 3212 1320 (Ι
3242 1249 3378 1304 Tim.
3412 1267 3474 1320 tt,
3523 1254 3609 1318 5).
3647 1257 3747 1325 Qui
3771 1271 3818 1316 et

2221 1325 2435 1383 dicebat
2463 1328 2515 1384 itt
2549 1330 2850 1403 Evangelia
2877 1353 2890 1389 :
2921 1336 3074 1393 Nunc
3104 1351 3274 1395 autem
3318 1345 3554 1413 quaeritis
3579 1365 3664 1405 me
3691 1355 3816 1406 occi-

2222 1421 2360 1490 dere,
2392 1424 2653 1480 hominem
2681 1431 2770 1499 qui
2796 1431 3059 1487 ueritatem
3102 1435 3303 1492 locutus
3331 1455 3447 1494 sum
3470 1441 3618 1498 vobis
3642 1442 3811 1515 (Joan.

2221 1528 2334 1583 Vlll,
2363 1517 2480 1588 ιο).
2951 1583 2954 1586 ,

2295 1605 2385 1663 IV.
2430 1611 2546 1664 Non
2582 1628 2678 1682 pro
2697 1614 2861 1684 impio
2884 1616 3114 1674 Pltotino
3137 1620 3252 1679 lttrc
3280 1624 3581 1696 loquimur,
3606 1631 3700 1701 qui
3728 1646 3813 1687 nu-

2221 1700 2348 1757 dum
2375 1706 2487 1760 vult
2511 1721 2633 1763 esse
2660 1708 2934 1767 hominem
2963 1713 3082 1770 sine
3105 1715 3199 1772 Dei
3228 1717 3388 1774 Verbi
3422 1700 3810 1791 incarnatione,

523 1791 645 1847 oleo
675 1792 820 1846 uncti
871 1792 1232 1861 corporaliter
1259 1793 1447 1848 cbristi
1476 1795 1830 1849 vocabantur.
1867 1792 1983 1850 Salt
1997 1806 2116 1847 ator
2144 1803 2192 1864 Β
2220 1795 2315 1851 sed
2352 1809 2541 1852 contra
2595 1802 2778 1856 Arium
2808 1806 3184 1862 antichrisutm
3237 1814 3565 1882 recitamus,
3593 1818 3687 1888 qui
3713 1819 3812 1874 vult

520 1894 702 1940 autem
733 1886 822 1956 qui
857 1899 984 1940 vere
1021 1883 1273 1942 Christus
1299 1895 1406 1954 est,
1438 1886 1642 1956 Spititu
1692 1895 1883 1942 sancto
1921 1896 2114 1943 unctus

521 1987 625 2046 est,
655 1992 712 2035 ut
741 1980 1129 2052 adimpleretur
1157 1981 1301 2050 quod
1333 1981 1400 2037 de
1427 1997 1495 2036 eo
1524 1981 1784 2051 scriptum
1818 1993 1900 2038 est
1933 2000 1947 2036 :
1979 1982 2114 2038 Pro-

521 2085 698 2146 pterea
725 2076 874 2130 unxit
893 2086 960 2135 te.
991 2075 1152 2142 Deus,
1176 2074 1320 2130 Deus
1348 2085 1467 2131 tuus
1493 2076 1603 2132 oleo
1630 2078 1824 2132 lwtitite
1854 2094 1960 2145 pra:
1995 2095 2116 2133 con-

519 2169 741 2224 sortibus
771 2168 872 2224 tuis
903 2167 1078 2244 (Psal.
1112 2185 1260 2234 thv,
1287 2169 1365 2242 8).
1405 2171 1460 2225 In
1492 2170 1596 2226 ltoc
1626 2174 1770 2227 enim
1802 2170 1923 2242 plus
1949 2189 2111 2243 quam

517 2275 803 2320 consortes
832 2265 987 2320 istius
1013 2266 1250 2321 nominis
1281 2273 1474 2320 unctus
1511 2275 1628 2332 est,
1653 2281 1776 2320 cum
1808 2276 1889 2321 est
1920 2277 2113 2322 unctus

517 2358 631 2414 oleo
655 2358 880 2424 lwtitite,
912 2373 1022 2430 quo
1053 2374 1162 2414 non
1194 2357 1341 2414 aliud
1386 2359 1728 2430 signiﬁcatur
1748 2401 1763 2426 ,
1795 2375 1956 2430 quam
1992 2360 2115 2429 Spi-

513 2452 651 2508 ritus
679 2461 922 2508 sanctus.

583 2545 675 2601 Ill.
719 2547 832 2602 lloc
857 2561 1045 2602 verum
1082 2561 1229 2613 esse,
1258 2546 1328 2600 ab
1369 2546 1488 2615 ipso
1515 2545 1800 2602 Salvatore
1829 2545 2114 2616 cognosci-

513 2654 656 2695 mus.
687 2637 820 2694 Nam
846 2654 968 2693 cum
994 2639 1298 2709 accepisset
1325 2638 1522 2693 librum
1556 2638 1757 2705 Esaia},
1787 2649 1841 2694 et
1870 2639 2110 2709 ligisset,

516 2733 749 2805 Spiritus
771 2731 987 2789 Domini
1007 2751 1164 2806 super
1187 2751 1286 2796 me.
1302 2744 1513 2807 propter
1532 2735 1669 2802 quod
1683 2734 1830 2789 unxit
1858 2749 1938 2788 me
1955 2732 2106 2806 (Luc.

511 2843 590 2893 tv,
627 2825 750 2900 18),
792 2828 1139 2899 adimpletum
1191 2834 1321 2882 tunc
1348 2827 1484 2882 dixit
1523 2827 1866 2896 prophetiam
1911 2829 1964 2881 in
2016 2844 2112 2882 au-

509 2920 662 2976 ribus
687 2919 1012 2975 auditorum.
1047 2917 1152 2976 Sed
1202 2930 1258 2974 et
1305 2919 1500 2974 Petrus
1532 2918 1784 2990 princeps
1815 2919 2112 2988 Apostolo-

509 3029 628 3069 rum
653 3012 783 3068 illud
806 3012 1046 3069 cltrisma
1067 3013 1210 3068 unde
1231 3013 1483 3069 Salvator
1503 3011 1750 3067 Christus
1779 3013 2104 3081 ostenditur,

508 3105 692 3161 docuit
717 3120 842 3161 esse
872 3105 1134 3177 Spiritum
1165 3119 1437 3171 sanctum,
1464 3105 1514 3159 id
1544 3106 1719 3174 ipsum
1762 3115 1818 3160 et
1844 3108 2101 3160 virtutem

2220 1891 2394 1960 ipsum
2425 1896 2759 1965 unigenitum
2785 1897 2977 1965 lilium,
2996 1902 3086 1971 qui
3115 1915 3194 1958 est
3223 1903 3455 1961 Verbum
3471 1916 3529 1964 et
3555 1911 3810 1980 sapientia

2221 1983 2332 2050 Dei,
2368 2002 2472 2055 qua
2503 1988 2690 2056 Deum,
2722 2001 2777 2047 et
2809 2009 2914 2048 non
2944 2011 3045 2066 qua
3082 1998 3355 2054 hominem
3384 2003 3733 2071 cruetlixutn,
3759 2015 3805 2061 et

2218 2076 2391 2144 ipsum
2424 2095 2546 2136 esse
2584 2082 2782 2140 factum
2827 2086 3116 2144 Dominum
3147 2102 3202 2147 et
3232 2092 3534 2151 Christum.
3571 2098 3687 2155 Sed
3717 2101 3805 2155 etsi

2215 2169 2503 2262 durissima
2547 2174 2914 2236 obstinatione
2942 2184 3282 2239 contendunt
3307 2185 3560 2244 dicentes
3591 2189 3661 2246 de
3700 2191 3805 2262 ipso

2217 2261 2329 2318 Deo
2365 2265 2539 2320 Verbo
2570 2268 2831 2337 scriptum
2862 2289 3015 2341 esse,
3049 2276 3192 2346 quod
3237 2278 3376 2334 Deus
3426 2281 3583 2338 illum
3635 2261 3807 2340 fecerit

2215 2369 2270 2414 et
2301 2359 2584 2416 Dominum
2628 2373 2683 2418 et
2706 2363 3018 2435 Christum;
3050 2385 3150 2426 uec
3176 2373 3255 2427 sic
3281 2375 3724 2444 pertimescimus
3749 2378 3805 2434 li-

2215 2449 2370 2508 ducia
2397 2456 2674 2522 veritatis,
2698 2475 2768 2514 ne
2799 2459 2937 2517 forte
2962 2479 3058 2533 per
3093 2465 3196 2520 hoc
3225 2467 3366 2535 quod
3400 2471 3668 2539 scriptum
3699 2482 3801 2537 est.

2217 2541 2454 2600 Verbum
2488 2547 2577 2602 Dei
2601 2548 2812 2606 factura
2840 2553 3114 2610 credatur.
3148 2557 3256 2614 Fac
3285 2561 3428 2615 enim
3460 2562 3698 2620 Verbum
3723 2567 3801 2622 Dei

2217 2633 2412 2728 factum
2445 2653 2566 2695 esse
2597 2640 2878 2698 Dominum
2904 2656 2958 2702 et
2987 2646 3303 2718 Christum;
3335 2653 3356 2684 "
3386 2654 3512 2724 quid
3547 2659 3652 2712 hoc
3683 2674 3804 2728 pra:-

2209 2727 2413 2798 judicat
2444 2732 2564 2801 ejus
2612 2735 2962 2804 substantiae,
3019 2757 3122 2812 qua
3179 2758 3398 2815 semper
3437 2758 3522 2803 est
3577 2749 3800 2807 Verbum

2217 2820 2348 2876 Dei?
2379 2822 2603 2880 Intende
2628 2828 2772 2882 enim
2804 2830 2933 2900 quia
2973 2849 3079 2888 non
3122 2836 3478 2894 substantiam
3513 2840 3679 2899 Verbi
3720 2845 3799 2900 Dei

2212 2914 2344 2969 dixit
2375 2932 2498 2972 esse
2531 2918 2749 2987 factam,
2777 2922 2872 2977 sed
2901 2925 3003 2980 hoc
3035 2927 3207 2996 ipsum
3237 2928 3467 2986 Verbum
3495 2935 3645 3004 quod
3673 2952 3802 2991 scm-

2213 3019 2311 3074 per
2339 3018 2423 3062 est
2449 3009 2587 3065 lilius
2617 3013 2942 3076 Dei,lactum
2966 3032 3090 3074 esse
3118 3019 3403 3077 Dominttm
3435 3039 3483 3079 et
3505 3023 3796 3083 Christum.

2212 3096 2328 3152 Non
2361 3103 2506 3156 enim
2538 3103 2590 3158 id
2627 3106 2800 3175 ipsum
2825 3117 2930 3172 est,
2964 3110 3066 3166 hoe
3096 3113 3240 3181 quod
3274 3117 3497 3171 omnino
3526 3136 3639 3176 non
3669 3130 3797 3188 erat,

509 3199 626 3266 Dei,
648 3197 865 3266 quando
888 3199 940 3253 itt
971 3199 1194 3254 Actibus
1219 3198 1608 3268 Apostolorum
1631 3199 1696 3252 ad
1731 3197 2101 3253 ﬁdelissimum
2130 3212 2175 3274 ρ
2211 3193 2352 3259 lieri,
2383 3207 2436 3250 et
2467 3197 2516 3251 id
2549 3199 2692 3268 quod
2729 3211 2846 3256 erat
2873 3243 2887 3268 ,
2921 3203 3125 3275 aliquid
3161 3207 3298 3263 ﬁeri.
3331 3209 3463 3265 Nam
3490 3223 3545 3268 et
3579 3213 3720 3268 Dt-us
3749 3213 3798 3267 lit

507 3307 563 3354 et
591 3299 999 3357 misericnrdetn
1023 3296 1404 3371 (Cornelium)
1426 3297 1516 3367 qui
1544 3307 1659 3352 erat
1686 3296 2099 3361 tuueCenturio,

507 3385 850 3465 IOquebatur.
887 3393 1016 3470 Nam
1049 3395 1190 3448 inter
1220 3406 1422 3448 caetera
1455 3391 1530 3446 ait
1559 3408 1572 3446 :
1603 3390 1866 3464 Incipiens
1897 3409 1928 3444 a
1955 3387 2104 3443 Guli-

491 3487 606 3542 'la’a
633 3499 744 3555 post
773 3487 1080 3558 baptismum
1107 3486 1243 3558 qttod
1275 3485 1571 3555 prwdicauit
1595 3485 1850 3550 Joannes,
1878 3483 2057 3538 Iesum
2081 3483 2102 3515 ⁸

509 3579 796 3647 Nazareth,
826 3597 978 3652 quem
1021 3583 1170 3634 unxit
1197 3578 1336 3634 Deus
1368 3579 1571 3650 Spiritu
1613 3589 1787 3632 sancto
1816 3587 1864 3632 et
1896 3578 2099 3644 virtute,

506 3673 590 3730 hic
645 3675 876 3729 circuiuit
924 3656 1115 3741 faciens
1164 3673 1381 3727 uirtutes
1426 3683 1472 3728 et
1526 3671 1786 3744 magnalia
1810 3715 1825 3739 ,
1881 3670 1902 3702 δ
1948 3683 2102 3742 atque

507 3784 683 3822 omnes
728 3767 950 3822 liberans
1005 3766 1236 3822 obsessos
1261 3785 1296 3822 a
1323 3765 1528 3820 diabolo
1562 3765 1720 3838 (Act.
1746 3781 1801 3834 χ,
1839 3765 1908 3820 57
1932 3807 1946 3831 ,
1981 3765 2099 3834 58).

505 3861 672 3918 Vides
710 3862 834 3934 quia
869 3871 925 3918 et
969 3859 1164 3917 Petrus
1207 3859 1343 3917 dixit
1399 3860 1541 3916 hunc
1579 3859 1762 3916 Jesum
1800 3859 2096 3916 secundum

498 3967 726 4013 carnem
759 3964 980 4010 unctum
1011 3969 1136 4010 esse
1164 3953 1371 4025 Spiritu
1394 3961 1583 4009 sancto
1613 3963 1668 4008 ct
1698 3953 1916 4008 virtute.
1945 3952 2099 4008 Unde

502 4058 555 4106 et
576 4064 705 4106 vere
733 4049 849 4122 ipse
876 4048 1037 4105 Jestts
1063 4049 1361 4106 secundum
1399 4061 1616 4104 carnem
1641 4047 1814 4103 factus
1836 4059 1914 4102 est
1939 4045 2098 4103 Chri-

500 4142 616 4200 stus
641 4161 655 4200 :
681 4143 772 4216 qui
794 4143 1052 4200 unctione
1073 4143 1244 4200 sancti
1272 4143 1504 4215 Spiritus
1529 4153 1579 4198 et
1618 4158 1712 4198 rex
1746 4141 1922 4197 lactus
1942 4149 2097 4197 estet

498 4239 759 4297 sacerdos
787 4239 838 4294 in
885 4251 1172 4295 aeternum.
1217 4237 1344 4294 llaec
1391 4247 1571 4293 autem
1603 4237 1728 4292 ideo
1780 4245 2097 4308 prosecutus

499 4349 644 4400 sum,
677 4343 736 4388 ut
795 4331 1000 4405 liquido
1031 4341 1290 4402 appareat
1332 4331 1516 4388 Jesum
1547 4332 1711 4386 lilium
1744 4331 1838 4385 Dei
1879 4345 1984 4385 non
2009 4346 2095 4386 se-

401 4452 412 4456 η
499 4426 733 4481 eundum
777 4426 920 4495 quod
948 4435 1034 4481 est
1054 4424 1292 4482 Verbum
1323 4435 1375 4481 et
1421 4425 1686 4496 sapientia
1729 4423 1824 4481 Dei
1859 4467 1874 4490 ,
1915 4424 2093 4480 cruei-

499 4518 665 4574 lixum
685 4558 702 4585 ,
737 4518 823 4574 vel
864 4517 1063 4574 factum
1095 4533 1218 4574 esse
1249 4519 1536 4573 Dominum
1567 4528 1624 4574 et
1647 4517 1963 4584 Christum;
1993 4517 2087 4574 sed

2210 3287 2497 3358 aliquoties
2521 3290 2737 3359 adjutor
2776 3302 2830 3348 et
2871 3304 3168 3366 protector,
3203 3309 3517 3358 nontamen
3545 3306 3674 3375 quia
3705 3309 3797 3362 lac-

2211 3391 2296 3435 tus
2337 3391 2422 3437 est
2467 3384 2686 3454 atljtttor
2713 3397 2768 3441 et
2803 3398 3112 3457 protector,
3141 3393 3253 3463 jam
3309 3399 3472 3452 etiam
3529 3400 3636 3456 hoc
3667 3399 3794 3469 quod

2208 3473 2352 3530 Deus
2379 3485 2462 3532 est
2480 3519 2494 3541 ,
2521 3476 2695 3534 lactus
2717 3495 2839 3536 esse
2865 3485 3168 3540 credendus
3208 3498 3310 3544 est.
3346 3489 3479 3546 Nam
3504 3501 3560 3548 et
3592 3493 3794 3566 Moyses

2206 3579 2392 3640 postea
2427 3588 2590 3640 quam
2637 3573 2876 3630 divinum
2907 3579 3078 3634 sensit
3121 3582 3377 3636 auxilium
3426 3595 3479 3639 et
3513 3588 3796 3655 preteetio-

2206 3677 2351 3725 nem.
2382 3664 2452 3718 de
2480 3666 2586 3721 Deo
2617 3668 2705 3738 qui
2738 3667 2908 3740 (eum)
2933 3679 3123 3725 contra
3158 3671 3495 3731 Pharaonem
3520 3678 3794 3750 adjuverat

2203 3763 2257 3810 et
2288 3767 2620 3826 protexerat.
2656 3760 2832 3815 dixit:
2869 3764 3113 3836 Adjutor,
3143 3775 3190 3818 et
3217 3779 3476 3836 protector
3512 3775 3686 3842 factus
3728 3780 3790 3826 est

2202 3850 2331 3903 mihi
2362 3852 2415 3904 in
2437 3852 2654 3907 salutent
2687 3852 2888 3923 (Exod.
2921 3872 3076 3923 xvttt,
3111 3857 3212 3930 4);
3239 3869 3291 3915 et
3321 3863 3490 3916 multa
3521 3863 3790 3920 simillima

2202 3944 2508 4001 testimonia
2536 3947 2803 4016 invenies,
2826 3967 2946 4018 qua:
2972 3966 3096 4021 ego,
3123 3967 3191 4008 ne
3221 3955 3446 4009 multum
3474 3958 3655 4014 adhuc
3678 3973 3791 4030 pro-

2198 4038 2437 4110 longem.
2465 4053 2752 4112 prmtereo.
2801 4043 2859 4099 Si
2901 4059 3032 4115 ergo
3061 4059 3182 4100 cum
3217 4047 3357 4102 Deus
3388 4049 3458 4104 sit
3487 4051 3718 4125 adjutor,
3747 4059 3789 4105 et

2199 4144 2477 4204 protector,
2506 4151 2613 4190 non
2639 4134 2744 4191 hoc
2777 4136 2920 4208 quod
2948 4137 3092 4193 Deus
3118 4148 3224 4205 est,
3257 4139 3377 4196 ﬁeri
3405 4141 3672 4212 creditur,
3701 4141 3786 4198 sed

2198 4227 2303 4284 hoc
2328 4230 2505 4300 ipsum
2528 4231 2671 4294 quod
2698 4232 2913 4305 adjutor
2931 4241 2982 4288 et
3009 4218 3267 4304 protector
3291 4249 3414 4291 esse
3440 4235 3784 4308 designatur:

2196 4324 2324 4396 quid
2357 4337 2441 4382 est
2471 4326 2613 4397 quod
2641 4343 2764 4382 eum
2799 4326 3033 4382 Verbum
3066 4327 3160 4383 Dei
3207 4327 3404 4386 factum
3445 4345 3568 4387 esse
3611 4331 3784 4386 Domi-

2197 4435 2324 4474 num
2359 4431 2414 4475 et
2441 4421 2719 4476 Christum
2749 4417 2975 4483 dicant,
3033 4432 3286 4490 putemus
3335 4421 3426 4476 Dei
3456 4421 3618 4479 Verbi
3666 4425 3783 4478 sub-

2193 4514 2444 4570 stantiam
2466 4513 2701 4570 factam?
2729 4513 3000 4584 Numquid
3032 4514 3158 4584 quia
3192 4513 3444 4583 legimus,
3478 4515 3546 4570 Et
3579 4515 3782 4571 Verbum

497 4611 798 4668 secundum
845 4609 948 4666 ltne
975 4610 1117 4679 quod
1160 4613 1455 4678 assumpsit
1490 4611 1558 4684 de
1611 4611 1773 4664 Maria
1803 4627 1815 4663 :
1843 4609 2092 4684 quamvis
2122 4611 2173 4672 Ι)
2197 4623 2316 4662 caro
2363 4607 2560 4678 factum
2587 4617 2662 4661 est
2687 4647 2702 4674 ,
2732 4607 2854 4661 ideo
2881 4605 3056 4676 ipsum
3087 4622 3304 4677 quoque
3332 4607 3567 4664 Verbum
3597 4613 3780 4666 tactum

497 4719 595 4776 per
617 4703 879 4774 assumpti
925 4703 1160 4759 hominis
1203 4704 1512 4772 passionem
1531 4742 1548 4769 ,
1579 4713 1633 4757 et
1663 4703 2002 4772 unigenitum
2031 4703 2092 4755 li-

500 4793 631 4852 lium
661 4793 761 4851 Dei
787 4809 998 4865 passum
1040 4807 1162 4850 esse
1209 4792 1486 4859 dicamus;
1519 4807 1624 4848 non
1670 4791 1794 4864 quia
1820 4808 1949 4848 vere
1975 4795 2089 4863 ipse

493 4889 807 4961 uttigenitus
843 4887 1018 4953 lilius,
1045 4902 1148 4959 qua
1196 4896 1280 4942 est
1324 4885 1556 4942 Verbum
1590 4895 1644 4942 et
1672 4886 1934 4958 sapientia
1971 4887 2085 4954 Dei,

495 4999 685 5055 passus
731 4993 846 5049 est,
888 4982 986 5038 sed
1029 4983 1150 5052 quia
1179 4981 1438 5054 quidquid
1467 4982 1518 5036 in
1551 4993 1886 5052 assumptum
1915 4983 2088 5037 homi-

493 5093 616 5134 nem
640 5079 758 5150 ejus
783 5076 997 5148 injuria:
1018 5078 1103 5134 vel
1142 5077 1408 5146 passionis
1434 5077 1638 5132 illatum
1669 5087 1754 5135 est
1775 5120 1788 5143 ,
1836 5079 1886 5133 id
1913 5086 2084 5135 totum

494 5171 564 5229 ad
606 5173 780 5244 ipsum
822 5170 1162 5242 unigenitum
1199 5169 1590 5241 impassibilem
1641 5175 1810 5227 Deum
1851 5172 2083 5242 quadam

489 5270 703 5326 ratione
736 5273 1040 5324 revocatur.
1084 5263 1237 5320 Unde
1301 5274 1356 5321 et
1392 5266 1675 5332 apostolus
1709 5264 1908 5320 Paulus
1944 5265 2085 5318 scri-

489 5360 627 5419 bens
662 5361 732 5417 ad
767 5358 1076 5416 Corinthios
1113 5355 1227 5412 ait:
1259 5357 1320 5415 Si
1349 5359 1484 5414 enim
1514 5358 1866 5430 cognovissent
1893 5357 1935 5429 (l
1961 5355 2082 5411 Cor.

486 5469 548 5525 ιι,
575 5456 662 5529 8),
695 5454 905 5512 scilicet
933 5452 1206 5526 principes
1238 5451 1396 5523 hujus
1425 5451 1634 5517 saaculi,
1665 5467 1948 5522 numquam
1978 5449 2085 5504 Do-

486 5551 686 5607 minum
733 5549 1017 5625 majestatis
1066 5545 1464 5619 cruciﬁxissent.
1529 5543 1588 5603 Si
1641 5544 1745 5601 issa
1794 5543 2083 5601 manifesta

561 5688 580 5762 ξ
617 5687 802 5762 Eone.
827 5691 1033 5762 quisse-

560 5761 581 5791 ³
621 5759 806 5826 Forte,
835 5759 1125 5817 debebatur.

557 5829 580 5862 ³
620 5831 674 5888 Ν
676 5848 970 5889 azarenum.

2194 4718 2317 4758 esse
2345 4703 2677 4759 credendum
2709 4702 2831 4757 est?
2854 4702 2959 4758 Sed
3002 4700 3448 4760 manifestissime
3475 4719 3779 4778 expressum

2194 4805 2298 4861 est,
2330 4812 2437 4850 non
2468 4807 2575 4850 tam
2612 4794 2845 4851 Verbum
2886 4809 3010 4851 esse
3045 4795 3244 4850 factum
3267 4796 3405 4866 quod
3433 4811 3543 4851 erat
3569 4798 3624 4852 in
3648 4797 3781 4870 prin-

2193 4890 2328 4960 cipio
2358 4888 2498 4962 apud
2534 4887 2704 4943 Deum
2749 4888 2934 4963 (Joan.
2961 4905 2999 4953 ι,
3031 4886 3126 4960 5);
3182 4888 3278 4944 sed
3333 4891 3506 4961 ipsum
3557 4890 3778 4946 Verhunt

2193 4981 2336 5052 quod
2385 4997 2602 5052 semper
2631 4991 2770 5050 erat,
2807 4991 2992 5051 postea
3046 4987 3244 5037 lat-tum
3285 4996 3408 5038 esse
3450 4999 3701 5051 carnem,
3728 4990 3780 5037 ttt

2192 5073 2399 5129 factura
2425 5091 2440 5141 ;
2475 5090 2582 5130 non
2609 5077 2731 5140 hoc,
2763 5073 2907 5144 quod
2938 5087 3069 5128 caro
3100 5073 3300 5129 factum
3331 5083 3434 5130 est.
3467 5074 3545 5131 lta
3577 5091 3704 5147 ergo
3732 5081 3779 5130 et

2193 5184 2313 5225 eum
2346 5170 2543 5224 dicitur
2573 5169 2806 5224 Verbum
2857 5167 2949 5223 Dei
3003 5167 3358 5224 factumesse
3400 5167 3682 5224 Dominum
3727 5175 3778 5221 et

2193 5261 2491 5329 Christum,
2522 5277 2629 5317 non
2660 5277 2778 5318 eam
2830 5262 3190 5317 substantiam
3243 5260 3406 5318 Verbi
3457 5263 3547 5318 Dei
3593 5261 3776 5318 fartam

2193 5372 2314 5414 esse
2343 5354 2754 5426 intelllgendutn
2797 5362 2914 5418 est;
2947 5352 3042 5408 sed
3075 5353 3200 5424 quia
3235 5354 3493 5409 Dominus
3521 5366 3576 5409 et
3602 5352 3777 5410 Chris-

2195 5458 2279 5505 tus
2312 5449 2334 5481 ⁸
2366 5451 2564 5504 factum
2593 5456 2679 5504 est
2707 5445 2815 5502 hoe
2867 5446 3042 5518 ipsutn
3086 5443 3351 5516 Verbum,
3382 5445 3527 5519 quod
3569 5459 3774 5518 semper

2195 5540 2339 5599 Deus
2356 5548 2496 5598 erat.

2255 5680 2278 5712 ‘
2318 5679 2389 5737 Et
2413 5694 2604 5736 sanans
2632 5695 2827 5737 omnes.

2259 5753 2280 5782 "
2311 5752 2482 5819 Quod.

2259 5824 2278 5855 ⁸
2318 5822 2534 5878 Factus.
