3998 6350
203 278 272 333 75
1607 279 1694 334 DE
1737 278 2124 333 'I'RINI'I‘A'I'E.
3423 299 3489 357 74

196 422 203 425 ,
275 391 336 444 γ,
381 390 466 445 [tu
488 400 675 447 amem
708 392 969 447 Dominus
991 407 1199 456 eorum,
1221 391 1309 458 qui
1343 405 1401 444 se
1427 391 1603 445 cidem
1634 406 1785 445 mau-
1814 400 1864 456 Α
1890 388 2017 442 mini
2040 398 2086 442 et
2113 392 2320 447 verbum
2352 411 2454 450 non
2474 414 2860 467 assampserunt
2893 404 3159 477 (Boruclt.
3190 412 3279 483 ιιι)
3306 457 3318 479 ,
3351 418 3483 474 nihil

200 484 380 555 cipaut
412 483 693 553 proposito
717 486 1017 540 serviendi.
1054 484 1118 538 Et
1148 483 1215 538 da
1246 482 1377 536 mihi
1402 484 1637 545 veniam,
1663 484 1789 538 bea-

203 574 407 630 tissime
454 573 749 639 Mattha’e,
800 575 846 629 si
909 575 1140 639 dixero,
1207 572 1349 643 quod
1402 574 1639 628 nondum
1692 572 1787 626 tibi

199 665 446 724 Christus
476 666 623 722 Deus
654 676 774 723 erat
801 668 1062 723 Dominus
1084 708 1099 730 ,
1127 665 1340 737 quando
1363 668 1539 721 adhuc
1589 666 1788 722 telonio

195 762 491 819 serviebas.
529 762 638 819 Sed
691 772 746 817 et
793 761 1068 833 Apostolis
1106 760 1374 817 universis
1403 770 1528 816 tunc
1554 761 1785 831 primum

198 857 460 913 Dominus
507 855 683 912 factus
718 866 839 924 est,
872 855 1085 927 quando
1113 855 1390 911 derelictis
1423 854 1674 911 omnibus
1711 853 1788 909 ei-

197 949 319 1007 dem
368 949 579 1005 servire
629 950 957 1005 maluerunt.
1009 951 1249 1020 Ipsarum
1298 964 1514 1019 quoque
1542 948 1785 1019 gentium

197 1052 323 1098 tunc
349 1042 612 1121 Dominus
643 1041 818 1097 iactus
846 1050 954 1110 est,
980 1036 1197 1113 quando
1228 1041 1491 1096 idolorum
1532 1056 1670 1096 vana
1697 1055 1786 1097 su-

199 1136 511 1206 perstitione
539 1136 837 1197 derelicta,
872 1136 1000 1206 ipsze
1046 1148 1236 1207 gentes
1284 1150 1342 1191 se
1385 1136 1502 1205 ejus
1543 1135 1785 1192 dominio
1820 1135 1825 1139 ’

196 1226 574 1282 tradiderunt:
611 1228 663 1281 in
695 1236 954 1298 quantum
983 1228 1125 1282 enim
1175 1228 1294 1299 quis
1337 1228 1540 1297 peccati
1593 1243 1783 1284 servus

194 1332 273 1377 est
299 1320 384 1374 vel
415 1334 760 1386 mammonce,
803 1320 857 1374 in
891 1326 1093 1374 tantum
1143 1320 1234 1373 Dei
1293 1334 1481 1375 servus
1507 1335 1629 1375 esse
1675 1335 1780 1374 non

197 1422 389 1483 potest.
434 1415 565 1468 Cum
596 1426 726 1482 ergo
759 1422 979 1485 peccato
1013 1420 1064 1466 et
1108 1425 1431 1466 mammona:
1476 1412 1596 1482 quis
1626 1411 1783 1467 abre-

198 1506 557 1571 nuntiaverit,
610 1504 814 1560 faciens
834 1502 1100 1574 justitiam
1148 1503 1488 1573 habendique
1516 1503 1783 1571 cupidita-

202 1608 304 1654 tem
355 1606 659 1669 respuens;
708 1607 837 1651 tunc
871 1595 1028 1652 Jesus
1070 1596 1332 1651 Dominus
1360 1597 1478 1667 ejus
1526 1595 1777 1652 eﬂicitur.

202 1691 397 1747 Eadem
428 1706 641 1762 quoque
668 1689 883 1745 ratione
910 1705 1032 1746 eum
1062 1690 1224 1745 etiam
1254 1688 1529 1746 Christum
1558 1691 1674 1746 ﬁeri
1699 1691 1780 1747 in-

1892 480 1944 534 in
1994 482 2084 536 illa
2125 482 2479 543 sincerissimi
2522 492 2734 549 decoris
2764 498 3069 565 aspiciunt:
3101 480 3336 562 sicut‘ct
3380 509 3483 579 lip-

1892 573 2163 672 pientibus
2185 580 2359 663 oculis
2388 582 2533 638 nulla
2572 597 2655 639 est
2680 587 2816 644 visio
2842 596 3105 663 veritatis,
3146 573 3484 672 quandoqui-

1891 665 2013 721 dem
2040 668 2200 726 aliter
2243 688 2430 730 eorum
2469 672 2741 736 renuntiat
2788 697 3037 755 aspectus
3059 732 3072 753 ,
3102 665 3260 763 quam
3296 698 3346 751 in
3380 665 3485 756 iide

1891 772 2071 814 rerum
2104 772 2215 828 est;
2262 767 2355 821 sed
2386 776 2441 822 et
2465 769 2553 824 cui
2584 786 2831 842 saporem
2867 783 3141 850 prOprium
3175 788 3486 846 redundans

1890 851 1972 905 sui
1999 850 2146 908 fellis
2176 859 2481 914 amaritudo
2500 863 2728 931 vitiavit,
2754 868 2799 922 si
2825 869 3001 927 dulcia
3032 878 3191 933 mella
3214 880 3484 955 degustet,

1890 954 1949 999 ut
1974 960 2212 1003 amaram
2237 950 2576 1010 dulcedinem
2601 958 2779 1014 mellis
2807 961 3053 1030 infamat,
3097 986 3201 1025 non
3226 950 3488 1044 recogno;

1889 1050 2049 1092 scens
2092 1040 2290 1096 malum
2336 1048 2573 1115 propriae
2616 1053 3008 1113 amaritudinis.
3061 1061 3199 1129 Sed,
3252 1081 3284 1120 ο
3323 1040 3492 1124 miser

1889 1128 2146 1188 lueretice
2166 1175 2180 1200 ,
2211 1136 2336 1205 quid
2375 1148 2528 1207 potes
2555 1144 2666 1197 veri
2698 1144 2915 1203 luminis
2944 1152 3149 1221 videre,
3182 1173 3302 1212 cum
3334 1161 3354 1191 ³
3383 1178 3491 1217 crc-

1888 1225 2060 1281 eutias
2090 1228 2173 1281 vel
2220 1231 2466 1288 ambules
2496 1235 2552 1289 in
2583 1237 2683 1291 viis
2728 1243 3072 1300 tenebrarum
3098 1289 3110 1310 ,
3144 1252 3325 1306 omnia
3366 1269 3486 1324 qua:

1888 1319 2334 1419 sunt-impietatis
2363 1329 2716 1397 excogitans?
2757 1331 2968 1392 Clamet
2995 1338 3120 1395 licet
3143 1342 3226 1397 vir
3256 1345 3346 1403 ille
3376 1319 3487 1419 spi-

1886 1408 2094 1465 ritualis
2137 1417 2462 1473 suavissimo
2492 1424 2866 1492 experimento
2910 1430 3106 1489 divinae
3153 1408 3482 1506 epulationis

1885 1502 2156 1561 invitans:
2191 1508 2437 1578 Gustate,
2481 1525 2530 1569 et
2556 1518 2718 1573 videte
2746 1538 2903 1589 quant
2933 1529 3103 1583 suavis
3131 1502 3204 1584 est
3229 1530 3488 1592 Dominus

1886 1594 2075 1667 (Psat.
2104 1616 2298 1668 χχχιιι,
2324 1603 2389 1676 9)
2414 1625 2428 1661 :
2462 1607 2558 1663 sed
2591 1608 2707 1677 tibi,
2736 1616 2778 1667 si
2805 1620 3131 1687 gustaveris,
3157 1623 3289 1679 nihil
3320 1641 3488 1683 suave

1885 1691 2119 1745 sentitur
2148 1691 2202 1747 in
2244 1696 2505 1765 Domino,
2548 1716 2613 1756 eo
2658 1707 2832 1773 quod,
2886 1692 3035 1767 sicut
3070 1716 3334 1787 scriptum
3379 1732 3483 1790 est,

204 1782 457 1853 telligitur
493 1800 505 1837 :
536 1779 831 1851 siquidem,
857 1790 915 1835 ut
957 1797 1119 1852 supra
1162 1782 1364 1836 dictum
1390 1791 1473 1837 est
1497 1826 1512 1847 ,
1546 1798 1700 1853 reges
1725 1792 1780 1837 et
1808 1801 1857 1861 Β
1884 1795 2136 1837 venenum
2165 1788 2407 1855 aspidum
2432 1792 2525 1846 sub
2549 1793 2701 1851 labiis
2731 1799 2832 1853 tuis
2860 1810 2966 1869 est,
2995 1819 3061 1859 eo
3088 1779 3230 1877 quod
3260 1826 3316 1864 os
3346 1779 3489 1866 tuum

209 1876 511 1931 sacerdotes
546 1874 744 1930 Christi
794 1875 1057 1930 vocabulo
1098 1877 1438 1932 taxabantur.
1472 1875 1670 1932 Factus
1698 1887 1782 1932 est

212 1982 339 2038 ergo
365 1966 605 2022 Salvator
643 1982 736 2022 rex
768 1982 979 2031 eorum,
1011 1968 1099 2039 qui
1132 1984 1301 2039 regno
1329 1970 1523 2025 mortis
1554 1970 1784 2027 ulterius

211 2077 315 2115 non
348 2067 597 2115 tenentur
624 2059 898 2125 adstricti;
954 2060 1006 2115 in
1036 2076 1265 2131 quorum
1295 2063 1510 2117 mortali
1555 2078 1784 2133 corpore

206 2153 435 2209 cessavit
462 2168 684 2224 regnare
705 2163 1011 2224 peccatum,
1037 2163 1224 2224 postea
1256 2171 1416 2224 quam
1444 2156 1459 2186 ί
1486 2171 1581 2226 per
1601 2156 1784 2212 divina

204 2246 500 2317 magisteria
555 2246 864 2304 didicerunt
930 2246 1253 2302 docentibus
1300 2249 1614 2319 Apostolis:
1658 2248 1786 2304 Non

201 2355 317 2409 ergo
344 2349 516 2411 regnet
540 2351 808 2413 peccatum
845 2341 898 2395 in
918 2351 1082 2395 oestro
1112 2342 1319 2397 mortali
1340 2359 1552 2414 corpore
1577 2342 1783 2415 (Rom.,

201 2445 275 2496 vt,
302 2428 407 2501 12).
442 2430 550 2488 Sed
578 2439 633 2486 et
655 2446 777 2487 cum
807 2431 1050 2502 fungitur
1077 2450 1174 2503 pro
1201 2433 1359 2489 nobis
1384 2435 1683 2490 sacerdotis
1708 2436 1787 2490 οι-

199 2519 340 2589 ﬁcio,
370 2521 620 2578 Christus
649 2524 929 2579 verissime
958 2524 1131 2581 factus
1160 2526 1512 2590 est,maxime
1532 2525 1788 2583 defensor

199 2623 253 2672 et
279 2617 575 2673 advocatus
593 2633 689 2688 pro
712 2618 868 2674 nobis
894 2634 1111 2691 semper
1133 2619 1417 2687 assistens,
1434 2622 1787 2691 interpellans

198 2725 405 2781 quoque
437 2721 648 2780 patrem
672 2753 687 2776 ,
720 2726 825 2782 qua
868 2713 1018 2768 solus
1045 2713 1370 2785 purissimus
1410 2715 1694 2782 sacerdos;
1728 2723 1787 2770 ut

197 2802 401 2874 expiata
433 2803 563 2859 labe
592 2804 1000 2874 delinquentiae,
1040 2804 1221 2861 divina
1252 2806 1370 2876 ejus
1402 2808 1786 2877 propitiatione

198 2908 495 2950 serventur.
548 2896 650 2951 Per
699 2895 815 2953 haec
866 2912 1030 2966 ergo,
1086 2898 1229 2967 quod
1283 2897 1442 2953 Iesus
1488 2899 1660 2955 factus
1704 2908 1788 2955 est

196 2984 433 3045 Christus
481 2998 541 3046 et
574 2992 866 3058 Dominus,
899 3007 1007 3046 non
1042 3000 1151 3046 tam
1198 2992 1515 3048 substantiae
1554 2993 1673 3064 ejus
1702 2995 1786 3049 di-

1885 1873 2247 1977 maledictione
2274 1890 2322 1934 et
2345 1885 2692 1942 amaritudine
2721 1893 2928 1960 plenum
2952 1906 3029 1950 est
3060 1873 3229 1969 (βίαι.
3257 1920 3377 1971 xnt,
3407 1906 3485 1977 5).

1887 1966 2128 2038 Denique
2176 1986 2298 2027 cum
2348 1974 2554 2033 inﬁnita
2600 1990 2656 2036 et
2702 1984 2818 2053 ipse
2857 1966 3113 2047 Salomon
3158 1994 3227 2050 de
3262 1966 3374 2052 Dei.
3402 1966 3489 2055 sa-

1887 2058 2087 2127 pientia
2120 2064 2526 2138 praedicaverit,
2554 2080 2610 2127 et
2651 2074 2724 2130 ita
2755 2077 2936 2136 divine
2964 2082 3047 2153 de:
3067 2100 3127 2140 ea
3156 2087 3320 2144 fuerit
3363 2107 3489 2161 pro-

1885 2163 2107 2251 secutus
2127 2196 2143 2221 ,
2179 2167 2239 2253 ut
2262 2174 2371 2215 non
2400 2162 2545 2218 aliud
2575 2164 2628 2219 in
2658 2168 2748 2224 illa
2774 2174 3119 2244 crederetur,
3155 2197 3313 2250 quam
3341 2187 3487 2253 quod

1886 2249 1941 2295 tn
1988 2255 2178 2301 natura
2213 2249 2306 2304 Dei
2334 2263 2455 2306 est:
2486 2254 2542 2309 in
2574 2258 2678 2314 illis
2710 2265 2962 2322 omnibus
2990 2249 3282 2331 haereticus
3310 2249 3490 2334 caicu—

1888 2337 2026 2389 tieus
2049 2334 2152 2392 hoc
2175 2340 2352 2396 Solum
2373 2344 2559 2402 videre
2584 2364 2644 2405 se
2660 2355 2911 2422 credidit,
2944 2375 3040 2427 per
3064 2365 3205 2432 quod
3234 2372 3492 2435 probaret

1886 2443 2005 2532 eam
2033 2445 2157 2487 esse
2187 2445 2515 2495 creaturam.
2545 2441 2649 2498 Sed
2692 2449 2953 2519 scriptum
2982 2466 3065 2508 est
3085 2497 3098 2520 ,
3140 2457 3341 2531 inquit,
3379 2461 3489 2517 Do-

1886 2526 2056 2576 minus
2085 2526 2275 2579 creavit
2305 2544 2385 2582 me
2411 2531 2617 2587 initium
2635 2537 2837 2593 ciarum
2863 2560 3079 2599 suarum
3100 2526 3156 2601 in
3183 2526 3340 2620 opera
3371 2571 3483 2609 sua.

1889 2612 1996 2707 Sed
2038 2631 2137 2671 nos
2179 2634 2287 2674 non
2334 2621 2531 2680 ibimus
2581 2628 2821 2700 longius,
2858 2651 3033 2707 neque
3075 2640 3142 2696 de
3184 2612 3306 2698 aliis
3339 2647 3503 2705 libris-

1886 2705 2218 2810 Salomonis,
2252 2730 2372 2784 quae
2414 2728 2541 2773 sunt
2583 2737 2680 2789 pro
2710 2705 3039 2797 sempiterna
3070 2734 3165 2790 Dei
3199 2738 3486 2810 sapientia,

1886 2800 2249 2896 proieremus.
2287 2807 2500 2866 Sutﬁcit
2528 2829 2670 2870 nunc
2690 2858 2705 2882 ,
2735 2818 2779 2873 si
2808 2821 2874 2875 de
2904 2823 3007 2880 hoc
3039 2827 3157 2896 ipso
3187 2800 3310 2888 loco
3348 2800 3491 2893 unde

1889 2894 2261 2953 teatimonium
2288 2903 2530 2971 protulit,
2564 2921 2690 2975 pars
2711 2909 2922 2968 diversa
2957 2894 3264 2987 superetur.

1887 2986 1909 3051 ξε
1960 2984 2023 3039 ll.
2067 2988 2179 3051 Ais,
2215 2989 2504 3059 hairetice,
2555 3000 2849 3070 scriptum:
2902 2984 3156 3065 Dominus
3184 3018 3373 3071 creavit
3412 3035 3493 3075 me

196 3079 328 3135 vina:
355 3082 566 3153 aliquid
598 3082 911 3150 confertur,
952 3099 1113 3154 quam
1144 3094 1484 3154 prospectum
1516 3094 1632 3151 est,
1665 3087 1785 3153 qui-
1886 3075 2088 3180 initium
2112 3081 2307 3137 uiarum
2326 3102 2540 3141 suarum
2558 3090 2611 3144 in
2637 3108 2794 3160 opera
2820 3113 2916 3151 sua
2936 3115 2953 3153 :
2975 3102 3070 3156 sed
3098 3104 3489 3180 iutende,quia

196 3170 290 3227 bus
315 3174 463 3245 regni
490 3173 611 3245 ejus
638 3182 692 3229 ει
718 3174 1007 3230 sacerdotii
1039 3192 1101 3231 ac
1122 3176 1347 3232 dominii
1374 3186 1612 3246 potestas
1638 3178 1785 3234 velut
1809 3179 1854 3242 C
1890 3171 2005 3223 “33°
2028 3170 2141 3240 ipsa
2167 3176 2429 3244 δθρίθηιίθ
2455 3180 2805 3240 nihilominus
2833 3192 2908 3243 ait
2929 3208 2941 3240 τ
2964 3192 3096 3249 Ante
3122 3214 3297 3254 omnes
3318 3170 3488 3258 autem

196 3279 385 3321 munus
411 3267 655 3321 salutare
698 3267 955 3322 collatum
999 3278 1102 3323 est.
1153 3266 1272 3324 Non
1329 3268 1541 3324 videtur
1593 3269 1785 3325 absur-

196 3357 336 3427 dum,
366 3360 409 3415 si
436 3360 577 3416 illud
605 3359 855 3416 similiter
886 3362 1187 3432 intelligas,
1216 3362 1361 3433 quod
1393 3363 1505 3417 ait:
1531 3361 1646 3433 Ego
1689 3380 1786 3417 au-

197 3463 291 3508 tem
342 3456 651 3511 constitutus
692 3471 806 3509 sum
835 3472 927 3511 rea:
976 3456 1039 3510 ab
1077 3474 1138 3512 eo
1177 3473 1338 3530 supra
1386 3456 1515 3511 Sion
1563 3466 1786 3513 montem

196 3553 424 3599 sanctum
444 3547 563 3619 ejus
588 3544 763 3615 (Psal.
794 3563 855 3613 ιι,
898 3546 953 3619 6)
983 3564 996 3601 :
1030 3548 1131 3603 etsi
1162 3547 1306 3604 enim
1338 3550 1660 3603 constitutus
1690 3564 1784 3604 rex

196 3636 386 3695 dicitur
408 3681 423 3705 ,
482 3648 668 3695 tamen
712 3656 834 3696 cum
867 3643 887 3672 ²
914 3641 1161 3711 addidit,
1210 3660 1371 3712 supra
1404 3642 1534 3698 Sion
1563 3653 1784 3697 montem

196 3740 418 3786 sanctum
449 3735 592 3807 ejus,
618 3733 1097 3803 ostenditur,quod
1127 3751 1234 3790 non
1264 3736 1333 3791 de
1355 3735 1448 3791 illo
1474 3751 1639 3807 regno
1667 3736 1784 3807 ejus

195 3822 331 3881 dicat
359 3827 503 3898 quod
540 3825 732 3883 habuit
758 3828 919 3882 etiam
970 3838 1093 3884 ante
1146 3844 1306 3899 quam
1361 3830 1784 3885 constitueretur

196 3933 282 3973 rea:
326 3936 484 3992 supra
516 3917 651 3974 Sion
697 3929 922 3973 montem
950 3930 1187 3975 sanctum
1217 3922 1351 3987 eius.
1379 3921 1493 3977 Rex
1524 3924 1670 3977 enim
1702 3932 1786 3977 est

198 4018 316 4066 ante
340 4012 525 4066 omnia
557 4025 670 4064 :eva
698 4025 937 4066 :evorum
962 4053 977 4078 ,
1023 4011 1308 4068 continens
1339 4011 1645 4085 (poteSIate
1688 4029 1783 4068 sua

197 4116 402 4158 omnem
432 4118 600 4175 quam
636 4102 910 4170 condidit,
956 4113 1297 4172 creaturam;
1337 4107 1479 4163 unde
1507 4115 1563 4162 et
1607 4109 1785 4163 omni-

197 4194 419 4268 potens)
465 4195 804 4268 approbatur
827 4238 843 4265 ,
880 4197 1024 4268 quod
1062 4199 1236 4270 possit
1262 4201 1445 4256 omnia
1501 4202 1785 4258 continere

196 4303 309 4359 quze
336 4288 476 4347 facta
508 4299 656 4347 sunt.

812 4404 1039 4463 CAPUT
1077 4406 1163 4463 VI.

197 4519 273 4577 De
295 4521 393 4576 hoc
416 4521 560 4593 quod
599 4520 846 4578 Salomon
872 4537 893 4577 :
922 4522 1162 4578 DOIINUS
1196 4522 1422 4577 caeavir
1456 4536 1529 4577 ne
1576 4535 1784 4577 INITIUI

550 4629 749 4670 VIABUI
777 4629 984 4671 ευΑιιιιιι
1014 4631 1065 4671 IN
1094 4630 1267 4671 OPEBA
1293 4629 1413 4670 ευΑ.

264 4747 305 4804 l.
336 4748 648 4822 Tangamus
677 4758 732 4805 et
758 4749 905 4805 illam
932 4750 985 4806 in
1012 4750 1200 4806 ultimo
1226 4749 1601 4820 quaestionem,
1622 4764 1782 4820 quam

202 4838 339 4897 inter
362 4851 597 4897 ett-teras
617 4840 906 4897 addidisti:
953 4840 1226 4905 Dominus,
1277 4841 1474 4912 inquit,
1492 4842 1679 4897 creavit
1706 4858 1788 4897 me

199 4923 394 4987 initium
424 4934 625 4988 viarum
653 4950 859 4988 suarum
889 4933 942 4988 in
968 4949 1124 5004 opera
1156 4950 1251 4988 sua
1280 4933 1478 5004 (Prov.
1510 4950 1630 5001 vnt,
1654 4934 1786 5009 εἳ).

203 5021 337 5080 Dicit
367 5026 657 5081 haereticus
690 5043 703 5077 :
735 5024 898 5081 Vides
936 5034 1241 5080 creaturam
1271 5040 1393 5081 esse
1437 5028 1782 5097 sapientiam,

202 5129 315 5184 quae
346 5117 536 5186 utique
578 5117 869 5187 interprete
910 5115 1078 5171 Paulo
1106 5116 1357 5187 apostolo
1393 5116 1645 5175 Christus
1681 5129 1783 5176 est.

204 5204 343 5277 Ergo
369 5208 654 5273 Christus,
703 5208 903 5278 inquit,
937 5210 1025 5287 qui
1071 5217 1158 5264 est
1207 5211 1505 5279 sapientia,
1551 5226 1659 5265 non
1706 5219 1791 5267 est

201 5312 356 5353 verus
383 5298 559 5366 ﬁlius,
590 5298 681 5354 sed
713 5309 956 5355 creatura
1004 5300 1174 5356 iactus
1204 5302 1495 5372 adOptione
1520 5305 1791 5359 assistens

203 5390 360 5446 ﬁlius.
408 5392 524 5448 Hoc
566 5408 830 5449 venenum
880 5392 1208 5451 Arianorum
1250 5404 1354 5452 est.
1414 5396 1521 5452 Sed
1567 5412 1602 5452 ο
1630 5412 1789 5468 quam

203 5494 339 5537 eaea
371 5484 618 5553 impietas
661 5483 731 5539 ad
778 5483 830 5540 id
869 5484 1090 5553 videre,
1122 5486 1266 5557 quod
1312 5488 1461 5559 pium
1506 5489 1621 5544 est!
1674 5489 1792 5545 Jam

204 5575 365 5631 semel
394 5575 544 5646 quia,
577 5586 636 5631 ut
658 5576 918 5648 scriptum
945 5585 1052 5646 est,
1084 5576 1318 5634 Oderunt
1346 5580 1655 5652 sapientiam
1684 5578 1794 5636 Do-

276 5713 289 5787 ξ
328 5712 494 5787 Forte
516 5714 753 5771 abundat
777 5733 887 5787 per.

273 5784 293 5815 ²
329 5784 576 5840 Additur.

479 5878 755 5942 Ρηιιοι.
789 5880 962 5943 XIII.

1887 3260 2044 3359 colles
2067 3266 2251 3359 genuit
2265 3283 2345 3321 me
2375 3268 2560 3340 (Psal.
2593 3288 2711 3339 vnt,
2748 3276 2873 3350 25).
2900 3280 3183 3347 Quomodo
3212 3305 3341 3359 ergo
3369 3292 3489 3349 haec

1888 3352 2002 3421 ipsa
2024 3355 2288 3453 sapientia
2314 3360 2367 3413 in
2395 3362 2586 3417 eodem
2617 3364 2738 3421 loco
2759 3378 2813 3423 et
2838 3382 3075 3429 creatam
3105 3393 3164 3433 se
3189 3352 3311 3436 esse
3335 3384 3489 3453 dicit,

1888 3452 1945 3497 et
1981 3445 2260 3514 genitam?
2305 3449 2463 3506 Prius
2493 3463 2612 3521 est,
2656 3466 2715 3511 ιιι
2755 3460 3061 3533 videamus,
3095 3470 3221 3539 quid
3253 3445 3485 3541 primum

1888 3538 1996 3592 sit:
2032 3549 2212 3596 utrum
2243 3544 2386 3613 quod
2414 3548 2591 3616 genita
2623 3559 2735 3617 est,
2767 3567 2832 3608 an
2857 3558 3000 3626 quod
3032 3538 3211 3618 creata
3244 3538 3345 3620 est.
3378 3569 3486 3625 Sed

1889 3632 2015 3687 licet
2044 3634 2273 3703 primum
2300 3637 2530 3695 dixerit:
2556 3641 2808 3701 Dominus
2834 3653 3025 3706 creavit
3046 3671 3124 3709 me
3148 3657 3352 3714 initium
3382 3664 3490 3718 via-

1888 3739 2005 3778 rum
2033 3742 2244 3782 suarum
2274 3730 2329 3784 in
2358 3747 2516 3803 opera
2555 3752 2685 3802 ιιια;
2731 3747 2941 3807 tamen,
2987 3760 3056 3800 ne
3096 3762 3153 3803 SB
3183 3764 3487 3813 creaturam

1888 3827 2130 3917 putares,
2168 3825 2401 3917 recurrit
2425 3826 2489 3881 ad
2515 3827 2647 3883 illud
2674 3832 2817 3901 quod
2846 3834 2994 3904 prius
3019 3849 3123 3907 est,
3157 3842 3213 3898 in
3243 3852 3491 3917 sequenti

1888 3909 2121 3967 dicens:
2173 3913 2303 3970 Ante
2346 3934 2520 3973 omnes
2563 3932 2733 3977 autem
2781 3927 2939 3983 colles
2986 3936 3163 4002 genuit
3195 3954 3291 3992 me.
3322 3909 3489 4000 -Vide

1889 4005 2032 4102 enim
2060 4020 2129 4063 ne
2161 4018 2317 4078 putes
2346 4021 2534 4081 postea
2561 4016 2822 4087 genitam,
2856 4023 2979 4090 quia
3014 4026 3241 4094 primum
3275 4037 3490 4102 praimi-

1888 4095 2022 4150 serit
2064 4111 2123 4152 se
2165 4107 2429 4156 creatam.
2483 4104 2597 4160 Etsi
2643 4108 2786 4163 enim
2835 4110 2890 4166 in
2937 4117 3128 4173 ordine
3174 4095 3485 4182 sermonum

1890 4189 2122 4257 primum
2157 4194 2388 4262 positum
2419 4205 2504 4251 est
2546 4198 2690 4269 quod
2721 4212 2901 4259 creata
2931 4215 3046 4273 est,
3079 4209 3275 4270 deinde
3302 4227 3487 4275 autem

1888 4282 2034 4351 quod
2062 4284 2276 4353 genita;
2330 4295 2509 4344 tamen
2537 4305 2731 4348 sensus
2773 4296 2876 4351 hoc
2919 4296 3163 4369 judicat,
3193 4309 3338 4376 quod
3381 4316 3492 4382 pri-

1889 4388 2040 4428 mum
2067 4386 2152 4431 est
2180 4379 2360 4448 genita
2380 4421 2397 4448 ,
2425 4396 2586 4452 quam
2628 4395 2843 4453 creata,
2879 4399 2935 4444 ut
2964 4393 3033 4447 sit
3072 4411 3268 4456 sensus
3297 4403 3367 4458 ita
3382 4379 3489 4463 isa-

1890 4466 2112 4535 pientia:
2140 4468 2372 4526 dicentis
2400 4489 2414 4525 :
2444 4470 2702 4529 Dominus
2728 4481 2919 4534 creavit
2946 4499 3027 4538 me
3052 4486 3256 4546 initium
3285 4496 3489 4555 viarum

1810 4571 1862 4631 ι)
1889 4572 2101 4611 suarum
2143 4560 2198 4613 in
2228 4576 2385 4631 opera
2411 4578 2528 4618 sua.
2566 4564 2675 4621 Sed
2718 4583 2787 4625 ne
2815 4573 2936 4641 quis
2964 4591 3051 4633 me
3081 4590 3231 4649 putet
3256 4599 3356 4656 per
3384 4589 3488 4648 hoc

1891 4666 2014 4708 esse
2049 4662 2385 4753 creaturam,
2434 4669 2527 4714 aut
2580 4670 2707 4718 tunc
2760 4666 2991 4734 primum
3049 4686 3172 4731 esse
3218 4682 3486 4753 coepisse,

1892 4746 2109 4816 quando
2141 4762 2229 4804 me
2269 4750 2461 4807 creauit
2499 4753 2702 4809 initium
2744 4759 2940 4814 viarum
2981 4780 3191 4822 suarum
3231 4746 3489 4849 ιιι-ορενᾷ

1893 4857 2018 4908 sua,
2064 4842 2369 4915 subsequor
2416 4854 2472 4901 et
2518 4847 2673 4904 dico:
2718 4852 2849 4906 Ante
2891 4871 3063 4913 omnes
3115 4874 3286 4920 autem
3334 4842 3491 4928 colles

1894 4938 2067 5007 genuit
2089 4953 2206 5005 me;
2235 4948 2294 4993 ut
2319 4938 2460 4994 scias
2483 4942 2635 5021 prius
2656 4959 2743 4999 me
2760 4949 3017 5018 genitam,
3042 4970 3200 5024 quam
3224 4972 3482 5020 creatam.

1892 5029 2026 5126 Cum
2053 5029 2196 5126 enim
2225 5029 2359 5086 dicit
2383 5047 2397 5085 :
2427 5032 2559 5087 Ante
2584 5050 2759 5091 omnes
2798 5050 2968 5096 autem
2994 5048 3153 5103 colles
3183 5056 3357 5122 genuit
3385 5073 3486 5126 me,

1895 5118 2025 5175 fecit
2050 5120 2182 5177 illud
2223 5136 2345 5178 esse
2377 5135 2562 5193 postea
2587 5128 2731 5197 quod
2755 5141 2938 5188 creata
2979 5148 3093 5206 est,
3133 5118 3202 5195 uti
3216 5118 3490 5211 praecedat

1892 5222 1949 5268 et
1993 5214 2064 5269 sit
2108 5216 2350 5272 anterius
2399 5218 2565 5283 illud,
2599 5223 2741 5290 quod
2772 5226 2953 5292 genita
2996 5240 3101 5287 est.
3134 5234 3189 5288 Si
3236 5251 3365 5308 ergo
3409 5241 3488 5297 sic

1892 5319 2071 5364 creata
2103 5319 2216 5377 est,
2264 5321 2319 5366 ut
2351 5321 2477 5368 ante
2507 5313 2669 5369 fuerit
2703 5320 2912 5386 genita;
2963 5336 3158 5382 sensus
3198 5329 3489 5399 impietatis

1894 5400 2146 5455 exclusus
2176 5409 2289 5467 est,
2321 5402 2344 5433 ‘
2388 5419 2490 5474 qua
2529 5420 2648 5460 eam
2680 5407 2891 5465 dixerat
2937 5426 3208 5485 creatam;
3257 5431 3314 5475 ut
3366 5435 3490 5483 tunc

1893 5493 2127 5561 primum
2169 5494 2474 5551 substitisse
2506 5498 2771 5566 sapientia
2801 5501 3153 5575 crederetur,
3192 5516 3406 5581 quando
3436 5530 3493 5576 et

1896 5584 2087 5640 retulit
2124 5600 2184 5642 se
2208 5596 2451 5644 creatam
2481 5603 2512 5644 a
2539 5588 2767 5646 Domino
2805 5592 3013 5647 initium
3052 5601 3247 5655 viarum
3281 5620 3493 5664 suarum

1970 5718 1991 5750 ³
2030 5718 2207 5774 Circus
2234 5723 2393 5776 uiuas.

1969 5789 1991 5823 ⁸
2032 5791 2159 5858 Quae
2186 5792 2323 5847 ideo.
