3998 6350
408 222 476 276 75
1649 201 1964 260 rausrtNt
2007 173 2440 258 ιιιιΕειιγτΕιιι
3667 200 3742 258 76

408 333 462 386 in
488 345 644 399 Opt’ra
687 342 803 382 sua.
836 323 978 380 Ecce
1021 322 1162 378 enim
1212 335 1400 374 sensus
1450 318 1792 382 manifestat,
1835 318 1997 370 etiam
2027 318 2074 374 Α
2174 317 2237 372 V.
2283 317 2389 374 Sed
2419 317 2596 372 adhuc
2623 314 2862 387 apertius
2892 315 3208 370 edisseram.
3238 313 3398 371 Certe
3430 315 3742 386 sapientia

409 428 536 475 ante
566 434 725 489 quam
762 424 1058 477 crearetur,
1088 412 1404 482 sapientiam
1437 409 1774 473 substitisse,
1808 407 2002 478 quippe
2108 406 2200 462 Dei
2233 407 2345 477 ipsa
2391 415 2504 471 est,
2553 423 2669 478 qum
2713 415 2768 462 et
2795 405 3030 462 Verbum
3075 419 3195 463 esse
3235 407 3511 464 scribitur
3533 450 3552 475 ,
3587 419 3653 463 ut
3689 408 3741 462 in

411 530 532 586 qua:
563 513 709 582 prius
739 522 818 566 εει
846 509 1048 579 genita,
1075 521 1239 576 quam
1267 513 1472 562 creata.
2105 503 2476 570 superioribus
2525 509 2800 556 ostensum
2862 503 2967 555 est.
3038 501 3101 554 Et
3150 499 3406 570 numquid
3467 499 3618 571 qu‘ia
3674 497 3748 554 de

485 605 572 662 Ill.
615 601 721 658 Sed
749 601 917 670 magis
945 595 1416 653 commendabitur
1447 594 1532 648 hic
1585 606 1776 648 sensus
1815 591 2004 646 catlto-
2113 595 2291 651 Verbo
2325 596 2414 650 Dei
2445 595 2701 666 scriptum
2726 603 2847 650 est:
2883 591 2952 648 Et
2988 591 3212 650 Verbum
3235 611 3356 649 caro
3377 587 3609 665 factum
3647 603 3744 660 est,

412 697 582 760 licus,
627 696 672 749 si
715 703 769 749 et
800 694 912 762 ipsa
960 691 1156 755 verba,
1206 697 1366 758 prout
1402 687 1556 741 nobis
1604 685 1860 756 possibile
1903 693 2004 752 est,
2106 687 2216 759 jam
2250 699 2302 742 et
2346 687 2578 743 Verbum
2623 685 2886 742 facturam
2915 697 3328 755 asseveramus,
3372 685 3560 758 quasi
3613 693 3748 740 tunc

414 787 792 849 discutiantur,
824 782 1022 853 quibus
1052 780 1136 834 vel
1165 780 1402 849 genitam
1429 792 1488 832 se
1517 777 1719 832 referat
1745 775 2007 845 sapientia
2112 781 2345 851 primum
2385 794 2508 835 esse
2543 780 2807 850 cmperit,
2850 795 2970 836 cum
3012 793 3139 835 caro
3183 779 3377 834 factum
3422 779 3580 836 est?
3636 777 3750 837 Sed

411 883 500 937 vel
543 889 801 936 creatam.
855 874 1148 939 Dominus,
1203 871 1410 940 inquit,
1458 871 1646 925 creavit
1685 886 1762 924 me
1806 869 2012 922 initium

2141 891 2274 937 tene,
2301 875 2421 946 quia
2445 874 2786 945 apertissime
2799 874 3222 930 demonstratum
3249 883 3335 928 est
3356 889 3454 943 per
3483 873 3748 930 Verbum

413 976 610 1030 uiarum
639 988 856 1029 suarum
879 971 934 1024 in
965 985 1123 1041 opera
1148 984 1262 1021 sua.
1294 965 1538 1029 Intende,
1571 968 1692 1034 quia
1717 979 1839 1019 cum
1862 964 2014 1018 dixe-

410 1070 485 1126 rit
508 1087 520 1123 :
557 1067 813 1122 Dominus
835 1063 1026 1118 creavit
1048 1079 1147 1125 me,
1181 1077 1288 1115 non
1314 1060 1502 1124 tacuit,
1527 1074 1596 1113 ne
1616 1073 1745 1114 vere
1766 1065 2014 1113 creatura

410 1169 716 1232 putaretur,
742 1158 836 1212 sed
871 1155 1214 1226 prosequitur
1234 1153 1528 1221 explanans
1549 1149 1677 1219 quid
1710 1150 1780 1202 sit
1807 1155 2012 1211 creata,

414 1261 471 1308 ει
500 1251 570 1306 ob
598 1265 762 1321 quam
795 1262 1014 1303 causam
1042 1249 1112 1301 sit
1140 1253 1344 1301 creata.
1401 1245 1490 1300 Ait
1517 1244 1691 1309 enim,
1725 1243 1914 1296 creavit
1937 1256 2018 1292 me

415 1346 622 1400 initium
667 1343 865 1396 viarum
893 1355 1106 1396 suarum
1137 1355 1155 1394 :
1198 1348 1255 1393 et
1291 1353 1412 1392 cum
1459 1337 1736 1405 sequitur,
1764 1336 1820 1388 in
1863 1347 2020 1405 opera

416 1456 513 1494 sua
535 1481 549 1503 ,
582 1438 758 1507 palam
789 1442 904 1501 est,
933 1433 1076 1504 quod
1119 1432 1358 1488 ostendit
1396 1441 1448 1485 et
1495 1445 1690 1484 causas
1713 1444 1811 1485 cur
1838 1434 2021 1484 creata

415 1532 486 1587 sit
515 1531 720 1584 initium
751 1528 950 1582 viarum
977 1523 1208 1579 Domini.
1240 1524 1357 1578 Non
1389 1538 1520 1592 ergo
1541 1522 1828 1591 sapientia,
1864 1518 2020 1589 quasi

415 1640 538 1695 quae
569 1639 676 1678 non
705 1630 884 1686 esset,
913 1629 1094 1675 creata
1125 1630 1207 1674 est
1235 1617 1300 1672 ad
1344 1617 1445 1672 hoc
1483 1624 1543 1671 ut
1568 1624 1744 1678 esset;
1773 1612 1870 1668 sed
1899 1626 2022 1666 cum

2115 969 2293 1024 omnia
2326 968 2485 1031 facta,
2509 976 2564 1022 ct
2590 968 2644 1022 in
2671 967 2876 1022 ultimis
2899 967 3230 1038 temporibus
3254 965 3357 1024 hoc
3379 969 3580 1038 ipsum
3610 966 3750 1022 Ver-

2117 1061 2244 1117 bum
2275 1075 2492 1115 carnem
2525 1059 2744 1115 factum.
2789 1058 2905 1114 Non
2954 1076 3088 1131 ergo
3127 1059 3330 1115 factura
3361 1069 3448 1117 est
3481 1057 3749 1116 Verbum

2120 1153 2252 1216 Dei“,
2286 1151 2411 1206 licet
2455 1150 2652 1206 factum
2681 1165 2808 1206 caro
2837 1165 2958 1207 esse
2985 1151 3196 1207 dicatur
3220 1171 3232 1204 :
3267 1152 3339 1206 ita
3364 1161 3420 1208 et
3450 1152 3750 1224 sapientia

2122 1245 2247 1300 licet
2287 1245 2498 1300 dicatur
2526 1257 2708 1300 creata
2750 1258 2872 1300 esse
2919 1245 3124 1298 initium
3162 1245 3360 1298 viarum
3399 1255 3452 1300 et
3485 1245 3553 1299 in
3591 1260 3756 1314 Opera

2123 1336 2316 1411 (ejus)
2344 1379 2358 1403 ,
2395 1353 2498 1391 non
2533 1345 2714 1392 tamen
2742 1346 2987 1392 creatura
3021 1346 3134 1404 est;
3165 1351 3325 1405 quam
3351 1345 3590 1393 constat
3624 1345 3758 1393 ante

2126 1444 2345 1485 omnem
2386 1443 2510 1485 esse
2563 1439 2901 1496 creaturam,
2951 1429 3385 1500 quanquuidem
3443 1431 3652 1485 ornm'a
3701 1431 3756 1484 in

2125 1524 2380 1591 sapientia
2403 1525 2544 1593 facta
2574 1522 2676 1576 sint
2703 1521 2876 1595 (Psal.
2907 1537 3019 1593 cm,
3045 1522 3160 1592 24).
3189 1521 3348 1576 Addo
3366 1529 3424 1578 et
3447 1521 3596 1586 hoc,
3624 1522 3751 1592 quia

2129 1633 2236 1671 non
2267 1632 2428 1672 omne
2449 1615 2590 1688 quod
2620 1617 2792 1671 creari
2823 1615 3042 1682 dicitur,
3087 1614 3239 1684 quasi
3273 1615 3364 1670 ttat
3389 1615 3444 1669 in
3480 1614 3754 1670 substan-

419 1731 636 1786 semper
664 1713 1096 1769 subslautialiler
1124 1711 1306 1773 tuerit,
1354 1719 1479 1763 tunc
1504 1717 1688 1763 creata
1717 1718 1800 1762 εει
1831 1719 2026 1760 secun-
2052 1701 2104 1761 B
2131 1710 2223 1778 tia,
2243 1711 2648 1782 inlelligondutn
2673 1718 2775 1766 est.
2804 1709 3045 1780 Denique
3066 1709 3283 1780 quidam
3313 1708 3394 1763 vir
3415 1709 3632 1764 videns
3659 1723 3756 1763 cor

419 1807 548 1864 dum
595 1804 1054 1874 dispensationem
1101 1802 1307 1855 initium
1335 1801 1536 1854 viarum
1583 1797 1828 1862 Domini,
1872 1803 1927 1851 et
1965 1796 2021 1850 in

407 1914 585 1969 .opera
617 1896 827 1952 Domini
855 1905 1033 1950 creata
1060 1903 1164 1949 εει.
1197 1893 1415 1946 Initium
1438 1907 1570 1963 ergo
1591 1893 1789 1945 viarum
1812 1887 2024 1943 Domini

423 1999 604 2046 creata
633 1997 751 2054 est,
795 1997 844 2042 et
885 1987 940 2040 in
968 2002 1124 2057 opera
1152 1983 1370 2040 Domini
1395 1993 1576 2039 creata
1607 1990 1694 2038 est
1718 1982 1982 2052 sapientia
2006 1995 2021 2032 :

422 2099 532 2138 non
567 2092 741 2136 tamen
766 2122 779 2146 ,
827 2081 948 2149 quia
980 2077 1405 2134 substantialiter
1426 2085 1552 2130 ante
1583 2092 1690 2130 non
1719 2085 1868 2138 erat,
1902 2073 2024 2128 ideo

419 2182 602 2230 creata
631 2184 712 2228 est
742 2171 1025 2241 sapientia.
1060 2170 1130 2225 At
1154 2185 1284 2224 vero
1311 2185 1432 2222 cum
1461 2168 1592 2223 dicit
1618 2182 1677 2222 se
1703 2176 1822 2220 ante
1851 2182 2026 2220 omnes

405 2268 578 2322 'colles
607 2266 845 2336 genitam
865 2305 879 2329 ,
911 2278 1018 2317 non
1055 2272 1276 2332 propter
1319 2261 1594 2334 (aliquam
1642 2275 1755 2314 rem
1787 2259 1920 2313 dicit
1967 2271 2028 2313 se

420 2375 543 2417 esse
569 2362 840 2429 genitam;
884 2356 978 2412 sed
1025 2357 1296 2410 exsistens
1339 2350 1588 2424 semper)
1622 2352 1788 2420 patris
1823 2349 2028 2418 sempi-

418 2460 576 2507 terna
605 2452 911 2522 progenies,
932 2449 1002 2502 ob
1025 2448 1284 2518 quasdam
1309 2462 1501 2501 causas
1521 2453 1764 2500 creatam
1788 2457 1848 2498 se
1874 2444 2027 2510 dicit,

421 2532 628 2599 initium
648 2546 847 2598 viarum
875 2540 1106 2604 Domini,
1133 2541 1184 2594 id
1214 2550 1320 2605 est,
1348 2540 1404 2592 in
1433 2555 1594 2608 opera
1617 2537 1852 2591 Domini.
1886 2537 2034 2607 Ergo

426 2617 484 2692 et
507 2653 572 2694 ex
599 2640 700 2692 hoc
723 2636 1072 2690 manifestum
1103 2642 1189 2690 est
1214 2649 1321 2688 non
1347 2649 1470 2688 esse
1487 2643 1792 2688 creaturam
1817 2633 2034 2700 sapien-

427 2731 558 2787 tiam
581 2773 594 2796 ,
640 2746 762 2801 quae
790 2730 846 2785 in
875 2730 1020 2784 aliud
1053 2736 1233 2784 creata
1265 2736 1376 2790 est,
1410 2725 1460 2780 id
1491 2733 1614 2793 est,
1646 2727 1700 2779 in
1731 2741 1890 2795 apera
1918 2723 2032 2780 Do-

426 2825 552 2878 mini
574 2841 593 2888 ;
622 2838 743 2876 cum
767 2822 886 2891 ipsa
913 2807 984 2876 ait
1005 2820 1209 2891 genita,
1237 2835 1341 2872 non
1366 2820 1418 2872 in
1445 2833 1634 2887 opera,
1655 2818 1750 2873 sed
1771 2819 1840 2873 de
1859 2827 2031 2889 patre,

430 2925 490 2970 ut
519 2914 772 2977 diximus,
807 2914 1082 2968 exsistens
1111 2912 1442 2981 sempiterna
1472 2911 1784 2982 progenies.

501 3004 593 3060 IV.
636 3004 744 3061 Sed
785 3014 840 3060 et
884 3004 990 3058 hoc
1031 3003 1418 3059 intendendum
1442 3013 1560 3070 est,
1604 3003 1748 3074 quod
1779 3004 1925 3059 aliud
1953 3011 2038 3060 est

433 3095 617 3152 dicere
645 3094 823 3150 creari
854 3095 1175 3164 sapientiam
1199 3136 1214 3160 ,
1263 3102 1317 3148 et
1361 3094 1505 3149 aliud
1556 3105 1640 3150 est
1668 3095 1850 3150 dicere
1890 3095 2034 3166 quod
2061 3075 2108 3140 C

431 3189 503 3244 sit
531 3196 802 3243 creatura.
835 3187 1094 3255 Quamvis
1123 3188 1272 3242 enim
1317 3187 1524 3257 legatur
1559 3195 1741 3243 creata
1788 3201 1910 3243 esse
1951 3203 2038 3242 sa-

429 3283 668 3355 pientia,
702 3297 967 3352 nusquam
1011 3290 1192 3337 tamen
1234 3280 1430 3350 legitur
1472 3283 1615 3351 quod
1663 3279 1734 3335 sit
1767 3290 2035 3336 creatura.

435 3377 552 3434 Non
600 3379 748 3434 enim
792 3393 956 3432 omne
999 3377 1142 3448 quod
1172 3386 1417 3431 creatum
1463 3386 1586 3442 est,
1633 3377 1744 3447 jam
1792 3386 2041 3432 creatura

435 3471 726 3526 dicendum
754 3478 838 3525 est
857 3512 870 3534 ,
904 3471 1034 3525 licet
1061 3471 1242 3525 omnis
1267 3480 1518 3524 creatura
1544 3479 1725 3524 creata
1758 3471 1864 3524 sit:
1903 3471 2043 3524 sicut

439 3579 542 3620 nec
569 3579 730 3617 omne
756 3561 898 3632 quod
931 3562 1128 3617 factum
1158 3572 1240 3616 est
1264 3603 1277 3625 ,
1305 3562 1414 3630 jam
1443 3561 1646 3616 factura
1679 3560 2042 3616 asseveranda
2075 3565 2084 3574 '

440 3668 556 3722 est,
590 3656 719 3711 licet
762 3657 939 3709 omnis
981 3655 1186 3710 factura
1213 3653 1353 3708 facta
1393 3655 1483 3708 sit.
1515 3653 1574 3710 Si
1616 3654 1828 3709 videtur
1853 3655 2046 3708 obscu-

440 3765 590 3814 rum,
617 3748 867 3817 exemplo
903 3746 1230 3801 dilucidabo.
1264 3746 1519 3816 Legimus
1544 3747 1831 3816 quemdam
1861 3755 2046 3817 gratu-

444 3843 567 3907 lari,
594 3855 658 3896 ac
678 3840 864 3895 dicere
891 3840 956 3894 ad
985 3840 1152 3894 Deum
1178 3857 1188 3892 :
1227 3838 1339 3910 Ego
1359 3849 1529 3892 autem
1559 3839 1778 3893 cantabo
1807 3841 2046 3894 uirtutem

449 3945 613 3999 tuam,
639 3933 876 3989 exaltaba
904 3950 1054 3988 mane
1080 3934 1488 3987 misericordiam
1521 3947 1683 3999 tuam,
1717 3935 1838 4002 quia
1879 3935 2050 3999 {actus

440 4041 498 4082 es
525 4034 790 4093 susceptor
814 4041 980 4089 meus,
1005 4034 1053 4079 et
1076 4025 1336 4094 refugium
1365 4040 1536 4076 meum
1567 4027 1619 4078 in
1641 4027 1725 4078 die
1761 4025 2052 4079 tribulatio-

443 4120 525 4176 nis
549 4135 673 4174 tnta
697 4116 879 4191 (Psal.
911 4133 1058 4184 Lvm,
1096 4117 1213 4189 I7).
1247 4117 1391 4172 Ecce
1419 4117 1560 4171 Deus
1585 4121 1751 4189 factus
1777 4127 1851 4174 est
1883 4135 2053 4173 susce-

450 4221 567 4283 ptor
609 4221 658 4268 et
704 4211 1006 4282 refugium;
1053 4225 1162 4264 non
1209 4219 1388 4265 tamen
1422 4209 1564 4263 Dens
1600 4208 1806 4265 factura
1849 4221 1968 4266 est:
2000 4221 2055 4267 et

450 4303 555 4359 hoc
583 4313 688 4366 est,
721 4303 1001 4372 quod-dixi
1030 4321 1043 4358 :
1072 4301 1192 4357 Non
1217 4319 1378 4358 omne
1398 4304 1541 4373 quod
1582 4302 1779 4358 factum
1807 4313 1916 4369 est,
1941 4303 2052 4374 jam

445 4395 658 4452 factura
684 4396 968 4450 dicendum
997 4405 1100 4452 est.
1147 4397 1291 4452 Deus
1317 4397 1464 4452 enim
1499 4411 1604 4450 non
1645 4397 1916 4452 exsistens
1943 4397 2054 4452 fac-

2123 1821 2278 1862 suum
2306 1805 2628 1876 quibusdam
2671 1804 2924 1860 sordibus
2955 1803 3210 1859 infectum
3238 1845 3252 1868 ,
3301 1817 3530 1873 precem
3569 1801 3753 1856 fundit

2123 1899 2191 1955 ad
2234 1900 2515 1954 Dominum
2544 1897 2732 1954 dicens
2758 1916 2772 1952 :
2805 1896 2908 1953 Cor
2935 1898 3187 1952 mundum
3218 1915 3335 1952 crea
3361 1898 3417 1952 in
3447 1915 3568 1962 me,
3606 1895 3753 1952 Deus

2125 1992 2294 2062 (μιαί.
2329 2007 2392 2058 r.,
2424 1991 2563 2063 12):
2611 2007 2718 2046 non
2750 1993 2932 2060 utique
2960 1990 3143 2047 cordis
3177 1989 3556 2045 substantiam
3595 1990 3653 2042 in
3699 2003 3756 2044 se

2129 2085 2246 2140 fleri
2278 2086 2631 2154 precabatur,
2665 2081 2764 2139 sed
2804 2094 2860 2138 ut
2902 2084 3003 2139 hoc
3047 2085 3222 2155 ipsum
3250 2097 3346 2138 cor
3391 2081 3445 2137 in
3497 2098 3576 2138 eo
3609 2081 3757 2138 exsi-

2127 2187 2299 2246 stens,
2331 2177 2474 2249 quod
2502 2177 2551 2232 ei
2576 2183 2693 2232 erat
2736 2177 3045 2242 sordidum,
3077 2177 3248 2233 creari
3290 2173 3592 2231 mundum.
3629 2173 3744 2230 Non

2129 2285 2294 2327 omne
2322 2269 2466 2341 quod
2510 2270 2684 2325 creari
2718 2267 2949 2336 dicitur,
2993 2267 3101 2338 jam
3131 2271 3310 2323 statim
3338 2277 3392 2323 et
3432 2265 3750 2324 secundum

2131 2364 2486 2418 substantiam
2528 2362 2644 2418 ﬁeri
2694 2361 3102 2433 intelligendum
3133 2371 3216 2417 est
3247 2380 3260 2416 :
3293 2359 3750 2432 quandoquidem

2132 2473 2228 2512 cur
2267 2457 2409 2526 quod
2453 2466 2591 2523 erat,
2641 2457 2693 2511 id
2742 2458 2948 2527 ipsum,
2994 2449 3054 2510 ut
3100 2455 3357 2511 mundum
3389 2469 3691 2512 crearetur
3724 2469 3752 2507 a

2134 2550 2396 2613 Domino,
2431 2549 2770 2619 precabatur.
2816 2545 2957 2617 Ergo
3004 2557 3059 2603 et
3102 2550 3362 2618 sapientia
3394 2553 3524 2604 cum
3565 2557 3751 2603 creata

2134 2643 2354 2711 dicitur,
2380 2657 2483 2698 nun
2515 2653 2626 2698 tam‘
2650 2644 2949 2698 substantia
2977 2643 3114 2713 ejus,
3137 2648 3286 2712 quasi
3311 2661 3430 2714 qum
3454 2661 3575 2698 non
3607 2649 3748 2704 erat,

2136 2735 2276 2790 facta
2305 2747 2416 2801 cst;
2463 2734 2559 2790 sed
2600 2736 2712 2805 ipsa
2755 2736 3046 2801 exsistens,
3080 2746 3136 2790 ut
3165 2735 3365 2807 sa'pius
3393 2735 3614 2790 dictum
3646 2741 3747 2796 est,

2136 2838 2314 2882 creata
2359 2836 2442 2882 est
2487 2828 2690 2880 initium
2732 2827 2930 2881 uiarum
2968 2827 3021 2880 in
3065 2843 3220 2899 opera
3250 2828 3376 2898 ejus.
3413 2826 3570 2898 Ergo
3601 2824 3746 2898 quod

2137 2929 2317 2976 creata
2346 2931 2426 2974 est
2457 2921 2737 2990 sapientia,
2771 2919 2840 2974 ad
2868 2921 3181 2991 mysterium
3213 2919 3298 2974 vel
3334 2934 3522 2974 rerum
3557 2933 3750 2974 crean-

2137 3013 2329 3069 darum
2383 3015 2470 3071 vel
2515 3015 2768 3069 humanm
2802 3015 3233 3085 dispensationis
3275 3015 3556 3086 intellige,
3591 3028 3752 3086 quam

2139 3121 2270 3162 cum
2299 3107 2391 3162 Dei
2419 3108 2682 3178 sapientia
2704 3106 2991 3180 dignanter
3017 3109 3268 3174 assumit,
3289 3119 3473 3165 creata
3506 3109 3745 3164 dicitur:

2141 3199 2284 3270 quod
2316 3215 2444 3256 vero
2476 3215 2534 3257 se
2573 3202 2809 3272 genitam
2843 3201 3006 3269 dicit,
3047 3207 3104 3257 ut
3143 3203 3276 3258 nihil
3326 3203 3377 3257 in
3428 3203 3523 3258 illa
3558 3202 3742 3258 minus

2142 3291 2444 3350 divinitatis
2489 3307 2786 3364 agnoscas,
2836 3309 3000 3365 quam
3053 3295 3217 3350 habet
3266 3291 3360 3351 ille
3389 3295 3482 3366 qui
3529 3295 3739 3367 genuit.

2143 3383 2322 3440 Valde
2363 3387 2510 3440 enim
2555 3385 2779 3454 impium
2825 3397 2908 3442 est
2953 3386 3214 3453 credere,
3263 3385 3408 3458 quod
3449 3385 3748 3458 aliquando

2146 3475 2288 3530 Deus
2318 3477 2436 3532 sine
2475 3492 2571 3532 sua
2618 3477 2780 3533 fuerit
2827 3480 3112 3548 sapientia.
3148 3478 3303 3535 Unde
3347 3477 3402 3534 et
3443 3480 3573 3550 quia
3623 3473 3750 3534 vere

2146 3572 2325 3640 genita
2356 3580 2441 3625 est
2469 3586 2497 3625 a
2530 3571 2643 3626 Deo
2673 3573 2968 3644 sapientia,
3000 3572 3214 3644 (idem)
3244 3572 3519 3628 exsistens
3547 3587 3744 3627 secun-

2147 3662 2277 3718 dum
2320 3665 2678 3719 substantiam
2707 3667 2852 3735 quod
2891 3677 2972 3720 est
3002 3666 3246 3736 genitor;
3279 3666 3537 3737 sapientia
3568 3676 3744 3719 autem

2149 3755 2266 3827 ipsa
2295 3754 2527 3811 Christus
2550 3768 2626 3812 est
2656 3755 2701 3826 (I
2722 3757 2867 3824 Con,
2895 3773 2934 3823 ι,
2954 3756 3048 3828 24)
3079 3757 3102 3811 ε’
3123 3765 3262 3826 ergo
3281 3753 3534 3813 Christus
3560 3757 3749 3828 quiest

2152 3849 2440 3918 sapientia,
2470 3865 2576 3904 non
2604 3857 2688 3904 est
2721 3848 3013 3918 adoptione
3059 3847 3197 3904 filius
3219 3891 3233 3916 ,
3261 3848 3360 3905 sed
3389 3851 3565 3908 verus
3584 3849 3743 3912 ﬁlius,

2153 3944 2423 4000 exsistens
2451 3943 2546 3998 Dei
2577 3945 2884 4014 progenies,
2913 3954 2966 3998 et
2995 3957 3100 3999 non
3129 3942 3357 4000 factura.

2751 4077 2980 4134 CAPUT
3021 4077 3132 4133 VlI.

2665 4189 2743 4244 De
2787 4190 2991 4261 Spiritu
3035 4199 3232 4245 sancto.

2228 4302 2270 4358 Ι.
2311 4302 2608 4360 Universas
2653 4317 2787 4374 quas
2830 4303 2899 4358 de
2949 4303 3109 4358 Patre
3153 4314 3209 4358 et
3257 4300 3399 4357 Filio
3445 4301 3743 4372 scripseras

2158 4397 2518 4467 quaestiones,
2553 4405 2716 4468 prout
2739 4397 2834 4451 Dei
2862 4397 3034 4466 gratia
3067 4397 3350 4467 praestitit,
3393 4396 3631 4452 arbitror
3658 4391 3749 4445 ab-

451 4496 594 4552 tura,
623 4487 712 4555 qui
744 4503 959 4554 semper
984 4499 1087 4545 est,
1123 4488 1296 4542 factus
1321 4497 1406 4542 est
1427 4499 1694 4552 susceptor
1719 4499 1765 4542 et
1793 4491 2053 4560 refugium
2078 4467 2140 4528 Β
2158 4491 2393 4546 solutas:
2427 4493 2469 4546 si
2504 4499 2680 4546 tamen
2723 4491 2826 4546 hoc
2869 4489 3012 4561 apud
3041 4499 3094 4546 te
3136 4505 3326 4545 verum
3351 4499 3466 4555 est,
3497 4499 3586 4562 tua
3621 4483 3742 4541 reli-

447 4579 505 4632 in
532 4580 613 4632 die
641 4577 986 4632 tribulationis
1018 4577 1250 4641 homini;
1291 4587 1346 4632 ut
1381 4585 1524 4646 qum!
1555 4579 1730 4633 factus
1759 4591 1842 4635 est
1872 4597 2050 4635 susce-

448 4681 568 4740 ptor
606 4682 654 4724 et
681 4670 938 4740 refugiunt
971 4671 1026 4722 in
1051 4670 1132 4722 die
1163 4668 1518 4722 tribulationis
1545 4671 1769 4733 homini,
1805 4672 2053 4728 videatur

453 4764 767 4824 conitilisse.
793 4761 934 4832 quod
961 4760 1130 4815 factus
1149 4768 1263 4823 est;
1296 4777 1403 4816 non
1435 4771 1613 4814 tamen
1639 4762 1762 4832 quia
1783 4775 2054 4832 susceptor

451 4867 497 4912 et
527 4855 783 4928 refugium
829 4853 1031 4907 homini
1079 4855 1248 4922 factus
1288 4862 1398 4916 est,
1453 4855 1616 4907 etiam
1653 4853 1793 4908 Deus
1835 4869 2052 4925 quoque

455 4943 662 5006 factura
692 4963 813 5004 esse
851 4945 1156 5001 credendus
1195 4954 1312 5008 est,
1356 4944 1510 5013 cujus
1539 4945 1720 5001 divina
1751 4948 2048 5002 substantia

456 5046 783 5114 sempiterna
815 5051 915 5096 est.
947 5038 1208 5094 Similiter
1234 5047 1288 5093 et
1319 5039 1586 5102 sapientia
1617 5041 1660 5093 si
1693 5051 1871 5096 creata
1902 5041 2051 5098 dica-

454 5152 580 5204 cur,
629 5153 734 5191 non
773 5144 952 5189 tamen
992 5141 1236 5187 creatura
1266 5142 1382 5199 est,
1414 5147 1532 5202 qua:
1563 5148 1776 5203 semper
1805 5146 1923 5190 est:
1957 5136 2052 5191 sed

456 5245 578 5284 cum
610 5229 842 5286 exsistat
883 5241 1100 5297 seraper
1123 5267 1138 5291 ,
1182 5237 1398 5281 creatur
1441 5226 1506 5282 ad
1535 5227 1736 5298 aliquid
1773 5238 1832 5285 ut
1860 5233 2052 5300 prosit,

460 5339 569 5378 non
612 5333 669 5378 ut
695 5331 943 5378 creatura
972 5320 1180 5374 dicatur
1209 5319 1365 5388 quasi
1409 5318 1578 5386 facta,
1625 5335 1746 5392 quae
1785 5337 1890 5377 non
1931 5324 2052 5377 fuit.

463 5416 593 5472 Erat
622 5417 766 5472 enim
797 5414 1177 5486 inseparabilis
1198 5430 1228 5468 a
1255 5415 1366 5470 Deo
1398 5415 1494 5470 Dei
1519 5417 1779 5487 sapientia
1810 5437 1822 5473 :
1852 5426 1906 5473 et
1937 5418 2054 5474 lucc

463 5509 578 5580 ipsa
618 5511 892 5567 exsistens
915 5508 1012 5563 Dei
1049 5507 1375 5579 sempiterna
1405 5510 1726 5581 progenies,
1771 5520 1950 5567 creata
1980 5523 2055 5567 est

462 5602 668 5658 initium
695 5603 895 5657 viarum
924 5601 1156 5658 Domini.
1670 5592 1677 5602 ’

540 5696 554 5726 ⁸
597 5695 729 5752 Nec.

2155 4584 2303 4653 giosa
2332 4584 2613 4654 prudentia
2636 4583 2902 4654 judicabit
2926 4599 2939 4636 :
2960 4582 3392 4651 quatnvisfatear
3421 4588 3474 4636 et
3502 4585 3742 4636 coarcta-

2154 4680 2306 4732 tione
2352 4679 2650 4747 tempOris,
2699 4686 2754 4733 et
2804 4678 2879 4733 rei
2927 4677 3294 4740 festinatione,
3327 4685 3382 4731 et
3431 4676 3558 4744 ipso'
3592 4669 3737 4728 arido

2153 4771 2366 4840 angusti
2411 4771 2516 4825 tnei
2561 4770 2828 4827 Sermonis
2870 4769 3121 4839 eloquio,
3169 4783 3408 4823 summas
3441 4767 3625 4821 earum
3659 4773 3738 4816 nte

2153 4863 2332 4932 potius
2355 4863 2598 4933 tetigisse
2619 4875 2776 4928 quam
2803 4860 3193 4931 plenitudinem
3219 4866 3559 4930 prosecutum
3576 4863 3603 4923 ;'
3619 4851 3735 4925 quia

2152 4971 2258 5008 non
2291 4957 2350 5009 ut
2398 4955 2630 5019 librum,
2679 4958 2818 5008 sicut
2865 4951 3121 5023 pra-dixi,
3173 4953 3416 5006 scribere
3446 4957 3732 5018 creperum.

2155 5048 2248 5104 sed
2275 5055 2333 5102 ιιι
2359 5050 2510 5118 quasi
2538 5048 2815 5117 cujusdam
2839 5045 3262 5103 abbreviationis
3285 5043 3351 5098 de
3371 5043 3474 5096 fide
3503 5038 3738 5111 quasdam

2157 5143 2360 5195 taxatio
2391 5144 2724 5210 signaretur;
2756 5142 2773 5172 ί
2821 5155 2888 5194 ne
2915 5139 2981 5194 ad
3022 5139 3125 5194 hoc
3154 5151 3241 5193 me
3271 5147 3362 5192 tua
3401 5136 3536 5191 mira
3577 5135 3737 5188 bene-

2154 5235 2394 5289 volentia
2426 5241 2776 5302 provocatum
2808 5232 3078 5286 intidelem
3109 5230 3386 5296 crederes,
3413 5227 3458 5283 si
3488 5231 3732 5282 taeerem.

2156 5327 2266 5382 Sed
2299 5342 2440 5381 nunc
2469 5326 2536 5382 de
2567 5332 2756 5380 sancto
2781 5323 3023 5394 Spiritu,
3057 5321 3170 5379 etsi
3189 5323 3455 5386 breviter,
3487 5315 3736 5374 conﬁten-

2157 5417 2284 5474 dum
2313 5430 2434 5473 est:
2472 5431 2536 5473 ne
2563 5418 2608 5472 si
2639 5427 2746 5472 non
2776 5415 2980 5488 aliquid
3013 5415 3077 5471 de
3107 5429 3172 5470 eo
3209 5412 3522 5485 specialiter
3546 5399 3742 5492 dixeri:

2157 5527 2308 5578 mus,
2336 5513 2624 5568 credamur
2651 5511 2905 5568 similiter
2947 5509 3359 5580 blasphemare,
3399 5504 3562 5562 sicuti
3588 5489 3735 5558 etilli

2163 5606 2254 5676 qui
2272 5606 2456 5662 dicunt
2476 5605 2625 5663 illum
2651 5621 2774 5664 esse
2793 5611 3120 5662 creaturam.
3151 5601 3368 5658 Horum
3385 5608 3565 5656 tamen
3586 5594 3733 5652 mira-
