3998 6350
255 281 324 333 77
1675 270 1764 331 DE
1802 270 2195 333 TRINITATE.

3501 287 3571 344 78

249 402 385 442 mur
438 385 740 453 insaniam,
786 387 930 458 quod
986 386 1150 456 impie
1198 385 1430 441 sentiant
1473 384 1544 441 de
1585 400 1651 442 eo
1704 402 1867 455 quem
1896 387 2214 455 Aobtinet,
2249 389 2336 457 qui
2376 388 2496 443 sine
2527 386 2679 444 initio
2707 396 2762 445 et
2806 390 2914 446 line
2942 392 3090 449 solus
3116 393 3274 452 Pater
3303 410 3564 465 vocatur;

257 491 520 536 sanctum
575 480 843 550 Spiritum
907 479 1250 535 conﬁtentur.
1316 476 1372 533 Si
1436 478 1579 532 enim
1635 478 1871 549 Spiritus

254 586 496 627 sanctus
540 583 656 635 est,
692 572 967 643 quomodo
1012 581 1256 627 creatura
1295 570 1413 624 est?
1455 585 1561 623 non
1601 572 1744 624 enim
1791 572 1869 626 sic

251 673 494 719 sanctus
515 674 621 729 est,
656 672 722 720 ut
748 667 962 731 caueri,
999 665 1090 735 qui
1113 665 1178 719 ad
1208 663 1382 717 sancti
1413 663 1733 718 vocabulum
1763 664 1871 720 fide

257 766 316 811 et
370 756 494 812 Deo
542 757 741 828 placita
793 758 1203 812 converSatione
1255 764 1416 826 atquc
1471 755 1639 824 ipsius
1694 757 1869 811 sancti

252 848 507 923 Spiritus
535 849 850 921 signatione
899 859 1162 906 venerunt
1197 869 1211 905 :
1244 850 1337 904 sed
1389 850 1503 919 ipse
1551 850 1869 905 naturaliter

254 959 489 1014 semper
535 952 759 999 sanctus
805 953 889 998 est
938 944 1044 1007 ita,
1090 953 1145 997 ut
1192 944 1329 997 alios
1378 942 1707 1007 sanetilicet,
1759 959 1869 1000 non

255 1046 445 1093 tamen
482 1048 541 1091 ut
568 1037 710 1107 ipse,
742 1037 894 1106 quasi
927 1046 985 1090 ut
1017 1037 1032 1067 ¹
1060 1036 1151 1105 qui
1180 1044 1305 1089 ante
1334 1050 1440 1090 non
1472 1035 1738 1102 habuerit,
1774 1052 1870 1090 ex-

252 1135 538 1189 trinsecus
583 1132 859 1202 acceperit
888 1131 1255 1188 sanctitatem.
1301 1130 1417 1185 Hoc
1458 1147 1654 1185 nomen
1694 1131 1869 1187 sancti

250 1226 329 1281 ita
363 1224 616 1296 possidet
645 1224 913 1293 Spiritus,
958 1234 1019 1279 ut
1067 1224 1306 1293 possidet
1354 1224 1511 1280 Pater
1555 1235 1611 1279 et
1654 1223 1865 1279 Filius:

256 1320 519 1390 possidet
565 1326 783 1382 autem,
836 1334 943 1372 non
994 1319 1109 1387 ipse
1154 1325 1246 1371 aut
1288 1317 1448 1372 Pater
1473 1319 1743 1372 exsistens
1772 1326 1868 1372 aut

252 1411 459 1478 Filius,
494 1411 590 1467 sed
618 1408 853 1483 Spiritus
883 1411 999 1467 Dei.
1042 1411 1099 1467 Si
1125 1420 1309 1467 autem
1341 1410 1581 1482 Spiritus
1610 1412 1703 1468 Dei
1732 1412 1866 1467 dici-

251 1511 344 1559 tur
366 1546 380 1570 ,
411 1516 522 1558 non
555 1512 613 1557 ut
644 1500 871 1574 angelus
902 1500 1035 1569 Dei,
1072 1518 1246 1572 neque
1277 1512 1334 1558 ut
1380 1503 1542 1558 homo
1571 1502 1698 1568 Dei,
1731 1519 1866 1571 quo-

254 1614 380 1654 rum
448 1608 643 1653 natura
701 1610 730 1652 a
780 1596 959 1652 divina
1032 1598 1335 1653 substantia
1407 1598 1866 1653 lnmstimabiliter

255 1692 496 1748 discreta
524 1701 640 1756 est;
671 1688 766 1746 sed
797 1690 876 1745 sic
905 1697 988 1745 est
1019 1689 1251 1759 Spiritus
1280 1690 1395 1757 Dei,
1430 1701 1485 1745 ut
1514 1692 1585 1745 sit
1614 1691 1858 1760 ejusdem

1974 478 2047 533 ita
2074 479 2435 547 intelligamus
2461 489 2515 534 et
2542 496 2726 536 verum
2757 484 3073 540 vocabulum
3104 487 3226 543 Filii
3257 490 3373 545 Dei.
3405 493 3564 562 Apud

1973 569 2218 624 homines
2258 572 2400 626 enim
2433 574 2522 641 qui
2555 573 2699 627 ﬁlius
2739 584 2844 642 est,
2874 579 3037 647 coepit
3064 595 3185 635 esse
3230 583 3375 652 quod
3421 586 3565 641 lilius

1970 673 2074 730 est,
2106 674 2161 719 et
2184 676 2358 721 morte
2385 667 2551 736 patris
2575 668 2771 722 amittit
2799 668 2903 725 hoc
2919 674 3255 730 vocabulum.
3282 676 3560 749 Frequen-

1971 764 2054 810 ter
2082 764 2260 811 autem
2290 767 2345 812 et
2373 759 2442 813 de
2484 758 2576 813 ﬁlii
2621 762 2883 816 vocabulo
2923 766 3113 820 transit
3158 768 3211 822 in
3241 771 3563 827 vocabulum

1972 849 2161 916 patris,
2192 864 2314 903 cum
2344 852 2592 919 genuerit
2628 850 2797 906 lilium
2825 870 2838 906 :
2872 870 2978 909 non
3010 869 3093 912 est
3120 874 3248 929 ergo
3280 866 3563 931 pr0prinm

1970 951 2025 998 et
2071 957 2254 997 verum
2304 945 2625 1000 vocabulum
2678 945 2772 1001 lilii
2823 948 2874 1002 in
2906 963 3191 1020 creatura,
3222 956 3312 1022 qui
3343 965 3396 1009 et
3438 972 3563 1012 esse

1968 1036 2134 1104 coepit
2160 1036 2323 1102 illius,
2356 1045 2408 1092 et
2436 1046 2618 1107 potest
2640 1039 2742 1092 hoc
2768 1041 3087 1097 vocabulum
3110 1060 3214 1099 non
3243 1046 3443 1103 habere
3474 1048 3562 1103 vel

1968 1131 2137 1198 patris
2157 1145 2371 1197 occasu,
2400 1133 2483 1185 vel
2512 1147 2635 1187 cum
2665 1133 2804 1186 idem
2829 1134 2944 1203 ipse
2976 1137 3291 1193 transfertur
3319 1142 3372 1195 in
3400 1157 3562 1197 voca-

1968 1221 2154 1283 bulum
2213 1225 2412 1292 patris,
2474 1225 2634 1280 etiam
2686 1233 2815 1281 ante
2865 1242 3025 1297 quam
3076 1232 3316 1285 conditio
3370 1235 3560 1289 mortis

1967 1316 2234 1372 obveniat.
2253 1318 2413 1374 Solus
2434 1330 2611 1373 autent
2627 1318 2795 1374 Filius
2809 1320 2903 1375 Dei
2929 1336 3086 1378 verus
3108 1333 3191 1378 est
3221 1324 3387 1389 ﬁlius,
3413 1327 3560 1381 etsi.

1966 1419 2115 1465 stens
2147 1412 2248 1465 hoc
2278 1410 2399 1466 sine
2438 1412 2590 1466 initio
2612 1454 2627 1478 ,
2672 1413 2788 1468 sine
2817 1412 2954 1481 line,
2985 1429 3198 1484 semper
3230 1415 3433 1473 habens
3456 1417 3561 1472 Pa-

1966 1510 2127 1571 trem,
2158 1512 2213 1559 et
2243 1520 2534 1575 numquam
2564 1506 2701 1574 ipse,
2728 1514 2792 1560 ut
2818 1514 2902 1561 est
2934 1509 3264 1578 unigenitus,
3294 1525 3561 1580 generans

1965 1597 2160 1666 accipit
2182 1600 2503 1654 vocabulum
2527 1601 2713 1669 patris.
2746 1600 2898 1655 Unde
2920 1611 2973 1656 et
2994 1605 3270 1673 proprium
3299 1612 3351 1658 et
3374 1621 3560 1661 verum

1968 1688 2289 1743 vocabulum
2322 1690 2416 1743 lilii
2440 1691 2491 1743 in
2515 1691 2630 1746 solo
2653 1690 3016 1757 FilioDeiest,
3044 1694 3247 1749 habens
3274 1695 3376 1750 hoc
3399 1707 3559 1751 natu-

262 1785 584 1840 substantiac
608 1799 731 1838 cum
762 1783 923 1837 Patre
949 1790 1004 1838 et
1028 1782 1168 1837 Filio
1193 1800 1206 1836 :
1240 1784 1364 1850 quia
1387 1792 1442 1837 et
1470 1798 1574 1836 una
1598 1781 1858 1839 sanctitas
1886 1776 1935 1836 B
1963 1780 2151 1835 raliter
2172 1821 2187 1845 ,
2234 1782 2377 1837 sicut
2412 1790 2468 1837 et
2497 1784 2814 1838 naturaliter
2840 1799 2999 1839 verus
3028 1784 3170 1841 Deus
3200 1794 3306 1841 est.
3341 1787 3398 1843 Si
3428 1803 3559 1857 ergo

266 1889 350 1935 est
380 1879 557 1933 Patris
580 1886 633 1933 et
652 1876 769 1933 Filii
811 1887 866 1933 et
891 1877 1125 1947 Spiritus
1169 1878 1342 1931 sancti
1373 1896 1386 1931 :
1420 1878 1855 1948 Quandoquidem

266 1970 412 2025 idem
437 1970 666 2040 Spiritus
692 1977 907 2025 sanctus
935 1984 1108 2038 nsque
1129 1970 1268 2023 adeo
1296 1984 1422 2025 vere
1452 1978 1507 2025 et
1537 1971 1860 2025 naturaliter

260 2074 484 2119 Sanctus
513 2073 626 2130 est,
661 2070 715 2119 ut
745 2062 850 2117 hoc
876 2063 925 2119 ei
958 2063 1280 2118 naturaliter
1300 2074 1354 2117 et
1384 2078 1569 2118 verum
1600 2065 1671 2117 sit
1702 2078 1860 2118 voca-

258 2156 467 2210 bulum.
504 2153 726 2210 lntende
756 2155 898 2208 enim
932 2154 998 2208 ad
1043 2155 1206 2209 verba
1247 2152 1547 2209 Salvatoris
1586 2154 1855 2208 dicentis:

254 2244 454 2301 Euntes
494 2263 615 2317 ergo
663 2263 828 2313 nunc,
862 2247 1035 2301 docete
1080 2262 1256 2300 omnes
1298 2257 1502 2316 gentes,
1540 2245 1858 2317 baptizatum

251 2359 335 2397 eos
363 2342 417 2395 in
444 2343 651 2395 nomine
684 2340 859 2396 Patris
884 2352 929 2395 et
957 2340 1083 2396 Filii
1106 2353 1151 2395 et
1166 2342 1395 2413 Spiritus
1420 2341 1854 2412 Sancti(.ilatth.,

250 2448 443 2499 xwm,
474 2433 589 2505 19).
620 2434 773 2489 Sicut
801 2436 944 2490 enim
976 2451 1162 2489 verum
1199 2436 1517 2490 vocabulum
1540 2445 1622 2491 est
1653 2436 1855 2503 Patris,

251 2540 304 2583 et
335 2544 526 2582 verum
568 2528 897 2584 vocabulum
944 2528 1067 2583 Filii
1102 2539 1214 2594 est;
1249 2530 1319 2583 ita
1366 2544 1550 2583 verum
1582 2540 1666 2585 est
1698 2544 1857 2584 voca-

249 2620 435 2675 bulum
469 2620 710 2691 Spiritus
755 2622 945 2677 sancti.
983 2621 1045 2676 Et
1080 2622 1354 2692 quomodo
1395 2637 1581 2677 verum
1614 2621 1852 2677 vocabu-

248 2712 361 2768 lum
395 2713 576 2769 Patris
606 2713 820 2769 dicatur
842 2758 857 2781 ,
901 2716 1041 2769 scire
1072 2715 1404 2784 poterimus,
1440 2716 1484 2769 si
1512 2714 1857 2770 animadver-

249 2816 423 2862 tamus
455 2808 739 2876 qnomodo
771 2822 930 2861 verus
956 2807 1102 2863 Deus
1130 2808 1363 2862 dicatur.

319 2900 384 2954 ll.
430 2900 587 2953 Multi
621 2899 878 2954 dicuntur
905 2900 1015 2965 dii,
1062 2900 1156 2954 sed
1198 2914 1304 2953 non
1337 2909 1461 2955 sunt
1494 2915 1620 2954 vere
1650 2899 1757 2964 dii;
1800 2908 1858 2955 et
1890 2902 1907 2921 '

250 3003 400 3047 taceo
427 3008 577 3046 nunc
606 2992 675 3047 de
703 3004 887 3046 satana
917 3009 979 3046 ac
1009 2994 1294 3047 dmmoniis
1322 3008 1621 3062 eorumque
1662 2991 1856 3047 simili-

248 3086 345 3141 bus
366 3127 380 3148 ,
414 3085 507 3153 qui
550 3086 907 3152 usurpatione
938 3083 1097 3153 impia
1128 3083 1201 3138 dii
1233 3093 1515 3139 vocantur.
1558 3084 1694 3138 Dicti
1728 3093 1853 3138 sunt

1962 1875 2315 1944 cognovimus
2341 1874 2614 1944 quomodo
2637 1876 2910 1946 preprium
2941 1887 2995 1933 et
3025 1892 3212 1934 verum
3235 1880 3556 1934 vocabulum

1963 1967 2130 2036 patris
2171 1975 2253 2023 est
2274 2010 2286 2032 ,
2318 1977 2371 2023 et
2408 1969 2681 2040 quomodo
2714 1973 2990 2040 proprium
3021 1980 3077 2028 et
3105 1987 3294 2028 verum
3325 1974 3559 2029 vocabu-

1962 2056 2069 2110 lum
2102 2058 2196 2112 lilii
2224 2067 2339 2125 est;
2388 2061 2655 2130 sequitur,
2680 2070 2739 2114 ut
2769 2061 3131 2132 intelligamus
3158 2065 3250 2127 ita,
3284 2065 3558 2135 quomodo

1961 2151 2237 2218 pr0priutn
2267 2162 2323 2205 et
2356 2167 2541 2207 verum
2570 2154 2892 2208 vocabulum
2923 2167 3004 2211 est
3030 2156 3266 2226 Spiritus
3296 2161 3491 2212 sancti.

2031 2240 2118 2295 ΙΙΙ.
2163 2242 2382 2298 Scilicet
2408 2260 2529 2297 cum
2558 2244 2659 2300 hoc
2698 2244 2874 2314 ipsum
2901 2257 2985 2301 est
3035 2250 3355 2304 naturaliter
3384 2249 3559 2319 Spiri-

1962 2341 2047 2387 tus
2077 2343 2296 2388 sanctus
2322 2376 2336 2401 ,
2367 2336 2486 2389 sine
2527 2336 2681 2390 initio
2703 2377 2718 2398 ,
2751 2338 2869 2393 sine
2911 2338 3052 2405 line;
3086 2356 3377 2409 numquam
3407 2343 3556 2397 enim

1959 2438 2028 2479 ex
2085 2440 2238 2495 atque
2285 2427 2523 2481 nominis
2573 2430 2896 2484 auctoritate
2953 2446 3074 2485 cum
3126 2432 3299 2487 Patris
3340 2445 3395 2487 et
3434 2434 3556 2489 Filii

1959 2518 2103 2570 veris
2130 2518 2410 2572 vocabulis
2453 2519 2629 2574 sancti
2671 2520 2907 2590 Spiritus
2933 2524 3253 2578 vocabulum
3292 2524 3554 2595 jungere-

1959 2617 2045 2663 tur
2068 2648 2082 2674 ,
2119 2609 2165 2663 si
2196 2625 2304 2665 non
2358 2619 2416 2666 et
2444 2614 2615 2665 sancti
2644 2612 2877 2682 Spiritus
2925 2615 3207 2684 proprium
3255 2631 3556 2687 verumque

1959 2701 2287 2756 vocabulum
2341 2703 2683 2771 probaretur.
2733 2704 2790 2759 Si
2824 2719 2953 2775 ergo
2982 2705 3086 2760 hoc
3111 2707 3160 2761 ei
3192 2710 3475 2777 proprium
3500 2720 3556 2765 et

1960 2810 2151 2849 verum
2176 2802 2232 2850 et
2258 2797 2579 2852 naturaliter
2601 2839 2615 2864 ,
2648 2798 2766 2853 sine
2807 2800 2963 2854 initio
3000 2809 3054 2854 et
3086 2800 3194 2857 line
3227 2803 3553 2859 vocabulum

1957 2894 2081 2951 est;
2135 2902 2242 2940 non
2276 2898 2359 2941 est
2393 2888 2554 2956 igitur
2604 2900 2854 2943 creatura
2889 2890 3123 2960 Spiritus
3163 2906 3387 2947 saueius
3415 2936 3429 2959 ,
3459 2893 3554 2966 qui

1958 2977 2034 3030 ita
2072 2979 2349 3047 preprium
2395 2988 2450 3033 et
2494 2996 2684 3035 verum
2736 2983 3061 3038 vocabulum
3108 2987 3279 3041 sancti
3313 2987 3550 3056 Spiritus

1959 3066 2147 3135 habet,
2173 3069 2312 3123 sicut
2336 3070 2481 3123 nulla
2513 3080 2688 3141 potest
2709 3071 2911 3129 habere
2931 3087 3200 3131 creatura.
3224 3078 3330 3133 Sed
3360 3088 3554 3134 etcum

248 3178 464 3247 quidem
497 3187 556 3233 et
593 3178 843 3232 homines
870 3178 941 3231 dii
975 3178 1270 3232 secundum
1304 3179 1403 3232 hoc
1438 3179 1841 3232 testimonium:

1957 3154 2198 3230 praecipit
2239 3160 2528 3228 Dominus,
2589 3172 2646 3216 ut
2688 3176 2879 3233 gentes
2921 3166 2971 3218 in
3020 3169 3236 3222 nomine
3284 3170 3463 3225 Patris
3491 3179 3548 3225 et

247 3270 359 3341 Ego
386 3272 497 3325 dixi
524 3287 543 3324 :
574 3270 645 3323 dii
666 3271 804 3333 estis,
829 3281 873 3322 et
904 3271 1002 3340 ﬁlii
1026 3268 1235 3324 Επειδὶ
1259 3288 1432 3324 omnes
1459 3266 1639 3341 (I’sal.
1658 3286 1843 3336 LXXXI,

250 3362 304 3433 6)
330 3381 341 3416 :
375 3363 469 3419 sed
502 3379 669 3433 quam
700 3378 804 3417 non
836 3379 963 3417 vere
995 3364 1097 3416 sint
1122 3362 1229 3429 dii,
1262 3363 1643 3432 subsequentia
1675 3362 1847 3416 inani-

247 3456 461 3521 iestant,
488 3472 616 3527 qua:
647 3455 722 3509 ita
752 3470 810 3509 se
840 3452 1040 3508 habent
1076 3472 1087 3507 :
1128 3453 1230 3507 Vos
1257 3467 1426 3507 autem
1457 3453 1586 3507 sicut
1617 3453 1847 3507 homines

249 3548 558 3610 moriemini,
593 3555 637 3600 et
662 3548 792 3601 sicut
817 3563 946 3600 unus
977 3546 1039 3600 de
1072 3546 1390 3618 principibus
1420 3546 1615 3599 cadetis
1652 3544 1842 3612 (lbid.,

250 3639 337 3712 7).
383 3638 442 3697 Si
489 3656 627 3711 ergo
673 3641 763 3695 ubi
807 3636 1037 3710 quilibet
1078 3639 1280 3705 sancti,
1312 3638 1384 3695 dii
1417 3651 1710 3705 vocantur;
1742 3639 1845 3695 hoc

246 3733 350 3788 illis
380 3735 464 3804 pie:
490 3743 546 3788 et
577 3749 699 3788 cum
723 3733 932 3801 justitia
961 3733 1266 3787 viventibus
1296 3748 1361 3787 ex
1392 3733 1484 3787 Dei
1511 3734 1681 3803 gratia
1722 3748 1845 3801 pro-

247 3828 417 3890 venit,
451 3824 693 3881 maxime
738 3841 859 3879 cum
893 3826 945 3879 in
988 3827 1067 3880 eis
1096 3826 1329 3893 Spiritus
1371 3836 1591 3880 sanctus
1627 3825 1841 3880 inhabi-

246 3924 349 3985 tet;
374 3917 443 3974 de
469 3934 583 3990 quo
607 3914 823 3989 quidem
851 3918 1118 3973 vocabulo
1140 3918 1424 3985 excidunt,
1451 3920 1493 3972 si
1525 3934 1630 3973 non
1652 3920 1843 3974 ambu—

246 4010 353 4066 lare
401 4011 455 4065 in
507 4011 613 4065 viis
665 4011 878 4064 Domini
932 4019 1332 4080 perseverent:
1389 4024 1548 4064 nemo
1595 4025 1724 4080 ergo
1774 4011 1842 4065 de

246 4102 504 4158 creaturis
535 4116 700 4157 verus
728 4111 811 4157 est
834 4104 992 4166 Deus,
1019 4104 1142 4171 quia
1168 4118 1325 4157 nemo
1357 4103 1677 4156 naturaliter
1702 4102 1841 4156 Deus

245 4203 342 4248 est.
390 4195 557 4249 Solus
598 4202 777 4248 autem
830 4195 972 4249 Deus
1004 4196 1323 4248 naturaliter
1355 4208 1516 4249 verus
1564 4196 1702 4249 Deus
1735 4203 1836 4262 est,

246 4282 346 4342 hoc
391 4289 573 4355 ipsum
626 4290 893 4342 cxsistens
939 4288 1057 4343 sine
1104 4287 1259 4341 initio
1305 4296 1360 4342 et
1403 4289 1527 4341 line.
1564 4288 1665 4341 Per
1702 4287 1839 4341 hanc

245 4392 384 4435 nunc
429 4380 551 4436 veri
590 4381 682 4435 Dei
732 4380 1145 4450 intelligentiam
1179 4380 1540 4449 intelligamus
1566 4390 1617 4433 et
1650 4394 1835 4433 verum

246 4475 563 4531 vocabulum
597 4473 784 4543 patris.
828 4472 985 4543 Apud
1030 4473 1276 4526 homines
1313 4471 1506 4526 exinde
1542 4482 1688 4540 pater
1718 4474 1837 4542 quis

1954 3249 2079 3305 Filii
2109 3261 2161 3304 et
2207 3250 2439 3320 Spiritus
2490 3250 2662 3307 sancti
2710 3253 3087 3323 baptizentur;
3144 3261 3546 3328 apertissimum

1957 3350 2041 3395 est
2088 3341 2347 3411 Spiritum
2384 3356 2632 3399 sanctum
2679 3362 2784 3399 non
2814 3362 2935 3402 esse
2964 3360 3265 3403 creaturam
3293 3392 3307 3417 ,
3343 3353 3424 3406 vel
3470 3368 3542 3408 ex

1951 3435 2065 3504 ipsa
2091 3435 2348 3491 societate
2377 3452 2500 3507 qua:
2528 3437 2605 3492 illi
2637 3452 2740 3492 una
2784 3452 2905 3493 cum
2940 3437 3099 3497 Patre
3146 3454 3200 3497 et
3230 3444 3367 3500 Filio
3411 3456 3532 3512 est;

1951 3528 2033 3582 vel
2067 3528 2211 3598 quod
2287 3545 2579 3599 numquam
2640 3532 2957 3601 praeciperet
3016 3533 3317 3604 Dominus,
3368 3548 3423 3591 ut
3489 3540 3541 3593 in

1953 3631 2218 3676 creatura:
2235 3623 2456 3678 nomine
2475 3624 2671 3693 aliquis
2694 3622 3063 3694 baptizaretur
3090 3645 3105 3684 :
3132 3630 3361 3684 multum
3397 3633 3541 3687 enim

1948 3716 2144 3771 divina
2178 3717 2434 3785 potentiae
2464 3718 2841 3788 derogaretur,
2866 3718 2912 3773 si
2935 3735 3054 3774 cum
3078 3721 3422 3778 confessione
3454 3724 3536 3779 di-

1947 3808 2055 3862 vini
2101 3809 2335 3863 nominis
2362 3824 2454 3877 par
2482 3825 2697 3880 quoque
2726 3822 2989 3865 creatura:
3012 3813 3283 3869 confeSsio
3308 3833 3536 3885 ponere-

1947 3913 2053 3958 tur.
2098 3902 2165 3957 Et
2212 3903 2389 3968 bene,
2439 3904 2580 3971 quod
2626 3920 2788 3958 unum
2843 3921 3039 3959 nomen
3090 3910 3266 3975 posuit
3296 3909 3527 3967 dicens:

1946 3993 2011 4047 In
2048 3996 2253 4048 nomine
2283 3992 2461 4049 Patris
2496 4004 2542 4048 et
2574 3994 2702 4049 Filii
2742 4006 2787 4050 et
2819 3996 3049 4063 Spiritus
3092 4002 3291 4067 sancti;
3332 4013 3389 4058 ut
3429 4021 3534 4059 una

1944 4089 2262 4160 principalis
2290 4088 2585 4143 auctoritas
2627 4089 2945 4145 crederetur
2973 4092 3315 4150 indivisibilis
3337 4109 3390 4151 et
3415 4113 3536 4167 per.

1944 4182 2100 4236 fectu!
2123 4181 2425 4235 Trinitatis.
2467 4181 2753 4247 Quomodo
2798 4184 2945 4237 enim
2981 4184 3212 4253 Spiritus
3240 4199 3465 4243 sanctus
3505 4206 3539 4248 a

1945 4275 2233 4344 principali
2265 4276 2595 4328 auctoritate
2626 4274 2899 4330 discretus
2922 4291 3043 4330 esse
3070 4279 3347 4344 credatur,
3372 4298 3541 4350 quan-

1942 4365 2013 4419 do
2044 4365 2112 4419 de
2140 4366 2259 4435 ipso
2287 4365 2552 4434 scriptum
2583 4366 2812 4435 legimus
2840 4366 2891 4418 in
2914 4367 3361 4437 quinquagesimo
3389 4374 3542 4429 l’sal.

1942 4474 2033 4514 mo
2059 4477 2071 4513 :
2101 4459 2169 4513 Et
2200 4460 2387 4529 spiritu
2413 4458 2694 4529 principali
2720 4460 2971 4528 conﬁrma
2994 4478 3073 4515 me
3104 4461 3276 4533 (Psal.
3308 4481 3363 4531 ι,
3406 4467 3540 4538 ﬂ)?

244 4565 458 4632 dicitur,
492 4582 556 4622 ex
584 4581 691 4636 quo
714 4567 901 4637 genuit
929 4565 1097 4620 lilium
1122 4581 1135 4622 :
1168 4564 1261 4620 sed
1294 4564 1419 4619 licet
1452 4578 1515 4619 ex
1548 4578 1608 4619 se
1635 4558 1837 4633 genue-
1866 4554 1920 4615 D
1949 4553 2086 4621 Ενεο
2114 4561 2167 4605 ει
2208 4566 2305 4621 μεν
2334 4554 2433 4605 ιιοθ
2459 4549 2769 4605 οειεηάίῑιιτ
2795 4592 2810 4616 ν
2842 4553 2984 4619 «ιιιοά
3020 4571 3124 4609 υηθ
3155 4567 3235 4609 εει
3270 4561 3542 4629 Primitia-

246 4658 311 4713 rit
339 4658 539 4727 lilium,
580 4671 755 4715 tamen
808 4675 914 4714 non
960 4660 1175 4729 proprie
1217 4674 1375 4713 verus
1417 4664 1501 4713 est
1548 4666 1717 4726 pater,
1749 4656 1834 4711 cui

246 4754 469 4808 accessit
498 4753 605 4809 hoc
632 4752 979 4819 vocabulum,
1010 4760 1064 4807 et
1092 4751 1193 4805 hoc
1220 4752 1389 4819 ipsum
1418 4764 1447 4805 a
1482 4750 1593 4804 Deo
1627 4750 1837 4819 prmsti-

248 4850 353 4897 tum
381 4862 395 4899 :
420 4846 441 4875 ’
473 4844 566 4914 qui
588 4844 829 4915 'quidem
876 4854 930 4900 ct
975 4856 1080 4899 tam
1113 4843 1203 4899 diu
1234 4853 1389 4914 pater
1415 4841 1645 4910 dicitur,
1675 4856 1834 4911 quam

246 4934 330 4989 diu
358 4937 477 5007 ejus
497 4939 630 4993 vivit
661 4939 821 4993 ﬁlius.
848 4938 1001 4994 Sicut
1028 4939 1172 4994 enim
1204 4948 1331 4992 nato
1357 4954 1421 4993 ex
1444 4952 1503 4992 se
1534 4937 1644 4990 lilio
1673 4951 1834 4990 voca-

248 5028 425 5083 bulum
446 5031 613 5101 patris
642 5032 865 5101 adeptus
892 5041 996 5098 est,
1018 5033 1087 5086 ita
1110 5040 1165 5087 et
1190 5038 1365 5087 morte
1393 5030 1486 5084 lilii
1515 5028 1833 5084 vocabulum

246 5123 413 5189 patris
459 5124 679 5178 amittit.
726 5123 870 5179 Deus
900 5133 1078 5179 autem
1124 5124 1275 5178 solus
1319 5122 1536 5192 proprie
1565 5134 1726 5176 verus
1754 5125 1837 5173 est

249 5210 437 5281 Pater,
471 5217 561 5284 qui
610 5217 727 5270 sine
757 5215 910 5269 initio
946 5226 998 5270 et
1044 5215 1155 5269 {ine
1202 5214 1365 5269 Pater
1408 5223 1511 5268 est.
1545 5212 1661 5266 Non
1693 5211 1838 5265 enim

248 5302 532 5373 aliquando
560 5308 725 5376 ctepit
764 5322 884 5362 esse
933 5307 1075 5377 quod
1122 5306 1282 5359 Pater
1320 5314 1434 5370 est;
1484 5304 1577 5359 sed
1624 5317 1843 5370 semper

249 5394 406 5453 Pater
449 5410 561 5468 est,
608 5417 824 5472 semper
863 5398 1066 5455 babens
1112 5400 1307 5454 Filium
1355 5415 1421 5453 ex
1466 5414 1525 5453 se
1569 5398 1837 5467 genitura;

252 5488 384 5544 sicut
414 5501 469 5547 et
501 5509 719 5564 semper
761 5508 922 5549 verus
962 5503 1047 5547 est
1090 5494 1265 5558 Deus,
1307 5492 1424 5547 sine
1468 5492 1625 5546 initio
1651 5499 1704 5546 et
1735 5488 1841 5544 line

252 5596 628 5651 perseverans.
677 5586 821 5659 Ergo
852 5586 994 5643 sicut
1042 5584 1365 5640 vocabulum
1398 5583 1514 5640 veri
1545 5582 1642 5638 Dei
1690 5580 1840 5638 solus

1945 4644 2067 4697 litas
2097 4642 2273 4697 Patris
2303 4652 2354 4696 et
2386 4641 2512 4696 Filii
2555 4652 2608 4697 et
2648 4641 2883 4712 Spiritus
2914 4646 3086 4699 sancti
3119 4664 3132 4701 :
3172 4648 3438 4717 siquidem
3485 4662 3541 4708 et

1942 4736 1997 4791 in
2020 4739 2167 4791 omni
2200 4736 2516 4790 conditione
2541 4736 2684 4790 Patri
2711 4746 2765 4790 et
2792 4736 2932 4791 Filio
2962 4752 3193 4795 consors
3234 4744 3535 4803 invenitur.

1943 4830 2145 4899 Accipe
2172 4831 2388 4885 interim
2414 4829 2497 4884 vel
2527 4844 2690 4883 unum
2718 4831 3083 4886 testimonium
3111 4852 3125 4888 :
3169 4833 3329 4889 Verbo
3356 4836 3537 4891 Domi.

1943 4928 1997 4979 ni
2034 4923 2147 4979 caeli
2175 4924 2368 4994 ﬁrmati
2418 4933 2558 4987 sunt,
2587 4932 2634 4976 et
2656 4922 2843 4989 spiritu
2885 4925 2990 4977 oris
3026 4928 3135 4997 ejus
3180 4929 3345 4981 omnis
3375 4931 3537 4984 virtus

1943 5034 2119 5072 eorum
2159 5015 2331 5087 (Psal.
2369 5030 2538 5081 mut,
2571 5014 2649 5085 6).
2682 5015 2747 5068 Et
2786 5030 2882 5085 per
2913 5015 3015 5070 hoc
3056 5033 3185 5086 ergo
3226 5020 3533 5075 ostenditur

1944 5113 2204 5181 Spiritum
2230 5118 2476 5164 sanctum
2510 5126 2614 5162 non
2644 5123 2766 5163 esse
2798 5120 3101 5163 creaturam
3136 5128 3149 5163 :
3186 5110 3451 5177 siquidem
3476 5121 3532 5166 et

1941 5206 2060 5276 ipse
2086 5220 2209 5258 cum
2233 5203 2393 5257 Patre
2426 5212 2477 5255 et
2510 5200 2644 5257 Filio
2684 5199 2931 5254 conditor
2959 5201 3309 5268 approbatur.
3346 5201 3531 5257 Dicam

1942 5300 2100 5368 plene
2147 5305 2201 5350 et
2243 5295 2454 5355 Deum,
2510 5303 2559 5345 et
2610 5291 2893 5345 Dominum
2924 5290 3182 5359 Spiritum
3238 5304 3484 5346 sanctum
3516 5333 3532 5358 ,

1942 5393 2133 5447 doctus
2181 5390 2202 5419 ⁸
2244 5402 2273 5441 a
2331 5383 2629 5453 majoribus
2691 5382 3074 5437 ecclesiasticis
3120 5381 3288 5446 viris,
3337 5384 3429 5453 qui
3476 5396 3531 5441 et

1943 5486 2046 5556 ipsi
2074 5482 2380 5539 testimonia
2412 5477 2817 5546 Scripturarnm
2861 5475 3168 5529 divinarum
3201 5475 3347 5541 prius
3376 5492 3406 5531 a
3452 5480 3534 5533 vi-

1945 5581 2023 5636 ris
2044 5574 2307 5648 apostolis
2335 5570 2532 5626 eruditi
2560 5610 2573 5636 ,
2614 5568 2726 5623 suis
2757 5566 2991 5637 posteris
3030 5564 3390 5623 tradiderunt.
3426 5569 3534 5627 Ex-

2018 5694 2039 5726 ³
2077 5687 2422 5747 Amatoribus.
