3998 6346
453 238 520 294 79
1592 229 1911 290 FAUSTINI
1951 229 2036 286 PR
2046 228 2386 289 ESBYTERI
2423 227 2640 286 FIDES.
3678 229 3748 286 80

375 341 382 350 ’
447 367 711 425 sequerer
731 360 787 410 et
815 366 918 424 ego
956 351 1171 423 singula
1198 349 1288 404 illa
1317 362 1548 422 quaeque
1575 353 1907 418 testimonia,
1940 352 2044 408 nisi
2075 373 2124 431 Α
2149 352 2359 408 Viderit
2387 351 2435 406 si
2480 351 2601 422 quis
2650 355 2803 420 putat
2843 361 2905 403 se
2949 346 3018 402 de
3048 361 3238 403 eorum
3285 346 3551 405 societate
3593 361 3746 404 reum

451 445 596 515 apud
621 446 858 503 animam
889 444 1100 499 fidelem
1128 443 1195 497 de
1225 443 1310 496 liis
1335 458 1553 514 quoque
1579 460 1699 514 quin
1721 461 1884 513 supra
1913 445 2042 500 bre-

446 538 589 594 viter
618 539 863 592 intimata
905 545 1050 600 sunt,
1085 535 1257 590 sancti
1283 535 1517 602 Spiritus
1555 536 1810 591 divinitas
1861 538 2045 592 eluce—

451 639 536 686 ret
566 649 581 684 :
613 631 847 685 maxime
876 629 1000 698 quia
1031 637 1086 683 et
1109 644 1250 683 nunc
1296 627 1425 682 mihi
1459 645 1566 683 non
1609 638 1719 684 tam
1749 629 2045 698 disputatio

449 722 518 779 de
544 722 748 793 Spiritu
779 729 967 776 sant-to
995 721 1272 790 proposita
1315 731 1395 775 est
1419 762 1434 786 ,
1461 737 1621 792 quam
1650 730 1708 776 ut
1752 721 1821 776 de
1861 721 2046 775 divino

448 814 572 884 ejus
604 814 822 868 nomine
870 813 956 882 pia
1002 813 1649 883 confessiorsignarelur.
1703 813 1816 869 Hoc
1863 824 2045 868 tamen

443 905 514 960 ad
543 904 924 972 compendium
953 905 1246 975 probanda:
1273 904 1572 959 divinitatis
1616 905 1736 976 ejus
1774 906 2001 960 subdam
2029 948 2044 973 ,

442 996 586 1066 quod
617 999 780 1052 etiam
815 1012 915 1067 per
954 998 1059 1053 hoc
1108 998 1284 1068 ipsum
1333 998 1477 1053 Deus
1522 999 1783 1068 probatur
1813 999 2048 1069 Spiritus

442 1099 692 1152 sanctus,
730 1104 825 1157 per
863 1089 1010 1160 quod
1059 1088 1363 1144 ostenditur
1437 1103 1543 1143 non
1596 1104 1716 1145 esse
1768 1104 2042 1146 creatura.

439 1179 614 1237 Omne
641 1184 786 1238 enim
816 1182 960 1252 quod
991 1191 1096 1250 est,
1129 1183 1494 1239 autdivinitas
1515 1193 1616 1246 est.
1645 1196 1737 1239 aut
1763 1197 2042 1241 creatura:

438 1275 535 1332 sed
565 1275 802 1346 Spiritus
832 1285 1052 1331 sanctus
1100 1275 1202 1331 lioc
1251 1277 1427 1346 ipsum
1459 1278 1752 1344 exsistens,
1793 1278 1914 1334 sine
1946 1278 2048 1332 ini—

443 1369 522 1423 tio
547 1377 604 1424 et
633 1369 772 1432 fine.
802 1385 908 1424 non
937 1380 1022 1424 est
1052 1380 1300 1427 creatura
1334 1388 1348 1425 :
1389 1385 1520 1441 ergo
1546 1371 1781 1439 Spiritus
1823 1381 2045 1427 sanctus

435 1475 528 1516 res
567 1469 653 1515 est
697 1460 1031 1528 divinitatis,
1062 1462 1186 1532 quia
1221 1462 1655 1530 incorruptibilis
1691 1476 1747 1519 et
1792 1463 2043 1520 indemn-

441 1551 623 1607 tabilis
655 1561 708 1607 et
727 1553 1092 1622 sempiternus
1127 1553 1363 1620 Spiritus
1393 1548 1507 1609 D'ei.
1544 1554 1660 1610 Una
1687 1564 1773 1610 est
1798 1571 1928 1627 ergo
1957 1556 2045 1610 di-

435 1641 636 1698 vinitas
661 1644 837 1699 Patris
862 1655 918 1701 et
943 1645 1063 1700 Filii
1095 1654 1150 1700 et
1179 1645 1415 1715 Spiritus
1442 1649 1648 1711 sancti,
1679 1649 1821 1702 sicut
1845 1661 1898 1703 et
1935 1664 2043 1704 una

2153 461 2260 500 non
2282 459 2442 515 posse
2459 444 2600 510 fieri,
2621 442 2829 497 habens
2841 440 3192 495 conscientia:
3221 440 3449 510 proprite
3473 439 3746 506 fiduciam,

2149 537 2277 608 quia
2333 537 2492 590 fidem
2549 536 2814 604 integram
2869 531 3107 586 vindicat
3173 533 3244 587 ita
3278 574 3292 597 ,
3344 541 3402 587 ut
3449 548 3745 603 numquam

2149 631 2267 702 ipse
2313 630 2432 698 ejus
2464 629 2590 684 fidei
2638 627 3026 698 praavaricator
3082 626 3395 682 exstiterit:
3429 634 3609 682 tamen
3648 641 3747 697 ego

2150 727 2204 781 in
2257 740 2418 780 causa
2470 724 2566 779 Dei
2615 723 2826 778 cautius
2873 721 3067 776 timere
3095 719 3430 790 compellor;
3479 719 3746 787 siquidem

2149 827 2207 875 et
2245 819 2314 875 de
2352 818 2481 886 ipsis
2535 826 2752 873 cautum
2813 816 3085 884 legimus:
3128 813 3446 868 ereticum
3491 813 3749 868 hominem

2149 924 2262 986 post
2290 929 2448 968 unam
2468 911 2841 982 correptionem
2877 909 3044 962 devita
3075 949 3090 973 ,
3138 907 3301 962 sciens
3337 907 3581 977 quoniam
3625 922 3747 978 per-

2147 1022 2320 1062 versus
2367 1017 2440 1060 est
2487 1003 2783 1077 Imjusmodi
2809 1045 2823 1066 ,
2867 1011 2918 1057 et
2947 1009 3151 1072 peccat,
3185 1009 3230 1054 et
3280 1010 3355 1054 est
3398 1016 3430 1052 a
3474 1000 3749 1068 semetipso

2149 1100 2426 1154 damnatus
2453 1097 2616 1169 (Tim.
2651 1112 2732 1162 ιιι,
2765 1095 2853 1158 10.
2885 1093 2998 1165 il).
3033 1093 3136 1150 Sed
3173 1103 3229 1148 et
3255 1093 3322 1148 de
3349 1108 3507 1162 poena
3540 1107 3751 1162 praeva-

2147 1193 2440 1248 ricatorum
2491 1191 2754 1260 legimus,
2801 1185 3019 1242 dicente
3057 1185 3214 1242 Esaia
3250 1203 3262 1238 :
3294 1183 3364 1240 Et
3389 1185 3550 1240 veniet
3580 1185 3750 1240 omnis

2150 1301 2272 1340 caro
2297 1285 2352 1337 in
2384 1295 2655 1351 conspectu
2686 1297 2796 1335 meo
2839 1280 3056 1333 adorare
3103 1279 3159 1332 in
3197 1277 3526 1332 Hierusalem
3547 1317 3562 1343 ,
3624 1275 3751 1330 dicit

2148 1375 2404 1431 Dominus
2432 1375 2591 1430 Deus.
2616 1373 2685 1427 Et
2713 1374 2988 1444 precedent
3010 1373 3212 1437 sancti,
3244 1380 3290 1425 et
3319 1369 3561 1424 videbunt
3582 1386 3746 1423 mem-

2148 1470 2238 1523 bra
2260 1469 2525 1522 hominum
2544 1467 2630 1537 qui
2645 1465 2970 1534 prwvaricati
2993 1473 3112 1518 sunt
3133 1465 3186 1516 in
3211 1479 3310 1516 me.
3340 1460 3542 1517 Vermis
3571 1479 3751 1517 eorum

2146 1580 2245 1618 non
2271 1564 2536 1630 morietur,
2563 1571 2608 1615 et
2634 1561 2769 1632 ignis
2789 1576 2963 1614 eorum
2992 1575 3092 1613 non
3113 1558 3462 1630 exstinguetur
3484 1573 3503 1611 :
3524 1567 3571 1610 et
3597 1563 3752 1610 erunt

2145 1656 2200 1710 in
2232 1655 2421 1709 visione
2447 1655 2584 1710 omni
2600 1655 2742 1708 carni
2775 1651 2936 1724 (lsa.,
2967 1669 3110 1717 LXVI,
3135 1652 3228 1715 25,
3250 1649 3364 1724 24).
3386 1651 3493 1707 Sed
3519 1660 3571 1705 et
3600 1649 3754 1721 Apo-

433 1737 694 1791 sanCtitas
717 1737 957 1806 ejusdem
979 1737 1230 1807 perfectae
1256 1747 1312 1793 et
1337 1737 1717 1810 inseparabilis
1737 1739 2040 1796 Trinitatis.
2073 1766 2118 1826 Β
2149 1748 2323 1803 stolas
2348 1750 2424 1802 ait
2467 1765 2483 1803 :
2531 1746 2710 1801 Nolite
2730 1748 2920 1819 jugum
2972 1746 3160 1799 ducere
3181 1761 3298 1798 cum
3327 1744 3622 1814 inﬁdelibus
3654 1746 3673 1813 (
3705 1741 3752 1798 ll

505 1828 593 1884 IV.
636 1829 746 1885 Sed
796 1830 883 1884 hic
930 1829 1092 1885 finem
1141 1829 1405 1886 faciamus
1439 1849 1453 1887 :
1500 1832 1552 1886 in
1586 1840 1849 1902 quantum
1889 1834 2037 1890 enim
2147 1839 2293 1907 Con,
2319 1855 2395 1906 vr,
2431 1836 2576 1910 M);
2611 1841 2737 1909 quia
2767 1847 2822 1893 et
2840 1838 2968 1892 alibi
3008 1837 3149 1892 idem
3177 1836 3471 1906 Apostolus
3495 1846 3621 1907 post
3646 1835 3750 1890 de-

430 1922 557 1993 quis
589 1923 848 1978 intentior
876 1922 944 1977 ad
975 1937 1163 1978 sacras
1185 1924 1500 1996 Scripturas
1542 1925 1608 1980 de
1642 1925 1742 1981 fide
1766 1926 1913 1998 loqui
1945 1943 2040 1982 vo-

426 2014 627 2082 luerit,
673 2016 727 2070 in
771 2024 980 2070 tantum
1025 2032 1133 2071 non
1183 2017 1360 2072 deerit
1408 2017 1551 2087 quod
1599 2018 1871 2088 loquatur.
1923 2019 2038 2076 Hoc

431 2118 755 2162 autemnon
804 2108 1064 2180 ambigo,
1115 2109 1262 2179 quod
1306 2109 1352 2164 si
1411 2111 1534 2180 quis
1584 2109 1726 2166 forte
1775 2113 2039 2182 eloquens

431 2199 550 2254 haec
575 2201 693 2268 ipsa
735 2200 972 2271 legerit,
1006 2201 1432 2271 delinquentium
1475 2205 1731 2274 incompti
1766 2207 2036 2262 Sermonis

423 2291 704 2356 invtaniet;
759 2307 867 2346 non
899 2300 1078 2348 tamen
1100 2335 1115 2360 ,
1148 2294 1194 2347 si
1224 2293 1401 2349 fidelis
1423 2305 1508 2348 est
1534 2337 1548 2359 ,
1579 2296 1681 2364 piae
1730 2297 2032 2352 confessio-

426 2384 512 2437 nis
539 2399 783 2439 errorem
808 2425 824 2449 ,
857 2401 1016 2453 quam
1064 2384 1284 2456 quidem
1332 2386 1386 2441 in
1436 2386 1595 2441 nobis
1625 2404 1692 2443 cx
1728 2388 1821 2443 Dei
1853 2392 2028 2458 gratia

421 2477 721 2545 praeditam
752 2478 1003 2546 cupimus
1045 2492 1219 2547 usque
1249 2477 1317 2532 ad
1349 2491 1580 2534 mortem
1613 2520 1630 2546 ,
1675 2481 1883 2535 auxilio
1909 2482 2030 2551 ejus

421 2570 514 2638 qui
549 2571 842 2638 praestitit,
869 2569 1152 2624 vindicare
1177 2571 1296 2626 sine
1320 2571 1442 2627 labe
1470 2575 1872 2631 communionis
1917 2576 2030 2632 Ine-

422 2660 719 2716 reticoruin
761 2669 922 2732 atque
952 2662 1427 2732 praevaricatoruni
1455 2705 1472 2732 ,
1514 2665 1640 2734 quia
1665 2677 1718 2720 et
1748 2670 1858 2722 Deo
1885 2677 2028 2725 teste

424 2753 721 2808 metuimus
761 2768 954 2810 eorum
1005 2755 1373 2812 damnationis
1427 2757 1723 2828 participes
1770 2758 2020 2816 inveniri.

501 2885 519 2916 ¹
560 2882 594 2938 Ι
596 2885 777 2942 ntimo.

442 3040 1324 3067 Ἦ

2145 1932 2498 2002 scriptionem
2529 1933 2795 1986 malorum
2822 1928 2978 1984 :Non
3005 1927 3408 1998 solum,inqoit,
3432 1928 3520 1998 qui
3546 1927 3752 1998 faciunt

2145 2041 2205 2079 ea
2225 2065 2241 2090 ,
2264 2025 2353 2078 sed
2383 2025 2536 2079 etiam
2562 2024 2650 2094 qui
2670 2023 2992 2077 consentiunt
3019 2019 3320 2092 facientibus
3361 2035 3421 2073 ea
3448 2018 3657 2090 (Rom.,
3689 2035 3706 2073 ι
3729 2059 3748 2086 ,

2143 2117 2215 2172 52
2238 2120 2279 2187 ).
2326 2116 2393 2172 Ει
2437 2115 2606 2170 multa
2634 2115 2744 2170 alia
2785 2123 2913 2168 sunt
2945 2114 3254 2168 testimonia
3299 2111 3479 2167 divina
3505 2152 3519 2174 ,
3553 2111 3752 2180 quibus

2141 2207 2576 2278 supradictorom
2604 2207 2940 2261 consortium
2982 2205 3320 2275 prohibetur.
3352 2203 3458 2259 Sed
3499 2218 3603 2271 ego
3630 2205 3751 2258 haec

2142 2301 2258 2371 ipsa
2282 2341 2296 2366 ,
2330 2301 2459 2355 licet
2500 2300 2739 2356 breviter
2761 2342 2776 2366 ,
2800 2302 2816 2331 ³
2857 2301 3100 2354 intimavi
3120 2339 3134 2364 ,
3169 2315 3237 2354 ne
3267 2313 3368 2354 nos
3395 2298 3463 2353 de
3489 2314 3626 2353 vana
3661 2313 3754 2354 su-

2139 2394 2462 2465 perstitione
2508 2396 2696 2450 credat
2751 2394 2950 2464 aliquis
2990 2394 3136 2448 nolle
3178 2393 3578 2449 communicare
3621 2407 3749 2447 cum

2131 2488 2366 2551 talibus,
2395 2503 2532 2558 quos
2569 2487 2827 2558 perSpicit
2881 2502 2976 2556 per
3018 2485 3257 2542 divinam
3302 2487 3630 2542 sententiam
3659 2500 3750 2542 re-

2133 2581 2373 2651 probari.
2404 2581 2664 2636 Divinitas
2687 2591 2738 2636 te
2763 2580 3092 2636 incolumem
3119 2595 3182 2635 ac
3207 2580 3422 2635 beatam
3449 2580 3502 2634 in
3532 2578 3638 2634 fide
3662 2579 3752 2634 sui

2132 2673 2370 2727 nmninis
2409 2672 2572 2727 etiam
2627 2671 2682 2726 in
2721 2687 2892 2742 regno
2932 2673 3198 2728 caelorum
3229 2679 3455 2744 praestet
3482 2686 3604 2728 cum
3637 2670 3753 2726 tuis

2130 2763 2386 2820 omnibus
2413 2763 2698 2821 affectibus
2728 2764 2980 2821 inveniri.

2145 3050 3750 3079 W

1162 3257 1166 3264 α
1228 3162 1751 3240 FAUSTINI
1809 3167 2548 3244 PRESBYTERI
2612 3174 2955 3266 FIDES,

881 3355 1694 3442 THEODOSIO
1774 3360 2676 3450 IMPERATORI
2752 3365 3299 3474 OBLATA,

517 3566 600 3630 IN
646 3563 1006 3630 CODICEM
1049 3562 1442 3628 CANONUM
1487 3565 1590 3627 ET
1634 3565 2312 3633 CONSTITUTORUM
2355 3569 2763 3634 ECCLESIJE
2806 3573 3173 3638 ROMANjE
3218 3576 3609 3645 RECEPTA.

498 3861 820 3922 Suffleiebat
867 3859 1002 3917 fides
1040 3860 1354 3933 conscripta
1399 3862 1538 3933 apud
1579 3863 1812 3919 Nicaeam
1843 3863 2037 3920 adver—
2063 3864 2110 3929 C
2139 3865 2264 3936 quia
2287 3870 2464 3938 qualis
2491 3881 2576 3930 est
2604 3873 2765 3930 Pater
2804 3875 3106 3933 secundum
3149 3879 3543 3949 substantiam;
3574 3884 3741 3942 talem

440 3973 536 4015 sus
589 3956 840 4012 haeresim
875 3957 1133 4010 Arianam
1161 3971 1174 4008 :
1203 3957 1300 4011 sed
1326 3955 1449 4026 quia
1481 3972 1650 4025 pravo
1678 3957 1894 4028 ingenio
1915 3956 2036 4026 qni-

443 4051 567 4107 dam
597 4049 699 4105 sub
726 4048 870 4104 illius
903 4046 1029 4102 fidei
1052 4045 1397 4103 confessione
1423 4048 1582 4118 impia
1601 4050 1764 4103 verba
1791 4064 2036 4104 commu-

428 4144 600 4209 tant‘,
637 4141 794 4196 nobis
819 4139 1074 4194 invidiam
1104 4137 1366 4194 facientes
1385 4179 1402 4206 ,
1426 4140 1568 4209 quod
1593 4141 1756 4194 veluti
1781 4139 2032 4196 haeresim

431 4234 652 4292 Sabellii
695 4242 975 4298 tueamur;
1013 4229 1197 4300 paucis
1226 4239 1282 4285 et
1309 4242 1495 4286 contra
1520 4231 1814 4287 Sabellium
1846 4233 2032 4301 prima:

432 4328 560 4383 fidei
591 4327 932 4381 confessione
949 4325 1249 4395 signanins,
1277 4331 1335 4380 et
1352 4333 1539 4378 c0ntra
1565 4323 1666 4378 hos
1688 4325 1777 4395 qui
1807 4325 1909 4380 sub
1935 4340 2033 4380 no-

431 4419 578 4474 mine
597 4416 876 4471 catholicae
901 4415 1022 4469 fidei
1052 4414 1214 4484 impia
1239 4415 1404 4470 verba
1425 4414 1722 4471 defendunt
1743 4457 1757 4482 ,
1781 4415 2027 4473 dicentes

428 4521 544 4567 tres
556 4525 679 4566 esse
695 4507 1048 4571 substantias;
1065 4521 1185 4562 cum
1198 4522 1416 4577 semper
1430 4507 1693 4563 catholica
1709 4509 1844 4564 fides
1865 4525 2026 4564 unam

423 4601 780 4657 substantiam
794 4598 970 4653 Patris
981 4607 1037 4652 et
1049 4596 1167 4652 Filii
1181 4599 1478 4668 etSpiritus
1494 4601 1665 4654 sancti
1679 4601 1923 4657 confessa
1936 4601 2025 4658 sit.

503 4691 613 4748 Nos
669 4691 883 4746 Patrem
928 4688 1236 4754 credimus,
1283 4689 1378 4758 qui
1425 4705 1530 4744 non
1562 4691 1633 4745 sit
1661 4691 1872 4758 Filius,
1929 4693 2026 4749 sed

425 4781 628 4838 habeat
654 4781 848 4836 Filium
871 4779 940 4834 de
963 4794 1022 4834 se
1051 4781 1170 4835 sine
1193 4779 1348 4834 initio
1369 4783 1632 4850 genitum,
1660 4798 1764 4836 non
1803 4787 2024 4850 factum;

424 4886 482 4934 et
530 4866 727 4930 Filium
759 4871 1054 4934 credimus,
1097 4873 1187 4942 qui
1234 4887 1342 4927 non
1373 4875 1444 4927 sit
1469 4873 1630 4928 Pater
1653 4915 1668 4940 ,
1701 4874 1794 4930 sed
1831 4874 2029 4932 habeat

430 4981 641 5039 patrem
660 5011 675 5035 ,
698 4968 768 5023 de
798 4981 905 5037 quo
929 4968 994 5021 sit
1018 4966 1233 5036 genitus
1258 5007 1274 5032 ,
1308 4983 1415 5022 non
1443 4968 1652 5034 factus;
1685 4977 1740 5024 et
1766 4969 2028 5040 Spiritum

422 5075 673 5118 sanetum
716 5059 1022 5125 credimus,
1049 5060 1146 5130 qui
1175 5059 1244 5114 sit
1283 5076 1411 5116 vere
1455 5061 1687 5131 Spiritus
1721 5064 1835 5120 Dei.
1874 5065 2028 5124 Unde

422 5163 480 5210 et
508 5155 707 5211 divinae
751 5153 1038 5210 Trinitatis
1078 5168 1240 5209 unam
1269 5153 1627 5211 substantiam
1659 5157 2018 5230 confitemur;

485 5315 502 5342 ⁸
541 5313 678 5371 Cod.
709 5313 922 5372 Thuan.
952 5313 1180 5371 miscent.
1212 5314 1316 5390 _Al.
1347 5318 1690 5392 commiscent.

2139 3960 2326 4029 genuit
2352 3972 2408 4017 et
2437 3963 2632 4021 Filium
2661 3985 2672 4020 :
2699 3976 2755 4022 et
2778 3968 3010 4039 Spiritus
3035 3981 3257 4028 sanctus
3283 4014 3298 4035 .
3341 3991 3449 4029 non
3481 3987 3736 4035 creatura

2139 4051 2430 4115 exsistens.
2445 4056 2540 4111 sed
2555 4057 2788 4128 Spiritus
2803 4059 2920 4125 Dei,
2932 4076 3038 4116 non
3055 4073 3138 4118 est
3156 4063 3364 4120 alienus
3387 4081 3416 4119 a
3431 4064 3740 4125 substantia

2141 4144 2318 4204 Patris
2346 4159 2403 4203 et
2427 4149 2564 4218 Fili;
2599 4152 2693 4208 sed
2731 4161 2815 4208 est
2858 4155 3104 4225 ejusdem
3154 4169 3208 4214 et
3253 4160 3369 4230 ipse
3416 4161 3740 4219 substantiae

2139 4253 2262 4294 cum
2307 4241 2468 4298 Patre
2505 4254 2559 4300 et
2602 4244 2740 4300 Filio
2767 4286 2782 4310 ,
2829 4247 2972 4302 sicut
3017 4248 3259 4318 ejusdem
3315 4251 3556 4309 deitatis.
3598 4252 3736 4309 Nam

2138 4331 2228 4401 qui
2259 4348 2358 4388 nos
2383 4345 2570 4404 putant
2597 4352 2720 4393 esse
2751 4337 3163 4405 Apollinaristas
3184 4383 3200 4409 ,
3232 4342 3402 4397 sciant
3430 4344 3578 4414 quod
3625 4360 3738 4401 non

2137 4425 2315 4481 minus
2351 4429 2682 4499 Apollinaris
2720 4429 2969 4486 haeresim
3001 4447 3350 4490 exsecramur
3383 4451 3546 4504 quam
3581 4436 3741 4492 Aria-

2133 4534 2280 4575 nam.
2310 4521 2566 4580 Miramur
2581 4535 2764 4580 autem
2791 4524 2918 4580 illos
2940 4524 3240 4584 catholicos
3270 4528 3486 4598 probari
3528 4545 3693 4601 posse
3715 4574 3732 4602 ,

2131 4611 2222 4681 qui
2256 4611 2430 4669 Patris
2456 4627 2509 4669 et
2547 4615 2665 4670 Filii
2687 4627 2742 4672 et
2783 4619 3019 4690 Spiritus
3041 4619 3215 4675 sancti
3247 4629 3358 4676 tres
3398 4619 3734 4680 substantias

2134 4703 2480 4771 confitentur.
2511 4706 2618 4762 Sed
2645 4717 2701 4764 et
2723 4711 2767 4765 si
2793 4711 3000 4778 dicunt,
3035 4727 3142 4767 non
3170 4727 3231 4769 se
3257 4712 3483 4768 credere
3530 4712 3731 4768 Filium

2132 4796 2226 4851 Dei
2250 4835 2266 4860 ,
2295 4808 2386 4851 aut
2407 4799 2664 4868 Spiritum
2692 4816 2939 4861 sanctum
2967 4818 3304 4871 creaturam,
3333 4817 3513 4862 tamen
3538 4817 3733 4864 contra

2150 4889 2170 4918 ²
2199 4887 2418 4958 impiam
2444 4891 2604 4947 fidem
2629 4898 2866 4952 sentiunt
2895 4939 2909 4965 ,
2931 4913 3054 4958 cum
3079 4898 3267 4953 dicunt
3313 4908 3422 4952 tres
3441 4911 3564 4953 esse
3601 4900 3733 4956 sub-

2137 4980 2368 5034 stantias
2393 4998 2406 5032 :
2433 4997 2772 5062 consequens
2807 4995 2890 5043 est
2918 4990 3061 5044 enim
3091 5030 3108 5055 ,
3141 4997 3200 5044 ut
3246 4999 3357 5044 tres
3394 4987 3530 5045 deos
3555 4991 3733 5045 confi-

2132 5078 2385 5139 teantur,
2455 5075 2546 5145 qui
2597 5085 2709 5134 tres
2766 5079 3097 5136 substantias
3151 5083 3502 5138 conﬁtentur.
3548 5080 3728 5150 Quam

2127 5179 2316 5221 vocem
2347 5182 2564 5240 semper
2584 5168 2851 5229 Catholici
2865 5173 3136 5231 exsecrati
3163 5183 3310 5231 sunt.

2181 5327 2201 5356 '
2241 5327 2331 5385 Sic
2356 5328 2486 5387 edit.
2519 5330 2590 5389 At
2612 5332 2902 5407 legendum
2935 5335 3150 5395 videtur
3176 5338 3340 5409 piam.

1717 5669 2410 5733 σηπκθωμκκαο
