3998 6346
253 371 307 426 8i

257 498 658 523 μ’*

1008 359 1342 418 LIBELLUS
1377 359 1659 417 ΡΒΕοοΜ
1700 358 2020 416 FAUSTlNl
2050 358 2141 416 ET
2167 358 2608 419 MARCELLINI.

3440 370 3514 425 82

570 593 1089 704 £AUSTINI
1161 595 1300 665 ET
1371 592 2059 695 MARCELLINI
2142 592 3136 671 PRESBYTEBORUM

1600 724 1850 783 PARTIS
1887 723 2118 782 URSINI

292 1042 622 1103 LIBELLUS
681 1039 968 1098 PRECUM
1033 1040 1125 1096 AD
1186 1034 1675 1093 IMPERATORES
1736 1032 2327 1101 VALENTINIANUM,
2387 1032 2831 1092 THEODOSIUM
2900 1036 2990 1093 ET
3055 1036 3433 1099 ARCADIUM.

814 1268 1208 1328 PRIEFATIO.

602 1363 682 1419 De
715 1364 891 1419 eodem
918 1365 1189 1418 schismate
1221 1361 1419 1417 Ursini.

283 1459 319 1515 l.
347 1457 701 1527 Temporibus
715 1456 1017 1512 Constantii
1036 1454 1400 1525 imperatoris,
1420 1453 1517 1509 lilii
1538 1453 1803 1510 Constan-

222 1553 332 1618 tini,
354 1552 540 1607 durior
561 1558 682 1605 orta
711 1559 796 1607 est
818 1549 1123 1620 persecutio
1150 1548 1581 1604 Christianorum
1607 1548 1676 1601 ab
1699 1547 1796 1600 im.

219 1649 305 1719 piis
330 1647 623 1702 haereticis'
642 1644 895 1710 Arianis,
925 1652 1203 1698 annuente
1242 1640 1596 1707 Constantio,
1628 1639 1721 1711 qui
1743 1647 1800 1694 et

218 1739 551 1803 Athanasium
577 1740 893 1810 episcopum
924 1737 1268 1792 resistentem
1300 1734 1574 1790 haereticis
1615 1748 1799 1804 perse-

221 1843 358 1889 cutus
382 1841 495 1897 est,
525 1841 581 1886 et
614 1840 672 1885 tit
720 1832 1071 1886 damnaretur
1106 1829 1182 1911 ab
1227 1828 1479 1883 omnibus
1529 1825 1796 1896 episcOpis

219 1927 501 1997 imperavit.
542 1924 701 1993 Quod
752 1924 915 1978 etiam
944 1933 1093 1977 metu
1118 1920 1374 1991 principis
1420 1920 1594 1974 facere
1621 1926 1796 1973 tenta-

216 2028 381 2075 ret-unt
408 2032 603 2074 omnes
626 2015 829 2085 ubique
850 2014 1134 2085 pontiﬁces
1156 2056 1170 2078 ,
1201 2012 1503 2067 inauditum
1528 2012 1789 2067 innocen-
1813 2069 1827 2081 _

218 2123 409 2180 temque
426 2112 775 2166 dantnantes.
793 2108 900 2164 Sed
923 2108 1170 2163 Liberius
1184 2106 1461 2161 Romanus
1481 2106 1787 2175 episcopus,

214 2215 258 2260 et
294 2203 550 2259 Eusebius
580 2202 946 2258 Vercellensis
968 2242 983 2266 ,
1012 2212 1066 2255 et
1096 2198 1314 2255 Lucifer
1334 2198 1674 2253 Caralitanus
1693 2238 1707 2261 ,
1734 2205 1790 2254 et

212 2295 421 2351 Hilarius
448 2294 799 2349 Pictavensis
830 2293 960 2348 dare
984 2293 1310 2348 sententiam
1358 2292 1672 2345 noluerunt.
1723 2289 1787 2344 Hi

209 2402 319 2458 ergo
338 2387 630 2443 mittuntur
652 2386 703 2441 in
726 2385 977 2441 exsilium
1007 2400 1105 2455 pro
1128 2385 1231 2438 lide
1250 2382 1673 2453 servanda.Cum
1697 2381 1788 2435 Li-

209 2483 340 2536 herio
367 2481 637 2536 Damasus
666 2480 926 2534 diaconus
965 2479 1081 2546 ejus
1129 2494 1189 2533 se
1228 2478 1445 2532 simulat
1474 2476 1781 2546 proﬁcisci:

209 2575 333 2631 unde
369 2574 584 2645 fugiens
614 2573 684 2629 de
708 2568 928 2638 itinere,
984 2572 1211 2627 Romam
1256 2572 1452 2637 rediit,
1486 2568 1785 2625 ambitione

1821 1262 1879 1323 Α
1902 1262 2007 1317 sibi
2034 1262 2293 1320 Ursinum
2318 1265 2606 1323 diaconum
2637 1268 2949 1340 pontiﬁcem
2982 1271 3038 1327 in
3078 1272 3254 1331 locum
3307 1274 3510 1333 Liberii

1908 1356 2147 1412 ordinari
2182 1359 2502 1429 deposcunt.
2533 1361 2743 1433 Perjuri
2776 1380 2908 1420 vero
2938 1365 2990 1421 in
3037 1365 3256 1423 Lucinis
3308 1369 3506 1424 Dama-

1906 1463 2026 1503 sum
2056 1450 2158 1505 sibi
2183 1452 2495 1522 episcopum
2530 1454 2580 1507 in
2612 1456 2732 1510 loco
2762 1455 2961 1512 Felicis
2995 1461 3368 1528 expostulant:
3403 1459 3503 1517 Ur-

1906 1542 2083 1596 sinum
2117 1542 2317 1599 Paulus
2349 1544 2663 1601 Tiburtinus
2694 1549 2982 1618 episeopus
3014 1549 3305 1605 benedicit.
3338 1551 3498 1618 Quod

1907 1633 1995 1689 ubi
2021 1635 2305 1701 Damasus,
2321 1637 2411 1707 qui
2426 1654 2641 1710 semper
2653 1642 3026 1710 episcopatum
3043 1642 3332 1708 ambierat,
3349 1658 3501 1699 com-

1901 1731 2075 1801 perit,
2121 1747 2312 1788 omnes
2361 1735 2734 1807 quadrigarios
2761 1747 2817 1791 ct
2857 1738 3161 1809 imperitam
3204 1741 3501 1795 multitudi-

1901 1840 2022 1880 nem
2055 1826 2228 1895 pretio
2263 1830 2527 1893 concitat,
2561 1840 2616 1884 et
2654 1842 2894 1886 armatus
2923 1832 3152 1886 fustibus
3199 1832 3266 1887 ad
3310 1832 3499 1888 basili-

1899 1930 2016 1970 cam
2044 1916 2151 1971 Juli
2180 1921 2481 1990 perrumpit
2501 1959 2515 1982 .
2543 1928 2598 1975 et
2619 1935 2811 1991 magna
2841 1922 2989 1978 caede
3014 1922 3250 1976 ﬁdelium
3277 1938 3374 1993 per
3396 1925 3494 1979 tri-

1897 2009 2061 2098 duum
2084 2011 2446 2067 debacchatus
2467 2024 2568 2069 est.
2599 2014 2725 2070 Post
2743 2016 2862 2071 dies
2879 2029 3085 2087 septem
3107 2034 3227 2072 cum
3248 2019 3502 2075 omnibus

1893 2101 2128 2171 perjuris
2153 2115 2208 2158 et
2244 2114 2258 2141 ι
2294 2105 2558 2160 arenariis
2584 2123 2720 2176 quos
2744 2109 2948 2178 ingenti
2989 2109 3232 2178 corrupit
3282 2112 3490 2180 pretio,

1893 2193 2315 2251 Lateranensetn
2338 2197 2611 2252 basilicam
2634 2200 2810 2253 tenuit
2830 2241 2844 2266 ,
2892 2209 2947 2254 et
2969 2201 3039 2255 ibi
3067 2202 3351 2255 ordinatus
3376 2202 3484 2272 epiv

1892 2298 2122 2352 scapus,
2157 2294 2213 2340 et
2262 2287 2537 2342 redimens
2582 2289 2822 2359 judicent
2872 2290 3030 2347 Urbis
3059 2291 3370 2347 Viventium
3392 2335 3406 2359 ,
3440 2304 3497 2349 et

1889 2380 2461 2447 prael‘ectuinannome
2493 2380 2799 2447 lulianum,
2831 2382 2883 2437 id
2913 2383 3097 2452 egitut
3126 2382 3377 2448 Ursinus,
3408 2384 3495 2439 vir

1889 2471 2215 2526 venerabilis
2244 2474 2331 2540 qui
2363 2474 2511 2542 prius
2538 2472 2713 2528 fuerat
2754 2474 2997 2544 pontifex
3023 2474 3305 2530 ordinatus
3326 2516 3342 2537 ,
3364 2491 3488 2530 cum

1885 2564 2141 2618 Amantio
2167 2576 2221 2618 et
2253 2564 2403 2635 Lupo
2422 2558 2743 2621 diaconib'us
2773 2567 2826 2621 in
2868 2568 3122 2622 exsilium
3147 2570 3480 2624 mitteretur.

208 2668 622 2740 Citfﬂjplus.sed
648 2683 715 2724 eo
739 2668 826 2723 die
844 2684 951 2738 quo
980 2668 1227 2723 Liberius
1248 2668 1314 2722 ad
1344 2668 1588 2722 exsilium
1614 2667 1779 2736 pmﬁ.
1815 2676 1859 2735 Β
1886 2656 2039 2722 Quod
2065 2657 2157 2711 ubi
2183 2658 2376 2711 factum
2426 2665 2530 2724 est,
2562 2661 2728 2727 (:(Bpil.
2755 2659 3015 2716 Damasus
3045 2659 3342 2715 Rcuiauain
3376 2662 3493 2731 ple-

208 2761 524 2826 riscebatur,
563 2760 742 2815 clerus
768 2759 982 2826 omnis,
1016 2758 1067 2813 id
1099 2766 1183 2814 est
1207 2758 1509 2830 presbyteri
1530 2766 1585 2813 et
1610 2756 1782 2811 archi-

207 2854 436 2910 diaconus
479 2854 639 2910 Felix
661 2895 676 2919 ,
707 2864 761 2908 et
788 2854 904 2919 ipse
936 2852 1198 2907 Damasus
1224 2853 1481 2907 diaconus
1505 2860 1560 2907 et
1588 2860 1782 2907 cuncta
1847 2840 1862 2853 ”

208 2945 439 3001 Ecclesiae
460 2946 690 3009 ot’ﬁcia,
744 2960 933 3000 omnes
979 2946 1216 3014 pariter,
1266 2956 1532 3014 praesente
1584 2944 1783 3014 p0pulo

209 3038 426 3093 Romano
447 3080 461 3104 ,
486 3038 595 3092 sub
620 3036 973 3107 jurejurando
997 3036 1348 3091 ﬁrmaverunt
1373 3080 1386 3102 ,
1419 3051 1478 3091 se
1503 3077 1518 3103 ,
1565 3035 1781 3092 vivente

208 3128 416 3197 Liberio,
446 3130 762 3201 pontiﬁcem
784 3130 1010 3183 alterum
1034 3127 1655 3184 nullatenusltabituros.
1672 3126 1779 3183 Sed

206 3226 356 3279 clerus
375 3234 569 3279 contra
592 3223 689 3292 fas,
718 3223 861 3294 quod
882 3222 1105 3277 minime
1130 3222 1393 3287 decebat,
1421 3237 1542 3275 cum
1565 3235 1780 3275 summo

208 3316 400 3385 periurii
428 3315 645 3370 seelerc
667 3355 683 3379 ,
729 3312 965 3367 Felicem
997 3312 1440 3367 archidiaconum
1470 3312 1777 3367 ordinatum

207 3409 249 3464 in
272 3411 430 3467 locum
463 3411 671 3467 Liberii
699 3422 1070 3480 susceperunt.
1102 3409 1254 3476 Quod
1300 3408 1499 3462 factum
1524 3408 1779 3462 universo

209 3502 378 3571 populo
406 3501 726 3573 displicuit,
756 3510 812 3557 et
839 3517 899 3556 se
925 3502 993 3556 ab
1020 3500 1138 3569 ejus
1173 3501 1519 3569 processione
1548 3514 1778 3568 suspen-

207 3594 287 3652 dit.
316 3595 436 3651 Post
462 3610 643 3650 annos
668 3595 806 3650 duos
827 3596 976 3650 venit
1006 3595 1230 3649 Romam
1254 3593 1633 3663 Consmntius,
1679 3610 1777 3663 pro

205 3685 392 3742 Liberio
434 3698 665 3758 rogatur
707 3704 735 3741 a
782 3688 1021 3759 populo;
1052 3689 1139 3755 qui
1195 3702 1322 3742 mox
1363 3703 1611 3744 annuens
1664 3690 1771 3742 ait:

204 3776 398 3835 Habetis
440 3779 761 3847 Liberium,
793 3782 883 3851 qui
912 3780 1089 3851 qualis
1116 3795 1145 3834 a
1172 3780 1324 3834 vobis
1353 3780 1625 3850 profectus
1650 3790 1733 3836 est
1756 3821 1772 3848 ,

206 3870 373 3927 melior
418 3880 753 3928 revertetur.
814 3873 925 3927 lloc
970 3881 1149 3928 autem
1192 3872 1261 3927 de
1311 3888 1580 3928 consensu
1620 3873 1769 3943 ejus,

205 3977 292 4028 quo
310 3978 500 4019 manus
526 3963 769 4037 perﬁdiae
792 3964 1017 4019 dederat
1041 4005 1055 4029 ,
1091 3963 1379 4019 indicabat.
1412 3964 1597 4018 Tertio
1627 3980 1773 4018 anno

1889 2748 2011 2802 bcm
2060 2764 2182 2819 qua:
2212 2765 2273 2804 se
2328 2750 2546 2804 nolebat
2590 2754 2921 2821 procedere,
2968 2750 3200 2808 fustibus
3228 2762 3283 2807 et
3336 2753 3488 2809 caede

1888 2843 2039 2896 varia
2069 2857 2380 2913 perurgere.
2402 2843 2758 2913 Presbyteros
2778 2860 2995 2916 quoque
3022 2861 3247 2900 numero
3271 2855 3479 2915 septem

1888 2934 2137 2997 detentos
2168 2951 2262 3005 per
2293 2937 2525 2990 ofﬁcium
2554 2938 2742 2992 nititur
2762 2938 2996 2994 ah‘Urbe
3022 2939 3345 3009 pr0pellere.
3374 2938 3483 2994 Sed

1887 3030 2040 3099 plebs
2066 3029 2238 3084 ﬁdelis
2266 3046 2563 3087 occurrens
2588 3032 2808 3087 eosdem
2840 3034 3187 3103 presbyteros
3214 3035 3380 3102 eruit,
3423 3042 3480 3088 et

1884 3121 1950 3174 ad
1983 3121 2256 3176 basilicam
2288 3121 2484 3177 Liberii
2515 3123 2635 3179 sine
2663 3140 2812 3178 mora
2840 3124 3114 3195 perduxit.

1956 3210 2046 3265 ΙΙΙ.
2088 3213 2240 3267 'l‘unc
2269 3212 2534 3268 Damasus
2560 3229 2681 3269 cum
2707 3214 2929 3285 perﬁdis
2953 3219 3139 3271 invitat
3158 3216 3439 3272 arenarios
3460 3258 3475 3285 ,

1881 3305 2256 3373 quadrigarios
2311 3315 2365 3358 et
2413 3304 2684 3372 fossores,
2730 3321 3055 3377 omnemque
3085 3308 3324 3373 clerum,
3351 3325 3474 3365 cum

1881 3398 2195 3463 securibus,
2226 3399 2420 3467 gladiis
2465 3408 2520 3453 et
2542 3400 2801 3465 fustibus,
2832 3410 2888 3455 et
2927 3402 3140 3455 obsedit
3192 3402 3471 3458 basilicam

1882 3488 2017 3543 hora
2072 3489 2179 3544 diei
2232 3490 2504 3557 secunda,
2569 3494 2801 3561 septimo
2841 3490 3193 3547 kalendarum
3241 3493 3480 3549 Novem-

1879 3582 2174 3645 briunidie,
2203 3581 2461 3638 Gratiano
2489 3584 3057 3654 etDagalaisoconss.,
3081 3596 3136 3641 et
3163 3602 3328 3659 grave
3347 3604 3486 3659 pra:-

1882 3672 2014 3727 Iinm
2042 3676 2355 3729 concitavit.
2388 3675 2520 3729 Nam
2549 3675 2786 3732 effractis
2810 3676 3017 3733 foribus
3040 3720 3056 3746 ,
3088 3680 3318 3751 igneque
3348 3696 3479 3752 snp-

1881 3769 2091 3838 posito,
2120 3769 2323 3823 aditum
2350 3771 2491 3825 unde
2515 3771 3193 3841 irruntperetquuirehat.
3219 3774 3476 3829 Nonnulli

1880 3876 2096 3932 quoque
2123 3863 2190 3917 de
2220 3862 2580 3918 iaiiiiliarihus
2620 3864 2737 3932 ejus
2761 3907 2776 3930 ,
2828 3873 3030 3920 tectum
3085 3866 3321 3921 basilicae
3373 3865 3473 3921 de-

1880 3952 2175 4020 struentCs,
2194 3956 2385 4025 tegulis
2414 3954 2626 4009 fidelem
2656 3958 2910 4025 ροιιιιιυιιι
2940 3956 3298 4026 peritnebant.
3324 3957 3477 4013 Tunc

206 4055 320 4111 redit
346 4057 595 4115 Liberius
614 4102 630 4126 ,
658 4059 745 4113 cui
774 4058 999 4113 obvians
1043 4074 1162 4113 cum
1195 4059 1387 4128 gaudio
1416 4060 1645 4128 populus
1666 4058 1770 4112 Ro-
1798 4082 1802 4114 ι

1889 4048 2114 4101 universi
2146 4047 2444 4101 damasiaui
2476 4046 2748 4131 irruentes
2795 4050 2849 4103 in
2882 4051 3196 4117 basilicam,
3250 4061 3470 4106 centum

207 4164 371 4206 manus
396 4153 594 4208 exivit:
630 4152 786 4208 Felix
819 4160 1032 4205 notatus
1059 4168 1089 4205 a
1115 4160 1303 4206 senatu
1326 4151 1413 4205 vel
1445 4152 1672 4222 populo.
1703 4150 1770 4207 de

208 4240 327 4299 Urbe
356 4247 710 4315 pr0pellitur,
739 4256 793 4301 et
838 4256 954 4315 post
981 4262 1169 4316 parum
1206 4246 1498 4314 temporis,
1536 4246 1769 4315 impulsu

205 4334 495 4393 clericorum
527 4338 614 4408 qui
646 4339 1075 4409 perjuravcrant,
1108 4338 1356 4407 irrumpit
1382 4339 1434 4392 iit
1463 4336 1682 4405 Urbem,
1718 4348 1773 4394 et

208 4429 469 4485 stationem
502 4430 556 4483 in
584 4429 689 4483 .luli
721 4431 944 4485 basilica
973 4440 1119 4485 trans
1143 4429 1383 4484 Tiberim
1414 4431 1543 4485 dare
1570 4446 1776 4502 pracsu-

207 4520 320 4572 mit:
348 4536 500 4589 quem
529 4521 707 4575 omnis
735 4522 1022 4577 multitudo
1054 4521 1289 4576 ﬁdelium
1317 4530 1373 4577 et
1425 4535 1679 4589 proceres
1703 4520 1772 4576 de

210 4608 328 4666 Urbe
350 4614 541 4669 iterum
573 4630 695 4669 cum
724 4630 918 4685 magno
945 4614 1211 4671 dedecore
1240 4617 1609 4685 projecerunt.

266 4702 322 4761 ll.
347 4706 468 4762 Post
484 4723 659 4763 annos
679 4719 823 4772 octo,
848 4707 1221 4763 Valentiniano
1244 4716 1301 4763 et
1321 4706 1544 4763 Valente
1566 4721 1773 4775 conss.,

208 4808 234 4846 ι
256 4793 591 4854 kalendarum
621 4800 995 4855 Decembrium
1023 4800 1110 4855 die
1159 4800 1447 4857 defunctus
1472 4810 1555 4857 est
1580 4801 1733 4857 Felix
1757 4816 1772 4855 :

210 4883 425 4944 Liberius
447 4892 873 4948 misericordiam
903 4893 1031 4948 fecit
1070 4893 1122 4947 in
1146 4893 1376 4948 clericos
1411 4894 1499 4963 qui
1531 4894 1774 4964 perjura-

210 4992 405 5049 verant,
433 5000 634 5055 eosque
677 4984 729 5038 in
772 4985 905 5039 locis
937 4986 1174 5055 propriis
1222 4987 1479 5056 suscepit.
1531 4986 1775 5057 Itemque

209 5082 374 5128 octavo
419 5076 678 5131 kalendas
724 5077 1017 5144 Octobris,
1076 5078 1335 5133 Gratiano
1380 5091 1435 5135 et
1489 5080 1776 5152 Dagalaiso

208 5177 389 5230 conss.,
417 5168 661 5225 Liberius
691 5170 940 5225 humanis
967 5172 1131 5227 rebus
1159 5173 1431 5230 eximitur.
1455 5174 1605 5229 Tunc
1629 5191 1780 5244 pres-

209 5252 357 5324 byteri
384 5270 436 5315 et
458 5261 734 5329 diaconos,
760 5262 1007 5321 Ursinus.
1030 5263 1315 5319 Amantius
1337 5275 1392 5319 et
1411 5265 1622 5331 Lupus.
1654 5283 1775 5323 cum

208 5346 342 5413 plebe
367 5363 547 5408 sancta
570 5368 694 5423 qua:
718 5354 935 5410 Liberio
968 5355 1130 5412 ﬁdem
1157 5369 1475 5412 servaverat
1506 5359 1560 5413 in
1584 5361 1781 5415 exsilio

209 5445 472 5501 constituto
494 5488 509 5511 ,
542 5459 827 5528 cmperunt
849 5448 905 5504 in
947 5450 1169 5506 basilica
1198 5449 1307 5505 Juli
1356 5452 1682 5520 procedere,
1725 5462 1781 5509 et

271 5560 293 5612 i
322 5563 606 5641 Arenariis.
671 5568 1045 5641 Arenariorum
1092 5583 1213 5641 vox,
1238 5570 1361 5624 trita
1396 5587 1494 5637 pro
1519 5571 1585 5626 iis
1615 5575 1703 5641 qtti
1732 5573 1784 5628 in

212 5630 883 5715 milhizetatradepugnant,
901 5639 1181 5715 ut-Lagtp,
1198 5640 1294 5715 ἐξ
1321 5642 1383 5694 de
1399 5630 1573 5715 Tqu
1590 5630 1645 5697 ﬂ-
1658 5644 1786 5715 ΜΒ.

215 5700 312 5784 238."
329 5706 385 5755 de
404 5706 609 5775 Operib.
629 5700 826 5784 ζιθὶνιη
852 5700 1078 5784 etalibi‘.’
1097 5700 1385 5766 Nr'cvaliter
1412 5700 1797 5784 Tertulliauu‘s,

215 5770 568 5855 deSpect.cap.
592 5781 685 5849 i2,
705 5770 1144 5855 simuldamnans
1157 5784 1534 5855 quadrigarios,
1553 5770 1799 5852 scenicos,

216 5852 426 5918 mucci,
453 5855 733 5908 arenarios.
768 5855 848 5909 Ad
874 5854 990 5909 haec
1017 5856 1071 5910 in
1111 5868 1264 5910 conc.
1287 5852 1583 5913 Clialched.
1609 5866 1716 5914 act.
1741 5874 1770 5912 χ
1796 5874 1811 5911 :

1876 4139 2157 4209 sexaginta
2176 4140 2244 4195 de
2267 4140 2443 4208 plebe.
2472 4150 2577 4194 tam
2598 4144 2740 4196 viros
2770 4158 2928 4212 quam
2953 4144 3230 4209 mulieres,
3260 4147 3475 4201 occide-

1875 4243 2033 4297 rttnt,
2079 4234 2500 4288 vulneraverunt
2531 4234 2694 4289 etiam
2725 4249 2888 4304 quam
2922 4235 3218 4304 plurimos,
3248 4251 3315 4289 ex
3345 4236 3472 4304 qui-

1876 4323 1980 4379 bus
2008 4326 2161 4379 multi
2190 4325 2431 4381 defuncti
2463 4336 2623 4382 sunt:
2654 4328 2722 4381 de
2751 4338 2905 4397 parte
2932 4343 3064 4382 vero
3108 4328 3325 4383 Damasi
3355 4329 3479 4384 nul—

1878 4417 1961 4471 lus
1983 4430 2065 4471 est
2087 4427 2352 4473 mortuus.
2380 4419 2507 4473 Post
2535 4426 2645 4474 tres
2667 4430 2846 4473 autem
2871 4419 2987 4473 dies
3005 4461 3019 4483 ,
3038 4430 3221 4475 sant-ta
3248 4421 3397 4491 plebs
3423 4422 3479 4476 in

1878 4526 2041 4563 unum
2070 4511 2430 4576 conveniens,
2454 4512 2617 4585 cmpit
2649 4512 2907 4567 adversus
2933 4529 3055 4569 eum
3084 4513 3299 4570 Domini
3324 4530 3479 4570 man-

1880 4600 2005 4656 data
2034 4603 2266 4657 recitare
2289 4644 2304 4669 ,
2336 4603 2617 4658 dicentes:
2648 4602 2826 4658 Nolite
2854 4606 3035 4660 timere
3084 4622 3171 4661 eos
3213 4608 3300 4677 qui
3346 4609 3483 4663 occi-

1880 4695 2003 4748 dunt
2031 4712 2252 4764 corpus,
2286 4697 2511 4749 animant
2540 4713 2657 4751 vero
2686 4714 2787 4751 non
2810 4708 3023 4769 possunt
3053 4700 3303 4757 occidere.
3330 4701 3481 4757 Psal-

1880 4787 2023 4843 lebat
2053 4790 2216 4844 etiam
2248 4791 2299 4843 in
2328 4791 2578 4845 laudibus
2599 4832 2613 4856 ,
2642 4801 2700 4846 et
2724 4792 2975 4848 dicebat:
3015 4793 3314 4849 Posuerunt
3342 4812 3484 4850 more

1882 4882 2010 4933 talia
2031 4898 2296 4936 servorum
2334 4894 2535 4936 tuarum
2570 4899 2710 4939 escas
2753 4884 3047 4939 volatilibus
3104 4885 3228 4941 Caeli
3254 4928 3270 4954 ,
3299 4903 3481 4941 carnes

1880 4986 2174 5029 sanctorum
2228 4988 2454 5042 tuorum,
2482 4977 2653 5032 bestiis
2684 4964 2854 5032 terra.
2900 4977 3215 5046 E/fuderunt
3268 4981 3483 5048 sangui-

1884 5083 1997 5120 nem
2024 5083 2229 5134 eorum,
2281 5069 2418 5123 velut
2452 5086 2636 5137 aquam
2668 5070 2725 5123 in
2755 5071 2973 5123 circuitu
3013 5070 3378 5137 Hierusalem;
3434 5081 3485 5125 et

1884 5174 1987 5211 non
2020 5170 2131 5212 erat
2157 5160 2244 5230 qui
2271 5162 2527 5229 sepeliret.
2558 5161 2717 5230 Smpe
2749 5163 2930 5230 itaque
2956 5164 3142 5217 eadem
3170 5163 3319 5232 plebs
3344 5162 3480 5215 adu-

1844 5254 1849 5257 ’
1886 5258 2009 5303 nata
2060 5251 2112 5303 in
2140 5251 2362 5306 basilica
2391 5251 2589 5307 Liberii
2621 5252 2887 5307 clamabat
2917 5254 3143 5309 dicens:
3174 5253 3484 5309 Christiane

1887 5341 2215 5411 imperator,
2250 5342 2385 5396 nihil
2417 5350 2469 5398 te
2519 5346 2665 5398 latet.
2725 5345 2927 5399 Omnes
2972 5345 3211 5414 episcopi
3253 5344 3484 5398 Romam

1892 5436 2150 5489 veniant:
2182 5448 2376 5505 agatur
2406 5450 2601 5491 causa:
2627 5440 2875 5507 quintum
2913 5437 3026 5507 jam
3068 5437 3266 5491 bellum
3297 5437 3492 5491 Dama-

1892 5580 2200 5651 ᾳυναγαγών
2239 5573 2395 5651 ὅχλογ
2428 5574 2651 5651 animos
2687 5579 2818 5650 μετὰ
2855 5579 3008 5651 ξιφῶν
3032 5578 3114 5631 καὶ
3158 5572 3317 5630 ἄλλων
3336 5584 3493 5651 φιτρῶν

1896 5646 2218 5723 ἀρανὰρῖωνς
2238 5646 2438 5703 ιίιίὶιιΐνιι
2460 5666 2472 5702 :
2495 5650 2625 5721 μετὰ
2640 5646 2796 5724 ξιᾲνῶν.
2811 5651 2895 5703 καὶ
2914 5646 3211 5724 ἆραναρίων.
3227 5652 3311 5724 καὶ
3329 5646 3498 5724 δᾴδων

1901 5707 2086 5784 τὶνῶνξ
2133 5707 2219 5773 ubi
2277 5707 2556 5774 translatio
2584 5707 2738 5775 vetus
2763 5707 3035 5772 Arenarios
3066 5707 3317 5773 r'eddidit.
3369 5707 3499 5775 llaec

1911 5791 2123 5859 aliaque
2152 5791 2300 5859 plura
2324 5792 2389 5846 de
2418 5792 2517 5845 hac
2542 5807 2672 5846 voce
2698 5790 2768 5845 cl.
2794 5789 3097 5845 Mazocbius
3121 5792 3175 5845 in
3199 5800 3498 5859 comment.

1914 5860 1983 5915 ad
2011 5850 2237 5919 Kalend.
2256 5877 2441 5918 morm.
2462 5860 2609 5916 Eccl.
2633 5860 2922 5931 Neapolit.,
2946 5864 3076 5917 tam.
3113 5860 3201 5927 Ill,
3228 5872 3352 5932 pag.
3370 5850 3469 5917 97l
3492 5889 3505 5915 ε
