3998 6350
489 267 560 320 85
1047 253 1054 260 ’
1661 253 1984 314 FAUSTINI
2019 252 2111 318 ΕΤ
2149 251 2564 312 MARCELLI“
3727 255 3792 310 8t

497 395 594 438 sus
621 380 779 436 fecit:
829 395 864 454 β
909 378 1038 434 sede
1069 377 1210 432 Petri
1257 373 1558 432 homicidas
1585 373 1750 430 foras.
1781 373 1874 428 Dei
1903 379 2082 425 autem
2111 373 2164 432 Α
2185 369 2522 438 reipublicae,
2549 381 2742 426 vestrae
2763 371 3166 440 tranquillitatis
3181 369 3496 440 provisione
3521 371 3792 424 servanda

499 477 734 548 populus
775 473 1060 546 episcopos
1081 471 1378 526 convenire
1409 469 1594 526 multis
1625 467 1876 538 precibus
1897 477 2092 520 exora-

497 569 630 638 bat,
661 577 718 624 ut
767 577 1152 631 memoratum,
1199 571 1352 618 tanta
1393 563 1668 632 impietate
1719 557 2084 624 maculatum,

499 662 772 718 sententia
797 659 940 730 justa
963 657 1344 724 procellerent,
1375 669 1538 726 quem
1569 653 1620 706 in
1649 661 1854 706 tantum
1879 657 2088 704 matro-

495 773 580 812 nze
609 755 920 825 diligebant,
947 763 1004 806 ut
1027 761 1396 805 matronarum
1412 745 1766 814 auriscalpius
1791 743 2084 800 diceretur.

565 847 654 902 ιν.
699 831 873 900 VoCes
903 859 1034 914 ergo
1061 843 1236 914 plebis
1267 841 1332 896 ad
1363 837 1812 896 Valentinianum
1845 845 1970 890 sunt
1993 833 2088 890 de-

491 939 611 994 lata
637 935 938 1008 principem
955 975 972 1002 ,
995 933 1088 1004 qui
1111 934 1308 1004 pietate
1329 939 1654 994 commotus,
1683 927 1916 984 reditum
1959 941 2088 980 con-

489 1029 653 1084 cessit
673 1027 974 1083 exsulibus.
1005 1025 1156 1078 Tunc
1185 1022 1412 1080 Ursinus
1429 1037 1550 1076 cum
1581 1019 1836 1076 Amantio
1855 1027 1912 1074 et
1935 1017 2088 1088 Lupo

489 1119 834 1182 diacttnibus,
861 1131 980 1171 xvii
1009 1115 1362 1170 kalendarum
1384 1111 1722 1176 Octobrium,
1753 1109 2016 1179 Lupicino
2033 1117 2088 1166 et

489 1211 684 1268 Jovino
714 1223 898 1265 conss.
919 1209 986 1264 ad
1021 1207 1219 1263 Urbem
1253 1207 1432 1262 rediit:
1464 1207 1552 1260 cui
1583 1204 1734 1276 plebs
1755 1215 1943 1258 sancta
1965 1217 2086 1274 gra-

487 1315 670 1358 tanter
696 1303 958 1356 occurrit.
993 1299 1100 1356 Sed
1127 1301 1388 1354 Damasus
1417 1307 1686 1354 tantorum
1709 1297 1814 1352 sibi
1835 1297 2086 1352 censcius

483 1395 752 1452 scelerum
770 1438 786 1462 ,
815 1411 920 1448 non
949 1393 1208 1448 mediocri
1239 1393 1436 1448 timore
1483 1405 1779 1447 concussus
1803 1431 1818 1458 ,
1853 1391 2084 1446 redemit

487 1502 652 1542 omne
677 1485 935 1556 palatium
961 1527 976 1551 ,
1007 1501 1074 1540 ne
1101 1483 1242 1540 facta
1268 1499 1362 1540 sua
1417 1485 1644 1554 principi
1695 1481 2082 1554 panderentur.

487 1579 788 1650 Imperator
815 1579 1060 1634 nesciens
1091 1579 1218 1650 quid
1239 1577 1504 1632 Damasus
1527 1589 1916 1648 perpetrasset,
1939 1561 2086 1656 edic-

493 1681 606 1726 tum
653 1681 906 1742 prorogat
937 1713 950 1738 ,
984 1677 1042 1726 ut
1067 1669 1266 1728 Ursino
1294 1670 1488 1726 exsilio
1519 1671 1788 1740 relegato,
1835 1669 1978 1724 nulla
2005 1667 2087 1722 ul-

2191 471 2294 524 est,
2329 473 2386 516 ut
2429 473 2620 518 contra
2669 479 2888 518 omnem
2919 463 3026 518 vim
3073 463 3478 534 potentiamve,
3517 463 3680 518 etiam
3735 463 3788 518 in

2191 557 2432 612 minimis
2477 557 2566 626 jus
2613 555 2862 612 veritatis
2891 557 3156 624 obtineat,
3211 571 3318 628 quo
3375 557 3550 626 possit
3591 555 3788 612 tradita

2189 647 2628 720 vestroimperio
2685 649 2774 704 Dei
2831 659 2962 702 ttutu
3011 649 3208 704 florere
3253 649 3606 719 respublica:
3649 663 3786 718 quo-

2189 742 2354 798 modo
2381 745 2433 796 in
2465 741 2694 812 negotiis
2721 741 2920 796 divinis
2943 751 3144 796 sancta:
3183 741 3304 796 ﬁdei
3333 741 3538 796 veritas
3595 739 3790 810 impio-

2189 849 2310 888 rum
2337 845 2558 890 caterva
2583 845 2636 888 et
2667 831 3182 888 fraudulentissimis
3205 848 3394 888 eorum
3445 833 3788 888 circumven-

2191 925 2430 982 ti0uibus
2455 925 2772 982 obt‘nscatur
2817 939 2872 982 et
2903 927 3204 998 premitur?
3231 929 3472 986 maxime
3523 943 3646 986 cum
3689 943 3788 984 vos

2190 1021 2464 1090 principes
2491 1019 2720 1074 Romani
2751 1019 2968 1088 imperii
2995 1017 3480 1089 piantChristianm
3505 1019 3786 1090 religionis

2191 1111 2352 1168 ﬁdem
2383 1113 2780 1182 puritatemqne
2807 1121 2888 1166 tot
2913 1113 3110 1166 vestris
3145 1111 3624 1167 cnnstitutionibus
3669 1113 3786 1166 vin-

2191 1205 2404 1260 dicetis.
2437 1205 2632 1260 T0tum
2683 1203 2898 1274 quidem
2929 1243 2944 1270 ,
2997 1204 3122 1274 quia
3179 1213 3536 1258 veneratores
3585 1203 3786 1260 Christi

2189 1295 2314 1352 Filii
2337 1297 2568 1366 Dei,pro
2601 1293 2706 1350 ﬁde
2727 1293 2996 1349 catholica
3027 1293 3348 1360 decernitis,
3383 1303 3440 1348 et
3467 1294 3616 1348 omni
3653 1295 3784 1350 nixu

2189 1397 2379 1444 contra
2407 1387 2694 1442 inet-elices
2719 1395 2774 1442 et
2801 1385 3038 1456 perﬁdos
3093 1385 3312 1454 imperii
3341 1386 3514 1440 vestri
3539 1387 3780 1440 auctori-

2191 1489 2300 1536 tate
2321 1479 2686 1536 conseribitis.
2721 1479 2838 1534 Non
2867 1479 3020 1548 quasi
3047 1477 3228 1546 aliqua
3271 1477 3508 1548 proprie
3565 1487 3782 1534 senten-

2189 1573 2278 1630 tia!
2305 1591 2443 1629 nova
2475 1581 2770 1640 tentantes,
2805 1573 2944 1628 sicut
2967 1572 3188 1642 quidam
3229 1571 3538 1628 anteriores
3587 1573 3784 1644 princi-

2189 1683 2286 1736 pes
2309 1669 2368 1722 in
2395 1683 2548 1724 suam
2573 1667 2910 1738 aliorumque
2937 1665 3234 1736 perniciem
3261 1665 3446 1722 conati
3485 1677 3634 1734 sunt,
3687 1669 3780 1724 sed

487 1763 655 1816 terius
709 1763 938 1832 populos
968 1761 1246 1818 contentio
1297 1759 1530 1816 nefanda
1576 1759 1880 1816 collideret.
1935 1759 2088 1814 Tune
2117 1765 2166 1826 B
2195 1775 2250 1818 ut
2273 1763 2574 1818 ostendatis
2605 1773 2814 1818 vestras
2843 1761 3163 1824 sententias,
3199 1769 3550 1832 vestramque
3595 1759 3778 1828 ﬁdem,

485 1851 720 1910 Ursinus
747 1857 1038 1923 episeopus
1061 1896 1076 1920 ,
1101 1855 1182 1908 vir
1207 1863 1426 1908 sanctus
1449 1863 1504 1908 et
1523 1853 1640 1907 sine
1671 1851 1898 1906 crimine
1917 1893 1932 1918 ,
1953 1865 2086 1906 con-

485 1947 670 2002 sulens
699 1945 872 2016 plebi,
903 1947 1122 2002 tradidit
1157 1961 1218 2002 se
1251 1946 1498 2000 manibus
1525 1945 1866 2016 iniquorum,
1891 1953 1946 2000 et
1965 1959 2084 2002 sex-

489 2049 546 2094 to
577 2039 786 2094 decimo
807 2037 1068 2094 kalendas
1111 2039 1440 2094 Decembres
1465 2039 1711 2110 jussione
1743 2039 2084 2108 imperatoris

487 2129 555 2185 ad
603 2131 852 2186 exsilium
883 2139 1074 2200 sponte
1105 2129 1432 2202 properavit.
1467 2127 1572 2186 Sed
1605 2131 1834 2200 papulus
1887 2130 2084 2184 timens

485 2223 656 2278 Deum
687 2223 960 2294 nullisque
989 2223 1458 2295 persecutionibus
1505 2222 1796 2296 fatigatus,
1833 2239 1938 2280 non
1981 2225 2084 2278 itn-

481 2325 786 2388 peratorent
809 2361 824 2384 ,
859 2319 1255 2386 nonjudicem,
1287 2335 1389 2374 nec
1417 2319 1591 2389 ipsum
1621 2329 1900 2375 auctorem
1955 2333 2080 2374 sce-

483 2409 660 2466 lerum
690 2419 744 2466 et
768 2411 1092 2466 homicidam
1125 2411 1416 2466 Damasum
1443 2411 1638 2476 ιίιῑιιιὶι,
1658 2413 1750 2466 sed
1773 2425 1868 2480 per
1891 2425 2086 2466 cmme-

483 2505 623 2558 teria
671 2515 972 2576 martyrum
1029 2505 1294 2560 stationes
1313 2505 1431 2559 sine
1479 2503 1694 2560 clericis
1747 2505 2076 2560 celebrabat.

479 2595 636 2652 Unde
661 2613 784 2651 cum
813 2597 878 2650 ad
907 2607 1152 2652 sanctam
1185 2591 1390 2668 Agilem
1420 2597 1572 2652 multi
1617 2597 1852 2652 ﬁdelium
1883 2613 2080 2654 conve-

483 2691 715 2754 nissent,
735 2701 978 2746 armatus
993 2707 1115 2746 cum
1131 2691 1460 2746 satellitibus
1477 2691 1592 2760 suis
1609 2691 1874 2748 Damasus
1897 2693 2076 2758 irruit,

481 2791 537 2838 et
587 2781 849 2853 plurimos
871 2783 1190 2838 vastationis
1215 2799 1330 2838 Sua:
1355 2793 1536 2854 strage
1559 2783 1774 2852 dejecit.
1805 2781 1958 2852 Quod
2005 2783 2078 2838 fa-

480 2885 624 2930 ctum
641 2875 1078 2930 crudelissimum
1093 2877 1253 2930 nimis
1273 2877 1540 2946 episcOpis
1557 2875 1720 2932 Italiae
1741 2877 2076 2946 disltlicebat.

479 2965 626 3034 Quos
651 2971 810 3022 etiam
825 2983 948 3022 cum
970 2968 1034 3022 ad
1057 2969 1235 3022 natale
1253 2985 1410 3023 suum
1425 2971 1742 3024 solemniter
1759 2969 2041 3024 invitasset
2061 3011 2076 3036 ,

479 3071 534 3115 et
565 3063 810 3120 nonnulli
841 3063 1228 3118 convenissent
1257 3077 1325 3117 ex
1371 3062 1480 3128 eis,
1515 3061 1765 3132 precibus
1813 3061 1950 3132 apud
1981 3077 2076 3116 eos

2189 1873 2310 1914 cum
2335 1857 2508 1911 sacris
2539 1857 2932 1928 scripturarum
2953 1853 3258 1910 divinarum
3289 1853 3580 1910 sententiis
3603 1865 3660 1910 et
3681 1857 3780 1926 piis

2187 1949 2626 2006 confessionibus
2653 1949 2970 2004 convenire.

2261 2043 2330 2098 ll.
2359 2041 2470 2098 Sed
2503 2043 2628 2106 hoc,
2657 2057 2782 2096 cum
2809 2043 2980 2112 magis
3011 2047 3136 2112 post
3163 2041 3536 2096 atrocissimas
3585 2043 3780 2110 prioris

2189 2137 2450 2206 temporis
2485 2135 2892 2206 persecutiones
2911 2135 3108 2206 juvare
3133 2145 3376 2192 sanctam
3415 2137 3644 2194 deberet
3673 2139 3768 2192 Ec-

2187 2231 2435 2299 clesiam,
2471 2231 2640 2302 magis
2653 2229 2864 2302 afﬂigit,
2887 2247 3008 2286 cum
3027 2230 3192 2288 iidem
3219 2233 3319 2304 ipsi
3343 2233 3550 2304 egregii
3569 2233 3778 2304 episco-

2189 2325 2266 2396 pi,
2297 2325 2388 2396 qui
2419 2339 2538 2380 eam
2567 2327 2798 2380 antehac
2825 2325 2928 2380 sub
2957 2327 3262 2383 assertione
3285 2327 3374 2384 vel
3407 2341 3636 2384 assensu
3667 2331 3778 2382 tne-

2187 2429 2376 2472 reseos
2407 2417 2674 2486 persecuti
2701 2425 2850 2484 sunt,
2875 2431 3020 2472 nunc
3053 2433 3272 2489 quoilue
3309 2421 3412 2476 sub
3451 2419 3774 2476 auctoritate

2187 2509 2446 2564 catholici
2477 2509 2714 2564 nominis
2743 2519 3163 2581 persequuntur,
3195 2521 3248 2568 et
3277 2523 3482 2582 quanto
3505 2527 3652 2568 nunc
3679 2513 3776 2588 sub

2185 2603 2444 2658 ementita
2499 2603 2602 2670 pia:
2663 2603 2786 2656 ﬁdei
2832 2603 3174 2674 professione
3237 2605 3342 2660 hoc
3387 2605 3778 2661 fraudulentius

2185 2701 2374 2762 agunt,
2405 2701 2556 2748 tanto
2585 2703 2636 2748 et
2663 2693 3026 2760 perniciosius
3051 2707 3388 2764 grassantur,
3421 2707 3476 2752 et
3503 2695 3778 2752 dolentius

2185 2793 2380 2839 aestuat
2407 2787 2628 2850 veritas,
2681 2785 2824 2854 quod
2867 2787 2918 2840 ei
2973 2787 3152 2844 adhuc
3203 2801 3308 2842 non
3361 2789 3486 2844 licet
3529 2805 3632 2844 nec
3679 2789 3778 2846 sub

2185 2879 2343 2932 vobis
2375 2877 2796 2947 imperatoribus
2823 2879 2915 2950 qui
2941 2881 3080 2950 piam
3107 2879 3264 2936 ﬁdem
3303 2881 3600 2938 defenditis
3629 2923 3646 2950 ,
3691 2899 3776 2940 re.-

2185 2969 2412 3038 Spirare.
2451 2971 2558 3024 Sed
2585 2985 2654 3026 ne
2691 2969 2794 3025 hoc
2813 2971 2879 3026 ad
2911 2973 3166 3028 invidiam
3199 2975 3316 3030 sine
3361 2976 3438 3030 rei
3499 2975 3778 3046 probatio-

2185 3079 2254 3118 ne
2283 3063 2488 3120 referre
2517 3065 2826 3128 videamur,
2885 3081 3102 3120 causam
3129 3075 3188 3122 ut
3217 3083 3508 3140 possumus
3537 3073 3780 3142 explica-

480 3153 707 3209 molitur
755 3163 804 3210 et
837 3155 1043 3224 pretio,
1081 3165 1134 3208 ut
1163 3155 1488 3210 sententiam
1521 3153 1572 3210 in
1627 3163 1872 3210 sanctum
1925 3153 2070 3210 Ursi-
2101 3157 2148 3220 C
2181 3173 2324 3212 mus.
2347 3157 2678 3226 Quaesumus
2701 3167 2880 3214 autem
2905 3163 3178 3232 supplices
3209 3203 3228 3230 ,
3277 3173 3548 3232 quatenus
3605 3167 3780 3236 regias

479 3263 608 3302 num
661 3247 958 3318 proferant.
993 3247 1096 3315 Qui
1145 3247 1574 3316 responderunt:
1625 3245 1736 3302 Nos
1781 3245 1848 3301 ad
1897 3245 2078 3301 natale

475 3341 864 3408 convenimus,
919 3357 1026 3395 non
1061 3349 1116 3402 ut
1145 3340 1444 3396 inauditum
1475 3339 1816 3396 damnemus.
1847 3337 1928 3394 Ita
1953 3353 2078 3410 pra-

477 3453 546 3492 va
575 3439 694 3506 ejus
719 3437 948 3492 intentio
971 3437 1146 3492 caruit
1173 3451 1281 3507 quo
1311 3439 1584 3492 nitebatur
1615 3435 1832 3492 eﬁ'ectu.
1871 3435 2076 3488 Exinde

475 3531 778 3602 presbyteri
811 3531 1039 3586 diversis
1067 3531 1240 3586 modis
1269 3531 1494 3596 afﬂicti,
1529 3547 1620 3600 per
1641 3530 1836 3584 exsilia
1867 3537 1922 3582 et
1973 3545 2066 3598 pc-

475 3623 688 3692 regrina
711 3621 830 3678 loca
859 3621 1094 3692 dispersi
1127 3631 1255 3676 sunt
1281 3663 1294 3686 ,
1327 3639 1392 3677 ex
1425 3621 1622 3692 quibus
1650 3621 1994 3676 Marcellinus
2023 3631 2076 3676 et

477 3713 772 3768 Faustinus
803 3713 1147 3784 presbyteri,
1197 3713 1266 3768 de
1323 3711 1670 3768 confessione
1705 3727 1850 3766 verte
1903 3711 2072 3776 ﬁdei,

474 3805 838 3868 ostentatione
883 3821 1052 3862 sacrae
1103 3805 1538 3874 communionis,
1595 3813 1650 3860 et
1695 3807 2074 3874 persecutione

473 3899 880 3955 adversantium
909 3899 1168 3967 veritati,
1221 3915 1408 3970 preces
1435 3899 1848 3970 Valentiniano,
1897 3901 2074 3958 Theo-

475 3993 630 4050 dosio
653 4003 708 4050 et
725 3991 962 4049 Arcadio
991 3993 1326 4066 principibus
1343 3993 1660 4050 obtulerunt
1689 3995 1781 4049 ita.

711 4149 1008 4214 INCIPIT
1057 4151 1444 4214 LIBELLUS
1485 4151 1830 4216 PRECUM.

539 4269 584 4324 Ι.
611 4267 974 4340 Deprecamur
995 4272 1468 4328 mansuetudinem
1501 4283 1736 4330 vestram
1771 4315 1786 4342 ,
1837 4273 2068 4346 piissimi

471 4361 854 4436 imperatores,
889 4363 1290 4432 Valentiuiane,
1324 4365 1601 4422 Theodosi
1643 4375 1698 4422 et
1739 4367 1958 4434 Arcadi,
2011 4377 2070 4424 ut

443 4475 448 4480 -
475 4453 592 4508 haec
623 4455 676 4508 in
705 4457 1166 4524 contemplatione
1186 4457 1389 4514 Christi
1419 4459 1542 4514 Filii
1577 4461 1670 4516 Dei
1707 4461 1796 4531 qui
1823 4471 2064 4518 vestrum

2183 3265 2342 3306 aures
2365 3261 2575 3306 vestras
2599 3251 2756 3306 nobis
2781 3253 3160 3322 exiguissimis
3209 3255 3574 3320 commodetis
3601 3297 3616 3322 ,
3647 3259 3776 3314 dum

2181 3343 2518 3400 ostendimus
2545 3361 2652 3400 non
2685 3361 2782 3398 nos
2807 3361 2932 3400 esse
2953 3345 3270 3414 haereticos,
3303 3355 3360 3403 et
3387 3357 3572 3404 tamen
3621 3351 3778 3421 quasi

2183 3437 2468 3492 haereticos
2505 3437 2858 3494 vehementer
2887 3439 3052 3509 afﬂigi
3081 3457 3094 3493 :
3121 3455 3244 3496 cum
3273 3455 3375 3496 nec
3425 3443 3526 3512 ipsi
3557 3447 3648 3512 qui
3679 3457 3782 3502 nos

2179 3531 2528 3586 vehementer
2553 3531 2820 3602 affligunt,
2857 3531 2944 3586 vel
2971 3535 3106 3588 socii
3131 3547 3343 3598 eorum,
3369 3535 3586 3606 possint
3627 3553 3776 3592 tiunc

2179 3621 2360 3677 dicere
2385 3622 2472 3677 vel
2497 3625 2726 3692 probare
2753 3623 2896 3692 quod
2923 3625 3094 3680 simus
3119 3625 3384 3680 haeretici.
3423 3625 3532 3682 Sed
3563 3641 3634 3682 ne
3653 3631 3778 3696 qui-

2177 3715 2304 3770 dem
2333 3715 2404 3770 de
2425 3729 2484 3770 se
2515 3731 2732 3786 negare,
2763 3717 2906 3786 quod
2943 3719 3216 3786 superiori
3249 3725 3496 3788 tempore
3523 3721 3778 3776 haeresim

2175 3815 2270 3862 aut
2309 3809 2575 3864 acerrime
2611 3809 3036 3874 vindicaret-int,
3081 3825 3204 3866 cum
3259 3813 3590 3868 intolerabili
3635 3829 3766 3886 sup-

2177 3901 2338 3972 plicio
2397 3903 2658 3964 ﬁdelium,
2693 3913 2786 3958 aut
2835 3913 2984 3960 certe
3011 3905 3058 3960 ei
3083 3919 3273 3960 manus
3324 3905 3594 3974 dederint,
3619 3907 3776 3962 dam-

2179 4001 2302 4046 nata
2351 3993 2622 4048 catholica
2691 3994 2798 4050 ﬁde
2843 4009 3004 4064 quam
3049 3997 3198 4066 prius
3239 3997 3598 4064 asserebant,
3645 3999 3774 4056 dum

2173 4094 2418 4140 metuunt
2443 4103 2542 4158 pro
2567 4085 2786 4142 Christo
2813 4087 2956 4143 Filio
2983 4089 3076 4143 Dei
3105 4089 3354 4144 exsilium
3381 4091 3592 4160 perpeti
3623 4133 3640 4160 ,
3671 4109 3773 4162 pro

2171 4193 2278 4248 quo
2307 4181 2468 4234 etiam
2493 4179 2634 4234 laico
2665 4177 2812 4234 ﬁdeli
2853 4163 3058 4252 quaevis
3087 4197 3236 4238 mors
3265 4181 3602 4238 atrocissima
3633 4185 3771 4240 sub-

2171 4269 2349 4324 eunda
2391 4279 2474 4326 est
2505 4285 2522 4324 :
2551 4273 2678 4340 quia
2707 4271 2866 4326 nobis
2911 4273 3172 4327 donatum
3201 4283 3286 4328 est
3307 4313 3322 4340 ,
3357 4281 3414 4326 ut
3433 4275 3508 4328 ait
3535 4275 3774 4344 Aposto-

2169 4361 2256 4416 lus
2283 4359 2572 4434 (Pltt'fipp.,
2605 4375 2646 4428 l,
2675 4361 2804 4430 29),
2835 4373 2934 4432 pro
2957 4361 3178 4417 Christo
3229 4377 3334 4416 non
3387 4371 3592 4418 tantum
3627 4373 3686 4418 ut
3715 4367 3770 4420 in

2169 4469 2294 4508 eum
2321 4453 2626 4516 credamus.
2673 4453 2770 4508 sed
2803 4465 2860 4508 ut
2909 4461 2966 4508 et
3013 4469 3108 4524 pro
3147 4454 3244 4508 illo
3289 4455 3580 4526 patiamur.
3609 4457 3765 4514 Talis

467 4545 620 4614 juvat
639 4543 946 4616 imperium,
973 4547 1376 4616 infatigabiliter
1405 4551 1584 4620 legere
1605 4551 1924 4620 dignemini.
1957 4557 2062 4610 Su-
2091 4551 2148 4612 D
2171 4548 2316 4602 enim
2345 4559 2494 4600 mors
2521 4547 2606 4600 vel
2637 4547 2840 4616 pusio,
2865 4547 3294 4604 immortalitatis
3315 4551 3534 4605 occasio
3551 4561 3656 4606 est.

470 4637 638 4693 blime
668 4637 890 4708 regnum
921 4639 1164 4694 vestrum
1189 4649 1300 4694 tum
1327 4641 1394 4696 ad
1423 4641 1748 4698 sublimiora
1781 4685 1794 4708 ,
1833 4647 1928 4700 Dei
1957 4647 2060 4700 Pa-

475 4729 573 4784 tris
599 4731 990 4800 omnipotentis
1011 4739 1068 4786 et
1084 4729 1286 4786 Christi
1311 4733 1574 4804 unigeniti
1593 4733 1716 4788 Filii
1746 4735 1862 4804 ejus
1885 4737 2064 4806 Opitu-

469 4821 674 4876 iatiooe
713 4819 1028 4878 conscendit
1053 4863 1066 4888 ,
1097 4837 1220 4878 cum
1253 4837 1352 4878 nec
1409 4825 1462 4878 in
1495 4825 1704 4896 exiguis
1753 4825 2064 4886 hominibus

469 4912 752 4984 deSpicitis
781 4913 1067 4968 veritatem
1095 4958 1110 4982 ,
1147 4929 1246 4971 nec
1300 4915 1354 4970 in
1407 4915 1592 4970 multis
1618 4919 1702 4972 vel
1751 4921 2062 4989 potentibus

469 5005 810 5062 mendacium
833 5003 1123 5062 roboretis.
1159 5007 1273 5064 lioc
1316 5011 1517 5064 etenim
1555 5011 1916 5079 justissimum
1977 5023 2064 5072 est

469 5107 524 5154 et
549 5099 970 5154 saluberrimum
1013 5099 1154 5166 apud
1201 5115 1424 5172 regnum
1451 5101 1696 5172 jnstitite,
1723 5115 1782 5160 ut
1811 5122 2060 5174 personae

467 5191 766 5264 probentur
787 5206 852 5245 ex
887 5189 1079 5246 merito
1105 5191 1372 5260 veritatis,
1403 5209 1510 5248 non
1539 5199 1738 5260 veritas
1763 5213 2072 5270 prtesuma—-

465 5291 550 5338 tur
593 5300 660 5340 ex
703 5281 944 5354 potentia
991 5299 1368 5354 personarum.
1423 5285 1702 5358 Siquidem
1743 5291 1832 5359 jus
1871 5291 2058 5348 saeculi

465 5371 586 5428 ideo
617 5375 879 5444 scriptum
925 5383 1026 5442 est,
1059 5391 1130 5432 ne
1161 5385 1352 5432 contra
1399 5391 1590 5434 verum
1647 5395 1928 5452 tequumve
1957 5399 2056 5455 po-

467 5466 634 5524 tentia
655 5469 740 5524 vel
767 5466 1062 5528 multitudo
1107 5469 1418 5538 praivaleat.
1457 5471 1670 5536 etiamsi
1723 5475 1792 5534 ab
1841 5475 2052 5545 exiguis

461 5551 786 5614 vindicetur.
811 5559 968 5626 Quod
993 5559 1041 5616 si
1065 5561 1184 5618 hinc
1211 5571 1362 5620 tanta
1385 5577 1539 5630 cura,
1562 5565 1726 5620 etiam
1781 5566 1836 5622 in
1889 5565 2052 5622 rebus

2247 4639 2336 4694 lli.
2380 4639 2500 4694 Non
2529 4627 3154 4714 late-{mansuetudinem
3177 4655 3230 4698 et
3261 4643 3512 4699 develam
3533 4643 3648 4698 Deo
3673 4661 3762 4700 re-

2171 4733 2428 4801 ligionem
2457 4739 2718 4796 vestrum,
2749 4747 2912 4802 quam
2943 4735 3106 4802 impia
3137 4749 3368 4804 quamve
3411 4735 3671 4805 pestifera
3693 4738 3772 4794 sit

2173 4825 2396 4879 hmresis
2413 4825 2634 4892 Ariona,
2661 4835 2854 4880 contra
2883 4841 3042 4896 quam
3071 4841 3102 4881 a
3127 4829 3370 4896 patribus
3395 4830 3600 4884 nostris
3619 4833 3768 4901 apud

2171 4917 2403 4972 Nicaeam
2435 4918 2654 4987 speciali
2677 4919 2864 4990 vigore
2901 4921 3268 4990 conscriptum
3301 4929 3384 4975 est
3413 4939 3424 4974 :
3459 4921 3530 4976 ita
3555 4933 3612 4976 ut
3633 4939 3770 4994 apo-

2169 5011 2378 5066 stolicae
2405 5011 2526 5067 fidei
2559 5012 2642 5079 pia
2671 5011 2944 5066 confessio
2979 5023 3291 5066 servaretur
3317 5053 3334 5080 ,
3379 5023 3542 5084 atque
3591 5016 3768 5086 ipsius

2171 5103 2444 5160 lia-treseos
2475 5115 2736 5174 perpetua
2765 5105 3116 5160 damnatione
3147 5105 3472 5172 ﬁrmaretur,
3525 5121 3598 5162 ne
3639 5109 3766 5179 quis

2163 5195 2276 5250 falli
2311 5205 2498 5266 posset
2522 5197 2572 5250 in
2615 5196 2868 5266 posteris.
2895 5195 3002 5250 Sed
3025 5197 3208 5262 Arius,
3241 5205 3295 5250 ut
3317 5211 3412 5252 cor
3433 5195 3762 5270 Pharaonis,

2165 5305 2274 5344 non
2303 5291 2532 5345 credens
2555 5289 2797 5344 divinam
2831 5289 2890 5342 in’
2911 5303 2972 5344 se
2995 5299 3124 5346 tunc
3143 5289 3322 5346 datam
3349 5289 3516 5347 fuisse
3537 5301 3766 5350 senten-

2161 5385 2314 5450 tiam,
2345 5383 2528 5438 nescio
2557 5397 2662 5451 qua
2685 5381 2896 5438 ratione
2927 5385 2946 5418 *
2971 5383 3242 5454 subripuit
3273 5385 3414 5454 apud
3443 5383 3764 5446 Constant!-

2159 5495 2310 5544 num,
2341 5491 2566 5550 sperans
2587 5475 2730 5546 quod
2757 5479 2928 5547 ipsius
2955 5479 3214 5550 suﬁ‘ragio
3239 5481 3554 5550 specialium
3571 5499 3762 5542 sacer-

2159 5571 2346 5628 dotum
2371 5569 2638 5624 sententia
2667 5569 2920 5638 rescissa,
2947 5571 3116 5642 recipi
3145 5579 3326 5644 posset
3347 5573 3400 5626 in
3425 5573 3754 5640 Ecclesium.

591 5733 676 5794 Ex
701 5737 1066 5812 manuscripto
1085 5733 1423 5820 Colbertiito,
1451 5741 1732 5822 Subrepsit
1755 5749 1898 5825 apud
1921 5749 2336 5818 Constantinum.

1663 5895 1718 5930 ιφ
