3998 6346
246 298 301 353 85
1156 289 1493 349 LIBELLUS
1532 289 1811 347 PHECUM
1843 290 1935 344 AD
1976 287 2486 347 IMPERATORES.
3320 296 3323 297 ⁷
3417 293 3487 347 b6

241 410 450 480 Denique
468 408 580 477 ipse
600 404 987 462 Constantinus
1011 405 1272 475 jusserat,
1307 412 1366 459 ut
1394 405 1445 459 ei
1472 411 1695 459 sanctus
1722 417 1788 459 ac
1813 404 1868 467 Α
1891 401 2128 457 Nicaeam
2161 403 2478 472 evangelica
2541 414 2706 475 atque
2747 406 3049 476 apostolica
3103 406 3315 462 ratione
3359 421 3489 462 con-

242 508 386 562 beatze
409 500 677 558 memoria:
692 501 984 571 episcopus
1000 498 1313 556 AleXander
1327 499 1756 555 communicaret
1773 512 1787 549 :

241 613 329 654 non
358 597 441 651 ille
468 593 808 661 Alexander,
841 594 933 664 qui
966 594 1066 647 fuit
1091 592 1288 648 divinae
1331 591 1461 647 ﬁdei
1496 592 1793 661 episcopus

239 686 647 753 inAlexaudria,
693 687 784 757 qui
839 696 895 741 et
948 685 1142 755 plenus
1166 686 1437 754 sapientia
1491 692 1548 738 et
1586 683 1793 753 Spiritu

238 790 401 837 sancto
427 779 657 847 fervens,
680 777 937 834 eumdem
961 778 1145 833 Arium
1180 778 1386 847 primus
1415 786 1470 832 et
1508 776 1718 831 detexit
1740 785 1794 831 et

237 873 435 942 expulit,
463 882 516 927 et
539 871 591 924 in
621 879 936 939 perpetuum
957 867 1231 923 damnavit
1264 884 1279 932 ;
1308 868 1406 923 sed
1429 869 1528 922 iste
1556 866 1796 922 Alexan-

237 965 339 1029 der,
381 963 465 1034 qui
489 963 539 1016 in
569 961 669 1016 hac
693 962 827 1017 urbe
851 959 1446 1030 Constantinopolitana
1476 959 1576 1014 fuit
1606 970 1664 1014 et
1683 961 1796 1030 ipse

237 1059 542 1116 admirabilis
563 1058 869 1128 episcopus.
899 1056 1001 1124 Qui
1040 1071 1162 1112 cum
1204 1054 1414 1111 videret
1444 1054 1591 1124 quod
1633 1054 1797 1110 Arius

237 1150 398 1207 seculi
424 1151 574 1209 istius
605 1165 732 1221 rege
754 1150 1036 1212 niteretur,
1064 1149 1386 1204 exclamavit
1422 1164 1495 1203 ex
1539 1150 1647 1203 into
1674 1163 1798 1217 pec-

237 1246 350 1299 toris
368 1243 568 1307 dolore,
592 1251 744 1297 stans
766 1244 820 1296 in
847 1242 967 1297 loco
990 1241 1235 1302 sacrarii,
1283 1240 1352 1295 ad
1398 1239 1675 1295 Chrismm
1702 1253 1799 1295 ve-

238 1353 337 1392 rum
361 1347 410 1392 et
437 1336 827 1406 sempiternum
854 1351 1034 1406 regem
1059 1344 1114 1390 et
1141 1335 1424 1391 Dominum
1450 1335 1691 1392 omnium
1716 1349 1800 1389 re-

235 1447 362 1501 gum,
385 1445 449 1486 ne
471 1429 617 1483 illam
645 1430 821 1485 labent
856 1429 909 1483 itt
939 1428 1233 1483 Ecclesium
1264 1438 1541 1497 pateretur
1572 1428 1795 1481 intrare.

236 1525 378 1592 Cujus
400 1524 568 1579 oratio
605 1538 769 1593 quam
812 1532 1067 1577 constans
1112 1520 1318 1586 fuerit,
1379 1535 1540 1590 quam
1600 1520 1795 1585 ﬁdelis,

236 1622 342 1676 hinc
367 1619 647 1690 probatum
665 1627 771 1685 est,
801 1616 947 1689 quod
980 1617 1120 1673 idem
1153 1616 1347 1680 Arius,
1377 1625 1667 1683 antequam
1716 1613 1800 1668 in-

236 1724 380 1769 traret
416 1713 740 1776 Ecclesiam,
767 1712 920 1767 dedit
958 1726 1145 1781 pinnas
1182 1725 1349 1763 novas
1371 1720 1420 1763 et
1449 1709 1799 1779 gravissimas

1892 497 2095 566 scripta
2139 504 2247 563 est,
2301 513 2464 566 quam
2510 499 2651 553 Deus
2693 501 3040 570 apertissime
3082 500 3328 571 probavit
3362 514 3492 571 sup-

1895 588 2054 658 plicio
2085 589 2197 643 Arii
2228 591 2594 659 impugnantis
2623 584 2762 645 eam.
2803 592 2958 659 Quod
2994 594 3039 647 si
3079 592 3197 648 haec
3225 592 3367 663 apud
3391 607 3489 648 vos

1893 699 2016 739 vera
2044 693 2191 747 sunt,
2223 700 2341 753 qua:
2370 683 2510 753 apud
2558 685 2857 754 scripturas
2907 687 3121 742 divinas
3162 702 3289 742 vera
3324 687 3492 742 robo-

1894 788 2106 845 rantur,
2135 779 2409 834 advertite
2440 822 2455 845 ,
2482 780 2710 849 piissimi
2741 792 2796 835 et
2827 781 3232 853 religiosissimi
3260 781 3496 851 impera-

1897 881 2066 936 tores,
2100 875 2153 926 in
2186 888 2296 943 quo
2338 874 2414 929 rei
2463 875 2568 928 sint
2600 874 2687 943 qui
2717 874 2821 928 sub
2862 875 2945 928 his
2992 876 3189 929 divinis
3220 873 3418 945 regulis
3440 882 3497 927 et

1899 967 2329 1037 professionibus
2370 966 2528 1022 ﬁdem
2580 983 2735 1021 suam
2783 983 2846 1023 ac
2901 969 3247 1023 devotionem
3275 967 3496 1022 Christo

1899 1060 2011 1115 Deo
2033 1072 2513 1125 consecraverunt,
2546 1060 2752 1114 nullum
2807 1060 3060 1115 timorem
3092 1061 3282 1115 divino
3314 1060 3496 1113 timori

1899 1163 2303 1222 prmponentes.
2337 1152 2443 1207 Sed
2474 1152 2603 1208 licet
2633 1154 2798 1207 Arius
2828 1154 2898 1206 sit
2922 1153 3168 1221 sepultus
3198 1152 3253 1206 in
3286 1161 3498 1207 sterco-

1898 1246 2074 1311 ribus,
2099 1247 2310 1315 aliquos
2327 1253 2506 1300 tamen
2533 1246 2754 1314 reliquit
2777 1260 2890 1299 sua:
2913 1245 3205 1314 impietatis
3231 1244 3499 1298 hwredes.

1903 1339 2148 1409 Denique
2178 1355 2285 1393 non
2315 1338 2598 1394 defuerunt
2626 1354 2865 1403 vermes,
2891 1339 2981 1409 qui
3022 1340 3089 1392 de
3129 1338 3245 1408 ejus
3278 1336 3499 1407 pntrido

1900 1435 2167 1488 cadavere
2190 1443 2561 1487 nascerentur.
2584 1433 2687 1488 Per
2706 1448 2845 1503 quos
2862 1448 2982 1502 qua:
3006 1434 3238 1503 gesserit
3254 1432 3502 1486 diabolus

1910 1522 2374 1593 artifex'erroris,
2412 1529 2629 1595 longum
2661 1526 3016 1595 estexsequi,
3046 1527 3210 1581 etiam
3256 1528 3300 1579 sl
3346 1539 3502 1579 exse-

1902 1620 1994 1689 qui
2018 1634 2335 1685 possemus:
2370 1621 2579 1674 infinita
2608 1629 2735 1675 sunt
2758 1619 2904 1674 enim
2930 1617 3367 1683 etincredibilia,
3393 1630 3504 1670 non

1907 1721 2086 1767 tamen
2117 1713 2271 1767 falsa.

188 1796 193 1801 ’
235 1822 380 1877 usque
397 1806 459 1861 ad
483 1815 701 1876 turpem
726 1804 1029 1860 interitum.
1058 1803 1190 1858 Nam
1216 1818 1337 1858 cum
1359 1802 1532 1874 pridie
1552 1817 1710 1872 quam
1742 1816 1801 1857 se
1832 1792 1878 1851 B
1980 1803 2047 1859 V.
2091 1804 2225 1859 lllud
2265 1818 2394 1858 vero
2426 1818 2570 1858 nunc
2624 1803 2767 1872 quod
2796 1803 2862 1857 ad
2892 1811 3222 1873 praesentem
3276 1815 3495 1856 causam

236 1901 412 1970 putavit
435 1907 679 1953 sanctam
708 1897 1007 1953 Ecclesiam
1034 1897 1376 1964 imperatoris
1404 1895 1605 1950 auxilio
1635 1894 1799 1949 homo

233 1992 403 2062 impius
431 1989 781 2052 intraturum,
803 2004 927 2044 cum
959 1989 1089 2043 nihil
1119 1989 1417 2057 languoris,
1471 1987 1604 2041 nihil
1648 1986 1803 2042 dolo-

236 2085 295 2138 ris
318 2085 366 2138 in
394 2097 630 2154 corpore
655 2089 950 2152 pateretur,
972 2081 1067 2136 sed
1093 2081 1234 2151 quod
1262 2081 1480 2151 gravius
1518 2088 1624 2146 est,
1672 2079 1793 2135 solo

232 2175 373 2231 animi
402 2175 596 2230 morbo
625 2173 998 2228 insatiabiliter
1023 2181 1313 2242 aegrotaret
1341 2212 1355 2235 .
1404 2171 1634 2225 humana
1672 2185 1802 2225 con-

232 2268 488 2323 suetudine
511 2281 795 2322 secessum
823 2266 973 2336 petiit
1001 2306 1016 2331 ,
1046 2272 1209 2335 atque
1240 2265 1353 2319 illic
1387 2278 1510 2319 cum
1555 2263 1796 2328 sederet,

231 2361 524 2430 gravissimo
574 2370 807 2429 repente
860 2359 1051 2413 dolore
1107 2359 1403 2422 cruciatus,
1466 2357 1646 2412 omnia
1704 2370 1804 2413 sua

234 2455 437 2517 viscera,
468 2463 521 2507 et
548 2454 731 2523 ipsum
758 2466 855 2507 cor
877 2450 1023 2521 quod
1064 2460 1183 2506 erat
1231 2450 1517 2505 thesaurus
1556 2449 1805 2519 impieta-

234 2548 306 2609 tis,
332 2545 510 2600 elfudit
548 2546 604 2598 in
636 2554 923 2609 stercora;
980 2551 1142 2612 atque
1184 2543 1279 2608 ita,
1329 2541 1577 2597 mirabile
1632 2542 1803 2609 dictu,

235 2637 482 2693 'internis
503 2636 764 2691 omnibus
800 2638 1075 2689 evacuatis
1122 2641 1429 2688 attenuatus
1478 2640 1583 2697 est,
1635 2641 1691 2686 et
1738 2629 1807 2685 ad

232 2741 541 2787 momentum
567 2731 705 2786 sicut
721 2728 933 2783 luridati
947 2727 1190 2796 corporis
1214 2727 1332 2780 tabe
1349 2726 1619 2780 resolutus
1630 2734 1734 2789 est,
1751 2731 1810 2779 ut

233 2837 313 2891 per
336 2823 611 2893 angustias
639 2819 918 2877 foraminis
943 2826 1000 2873 et
1029 2818 1214 2873 sedilis
1230 2818 1500 2887 totusipse
1515 2817 1808 2874 laberetur.

238 2916 384 2987 Digna
408 2918 524 2971 hac
558 2929 717 2986 pmua
748 2912 938 2982 impio,
970 2912 1131 2983 digna
1163 2911 1278 2965 haec
1326 2926 1473 2966 mors
1521 2911 1691 2979 turpis
1720 2925 1812 2979 pe-

237 3008 401 3064 stifero
429 3008 720 3073 haeretico,
749 3018 912 3076 atque
954 3005 1021 3060 de
1048 3004 1242 3074 spiritu
1286 3002 1486 3059 diaboli
1532 3002 1814 3058 fmtidissi—

237 3102 322 3157 mis
371 3101 634 3157 membris
682 3099 841 3169 digna
906 3098 1022 3153 haec
1094 3097 1396 3165 sepultura.
1455 3096 1608 3153 Novo
1666 3096 1809 3153 enim

1910 1894 2410 1963 l'acilexponimus,
2463 1896 2607 1965 quod
2661 1898 2750 1966 qui
2796 1897 3182 1963 imperatorem
3240 1894 3507 1950 Constan-

1908 1988 2041 2042 tium
2074 2002 2173 2058 per
2204 1986 2598 2043 fraudulentam
2626 1975 3050 2058 disputatio'netn
3070 1986 3290 2043 Arianae
3313 1989 3505 2057 impie-

1911 2082 2036 2136 tatis
2060 2081 2383 2151 participem
2417 2081 2689 2147 feceruut,
2713 2081 2997 2139 dedissent
3036 2094 3092 2138 et
3132 2083 3221 2138 isti
3272 2083 3324 2137 in
3372 2098 3510 2153 prte-

1908 2175 2048 2229 senti
2083 2190 2291 2242 ptenas.
2323 2177 2367 2230 si
2398 2190 2505 2230 non
2553 2187 2833 2245 Oporteret
2864 2219 2878 2242 ,
2931 2177 3228 2232 secundum
3260 2174 3510 2247 Apostoli

1908 2270 2240 2323 sententiam
2273 2268 2319 2339 (Ι
2345 2268 2491 2335 Con,
2522 2285 2605 2335 ιι,
2641 2270 2725 2339 9),
2756 2278 2811 2325 et
2842 2270 3080 2325 hmreses
3117 2285 3261 2335 esse,
3307 2280 3366 2324 ut
3391 2283 3512 2338 pro-

1910 2363 2019 2416 bati
2051 2361 2318 2417 manifesti
2345 2361 2559 2417 ﬁerent.
2592 2364 2867 2418 Habentes
2899 2378 3051 2435 ergo,
3093 2364 3147 2418 hi
3178 2352 3318 2433 quos
3366 2362 3509 2417 dixi-

1912 2470 2033 2509 mus
2088 2470 2304 2533 vermes
2356 2455 2515 2519 Arii,
2566 2457 2955 2511 assentientem
3006 2457 3110 2511 sibi
3166 2456 3372 2526 regiam
3414 2470 3511 2525 po-

1916 2558 2192 2611 testatem,
2214 2549 2445 2615 primum
2469 2548 2687 2617 quidem
2714 2565 2810 2617 per
2829 2549 3070 2618 singulos
3092 2549 3144 2603 in
3169 2548 3511 2603 eversionem

1912 2640 2197 2696 catholicze
2227 2638 2351 2694 ﬁdei
2382 2649 2437 2693 et
2461 2639 2512 2693 in
2542 2639 2814 2695 excidium
2845 2655 3015 2695 sacrae
3062 2640 3339 2710 religionis
3363 2681 3377 2703 ,
3412 2654 3511 2708 pro

1914 2729 2120 2785 Ariana
2152 2730 2434 2799 impietate
2462 2731 2799 2785 contendunt
2828 2749 2842 2784 :
2875 2732 2945 2784 ita
2966 2742 3022 2784 ut
3044 2735 3389 2795 resistentes,
3419 2737 3514 2783 aut

1913 2822 2200 2877 calumniis
2227 2832 2573 2891 appeterent,
2606 2824 2695 2877 vel
2726 2824 2898 2893 poenis
2949 2822 3034 2877 vel
3084 2822 3282 2876 exsilio
3303 2821 3513 2875 crucia-

1918 2928 2039 2970 rent
2068 2926 2123 2970 et
2157 2925 2437 2971 neCarcnt.
2470 2915 2571 2971 Ubi
2600 2926 2806 2971 tantum
2853 2916 3086 2985 amplius
3117 2932 3212 2985 per
3240 2928 3393 2969 suam
3427 2928 3513 2968 ra-

1918 3010 2057 3064 biem
2079 3010 2309 3080 grassati
2333 3020 2483 3076 sunt,
2513 3019 2567 3065 et
2596 3010 2840 3065 fecerunt
2862 3009 2967 3064 sibi
2996 3010 3195 3079 ubique
3221 3016 3512 3069 terrorem,

1918 3120 2025 3159 non
2046 3104 2156 3173 jam
2186 3104 2425 3159 contenti
2457 3105 2535 3158 ire
2566 3118 2664 3173 per
2686 3104 2950 3173 singulos.
2986 3104 3268 3157 Postremo
3313 3106 3517 3170 cogunt

238 3196 461 3265 exemplo
486 3203 548 3250 et
573 3192 807 3247 cruciari
832 3192 1019 3246 debuit
1057 3199 1112 3244 et
1158 3188 1335 3257 perire
1356 3229 1372 3255 ,
1396 3190 1688 3259 qui'novas
1717 3188 1812 3243 ad-
1838 3183 1883 3245 C
1918 3196 2157 3265 undique
2207 3196 2259 3248 in
2313 3211 2478 3249 unum
2510 3195 2800 3264 episcopos
2821 3194 3136 3256 convenire,
3165 3200 3223 3248 et
3246 3193 3408 3246 datur
3436 3191 3517 3244 lo-

241 3303 404 3343 versus
453 3286 794 3357 unigenitum
830 3285 1019 3339 Filium
1052 3284 1147 3338 Dei
1186 3291 1581 3339 commentatus
1639 3282 1817 3338 fuerat

243 3380 555 3449 itnpietates,
584 3380 772 3433 dicens
814 3393 937 3432 eum
988 3392 1094 3431 non
1137 3392 1264 3432 vere
1297 3375 1365 3431 de
1403 3384 1552 3445 patre
1586 3386 1768 3431 natum
1798 3394 1811 3429 :

242 3481 287 3527 et
308 3480 421 3541 quia
466 3481 593 3527 erat
627 3470 843 3541 quando
895 3484 1001 3525 non
1042 3478 1198 3524 erat:
1254 3479 1307 3523 et
1354 3468 1479 3538 quia
1527 3484 1594 3523 ex
1646 3467 1817 3522 nihilo

244 3564 545 3619 substitutus
575 3572 691 3628 est,
725 3579 791 3617 ne
818 3561 1061 3632 ejusdem
1092 3561 1411 3618 substantiae
1440 3570 1494 3616 et
1519 3561 1818 3617 divinitatis

245 3667 290 3712 et
314 3657 757 3729 sempiteruitatis
785 3666 840 3711 et
866 3655 1295 3725 omnipotentiae,
1338 3654 1494 3725 cujus
1547 3662 1602 3711 et
1666 3662 1819 3725 pater

245 3758 333 3815 est,
358 3749 701 3805 crederetur.
788 3802 789 3805 η
841 3801 844 3804 .

306 3840 386 3896 IV.
427 3841 545 3897 Hoc
602 3839 723 3896 ideo
781 3840 1071 3896 retulimus
1132 3848 1374 3909 augustae
1418 3838 1822 3895 mansuetudini

250 3942 440 3999 vestrae,
472 3941 537 3988 ut
565 3947 696 3988 vero
728 3932 933 3987 intenta
958 3940 1135 3989 vestra
1169 3931 1451 4001 prudentia
1484 3932 1824 3987 animadver-

250 4033 333 4093 tat,
357 4040 517 4095 quam
543 4025 870 4080 venerabilis
915 4024 1051 4079 ﬁdes
1095 4024 1165 4079 sit
1211 4023 1519 4093 conscripta
1561 4024 1703 4093 apud
1734 4023 1825 4078 Ni-

250 4131 403 4173 czam
431 4118 698 4175 adversus
727 4116 939 4182 Arium,
966 4116 1053 4171 cui
1078 4124 1133 4171 et
1166 4115 1307 4170 Deus
1362 4131 1468 4171 non
1517 4117 1697 4172 solum
1729 4132 1827 4186 per

251 4212 613 4265 auctoritatem
659 4209 1063 4280 Scripturarum
1114 4208 1464 4275 divinarum,
1513 4209 1608 4265 sed
1658 4210 1826 4266 etiam

254 4318 335 4373 per
359 4305 784 4361 sacratissimam
814 4304 1115 4359 orationem
1141 4305 1315 4358 sancti
1339 4318 1553 4373 quoque
1594 4303 1828 4359 Alexan-

255 4394 326 4452 dri
351 4398 718 4454 testimonium
746 4395 893 4452 dedit
921 4414 933 4451 :
967 4404 1022 4452 et
1049 4411 1210 4466 quam
1240 4397 1591 4452 exsecrabilis
1620 4406 1703 4452 est
1731 4398 1830 4452 im-

256 4491 328 4558 pia
348 4491 593 4547 doctrina
643 4490 785 4553 Arii.
813 4505 971 4560 quam
1002 4490 1053 4545 in
1088 4491 1206 4559 ipso
1254 4490 1388 4547 Ario
1442 4505 1583 4545 novo
1629 4507 1829 4559 genere

1920 3303 2016 3343 cus
2042 3289 2105 3342 ad
2140 3288 2437 3359 synodum,
2462 3287 2832 3341 Orientalibus
2855 3287 3072 3356 quidem
3098 3286 3345 3341 Seleucia
3368 3283 3516 3338 Isau-

1921 3381 2016 3436 riae
2034 3422 2050 3447 ,
2074 3379 2523 3435 Occidentalibus
2552 3395 2680 3434 vero
2701 3381 2894 3434 civitas
2921 3379 3304 3434 Ariminensis.
3337 3377 3518 3447 Atque

1922 3472 2033 3527 illic
2066 3472 2296 3542 primum
2323 3472 2544 3541 quidem
2583 3472 2829 3541 episc0pi
2883 3487 2981 3539 pro
3040 3478 3227 3524 sancta
3274 3467 3380 3524 ﬁde
3426 3483 3519 3522 ve-

1922 3566 2157 3629 nientes,
2174 3564 2502 3619 confirmant
2529 3563 2676 3617 illam
2699 3563 3097 3631 expositionem
3120 3577 3242 3631 quas
3265 3560 3405 3629 apud
3427 3558 3520 3613 Ni-

1921 3671 2090 3712 eaeam
2118 3655 2429 3723 conscripta
2459 3665 2563 3720 est,
2595 3657 2666 3709 ita
2698 3664 2756 3709 ut
2787 3654 2920 3708 nihil
2966 3653 3093 3708 inde
3134 3653 3477 3707 minueretur
3500 3692 3517 3717 ,

1924 3748 2068 3819 quod
2095 3748 2467 3818 evangelicam
2494 3747 2655 3802 ﬁdem
2680 3747 2861 3802 verbis
2884 3744 3396 3816 inexpugnabilibus
3426 3758 3523 3798 ex-

1922 3841 2175 3911 plicaret,
2198 3851 2255 3896 et
2279 3840 2392 3894 Arii
2423 3841 2639 3909 impiam
2663 3832 2971 3895 doctrinam
2994 3839 3176 3893 divina
3195 3840 3521 3893 auctoritate

1925 3936 2233 3991 damnaret.
2262 3936 2416 3991 Tunc
2442 3936 2659 3991 demum
2682 3936 2919 3989 oblatam
2978 3935 3046 3989 ab
3087 3934 3316 3990 Ursacio
3349 3973 3362 3997 ,
3421 3930 3522 3985 Va-

1925 4026 2095 4092 lente,
2125 4027 2406 4083 Germinio
2455 4038 2511 4082 et
2552 4028 2683 4082 Caio
2743 4027 3054 4097 huiusmodi
3101 4026 3225 4081 ﬁdei
3276 4025 3524 4081 conscri-

1928 4122 2368 4193 ptionem,'qum
2393 4130 2449 4176 et
2482 4121 2639 4176 fidem
2688 4120 3013 4175 catholicam
3072 4119 3413 4188 reprobaret,
3468 4124 3529 4171 et

1929 4213 2119 4269 Arium
2150 4212 2480 4280 absolveret,
2526 4214 2649 4282 jmo
2699 4220 2756 4267 et
2787 4211 3162 4266 introduceret
3202 4209 3521 4279 pestiferam

1930 4306 2050 4376 ejus
2103 4308 2431 4372 doctrinam,
2482 4314 2839 4361 exsecrantur
2884 4315 2938 4359 et
2986 4304 3247 4358 damnant
3276 4311 3383 4357 tarn
3422 4305 3526 4357 im-

1932 4404 2076 4473 piam
2110 4402 2271 4456 fidem
2317 4417 2528 4457 eorum.
2562 4400 2890 4468 Quinetiam
2950 4399 3099 4467 ipsos
3125 4438 3139 4462 ,
3191 4397 3529 4465 inexpiabile

1934 4496 2115 4550 scelus
2141 4510 2265 4550 esse
2286 4494 2615 4563 iudicantes,
2645 4494 2689 4546 si
2725 4503 2935 4561 patrum
2972 4491 3133 4545 ﬁdem
3157 4490 3528 4561 venerabilem

258 4584 493 4652 supplicii
533 4582 803 4638 sententia
833 4582 1011 4636 divina
1033 4582 1329 4647 damnavit,
1359 4599 1465 4637 non
1505 4593 1829 4652 exspectans
1862 4584 1909 4643 D
1938 4589 2150 4643 violent
2172 4630 2187 4650 .
2244 4588 2288 4641 si
2346 4588 2444 4641 ltos
2504 4595 2612 4641 tam
2642 4584 2858 4654 impios,
2890 4596 3054 4654 atque
3082 4584 3302 4653 impiam
3334 4597 3529 4639 eorum

259 4676 303 4731 in
332 4678 420 4735 illo
441 4678 583 4733 diem
607 4676 796 4747 judicii
830 4717 844 4742 ,
872 4683 931 4730 ut
957 4675 1210 4744 exemplo
1254 4692 1427 4745 poenae
1483 4676 1602 4746 ejus
1647 4680 1832 4733 caeteri

264 4771 516 4836 perterriti
546 4777 935 4840 praecaverent.
962 4769 1078 4836 Quo
1105 4768 1288 4837 utique
1309 4770 1559 4838 exemplo
1587 4785 1685 4824 nec
1703 4770 1832 4826 illud

264 4862 602 4921 dubitandum
632 4872 735 4930 est,
760 4864 920 4918 etiam
953 4861 1051 4915 hos
1074 4861 1213 4932 apud
1246 4862 1414 4916 Deunt
1465 4877 1587 4918 esse
1614 4862 1837 4918 damna-

268 4964 376 5020 tos,
415 4957 505 5029 qui
549 4956 668 5011 Arii
712 4954 927 5025 impiam
991 4954 1296 5009 doctrinam
1335 4954 1703 5010 renovandam
1753 4956 1835 5011 vel

266 5049 651 5121 Suscipiendam
688 5062 811 5103 esse
840 5046 1211 5103 crediderunt.
1243 5046 1526 5114 Quomodo
1573 5047 1715 5102 enim
1744 5062 1837 5102 eos

269 5153 509 5211 perpetua
543 5156 705 5213 paena
736 5139 1017 5211 disjuugit,
1046 5154 1182 5209 quos
1236 5139 1398 5207 impia
1452 5138 1695 5193 doctrina
1729 5155 1837 5195 non

268 5236 505 5305 separat?
544 5234 713 5291 Pares
745 5249 868 5288 reos
899 5234 1063 5287 etiam
1091 5232 1287 5286 vestris
1320 5230 1530 5300 legibus
1566 5245 1703 5285 unus
1721 5247 1838 5286 car-

270 5340 351 5378 cer
377 5327 623 5391 includit,
648 5336 809 5396 atque
834 5340 937 5378 nua
970 5322 1091 5378 ferit
1121 5322 1411 5377 sententia.
1460 5322 1565 5377 Sed
1608 5331 1664 5377 et
1707 5322 1841 5378 illud

271 5418 454 5489 ambigi
486 5436 589 5472 nuit
622 5427 818 5488 potest,
850 5416 949 5470 hos
976 5430 1099 5469 esse
1118 5429 1246 5469 vere
1276 5413 1600 5479 catholicos,
1624 5416 1713 5482 qui
1746 5428 1843 5483 per

276 5509 474 5575 exsilia,
506 5526 601 5581 per
647 5524 839 5580 genera
892 5505 1313 5576 suppliciorum,
1350 5520 1447 5575 per
1499 5507 1842 5563 atrocitatem

279 5605 475 5669 mortis,
500 5602 648 5657 illam
675 5602 836 5657 fidem
881 5599 999 5655 sine
1030 5598 1155 5654 dolo
1181 5598 1481 5664 vindicant,
1531 5614 1652 5669 quae
1702 5601 1844 5671 apud

359 5790 374 5822 ‘
406 5788 495 5851 lis.
523 5788 810 5851 lnteraneis
835 5784 1065 5847 omnibus
1090 5781 1363 5842 evacuatis.

1939 4678 2405 4749 conscriptionem
2442 4686 2723 4747 pateretur
2756 4676 3017 4731 Ecclesia.
3048 4676 3274 4730 Mittunt
3319 4688 3535 4744 quoque

1940 4772 2128 4828 decem
2167 4772 2374 4841 legatos
2398 4772 2464 4824 ad
2495 4774 2878 4838 imperatorem
2915 4768 3293 4823 Constantium
3330 4810 3343 4833 ,
3401 4769 3539 4823 seri-

1942 4868 2131 4921 bentes
2167 4881 2289 4936 qum
2327 4875 2475 4935 gesta
2517 4873 2671 4929 sunt,
2705 4873 2760 4919 et
2812 4866 3091 4917 hortantes
3136 4864 3296 4917 simul
3331 4872 3388 4916 ut
3416 4864 3536 4927 ipse

1943 4974 2161 5030 quoque
2211 4959 2429 5013 decreta
2478 4958 2693 5012 Patrum
2729 4972 2825 5025 pro
2857 4957 2959 5011 ﬁde
3006 4957 3303 5012 venerabili
3346 4964 3538 5012 contra

1947 5052 2233 5106 hmreticos
2260 5051 2516 5105 inviolata
2543 5058 2805 5104 servaret.
2841 5050 3211 5104 Mittuutsane
3260 5060 3313 5103 et
3363 5048 3543 5105 hmre-

1948 5145 2039 5199 tici
2092 5144 2484 5213 legatos,quos
2516 5151 2643 5195 tunc
2696 5142 3139 5206 familiarissime,
3190 5150 3244 5195 et
3294 5151 3352 5195 ut.
3409 5150 3541 5196 suos

1944 5236 2184 5305 suscepit
2215 5234 2584 5289 Constantius.
2624 5237 2728 5287 tios
2749 5247 2910 5288 veros
2943 5233 3152 5302 legatos
3180 5233 3273 5301 qui
3303 5246 3401 5301 pro
3431 5230 3544 5285 ﬁde

1948 5328 2215 5382 catholica
2241 5322 2427 5380 contra
2460 5324 2746 5379 haereticos
2800 5332 3088 5388 venerant,
3134 5323 3393 5390 reprobat
3428 5361 3440 5385 ,
3491 5329 3548 5377 et

1953 5436 2049 5492 per
2085 5435 2211 5474 suos
2242 5434 2384 5475 nunc
2412 5418 2584 5489 gratia
2636 5418 2849 5484 invitat,
2881 5431 3025 5471 nunc
3060 5415 3223 5471 minis
3251 5422 3550 5484 perterret,

1933 5515 2007 5568 et
2037 5512 2256 5566 interim
2284 5511 2398 5565 sola
2429 5509 2695 5565 dilatione
2719 5509 3034 5572 discruciat,
3078 5516 3134 5560 ut
3174 5507 3224 5559 itt
3272 5505 3549 5572 ultimum,

1952 5618 2074 5659 cum
2108 5606 2242 5658 iram
2276 5604 2419 5673 regis
2453 5610 2724 5666 metuunt,
2778 5615 2899 5656 cum
2948 5616 3055 5656 non
3112 5598 3404 5668 dignantur
3456 5592 3554 5670 pro
