3998 6346
491 299 563 359 87
1666 300 1983 358 FAUSTINI
2022 300 2110 356 ET
2149 295 2569 355 MARCELLINI
3699 302 3759 358 38

407 381 410 384 ἢ
498 419 724 477 Christo
755 419 894 475 Filio
917 419 1010 474 Dei
1041 417 1292 475 exsilium
1322 415 1561 486 perpeti,
1595 429 1718 469 eum
1749 413 1983 484 propriis
2009 427 2096 468 se—
2120 417 2171 476 Α
2203 411 2324 467 liter
2351 420 2408 468 et
2437 410 2699 468 Eusebius
2727 427 2759 466 a
2785 410 3069 477 Vercellis,
3097 424 3196 467 nec
3236 425 3340 466 non
3382 420 3436 467 et
3490 410 3758 485 Dionysius

500 512 664 566 dibus
693 520 749 567 et
773 511 1128 567 ecclesiarum
1158 506 1636 578 perniciosissimis
1661 505 2092 574 possessionibus

499 603 871 669 obiectantur,
904 600 1214 658 rescindant
1247 599 1393 670 quod
1447 600 1533 668 pie
1582 597 2012 663 vindicaverant,
2039 606 2095 652 et

499 699 808 767 suscipiant
834 695 977 766 quod
1005 704 1061 749 ut
1088 694 1310 765 impium
1338 694 1756 748 damnaverant.

577 790 665 845 Vl.
707 789 895 844 Liceat
921 789 975 842 in
1006 787 1108 842 hoc
1129 787 1273 856 apud
1321 799 1421 842 vos
1468 784 1751 856 religiosos
1803 786 2096 854 imperato-

496 899 588 940 res
615 884 670 938 in
703 897 864 937 causa
913 881 1002 936 Dei
1061 879 1333 936 dolentius
1386 878 1786 949 ingemiscere:
1842 875 2093 946 Episcopi

502 975 622 1044 plus
654 975 788 1028 iram
823 975 966 1044 regis
996 974 1194 1028 terreni
1227 972 1556 1036 timuerunt,
1605 983 1768 1040 quam
1819 969 2091 1024 Christum

494 1080 682 1121 verum
717 1067 905 1131 Deum,
948 1075 1004 1122 et
1053 1065 1448 1136 sempiternum
1480 1079 1683 1134 regem.
1717 1063 1945 1119 Gravius
2000 1079 2095 1118 ex-

497 1156 681 1211 silium
711 1158 1008 1226 Iemporale
1035 1172 1157 1212 eSse
1187 1155 1555 1219 crediderunt,
1583 1171 1742 1225 quam
1775 1164 2091 1225 perpetuam

499 1265 720 1319 pmnam
769 1251 1068 1306 secundum
1131 1250 1347 1306 Esaiam
1409 1249 1824 1304 indortnitabilis
1896 1249 2093 1304 vermis

499 1341 661 1414 (lsa.,
692 1359 839 1410 Lavi,
870 1343 997 1412 24),
1047 1353 1104 1399 et
1131 1344 1268 1414 ignis
1301 1343 1775 1413 incxstinguibilis.
1832 1342 2092 1400 Suaviora

503 1435 812 1490 habueruut
845 1437 1060 1506 propria
1092 1435 1363 1490 domicilia
1393 1444 1449 1491 et
1481 1436 1853 1505 possessiones
1877 1475 1894 1501 ,
1930 1452 2090 1506 quam

494 1527 549 1580 in
584 1542 754 1589 regno
781 1525 982 1583 Christi
1006 1528 1219 1583 beatam
1247 1536 1301 1582 et
1332 1536 1646 1598 perpetuam
1678 1527 2087 1584 habitationem.

491 1619 605 1675 Sed
636 1620 1009 1687 Constantius,
1040 1636 1147 1676 non
1179 1631 1464 1678 contentus
1488 1622 1644 1677 ruina
1670 1632 1725 1678 et
1753 1623 1874 1678 labe
1903 1625 2090 1680 decem

497 1713 826 1784 legatorum,
863 1714 1029 1769 mittit
1054 1715 1378 1782 Ariminum,
1408 1723 1464 1769 ut
1492 1730 1682 1770 omnes
1715 1716 1824 1771 illic
1848 1715 2090 1787 episeopi

497 1807 756 1863 similiter
787 1816 1148 1863 verterentur.
1172 1808 1274 1877 Qui
1298 1818 1354 1865 et
1382 1809 1506 1878 ipsi,
1549 1808 1695 1864 malo
1721 1812 1975 1879 exemplo
2001 1809 2092 1866 illo

497 1901 800 1969 legatorum
833 1914 1077 1968 suorum,
1109 1904 1250 1971 piam
1283 1900 1443 1955 ﬁdem
1476 1909 1688 1972 patrum
1711 1917 1872 1973 quam
1922 1902 2095 1957 vindi-

496 2000 779 2055 caverant,
811 1992 1128 2062 reprobant,
1162 1993 1570 2049 subscribentes
1597 1993 1648 2048 in
1675 1993 1767 2048 illa
1800 1992 1908 2049 ﬁde
1940 1993 2094 2049 Aria-

498 2097 694 2137 norum
726 2097 888 2153 quam
916 2084 1130 2154 integro
1158 2094 1212 2139 et
1239 2085 1413 2140 libero
1439 2083 1648 2155 judicio
1683 2083 2088 2142 damnaverant.

494 2175 1041 2246 Advertitsapientia
1093 2185 1314 2244 vestra,
1369 2177 1772 2234 Ariminensem
1823 2179 2092 2250 synodum

500 2267 742 2337 piissime
763 2277 1020 2339 emptam,
1041 2270 1136 2324 sed
1161 2270 1480 2340 impiissime
1505 2272 1868 2326 terminatam.
1889 2273 2092 2329 Eadem

497 2369 757 2416 autemet
783 2363 924 2430 apud
950 2363 1255 2419 Seleuciam
1285 2363 1505 2420 Isauriae
1553 2365 1622 2420 ab
1669 2367 1942 2436 episcopis
1991 2367 2094 2421 im-

497 2452 673 2521 pietas
721 2455 1014 2509 commissa
1061 2463 1166 2511 est.
1219 2454 1492 2522 Judicate,
1535 2456 1766 2525 piissimi
1797 2466 1852 2512 et
1878 2457 2095 2528 religio-

497 2541 697 2597 sissimi
765 2544 1162 2612 imperatores,
1211 2545 1266 2600 in
1302 2561 1410 2613 quo
1457 2545 1534 2600 rei
1572 2555 1720 2612 sunt,
1769 2555 1827 2603 et
1875 2549 1928 2602 in
1987 2564 2093 2618 quo

498 2643 782 2690 merentur
832 2635 996 2707 afﬂigi
1020 2678 1034 2702 ,
1064 2637 1156 2707 qui
1204 2638 1400 2692 nolunt
1440 2653 1562 2693 cum
1597 2637 1794 2694 talibus
1823 2642 2094 2711 episcopis

496 2729 840 2794 convenire:
889 2732 1137 2801 quicum
1173 2731 1407 2803 primum
1454 2731 1614 2787 ﬁdem
1661 2733 1922 2805 integram
1977 2735 2096 2790 vin-

503 2820 754 2876 dicarent
789 2833 841 2898 et
873 2822 1096 2892 impiam
1125 2823 1289 2879 ﬁdem
1321 2826 1706 2896 reprobarent,
1755 2837 1940 2897 postea
1969 2843 2092 2885 cum

487 2921 748 2970 metuunt
769 2913 1046 2980 exsilium,
1060 2930 1184 2970 cum
1203 2915 1362 2971 rebus
1382 2917 1536 2982 suise
1550 2917 1792 2973 tsedibus
1815 2920 2096 2976 oblectan-s

496 3015 604 3071 tur,
638 3015 858 3061 vertunt
876 3008 1202 3075 sententias,
1239 3008 1564 3066 damnantes
1593 3010 1662 3066 ad
1690 3021 1878 3067 nutum
1921 3012 2093 3070 lia-re-

491 3096 586 3150 tici
615 3097 996 3166 imperatoris,
1030 3100 1178 3154 illam
1209 3101 1563 3171 apostolicam
1595 3117 1755 3172 quam
1784 3104 2092 3162 vindicave-

2202 502 2706 569 Mediolanensium,
2737 500 3056 558 Constantio
3085 503 3198 574 regi
3227 503 3456 572 primum
3480 502 3756 570 familiaris,

2197 611 2320 651 cum
2349 595 2526 651 adhuc
2558 597 2832 666 ignoraret
2860 611 2984 651 eum
3015 594 3281 651 fautorem
3326 609 3450 652 esse
3497 596 3760 653 haeretico-

2195 705 2340 757 rum,
2367 700 2554 759 postea
2595 697 2772 744 tamen
2803 703 2963 758 quam
2989 690 3037 743 ei
3070 688 3341 758 cognitum
3373 698 3456 742 est
3485 695 3540 742 et
3583 690 3760 758 proba-

2196 789 2336 845 tum,
2359 779 2504 850 quod
2534 778 2816 834 haereticos
2851 779 3188 842 vindicaret,
3238 779 3442 850 respuit
3494 780 3632 850 regis
3675 782 3761 835 illl-

2199 873 2338 943 piam
2359 871 2801 938 familiaritatem,
2828 872 3034 927 malens
3063 871 3338 935 exsilium,
3368 886 3437 926 ne
3456 871 3649 950 Christi
3680 873 3759 929 Dei

2196 967 2488 1022 amicitiam
2520 967 2791 1037 perderet,
2841 981 2910 1022 ne
2960 975 3272 1021 sanctorum
3316 968 3644 1021 consortium
3666 981 3762 1021 non

2198 1060 2441 1116 haberet.
2477 1060 2584 1116 Sed
2613 1069 2668 1116 et
2699 1059 2978 1116 Rodanius
3000 1060 3230 1113 mittitur
3255 1060 3307 1114 in
3354 1059 3628 1125 exsilium,
3651 1075 3762 1115 nec-

2197 1168 2304 1208 non
2328 1165 2378 1208 et
2411 1153 2668 1227 Hilarius,
2700 1153 2792 1224 qui
2819 1162 2874 1208 et
2915 1152 3114 1221 scripta
3160 1165 3349 1208 contra
3405 1152 3681 1208 lnereticos
3713 1161 3762 1208 et

2200 1247 2644 1316 praevaricatores
2681 1245 2889 1300 edidit:
2949 1243 3078 1299 licet
3133 1252 3314 1314 postea
3369 1257 3498 1298 vero
3552 1245 3762 1300 interru-

2197 1337 2340 1409 perit
2361 1339 2544 1392 favens
2573 1335 3082 1409 praevaricator-ibus
3108 1377 3124 1402 ,
3173 1345 3233 1392 ut
3283 1351 3392 1390 non
3417 1335 3652 1392 dicamus
3693 1336 3763 1390 in-

2197 1430 2352 1484 terim
2396 1429 2518 1497 quia
2548 1431 2562 1460 ³
2595 1429 2684 1484 ubi
2725 1439 2781 1484 et
2815 1427 3108 1494 haereticis,
3162 1429 3212 1484 in
3265 1443 3404 1499 quos
3457 1429 3762 1499 elaquentia:

2195 1537 2308 1578 suae
2375 1522 2579 1578 viribus
2649 1532 3024 1592 peraraverat.
3079 1525 3098 1553 ⁸
3150 1523 3416 1577 Maximus
3460 1537 3664 1593 quoque
3705 1522 3763 1578 de

2197 1614 2418 1685 Neapoli
2447 1615 2776 1685 Campaniaa,
2810 1629 2877 1684 eo
2904 1614 3046 1685 quod
3079 1625 3224 1670 esset
3251 1613 3761 1688 inltabilivstomacho

2197 1717 2251 1762 et
2281 1722 2508 1776 corpore
2528 1707 2833 1773 delicatior,
2861 1707 3090 1778 primum
3123 1705 3340 1777 quidem
3364 1715 3422 1760 ut
3441 1704 3652 1760 caderet
3683 1705 3764 1760 diu
3799 1773 3822 1796 ⁸

2197 1799 2430 1854 afflictus
2452 1799 2686 1870 injuriis,
2718 1799 2917 1854 deinde
2960 1799 3048 1855 ubi
3103 1799 3174 1853 ob
3202 1799 3371 1854 animi
3423 1799 3759 1854 constantiam

2198 1889 2433 1959 ﬁdeique
2452 1891 2747 1953 virtutem,
2778 1890 2958 1945 carnis
2998 1889 3314 1946 inﬁrmitate
3369 1905 3478 1946 non
3533 1889 3764 1957 vincitur,

2195 1983 2390 2039 ductus
2411 1992 2493 2038 est
2519 1984 2570 2037 in
2590 1982 2864 2048 exsilium,
2893 1993 3054 2053 atque
3076 1982 3188 2038 illic
3215 1993 3423 2052 martyr
3465 1983 3516 2037 in
3575 1981 3764 2038 Domini

2197 2090 2332 2146 pace
2359 2074 2643 2146 requievit.
2670 2074 2778 2130 Sed
2796 2083 2851 2129 ct
2869 2073 3212 2144 Ruﬁnianus,
3243 2075 3397 2130 mirae
3419 2074 3630 2143 quidem
3654 2073 3766 2128 sim-

2198 2167 2479 2240 plicitatis,
2525 2169 2620 2224 sed
2650 2168 3022 2224 admirabilior
3053 2171 3105 2223 in
3132 2169 3330 2224 tuenda
3372 2167 3499 2236 ﬁde,
3528 2167 3766 2224 eﬂ'nsione

2197 2263 2282 2318 sui
2307 2262 2593 2332 sanguinis
2625 2262 2886 2331 praavenit
2910 2263 3180 2318 exsilium.
3227 2262 3469 2334 Denique
3510 2277 3626 2318 cum
3680 2275 3765 2331 pro

2197 2355 2320 2411 ﬁdei
2350 2356 2659 2426 integritate
2683 2357 2947 2426 persistit.
2975 2356 3117 2416 hunc
3148 2356 3465 2427 Epictetus,
3497 2366 3644 2411 atrox
3685 2355 3766 2410 ille

2197 2460 2252 2505 et
2286 2449 2440 2505 dirus
2484 2451 2553 2506 de
2608 2449 2993 2507 Centutncellis
3047 2451 3356 2522 episcopus,
3412 2461 3536 2506 ante
3565 2448 3764 2505 rhedam

2196 2559 2349 2599 suam
2372 2561 2595 2601 currere
2623 2546 2821 2616 coegit,
2853 2555 3056 2602 etcum
3081 2546 3174 2602 diu
3212 2546 3387 2601 currit
3417 2588 3431 2612 ,
3471 2547 3549 2601 sic
3599 2546 3648 2599 in
3691 2544 3762 2598 via

2198 2638 2374 2708 ruptis
2452 2637 2702 2692 vitalibus
2765 2638 3085 2708 sanguinem
3156 2632 3394 2694 fundens
3473 2637 3763 2707 exspiravit.

2197 2731 2388 2788 Sciunt
2419 2733 2520 2788 hoc
2556 2733 2900 2804 Neapolitani
2931 2735 2984 2790 in
3012 2734 3304 2806 Campania
3343 2777 3358 2802 ,
3412 2736 3502 2810 ubi
3545 2733 3763 2803 reliquize

2196 2826 2410 2882 cruoris
2434 2827 2552 2896 ejus
2598 2827 2649 2882 in
2691 2827 2931 2882 obsessis
2981 2828 3300 2898 corporibus
3355 2827 3613 2883 daemonia
3643 2822 3764 2878 allii-

2194 2926 2369 2989 gunt:
2400 2934 2498 2988 pro
2523 2919 2696 2990 gratia
2727 2920 2912 2991 utique
2944 2919 3071 2975 ﬁdei
3121 2920 3282 2986 illius,
3310 2935 3414 2991 pro
3441 2935 3540 2991 qua
3570 2916 3765 2983 sangui-

2199 3026 2321 3066 nem
2350 3010 2509 3067 fudit.
2542 3011 2786 3067 Fuerunt
2814 3022 2870 3067 et
2894 3013 2984 3066 alii
3014 3013 3255 3083 episcopi
3281 3013 3355 3069 de
3385 3010 3614 3084 Egypto
3653 3010 3764 3065 licet

2196 3104 2436 3174 pauculi,
2469 3108 2699 3176 quorum
2731 3105 2822 3160 alii
2853 3107 2906 3160 in
2933 3104 3107 3175 fugam
3136 3105 3279 3160 versi
3313 3117 3466 3173 sunt,
3523 3103 3612 3158 alii
3647 3115 3762 3156 vero

492 3199 620 3246 rant
648 3190 835 3259 ﬁdem,
874 3193 962 3248 vel
982 3194 1342 3262 suscipientes
1363 3195 1510 3251 illam
1553 3197 1668 3252 Arii
1713 3213 1873 3268 quam
1905 3214 2094 3269 repro—
2118 3205 2163 3269 ο
2197 3198 2250 3253 in
2272 3199 2523 3254 exsilium
2545 3200 2756 3265 dati,eo
2778 3199 3142 3268 quodnollent
3159 3215 3283 3255 cum
3303 3199 3574 3271 episcopis
3603 3194 3761 3268 impiis

491 3285 760 3342 baverunt
791 3287 1148 3358 impietatem.

569 3379 677 3434 ΥΠ.
721 3379 913 3438 Nonne
933 3394 1148 3454 gratum
1184 3384 1384 3443 habere
1411 3386 1758 3457 debuerunt,
1810 3391 1853 3445 si
1908 3399 2086 3448 tamen

491 3475 792 3532 credebant
817 3478 1057 3533 futurum
1091 3481 1185 3535 Dei
1211 3481 1496 3550 judicium,
1539 3483 1720 3538 omnia
1767 3485 1910 3540 mala
1966 3502 2088 3557 per-

493 3570 628 3639 peti,
661 3585 820 3639 quam
849 3585 972 3626 esse
999 3574 1330 3629 venerabilis
1373 3575 1501 3630 ﬁdei
1544 3577 1875 3646 proditores,
1935 3581 2088 3648 cujus

490 3663 695 3718 veritas
721 3665 893 3718 sancti
927 3681 1143 3736 quoque
1175 3666 1465 3723 Alexandri
1491 3670 1830 3726 orationibus
1869 3680 1925 3726 et
1972 3672 2086 3727 Arii

489 3754 760 3823 supplicio
789 3753 968 3811 fuerat
993 3758 1324 3826 approbata?
1345 3763 1580 3816 maxime
1603 3776 1728 3816 eum
1751 3772 1804 3818 et
1832 3763 2086 3832 gloriosa:

490 3846 762 3914 passionis
792 3849 1166 3917 praecessisset
1194 3854 1522 3921 exemplum,
1570 3853 1697 3908 licet
1731 3856 2086 3924 paucissimo-

487 3955 607 3995 rum
640 3940 1046 4010 episeoporum,
1077 3945 1260 4013 quine
1293 3945 1663 4014 evangelicam
1700 3948 2085 4018 apostolicam-

380 4062 388 4069 π
486 4047 592 4102 que
623 4031 784 4086 ﬁdem
809 4033 1107 4099 violarent,
1159 4051 1226 4090 ne
1276 4037 1458 4107 impiis
1494 4038 1942 4108 acquiescerent,
1975 4057 2082 4096 non

485 4126 762 4191 exsilium,
795 4143 902 4182 non
931 4129 1280 4198 supplicium,
1305 4147 1404 4187 nec
1434 4132 1668 4203 aliquam
1714 4136 1906 4190 mortis
1936 4146 2084 4190 atro-

482 4217 704 4274 citatem
733 4229 1076 4276 recusarunt.
1111 4221 1357 4293 Denique
1393 4233 1520 4278 ante
1566 4223 1834 4296 synodum
1884 4225 2084 4282 Arimi-

483 4325 710 4366 nensem
753 4312 1015 4368 Paulinus
1043 4315 1108 4369 de
1139 4314 1390 4371 Treveris
1437 4318 1914 4373 constantissimus
1968 4320 2082 4390 epi-

484 4417 684 4472 sc0pus
713 4403 872 4458 datur
902 4405 954 4460 in
983 4407 1272 4472 exsilium,
1309 4408 1448 4478 piam
1482 4407 1640 4464 ﬁdem
1696 4409 1974 4466 vindicans
2025 4421 2082 4467 et

484 4509 778 4549 exsecrans
802 4499 1137 4553 consortium
1167 4499 1510 4558 Arianorum.
1532 4503 1640 4560 Sed
1662 4513 1721 4560 et
1745 4507 2078 4576 apostolicus

2195 3301 2251 3347 et
2275 3292 2586 3348 crudelibus
2632 3293 2944 3349 convenire.

2266 3383 2402 3439 VIII.
2437 3383 2606 3450 Quam
2632 3385 2817 3456 utique
2853 3385 3068 3440 salubre
3091 3384 3287 3452 fuerat,
3316 3400 3480 3457 quam
3501 3381 3759 3453 pulchrum

2192 3490 2423 3545 quamve
2451 3477 2750 3546 gloriosum
2777 3519 2792 3546 ,
2826 3478 2871 3533 si
2900 3492 3093 3534 omnes
3121 3478 3199 3532 illi
3225 3478 3498 3549 episcopi,
3527 3477 3634 3548 pari
3665 3473 3760 3528 vir-

2193 3579 2304 3626 tute
2337 3580 2392 3626 et
2421 3570 2586 3625 simili
2616 3571 3020 3642 conspiratione
3039 3613 3055 3638 ,
3091 3570 3250 3626 ﬁdem
3281 3586 3444 3642 quam
3472 3577 3614 3626 recte
3632 3581 3759 3623 sem-

2191 3676 2291 3732 per
2325 3660 2736 3718 vindicaverant
2758 3704 2773 3730 ,
2813 3664 2867 3717 in
2902 3662 3063 3718 ﬁnem
3108 3678 3276 3733 usque
3305 3672 3636 3728 servassent,
3663 3673 3756 3714 non

2189 3754 2402 3820 exsilia,
2437 3769 2545 3809 non
2571 3755 2832 3826 supplicia
2865 3757 3337 3826 pertimescentes,
3369 3756 3436 3811 ad
3463 3752 3754 3824 capiendam

2191 3847 2376 3917 utique
2406 3847 2641 3902 futuram
2673 3847 2727 3901 in
2760 3847 2855 3903 Dei
2887 3847 3086 3902 Christi
3119 3864 3286 3918 regno
3311 3859 3618 3918 perpetuam
3645 3844 3757 3900 bea-

2189 3939 2498 3994 titudinem!
2527 3939 2591 3994 Et
2623 3951 2882 4008 tacemus,
2908 3941 3051 4011 quod
3080 3941 3324 3996 fortassis
3346 3944 3508 3998 etiam
3534 3949 3586 3996 et
3611 3937 3754 3993 intel-

2187 4033 2353 4104 ligere
2399 4033 2657 4090 fecissent
2698 4029 2954 4110 magnum
2987 4035 3218 4104 pretium
3253 4050 3375 4091 esse
3416 4035 3565 4089 istius
3603 4026 3751 4093 ﬁdei,

2188 4143 2287 4198 ιπο
2335 4143 2438 4198 (illa
2499 4127 2678 4182 "nllus
2735 4129 3118 4199 episcoporum
3172 4129 3457 4197 exsilium,
3510 4123 3756 4198 proscrip-

2188 4223 2366 4278 tiones
2389 4265 2403 4286 ,
2436 4231 2702 4277 tormenta
2730 4263 2744 4288 ,
2786 4231 3123 4294 mortemque
3170 4233 3467 4281 recusaret.
3509 4218 3608 4277 Sed
3645 4229 3757 4286 pau-

2182 4316 2292 4371 lutn
2325 4319 2552 4370 territus
2582 4324 2765 4371 tantus
2812 4317 3198 4386 episeottorum
3251 4328 3508 4370 numerus
3533 4318 3754 4367 caterva-

2187 4411 2279 4464 tim
2318 4408 2586 4464 dederunt
2624 4424 2816 4465 manus
2862 4409 3122 4478 impietati
3148 4450 3164 4478 ,
3191 4419 3245 4464 et
3271 4408 3338 4463 ad
3369 4409 3619 4476 majorem
3656 4401 3752 4472 jam

2187 4503 2467 4556 vesaniam
2511 4503 2789 4558 inclinavit
2831 4503 3080 4573 impietas
3125 4513 3231 4557 tam
3262 4500 3408 4557 facili
3436 4510 3608 4569 strage
3633 4491 3755 4550 mul-

481 4584 568 4638 vir
595 4583 814 4640 Lucifer
833 4585 901 4641 de
931 4587 1182 4644 Sardinia
1207 4588 1530 4648 Caralitanze
1573 4596 1811 4650 civitatis
1865 4599 2076 4667 cpisco-
2108 4599 2153 4660 D
2184 4595 2450 4650 tillldinis.
2485 4593 2602 4649 NOII
2659 4597 2761 4650 hoc
2808 4595 2988 4650 minus
3024 4595 3365 4666 sacrilegium
3393 4603 3507 4658 est.
3539 4606 3638 4647 non
3663 4589 3754 4641 hoc

478 4690 602 4746 pus,
631 4676 701 4730 ob
724 4677 827 4732 hoc
847 4678 991 4746 quod
1017 4678 1160 4737 bene
1180 4692 1324 4736 esset
1340 4684 1555 4752 agnitus
1585 4700 1683 4754 per
1704 4697 2072 4758 contemptum

478 4767 694 4832 saeculi,
728 4783 826 4837 per
853 4771 1088 4825 studium
1113 4787 1386 4828 sacrarum
1431 4775 1753 4842 litterarum,
1812 4793 1908 4847 per
1951 4782 2074 4835 vita:

477 4859 796 4932 puritatem,
825 4877 920 4932 per
949 4866 1314 4920 constantiam
1346 4867 1508 4932 ﬁdei,
1543 4883 1638 4938 per
1666 4871 1894 4940 gratiam
1935 4871 2075 4926 divi-

473 4971 622 5024 nam,
650 4972 681 5012 a
709 4956 955 5012 Romana
987 4957 1230 5015 Ecclesia
1259 4961 1461 5016 missus
1483 4972 1566 5016 est
1595 4948 1806 5030 legatus
1841 4963 1907 5017 ad
1931 4963 2076 5018 Con-

469 5053 757 5117 stantium,
790 5049 937 5106 etob
963 5053 1063 5107 hoc
1089 5052 1232 5122 quod
1260 5052 1422 5107 ﬁdem
1474 5055 1840 5110 venerabilem
1896 5056 2076 5112 vindi-

471 5145 636 5212 cavit,
670 5144 815 5215 quod
841 5145 1056 5200 detexit
1076 5155 1130 5202 et
1158 5148 1396 5203 convicit
1417 5147 1707 5204 hmreticos
1729 5192 1743 5217 ,
1763 5151 1960 5209 ductus
1989 5161 2073 5208 est

469 5235 528 5291 in
555 5236 805 5292 exsilium
826 5252 952 5293 cum
982 5238 1129 5294 omni
1167 5240 1456 5295 atrocitate
1508 5241 1848 5311 injuriarum.
1907 5245 2071 5301 Simi-

544 5441 560 5472 ¹
588 5441 690 5517 Ubi
715 5451 766 5497 et
790 5445 1060 5517 luergicis.
1099 5444 1200 5501 Ubi
1226 5456 1275 5500 et
1324 5446 1469 5502 ﬁnde
1514 5457 1828 5517 corruptum
1857 5491 1872 5515 ,
1905 5450 2063 5507 facile

468 5514 782 5588 restituetur
808 5519 860 5570 in
890 5515 1066 5583 Fabil,
1087 5517 1163 5572 uti
1182 5517 1311 5571 olim
1344 5519 1651 5573 scribebant
1675 5514 1769 5588 pro
1787 5514 1955 5576 Favit.
1983 5521 2063 5579 UT

471 5598 577 5664 non
619 5585 1091 5664 dicaritttsinterim
1127 5591 1249 5657 quia
1286 5605 1444 5664 ravt'r
1472 5585 1744 5664 hwrcticis.
1776 5592 1852 5646 Ita
1881 5593 2062 5664 Maza-

471 5653 628 5736 chitts
658 5655 722 5709 ν.
769 5659 914 5736 C:_in
965 5653 1335 5736 commenticii
1384 5659 1610 5714 Kalend.
1654 5679 1839 5736 lucrm.
1887 5662 2056 5736 Neap.

466 5723 620 5804 ccc!”
653 5737 780 5806 tom.
814 5727 885 5806 II,
914 5744 1032 5800 pag.
1065 5732 1410 5806 576._Editot_'
1440 5723 2062 5806 tamenAOxoniensislb-

463 5800 587 5850 eum
633 5800 712 5853 sic
759 5800 1044 5858 restituere
1091 5804 1275 5860 mallet
1307 5821 1322 5859 :
1355 5801 1426 5859 Ut
1450 5819 1552 5858 non
1601 5804 2058 5862 diramttsinlerim

2183 4685 2362 4742 minor
2414 4686 2698 4756 impietas,
2744 4702 2906 4756 qnam
2957 4687 3002 4742 si
3051 4687 3154 4744 sub
3201 4697 3544 4758 persecutore
3584 4677 3752 4754 gentili

2183 4779 2330 4833 idolo
2360 4779 2724 4834 sacriﬁcatum
2755 4789 2900 4835 esset
2935 4797 2949 4836 :
2975 4781 3226 4851 quoniam
3257 4790 3314 4836 et
3345 4779 3532 4836 haeresi
3560 4783 3750 4848 perter-

2185 4876 2347 4929 ritum
2379 4875 2722 4934 subscribere
2743 4919 2756 4943 ,
2788 4878 3070 4934 dzrmoniis
3115 4877 3425 4935 sacriﬁcare
3451 4885 3552 4934 est.
3580 4872 3749 4944 Siqui-

2183 4966 2305 5022 dem
2351 4968 2671 5024 docentibus
2707 4971 2990 5041 scripturis
3033 4971 3264 5039 divinis,
3295 4972 3537 5027 doctrina
3564 4967 3750 5022 dmino-

2183 5062 2393 5117 niorum
2440 5072 2527 5119 est
2569 5062 2824 5131 haeresis,
2891 5065 3030 5120 sicut
3075 5073 3132 5120 et
3181 5065 3504 5121 idololatria.
3552 5061 3747 5116 Interea

2179 5153 2306 5224 quia
2331 5154 2472 5225 apud
2521 5154 2782 5224 quosdam
2829 5155 3120 5211 multitudo
3153 5155 3483 5226 prteponitur
3516 5146 3744 5209 veritati.

2177 5261 2245 5302 eo
2270 5247 2412 5318 quod
2442 5248 2698 5318 pauculos
2739 5247 2935 5304 habeat
2963 5257 3259 5304 sectatores
3280 5291 3295 5315 ,
3324 5258 3378 5304 et
3402 5247 3472 5303 ob
3501 5245 3598 5300 hoc
3624 5237 3746 5297 aflli-

2172 5453 2442 5534 Itaereticis,
2469 5456 2591 5534 quia
2615 5457 2702 5511 ubi
2731 5457 3205 5534 prtevaricatoribus
3228 5459 3298 5514 ibi
3321 5468 3370 5514 et
3399 5455 3643 5534 haereticis
3660 5491 3674 5515 ,
3693 5451 3740 5534 in

2169 5541 2295 5649 aras
2319 5529 2618 5598 eloquentia
2641 5545 2749 5584 stur
2775 5529 2967 5583 viribus
2995 5540 3320 5602 peraraverat
3351 5545 3372 5584 :
3398 5527 3538 5601 quod
3579 5527 3740 5579 minus

2171 5610 2204 5651 ι)
2226 5608 2364 5651 acet.

2169 5610 2550 5742 memmium;
2579 5687 2775 5742 quoque
2803 5671 2866 5725 de
2896 5670 3138 5740 Neapoli,
3173 5681 3278 5728 etc.
3309 5664 3738 5742 lntegrum__|_lljn°

2168 5739 2342 5796 locum
2375 5736 2606 5798 illustrari
2633 5736 2878 5801 laudatus
2905 5736 3236 5813 Maz'och'ius,
3269 5745 3304 5800 l.
3337 5736 3554 5814 c.,'pag.
3581 5736 3695 5792 577-
