3998 6346
569 273 630 326 ot
1758 266 2075 324 FAUSTINI
2115 265 2202 324 er
2240 264 2660 325 manusuam
2874 231 2880 236 ”
3741 273 3796 329 92

570 388 858 455 omnibus,
890 403 954 444 ac
1000 385 1194 442 divinis
1245 385 1460 441 virtutis
1506 383 1838 439 admiratio:
1875 386 1891 414 ³
1919 381 2062 454 quod
2107 382 2160 437 in
2191 389 2242 450 Α
2267 379 2506 435 divinum
2540 379 2801 448 judicium
2847 379 3012 436 variis
3061 379 3114 436 in
3163 379 3295 435 locis
3334 382 3592 451 exercuit;
3618 384 3678 440 ad
3714 385 3796 444 hoc

570 481 665 537 illo
690 481 1055 551 spectaculum
1088 487 1257 534 totum
1287 477 1537 533 novimus
1564 476 1741 530 visum
1775 484 1878 532 est.
1909 473 2043 530 Nam
2073 473 2162 543 qui

573 574 820 645 proferre
855 573 1022 628 voluit
1058 572 1348 626 humanam
1377 571 1702 627 sententiam
1725 609 1742 637 ,
1770 585 1894 625 mox
1925 569 2163 624 divinam

573 683 860 740 perpessus
899 675 980 722 est
1004 666 1348 736 graviorem;
1377 675 1430 719 et
1467 664 1636 735 judex
1668 665 1756 734 qui
1785 662 2028 732 judicare
2075 675 2165 716 ve-

571 770 760 829 uerat,
788 761 897 830 jam
936 753 1143 828 pallens
1179 768 1233 814 et
1261 773 1387 814 reus
1435 757 1656 812 timebat
1679 753 1908 825 iudicari
1929 793 1945 818 ,
1971 763 2026 808 et
2071 753 2161 822 qui

571 851 724 923 quasi
750 865 876 906 rens
905 849 956 902 iu
986 849 1238 904 exsilium
1271 847 1565 903 mittendus
1595 846 1896 912 adstiterat,
1927 861 1955 899 a
1983 844 2164 914 judice

571 949 845 1014 prostrato
894 942 1186 1012 rogabatur
1235 953 1290 996 ut
1336 950 1581 1010 parceret
1627 940 1778 1007 quasi
1820 937 2005 1006 judex.
2035 936 2166 992 lude

571 1046 650 1090 eat
683 1033 828 1104 quod
877 1034 1027 1089 solus
1063 1032 1358 1102 Gregorius
1400 1047 1467 1087 ex
1516 1045 1740 1085 numero
1777 1030 2165 1084 vindicantium

573 1126 836 1196 integram
865 1125 1050 1188 ﬁdem,
1076 1139 1176 1179 nec
1202 1125 1253 1177 in
1279 1123 1455 1194 fugam
1485 1137 1707 1188 versus,
1741 1137 1842 1177 nec
1865 1137 2056 1191 passus
2073 1136 2167 1176 ex-

573 1218 777 1283 silium,
794 1217 1164 1286 unusquisque
1191 1217 1406 1271 timeret
1429 1215 1601 1269 deillo
1617 1215 1842 1269 ulterius
1871 1213 2162 1268 vindicare.

647 1308 735 1364 XI.
810 1309 1083 1364 Videtisne
1131 1308 1398 1361 damnatae
1466 1322 1494 1358 a
1543 1307 1655 1361 Deo
1706 1303 2166 1375 praevaricationis

573 1402 711 1456 mira
737 1399 1106 1456 documenta?
1134 1399 1248 1455 Scit
1273 1400 1466 1455 melius
1496 1399 1672 1453 omnis
1703 1399 1954 1468 Hispania
1975 1438 1988 1464 ,
2019 1397 2165 1468 quod

572 1494 674 1549 ista
727 1508 832 1547 non
884 1493 1150 1564 ﬁngimus.
1193 1491 1298 1546 Sed
1327 1501 1382 1546 et
1425 1491 1673 1547 Potatnio
1719 1506 1826 1545 non
1871 1490 1970 1545 fuit
1999 1492 2164 1544 inulta

572 1600 742 1640 sacra:
789 1585 911 1640 ﬁdei
962 1585 1354 1656 prteva‘ricatio.
1393 1585 1632 1654 Denique
1673 1599 1796 1638 cum
1841 1584 1910 1642 ad
1942 1583 2166 1638 fundum

575 1689 866 1749 properat,
909 1694 1071 1751 quem
1124 1694 1222 1748 pro
1271 1679 1434 1748 impia
1483 1678 1605 1733 ﬁdei
1656 1677 2053 1745 subscriptione
2099 1675 2168 1730 ab

2263 472 2505 537 scilicet,
2538 485 2596 528 ut
2638 473 2728 542 qui
2772 473 3070 542 scripturas
3113 471 3320 528 divinas
3365 474 3582 544 quadam
3626 481 3800 540 ratione

2264 579 2372 622 non
2402 565 2641 634 respicit,
2670 565 2756 620 vel
2788 566 3039 634 praesenti
3073 564 3276 621 ultione
3305 565 3476 622 divina
3508 568 3801 626 animadver-

2263 659 2416 713 sione
2454 657 2749 727 intelligat,
2778 657 2905 727 quid
2937 657 3039 712 sibi
3085 657 3398 712 sectandum
3428 667 3509 714 est
3535 660 3710 728 quidve
3739 664 3799 718 vi-

2267 751 2508 828 tandum.
2559 750 2847 806 Vindicare
2887 750 3059 808 voluit
3109 751 3249 806 Deus
3294 751 3375 808 vel
3420 755 3468 806 in
3509 755 3676 823 paucis
3706 757 3799 814 sine

2265 843 2428 898 dubio
2454 885 2468 907 .
2501 855 2553 898 et
2585 844 2671 898 illa
2702 844 2909 899 ratione
2932 883 2948 910 ,
2983 859 3051 900 ne
3093 860 3214 916 qua:
3245 860 3338 915 per
3362 847 3658 914 scripturam
3693 851 3802 906 diri-

2265 951 2389 992 nam
2436 935 2503 990 de
2542 937 3012 1005 prmvaricatorum
3065 935 3259 992 futuris
3317 937 3582 1006 suppliciis
3622 941 3802 997 minita-

2267 1038 2355 1086 tur
2379 1070 2393 1094 ,
2424 1029 2564 1084 velut
2599 1027 2776 1082 fabula
2823 1036 3105 1098 putaretur
3131 1069 3145 1094 ,
3172 1029 3216 1084 si
3246 1045 3386 1086 nunc
3424 1029 3520 1086 hoc
3555 1031 3602 1084 in
3639 1035 3804 1090 seculo

2267 1123 2321 1180 in
2353 1122 2624 1178 nemiuem
2666 1121 2992 1178 vindicaret.
3019 1121 3325 1191 lntelligaut
3364 1137 3500 1176 nunc
3524 1137 3694 1178 omnes
3714 1124 3808 1194 epi-

2269 1217 2418 1286 scopi
2452 1216 2899 1285 prievoricatores
2931 1214 3076 1282 ﬁdei,
3112 1230 3270 1284 quam
3296 1215 3617 1286 gravissimis
3637 1217 3808 1288 suppli-

2267 1310 2364 1364 ciis
2416 1310 2675 1364 reservati
2721 1319 2849 1364 sunt
2876 1349 2890 1374 ,
2920 1308 3134 1377 quando
3181 1309 3235 1364 in
3289 1323 3416 1364 suos
3445 1310 3612 1365 socios
3639 1311 3685 1364 in
3727 1309 3810 1366 hoc

2267 1417 2480 1473 quoque
2509 1401 2710 1458 saeculo
2741 1401 2808 1458 ad
2841 1415 3116 1470 stuporem
3139 1403 3377 1458 omnium
3400 1403 3702 1462 vindicatum
3723 1413 3807 1460 est.

2269 1497 2348 1551 Ad
2383 1496 2485 1550 hoc
2523 1495 2666 1550 enim
2707 1503 3002 1563 praesentes
3043 1509 3230 1564 ptenas
3277 1496 3708 1564 prmvaricationis
3730 1511 3809 1551 ex-

2271 1589 2546 1658 posuimus
2571 1629 2584 1652 ,
2621 1598 2678 1642 ut
2721 1585 2865 1656 quod
2906 1587 2958 1642 in
2991 1601 3190 1655 paucos
3231 1587 3551 1642 vindicatum
3583 1596 3687 1655 est,
3714 1601 3812 1644 cre-
3871 1585 3879 1598 ”

2269 1680 2430 1735 datur
2476 1688 2532 1734 et
2562 1681 2612 1733 in
2662 1694 2851 1734 eorum
2883 1694 3074 1734 omnes
3113 1680 3318 1734 similes
3364 1679 3647 1747 vindicari,
3675 1679 3813 1736 maxi-

577 1772 901 1841 itnperatore
952 1781 1228 1826 meruerat
1274 1771 1598 1840 impetrare,
1623 1769 1759 1824 dans
1790 1783 1953 1822 novas
1979 1781 2168 1838 poenas
2195 1775 2242 1836 Β
2274 1793 2360 1832 me
2407 1792 2530 1832 cum
2563 1786 2619 1832 el,
2661 1778 2926 1846 scripuer
2967 1775 3146 1832 divina
3193 1775 3299 1830 hoc
3341 1775 3509 1844 ipsum
3545 1781 3810 1837 asseverat,

579 1864 788 1933 lingua.L
826 1878 922 1933 per
968 1879 1128 1934 quam
1179 1863 1618 1935 blasphemarat,
1666 1864 1718 1916 in
1767 1862 1849 1916 via
1898 1861 2165 1929 noritur,

578 1956 754 2010 nullos
816 1954 1021 2010 fructus
1049 1955 1195 2010 fundi
1223 1956 1307 2010 vel
1333 1956 1542 2010 visione
1572 1953 1890 2024 percipiens.
1919 1952 2034 2008 Non
2073 1951 2171 2007 fuit

576 2050 721 2102 avari
755 2048 856 2102 hoc
887 2058 1212 2103 tormentum
1239 2048 1377 2102 leve.
1409 2046 1630 2100 Moritur
1656 2048 1744 2116 qui
1785 2054 2002 2115 propter
2031 2058 2166 2100 cou-

575 2139 963 2212 cupiseentiam
992 2139 1139 2196 (undi
1173 2135 1371 2194 ﬁscalis
1401 2138 1560 2194 ﬁdent
1587 2153 1794 2194 sacram
1838 2137 2167 2203 violaverat,

576 2243 631 2288 et
655 2247 779 2288 cum
804 2233 870 2287 ad
899 2232 1122 2287 fundum
1157 2241 1434 2302 preperat,
1467 2231 1660 2300 poenali
1690 2236 1865 2284 morte
1907 2227 2170 2299 praeveni-

575 2337 683 2390 tttr,
723 2342 788 2381 ne
813 2326 895 2381 vel
923 2325 1148 2381 visionis
1175 2326 1371 2380 solatio
1402 2325 1688 2395 potiretur.
1719 2323 1776 2378 ln
1803 2337 1956 2376 sacro
1988 2321 2169 2376 Evan-

573 2420 715 2490 gelio
764 2419 995 2490 legimus
1044 2419 1208 2476 verba
1238 2419 1660 2489 improperautis
1687 2417 1752 2471 ad
1783 2417 2005 2472 divitem
2032 2455 2047 2481 ,
2078 2414 2172 2484 qui

575 2512 676 2566 sibi
706 2513 774 2567 de
789 2513 1024 2567 conditis
1051 2511 1342 2566 vanissime
1365 2510 1728 2580 gloriabatur:
1755 2502 1955 2572 Stulte,
1976 2507 2168 2577 inquit,

579 2605 678 2657 hoc
704 2615 850 2658 nocte
876 2605 1053 2658 animo
1079 2613 1166 2657 tua
1198 2603 1286 2658 abs
1319 2614 1364 2656 te
1390 2607 1692 2674 auferetur;
1722 2617 1839 2672 quae
1866 2600 2173 2670 prarparasti

579 2701 731 2771 cujus
757 2709 902 2752 erunt
932 2699 949 2767 (
979 2695 1133 2764 Lua,
1166 2712 1278 2760 xu,
1305 2696 1460 2766 20)?
1507 2696 1562 2750 Si
1595 2696 1714 2764 quis
1761 2694 1862 2750 hoc
1911 2694 2171 2763 scriptum

579 2800 635 2846 et
679 2791 747 2845 de
787 2791 1031 2845 Potamio
1080 2790 1371 2846 convenire
1423 2788 1762 2851 consideret,
1811 2786 2075 2855 intelliget
2118 2786 2172 2842 in

580 2898 702 2938 eum
736 2898 842 2937 non
887 2883 1079 2938 leviter
1101 2883 1397 2952 jttdicatum
1424 2893 1446 2947 ,'
1473 2881 1704 2936 maxime
1737 2894 1952 2949 passum
1977 2878 2174 2948 linguas

583 2975 908 3044 supplicium
934 3015 950 3042 ,
983 2976 1035 3030 in
1082 2991 1186 3046 qua
1217 2985 1270 3030 et
1311 2975 1463 3030 dives
1490 2974 1581 3030 ille
1609 2973 1751 3042 apud
1781 2972 1984 3028 inferos
2011 2973 2173 3028 vehe-

581 3065 815 3121 mentius
857 3069 1146 3122 cruciatur.
1189 3067 1294 3124 Sed
1341 3077 1394 3122 et
1441 3065 1788 3131 Florentius,
1819 3066 1911 3136 qui
1957 3064 2086 3120 Osio
2119 3073 2176 3122 et

2269 1870 2410 1940 quod
2439 1879 2492 1924 ct
2520 1885 2613 1938 per
2640 1871 2928 1939 praesentia
2951 1868 3279 1923 documenta
3303 1867 3705 1922 demonstratum
3727 1871 3811 1919 est.

2273 1962 2339 2016 Et
2382 1945 2496 2016 hoc.
2525 1961 2922 2025 consideretur,
2955 1959 3178 2028 piissimi
3226 1959 3570 2029 imperatores
3593 1995 3608 2022 ,
3648 1954 3696 2010 in
3731 1968 3815 2024 quo

2271 2053 2347 2108 rei
2381 2062 2505 2107 sunt
2549 2053 2638 2120 qui
2679 2067 2798 2107 cum
2842 2051 3041 2107 talibus
3065 2049 3246 2106 divina
3275 2054 3604 2104 sacramenta
3629 2060 3722 2100 non
3745 2057 3816 2100 co-

2271 2146 2493 2215 pulant,
2529 2161 2756 2212 quorum
2799 2153 2853 2202 et
2902 2154 3160 2214 perpetua
3187 2143 3449 2213 supplicia
3481 2140 3638 2198 sacris
3663 2139 3816 2210 legun-

2272 2248 2357 2292 tur
2376 2239 2426 2291 in
2457 2237 2628 2301 libris,
2662 2247 2714 2292 et
2731 2237 3117 2306 suppliciorum
3145 2237 3392 2306 exempla
3408 2233 3644 2290 videntur
3669 2233 3714 2286 in
3737 2245 3817 2284 sa:-

2271 2330 2414 2383 cnlo.
2442 2327 2546 2384 Sed
2568 2342 2878 2398 quaesumus
2925 2328 3114 2382 miram
3142 2326 3568 2382 benevolentiam
3591 2332 3824 2388 vestram,

2274 2417 2524 2472 utadltuc
2545 2419 2698 2472 nobis
2726 2417 3184 2488 contemplatione
3215 2416 3416 2474 Christi
3445 2417 3536 2472 Dei
3565 2413 3818 2484 infatigabi-

2273 2512 2376 2568 lem
2391 2511 2640 2566 audiendi
2658 2511 2966 2580 patientiam
2981 2511 3358 2578 commodetis,
3375 2511 3496 2566 dum
3510 2510 3686 2572 adhuc,
3702 2521 3819 2562 sum-

2274 2605 2457 2658 matim
2489 2606 2632 2671 licet,
2659 2606 2979 2674 eXmeimUS
3008 2605 3060 2660 in
3095 2615 3357 2675 quantum
3403 2604 3566 2662 crevit
3592 2602 3816 2672 impietas.

2345 2695 2480 2750 Xlll.
2513 2695 2888 2750 Exsecrabiles
2915 2695 3059 2750 enim
3092 2697 3302 2760 Ariani,
3329 2697 3383 2750 in
3413 2695 3640 2768 partibus
3659 2691 3819 2750 Orico-

2276 2788 2373 2851 tis,
2409 2798 2462 2844 et
2495 2789 2736 2844 tnaxime
2782 2789 2836 2844 in
2885 2787 3118 2860 (Egypto
3144 2827 3159 2856 ,
3197 2803 3307 2842 non
3339 2790 3553 2844 inerunt
3595 2787 3688 2842 hoc
3724 2783 3822 2840 solo

2273 2882 2516 2936 Contenti
2537 2922 2550 2946 ,
2587 2892 2644 2936 ut
2671 2881 2949 2952 episcopi,
2982 2882 3236 2936 damnata
3269 2881 3376 2938 ﬁde
3411 2882 3608 2950 integra
3632 2919 3644 2942 ,
3673 2878 3720 2932 in
3744 2891 3820 2932 eo-

2277 2993 2393 3031 rum
2428 2977 2652 3046 impiam
2693 2978 3021 3033 sententiam
3051 2978 3395 3034 declinarent
3425 2995 3437 3030 :
3467 2975 3558 3032 sed
3591 2975 3679 3028 hos
3705 2972 3823 3042 ipsos

2276 3072 2364 3138 qui
2401 3071 2632 3140 primum
2675 3070 2892 3127 fuerant
2924 3087 3022 3141 per
3061 3071 3366 3128 catholicos
3402 3073 3678 3140 episcopos
3704 3062 3824 3118 ordi-

581 3159 827 3214 Potamio
868 3161 979 3230 jam
1030 3161 1532 3230 prmvaricatoribus
1579 3160 1756 3214 sciens
1786 3159 1838 3216 in
1892 3157 2012 3212 loco
2041 3173 2176 3226 quo-
2200 3154 2246 3216 C
2280 3166 2422 3231 uati,
2457 3166 2546 3220 ubi
2587 3181 2684 3234 pro
2734 3181 2923 3220 eorum
2972 3165 3266 3222 desideriis
3304 3164 3743 3233 subscripserunt.
3783 3155 3824 3210 iu

581 3250 705 3306 dam
755 3253 1215 3318 communicavit,
1248 3253 1397 3308 dedit
1441 3262 1495 3307 et
1542 3252 1656 3322 ipse
1703 3265 1841 3309 nova
1890 3250 2174 3320 supplicia.

583 3342 714 3398 Nam
743 3359 864 3399 cum
887 3345 940 3398 in
963 3356 1238 3400 conventu
1261 3344 1435 3414 plebis
1457 3344 1610 3400 sedet
1633 3344 1684 3398 in
1708 3346 1927 3408 throno,
1953 3349 2178 3411 repente

581 3437 800 3492 eliditur
828 3448 880 3492 et
913 3438 1156 3507 palpitat,
1176 3447 1339 3506 atque
1363 3437 1507 3492 foras
1535 3437 1776 3494 sublatus
1802 3436 1942 3490 vires
1969 3449 2180 3488 resum-

587 3531 712 3599 psit.
756 3531 824 3584 Et
868 3531 1060 3585 iterum
1091 3540 1147 3584 et
1171 3531 1275 3584 alia
1307 3533 1423 3586 vice
1453 3547 1574 3586 eum
1603 3535 1881 3600 ingressus
1908 3529 2176 3595 sedisset,

586 3624 837 3678 similiter
863 3626 1082 3693 patitur,
1119 3639 1220 3678 nec
1264 3625 1441 3680 adhuc
1486 3623 1794 3694 intelligens
1838 3637 2030 3693 parntis
2067 3635 2180 3678 sua:

587 3715 870 3770 maculata:
931 3716 1352 3772 communionis.
1408 3715 1770 3770 Nihilominus
1821 3724 2007 3784 postea
2057 3727 2178 3768 cum

587 3806 790 3861 intrare
822 3818 1242 3876 perseverasset,
1280 3808 1350 3864 ita
1379 3810 1536 3864 tertia
1568 3808 1682 3864 vice
1709 3807 1777 3862 de
1801 3808 1996 3862 throno
2016 3820 2170 3860 exeu-

588 3899 736 3960 titur,
772 3907 830 3952 ut
855 3900 1010 3968 quasi
1045 3899 1295 3968 indignus
1325 3900 1526 3956 throno
1547 3899 1738 3970 repelli
1770 3899 2062 3967 videretur,
2098 3909 2181 3954 at.

587 4007 697 4061 que
745 3992 914 4047 elisus
963 3995 1012 4047 in
1063 4001 1284 4059 terram,
1321 3995 1392 4048 ita
1425 3995 1694 4065 palpitans
1723 3993 2093 4063 torquebatur,
2127 4001 2185 4050 ut

585 4099 708 4139 cum
759 4085 989 4154 quadam
1026 4084 1228 4140 duritia
1271 4095 1328 4142 et
1375 4087 1582 4157 magnis
1631 4087 1959 4150 cruciatibus
2006 4086 2181 4142 eidem

585 4177 809 4247 spiritus
835 4185 1270 4248 extorqueretur.
1299 4179 1366 4236 Et
1397 4179 1521 4234 inde
1544 4178 1657 4249 jam
1692 4178 1898 4234 tollitur
1921 4219 1937 4246 ,
1970 4182 2076 4234 non
2116 4193 2185 4234 ex

590 4284 740 4326 more
789 4271 1180 4337 resumendus,
1211 4271 1308 4329 sed
1339 4272 1702 4340 sepeliendus.
1733 4273 1847 4328 Scit
1893 4273 1996 4328 hoc
2041 4271 2184 4341 quod

592 4363 880 4419 referimus
910 4381 1105 4436 magna
1133 4367 1324 4422 civitas
1356 4367 1592 4422 Emerita
1621 4405 1634 4431 ,
1662 4366 1820 4435 cujus
1852 4367 1902 4420 in
1944 4366 2184 4422 Ecclesia

595 4453 747 4522 plebs
777 4455 877 4509 hoc
901 4457 1072 4526 ipsum
1097 4457 1211 4514 suis
1239 4459 1371 4513 vidit
1394 4459 1692 4514 obtutibus.
1715 4457 1819 4516 Sed
1848 4467 1903 4516 et
1926 4456 2030 4514 hoe
2051 4473 2183 4513 con-

2281 3257 2538 3312 laicorum
2570 3273 2854 3312 numerum
2878 3258 3198 3326 exigebant,
3231 3267 3290 3312 et
3324 3267 3506 3324 postea
3548 3253 3724 3310 iterum
3752 3257 3828 3301 eos

2283 3351 2440 3408 iidem
2475 3351 2714 3406 lia-retici
2743 3351 3031 3420 episcopos
3053 3350 3420 3416 ordinahant;
3461 3358 3518 3403 ut
3547 3360 3645 3402 non
3679 3341 3826 3396 solum

2283 3442 2443 3498 ﬁdem
2489 3442 2810 3498 catholicam
2843 3442 3100 3496 damnare
3138 3441 3490 3506 viderentur,
3533 3437 3623 3494 sed
3649 3433 3828 3489 ordina-

2283 3536 2484 3590 tionem
2527 3533 2722 3590 faetatn
2773 3551 2867 3604 per
2912 3537 3199 3605 episcopos
3239 3535 3554 3590 catholicos.
3601 3527 3829 3587 Intendits

2284 3631 2336 3688 in
2381 3633 2481 3686 Itoc
2511 3629 2773 3686 adversus
2817 3629 3115 3684 catholicos
3145 3630 3302 3698 quasi
3349 3627 3626 3700 quemdam
3666 3621 3828 3678 trium-

2287 3723 2452 3793 phum
2485 3723 2864 3778 ltmrcticorum
2889 3763 2903 3787 ,
2929 3722 3057 3778 etin
3085 3722 3341 3777 miseram
3363 3732 3420 3778 et
3444 3719 3592 3790 quasi
3621 3716 3831 3770 ultimam

2285 3823 2342 3870 et
2365 3814 2719 3872 fmdissimam
2769 3813 3132 3885 captivitatem
3158 3853 3175 3881 ,
3210 3814 3264 3868 in
3307 3813 3391 3868 his
3435 3807 3690 3881 episcopis
3726 3817 3832 3858 con-

2283 3908 2539 3962 demuata
2573 3908 2657 3976 pia
2685 3906 2788 3962 ﬁde
2810 3947 2824 3971 ,
2859 3913 2914 3960 ct
2933 3905 3214 3960 catholicis
3255 3905 3562 3977 episcopis;
3595 3902 3644 3954 itt
3675 3905 3832 3952 eorum

2284 4016 2344 4058 se
2371 3998 2669 4056 dominium
2705 3998 3154 4067 delusionemque
3180 3998 3514 4054 tradiderunt
3544 3999 3686 4050 metu
3715 3985 3832 4043 exsi-

2286 4093 2383 4158 lii,
2410 4103 2465 4148 et
2495 4100 2554 4146 ut
2581 4091 2888 4162 episc0pale
2927 4106 3125 4146 nomen
3153 4090 3299 4160 apud
3349 4089 3594 4144 homines
3631 4083 3834 4140 retinere

2283 4185 2604 4241 viderentur
2628 4227 2643 4252 ,
2674 4185 2819 4255 quod
2858 4185 3044 4256 utique
3068 4184 3179 4254 jam
3203 4183 3348 4254 apud
3392 4184 3555 4240 Deum
3601 4186 3710 4248 post
3733 4169 3836 4248 sub,

2285 4277 2616 4349 scriptiones
2667 4277 2860 4348 impias
2892 4294 2998 4332 non
3033 4275 3323 4332 habebant.
3358 4276 3466 4332 Sed
3494 4275 3610 4329 ideo
3637 4264 3836 4325 nominis

2287 4371 2441 4430 istius
2469 4371 2632 4426 etiam
2674 4384 2795 4424 cum
2838 4371 2982 4424 omni
3017 4359 3291 4426 dedecoi’e
3315 4369 3654 4440 quaerebatur
3679 4366 3836 4415 aucto-

2287 4464 2438 4528 ritas,
2472 4479 2538 4518 ne
2571 4463 2675 4518 illis
2700 4463 3071 4532 possessiones
3091 4463 3349 4518 Ecclesiae
3377 4462 3703 4520 tollerentur,
3723 4462 3838 4523 qua!

593 4545 938 4602 siderandum
985 4558 1099 4614 est,
1127 4553 1250 4618 quia
1301 4551 1611 4606 Florentius
1651 4551 1768 4605 haec
1813 4566 2002 4621 passus
2027 4591 2042 4619 ,
2089 4550 2182 4620 qui
2207 4544 2262 4606 D
2289 4556 2489 4612 utinam
2525 4570 2816 4624 numquam
2850 4555 3184 4625 possedisset
3212 4555 3474 4617 Ecclesia,
3498 4561 3557 4608 ut
3581 4543 3838 4619 apostolico

595 4637 832 4692 nondum
882 4641 1281 4710 subscripserat
1322 4643 1616 4712 impietati,
1649 4643 1744 4697 sed
1790 4654 1996 4698 tantum
2040 4642 2183 4714 quod

592 4733 1013 4788 communicavit
1051 4735 1558 4804 praavaricatoribus
1599 4735 1720 4792 ﬁdei
1749 4775 1764 4799 ,
1793 4751 1900 4794 non
1930 4735 2184 4806 ignorans

592 4837 780 4878 eorum
815 4824 1334 4893 praevaricationem.
1373 4827 1481 4881 lloc
1510 4825 1632 4881 ideo
1661 4825 1944 4882 retulimus
1969 4867 1984 4896 ,
2017 4836 2076 4880 ut
2107 4827 2183 4881 ri-

591 4917 758 4972 deant
787 4917 864 4972 illi
894 4919 1020 4988 qnid
1048 4919 1154 4974 sibi
1195 4918 1462 4988 agendum
1495 4920 1599 4984 sit,
1629 4904 1722 4988 qui
1754 4936 1876 4974 cutn
1907 4935 2015 4976 non
2054 4921 2181 4976 sub-

591 5013 911 5082 scripserint
951 5021 1007 5067 ut
1045 5013 1519 5082 praevaricatores,
1551 5022 1758 5068 tantum
1815 5027 1908 5082 per
1942 5027 2188 5069 commu-

593 5104 810 5159 nionem
844 5107 1354 5174 pr'evaricatoribus
1381 5105 1482 5161 sibi
1513 5106 1744 5176 cognitis
1771 5105 2005 5174 copulati
2034 5113 2182 5162 sunt.

593 5199 660 5253 Et
707 5211 834 5270 puto
873 5199 1016 5271 quod
1055 5200 1360 5270 intelligent
1396 5201 1524 5270 quid
1555 5199 1806 5270 exemplo
1833 5198 2092 5256 Florentii
2116 5199 2188 5256 ti-

591 5308 743 5348 mere
768 5294 1020 5349 debeant.
1116 5327 1126 5337 -

665 5383 777 5440 Xll.
809 5385 914 5442 Sed
939 5386 1158 5457 longum
1179 5395 1263 5442 est
1285 5386 1492 5442 referre
1511 5387 1617 5442 alta
1647 5401 1862 5456 quoque
1892 5385 2186 5442 documen-

593 5484 644 5533 ta
679 5478 852 5547 omnis
877 5480 1240 5550 praesentibus
1269 5479 1535 5536 damnata:
1558 5481 2040 5550 praevaricationis,
2065 5494 2185 5554 quin

668 5621 685 5651 ί
716 5620 869 5686 Quod
895 5622 950 5676 in
975 5623 1068 5676 illo
1094 5631 1254 5690 speet.
1289 5620 1452 5677 Ulcus
1495 5620 1612 5675 sine
1651 5618 2065 5690 exemplarinm_
2088 5633 2190 5684 ope

597 5708 817 5758 prorsus
857 5688 1269 5752 immedicabile.
1299 5692 1536 5750 Isidorus
1568 5688 1900 5761 llispalensis
1945 5699 2000 5747 et
2048 5688 2188 5746 lide-

599 5763 739 5821 l'ousi
786 5762 1168 5834 continuatur,
1197 5766 1290 5838 qui
1319 5763 1600 5828 historiam
1647 5765 1788 5824 hanc
1815 5777 1920 5822 una
1957 5777 2078 5822 cum
2105 5773 2191 5821 se-

2289 4663 2440 4702 niore
2471 4647 2660 4702 vivens
2691 4646 2849 4701 ﬁdem
2889 4647 3150 4717 integram
3200 4646 3586 4704 inviolabiliter
3624 4635 3839 4714 pOSside-

2289 4750 2390 4796 rct.
2423 4739 2488 4794 Et
2515 4753 2657 4796 nunc
2709 4739 2792 4794 his
2823 4738 3022 4794 talibus
3063 4754 3169 4794 non
3215 4738 3618 4798 communicare
3661 4736 3840 4786 summa

2289 4831 2537 4900 impietas
2563 4831 2798 4895 dicitur;
2829 4842 2883 4888 et
2929 4831 3032 4888 hoc
3083 4831 3183 4888 sub
3228 4831 3383 4886 vobis
3424 4823 3839 4901 imperatoribus,

2289 4924 2378 4993 qui
2411 4932 2468 4978 ut
2503 4935 2698 4980 vestrae
2725 4926 3146 4982 constitutiones
3167 4925 3529 4994 eloquuntur,
3557 4911 3841 4976 venerabilis

2287 5015 2548 5076 Ecclesia;
2579 5016 2818 5072 divinam
2863 5017 3278 5071 sanctimoniam
3315 5013 3570 5088 judicatis
3612 5023 3749 5066 :nou
3774 5008 3842 5064 est

2289 5121 2472 5166 autem
2503 5111 2722 5174 mirum,
2748 5110 2792 5162 si
2824 5118 2932 5166 tatu
2962 5107 3080 5162 base
3105 5108 3309 5163 atrocia
3340 5122 3529 5164 eorum
3556 5098 3839 5160 Commissa:

2289 5203 2536 5270 occupati
2586 5201 2905 5271 reipublica:
2972 5199 3378 5270 provisionibus
3429 5193 3700 5270 ignoratis.
3755 5186 3842 5246 H85

2287 5310 2475 5353 eorum
2508 5294 2812 5364 impietates
2833 5302 3181 5349 exsecrantes
3211 5291 3491 5361 episcopi,
3517 5287 3606 5360 qui
3646 5296 3735 5356 pro
3759 5278 3842 5334 ﬁde

2291 5401 2478 5455 poenas
2519 5385 2703 5441 exsilii
2739 5385 3179 5455 perpetiebantur
3204 5426 3218 5451 ,
3253 5383 3336 5438 vel
3380 5383 3471 5456 qui
3516 5396 3573 5442 se
3610 5379 3660 5434 in
3691 5374 3840 5443 ῐυκειηι

2289 5478 2578 5546 dederant,
2603 5479 2726 5534 licet
2749 5487 2936 5536 essent
2962 5493 3194 5549 corpore
3223 5477 3446 5534 discreti
3475 5490 3568 5548 per
3597 5462 3840 5528 intervalla

2291 5617 2577 5686 quentibus
2607 5616 2976 5686 descripsere,
3011 5615 3288 5684 periodum
3319 5613 3458 5669 hanc
3487 5611 3688 5685 penitus
3707 5601 3841 5660 omits

2296 5696 2446 5758 tunt,
2477 5688 2619 5746 unde
2651 5689 3028 5764 interpolatum
3062 5699 3210 5760 puto.
3242 5686 3414 5746 Oxon.
