3998 6346
207 325 268 380 93
1146 322 1482 381 LIBELLUS
1522 320 1802 381 PRECUM
1844 324 1937 380 AD
1977 322 2490 386 IMPERATOBES.
3380 330 3450 384 94

206 442 479 512 regionum,
517 447 691 499 tamen
715 437 905 508 Spiritu
928 437 983 493 in
1009 454 1171 497 unum
1200 440 1391 509 positi,
1426 454 1523 509 per
1544 448 1756 493 mutuas
1784 439 1839 501 Α
1862 438 2273 509 persecutiones
2301 442 2370 496 ab
2393 441 2476 496 his
2499 438 2810 512 episcopis“,
2846 444 2936 513 qui
2970 458 3065 513 pro
3095 453 3225 499 nutu
3259 442 3453 514 prioris

202 537 386 593 litteras
404 533 693 603 apostolico
711 533 895 603 vigore
910 531 1232 596 decernunt,
1253 533 1401 588 nullo
1412 547 1612 603 genere
1637 533 1757 587 tali-

201 630 285 689 bus
307 625 564 696 episc0pis
587 638 742 696 posse
762 625 1173 691 communicari,
1196 624 1285 694 qui
1311 624 1469 679 ﬁdem
1494 624 1582 678 illo
1597 623 1757 679 modo

200 737 287 790 quo
310 734 459 788 supra
488 718 769 772 retulimus
788 715 1159 785 prodiderunt,
1185 718 1283 771 nisi
1303 716 1348 771 si
1362 716 1550 771 laicam
1576 724 1760 785 postu-

199 814 415 870 laverunt
445 812 911 872 communionem.
939 809 1189 865 dolentes
1220 810 1333 864 suis
1365 809 1753 879 impietatibus.

256 904 380 959 XIV.
424 902 530 959 Sed
564 913 776 958 mortuo
819 902 1141 959 Constantio
1193 909 1420 971 patrono
1471 902 1758 957 hmretico—

196 1014 313 1062 runt,
343 996 589 1053 Julianus
616 995 765 1050 solus
793 996 965 1050 tenuit
990 995 1306 1064 imperium,
1333 1011 1398 1051 ex
1427 995 1579 1065 cujus
1614 1011 1754 1065 pra:-

198 1100 331 1159 tepto
356 1104 540 1144 omnes
581 1089 818 1157 episcOpi
866 1088 1118 1143 catholici
1152 1087 1221 1144 de
1249 1087 1458 1144 exsiliis
1503 1091 1756 1143 t'elaxano

198 1194 285 1240 tur.
312 1184 453 1239 Solet
481 1185 583 1238 hoc
616 1183 793 1237 facere
814 1180 1095 1247 divinitas,
1130 1194 1187 1236 ttt
1224 1183 1385 1237 etiam
1432 1197 1527 1251 per
1562 1182 1755 1236 adver-

193 1278 343 1335 sarios
369 1275 695 1332 Christiana:
723 1275 1001 1345 religionis
1038 1289 1149 1329 sum
1198 1274 1481 1339 consulat,
1510 1285 1568 1328 ut
1606 1281 1756 1330 tanto

195 1371 339 1439 magis
377 1371 465 1439 qui
497 1369 741 1423 cultores
771 1378 897 1423 sunt
926 1368 1127 1422 Christi
1156 1382 1252 1437 pro
1283 1364 1535 1421 ﬁdelibus
1565 1366 1751 1421 elabo-

193 1472 312 1521 rent.
344 1463 446 1516 Sed
497 1477 607 1516 non
649 1461 822 1516 multo
860 1470 982 1530 post
1008 1460 1223 1516 Juliano
1256 1462 1582 1529 interempto
1605 1501 1618 1525 ,
1664 1458 1756 1515 Jo-

194 1555 359 1609 rianus
403 1551 641 1608 efﬁcitur
679 1553 1000 1622 imperator,
1041 1554 1133 1622 qui
1166 1551 1450 1607 vindicans
1477 1550 1635 1605 ﬁdem
1661 1564 1756 1605 ca-

194 1646 413 1699 tholicam
435 1683 451 1711 ,
478 1643 633 1699 dedit
679 1644 946 1698 calculum
992 1645 1264 1714 episcopis
1308 1641 1618 1697 catholicis.
1647 1640 1755 1697 Sed

193 1739 251 1792 illi
278 1738 465 1807 egregii
494 1735 775 1806 episcopi,
804 1752 963 1807 quam
1004 1737 1105 1790 sub
1141 1735 1458 1792 Constantio
1486 1736 1754 1807 integram

1863 522 2209 602 imperatoris
2244 533 2498 587 itteresim
2528 534 2901 601 vindicantes,
2945 545 3134 591 contra
3176 536 3332 591 ﬁdem
3364 551 3454 591 ca-

1862 625 2121 680 tholicam
2171 626 2490 695 peccahant.
2546 627 2660 681 ileu
2707 630 2971 699 gemitus!
3009 628 3170 685 iidem
3216 628 3452 700 episcopi

1861 720 2124 775 adversus
2154 720 2342 777 ﬁdeles
2374 728 2429 776 et
2456 721 2737 776 catholicae
2770 723 2889 777 lldei
2922 724 3238 778 defensores
3267 723 3456 777 catho-

1860 815 2086 871 lieorum
2122 816 2510 885 imperatorum
2536 815 2654 885 jura
2685 826 3026 887 pru'pnnttnt.
3059 817 3183 871 Haec
3209 831 3331 871 cum
3359 816 3456 871 do-

1862 910 1979 965 lore
2000 910 2237 965 omnium
2265 910 2534 964 viscerum
2564 909 2835 979 loquimur
2855 909 3115 965 deﬁentes
3140 927 3152 964 :
3182 926 3288 964 non
3310 908 3454 979 quod

1861 1019 1968 1057 non
2001 1004 2071 1057 sit
2118 1003 2366 1059 ﬁdelibus
2392 1003 2690 1073 gloriosum
2717 1044 2732 1068 ,
2775 1003 2795 1033 ⁸
2843 1003 2943 1056 sub
2987 1002 3235 1073 quolibet
3286 1015 3454 1071 puero

1859 1100 2101 1169 perpeti;
2130 1102 2227 1153 sed
2251 1099 2373 1168 quia
2403 1104 2585 1152 tantus
2606 1105 2689 1151 est
2711 1104 2898 1163 stupor
2922 1096 2975 1151 in
3001 1098 3223 1161 smculo,
3258 1105 3315 1151 ut
3335 1095 3455 1151 haec

1859 1191 2076 1247 illorum
2111 1191 2276 1245 tantis
2302 1190 2542 1244 involuta
2577 1188 2818 1258 perﬁdiis
2849 1204 2953 1243 non
2994 1197 3322 1258 agnoscatur
3356 1187 3457 1241 im-

1862 1285 2056 1353 pietas,
2083 1292 2141 1336 ut
2183 1295 2342 1336 nemo
2367 1282 2626 1350 intelligat
2661 1281 2932 1349 quomodo
2959 1281 3121 1335 etiam
3156 1280 3335 1349 regias
3362 1293 3458 1331 au-

1859 1389 1946 1431 res
1974 1390 2192 1444 semper
2229 1372 2479 1427 inludunt
2526 1375 2576 1427 in
2605 1374 2897 1427 vexatione
2940 1372 3372 1427 Christianorum
3403 1377 3458 1425 et

1860 1466 2097 1521 ﬁdelium
2147 1466 2516 1521 sacerdotum.
2570 1463 2675 1519 Sed
2709 1464 2809 1518 sub
2854 1464 3120 1519 vocabulo
3162 1463 3310 1532 pacis
3357 1463 3458 1516 im-

1859 1561 2032 1630 pietas
2060 1560 2278 1628 tegitur,
2308 1567 2365 1613 et
2404 1558 2713 1627 speciosum
2758 1571 2954 1611 nomen
3004 1556 3248 1610 veritatis
3288 1566 3457 1623 οιηιοο

1859 1654 2007 1709 nitur
2050 1653 2116 1706 ad
2150 1652 2511 1721 patrocinium
2569 1650 2921 1720 perﬁdorum.
2972 1648 3080 1703 Sed
3132 1648 3272 1702 bene
3312 1644 3453 1715 quod

1866 1746 1982 1815 ipse
2012 1744 2264 1800 Salvator
2299 1744 2555 1798 virtutem
2581 1756 2692 1796 sua:
2723 1742 2867 1811 pacis
2908 1740 3194 1809 esposuit,
3228 1754 3296 1794 ne
3336 1739 3456 1808 quis

195 1828 571 1884 vindicaverant
606 1828 787 1896 ﬁdem,
821 1828 1074 1883 haeretica
1099 1827 1501 1896 subscriptione
1530 1829 1754 1882 datnna-
1784 1828 1832 1889 B
1861 1839 2091 1908 simplici
2124 1838 2273 1908 pacis
2304 1837 2567 1892 vocabulo
2595 1846 2913 1906 caperetur,
2957 1842 3013 1889 et
3048 1848 3167 1889 eam
3208 1832 3457 1902 quicum.

190 1932 381 1987 verunt,
418 1921 672 1976 videntes
703 1920 845 1989 quod
873 1922 1215 1989 imperatoris
1240 1921 1469 1975 arbitrio
1504 1921 1751 1992 episcopi

189 2031 307 2069 nunc
336 2030 401 2069 ex
433 2016 727 2071 catholicis
750 2016 883 2071 ﬁunt
912 2016 1184 2079 haeretici,
1215 2026 1269 2070 et
1317 2015 1482 2070 iidem
1510 2017 1752 2087 episcopi

192 2122 243 2161 ex
261 2108 522 2163 haereticis
545 2109 616 2164 ad
639 2108 796 2165 [idem
810 2108 1129 2164 catholicam
1146 2117 1510 2164 revertuntur.
1529 2109 1634 2164 Sed
1653 2109 1754 2164 t-tsi

188 2200 372 2271 quidam
417 2201 769 2257 confessores
812 2199 1051 2271 fatigati,
1112 2204 1162 2255 in
1216 2202 1407 2255 ultimo
1454 2203 1642 2255 talium
1695 2217 1755 2257 se

188 2293 531 2349 communioni
552 2295 864 2366 jungendos
890 2310 1014 2352 esse
1035 2296 1416 2361 crediderunt,
1443 2306 1754 2352 avertentes

188 2388 260 2443 illa
285 2386 412 2444 forte
439 2395 648 2443 statuta
680 2404 800 2459 qua}
830 2388 979 2458 prius
1016 2391 1284 2445 adversus
1313 2406 1407 2445 eos
1437 2390 1755 2460 prophetica

188 2491 322 2551 atque
354 2483 655 2550 apostolica
686 2484 1013 2541 auctoritate
1064 2484 1446 2550 decreverant,
1493 2482 1755 2553 numquid

187 2571 272 2627 hoc
322 2585 493 2644 potest
548 2574 791 2631 divinam
841 2576 1073 2632 obruere
1124 2578 1443 2631 veritatem?
1493 2575 1755 2646 numquid

186 2662 270 2718 hoc
295 2674 465 2735 potest
494 2668 834 2736 evangelicis
872 2668 1223 2738 praeiudicare
1265 2669 1567 2725 doctrinis?
1602 2684 1759 2724 num.

186 2758 288 2827 quid
310 2760 642 2829 apostolicas
663 2760 993 2816 labefactare
1015 2764 1333 2829 sententias,
1364 2771 1422 2817 et
1450 2762 1592 2819 illam
1618 2778 1758 2831 prm-

187 2852 344 2907 sertim
373 2852 463 2909 Dei
497 2868 695 2908 vocem
728 2854 963 2909 dicentis
995 2872 1007 2907 ί
1045 2856 1147 2922 Qui
1176 2858 1570 2925 perseveraverit
1596 2872 1755 2925 usque

185 2946 239 2997 ad
259 2946 420 3013 ﬁnem,
451 2947 543 3000 hic
573 2948 746 3003 salvus
774 2948 871 3002 erit
890 2947 1131 3020 (Mutila,
1163 2948 1369 3022 :32)?
1400 2950 1505 3005 Sed
1532 2957 1590 3004 et
1612 2953 1758 3019 Apoc

184 3038 286 3092 stoli
333 3038 476 3093 Pauli
525 3054 624 3093 vas
661 3041 945 3095 electionis
987 3056 1014 3092 a
1044 3040 1263 3096 Christo
1311 3042 1541 3097 Domino
1575 3043 1590 3072 ¹
1624 3058 1754 3112 pro-

187 3132 490 3199 nuntiantis,
530 3132 692 3202 cujus
736 3132 805 3187 ad
844 3132 1063 3188 Galatas
1107 3134 1397 3191 scribentis
1443 3134 1560 3190 hinc
1590 3136 1756 3191 verba

1857 1947 1962 2002 que
2007 1931 2191 1985 surculi
2226 1931 2593 2000 itnpictatibus
2633 1928 2917 1998 copularet
2939 1968 2955 1994 ,
2985 1927 3174 1981 dicens
3204 1942 3217 1980 :
3256 1926 3449 1979 Pacem

1842 2036 2026 2079 ‘meam
2054 2024 2291 2094 relinquo
2316 2025 2479 2088 vobis,
2509 2038 2683 2094 pacem
2710 2037 2872 2074 meant
2896 2020 2962 2073 do
2991 2020 3129 2074 vobis
3154 2034 3172 2073 :
3194 2034 3295 2072 non
3318 2020 3453 2072 sicut

1860 2120 1943 2172 hic
1976 2118 2200 2171 mundus
2224 2119 2348 2183 dat,
2384 2132 2477 2189 ego
2499 2116 2565 2170 do
2587 2115 2727 2170 vobis
2752 2114 2953 2186 (Joan.,
2987 2126 3092 2177 xw,
3114 2110 3233 2184 27).
3261 2112 3456 2165 Pacem

1859 2226 2010 2267 suam
2044 2227 2072 2265 a
2106 2211 2291 2266 mundi
2325 2225 2459 2280 pace
2500 2208 2779 2264 discrevit.
2816 2208 2948 2262 Nam
2994 2209 3038 2261 si
3070 2207 3183 2260 ltmc
3212 2221 3313 2275 pax
3348 2205 3459 2259 Deo
3494 2272 3509 2283 ι,

1859 2317 2009 2379 grata
2042 2316 2124 2362 est
2146 2322 2264 2376 qua:
2297 2306 2350 2359 in
2380 2303 2677 2359 Ecclesium
2721 2304 2914 2370 recipit
2941 2299 3229 2369 episcopos
3269 2297 3461 2352 inﬁde-

1862 2401 1977 2467 les,
2011 2399 2139 2469 quid
2169 2414 2301 2469 ergo
2348 2412 2487 2466 Opus
2536 2405 2621 2450 est
2669 2396 2723 2449 iit
2772 2394 3240 2467 persecutionibus
3291 2399 3456 2445 aestus

1864 2491 2109 2561 perpeti,
2155 2500 2435 2545 carcerem
2479 2488 2784 2552 sustinere,
2833 2487 2908 2540 ire
2932 2485 3169 2539 ’ohviam
3219 2481 3456 2553 gladiis,

1862 2594 2023 2652 atque
2063 2583 2242 2636 omnia
2274 2594 2474 2651 genera
2519 2577 2912 2648 suppliciorum
2961 2577 3261 2644 mortisque
3324 2574 3461 2627 tole-

1860 2690 2019 2739 rare;
2048 2672 2486 2744 quandoquidem
2517 2680 2638 2741 post
2667 2670 3031 2740 negationem,
3065 2676 3188 2736 post
3214 2664 3455 2736 perﬁdiae

1862 2770 2144 2839 sacrilegia
2172 2810 2186 2835 ,
2218 2777 2439 2837 propter
2485 2780 2675 2836 pacem
2718 2764 2859 2819 hanc
2898 2777 3058 2832 quam
3110 2762 3221 2816 Deo
3251 2760 3465 2830 placere

1860 2861 2176 2925 conﬁdunt,
2238 2873 2464 2915 securus
2520 2858 2890 2927 unusquisque
2935 2852 3276 2919 inﬁdelium,
3328 2859 3465 2903 tam-

1861 2973 2020 3028 quam
2056 2956 2343 3022 inlibatus,
2372 2953 2523 3007 salvo
2553 2950 2851 3021 episcOpali
2886 2948 3093 3002 honore
3120 2942 3461 3014 suscipitur?

1869 3051 2001 3105 Vani
2032 3050 2145 3120 jam
2184 3046 2480 3101 secundum
2516 3044 2653 3098 hanc
2695 3041 3051 3097 assertionem
3101 3050 3155 3092 et
3196 3044 3466 3106 martyres
3532 3068 3539 3075 -

1862 3144 2138 3214 judicandi
2178 3149 2323 3205 sunt.
2371 3138 2450 3195 Ad
2491 3152 2627 3207 quos
2663 3138 2807 3192 enim
2847 3138 3051 3189 fructus
3091 3145 3279 3202 pmnas
3319 3143 3466 3182 mor-

189 3234 293 3279 sunt
320 3245 333 3281 :
366 3227 470 3281 Sed
502 3228 610 3282 etsi
647 3244 739 3281 nos
763 3269 778 3294 ,
810 3238 896 3281 aut
920 3228 1135 3299 angelus
1179 3231 1241 3282 de
1284 3230 1409 3283 ctelo
1438 3230 1757 3300 euangeliza-

1871 3247 2085 3305 temque
2117 3236 2256 3289 ferre
2288 3230 2639 3287 malueruan
2668 3231 2724 3285 Si
2772 3228 2916 3283 enim
2958 3227 3046 3297 qui
3089 3234 3236 3278 metu
3284 3234 3467 3290 perse-

186 3321 293 3374 mit
318 3332 664 3392 prieterquam
708 3322 1171 3394 euangelizavimus
1197 3323 1368 3386 vobis,
1399 3323 1675 3377 anathema
1696 3325 1762 3377 sit

191 3411 334 3481 (σοι,
362 3431 411 3479 ι,
443 3416 529 3484 8).
579 3414 732 3471 Unde
771 3423 826 3471 et
871 3417 1012 3471 idem
1055 3416 1172 3486 ipse
1218 3417 1440 3471 interius
1477 3417 1530 3471 in
1568 3416 1758 3471 eadem

190 3509 387 3575 epistola
433 3510 790 3580 prosequitur
834 3509 1057 3565 dicens:
1111 3510 1172 3565 Si
1218 3492 1353 3564 enim
1386 3526 1500 3579 qua:
1525 3511 1761 3565 destruet

188 3598 277 3653 hac
314 3604 490 3657 iterum
553 3604 786 3672 (edi/ica,
847 3605 1298 3675 prevaricatorem
1364 3620 1444 3657 me
1506 3605 1759 3658 constituo

187 3693 335 3762 (ϐαι,
363 3713 421 3763 Il,
452 3696 581 3769 18).
618 3696 912 3753 Confessor
938 3699 1123 3767 utique
1154 3697 1325 3751 factus
1367 3706 1451 3753 est
1489 3699 1557 3753 de
1587 3698 1761 3752 Evan-

189 3788 347 3855 geliis,
376 3790 444 3845 de
493 3790 727 3844 vocibus
755 3789 1150 3858 Prophetarum
1175 3830 1188 3853 ,
1223 3790 1291 3844 de
1318 3790 1584 3843 doctrinis
1618 3793 1761 3859 Apo-

188 3881 438 3946 stolorum,
464 3884 564 3952 qui
589 3884 609 3912 ⁸
635 3882 823 3937 lideles
840 3881 1050 3936 dubitat
1075 3892 1205 3936 tunc
1224 3882 1583 3937 confessionis
1600 3881 1760 3936 meri—

190 3981 278 4024 tutu
302 3990 400 4028 non
433 3974 664 4040 habere,
682 3976 728 4029 si
759 3974 1146 4044 scripturarum
1167 3974 1470 4029 divinarum
1490 3974 1611 4044 jura
1632 3975 1761 4029 sub-

189 4080 391 4134 vertens,
423 4073 655 4142 incipiat
684 4071 956 4126 aediﬁcare
984 4086 1107 4142 quae
1133 4072 1417 4126 destruunt
1442 4071 1755 4140 Evangelia.

246 4162 348 4220 XV.
371 4168 448 4221 An
469 4182 587 4223 non
611 4166 907 4237 Scriptura:
924 4166 1124 4221 divina:
1145 4166 1761 4237 impugnanturquando

189 4270 288 4313 rum
313 4263 589 4334 episcopis
623 4261 745 4316 Filii
765 4261 862 4316 Dei
878 4260 1225 4332 ttegatoribus
1253 4276 1352 4332 pax
1384 4262 1640 4315 Ecclesia:
1670 4277 1762 4315 eoa

190 4351 408 4417 palatur?
439 4355 582 4422 Quis
612 4363 699 4410 est
728 4355 903 4421 enim,
934 4354 1024 4424 qui
1049 4356 1405 4409 considerans
1432 4355 1540 4407 vim
1563 4353 1761 4409 divinae

188 4444 459 4516 religionis,
492 4460 686 4518 parem
718 4448 1048 4518 perﬁdorum
1086 4448 1200 4503 Deo
1229 4449 1446 4517 placere
1483 4447 1757 4514 conﬁdat,

189 4539 273 4592 nisi
302 4551 354 4595 ut
379 4558 409 4596 a
440 4543 699 4598 Patrtbus
725 4543 1008 4598 decretum
1032 4553 1148 4609 est,
1194 4544 1247 4597 in
1279 4542 1539 4595 laicorum
1570 4543 1631 4595 se
1661 4557 1758 4597 nu-

1865 3332 2104 3386 cutionis
2127 3336 2458 3396 negaverunt
2488 3323 2683 3377 Filium
2710 3321 2804 3377 Dei
2839 3336 2943 3373 non
2975 3318 3174 3372 habent
3204 3327 3415 3383 poenam
3445 3352 3461 3378 ,

1866 3426 1975 3479 imo
2032 3423 2211 3493 potius
2264 3423 2638 3481 honorantur;
2714 3428 2815 3468 nec
2874 3421 3140 3482 martyres
3204 3420 3462 3487 coronam

1864 3515 2134 3586 passionis
2187 3526 2409 3582 sperare
2452 3510 2794 3571 debuerunt,
2839 3506 2947 3559 imo
3002 3502 3182 3572 potius
3224 3497 3467 3570 pendant

1863 3609 2124 3679 supplicia
2172 3621 2285 3661 sua:
2332 3603 2673 3659 temeritatis.
2724 3602 2840 3655 Hoc
2890 3599 3037 3654 enim
3098 3609 3325 3650 necesse
3381 3601 3467 3647 est

1863 3708 2250 3769 consequatur.
2283 3697 2399 3752 Non
2428 3696 2572 3750 enim
2607 3694 2723 3749 ﬁeri
2756 3699 2967 3762 potest,
3002 3701 3061 3743 ut
3092 3704 3197 3741 non
3227 3686 3301 3741 ibi
3331 3698 3463 3739 con.

1865 3796 2030 3849 traria
2068 3793 2402 3861 judicetttur.
2446 3789 2639 3843 Nonne
2671 3785 3017 3841 manifestum
3059 3793 3144 3838 est
3189 3781 3254 3834 ad
3305 3792 3465 3849 quam

1867 3901 2057 3941 vocem
2109 3892 2384 3939 arctantur
2437 3880 2704 3935 vocabulo
2755 3879 2902 3949 pacis
2951 3878 3136 3939 istius,
3183 3875 3267 3927 vel
3321 3871 3465 3941 quod

1865 3980 2219 4050 pronuntiare
2242 3986 2530 4046 cogantur,
2549 3986 2619 4028 ιη’
2637 3976 2681 4028 si
2715 3982 3003 4043 negatores
3036 3969 3157 4023 Filii
3190 3967 3287 4021 Dei
3320 3976 3465 4019 recte

1864 4075 1917 4129 itt
1951 4074 2159 4128 honore
2187 4072 2645 4133 corroborantur,
2680 4068 2974 4123 credantur
3018 4072 3283 4135 martyres
3331 4072 3464 4115 tam.

1864 4182 2024 4238 quam
2053 4183 2155 4238 pro
2195 4182 2289 4221 sua
2324 4166 2633 4221 temeritate
2662 4163 2863 4232 puniri.
2893 4159 3000 4217 Sed
3027 4158 3166 4213 sbsit
3198 4173 3211 4208 :
3241 4156 3378 4209 absit
3407 4163 3465 4207 ut

1866 4262 1969 4317 hoc
1991 4263 2238 4317 admittat
2271 4258 2606 4315 conscientia
2634 4256 2966 4312 Christiana.
3003 4251 3290 4307 Credimus
3317 4248 3465 4301 enim

1875 4356 2013 4412 Filio
2041 4356 2135 4410 Det
2168 4353 2542 4424 pronuntianti
2571 4368 2582 4403 :
2618 4350 2719 4414 Qui
2756 4364 2838 4401 me
2864 4346 3117 4418 negaverit
3147 4356 3321 4397 coram
3372 4342 3460 4394 hoc

1863 4451 2085 4504 minibus
2104 4490 2118 4514 ,
2149 4460 2196 4503 et
2227 4463 2318 4518 ego
2358 4445 2553 4517 negabo
2584 4460 2700 4497 eum
2728 4456 2901 4496 coram
2932 4439 3091 4493 Patre
3115 4452 3265 4491 meo:
3297 4444 3342 4488 et
3370 4433 3458 4503 qui

1864 4559 1945 4598 me
1974 4544 2244 4612 confessus
2275 4541 2431 4610 fuerit
2459 4554 2631 4591 coram
2676 4535 2970 4589 hominibus
2994 4573 3009 4599 ,
3051 4547 3143 4604 ego
3181 4528 3466 4597 conﬁtebor

189 4645 368 4687 merum
416 4636 639 4690 tradant
679 4650 793 4689 sum
831 4636 1067 4705 perﬁdim
1114 4634 1407 4689 dolentes?
1437 4632 1542 4687 Sed
1593 4641 1716 4688 esto
1737 4674 1751 4700 ,
1787 4610 1834 4670 ί)
1866 4650 1983 4693 eam
2010 4610 2183 4689 coram
2214 4633 2376 4687 Patre
2404 4628 2842 4703 meo(Matth.,x.
2877 4627 2993 4691 ὃὸ).

190 4720 399 4780 habeant
426 4742 618 4797 pacem
645 4742 767 4781 ctnn
820 4728 1127 4782 inﬁdelibus
1170 4726 1270 4781 :in
1316 4742 1425 4797 quo
1455 4728 1632 4779 tamen
1675 4724 1759 4779 ol-

190 4812 387 4871 l'endunt
409 4860 423 4885 ,
453 4820 505 4873 in
537 4833 647 4888 quo
680 4819 879 4873 laedunt
904 4820 1258 4889 imperatores
1278 4858 1292 4882 ,
1326 4818 1380 4872 in
1410 4832 1517 4886 quo
1546 4832 1763 4887 rempu-

190 4905 357 4964 blicam
409 4920 646 4977 vexant,
692 4914 783 4982 qui
833 4911 999 4968 divini
1059 4912 1527 4981 contemplatione
1568 4912 1759 4981 judicil

192 4996 474 5069 hujusmodi
510 5021 695 5074 pacem
729 5015 1029 5074 respuunt,
1062 5021 1183 5075 quin
1218 5001 1514 5075 sacrilegos
1544 5006 1759 5073 recipit,

192 5098 615 5159 praevaricatores
658 5098 783 5152 ﬁdei
812 5100 1038 5153 honorat
1060 5140 1073 5162 ,
1115 5099 1257 5151 favet
1304 5099 1602 5168 hypocritis
1625 5139 1639 5163 ,
1666 5096 1763 5153 de-

190 5184 328 5252 spicit
358 5188 881 5257 veritatem,Christi
903 5189 999 5243 Dei
1021 5189 1134 5242 reri
1161 5188 1283 5243 Filii
1309 5197 1592 5258 negatores
1624 5201 1760 5243 tam-

190 5288 327 5342 quam
359 5280 613 5335 dominos
644 5282 905 5336 Ecclesia:
948 5284 1259 5349 constituit,
1295 5284 1551 5352 populum
1600 5282 1762 5354 perﬁ-

189 5367 275 5424 dize
301 5373 421 5430 labe
447 5376 817 5442 contaminat,
848 5376 1047 5432 evertit
1084 5376 1478 5446 Evangelium?
1521 5377 1654 5432 llinc
1682 5378 1759 5435 rei

189 5474 385 5533 smnus,
419 5466 545 5524 hinc
575 5468 680 5524 sub
711 5470 945 5526 nominis
972 5470 1137 5526 vestri
1177 5470 1502 5527 auctoritate
1529 5472 1761 5542 patimur

255 5628 272 5703 ξ
299 5628 473 5703 yalim
498 5632 835 5703 pronuntiati.

257 5698 275 5773 ξ
300 5699 462 5773 Forte
490 5698 679 5773 ﬁdelis.

257 5768 276 5799 ³
303 5768 605 5847 Legendum
635 5777 858 5832 omnino
880 5776 1121 5842 videtur,
1151 5774 1243 5831 sub
1271 5775 1496 5844 quolibet
1527 5770 1623 5847 pro
1651 5790 1768 5832 vero

200 5845 406 5917 perpeti,
430 5856 485 5906 ut
513 5864 703 5911 rursus
743 5850 902 5921 intra,
934 5849 1035 5911 sub
1063 5850 1227 5908 ﬁnem
1255 5847 1456 5918 libelli,
1482 5845 1630 5921 quasi
1669 5864 1765 5908 ex-

1939 4728 2079 4783 XVI.
2128 4728 2520 4783 Verumtamen
2565 4735 2617 4778 et
2661 4723 2713 4775 iit
2753 4721 2854 4773 hac
2892 4730 3051 4773 causa
3095 4713 3343 4769 divinum
3380 4709 3466 4781 ju-

1866 4820 2068 4875 dicium
2095 4819 2411 4890 cognoscite
2446 4816 2733 4889 probatum
2768 4808 3131 4882 praesentibus
3176 4807 3469 4859 documen-

1868 4912 1938 4967 tis
1961 4954 1974 4977 ,
2009 4926 2078 4966 ne
2101 4914 2220 4992 quis
2249 4919 2461 4980 putaret
2490 4905 2881 4975 acceptandam
2914 4914 3099 4970 pacem
3130 4897 3320 4951 talium
3347 4894 3464 4963 epi-

1868 5021 2154 5076 scoparum
2180 4990 2387 5070 ,vetiam
2418 5004 2461 5057 si
2503 5000 2569 5055 ad
2599 5012 2742 5053 vera:
2773 4996 2895 5050 ﬁdei
2938 4990 3334 5048 confessionem
3377 5000 3467 5040 re-

1864 5105 2212 5153 verterentur
2240 5104 2360 5167 post
2392 5092 2824 5160 subscriptiones
2855 5086 3050 5156 impias
3070 5125 3083 5148 ,
3116 5082 3200 5136 vel
3231 5078 3467 5134 nefarias

1869 5193 2254 5246 haereticorum
2297 5188 2741 5249 cummunioues,
2775 5182 2972 5252 quibus
3009 5178 3245 5231 scienter
3272 5185 3467 5226 succu-

1868 5286 2135 5349 buerunt,
2183 5298 2251 5337 ue
2296 5291 2390 5337 aut
2437 5280 2816 5352 possessiones
2865 5270 3125 5328 Ecclesiae
3175 5264 3467 5336 perderent

1865 5388 1956 5434 aut
1983 5379 2240 5433 honores.
2275 5375 2297 5407 δ
2320 5375 2555 5430 Sanctus
2578 5374 2660 5427 vir
2687 5371 2950 5425 Maximus
2973 5365 3280 5437 episcopus,
3311 5354 3465 5427 cujus

1865 5487 2029 5543 supra
2063 5470 2415 5528 meminimus
2437 5510 2452 5534 ,
2485 5467 2647 5523 ﬁdem
2673 5463 2957 5522 vindicans
2996 5464 3202 5513 rectam
3240 5466 3469 5509 consor-

1802 5649 1805 5652 '
1875 5647 2207 5712 erubescamus
2237 5646 2330 5712 pro
2350 5642 2465 5712 uere
2485 5625 2729 5712 intsrﬁci‘.

1952 5681 2325 5759 Eadbaldi}
2353 5681 2647 5760 Haesimus,
2679 5706 2785 5747 etc.
2818 5688 3005 5760 Deliis
3031 5696 3089 5760 et
3114 5681 3468 5760 sequentibus

1875 5754 2091 5832 erudite
2122 5754 2239 5844 pro
2280 5785 2435 5844 more
2474 5783 2573 5825 suo
2616 5754 2869 5825 edisserit
2897 5754 3241 5825 MazochiuS,
3286 5754 3321 5815 Ι.
3376 5767 3467 5839 ιι.ἓ

1873 5856 2005 5907 tom.
2032 5847 2104 5921 ti,
2130 5843 2253 5921 pag.
2280 5843 2408 5914 578,
2428 5855 2543 5914 seq.
