3998 6350
391 273 398 278 .
467 224 540 286 95
1655 223 1978 284 FAUS‘I‘INI
2015 223 2105 281 ET
2145 223 2568 287 MARCELLINI
3708 235 3770 294 96

469 345 716 418 tiumque
744 344 1049 418 reprobans
1080 343 1461 401 haereticorum
1480 385 1496 411 ,
1529 341 1725 400 ductus
1750 350 1837 399 est
1873 341 1928 397 in
1977 356 2075 398 ex—
2099 344 2154 405 Α
2177 343 2279 399 sub
2303 341 2621 403 Constantio
2642 347 3080 407 damnaverunt?
3111 351 3206 409 llis
3235 351 3402 410 rebus
3423 353 3630 411 Valens
3658 368 3770 410 mo-

475 438 680 496 silium.
710 437 769 495 In
796 438 919 494 loco
945 437 1063 510 ejus
1093 438 1544 509 prtevaricatores
1567 435 1826 492 ordinant
1851 432 2071 490 nomine

472 519 752 589 Zosimum
779 574 795 599 ,
837 533 927 604 qui
953 542 1007 588 et
1033 532 1154 603 ipse
1183 535 1332 603 prius
1357 530 1576 604 quidem
1603 529 1870 586 catholica
1900 527 2074 584 vindi-

477 627 659 683 cabat.
694 626 804 684 Res
850 627 953 683 ista
997 627 1050 683 in
1088 625 1317 699 Neapoli
1343 627 1564 682 civitate
1597 623 1909 697 Campaniae
1953 631 2072 678 aeta

475 727 582 775 est.
612 718 903 790 Cognoscit
932 718 1037 776 hoc
1063 731 1288 776 sanctus
1333 719 1592 775 Maximus
1616 759 1632 783 ,
1684 720 1750 774 et‘
1765 717 1833 773 de
1875 715 2071 772 exsilio

477 811 726 868 scribens
755 811 851 868 dat
874 813 928 869 iu
970 828 1092 869 eum
1124 812 1450 869 sententiam
1470 852 1487 879 ,
1521 826 1626 866 non
1655 809 1830 866 solum
1867 809 2074 880 episco-

477 905 584 978 pali
610 907 976 973 auctoritate,
1019 906 1117 962 sed
1165 906 1329 962 etiam
1374 904 1720 960 aemulatione
1764 917 1829 959 ac
1875 902 2074 957 virtute

478 999 728 1072 martyrii
772 1000 787 1031 ’
825 998 1014 1056 fruens
1056 999 1110 1054 in
1148 999 1375 1071 gloriam
1403 998 1660 1054 divinam.
1692 997 1802 1054 Sed
1833 1007 1954 1067 post
1975 995 2075 1050 ali-

473 1102 608 1164 quot
626 1109 800 1151 annos
828 1093 1018 1150 beatus
1038 1093 1252 1150 Lucifer
1271 1093 1339 1149 de
1377 1101 1574 1165 quarto
1611 1091 1804 1148 exsilio
1843 1091 2072 1147 Romam

477 1200 748 1256 pergens,
800 1185 1083 1257 ingressus
1129 1194 1216 1242 est
1255 1185 1540 1258 Neapolim
1591 1184 1900 1254 Campaniae
1948 1201 1962 1238 :
2005 1183 2075 1239 ad

475 1293 636 1350 quem
666 1277 919 1335 Zosimus
940 1279 1127 1335 venire
1156 1279 1404 1346 tentavit,
1432 1277 1523 1333 illa
1548 1277 1688 1334 forte
1719 1277 1934 1344 ﬁducia,
1967 1291 2074 1347 qua

473 1373 687 1430 scilicet
703 1373 816 1442 jam
846 1371 915 1428 de
941 1372 1220 1442 impietate
1252 1375 1602 1438 #correxis‘se
1628 1370 1932 1426 videbatur.
1967 1368 2075 1426 Sed

480 1465 626 1520 hunc
649 1464 869 1521 Lucifer
907 1464 1192 1522 confessor
1230 1465 1512 1534 suscipere
1541 1465 1748 1530 noluit,
1786 1479 1893 1520 non
1924 1464 2079 1534 igno-

479 1570 612 1612 rans
656 1571 780 1627 quac
825 1565 1116 1628 gesserat:
1145 1557 1254 1612 imo
1295 1566 1351 1612 et
1390 1558 1562 1614 sancti
1592 1556 1826 1627 Spiritus
1866 1556 2077 1613 fervore

479 1649 726 1720 episcopi
755 1658 812 1705 et
853 1651 1112 1722 martyris
1151 1649 1478 1706 sententiam
1523 1651 1796 1706 robustius
1825 1651 2081 1720 exsequi-

2175 444 2294 507 tus,
2339 439 2594 512 ignorans
2629 443 2882 501 virtutem
2927 461 3070 502 verae
3097 448 3255 514 ﬁdei,
3305 457 3360 505 et
3403 451 3767 506 constantiam

2171 544 2294 586 cum
2338 533 2695 591 inconstantia
2740 539 3067 607 conferens,
3100 541 3435 611 impietatem
3483 543 3770 598 haeretico-

2173 639 2292 681 rum
2341 641 2462 682 cum
2503 630 2734 699 quadam
2762 631 2973 702 justitia
3005 633 3329 692 vindicabat.
3383 637 3454 692 Et
3484 647 3729 694 tacemus
3751 679 3764 704 ,

2173 716 2316 786 quod
2347 719 2508 773 etiam
2535 721 2637 776 sub
2668 721 2896 779 Valente
2927 724 3118 780 iterum
3160 742 3220 781 se
3249 727 3467 796 quidam
3495 727 3766 784 haereticis

2175 809 2549 882 tradiderunt,
2593 829 2728 897 quos
2773 831 2917 870 nunc
2947 817 3296 874 nihilominus
3325 819 3576 876 videmus
3625 823 3767 877 inter

2174 901 2473 960 catholicos
2500 907 2784 962 nominari.
2816 908 2943 965 Inde
2969 922 3052 966 est
3077 911 3221 968 unde
3252 913 3414 969 etiam
3441 915 3632 986 plebes
3657 916 3766 969 hae-

2176 998 2470 1054 reticorum
2517 1000 2583 1055 ad
2633 1001 2793 1058 ﬁdem
2839 1004 3061 1075 impiam
3099 1007 3372 1063 roboratze
3422 1018 3582 1076 sunt,
3633 1008 3762 1064 dum

2178 1088 2420 1146 hmretiei
2445 1093 2496 1147 in
2523 1093 2668 1148 malo
2692 1109 3075 1166 perseverant,
3105 1109 3159 1154 et
3180 1101 3272 1170 qui
3301 1111 3554 1172 putantur
3580 1103 3766 1158 catho-

2178 1182 2300 1250 lici,
2347 1185 2414 1241 de
2473 1187 2618 1243 bono
2665 1189 2957 1258 recedunt,
3008 1192 3298 1264 aliquoties
3351 1197 3763 1253 succumbentes

2181 1275 2474 1333 bmreticis.
2526 1279 2638 1347 Qua
2685 1282 2828 1335 enim
2874 1286 3193 1340 auctoritate
3236 1285 3291 1340 hi
3340 1287 3477 1340 tales
3523 1287 3762 1356 episcopi

2177 1378 2362 1425 contra
2394 1369 2643 1426 haeresim
2677 1373 3012 1442 praedicant,
3043 1377 3128 1430 cui
3161 1392 3221 1432 se
3250 1376 3642 1448 subscripsisse
3669 1393 3762 1432 ne-

2178 1477 2305 1532 gare
2345 1478 2450 1518 non
2480 1466 2740 1533 possunt?
2780 1475 2835 1520 et
2863 1482 2967 1536 qua
3011 1465 3201 1522 ﬁducia
3247 1469 3569 1524 catholicam
3603 1470 3761 1524 ﬁdem

2181 1555 2324 1625 plebi
2356 1555 2588 1612 suadere
2619 1558 2860 1612 nitantur
2883 1600 2898 1624 ,
2928 1574 3050 1613 cum
3079 1570 3292 1616 constet
3327 1562 3468 1633 quod
3508 1577 3626 1618 eam
3667 1563 3763 1616 im-

2182 1647 2288 1716 piis
2312 1649 2802 1720 subscriptionibus
2829 1653 3276 1720 reprobavcrint?

481 1750 603 1808 tur,
635 1742 820 1798 dicens
849 1743 994 1814 quod
1037 1742 1413 1814 episcopatum
1453 1744 1628 1812 ipsqu
1665 1759 1825 1814 quem
1867 1743 1970 1798 sibi
2019 1753 2077 1800 ut
2105 1731 2152 1791 B
2253 1737 2440 1794 XVIII.
2485 1740 2783 1808 Videtisne,
2822 1743 2986 1797 etiam
3039 1743 3236 1798 vestris
3263 1745 3595 1815 temporibus
3635 1744 3762 1815 (sed

481 1833 698 1890 adulter
719 1835 954 1892 vindicat
973 1878 988 1904 ,
1015 1836 1242 1906 speciali
1264 1835 1362 1892 Dei
1388 1827 1594 1906 judicio
1617 1851 1723 1890 non
1753 1835 1994 1902 habebit,
2025 1844 2080 1890 et

482 1924 563 1982 sic
589 1940 807 1997 quoque
828 1927 1026 1983 sentiet
1056 1942 1274 1998 poenam
1321 1943 1434 1982 suae
1478 1925 1793 1997 impietatis.
1817 1927 1926 1984 Sed
1970 1941 2078 1982 non

487 2025 612 2090 post
641 2017 868 2075 multum
895 2027 1108 2088 tempus
1130 2061 1146 2087 ,
1181 2019 1323 2075 idem
1367 2019 1615 2074 Zosimus
1641 2061 1657 2084 ,
1698 2033 1818 2074 cum
1847 2020 1901 2074 in
1932 2029 2080 2075 ctetu

485 2111 665 2182 plebis
717 2113 834 2168 vult
881 2115 1104 2185 exsequi
1161 2113 1462 2171 sacerdotis
1507 2112 1718 2180 ofﬁcia,
1776 2115 1917 2170 inter
1964 2115 2079 2186 ipsa

488 2207 652 2263 verba
683 2209 1044 2265 sacerdotalia
1065 2209 1185 2280 ejus
1212 2210 1396 2281 lingua
1425 2210 1789 2282 pratenditur,
1816 2225 1914 2267 nec
1938 2211 2084 2267 valet

485 2313 603 2355 eam
629 2315 888 2357 revocare
926 2302 1067 2358 intra
1109 2303 1224 2360 oris
1255 2312 1532 2372 meatum,
1589 2318 1658 2360 eo
1702 2304 1846 2374 quod
1891 2316 2084 2362 contra

486 2391 706 2448 modum
733 2403 941 2450 natum
983 2404 1138 2450 extra
1187 2410 1249 2451 os
1294 2395 1579 2465 penderet,
1613 2400 1671 2450 ut
1701 2394 1822 2451 bovi
1863 2397 2082 2452 anhelo.

493 2485 600 2542 Sed
629 2497 683 2542 ut
712 2487 848 2542 vidit
877 2503 938 2544 se
963 2488 1162 2558 linguae
1182 2487 1419 2544 ofﬁcium
1453 2488 1777 2558 perdidisse,
1808 2489 2088 2560 egreditur

489 2579 716 2636 basilica
745 2599 760 2644 ;
789 2591 843 2634 et
874 2595 965 2637 res
986 2582 1144 2649 mira,
1169 2579 1304 2636 foris
1331 2581 1528 2636 iterum
1551 2581 1607 2636 in
1635 2581 1876 2638 ofﬁcium
1906 2582 2083 2653 lingua

495 2679 748 2726 revocata
781 2681 886 2726 est.
933 2671 1003 2727 Et
1031 2673 1270 2743 primum
1297 2673 1515 2742 quidem
1555 2688 1661 2728 non
1690 2673 2004 2745 intelligitur
2032 2673 2087 2728 in

492 2777 617 2819 eum
660 2765 923 2834 compleri
973 2767 1296 2822 sententiam
1331 2767 1587 2837 martyris
1621 2775 1677 2822 et
1710 2766 2038 2822 confessoris
2072 2784 2085 2820 :

496 2855 594 2912 sed
623 2871 747 2912 cum
781 2857 882 2912 hoc
903 2857 1076 2928 ipsum
1102 2860 1267 2915 toties
1297 2859 1491 2915 iterum
1525 2859 1758 2930 patitur,
1790 2859 2003 2930 quoties
2033 2860 2086 2914 in

495 2949 777 3005 basilicam
807 2949 1044 3006 diversis
1094 2950 1286 3006 diebus
1317 2952 1523 3007 intrare
1549 2953 1796 3018 tentavit,
1835 2952 1948 3022 ipse
1993 2967 2089 3020 po-

491 3051 700 3098 stremo
733 3044 1069 3114 recognovit,
1110 3045 1181 3100 ob
1206 3044 1310 3100 hoc
1334 3045 1440 3101 sibi
1469 3046 1709 3117 linguam
1743 3045 1882 3100 inter
1912 3046 2091 3116 ponti-

2185 1839 2242 1885 ut
2269 1831 2540 1908 credimus
2564 1834 2935 1904 ignorantibus
2957 1835 3158 1908 vobis),
3180 1837 3339 1893 ﬁdem
3366 1839 3579 1907 quidem
3604 1841 3759 1910 piam,

2184 1929 2346 1992 atque
2381 1924 2581 1978 utinam
2615 1926 2697 1980 vel
2731 1942 2858 1982 vere
2881 1969 2896 1994 ,
2931 1928 3024 1984 sed
3052 1929 3157 1984 etsi
3186 1945 3312 1986 vere
3338 1972 3353 1996 ,
3386 1946 3508 1986 cum
3545 1932 3760 2001 quadam

2183 2022 2361 2069 tamen
2389 2015 2648 2086 injustitia
2678 2019 2940 2074 vindicari
2963 2063 2978 2085 ,
3022 2036 3144 2076 cum
3171 2037 3270 2091 per
3300 2023 3548 2095 indignos
3569 2026 3764 2094 episco-

2188 2121 2289 2178 pos
2317 2107 2628 2164 vindicatur
2654 2110 2708 2164 in
2738 2110 3084 2169 afﬁictioncm
3112 2114 3252 2184 piam
3291 2114 3452 2172 ﬁdem
3477 2115 3764 2172 defenden-

2193 2205 2326 2258 tium
2350 2205 2719 2272 sacerdotum,
2750 2209 2878 2262 etin
2903 2209 3196 2277 perniciem
3223 2209 3456 2264 ﬁdelium
3481 2210 3762 2266 laicorum?

2187 2297 2296 2354 Sed
2329 2298 2484 2353 nefas
2512 2308 2731 2370 putatur
2759 2309 2838 2355 tot
2877 2302 3324 2371 praevaricatores
3349 2303 3583 2373 dejicere
3602 2345 3618 2370 ,
3645 2317 3762 2358 con-

2186 2392 2514 2446 sentientem
2548 2393 2612 2446 ad
2643 2393 2962 2462 injuslitiam
2991 2395 3202 2449 turbam
3231 2395 3548 2466 reprobare.
3583 2397 3649 2451 Et
3680 2396 3758 2450 ubi

2187 2492 2271 2538 est
2300 2483 2509 2553 justitia
2539 2501 2680 2540 verae
2707 2487 2984 2558 religionis
3009 2530 3022 2553 ,
3054 2488 3101 2542 si
3129 2489 3429 2545 addieenda
3471 2499 3555 2545 est
3592 2491 3759 2561 impiae

2188 2579 2556 2646 multitudini,
2603 2590 2657 2636 et
2687 2581 2792 2636 hoc
2831 2583 2931 2637 sub
2961 2583 3218 2653 piissimis
3262 2594 3314 2640 et
3360 2583 3759 2655 religiosissimis

2189 2672 2642 2743 imperatoribus?
2667 2671 2784 2729 Non
2815 2675 2894 2728 sic
2935 2675 2987 2730 in
3028 2675 3230 2730 diluvio
3256 2676 3550 2747 judicatum
3593 2686 3674 2732 est
3710 2684 3759 2729 ut

2189 2770 2345 2824 turba
2376 2770 2619 2824 vinceret
2656 2768 2978 2824 infidelium.
3015 2769 3123 2826 Sed
3153 2769 3267 2824 Noe
3317 2771 3407 2826 ille
3449 2770 3758 2840 iustissimus

2191 2861 2316 2916 ideo
2346 2862 2517 2932 magis
2566 2861 2676 2916 Deo
2707 2861 2936 2932 placuit,
2969 2863 3112 2932 quod
3146 2864 3198 2917 in
3232 2861 3327 2917 illo
3355 2863 3566 2918 excidio
3591 2860 3758 2916 mundi

2187 2954 2338 3008 solus
2366 2954 2546 3024 justus
2573 2955 2824 3010 inventus
2857 2964 2960 3010 est.
2992 2955 3353 3011 Nihilominus
3381 2965 3435 3013 et
3465 2958 3515 3011 in
3543 2956 3756 3012 Sodoma

2188 3055 2246 3102 et
2273 3046 2572 3103 Gomorrha
2590 3062 2780 3117 graves
2809 3062 3000 3118 poenas
3024 3047 3173 3103 dedit
3201 3049 3363 3118 impia
3380 3049 3710 3104 multitudine
3734 3065 3747 3101 :

498 3134 606 3190 ﬁcii
632 3113 891 3191 solemnia
923 3137 1087 3194 verba
1115 3137 1368 3208 denegari
1387 3180 1402 3206 ,
1438 3147 1496 3194 ut
1540 3113 1855 3196 sanctorum
1878 3113 2090 3211 episco-
2113 3113 2160 3178 Ο
2192 3137 2337 3194 unde
2361 3113 2644 3208 hospitalis
2674 3113 2823 3194 unus~
2843 3139 2978 3195 Lolli
3019 3139 3089 3194 ob
3110 3113 3372 3210 justiti-am
3415 3141 3662 3196 liberatus
3688 3148 3759 3193 est

492 3242 686 3298 porum
731 3230 783 3283 in
809 3243 934 3284 eum
984 3231 1089 3286 rite
1137 3231 1402 3300 prolatam
1443 3233 1770 3288 sententiam
1811 3231 2085 3303 probaret.

488 3319 735 3393 Denique
763 3323 929 3378 cessit
954 3324 1322 3394 episcopatui,
1369 3333 1428 3378 ut
1457 3324 1634 3394 lingua
1683 3339 1806 3394 quae
1845 3332 2091 3379 cesserat

484 3415 832 3473 redderetur.
867 3416 985 3472 Non
1011 3433 1102 3473 res
1142 3421 1394 3490 antiquas
1426 3418 1732 3485 referimus,
1766 3434 1886 3488 quae
1913 3419 2091 3473 solent

491 3512 728 3582 quadam
760 3514 976 3567 ratione
1002 3513 1055 3567 in
1085 3512 1308 3568 dubium
1335 3515 1548 3568 venire.
1577 3512 1711 3567 Nam
1753 3523 1808 3567 et
1843 3511 2090 3566 Zosimus

489 3601 761 3674 hodieque
789 3603 844 3658 in
865 3618 1098 3674 corpore
1123 3614 1239 3672 est,
1267 3619 1424 3660 usum
1449 3605 1561 3674 jam
1587 3603 1784 3674 lingua:
1805 3619 1912 3658 non
1933 3603 2092 3657 amit-

492 3705 616 3753 tens
639 3737 656 3764 ,
693 3707 982 3768 postquam
1013 3697 1205 3752 maluit
1242 3712 1366 3753 cum
1405 3699 1752 3768 episcopatus
1798 3696 2092 3753 amissione

493 3789 682 3845 vivere
707 3788 905 3845 dolens
934 3789 1047 3844 suis
1073 3789 1463 3860 impietatibus.

567 3880 733 3936 XVII.
765 3880 957 3937 Nonne
984 3882 1148 3937 etiam
1169 3881 1236 3936 de
1262 3881 1528 3936 similibus
1551 3879 1960 3952 prtejndicatum
1983 3890 2089 3946 est,

491 3975 624 4031 nihil
650 3975 762 4032 illis
792 3975 1056 4047 prodesse
1076 4018 1091 4041 ,
1124 3975 1268 4046 quod
1295 3976 1449 4047 quasi
1475 3976 1578 4030 sub
1608 3974 1951 4044 correptione
1977 3976 2094 4044 epi—

486 4069 636 4138 scopi
664 4084 788 4125 esse
817 4072 1200 4139 perseverent?
1226 4068 1346 4125 Non
1377 4068 1520 4124 enim
1549 4067 1822 4137 correptio
1853 4076 1937 4123 est
1964 4068 2088 4131 ista,

455 4161 580 4240 .sed
614 4162 818 4229 illusio,
848 4171 1014 4234 prout
1041 4171 1169 4217 sunt
1198 4163 1588 4233 imperatorum
1621 4168 1894 4230 tempora,
1929 4159 2090 4215 fidem

486 4265 726 4313 vertere.
766 4255 914 4323 Haic,
955 4255 1074 4312 haec
1103 4271 1191 4312 res
1214 4255 1428 4325 decepit
1463 4264 1517 4311 et
1547 4253 1831 4310 Valentem
1861 4252 2094 4322 impera—

492 4353 694 4413 torem,
727 4362 852 4402 cum
877 4349 928 4402 in
962 4347 1232 4404 hmreticis
1261 4347 1395 4402 vidit
1421 4345 1781 4402 constantiam
1819 4344 2094 4400 defensio—

2189 3245 2312 3286 cum
2339 3231 2548 3286 duabus
2575 3231 2950 3287 tantummodo
2973 3231 3204 3287 ﬁliabus.
3232 3230 3338 3286 Sed
3371 3248 3470 3288 nec
3500 3233 3590 3287 Dei
3610 3246 3759 3284 :rmu-

2191 3323 2330 3378 lator
2356 3323 2524 3388 Elias,
2547 3325 2638 3394 qui
2665 3323 2767 3378 fuit
2792 3325 3104 3394 singularis,
3133 3325 3390 3380 obtentus
3413 3335 3516 3387 est.
3539 3339 3652 3380 cum
3675 3321 3762 3376 ad-

2194 3430 2384 3470 versus
2421 3415 2570 3469 illum
2601 3415 2975 3486 quadringenti
3007 3415 3394 3486 quinquaginta
3443 3416 3560 3470 falsi
3597 3427 3762 3468 sacer-

2191 3507 2346 3562 dOIes
2374 3505 2734 3562 mitterentur.
2762 3505 2871 3562 Sed
2897 3507 3076 3561 omnis
3103 3507 3256 3562 turba
3287 3507 3376 3560 illa
3406 3508 3568 3578 impia
3593 3519 3758 3560 sacer-

2192 3598 2382 3654 dotum
2415 3599 2514 3653 luit
2544 3614 2733 3670 pinnas
2763 3598 2864 3654 sub
2891 3601 3051 3654 unius
3092 3599 3266 3654 ﬁdelis
3307 3615 3524 3654 manum
3547 3641 3560 3664 ,
3583 3609 3631 3654 et
3667 3601 3758 3651 hoc

2191 3699 2444 3762 sperante
2487 3707 2614 3762 rege
2661 3691 2886 3759 Achab,
2929 3692 3021 3762 qui
3055 3691 3219 3748 falsos
3268 3691 3578 3747 sacerdotes
3613 3689 3756 3758 impie

2192 3783 2521 3841 vindicabat.
2556 3784 2663 3841 Sed
2713 3800 2813 3840 nec
2843 3785 2981 3840 Jehu
3023 3799 3116 3841 rex
3163 3785 3324 3840 Israel
3365 3785 3558 3840 detulit
3602 3781 3756 3852 impiae

2192 3879 2526 3934 multitudini
2553 3879 2918 3934 sacerdotum.
2944 3879 3188 3946 Denique
3209 3893 3398 3934 omnes
3422 3879 3582 3933 falsos
3601 3889 3757 3932 sacer-

2193 3970 2371 4038 dotes,
2402 3970 2494 4039 qui
2522 3972 2622 4026 sub
2651 3985 2775 4040 rege
2805 3969 2993 4024 Achab
3023 3969 3236 4023 fuerant
3264 3970 3316 4022 in
3361 3969 3625 4034 culmine,
3653 3979 3757 4022 cum

2193 4063 2450 4134 religiosa
2481 4063 2667 4118 fraude
2705 4064 2757 4118 in
2789 4062 3008 4117 domum
3048 4061 3324 4131 religionis
3357 4061 3538 4132 impia:
3581 4073 3757 4115 convo-

2193 4165 2391 4223 casset,
2421 4157 2572 4224 quasi
2606 4170 2700 4211 eos
2723 4164 2846 4225 post
2867 4155 3001 4209 ritus
3021 4153 3299 4225 religionis
3319 4161 3756 4214 remuneraturus,

2189 4248 2352 4320 jussit
2371 4248 2577 4314 occidi,
2611 4248 2683 4303 ita
2728 4257 2787 4303 ut
2826 4262 2988 4302 nemo
3033 4246 3102 4303 de
3133 4245 3218 4302 his
3245 4255 3580 4313 superesset.
3613 4243 3674 4300 Et
3700 4243 3764 4296 le-

2193 4343 2370 4415 gimus
2393 4342 2516 4414 quia
2541 4340 2613 4396 ob
2642 4341 2744 4396 hoc
2774 4341 2971 4397 factum
3001 4341 3074 4396 ita
3099 4339 3300 4410 placuit
3321 4338 3575 4402 Domino,
3605 4344 3660 4392 ut
3685 4331 3760 4388 ﬁlii

494 4436 616 4503 nis,
649 4437 704 4491 in
727 4435 848 4492 istis
878 4447 1062 4494 autem
1089 4438 1320 4509 egregiis
1345 4438 1630 4494 catholicis
1671 4436 2091 4493 inconstantiam
2121 4496 2165 4509 λ
2195 4437 2436 4508 ejusdem
2481 4437 2628 4508 regis
2661 4444 2852 4508 quarta
2885 4433 3143 4506 progenie
3191 4433 3452 4489 sederent
3497 4433 3552 4488 in
3591 4430 3762 4487 throno

497 4496 646 4582 ﬁdei.
673 4526 807 4582 Nam
836 4528 1020 4598 utique
1063 4496 1326 4599 probavtur
1352 4529 1466 4594 illi,
1511 4529 1654 4599 quod
1683 4528 1738 4584 hi
1769 4529 1858 4600 qui
1903 4543 1962 4583 se
2001 4542 2093 4583 ca—
2121 4496 2170 4557 D
2196 4496 2384 4586 Israel.

496 4620 732 4674 tholicos
755 4619 1107 4687 asserebant,
1141 4620 1594 4692 subscripsissent
1633 4621 1782 4690 prius
1827 4636 1949 4676 cum
1980 4621 2093 4677 ha:-

494 4712 702 4777 reticis,
731 4711 1052 4768 damnantes
1077 4728 1237 4783 quam
1257 4712 1488 4783 primum
1511 4711 1870 4768 defenderant
1891 4713 2049 4768 ﬁdem
2075 4732 2090 4781 ;

495 4811 555 4859 et
576 4801 827 4858 dicebant
849 4802 1088 4859 haeretici
1115 4822 1128 4857 :
1157 4804 1217 4860 Si
1244 4814 1428 4859 nostra
1460 4802 1597 4859 ﬁdes
1626 4803 1766 4858 mala
1791 4812 1895 4869 est,
1927 4818 2096 4874 quare

494 4896 598 4952 sub
625 4894 942 4951 Constantio
979 4911 1079 4967 pro
1109 4897 1226 4967 ipsa
1254 4897 1618 4968 subscriptum
1667 4905 1752 4953 est
1789 4897 1856 4952 ab
1886 4897 1972 4952 his
2003 4898 2092 4968 qui

495 5003 640 5045 nunc
665 5003 726 5046 se
751 4987 1056 5046 catholicos
1098 4987 1325 5056 dicunt,
1356 4987 1497 5045 hanc
1527 4987 1685 5044 ﬁdem
1723 4988 2090 5058 vindicantes,

493 5098 658 5156 quam
687 5096 812 5140 cum
841 5081 1074 5154 primum
1103 5079 1499 5150 defenderent,
1527 5084 1761 5138 convicti
1788 5083 2091 5140 rationibus

569 5248 586 5280 ί
618 5243 843 5300 Frueris.
871 5242 1035 5300 Certo
1063 5244 1265 5300 certius
1293 5253 1408 5310 est,
1433 5260 1530 5315 pro
1559 5245 1756 5316 fruens,
1788 5244 1948 5300 unius
1991 5245 2092 5299 ad-

493 5317 793 5373 ditamenta
826 5317 1020 5372 littera:
1045 5357 1060 5379 ,
1094 5317 1290 5387 fervens
1324 5317 1605 5385 scripsisse
1637 5325 1907 5372 auctores.
1959 5316 2091 5371 Fer-

494 5403 610 5444 uere
637 5398 816 5443 autem
843 5386 1171 5456 aemulatione
1197 5386 1311 5440 sive
1334 5388 1708 5444 ineeusissima
1751 5387 2048 5452 cupiditate
2072 5430 2088 5453 ,

535 5458 1024 5538 rteterquamﬂquod
1055 5461 1372 5538 acuminatas
1396 5466 1516 5538 est,
1548 5459 1759 5538 duobus
1784 5457 2094 5538 aliishujns

522 5531 667 5587 ibelli
693 5528 822 5586 locis
849 5528 1408 5585 ﬁrmatur.'Nimirtttn
1435 5531 1573 5585 infra
1607 5530 1637 5602 ᾗ
1668 5531 1741 5585 25
1775 5528 2096 5602 :Ephesiurn

500 5603 795 5673 episcopum
833 5610 1022 5659 sancta!
1048 5617 1190 5663 riunt
1233 5601 1627 5673 .eMUu'rionn’
1654 5617 1998 5656 rsnvsnrsu.
2033 5601 2099 5656 Et

498 5687 615 5746 seq.
647 5670 776 5746 εχει
815 5690 839 5728 ι
869 5675 949 5728 Ad
972 5674 1211 5732 divinant
1240 5672 1766 5746 wmulatimtem......
1798 5689 2093 5746 succensus.

496 5739 631 5801 Nai'n
652 5739 873 5814 Terreat
896 5756 952 5802 et
975 5755 1248 5802 succensus
1277 5760 1401 5804 esse
1429 5741 1654 5806 Omnino
1687 5755 1988 5814 synonyma
2013 5743 2099 5799 vel

2270 4621 2412 4677 XIX.
2441 4621 2582 4677 Sunt
2610 4629 2666 4676 et
2694 4621 2797 4676 alia
2827 4621 2995 4676 multa
3040 4617 3314 4674 simillima
3341 4617 3610 4689 exempla.
3655 4615 3766 4682 Qua:

2197 4713 2418 4785 quidem
2470 4726 2569 4768 nos
2619 4729 2724 4768 non
2753 4713 2879 4768 ideo
2927 4711 3187 4777 dicimus,
3239 4710 3392 4779 quasi
3445 4710 3538 4781 qui
3566 4707 3770 4764 velimus

2197 4807 2428 4880 alicujus
2458 4808 2773 4878 sanguinem
2809 4805 2981 4860 fundi.
3003 4804 3160 4878 Absit
3182 4801 3287 4857 hoc
3313 4817 3344 4858 a
3371 4805 3516 4858 votis
3546 4801 3731 4858 nostris
3759 4816 3768 4849 :

2201 4899 2305 4956 hoc
2331 4899 2475 4956 enim
2505 4901 2596 4970 qui
2629 4899 2747 4955 ﬁeri
2773 4898 2959 4968 cupit,
2987 4895 3260 4952 exorbitat
3301 4911 3332 4949 a
3381 4895 3592 4966 legibus
3636 4889 3773 4946 Chri-

2199 4993 2412 5050 stianis.
2466 4993 2690 5049 Factum
2723 5001 2808 5049 est
2834 4992 3051 5062 quidem
3087 5001 3246 5056 tunc,
3281 4991 3406 5060 quia
3434 5000 3491 5044 et
3541 4989 3630 5044 illo
3660 4997 3773 5042 tcm-

2200 5100 2333 5157 pore
2377 5085 2431 5142 id
2461 5087 2638 5156 ipsum
2669 5085 2850 5140 divina
2876 5084 2998 5154 lege
3028 5082 3145 5138 ﬁeri
3176 5081 3374 5138 licebat
3406 5123 3420 5145 ,
3453 5081 3668 5152 quando
3690 5076 3770 5132 ad-

2200 5249 2354 5319 pueri
2376 5247 2837 5319 animadvertunt.
2871 5246 2949 5300 Ac
2981 5244 3212 5319 plurima
3255 5244 3453 5319 passim
3486 5244 3538 5319 in
3584 5243 3680 5298 isto
3706 5238 3771 5293 vi-

2199 5315 2417 5374 i'ulento
2443 5319 2681 5386 quidem,
2707 5317 2801 5371 sed
2837 5328 3014 5372 tamen
3037 5317 3153 5371 utili
3177 5331 3240 5370 ac
3261 5315 3625 5386 disertissimo
3658 5325 3768 5380 opu-

2194 5392 2347 5448 sculo
2391 5385 2528 5446 fmila
2575 5397 2700 5444 sunt
2732 5390 2914 5442 ulcera
2941 5430 2956 5454 ,
2987 5404 3106 5458 quae
3146 5387 3409 5443 medicam
3445 5385 3768 5458 opperiuntur

2200 5478 2437 5516 manmn.
2455 5462 2718 5524 Mazocn.,
2748 5461 2782 5514 Ι.
2810 5475 2864 5512 c.

2271 5535 2292 5567 ’
2316 5533 2632 5589 Correxisse.
2663 5531 2896 5586 Notione
2918 5531 3258 5584 intransitiva
3283 5545 3380 5601 pro
3401 5546 3462 5586 se
3479 5527 3761 5584 correxisse:

2201 5605 2359 5660 sicuti
2391 5615 2446 5660 et
2471 5621 2626 5676 surgo
2675 5613 2729 5658 et
2766 5619 2945 5677 pergo,
2975 5617 3042 5677 ex
3071 5603 3274 5677 surrigo
3321 5613 3375 5658 et
3421 5601 3620 5674 perrigo
3660 5609 3764 5652 con~

2205 5685 2397 5743 tracta,
2431 5663 2620 5732 neutra
2649 5663 2796 5732 sunt.
2827 5663 3096 5742 Minoem,
3131 5663 3258 5728 ibid.
