3998 6350
144 304 223 359 97
1154 307 1488 369 LIBELLUS
1527 310 1808 373 PRECUM
1846 316 1939 375 AD
1979 321 2497 391 IMPERATORES.
3393 354 3465 413 98

144 420 262 475 line
296 430 470 476 totum
527 423 892 493 corporaliter
941 425 1215 496 agebatur,
1244 427 1435 530 .donec
1481 442 1757 488 cresceret
1784 433 1836 495 Α
1864 436 2065 497 minico
2094 442 2363 504 sublatum
2388 491 2402 516 ,
2434 450 2485 506 in
2520 452 2724 525 templo
2766 453 2870 513 sub
2916 456 3145 528 pedibus
3198 462 3327 522 idoli
3358 482 3459 539 po-

142 515 450 571 instructio
474 516 792 584 spiritualis.
833 518 940 574 Sed
987 534 1090 573 non
1121 562 1134 585 ,
1168 519 1290 589 quia
1322 536 1465 577 nunc
1492 537 1598 577 non
1630 524 1759 580 licet
1861 543 2106 588 suerunt.

144 607 324 664 bonis
352 617 409 664 et
454 608 709 665 ﬁdelibus
760 610 1023 667 falsorum
1067 612 1404 668 sacerdotum
1435 600 1753 685 sanguinem

141 717 358 771 cupere
384 744 399 769 ,
436 702 639 758 idcirco
677 703 868 761 ﬁdeles
900 703 1048 760 falsis
1072 705 1445 764 sacerdotibus
1469 709 1755 765 addicendi
1859 713 1926 771 de
1957 718 2122 788 impia
2163 702 2568 798 subscriptione
2597 735 2835 804 suscepti
2878 702 3017 792 sunt
3034 740 3101 794 ad

139 801 313 855 sunt,
345 793 417 847 ita
445 804 501 848 ut
521 796 863 865 gravissimis
888 813 1078 852 eorum
1108 800 1581 868 persecutionibus
1619 802 1757 858 aflli-
1856 806 2199 881 disciplinam
2236 793 2457 889 propter
2485 822 2682 877 bonum
2730 793 2878 895 pacis
2929 838 2984 885 et
3518 826 3523 829 ’

141 897 370 957 gantur.
404 887 624 943 Falsum
668 890 916 945 videatur
947 891 1088 960 quod
1138 893 1402 961 dicimus,
1435 897 1479 951 si
1527 912 1633 952 non
1662 913 1754 952 va-

142 980 246 1035 riis
291 980 345 1034 in
382 980 517 1035 locis
546 981 807 1037 Ecclesia:
858 983 1093 1039 ﬁdelium
1137 988 1481 1043 sacerdotum
1511 990 1639 1045 alibi
1669 992 1747 1047 in.

145 1088 334 1142 vasae,
362 1082 418 1129 et
442 1075 569 1129 alibi
602 1074 897 1132 destructa:
942 1089 1066 1133 sunt
1100 1096 1112 1131 :
1147 1080 1194 1135 si
1222 1098 1328 1135 non
1354 1081 1751 1153 interpellatio-

146 1168 312 1223 nibus
336 1169 558 1223 illorum
586 1170 764 1225 sancti
796 1170 998 1240 quique
1036 1174 1414 1244 comprehensi
1442 1218 1456 1243 ,
1482 1185 1538 1231 et
1559 1178 1652 1233 diu
1678 1178 1748 1235 ad

145 1260 375 1331 injurias
402 1260 627 1327 inclusi,
660 1270 716 1317 et
744 1271 1019 1332 postremo
1041 1265 1190 1319 missi
1219 1278 1345 1321 sunt
1374 1268 1426 1321 in
1456 1269 1744 1325 exsilium:

144 1355 189 1408 si
232 1369 339 1407 non
369 1354 532 1408 etiam
558 1361 613 1409 et
655 1356 841 1410 caeteri
872 1357 1087 1425 quidam
1140 1357 1192 1411 in
1224 1372 1443 1414 carcere
1464 1401 1478 1423 ,
1527 1361 1615 1415 alii
1645 1376 1744 1416 au-

150 1458 263 1502 tem
300 1448 461 1503 tracti
489 1458 544 1503 et
588 1449 739 1504 ccede
768 1450 978 1503 multati
1010 1450 1220 1505 animas
1250 1452 1638 1520 reddiderunt,
1673 1456 1744 1512 ob

145 1542 353 1597 nullam
399 1544 561 1598 aliam
605 1557 860 1609 causam,
891 1560 1050 1614 quam
1098 1546 1221 1615 quia
1262 1556 1411 1603 metu
1457 1548 1626 1603 divini
1656 1549 1746 1619 ju-

146 1635 274 1691 dicii
314 1636 573 1692 nolebant
608 1637 1012 1692 communicare
1041 1652 1162 1692 cum
1195 1639 1416 1708 perfidis
1468 1640 1551 1694 vel
1580 1640 1744 1696 sociis

148 1732 500 1800 perﬁdorum.

1852 902 2071 969 gravius
2090 907 2309 974 gentilis
2335 912 2514 967 cultor
2562 913 2830 973 idolorum
2885 918 3122 990 faceret,
3150 925 3196 980 si
3228 902 3456 985 haberet

1856 992 2130 1050 licentiam
2178 999 2473 1059 Ecclesiam
2506 1011 2915 1079 persequendi?
2955 1013 3061 1071 Sed
3089 1019 3231 1087 apud
3262 1020 3454 1077 Trevi-

1853 1100 1945 1140 ros
1971 1087 2218 1146 Bonosus
2250 1096 2538 1168 presbyter
2567 1099 2811 1159 inclusus
2831 1145 2846 1170 ,
2880 1105 3199 1177 intestatus,
3248 1127 3311 1169 ac
3356 1114 3451 1172 diu

1852 1192 2041 1247 pinnas
2061 1198 2229 1240 senex
2257 1186 2405 1242 dedit
2427 1200 2648 1262 propter
2677 1195 3081 1256 observantiam
3111 1203 3447 1266 intaminatis

1847 1456 1905 1557 In
1934 1461 2291 1557 ipsa‘quoque
2321 1470 2456 1527 urbe
2501 1472 2748 1532 Romana
2774 1456 2935 1549 quam
2964 1497 3157 1553 graves
3191 1502 3446 1557 persecu-

1848 1547 2021 1607 tiones
2044 1554 2292 1613 lidelibus
2327 1561 2493 1618 illatae
2521 1577 2685 1633 sunt,
2721 1547 2810 1625 ubi
2861 1580 2918 1627 et
2950 1547 3141 1632 beatus
3186 1547 3443 1639 Aurelius

1846 1644 2129 1715 episcopus
2157 1654 2561 1712 communicans
2584 1659 2904 1720 beatissimo
2920 1664 3185 1736 Gregorio
3209 1671 3445 1729 afflictus

1845 1746 1928 1789 cst
1953 1736 1966 1788 Ξ
1997 1738 2100 1793 Sed
2135 1740 2223 1797 ltic
2253 1744 2333 1799 vir
2363 1758 2583 1805 sanctus
2606 1793 2622 1819 ,
2648 1751 2774 1808 licet
2800 1755 2871 1810 sit
2893 1773 3269 1828 smpenumero
3298 1764 3442 1820 afﬂi-

223 1822 340 1877 XX.
369 1824 425 1891 In
448 1822 704 1893 Hispania
738 1822 1055 1878 Vincentius
1082 1824 1387 1895 presbyter,
1438 1840 1583 1881 vera:
1611 1824 1733 1881 ﬁdei
1765 1829 1814 1889 B
1840 1836 1993 1895 ctus,
2032 1840 2212 1889 tamen
2245 1840 2463 1909 propria
2515 1845 2829 1902 accersione
2856 1822 3145 1920 requievit.
3175 1853 3234 1909 In
3266 1854 3446 1913 Maca-

153 1917 416 1982 antistes,
489 1931 620 1987 quas
694 1933 802 1970 non
870 1915 1185 1971 atrocitates
1266 1919 1737 1986 praevaricatorum

152 2027 344 2081 passus
365 2021 477 2079 est,
505 2027 570 2068 eo
598 2012 734 2081 quod
778 2011 952 2067 nollet
968 2026 1091 2066 esse
1119 2011 1303 2066 socius
1333 2009 1512 2080 impie
1535 2026 1739 2081 praeva-

145 2104 429 2158 ricationis
452 2104 660 2159 illorum
686 2145 701 2169 ,
734 2120 802 2159 eo
831 2104 977 2174 quod
1005 2103 1164 2159 beato
1195 2104 1461 2173 Gregorio
1490 2119 1740 2160 comnm-

139 2195 353 2251 nicaret
380 2197 402 2251 ?
430 2195 538 2261 illi,
564 2197 808 2267 inquam,
837 2196 1106 2268 Gregorio
1132 2238 1147 2265 ,
1181 2199 1339 2267 cujus
1366 2214 1530 2268 supra
1559 2210 1617 2253 ut
1637 2214 1737 2269 po-

137 2290 339 2344 tuimus
390 2290 549 2346 ﬁdem
577 2292 943 2361 virtutemque
990 2292 1294 2347 retulimus.
1328 2290 1531 2348 Contra
1574 2309 1735 2364 quem

134 2380 369 2450 ptimum
436 2382 652 2452 quidem
704 2383 1121 2453 interpellarunt
1177 2383 1391 2439 Baetica:
1444 2384 1736 2453 provinciae

132 2472 473 2528 consularem
507 2491 521 2528 :
552 2484 680 2529 tunc
706 2474 925 2529 demum
952 2516 967 2539 ,
993 2476 1095 2530 sub
1120 2478 1304 2545 specie
1325 2474 1736 2533 intercessionis

130 2568 439 2639 postulatae,
469 2584 535 2625 ex
559 2571 679 2625 aliis
707 2570 845 2626 locis
869 2570 1075 2640 plebeia
1104 2573 1375 2642 colligitur
1396 2571 1686 2626 multitudo
1717 2587 1730 2624 :

127 2672 181 2717 et
227 2663 442 2717 irruunt
493 2664 584 2720 die
635 2664 904 2719 dominica
932 2664 987 2720 in
1031 2662 1362 2733 ecclesiam,
1406 2673 1462 2720 et
1494 2663 1732 2720 Vincen-

128 2755 259 2810 tium
308 2755 533 2826 quidem
567 2773 675 2811 non
708 2758 1033 2823 inveniunt,
1075 2772 1142 2812 eo
1172 2756 1315 2827 quod
1358 2760 1474 2827 ipse
1500 2771 1745 2827 praemov

126 2844 269 2901 nitus
295 2887 312 2912 ,
349 2848 513 2903 etiam
570 2848 773 2918 p0pulo
804 2846 1140 2918 praedixerat
1189 2864 1260 2904 ue
1288 2848 1384 2904 illo
1418 2847 1507 2905 die
1538 2862 1731 2918 proce-

124 2940 308 3010 deret,
343 2942 565 3013 quando
609 2958 731 2998 cum
762 2944 913 2999 caede
959 2944 1268 3000 veniebant.
1319 2942 1434 2999 Hoc
1461 2944 1604 2998 enim
1635 2958 1733 3013 pu-

124 3036 255 3090 tavit
285 3037 408 3091 fieri
450 3036 675 3103 melius,
708 3037 755 3092 si
801 3038 896 3092 irae
946 3037 1124 3092 locum
1151 3036 1325 3092 daret.
1361 3035 1468 3093 Sed
1524 3036 1602 3090 illi
1635 3036 1728 3107 qui

124 3128 189 3183 ad
222 3128 432 3184 caedem
466 3130 639 3200 parati
670 3140 957 3198 venerant,
1006 3147 1075 3186 ne
1120 3132 1238 3186 sine
1265 3145 1424 3186 causa
1476 3132 1623 3186 furor
1658 3129 1726 3185 il-

1842 1921 1981 1977 rium
2012 1939 2145 1981 vero
2192 1931 2569 2003 presbyterum
2615 1939 2783 1994 multa
2814 1940 3102 2012 impiorum
3145 1949 3443 2005 commissa

1842 2024 1987 2070 sunt.
2015 2016 2111 2073 llic
2138 2033 2256 2076 erat
2300 2025 2353 2079 in
2394 2027 2583 2083 eadem
2631 2031 2767 2088 urbe
2807 2034 2976 2091 ltnma
3009 2040 3292 2112 presbyter
3336 2042 3440 2098 mi-

1840 2121 1914 2162 rze
1966 2111 2313 2193 continentiae
2341 2157 2355 2181 ,
2403 2134 2512 2175 non
2569 2123 2700 2179 vino
2745 2128 3087 2185 stomachum
3144 2111 3439 2201 relevans,

1840 2213 1947 2254 non
1975 2204 2156 2259 carnis
2181 2208 2480 2266 esculentia
2528 2228 2733 2285 corpus
2761 2232 2992 2290 curans,
3026 2224 3121 2279 sed
3162 2226 3285 2281 oleo
3317 2227 3437 2285 solo

1840 2304 1993 2346 escas
2037 2297 2344 2365 asperiores
2391 2304 2673 2375 mitigans,
2722 2310 2946 2380 jejuniis
2995 2322 3052 2370 et
3100 2319 3441 2378 orationibus

1838 2401 2060 2443 vacans.
2088 2390 2230 2447 Sane
2263 2411 2360 2464 pro
2389 2399 2587 2456 merito
2642 2402 2768 2458 ﬁdei
2791 2415 2846 2461 et
2879 2404 3231 2467 abstinentiae
3261 2412 3435 2471 babe-

1838 2477 1927 2533 hat
1951 2485 2180 2551 gratiam
2211 2488 2381 2542 sancti
2431 2490 2666 2561 Spiritus
2718 2496 2772 2551 in
2800 2496 2942 2564 boc,
3000 2510 3056 2556 ut
3082 2502 3152 2559 de
3195 2504 3440 2563 obsessis

1836 2573 2160 2641 corporibus
2204 2577 2430 2647 ejiceret
2476 2582 2767 2642 daemonia.
2817 2589 2943 2647 Ideo
2973 2593 3135 2649 vitam
3164 2596 3282 2666 ejus
3312 2614 3433 2655 me-

1834 2663 2110 2737 ritumque
2140 2674 2558 2732 memoravimus
2579 2719 2598 2746 ,
2628 2692 2686 2735 ut
2715 2689 2867 2739 tanto
2895 2686 3068 2757 magis
3099 2663 3250 2758 impii
3276 2690 3424 2762 judi-

1835 2766 2027 2812 centur
2074 2760 2152 2827 ii,
2187 2762 2279 2833 qui
2331 2765 2465 2823 tales
2490 2768 2676 2829 vivere
2718 2788 2828 2831 non
2858 2777 3046 2834 sinunt
3092 2781 3149 2836 in
3180 2760 3432 2843 Romano

1836 2849 2086 2917 imperio.

1904 2939 2070 2999 XXII.
2126 2944 2324 3002 Eodem
2380 2960 2606 3024 tempore
2657 2960 2840 3027 gravis
2885 2961 3149 3021 adversus
3203 2974 3421 3026 nostros

1833 3041 2143 3105 persecutio
2179 3041 2560 3114 inhorruerat,
2613 3050 2905 3111 infestante
2934 3056 3169 3116 Damaso
3208 3063 3426 3135 egregio

1832 3129 2243 3205 archiepiscopo
2262 3176 2277 3202 ,
2308 3136 2381 3193 ita
2416 3148 2475 3195 ut
2500 3141 2749 3199 fidelibus
2776 3149 3155 3208 sacerdotibus
3196 3129 3294 3223 per
3313 3129 3433 3212 dies

123 3220 294 3277 lorum
342 3222 562 3279 venisse
612 3233 915 3293 putaretur,
949 3234 1097 3280 certa
1139 3222 1360 3278 Christo
1390 3223 1504 3277 Deo
1529 3222 1726 3279 devota
1752 3217 1799 3282 C
1831 3233 2017 3277 sacros
2043 3223 2218 3293 plebis
2270 3239 2445 3286 coetus
2488 3232 2555 3288 ad
2610 3234 3029 3296 deserviendum
3076 3217 3297 3300 Christo
3326 3245 3439 3303 Deo

122 3314 427 3371 ministeria
456 3330 579 3386 quae
601 3315 714 3371 illic
751 3316 968 3371 inventa
1002 3325 1129 3370 sunt
1157 3355 1172 3381 ,
1202 3315 1274 3369 ita
1303 3313 1539 3370 fusﬁbus
1566 3315 1733 3371 elise-
1802 3329 2139 3373 \convocare
2182 3320 2353 3377 libere
2398 3339 2504 3379 non
2539 3326 2899 3392 liceret..Sed
2929 3334 3053 3403 quia
3105 3350 3206 3406 pro
3244 3338 3436 3394 condi-

122 3417 274 3472 runt,
305 3417 370 3463 ut
401 3422 507 3462 non
538 3407 709 3462 multo
731 3415 855 3477 post
880 3408 1241 3477 exSpirarent.
1274 3407 1381 3464 Sed
1412 3408 1536 3478 quia
1565 3407 1731 3478 plebs
1837 3407 1984 3464 tione
2010 3425 2190 3466 rerum
2230 3415 2475 3484 quolibet
2498 3429 2741 3491 tempore
2766 3464 2781 3488 ,
2815 3425 2896 3479 vel
2925 3425 3067 3481 clam
3103 3428 3293 3486 salutis
3333 3445 3434 3487 no-

124 3507 303 3554 sancta
340 3498 613 3555 Vincentii
648 3500 951 3572 presbyteri
1001 3501 1173 3572 magis
1199 3515 1295 3556 eos
1325 3502 1339 3531 ¹
1370 3500 1732 3571 precabantur
1833 3507 1965 3557 strae
1987 3518 2324 3563 sacramenta
2368 3510 2611 3568 facienda
2660 3524 2816 3584 sunt,
2859 3517 3000 3575 idem
3028 3531 3250 3579 sanctus
3277 3538 3433 3595 pres-

124 3605 242 3665 post
271 3595 398 3650 illas
427 3609 615 3650 eorum
648 3595 827 3651 caedes
852 3611 973 3666 qua:
1004 3595 1057 3650 in
1090 3595 1370 3651 Dominico
1394 3594 1547 3651 factte
1575 3608 1724 3663 sunt,

126 3690 331 3758 egressi
387 3689 668 3759 episcopi,
718 3697 781 3743 ut
837 3688 988 3757 plebs
1019 3690 1273 3744 universa
1305 3697 1625 3756 terreretur,
1658 3688 1728 3744 ab

120 3783 247 3854 ipsis
274 3784 672 3855 principalibus
702 3782 987 3851 incipiunt.
1020 3782 1267 3853 Denique
1306 3782 1584 3853 postulant
1631 3797 1729 3838 ex-

121 3877 445 3934 liibitionem
487 3878 842 3933 decurionum
870 3876 1107 3931 civitatis
1146 3875 1294 3931 illius
1318 3918 1335 3942 ,
1388 3885 1449 3931 ut
1478 3875 1727 3931 include-

125 3982 309 4027 rentur
336 3972 396 4027 in
443 3986 720 4028 carcerem
751 3988 766 4026 :
800 3986 867 4025 ex
896 3970 1090 4040 quibus
1121 3984 1261 4023 unus
1285 3968 1603 4038 principalis
1630 3983 1725 4038 pa-

122 4067 237 4121 trize
279 4080 399 4120 sua:
419 4107 432 4132 ,
464 4080 530 4120 eo
560 4063 704 4134 quod
746 4062 906 4117 ﬁdem
936 4062 1165 4116 ﬁrmiter
1213 4070 1273 4115 ut
1300 4060 1476 4116 ﬁdelis
1505 4060 1558 4115 in
1612 4061 1725 4115 Deo

122 4158 406 4223 retineret,
434 4170 729 4211 exsecraris
754 4155 925 4208 labem
950 4153 1436 4225 praevaricationis,
1460 4154 1602 4207 inter
1623 4166 1722 4208 eos

123 4257 173 4303 et
198 4250 313 4319 ipse
342 4259 629 4304 catenatus
656 4246 828 4313 fame,
854 4245 1055 4317 frigore
1077 4253 1300 4301 necatus
1328 4254 1413 4301 est
1437 4287 1453 4312 ,
1486 4260 1607 4301 cum
1629 4261 1723 4316 ge-

121 4341 249 4396 mitu
281 4350 337 4397 et
386 4341 516 4396 fletu
549 4340 694 4395 illius
724 4339 1019 4409 provinciae
1066 4355 1187 4409 qua:
1226 4338 1510 4393 honestam
1553 4338 1718 4394 vitam

119 4436 233 4504 ejus
278 4435 485 4503 optime
530 4442 771 4489 noverat.
824 4431 1041 4503 Egregii
1084 4439 1141 4487 et
1192 4431 1442 4486 catholici
1476 4432 1719 4502 episcopi

121 4524 383 4583 Luciosus
408 4535 462 4582 et
494 4526 736 4599 Hyginus
764 4524 924 4594 huius
955 4524 1293 4580 crudelitatis
1319 4536 1571 4580 auctores
1604 4524 1720 4581 fue-

1833 3594 1992 3667 byter
2021 3597 2286 3658 Macarius
2317 3603 2409 3659 dat
2432 3606 2648 3676 vigilias
2686 3610 2738 3665 in
2761 3612 2995 3680 quadam
3041 3615 3207 3673 domo
3229 3594 3430 3674 convo-

1828 3702 1959 3745 care
1999 3689 2394 3751 fraternitatem
2415 3738 2430 3762 ,
2464 3707 2522 3754 ttt
2567 3700 2652 3756 vel
2687 3712 2849 3758 noctu
2876 3705 3075 3762 divinis
3102 3708 3432 3768 lectionibus

1829 3778 1992 3837 ﬁdem
2024 3784 2175 3853 plebs
2204 3797 2393 3845 sancta
2436 3791 2739 3851 roboraret.
2789 3796 2896 3853 Sed
2936 3799 3186 3857 diabolus
3222 3802 3314 3873 qui
3346 3803 3431 3859 fa-

1828 3883 1917 3929 vet
1949 3875 2169 3947 impiis,
2202 3881 2324 3951 quia
2363 3891 2418 3943 _et
2465 3885 2616 3957 impii
2662 3887 2845 3945 favent
2895 3890 3153 3963 diabolo,
3218 3911 3321 3955 nec
3374 3898 3428 3955 in

1828 3969 2043 4024 occulto
2076 3973 2274 4040 patitur
2326 3974 2508 4033 divina
2558 3993 2900 4039 sacramenta
2927 3986 3218 4043 celebrari.
3268 3990 3432 4046 Deni-

1827 4075 1931 4130 qtte
1964 4062 2192 4119 tendunt
2222 4066 2446 4124 insidias
2488 4071 2673 4128 clerici
2705 4073 2962 4144 Damasi,
2994 4087 3050 4134 et
3096 4080 3187 4135 ubi
3219 4096 3424 4153 cogno-

1828 4164 2022 4209 verunt
2076 4156 2220 4226 quod
2265 4175 2449 4217 sacras
2495 4163 2707 4234 vigilias
2755 4168 3063 4226 celebraret
3112 4186 3234 4227 cum
3269 4174 3429 4244 plebe

1827 4248 2110 4320 presbyter
2135 4250 2429 4320 Macarius,
2470 4256 2681 4313 irruunt
2728 4273 2851 4314 cum
2890 4260 3221 4320 ofﬁcialibus
3272 4266 3327 4321 in
3359 4266 3430 4321 il-

1825 4335 1936 4394 lam
1966 4340 2222 4410 domum,
2276 4353 2333 4400 et
2361 4346 2572 4413 plebem
2601 4348 2869 4419 dissipant
2897 4367 3006 4407 non
3040 4354 3388 4415 resistentem
3407 4399 3424 4427 ,

1823 4429 2110 4501 ipsumque
2134 4437 2510 4508 presbyterum
2536 4442 2989 4510 comprehensum
3008 4487 3024 4513 ,
3046 4462 3155 4504 non
3179 4449 3295 4521 jam
3320 4450 3424 4508 du-

1822 4536 1950 4579 cere
1979 4525 2295 4596 dignantur,
2326 4530 2422 4586 sed
2475 4546 2573 4602 per
2597 4533 2779 4592 silices
2815 4537 3037 4595 trahunt
3064 4582 3081 4608 ,
3147 4542 3223 4599 ita
3253 4554 3313 4601 ut
3364 4547 3417 4603 in

120 4630 282 4684 runt,
316 4630 376 4675 et
403 4620 612 4675 interea
659 4620 977 4672 invaserunt
1005 4617 1220 4687 quidem
1270 4616 1547 4672 basilicam
1576 4659 1591 4684 ,
1625 4616 1721 4673 sed
1746 4612 1800 4673 D
1825 4629 1955 4669 coxa
1988 4617 2108 4687 ejus
2134 4620 2501 4690 perniciosum
2532 4625 2728 4683 vulnus
2756 4627 2912 4686 ﬁeret
2943 4646 2959 4685 :
3008 4640 3177 4704 atque
3202 4630 3315 4692 alio
3336 4638 3428 4696 die

123 4710 277 4767 fidem
321 4710 497 4782 plebis
551 4710 807 4766 invadere
836 4725 942 4765 non
991 4717 1295 4779 potuerunt.
1350 4710 1594 4781 Denique
1622 4710 1721 4765 ali-

123 4801 173 4857 bi
217 4803 270 4856 in
314 4802 493 4873 agello
520 4801 712 4857 eadem
772 4801 926 4870 plebs
957 4800 1232 4857 basilicam
1264 4801 1369 4856 sibi
1402 4800 1716 4873 fabricavit,

121 4894 186 4948 ad
214 4912 373 4966 quam
403 4911 526 4951 cum
550 4903 743 4951 sancto
768 4894 1057 4950 Vincentio
1085 4896 1423 4952 conveniret.
1474 4897 1582 4953 Sed
1625 4913 1715 4954 sa-

124 4995 275 5041 tanas
304 4990 397 5058 qui
430 5003 692 5063 nusquam
747 4987 949 5058 patitur
989 4987 1261 5043 Christum
1310 4989 1397 5057 pie
1433 4989 1539 5044 coli
1570 5030 1586 5055 ,
1634 4992 1718 5045 in-

124 5079 362 5137 ﬂammat
391 5096 486 5138 eos
508 5125 523 5149 ,
550 5092 606 5138 et
636 5082 834 5137 iterum
862 5081 1107 5152 deposita
1139 5081 1503 5152 postulatione
1531 5097 1598 5138 ex
1628 5083 1713 5137 di-

125 5174 293 5229 versis
325 5174 549 5229 urbibus
569 5174 922 5230 decurionum
962 5186 1019 5230 et
1048 5174 1260 5245 plebeia
1285 5174 1577 5230 multitudo
1597 5177 1714 5232 col-

127 5263 329 5335 ligitur.
359 5266 533 5322 Simul
581 5267 747 5323 etiam
799 5275 854 5321 et
901 5266 1203 5337 presbyteri
1246 5265 1366 5336 ejus
1427 5266 1495 5322 ad
1534 5266 1711 5323 locum

125 5359 364 5414 veniunt.
428 5360 682 5415 Ecclesiae
732 5359 878 5414 illius
921 5359 1114 5427 januas
1166 5356 1547 5428 confringunt,
1578 5358 1717 5414 diri-

127 5450 333 5520 pientes
362 5451 489 5507 inde
511 5450 773 5524 quidquid
797 5451 866 5506 ad
889 5464 1039 5505 sacra
1063 5449 1367 5505 ministeria
1386 5451 1711 5521 pertinebat.

128 5541 194 5597 Et
232 5553 542 5612 postremo,
593 5543 737 5614 quod
780 5542 1024 5598 horroris
1052 5552 1135 5597 est
1163 5541 1345 5598 dicere
1368 5584 1384 5609 ,
1429 5542 1499 5599 ad
1527 5559 1715 5601 cumu-

129 5634 234 5691 lum
260 5638 555 5708 perpetrati
584 5636 884 5709 sacrilegii,
928 5635 1104 5707 ipsum
1140 5635 1314 5693 altare
1342 5636 1440 5693 Dei
1465 5679 1481 5707 ,
1510 5637 1581 5695 de
1600 5638 1713 5696 Do-

204 5793 218 5825 ²
252 5794 419 5851 Forte
447 5793 889 5866 imprecabanlur.
921 5793 1097 5854 Oxon.

1824 4708 2024 4766 sistunt
2048 4727 2175 4768 eum
2206 4724 2336 4772 ante
2357 4716 2595 4787 judicem
2615 4759 2631 4785 ,
2666 4731 2726 4775 ut
2752 4722 2933 4794 magni
2961 4726 3212 4783 criminis
3245 4745 3426 4787 reum.

1822 4799 1923 4857 Cui
1973 4804 2190 4875 quidem
2238 4806 2405 4877 judex
2435 4808 2599 4865 veluti
2631 4812 2733 4867 sub
2777 4813 3046 4884 imperiali
3074 4818 3346 4891 rescripto
3368 4830 3449 4876 et.

1826 4896 1992 4951 minis
2043 4908 2375 4971 extorquere
2420 4904 2750 4972 contendit,
2795 4915 2855 4963 ut
2879 4922 3002 4964 cum
3037 4910 3271 4969 Damaso
3291 4928 3425 4970 con-

1821 4991 2022 5046 veniat.
2077 4990 2182 5047 Sed
2239 4994 2525 5066 presbyter
2572 5010 2784 5053 memor
2829 4998 3244 5071 diviuijudicii,
3278 5018 3423 5074 prte-

1819 5093 2029 5138 sentem
2053 5083 2294 5154 judicem
2328 5102 2434 5142 nou
2481 5090 2715 5156 timens,
2763 5092 2965 5161 repulit
3012 5094 3255 5162 perfidia;
3277 5110 3427 5152 com-

1820 5175 2366 5249 munionem;atque
2410 5178 2535 5235 ideo
2581 5182 2745 5236 datur
2793 5182 2846 5237 iu
2892 5184 3187 5251 exsilium;
3221 5194 3424 5244 etcum

1821 5274 1969 5321 esset
1994 5268 2135 5339 apud
2179 5269 2384 5326 Ostiam
2413 5310 2429 5334 ,
2472 5273 2762 5328 atrocitate
2787 5272 2937 5330 illius
2980 5275 3227 5330 vulneris
3252 5279 3425 5335 mori-

1824 5367 1931 5413 tur.
1978 5358 2150 5429 Cujus
2195 5361 2412 5431 quidem
2438 5371 2584 5418 tanta
2632 5363 2736 5419 fuit
2783 5364 3077 5432 sanctitas,
3109 5375 3171 5421 ut
3190 5380 3315 5423 eum
3365 5378 3425 5425 et

1822 5450 2110 5522 episcopus
2139 5453 2246 5509 loci
2276 5453 2422 5510 illius
2466 5456 2689 5512 nomine
2732 5455 3047 5511 Florentius
3069 5494 3085 5519 ,
3118 5461 3425 5516 communi-

1823 5558 1957 5600 cans
1980 5545 2245 5615 Damaso,
2276 5562 2399 5603 cum
2425 5547 2657 5620 quadam
2690 5547 3047 5604 veneratione
3087 5554 3424 5619 suspexerit.

1821 5634 2067 5708 Namque
2101 5652 2224 5696 cum
2260 5638 2316 5697 in
2364 5640 2599 5712 quodam
2648 5648 2867 5697 vetusto
2892 5650 3249 5699 monumento
3296 5659 3424 5710 eum
