3998 6346
509 263 580 321 99
1687 255 2006 319 FAUS'I‘INI
2043 259 2132 319 ET
2169 251 2591 320 HABCELL’INI

3700 265 3798 322 100

510 381 705 436 fratres
721 378 1044 450 sepelissent
1067 420 1080 444 ,
1127 390 1230 431 non
1261 383 1346 433 est
1375 389 1569 448 passus
1606 376 1752 432 idem
1785 371 2102 434 Florentius
2129 375 2177 449 Α
2209 378 2340 433 tium
2365 423 2378 446 ,
2410 393 2516 435 non
2545 387 2604 435 ut
2647 379 2892 452 plerique
2917 378 3144 451 gloriam
3185 384 3408 451 captans
3433 380 3632 452 ingenii
3661 423 3674 448 ,
3704 382 3795 436 sed

503 471 687 543 jacere
737 488 862 527 eum
912 472 1022 526 illic
1045 512 1060 535 ,
1089 469 1416 540 ubiiudigna
1463 469 1740 539 sepultura
1769 470 2050 526 videretur
2083 489 2096 525 :

508 565 604 620 sed
635 565 968 620 transferens
997 579 1119 618 eum
1155 563 1312 630 inde,
1359 562 1572 633 sepeliit
1615 563 1667 618 in
1697 563 1918 619 basilica
1963 563 2104 620 Mar-

507 658 640 727 tyris
669 657 863 710 Asterii
889 697 903 720 ,
954 655 1041 708 ubi
1073 653 1124 708 in
1177 654 1297 709 loco
1332 654 1638 726 presbyteri
1680 657 1769 724 qui
1818 655 1971 724 juxta
2015 669 2105 712 se-

510 752 781 821 pulturam
827 749 1032 804 habent
1062 767 1080 801 -.
1117 748 1219 803 hoc
1247 748 1336 819 pio
1370 764 1468 803 suo
1513 748 1775 819 obsequio
1799 789 1814 815 ,
1847 750 1900 804 in
1931 763 2106 819 quan-

509 852 618 898 tum
651 849 864 909 poterat
891 882 906 908 ,
938 841 1152 896 Damasi
1182 842 1362 898 scelus
1388 855 1417 895 a
1449 855 1510 897 se
1538 839 1719 897 facere
1743 841 2106 897 contendebat

508 936 766 991 alienum.

538 1059 548 1071 -
576 1026 774 1082 XXIII.
809 1026 1070 1082 Advertet
1109 1027 1476 1097 tranquillitas
1504 1034 1683 1080 vestra
1713 1067 1727 1092 ,
1778 1026 1824 1079 si
1857 1027 1958 1080 hoc
1987 1023 2107 1078 ﬁeri

504 1119 670 1173 vultis
715 1120 766 1172 in
799 1119 1044 1173 Romano
1090 1118 1320 1189 imperio
1347 1118 1610 1173 adversus
1646 1126 1863 1173 sanctos
1887 1127 1944 1172 et
1974 1117 2106 1172 iide-

507 1214 587 1269 les
613 1257 628 1281 ,
663 1215 732 1270 ab
762 1213 846 1269 his
894 1214 990 1284 qui
1026 1215 1474 1284 praevaricatores
1521 1223 1682 1278 sunt;
1717 1226 1896 1266 nonne
1926 1220 2106 1266 metus

507 1313 624 1369 est,
675 1321 743 1361 ne
782 1308 1003 1376 sanguis
1053 1305 1296 1362 ﬁdelium
1352 1307 1657 1361 Romanum
1705 1314 1892 1376 gravet
1934 1305 2106 1373 impe-

507 1398 688 1458 rium?
741 1397 875 1475 Nam
947 1397 1090 1452 idem
1157 1398 1450 1464 Damasus,
1520 1407 1736 1468 accepta
1812 1397 2106 1452 auctorita-

510 1501 562 1548 te
586 1494 752 1563 regali
781 1535 796 1559 ,
845 1492 1008 1548 etiam
1040 1493 1180 1546 alios
1210 1492 1511 1547 catholicos
1555 1493 1906 1563 presbyteros
1933 1515 1948 1559 ί
2005 1505 2104 1545 nec

487 1601 618 1642 non
650 1597 704 1642 et
748 1588 916 1642 laicos
975 1589 1287 1653 insecutus,
1335 1588 1484 1640 misit
1531 1585 1582 1640 in
1637 1586 1888 1640 exsilium
1916 1627 1930 1651 ,
1985 1599 2107 1654 per-

510 1697 677 1736 orans
710 1681 812 1736 huc
853 1683 1028 1750 ipsum
1055 1695 1150 1751 per
1179 1682 1410 1751 gentiles
1455 1679 1844 1749 scholasticos,
1878 1678 2108 1734 faventi-

511 1771 610 1826 bus
633 1773 734 1826 sibi
769 1772 1040 1842 judicibus
1066 1790 1078 1824 :
1110 1787 1232 1827 cum
1258 1773 1443 1843 utique
1466 1780 1660 1827 vestrm
1688 1772 2106 1826 constitutiones

507 1866 768 1922 adversus
798 1865 1089 1922 ltzereticos
1137 1867 1373 1921 decretae
1405 1867 1516 1920 sint
1540 1906 1554 1932 ,
1589 1880 1696 1921 non
1725 1866 1987 1919 adversus
2015 1878 2110 1918 ca-

507 1960 778 2027 tholicos,
837 1969 891 2016 et
941 1961 1078 2015 tales
1122 1960 1457 2026 catholicos,
1511 1961 1599 2030 qui
1629 1960 1788 2014 fidem
1841 1960 2108 2029 integram

511 2066 612 2106 nec
630 2052 732 2106 sub
756 2049 1024 2107 hmreticis
1054 2052 1476 2122 imperatoribus
1512 2052 1875 2123 reliquerunt,
1909 2061 1963 2105 et
1984 2051 2109 2121 qui-

507 2143 630 2198 dem
659 2145 844 2213 gravia
888 2144 1054 2198 multa
1096 2145 1361 2213 perpessi.
1409 2143 1516 2198 Sed
1560 2153 1614 2198 et
1669 2157 1842 2213 nuper
1873 2144 2103 2198 tentavit

505 2236 749 2306 graviter
769 2236 1019 2306 persequi
1048 2236 1419 2291 beatissimum
1444 2235 1734 2306 Ephesium
1764 2237 2104 2306 episcopum,

505 2338 709 2382 sancta:
733 2327 860 2384 ﬁdei
891 2328 1240 2384 aemulatione
1271 2329 1564 2384 ferventem
1583 2372 1598 2396 ,
1633 2329 1943 2383 ordinatum
1969 2329 2109 2382 inta-

506 2417 724 2474 minatze
774 2419 920 2488 plebi
976 2420 1240 2474 Romanae
1285 2433 1314 2473 ι
1359 2419 1804 2474 constantissimo
1850 2419 2108 2488 episcopo

504 2511 760 2580 Taorgio,
795 2521 852 2566 et
875 2513 995 2581 ipso
1023 2512 1246 2567 illibata:
1274 2512 1398 2567 ﬁdei
1442 2513 1588 2576 viro.
1623 2511 1725 2566 sub
1755 2510 1959 2566 invidia
1989 2511 2110 2566 falsi

507 2603 744 2672 impositi
775 2605 1164 2672 cognomenti,
1201 2619 1298 2673 per
1325 2617 1451 2660 suos
1495 2603 1816 2659 defensores
1847 2603 2109 2672 interpel-

506 2696 625 2751 lans
649 2697 888 2766 judicent
919 2697 1146 2752 Bassum
1172 2737 1186 2763 ,
1219 2698 1376 2768 quasi
1407 2697 1672 2751 adversus
1701 2695 2102 2751 Luciferianos.

502 2787 606 2844 Sed
634 2789 830 2842 Bassus
848 2829 861 2853 ,
892 2789 1019 2843 olim
1047 2789 1370 2843 catholicam
1399 2787 1560 2843 fidem
1584 2802 1873 2853 venerans,
1900 2788 2110 2844 sciebat

505 2879 561 2935 in
611 2880 874 2936 Lucifero
928 2881 1130 2936 nullam
1171 2881 1446 2936 htercseos
1501 2879 1668 2935 fuisse
1741 2877 2102 2951 pravitatem;

429 3042 438 3048 _
503 2975 702 3044 quippe
741 2989 900 3045 quem
931 2981 986 3029 et
1016 2976 1154 3030 bene
1198 2983 1424 3029 noverat
1451 2990 1549 3043 pro
1577 2974 1680 3029 ﬁde
1704 2973 1968 3037 catholica,
2008 2973 2108 3030 de-

500 3081 622 3122 cem
663 3081 836 3122 annos
883 3066 1072 3122 exsilia
1107 3065 1276 3122 fuisse
1325 3080 1680 3134 perpessum,
1725 3075 1780 3119 et
1821 3079 1919 3134 pro
1969 3079 2106 3119 con-

499 3161 714 3214 stantia:
745 3174 860 3214 sine
881 3159 1196 3230 integritate
1223 3159 1421 3230 repulit
1449 3159 1828 3214 accusationes
1859 3158 2100 3225 Damasi,

500 3271 702 3326 negans
725 3271 790 3313 se
818 3257 1090 3312 facturum
1111 3297 1126 3322 ,
1160 3266 1220 3312 ut
1260 3256 1510 3312 homines
1536 3256 1840 3312 catholicos
1883 3267 1937 3312 et
1965 3257 2102 3311 inte-

497 3364 610 3419 gra
634 3351 757 3405 ﬁdei
805 3349 953 3406 viros
997 3351 1378 3420 insequeretur
1425 3351 1658 3405 :diccns
1701 3349 1932 3404 maxime
1958 3349 2101 3419 quod

498 3442 632 3512 ipsa:
669 3441 1091 3497 constitutiones
1134 3443 1519 3512 imperatorum
1573 3452 1763 3498 contra
1817 3442 2102 3498 htereticos

499 3534 843 3588 solummodo
895 3533 1252 3604 promulgata:
1294 3535 1599 3602 videantur,
1634 3551 1741 3589 non
1771 3543 1960 3589 contra
2001 3539 2102 3588 hos

497 3626 590 3697 qui
639 3626 1038 3682 sanetissimam
1066 3628 1224 3683 ﬁdem
1252 3627 1370 3683 sine
1414 3628 1601 3684 saeculi
1640 3628 1940 3683 ambitione
1969 3641 2103 3682 con-

498 3728 744 3774 servnt.

569 3811 762 3867 XXIV.
805 3812 877 3867 Et
908 3821 1036 3868 tunc
1061 3813 1294 3880 primum
1342 3811 1561 3867 erubuit
1605 3811 1870 3865 Damasus
1895 3849 1910 3874 ,
1951 3809 2100 3879 quod

495 3903 755 3959 inventus
773 3913 857 3960 est
880 3904 1068 3974 judex,
1097 3904 1193 3974 qui
1222 3905 1370 3959 solus
1396 3903 1696 3973 imperialia
1741 3903 1941 3972 scripta
1966 3901 2101 3971 piis-

497 3997 638 4052 sime
680 3997 1050 4066 interpretans
1082 4005 1352 4052 tueretur.
1385 3995 1518 4050 Nam
1559 4005 1616 4050 et
1654 3994 1760 4050 hoc
1801 3995 1974 4064 ipsum
2005 4009 2102 4050 ne-

495 4075 790 4147 cessarium
815 4099 932 4156 est,
965 4100 1024 4146 ut
1055 4091 1175 4146 falsi
1202 4092 1548 4161 cognomenti
1573 4090 1927 4144 discutiamus
1957 4088 2094 4144 invi-

495 4185 637 4241 diam
661 4227 675 4252 ,
727 4201 828 4256 qua
877 4199 978 4240 nos
997 4185 1209 4256 jactant
1244 4197 1367 4240 esse
1417 4183 1810 4238 Luciferianos.
1844 4183 1975 4250 Quis
2007 4195 2102 4236 ne-

495 4279 633 4334 sciat
656 4280 800 4333 illi-us
845 4288 1269 4350 cognomentqu
1319 4277 1485 4332 tribui
1518 4276 1911 4342 sectatoribus,
1939 4276 2100 4345 cujus

494 4383 549 4425 et
573 4387 708 4426 nova
741 4373 921 4442 aliqua
948 4372 1197 4427 doctrina
1227 4371 1549 4426 transmissa
1589 4379 1674 4426 est
1697 4370 1764 4424 ad
1801 4369 2100 4440 discipulos

495 4478 560 4518 ex
587 4472 913 4519 auctoritate
955 4461 1253 4533 magisterii
1283 4463 1436 4520 ?Sed
1478 4464 1634 4519 nobis
1655 4463 1908 4518 CitriStns
1933 4462 2104 4531 magi-

2205 470 2383 527 divina
2415 473 2724 528 testimonia
2770 473 3050 544 aptissime
3071 485 3378 544 congerens
3407 485 3595 538 contra
3630 473 3800 530 haere-

2207 565 2377 630 ticos,
2429 577 2484 620 et
2511 575 2699 622 contra
2729 567 2903 638 ipsum
2935 575 3221 638 patronum
3272 569 3686 636 luereticomm,
3733 567 3800 624 ad

2207 655 2450 711 divinam
2504 659 2908 716 aemulationem
2940 674 3039 730 pro
3069 660 3192 715 Filii
3225 660 3321 714 Dei
3349 673 3538 714 amore
3580 671 3800 715 succen-

2207 765 2321 806 sus.
2353 752 2623 807 Denotent
2649 753 2776 824 quid
2805 753 2920 808 illic
2947 754 3282 808 contrarium
3315 752 3647 823 Scripturis,
3676 752 3802 822 quid

2211 861 2410 900 novum
2439 849 2592 918 quasi
2619 847 2904 904 haereticus
2931 849 3170 917 scripsit.
3198 849 3346 914 Quos
3363 844 3580 917 quidem
3614 846 3800 912 libros,

2209 954 2331 992 cum
2363 953 2457 1010 per
2479 941 2752 996 omnia‘ex
2787 942 2998 1008 integro
3026 949 3252 1010 ageret,
3287 941 3530 1009 suspexit
3559 949 3617 992 et
3639 931 3805 992 Atha-

2210 1035 2396 1088 nasius
2423 1075 2437 1099 ,
2469 1043 2528 1089 ut
2575 1034 2691 1090 Veri
2717 1034 2995 1100 vindices,
3039 1043 3202 1104 atque
3231 1035 3283 1087 in
3331 1033 3578 1088 Graecum
3605 1031 3802 1103 stylum

2212 1127 2528 1194 transtulit,
2563 1143 2631 1184 ne
2660 1135 2866 1184 tantum
2895 1127 3024 1182 boui
3055 1126 3244 1182 Graeca
3289 1125 3468 1196 lingua
3498 1137 3605 1178 non
3644 1123 3805 1178 habe-

2213 1229 2315 1278 ret.
2347 1222 2544 1277 Parum
2575 1229 2659 1276 est
2691 1266 2705 1288 ,
2781 1227 2908 1292 quin
2938 1223 3104 1277 etiam
3157 1219 3391 1290 propriis
3440 1217 3634 1272 litteris
3663 1217 3804 1272 idem

2213 1297 2544 1371 Athanasius
2584 1315 2805 1371 eosdem
2838 1315 3004 1370 libros
3029 1313 3306 1384 praedicat,
3332 1319 3390 1364 ut
3410 1311 3803 1379 Prbphctarum

2213 1415 2268 1463 ct
2296 1407 2764 1478 Evangelistarum
2821 1415 2982 1477 atque
3029 1405 3414 1474 Apostolorum
3457 1401 3727 1457 doctrinis
3757 1408 3809 1455 et

2215 1501 2304 1570 pia
2335 1499 2684 1554 confessione
2737 1505 3047 1553 contextus.
3091 1497 3158 1552 Et
3185 1496 3433 1566 quamvis
3477 1493 3730 1563 plurimis
3759 1493 3810 1546 in

2214 1605 2336 1650 cum
2371 1594 2620 1648 laudibus
2664 1594 2926 1664 erigatur,
2981 1599 3160 1646 tamen
3185 1605 3293 1644 non
3322 1597 3502 1658 tequat
3529 1587 3595 1641 ad
3630 1587 3810 1641 meriti

2213 1688 2332 1756 ejus
2385 1693 2760 1757 praeconium,
2792 1697 2850 1742 et
2876 1685 3096 1756 quidem
3125 1699 3248 1741 cum
3301 1681 3535 1750 amplius
3586 1679 3813 1734 laudare

2138 1767 2187 1850 ﬁ
2214 1794 2322 1834 nou
2358 1787 2540 1848 posset
2574 1797 2587 1832 :
2619 1779 2637 1810 ί
2667 1780 2737 1833 ita
2763 1793 2946 1834 rerum
2975 1775 3439 1848 supereminentia
3463 1773 3673 1844 quaevis
3697 1772 3813 1826 lau-

2214 1871 2350 1925 dans
2390 1871 2570 1942 lingua
2602 1879 2910 1940 superatur.

2285 1963 2456 2019 XXV.
2491 1963 2600 2020 Sed
2634 1963 2874 2030 Lucifer,
2920 1963 3143 2033 ignarus
3190 1960 3319 2016 licet
3346 1957 3656 2013 artificiosa!
3701 1954 3816 2010 elo-

2212 2057 2486 2126 quentim,
2541 2063 2723 2111 tamen
2755 2065 2814 2110 ut
2846 2057 3165 2126 prophetico
3213 2065 3267 2108 et
3295 2049 3606 2121 evangelica
3653 2059 3818 2118 atque

2213 2148 2517 2217 apostolico
2567 2155 2723 2202 more
2773 2145 3072 2213 scriberet,
3102 2144 3248 2216 quod
3277 2159 3442 2213 super
3465 2154 3687 2197 omnem
3721 2138 3821 2192 bu-

2216 2253 2434 2296 manam
2464 2241 2832 2311 eloquentiam
2855 2249 2941 2295 est
2964 2283 2978 2307 ,
3015 2239 3202 2294 habuit
3227 2235 3455 2308 gratiam
3499 2231 3672 2289 sancti
3693 2229 3819 2301 Spi-

2213 2333 2350 2388 ritus
2379 2345 2446 2387 ex
2481 2332 2678 2386 merito
2700 2341 2863 2387 rectae
2894 2331 3018 2386 ﬁdei
3041 2339 3098 2385 et
3124 2329 3504 2385 sincerissima:
3534 2325 3820 2380 conscien-

2215 2425 2302 2477 tia:
2322 2466 2335 2488 ,
2368 2437 2462 2491 per
2493 2433 2653 2493 quem
2683 2434 2738 2478 et
2766 2424 2984 2478 divinas
3015 2423 3244 2478 virtutes
3269 2428 3528 2491 operatus
3553 2425 3672 2483 est,
3704 2431 3818 2471 non

2215 2517 2391 2569 solum
2441 2515 2495 2569 in
2522 2514 2768 2570 Sardinia
2799 2556 2814 2581 ,
2839 2515 2934 2570 sed
2959 2517 3012 2568 in
3041 2516 3170 2584 ipsis
3199 2527 3419 2584 quoque
3443 2519 3676 2581 quatuor
3725 2523 3821 2563 ex-

2214 2607 2351 2662 siliis
2383 2625 2396 2659 :
2430 2621 2601 2677 usque
2632 2608 2770 2663 adeo
2800 2607 2821 2640 ⁸
2872 2616 2930 2662 ut
2958 2623 3082 2663 eum
3115 2605 3411 2662 adversarii
3450 2615 3704 2671 magnum
3742 2600 3821 2655 di-

2213 2708 2440 2765 cerent,-
2475 2711 2598 2754 cum
2642 2700 2979 2769 apostolicae
3011 2714 3109 2769 per
3153 2713 3278 2754 eum
3310 2699 3538 2752 virtutes
3567 2693 3690 2748 ﬁeri
3721 2708 3822 2748 ne-

2211 2804 2342 2859 gare
2364 2805 2470 2845 non
2502 2798 2750 2862 possent.
2798 2789 2963 2846 Venit
3005 2791 3072 2846 ad
3102 2790 3246 2844 hunc
3275 2797 3333 2843 et
3357 2797 3578 2842 sanctus
3603 2784 3821 2855 Grego-

2213 2881 2327 2936 rius
2350 2923 2364 2948 ,
2396 2892 2447 2938 et
2471 2883 2772 2938 admiratus
2800 2889 2882 2938 est
2928 2884 2980 2937 in
3001 2897 3068 2938 eo
3099 2889 3303 2936 tantum
3349 2879 3654 2934 doctrinam
3683 2877 3822 2932 scri-

2215 2987 2496 3047 pturarum
2516 2977 2855 3043 divinarum,
2887 2987 2941 3031 et
2976 2977 3146 3044 ipsam
3174 2976 3336 3028 vitam
3361 2973 3482 3042 ejus
3504 2987 3636 3026 vere
3663 2969 3821 3041 quasi

2215 3071 2268 3123 in
2311 3071 2468 3126 cmlis
2496 3071 2868 3125 constitutam.
2913 3068 3034 3124 Jam
3083 3076 3319 3139 quantus
3348 3067 3432 3120 vir
3457 3064 3680 3121 Lucifer
3708 3065 3824 3120 fue-

2131 3165 2178 3231 C
2211 3163 2642 3230 rit,cumiilum
2686 3163 2986 3219 admiretur
3039 3173 3094 3219 et
3144 3164 3476 3230 Gregorius,
3530 3161 3620 3230 qui
3671 3158 3822 3230 apud

2207 3267 2434 3311 cunctos
2463 3256 2804 3312 admirabilis
2841 3266 2927 3312 est
2949 3297 2966 3324 ,
3002 3271 3106 3310 non
3140 3255 3316 3309 solum
3344 3270 3410 3308 ex
3432 3252 3724 3308 collisione
3754 3253 3824 3306 il-

2210 3349 2260 3403 la
2289 3349 2403 3404 Osii
2430 3390 2445 3412 ,
2499 3349 2594 3404 sed
2626 3357 2680 3404 et
2729 3364 2796 3404 ex
2827 3347 3028 3403 divinis
3078 3347 3368 3402 virtutibus
3393 3383 3408 3412 ,
3438 3358 3574 3415 quas
3601 3343 3820 3399 habens

2207 3445 2264 3499 in
2289 3460 2349 3498 se
2400 3444 2628 3512 gratiam
2659 3445 2832 3498 sancti
2859 3443 3094 3510 Spiritus
3123 3441 3443 3512 exsequitur
3469 3440 3484 3495 ι
3515 3437 3655 3504 Quid
3689 3451 3825 3508 ergo

2207 3545 2264 3591 et
2293 3537 2344 3590 in
2378 3537 2479 3590 hoc
2503 3534 2655 3605 impii
2704 3543 2832 3590 sunt
2853 3536 2876 3588 ἶ)
2901 3533 3036 3590 Cum
3068 3533 3286 3588 Lucifer
3339 3530 3640 3588 secundum
3678 3531 3821 3586 scri-

2210 3638 2397 3699 pturas
2449 3628 2662 3683 divinas
2707 3638 2762 3684 et
2808 3627 3136 3694 crediderit,
3169 3635 3226 3682 et
3269 3623 3550 3690 docuerit,
3580 3630 3638 3678 et
3665 3625 3826 3678 vixe-

2207 3721 2314 3788 rit,
2349 3727 2407 3774 et
2432 3722 2484 3774 iu
2539 3721 2754 3776 nomine
2783 3721 2988 3776 Christi
3018 3720 3088 3774 sit
3130 3719 3360 3774 virtutes
3408 3726 3701 3787 operatus;
3747 3715 3819 3772 ad

2205 3811 2597 3882 opprimendos
2627 3829 2770 3869 verae
2799 3812 2929 3867 ﬁdei
2952 3811 3194 3867 vindices
3225 3811 3458 3866 Luciferi
3489 3823 3693 3864 nomen
3721 3809 3827 3864 im-

2211 3905 2454 3976 ponunt,
2509 3907 2814 3962 nescientes
2845 3907 3030 3962 miseri
3077 3919 3350 3960 summum
3387 3918 3447 3959 se
3471 3904 3826 3959 committere

2208 3997 2552 4070 sacrilegium
2578 4041 2594 4066 ,
2624 4015 2746 4055 cum
2770 3999 3075 4054 doctrinam
3103 3997 3305 4054 Christi
3335 3998 3433 4051 sub
3456 3996 3696 4050 hominis
3726 4011 3826 4067 ap-

2209 4092 2500 4161 pellatione
2554 4091 2870 4162 designant;
2927 4093 3068 4146 sicut
3097 4100 3151 4146 et
3197 4090 3250 4145 in
3301 4089 3406 4146 hoc
3460 4089 3614 4160 impii
3645 4099 3823 4156 sunt,

2208 4182 2427 4252 quando
2452 4183 2746 4254 sacrilegas
2767 4183 3138 4238 institutiones
3162 4196 3259 4251 pro
3282 4181 3506 4236 arbitrio
3534 4178 3826 4234 hominum

2208 4276 2385 4332 editas
2407 4319 2422 4343 ,
2447 4277 2548 4332 sub
2569 4258 2865 4332 Christiani
2888 4277 3122 4330 nominis
3147 4275 3470 4329 auctoritate
3490 4272 3822 4328 defendunt.

2209 4368 2292 4424 An
2324 4384 2430 4424 non
2461 4385 2673 4426 summa
2708 4371 2960 4440 impietas
2987 4377 3071 4424 est
3094 4409 3110 4436 ,
3141 4357 3458 4438 iniquitates
3487 4381 3616 4422 suas
3645 4380 3699 4420 et
3735 4381 3827 4422 sa—

2208 4465 2428 4534 crilegia
2479 4467 2581 4519 sub
2617 4463 2823 4520 Christi
2871 4462 3091 4517 nomine
3118 4461 3439 4516 vindicare?
3465 4475 3532 4514 an
3573 4475 3684 4516 non
3720 4461 3827 4515 im-

495 4565 608 4610 ster
629 4566 712 4610 est
743 4556 926 4610 :iilius
957 4555 1262 4611 doctrinam
1291 4557 1572 4627 sequimur
1593 4597 1608 4622 ,
1641 4565 1802 4626 atque
1847 4553 1970 4610 ideo
2004 4567 2099 4610 co-
2122 4549 2176 4612 Β
2208 4559 2380 4627 pietas
2411 4569 2526 4623 est,
2558 4559 2700 4628 piam
2726 4559 3030 4613 doctrinam
3062 4556 3164 4612 sub
3187 4555 3400 4611 Christi
3429 4557 3651 4610 nomine
3681 4571 3824 4612 cou-

493 4648 772 4718 guomenti
804 4649 949 4703 illius
975 4661 1128 4704 sacra
1155 4649 1522 4718 appellatione
1548 4662 1884 4703 censemun:
1913 4657 1970 4701 ut
1991 4661 2099 4702 non

494 4740 637 4794 aliud
665 4739 788 4809 jure
813 4740 921 4794 diei
963 4740 1260 4795 debeamus
1299 4755 1459 4809 quam
1491 4737 1818 4804 Christiani,
1867 4737 1960 4807 qui
2002 4749 2101 4793 nec

495 4834 639 4888 aliud
662 4831 966 4905 sequimur,
994 4843 1155 4905 quam
1185 4833 1330 4904 quod
1375 4831 1628 4887 Christus
1667 4845 1765 4900 per
1806 4831 2099 4899 Apostolus

493 4926 701 4983 docuit.
752 4921 1000 4982 Hareses
1030 4937 1208 4981 autem
1242 4926 1363 4981 ideo
1413 4925 1691 4980 hominum
1715 4923 2100 4994 appellationi-

493 5021 594 5077 bus
621 5022 891 5077 denotata:
919 5029 1082 5088 sunt,
1107 5021 1232 5090 quia
1263 5031 1318 5076 et
1341 5019 1619 5076 hominum
1651 5025 1960 5074 commenta
1989 5028 2102 5072 tra-
2187 5075 2192 5080 ε

493 5116 768 5174 diderunt.
801 5116 987 5172 Perdit
1033 5118 1182 5172 enim
1225 5119 1282 5170 in
1311 5131 1370 5171 se
1413 5112 1715 5170 Christiani
1738 5113 1972 5168 nominis
1998 5126 2097 5182 ap-

492 5211 878 5282 peiiationera,
914 5212 1004 5283 qui
1050 5211 1246 5267 Christi
1276 5217 1384 5266 non‘
1431 5209 1676 5280 sequitur
1723 5207 2088 5278 disciplinam.

491 5301 854 5362 Dicantnunc
901 5305 1027 5375 quid
1087 5293 1304 5361 Lucifer
1360 5317 1559 5360 novum
1606 5293 1889 5363 docuerit,
1946 5299 2093 5372 quod

494 5401 600 5455 non
624 5416 688 5456 ex
718 5399 920 5455 Christi
961 5397 1278 5470 inagiSterio’
1317 5399 1574 5454 traditum
1623 5403 1747 5463 est,
1791 5395 1938 5466 quod
1980 5407 2090 5448 non

494 5493 562 5547 ab
587 5493 856 5564 Apostoiis
881 5492 1168 5562 discipulis
1192 5491 1492 5546 Salv‘atoris
1523 5490 1904 5545 transmissum
1929 5487 2090 5542 estin

496 5589 762 5654 posteros.
797 5585 866 5643 Et
895 5586 1033 5644 bene
1056 5627 1071 5656 ,
1101 5585 1252 5658 quin!
1271 5583 1440 5642 liliios
1467 5583 1688 5655 sccipsit
1725 5582 1796 5637 ad
1821 5581 2092 5637 Constan—

571 5700 586 5729 ⁸
617 5700 716 5755 Ms.
749 5698 836 5753 Ita
858 5714 1028 5754 rerum
1055 5687 1168 5772 ejus
1183 5695 1612 5774 super-eminentia
1641 5695 1829 5766 qumvis
1860 5694 2096 5750 laudans

495 5770 675 5843 lingua
698 5777 992 5843 superatur.

2210 4661 2480 4707 secratum
2508 4693 2523 4718 ,
2581 4652 2834 4706 humanis
2864 4651 3324 4722 appellationibus
3372 4649 3676 4704 denotare?
3708 4649 3822 4706 Sed

2213 4744 2330 4799 lucc
2359 4744 2505 4800 fraus
2531 4787 2547 4813 ,
2594 4745 2711 4801 haec
2741 4747 3035 4812 atrocitas,
3067 4745 3334 4800 adversus
3379 4744 3570 4800 ﬁdeles
3602 4745 3656 4798 in
3719 4745 3825 4800 lii-

2212 4837 2434 4906 spania,
2464 4845 2520 4890 et
2540 4836 2678 4907 apud
2712 4837 2970 4893 Treviros
2993 4879 3008 4905 ,
3039 4845 3096 4892 et
3125 4837 3310 4892 Romae
3336 4835 3532 4907 agitur,
3563 4846 3620 4893 et
3645 4836 3703 4892 in
3736 4837 3824 4894 di-

2212 4933 2388 4988 versis
2421 4933 2585 4987 ltaliaa
2609 4932 2942 5003 regionibus.

2283 5025 2478 5081 XXVI.
2531 5026 2903 5082 Asserendum
2943 5039 3086 5079 nunc
3135 5023 3448 5080 necessario
3474 5030 3557 5078 est
3582 5021 3731 5091 quod
3763 5022 3823 5078 in

2207 5117 2294 5172 his
2328 5118 2573 5186 partibus
2601 5127 2812 5188 gestum
2857 5127 2940 5172 est
2969 5132 2984 5178 ;
3011 5117 3106 5172 ubi
3150 5114 3618 5186 egregii‘episcopi
3641 5155 3656 5179 ,
3704 5131 3824 5171 non

2209 5212 2334 5266 ﬁdei
2368 5213 2601 5267 veritate
2625 5253 2640 5278 ,
2666 5211 2763 5266 sed
2793 5211 2908 5265 sola
2937 5210 3191 5266 catholici
3225 5209 3463 5264 nominis
3486 5208 3824 5278 appellatio-

2208 5319 2277 5360 ne
2335 5305 2559 5370 vestiti,
2635 5319 2742 5359 non
2793 5304 2971 5358 solum
3029 5318 3127 5373 per
3174 5302 3417 5373 iudices,
3466 5315 3648 5373 neque
3691 5310 3824 5357 tan-

2205 5397 2487 5452 tummodo
2538 5407 2634 5466 p'er
2680 5409 2900 5452 manum
2930 5396 3262 5460 militarem,
3315 5395 3507 5451 ﬁdeles
3549 5403 3608 5450 et
3653 5408 3823 5452 veros

2205 5487 2503 5544 catholicos
2528 5488 2828 5558 dissipant,
2856 5488 2954 5545 sed
2983 5499 3039 5545 et
3056 5488 3328 5544 interdum
3361 5504 3460 5560 per
3485 5502 3618 5544 suos
3646 5487 3824 5543 cleri—

2203 5595 2300 5638 cos
2325 5624 2340 5650 ,
2391 5582 2766 5654 ignorantibus
2790 5581 3065 5654 iudicibus
3093 5581 3179 5638 vel
3221 5583 3384 5640 etiam
3413 5581 3821 5638 dissimulanti-

2279 5697 2299 5726 ³
2333 5696 2430 5752 Ms.
2468 5695 2512 5752 U
2519 5705 2537 5751 ι
2564 5712 2679 5754 eum
2703 5696 2985 5754 adversarii
3010 5713 3219 5770 magum
3245 5696 3490 5756 dicerent.
