3998 6350
131 272 228 330 101

1121 273 1453 334 LlBELLUS
1488 250 1771 332 pusculi
1808 270 1900 329 an
1938 268 2453 333 Inrsnnones.

3327 276 3433 333 102

123 388 229 444 bus
252 430 267 454 ,
303 391 520 447 atrocia
547 400 828 449 exercent.
862 393 928 449 Et
970 394 1058 465 qui
1095 393 1214 448 ﬁnis
1268 395 1370 449 erit
1393 438 1406 457 ,
1436 394 1480 448 si
1538 403 1729 448 cuncta
1761 386 1812 452 Α
1839 392 2012 461 ipsum
2046 394 2218 448 altare
2248 394 2340 449 Dei
2370 395 2651 450 securibus
2692 394 3001 465 dissiparet,
3037 406 3160 450 cum
3202 394 3433 451 horrore

122 480 435 539 referamus
461 526 477 550 ,
512 500 635 555 qua:
664 487 859 555 singuli
910 488 1106 557 quique
1139 486 1372 540 ﬁdelium
1423 488 1565 556 passi
1609 495 1734 541 sunt

127 582 294 642 atque
342 578 672 643 patiuntur?
726 578 899 634 Unum
953 584 1126 633 tamen
1156 589 1312 633 atrox
1345 580 1738 649 persecutionis

127 665 346 722 facinus
403 669 470 722 ad
527 671 911 739 compendium
954 671 1295 726 referendum
1343 683 1464 735 est,
1498 672 1638 743 quod
1684 673 1737 727 in

130 750 374 830 A'Igypto
404 760 550 829 apud
580 761 951 833 Oxyrinchum
974 765 1322 818 commissum
1348 774 1433 819 est
1454 766 1555 819 sub
1574 766 1738 820 totius

131 854 456 907 testimonio
501 856 758 912 civitatis.
812 856 970 913 Certa
1028 874 1151 929 pars
1195 870 1277 915 est
1321 860 1462 929 apud
1508 860 1741 933 Oxyrin-

132 946 300 1000 chum
342 954 549 1005 sanctze
580 950 754 1019 plebis
778 995 792 1016 ,
838 954 890 1009 in
939 955 1091 1025 cujus
1138 970 1294 1011 Sacro
1326 972 1553 1013 numero
1580 957 1742 1027 pluri-

135 1054 277 1109 quc,
311 1052 519 1111 quanto
567 1045 827 1100 intentius
872 1046 937 1101 ad
990 1064 1077 1103 res
1117 1049 1331 1104 divinas
1372 1050 1607 1105 Studium
1648 1052 1742 1104 cti-

137 1146 327 1189 rumve
352 1144 675 1203 posuerunt,
705 1148 852 1192 tanto
873 1139 1160 1195 sollicitius
1181 1143 1560 1213 diligentiusve
1582 1141 1740 1197 ﬁdem

136 1225 468 1281 catholicam
527 1230 915 1286 inviolabiliter
962 1247 1181 1289 servare
1237 1234 1572 1289 contendunt
1627 1236 1741 1289 :ita

137 1328 286 1373 ntse
345 1320 506 1375 nullis
548 1322 851 1388 haereticis,
912 1327 1186 1396 nullisque
1235 1328 1744 1397 prtevarica'toribus

141 1426 239 1481 per
284 1412 467 1467 divina
497 1416 889 1471 commisceam
939 1430 1297 1475 sacramenta.
1349 1423 1435 1477 Ad
1485 1422 1621 1477 hanc
1650 1412 1746 1478 ob-

143 1506 477 1559 servantiam
528 1507 778 1577 plerique
838 1524 1028 1565 eorum
1082 1514 1281 1568 eruditi
1329 1520 1455 1569 sunt
1496 1518 1745 1586 exrmplo

144 1608 200 1652 et
226 1601 483 1653 monitu‘
537 1601 677 1656 beati
712 1603 901 1670 Pauli,
946 1606 1036 1676 qui
1092 1606 1283 1663 iisdem
1337 1608 1435 1663 fuit
1486 1611 1745 1680 tempori-

146 1688 248 1746 bus
282 1693 479 1762 quibus
521 1704 571 1748 et
602 1695 998 1754 famosissimus
1026 1699 1118 1755 ille
1165 1700 1432 1757 Antonius
1458 1745 1471 1765 ,
1506 1719 1610 1757 non
1645 1704 1746 1757 mi-

1842 486 2006 540 totius
2033 488 2272 543 civitatis
2292 498 2344 541 et
2371 491 2604 557 gemitu,
2635 489 2775 557 quod
2820 489 2907 543 illa
2939 488 3179 543 Ecclesia
3213 498 3435 544 everte-

1841 591 2009 646 rctur,
2035 581 2189 650 cujus
2207 581 2519 650 episcopum
2542 582 2704 636 etiam
2729 582 2960 636 diversm
2991 582 3158 652 partis
3183 580 3434 636 homines

1842 682 2007 727 rectae
2032 685 2085 727 et
2126 674 2345 728 illibata:
2388 674 2514 729 lidei
2552 674 2898 728 conﬁtentur.

1918 765 2129 821 XXVII.
2174 767 2491 828 Advertite,
2525 782 2856 837 qnzesumus,
2892 766 3119 835 piissimi
3142 766 3437 833 imperato—

1842 871 1931 911 res
1962 864 2015 911 et
2038 866 2201 911 rectae
2230 856 2351 912 ﬁdei
2380 858 2643 923 vindices,
2676 857 2932 928 numquid
2966 873 3067 927 pro
3104 866 3210 911 tam
3257 858 3438 927 impiis

1845 950 2114 1019 episcopis
2145 951 2319 1004 edicta
2350 951 2672 1021 proponitis,
2704 959 2760 1004 ut
2787 950 2841 1003 hi
2866 950 3198 1021 affligantur,
3243 951 3333 1019 qui
3366 949 3438 1003 ob

1844 1044 2096 1097 meritum
2130 1043 2251 1098 ﬁdei
2285 1050 2339 1097 et
2362 1045 2717 1099 sanctissima:
2738 1046 2884 1105 vitae,
2935 1043 3137 1096 mundo
3169 1044 3285 1111 ipso
3316 1056 3441 1111 pre-

1848 1136 2096 1190 tiosiores
2123 1146 2248 1189 sunt
2274 1136 2299 1189 ι
2324 1134 2561 1201 Credite,
2612 1136 3003 1205 religiosissimi
3059 1137 3436 1204 imperatores,

1844 1226 2063 1281 beatum
2090 1227 2429 1281 Heraclidam
2456 1243 2620 1281 unum
2653 1244 2774 1282 esse
2805 1228 2870 1281 de
2914 1228 3005 1280 illo
3048 1244 3274 1301 numero
3317 1244 3445 1285 san-

1846 1329 2079 1381 ctorum.
2108 1322 2177 1377 de
2205 1324 2400 1391 quibus
2432 1320 2595 1375 refert
2624 1320 2901 1390 Scriptura
2942 1320 3149 1379 divina,
3209 1322 3399 1377 dicens
3425 1339 3440 1376 :

1848 1412 2176 1467 Circuimnt
2203 1414 2255 1467 in
2281 1412 2482 1467 meiotis
2509 1422 2554 1466 et
2584 1414 2637 1466 in
2659 1410 2885 1479 caprinis
2915 1414 3160 1481 pellibus,
3208 1415 3447 1487 indigen-

1850 1513 1943 1567 tes,
1971 1507 2023 1557 in
2054 1505 2467 1558 tribulationibus
2495 1515 2540 1558 et
2566 1505 2829 1557 doloribus
2851 1505 3063 1575 afﬂicti,
3092 1520 3311 1572 quorum
3338 1520 3444 1558 non

1850 1608 1961 1654 erat
1987 1601 2175 1669 dignus
2203 1601 2424 1653 mundus
2454 1598 2643 1671 (Heb.,
2686 1614 2760 1663 ιι,
2808 1598 2922 1665 57).
2970 1597 3255 1665 Quomodo
3301 1602 3445 1652 enim

1851 1697 2044 1752 beatus
2076 1697 2357 1751 Heraclida
2393 1704 2497 1751 nun
2554 1697 2676 1751 talis
2728 1706 2831 1756 est,
2865 1696 2955 1765 qui
2998 1696 3175 1748 omnia
3224 1693 3451 1747 sarcula-

153 1785 276 1838 nori
301 1786 409 1839 vita
454 1794 624 1858 neque
663 1789 843 1845 studio
864 1835 877 1854 ,
914 1806 1087 1861 neque
1132 1792 1314 1848 divina
1343 1794 1512 1864 gratia
1535 1836 1549 1860 ,
1580 1811 1739 1865 quam

1861 1791 1927 1842 riu
1958 1803 2221 1859 respuens
2252 1789 2670 1851 oblectamenta,
2724 1802 2818 1856 per
2858 1788 3004 1857 ipsas
3050 1786 3452 1841 amaritudines

159 1875 261 1931 fuit
308 1890 525 1935 sanctus
583 1883 869 1937 Antonius.
928 1883 1087 1939 Novit
1138 1885 1239 1940 hoc
1286 1897 1336 1941 et
1386 1888 1499 1956 ipsa
1560 1888 1749 1942 civitas

159 1967 531 2039 Oxyrinchus,
580 1988 697 2041 qua:
746 1974 1015 2043 hodieque
1069 1987 1311 2032 sanctam
1362 1978 1510 2031 Pauli
1546 1992 1751 2033 memo-

154 2059 290 2113 riam
316 2060 653 2119 devotissime
690 2067 953 2122 celebrat.
1010 2070 1030 2100 ³
1080 2068 1188 2126 Sed
1230 2079 1284 2123 et
1329 2070 1439 2139 ipsa
1473 2084 1598 2139 pars
1640 2072 1751 2139 ple-

149 2149 275 2216 bis,
317 2153 407 2208 ubi
466 2156 598 2209 vidit
653 2158 963 2228 episcopum
1026 2161 1169 2215 illius
1217 2162 1485 2227 civitatis,
1530 2166 1750 2218 nomine

146 2240 522 2313 Theodorum,
561 2250 611 2302 in
655 2251 870 2320 impiam
903 2256 1404 2323 praevaricationem
1439 2255 1608 2311 fuisse
1638 2257 1749 2310 col-

142 2335 358 2405 lapsum
382 2379 397 2403 ,
448 2340 517 2394 ita
567 2350 625 2395 ut
654 2357 759 2397 non
790 2344 964 2398 solum
1010 2346 1165 2400 ﬁdem
1200 2349 1459 2417 integram
1494 2349 1750 2404 condem-

139 2440 344 2497 naret,
408 2448 585 2504 neque
653 2446 709 2490 ut
769 2440 1138 2493 tantummodo
1212 2441 1372 2509 impie
1441 2443 1747 2497 subscribe-

138 2533 258 2586 ret,
290 2522 313 2553 ³
350 2524 445 2579 sed
478 2537 534 2579 ut
573 2528 766 2582 laieum
806 2545 866 2583 se
913 2531 1027 2584 ﬁeri
1070 2533 1138 2584 ab
1180 2532 1343 2603 impio
1378 2532 1611 2604 Georgio
1650 2550 1747 2603 pa-

139 2623 372 2679 teretur,
406 2627 462 2671 et
503 2617 683 2673 denuo
712 2620 781 2674 ab
807 2622 925 2690 ipso
956 2623 1213 2677 haeretica
1239 2626 1555 2694 episcopum
1587 2626 1736 2681 ordi-

138 2704 283 2771 nari,
307 2719 592 2762 exsecrata
615 2721 697 2764 est
717 2711 839 2778 ejus
854 2717 1316 2783 communionem,
1336 2718 1540 2772 habens
1562 2733 1746 2774 secum

140 2798 502 2866 presbyteros
525 2808 581 2855 et
605 2802 864 2860 diaconos
892 2806 1038 2861 illius
1069 2808 1291 2864 illibata:
1320 2810 1462 2876 ﬁdei,
1494 2827 1592 2882 per
1612 2828 1749 2881 quos

138 2886 160 2917 ⁸
192 2887 483 2945 fruebatur
512 2892 715 2949 divinis
753 2900 1130 2965 sacramentis,
1179 2915 1283 2955 una
1311 2916 1432 2957 cum
1465 2917 1750 2973 superme-

138 2998 358 3040 morato
393 2989 711 3044 beatissimo
740 2991 930 3047 Paulo.
980 2994 1086 3050 Sed
1118 3007 1301 3065 postea
1332 2998 1494 3052 etiam
1538 3001 1749 3068 episco-

141 3092 270 3147 pum
309 3079 419 3134 sibi
452 3096 549 3150 per
580 3090 708 3138 tunc
735 3088 997 3155 teinpuris
1027 3091 1313 3157 episcopos
1336 3091 1633 3145 catholicos
1659 3108 1749 3145 or-

1854 1882 2187 1952 confragosae
2218 1882 2340 1936 vitae
2373 1883 2547 1948 istius,
2581 1882 2842 1935 mmulaiis
2874 1881 3147 1934 dominica
3200 1879 3448 1948 vestigia,

1854 1976 2032 2029 nudus
2061 1975 2453 2045 expeditusque
2482 1978 2743 2029 virtutum
2777 1976 2879 2027 iter
2907 1975 3147 2027 salutare
3176 1981 3449 2036 sectatur;

1855 2069 1948 2139 qui
1972 2070 2049 2123 sic
2074 2084 2172 2138 pro
2221 2069 2423 2123 divinae
2468 2082 2655 2121 amore
2700 2068 2824 2121 ﬁdei
2866 2070 3162 2135 conspirat,
3214 2067 3353 2120 sicut
3399 2074 3457 2119 et

1854 2171 2074 2215 sanctos
2103 2162 2332 2230 legimus
2387 2164 2753 2230 conSpirasse,
2816 2161 2947 2214 nihil
2995 2160 3200 2215 habens
3237 2159 3306 2214 de
3347 2172 3452 2212 su:-

1854 2256 1999 2317 culo,
2026 2270 2185 2323 quam
2221 2270 2317 2323 pro
2349 2254 2453 2308 ﬁde
2481 2253 2856 2307 tribulationes
2885 2263 2938 2307 et
2969 2254 3207 2317 dolores,
3263 2252 3342 2306 sic
3371 2253 3457 2305 vi-

1856 2361 2011 2411 vens,
2040 2347 2118 2401 sic
2151 2347 2429 2409 incedens,
2486 2346 2647 2399 sicuti
2686 2354 2742 2399 et
2783 2345 2855 2400 illi
2915 2346 3086 2398 sancti
3138 2345 3206 2398 de
3264 2344 3458 2412 quibus

1855 2452 2017 2506 supra
2052 2438 2285 2506 positum
2314 2446 2398 2492 est
2427 2436 2832 2491 testimonium?
2872 2437 3064 2491 Merito
3089 2449 3220 2505 ergo
3248 2445 3302 2490 et
3324 2437 3456 2491 bea-

1857 2540 1942 2585 tus
1971 2532 2290 2600 Gregorius,
2339 2532 2637 2600 cmterique
2663 2532 2838 2585 sancti
2863 2531 3127 2599 episcopi,
3165 2529 3458 2583 sanctimo-

1858 2624 1962 2677 nizr.
2009 2624 2166 2678 istius
2219 2623 2517 2677 venerabili
2572 2622 2870 2688 consortio,
2931 2624 2982 2675 in
3039 2621 3194 2676 malis
3244 2620 3459 2675 afﬂicta:

1856 2714 2139 2776 Ecclesiae.
2176 2716 2323 2770 velut
2371 2714 2572 2768 divinis
2597 2713 2809 2768 solatiis
2836 2714 3170 2769 reievantur.
3202 2712 3319 2768 Non
3368 2724 3460 2768 so-

1858 2809 1968 2862 lum
2000 2819 2180 2863 autem
2206 2809 2258 2862 in
2286 2818 2393 2862 tam
2421 2808 2791 2863 venerabilem
2819 2810 3136 2878 episcopum
3182 2816 3461 2877 grassatus

1856 2911 1942 2957 est
1968 2902 2420 2967 Theodorus,sed
2452 2903 2583 2957 etin
2616 2902 2787 2970 ipsam
2820 2904 3217 2957 sanctissimam
3244 2900 3459 2972 plebem

1855 2999 1997 3068 ejus,
2032 3012 2154 3068 qum
2193 3012 2294 3068 pro
2323 2998 2681 3052 sincerissimi
2725 3006 2779 3050 et
2816 2996 3115 3052 ﬁdelissimi
3161 2994 3464 3051 sacerdotis

1856 3090 2103 3144 doctrina
2136 3099 2192 3144 et
2224 3091 2463 3143 moribus
2489 3088 2735 3143 instituta
2766 3099 2872 3143 est.
2907 3089 2973 3142 Et
3000 3090 3217 3157 longum
3247 3099 3332 3142 est
3372 3102 3457 3142 re-

136 3169 390 3237 dinavil,
413 3182 659 3229 sanctum
686 3176 1048 3241 Heraclidam,
1081 3190 1229 3233 tanto
1252 3184 1421 3251 magis
1448 3183 1702 3237 idoneum
1724 3226 1738 3247 ,
1771 3170 1821 3234 C
1855 3183 2007 3244 ferri,
2039 3198 2157 3251 quae
2187 3192 2375 3237 contra
2411 3183 2675 3252 pudorem
2724 3181 3132 3251 propositumve
3180 3194 3458 3234 sacrarum

138 3271 352 3331 quanto
383 3276 437 3319 et
470 3268 674 3322 ﬁrmius
693 3280 881 3324 contra
908 3270 1196 3326 haereticos
1223 3284 1276 3327 et
1302 3275 1749 3342 praevaricatores

139 3354 335 3411 debuit
363 3357 624 3424 ordinati,
659 3362 749 3430 qui
797 3371 852 3416 et
893 3362 948 3417 in
1006 3364 1113 3418 vita
1146 3374 1291 3420 esset
1330 3368 1679 3435 perSpicuus,
1717 3382 1745 3420 a

141 3451 317 3519 prima
351 3461 517 3507 aetate
544 3454 653 3508 Deo
678 3454 1008 3523 deserviens,
1040 3459 1368 3527 contemptis
1396 3458 1552 3513 bonis
1578 3474 1752 3515 saccu-

138 3542 373 3608 laribus,
420 3554 476 3600 et
514 3547 566 3600 in
614 3546 739 3613 lidc,
781 3557 836 3603 et
880 3548 1122 3605 doctrina
1144 3553 1414 3621 perfectus
1453 3552 1744 3608 essistens.

138 3632 299 3690 Unde
321 3644 384 3690 et
409 3651 505 3705 pro
530 3639 825 3706 apostolica
859 3640 986 3707 ﬁde,
1033 3652 1088 3696 et
1120 3659 1216 3711 pro
1240 3643 1485 3699 doctrina
1517 3657 1750 3714 evange-

135 3724 279 3791 lica,
314 3740 421 3796 pro
463 3733 878 3787 conversatiOne
923 3736 1131 3789 caelesti
1177 3736 1321 3805 apud
1368 3745 1593 3792 cunctos
1642 3739 1751 3793 illic

136 3824 482 3879 venerabilis
512 3835 618 3891 est,
652 3827 787 3882 solis
817 3830 1195 3885 tantummodo
1222 3831 1494 3887 hmrcticis
1522 3842 1576 3887 et
1610 3847 1752 3901 pra:-

135 3917 543 3971 varicatoribus
567 3918 883 3988 displicens.
918 3921 1073 3977 Unde
1124 3932 1181 3977 et
1221 3924 1331 3978 Deo
1359 3925 1529 3995 magis
1575 3925 1752 3994 placet

136 4019 262 4061 cum
300 4008 508 4062 talibus
535 4009 807 4079 displicet.
833 4012 940 4069 Sed
973 4013 1062 4068 hic
1095 4024 1275 4069 tantus
1302 4030 1365 4071 ac
1398 4018 1519 4071 talis
1553 4019 1624 4073 ita
1649 4032 1750 4074 cte-

137 4101 219 4169 pit
249 4116 524 4157 exercere
550 4106 904 4173 pontiﬁcium,
942 4117 999 4161 ut
1037 4110 1102 4162 ad
1146 4110 1455 4179 opinionem
1487 4111 1609 4166 ﬁdei
1634 4115 1754 4181 ejus

138 4202 195 4247 et
216 4193 522 4260 doctrinm,
549 4197 893 4266 atqueipsius
919 4199 1279 4255 sanctissima:
1299 4206 1751 4268 conversationis,

138 4286 401 4357 plerique
426 4288 586 4342 etiam
609 4290 676 4344 de
702 4290 1029 4360 longissimis
1058 4293 1370 4361 regionibus
1411 4293 1752 4361 advenirent,

139 4392 506 4438 exsecrantes
554 4384 812 4439 nefarium
858 4385 1339 4454 praevaricatorum
1387 4389 1705 4444 societatem
1737 4429 1755 4455 ,

141 4474 383 4544 ejusque
411 4485 815 4532 sacronctum
856 4480 1191 4534 consortium
1217 4480 1611 4535 desiderantes.
1648 4480 1757 4537 Sed

1858 3277 2127 3345 virginum
2158 3276 2377 3329 molitus
2406 3286 2510 3340 εει,
2532 3288 2760 3343 quarum
2793 3273 3120 3327 monasteria
3147 3287 3247 3343 pro
3266 3271 3461 3326 merito

1858 3369 2231 3422 sanctimoniae
2276 3381 2460 3420 earum
2505 3365 2695 3420 civitas
2743 3366 2856 3432 ipsa
2886 3375 3202 3419 veneratur.
3260 3364 3367 3418 Sed
3399 3373 3460 3418 et

1858 3463 2009 3533 ipsos
2031 3476 2224 3516 servos
2253 3461 2348 3514 Dei
2371 3460 2659 3529 aliquoties
2681 3460 2957 3514 atrocibus
2985 3456 3181 3511 afﬂixit
3226 3456 3456 3523 injuriis,

1858 3570 1996 3624 quos
2027 3555 2197 3623 magis
2229 3552 2553 3622 probaverat
2580 3551 2903 3605 sanctiores.
2934 3549 3040 3605 Sed
3075 3549 3203 3619 quid
3234 3549 3459 3612 mirum,

1861 3647 1908 3701 si
1936 3660 2066 3700 oves
2090 3657 2146 3699 ut
2180 3646 2337 3714 lupus
2369 3644 2652 3713 afﬂigeret,
2687 3657 2913 3713 cpiarum
2957 3642 3155 3696 bonum
3185 3650 3461 3711 pastorem

1859 3738 2178 3809 frequenter
2198 3736 2392 3806 alﬂigit
2416 3736 2439 3788 ’ἒ

1945 3828 2187 3885 XXVIII.
2214 3831 2352 3883 Ecce
2376 3827 2470 3898 qui
2498 3826 2599 3882 sub
2625 3826 2780 3881 vobis
2807 3826 2911 3897 piis
2940 3824 3381 3895 imperatoribus,
3411 3834 3468 3879 et

1863 3941 1964 3997 pro
1990 3927 2097 3980 ﬁde
2129 3924 2396 3978 catholica
2436 3922 2803 3987 venientibus,
2832 3923 2999 3990 jactat
3023 3935 3084 3975 se
3130 3933 3253 3975 esse
3281 3918 3469 3973 catboo

1863 4019 2055 4083 licnm,
2088 4026 2341 4074 evertens
2367 4015 2666 4070 Ecclesium
2688 4014 3105 4077 catholicorum,
3132 4026 3468 4081 persequens

1863 4112 2164 4168 catholicos
2208 4110 2523 4165 sacerdotes
2562 4117 2617 4163 et
2653 4122 2844 4162 servos
2873 4105 3099 4169 Christi,
3153 4119 3362 4159 necnon
3412 4113 3471 4158 ct

1866 4217 2053 4260 sacras
2078 4205 2196 4273 ejus
2245 4203 2482 4272 virgines
2510 4203 2675 4271 impie
2721 4199 2991 4269 afﬂigens.
3044 4198 3144 4253 ilic
3172 4210 3257 4251 εει
3300 4211 3464 4266 egre-

1866 4296 1985 4366 gius
2007 4305 2062 4351 et
2086 4296 2465 4350 sanctissimus
2496 4293 2589 4347 ille
2616 4292 2926 4361 cpiscopus,
2981 4290 3071 4360 qui
3100 4303 3223 4343 cum
3274 4289 3472 4344 fuisset

1867 4391 2103 4461 primum
2144 4403 2173 4441 a
2197 4387 2485 4442 catholicis
2514 4386 2785 4455 episcopis
2820 4384 3103 4439 ordinatus
3152 4384 3465 4453 episcopus,

1868 4494 2061 4552 postea
2088 4482 2156 4535 ab
2183 4482 2346 4549 impio
2367 4479 2605 4550 Georgio
2646 4480 2699 4532 in
2742 4480 3003 4532 iaicorum
3042 4492 3326 4532 numermn
3375 4492 3469 4532 rc-

142 4564 238 4618 ille
268 4567 534 4635 egregius
565 4567 648 4622 bis
688 4571 981 4640 episcopus
1012 4572 1115 4626 hoc
1146 4587 1251 4625 non
1288 4574 1513 4641 patitur.
1554 4573 1619 4627 Et
1651 4574 1761 4643 pri-
1788 4559 1841 4621 1)
1868 4578 2081 4641 ductus,
2108 4570 2459 4628 nihilominus
2486 4576 2554 4627 ah
2581 4573 2699 4644 ipso
2719 4571 2953 4643 Georgio
2980 4571 3272 4641 episcopus
3322 4570 3472 4624 ordi-

142 4672 300 4711 mum
332 4659 559 4727 quidem
605 4670 769 4716 vexat
802 4678 897 4731 per
928 4664 1171 4732 publicas
1209 4675 1545 4734 potestates:
1581 4670 1653 4721 ita
1700 4676 1762 4722 ut

142 4747 448 4818 aliquoties
468 4752 643 4806 solum
666 4753 993 4824 intempesta
1018 4765 1173 4814 nocte
1197 4768 1409 4827 raptum
1429 4774 1523 4828 per
1546 4761 1761 4816 lancea-

144 4841 263 4895 rios
290 4841 366 4896 de
395 4843 528 4898 urbe
569 4846 874 4902 sustulerit.
918 4848 1027 4905 Sed
1064 4864 1189 4904 cum
1226 4851 1431 4906 eaedem
1463 4863 1758 4922 potesmtes

145 4952 260 4991 non
290 4938 351 4991 in
394 4937 494 4993 hoc
525 4953 872 5009 perseverant
901 4944 953 4996 in
986 4960 1091 5013 quo
1121 4948 1407 5001 temerarie
1437 4957 1753 5018 coeperant:

146 5029 298 5097 quod
331 5032 487 5085 enim
500 5032 591 5101 jus
613 5032 813 5090 habere
840 5046 1090 5104 poterant
1116 5048 1300 5093 contra
1329 5040 1644 5113 episcopum
1669 5060 1763 5097 ca-

146 5122 427 5178 tholicum
449 5125 473 5178 ἲ
499 5126 718 5181 unde‘et
750 5133 943 5184 merito
965 5146 993 5184 a
1021 5144 1196 5201 empta
1223 5134 1599 5202 persecutione
1639 5152 1763 5192 ccs-

147 5222 372 5279 serunt,
429 5220 661 5273 maxime
689 5234 825 5274 unus
868 5236 935 5277 ex
978 5223 1111 5292 ipsis
1156 5226 1321 5279 etiam
1372 5227 1555 5282 divina
1600 5229 1759 5299 plaga

150 5307 500 5364 admonitus.
547 5311 701 5366 Tunc
729 5316 978 5384 egregius
1017 5318 1116 5371 iste
1166 5319 1247 5372 bis
1294 5321 1579 5389 cpiscopus
1607 5364 1618 5383 ,
1646 5322 1758 5390 jam

152 5401 403 5472 propriis
430 5402 636 5460 viribus
655 5407 866 5472 mitur,
905 5418 959 5463 et
990 5410 1153 5463 mittit
1180 5410 1389 5465 turbam
1435 5411 1763 5468 clericorum

152 5493 223 5549 ad
270 5494 576 5550 ecclesiam
625 5497 765 5554 beati
829 5498 1127 5556 Heraclidae
1177 5504 1429 5558 catholici
1481 5507 1759 5576 episcopi,

152 5599 401 5657 eamque
435 5588 651 5654 evertit,
677 5590 962 5647 destructis
990 5591 1231 5664 undique
1277 5595 1513 5664 parietes
1545 5614 1558 5653 :
1592 5600 1669 5653 ita:
1706 5609 1767 5654 ut

236 5703 249 5731 ’
286 5701 398 5758 Ms.
430 5701 723 5759 Beatissimi
751 5704 930 5762 Pauli.

233 5772 253 5801 ³
284 5772 392 5831 III.
431 5773 544 5830 Sed
574 5772 681 5827 lucc
707 5776 817 5845 ipsa
843 5794 961 5849 pars
992 5778 1173 5849 plebis.

1866 4682 2026 4726 natus
2062 4678 2168 4735 est,
2194 4669 2245 4721 iu
2276 4669 2562 4723 vexatione
2593 4666 2833 4722 ﬁdelium
2861 4682 2875 4720 :
2906 4664 3112 4720 sedens
3143 4673 3198 4719 et
3218 4678 3468 4717 commu-

1871 4766 2061 4820 nicans
2091 4765 2141 4817 in
2170 4774 2275 4816 una
2299 4761 2599 4832 eademque
2626 4760 2847 4815 civitate
2876 4773 2999 4815 cum
3028 4757 3317 4828 Apollonio
3359 4755 3473 4809 Me~

1870 4859 2195 4913 letianorum
2249 4858 2558 4926 episcopo,
2641 4854 3007 4908 consentienti
3102 4849 3472 4918 impietatibus

1874 4951 2118 5022 Georgii.
2148 4961 2205 5005 et
2242 4964 2364 5003 cum
2393 4951 2511 5019 ipso
2540 4950 2665 5003 item
2709 4946 3003 5019 Apollonio
3046 4945 3186 5000 idem
3217 4943 3469 4997 Theodo-

1868 5059 1970 5099 rus
2000 5057 2329 5112 persequens
2367 5042 2583 5096 beatum
2632 5040 3003 5106 Heraclidam,
3034 5037 3320 5092 catholicae
3345 5034 3467 5088 ﬁdei

1875 5135 2167 5191 vindicem.
2216 5135 2355 5189 Ecce
2397 5133 2485 5188 cui
2534 5134 2687 5203 quasi
2736 5131 3002 5186 catholica
3052 5129 3273 5184 basilica
3328 5130 3474 5179 nunc

1877 5230 2075 5285 tradita
2108 5239 2191 5284 est
2211 5227 2483 5297 Apollonii
2506 5242 2571 5282 ex
2596 5226 2863 5298 generalis
2887 5223 3053 5280 edicti
3088 5218 3251 5275 vestri
3282 5224 3471 5271 aucto-

1878 5325 2038 5378 ritate
2063 5339 2075 5375 :
2108 5337 2231 5378 cum
2256 5324 2440 5392 utique
2463 5322 2603 5377 idem
2633 5321 2971 5381 Theodorus,
2997 5317 3088 5387 qui
3113 5312 3265 5383 quasi
3288 5310 3479 5364 catho-

1877 5415 2017 5470 licus
2045 5412 2583 5483 hmreticiApollonii
2626 5413 2909 5469 basilicam
2946 5405 3176 5476 accepit,
3225 5400 3478 5456 similiter

1878 5507 2042 5578 impie
2071 5507 2260 5579 gessit,
2289 5514 2349 5560 ut
2372 5507 2539 5577 gessit
2570 5513 2625 5560 et
2645 5504 2966 5575 Apollonius
2990 5518 3001 5552 :
3032 5498 3139 5552 nisi
3168 5495 3291 5565 quia
3318 5492 3475 5547 attic-

1879 5603 1999 5658 cius
2022 5600 2197 5673 gessit
2215 5598 2561 5665 Theodorus,
2583 5613 2709 5655 cum
2737 5597 2805 5652 de
2832 5593 3099 5663 episcopo
3114 5586 3387 5644 catholico
3420 5590 3479 5643 ttt

1959 5716 1980 5791 ξ
2011 5717 2115 5791 bis.
2149 5716 2254 5791 S_ed
2286 5724 2341 5791 ut
2371 5715 2521 5791 etimit
2960 5781 2985 5791 γ’

1959 5786 1982 5817 ⁸
2013 5787 2113 5843 Ms.
2145 5786 2439 5843 Ferebatur
2466 5784 2653 5839 divinis
2680 5784 3033 5838 sacramentis.
