3998 6346
226 233 297 289 1ῡὸ
1141 232 1477 291 LlBELLUS
1518 228 1801 287 I’RECUM
1844 228 1935 284 AD
1974 226 2488 288 IMPERATORES.

3375 236 3478 293 {06

219 348 366 404 fideles
394 346 487 402 diu
511 347 712 419 ubique
732 348 1045 404 dominetur
1068 349 1361 419 impietas?
1386 347 1614 418 Expedit
1633 346 1777 401 enim
1805 353 1856 413 Α
1885 358 1992 413 que
2027 344 2396 411 conscribant,
2438 345 2619 400 tamen
2662 345 2764 401 sibi
2796 358 3010 411 omnes,
3032 346 3118 402 vel
3154 361 3219 404 ex
3250 347 3480 416 directo,

217 440 294 496 hoc
337 441 583 497 Romano
629 441 881 511 impetio,
928 441 1069 512 quod
1126 452 1302 495 tamen
1343 440 1542 494 aﬁ‘ectu
1586 448 1642 495 et
1675 439 1780 493 fide

209 533 300 603 ejus
321 549 482 605 quam
523 532 745 590 Christo
768 535 883 591 Deo
931 534 1204 591 exhibetis
1243 533 1605 589 observantia:
1646 532 1780 587 dici-

208 644 321 693 mus,
351 639 410 684 ut
438 627 531 700 qui
564 626 841 684 Christum
884 628 973 701 pie
1002 629 1319 699 praedicant,
1372 629 1781 700 persecutiones

205 730 495 792 mortesque
517 725 817 790 patiantur,
872 722 943 776 ita
968 733 1026 776 tit
1055 737 1319 791 nusquam
1353 722 1514 776 liceat
1536 722 1647 776 Deo
1697 720 1781 789 pia

203 814 364 869 altaria
388 814 688 881 collocare,
719 823 813 870 aut
847 824 1028 878 certe,
1077 830 1197 869 cum
1245 814 1510 870 collocata
1556 812 1781 880 fuerint,

202 906 571 962 destruantur?
606 907 721 964 Sub
751 908 915 977 impio
942 906 1132 962 Achab
1163 922 1289 977 rege
1340 906 1529 971 Israel,
1583 904 1783 960 oet-isis

202 1000 460 1072 prophetis
491 1000 862 1072 altaribusqne
893 1000 1212 1066 destructis,
1243 1000 1557 1070 interpellat
1606 999 1784 1054 Helias

202 1094 351 1149 Deum
382 1093 647 1150 adversus
679 1094 865 1161 Israel,
913 1094 1104 1150 dicens
1153 1095 1203 1149 iit
1249 1094 1387 1148 libro
1418 1093 1724 1162 Regnorum
1766 1111 1780 1147 :

201 1185 426 1254 Domine,
456 1188 734 1258 prophetas
784 1197 900 1241 (nos
953 1188 1270 1253 occiderunt,
1322 1187 1513 1241 altaria
1560 1198 1652 1241 tua
1698 1187 1787 1240 de-

199 1291 499 1337 struxerunt.
530 1292 578 1335 et
602 1298 696 1353 ego
727 1282 935 1336 relictus
958 1298 1073 1336 sum
1113 1282 1277 1348 solus,
1319 1290 1366 1335 et
1393 1288 1634 1349 quaerunt
1675 1281 1784 1334 ani-

206 1393 322 1430 mant
348 1390 513 1430 meam
537 1375 632 1447 (IlI
670 1375 828 1447 Reg.,
861 1390 975 1443 nx,
1014 1374 1124 1445 Η).
1159 1374 1307 1429 Hane
1354 1373 1674 1429 invidiosam
1710 1378 1790 1427 in-
1828 1428 1829 1431 η

203 1470 617 1540 terpellattonent
667 1468 830 1524 etiam
864 1472 1063 1524 vestris
1106 1468 1445 1539 temporibus
1487 1467 1668 1522 sinitis
1720 1466 1787 1521 ad

201 1562 352 1617 Deum
383 1561 504 1617 ﬁeri
536 1578 565 1615 a
598 1560 825 1632 singulis
859 1561 1161 1631 quibusque
1191 1558 1442 1616 ﬁdelibus
1490 1558 1791 1615 sacerdoti-

202 1656 335 1712 bus?
366 1656 422 1712 Si
454 1654 601 1711 enim
636 1664 689 1711 et
716 1663 954 1721 taceant,
1004 1654 1262 1726 numquid
1310 1654 1454 1709 Deus
1507 1653 1622 1708 lucc
1672 1652 1788 1723 ipsa

1880 441 1962 492 vel
2008 454 2073 492 ex
2115 438 2332 507 obiqua
2372 444 2820 495 concatenatione
2859 442 3302 497 communicant:
3334 443 3482 498 inani

1880 530 2061 584 studio
2086 532 2534 603 philoxophorum
2555 532 2688 586 solis
2708 533 3166 602 disputationibus
3186 536 3482 606 litigantes,

1883 640 1989 680 nou
2019 634 2076 680 ιιι
2113 624 2406 691 Cltri~tiani
2435 643 2499 681 ex
2533 627 2826 683 devotione
2853 631 3201 694 sacramenti,
3232 632 3370 686 alter
3398 631 3481 686 aI-

1884 727 2056 772 terutn
2085 719 2232 773 velut
2258 719 2481 790 impium
2502 719 2840 787 devitantes;
2872 736 2924 776 ιιι
2948 723 3058 793 jam
3082 725 3222 779 sicut
3244 726 3296 780 iit
3320 726 3486 781 scho-

1884 815 1952 871 lis
1980 817 2181 887 ingenii
2212 816 2463 872 videatur
2493 818 2633 873 inter
2659 832 2755 872 eos
2776 832 2897 873 esse
2923 832 3221 883 certamen,
3250 838 3357 876 nun
3386 838 3484 877 au-

1884 913 1993 961 tem
2041 923 2194 962 sacra
2227 907 2477 963 defensio
2515 924 2659 964 verae
2689 910 3009 980 religionis:
3048 912 3485 983 quandoquidem

1883 999 2025 1055 inter
2062 1016 2122 1056 se
2156 1010 2494 1056 sacramenta
2538 1018 2643 1057 non
2686 1015 2962 1074 separant,
2997 1020 3119 1060 cum
3155 1007 3333 1077 impiis
3364 1024 3491 1064 sen-

1887 1094 2075 1148 tentis
2117 1096 2188 1150 ab
2217 1095 2446 1151 invicem
2496 1108 2842 1165 separentur.
2893 1097 3007 1153 lloc
3034 1109 3213 1153 autem
3259 1101 3381 1155 ideo
3409 1101 3491 1155 fa-

1887 1189 2056 1254 ciunt,
2089 1189 2213 1255 quia
2242 1190 2459 1257 quidam
2488 1206 2678 1245 eorum
2710 1192 2962 1246 humanm
3009 1194 3219 1264 gloria).
3268 1195 3490 1265 quidam

1888 1296 2017 1336 vero
2047 1282 2290 1337 avaritiae
2319 1282 2538 1338 student
2563 1306 2574 1336 :
2607 1294 2661 1339 et
2693 1283 2820 1339 inde
2850 1297 2933 1338 est
2964 1285 3107 1356 quod
3136 1286 3238 1341 sibi
3261 1269 3490 1341 invicem

1888 1374 1989 1428 sub
2023 1374 2185 1444 impia
2222 1375 2658 1432 dissimulatione
2695 1378 3017 1435 colludunt.
3064 1390 3121 1433 ut
3153 1395 3251 1434 nec
3281 1395 3497 1451 posses—

1889 1468 2073 1522 siones
2097 1468 2327 1537 petdant
2356 1470 2640 1537 Ecclesiae,
2670 1487 2769 1526 nec
2800 1472 3057 1527 honores.
3092 1472 3159 1525 Et
3183 1473 3408 1539 interea,
3439 1484 3498 1528 ut

1892 1567 1974 1615 tot
1999 1576 2127 1616 suas
2152 1562 2334 1617 velent
2359 1563 2688 1633 itnpietates,
2712 1564 2776 1616 atl
2806 1564 3113 1619 illusionem
3138 1566 3493 1635 singulotum,

1894 1655 2059 1711 veluti
2083 1657 2484 1725 bcttigttissitntc
2510 1657 2710 1713 mentis
2734 1658 2931 1713 indicia
2953 1658 3325 1729 pra-ferentes,
3351 1662 3501 1715 aiunt

203 1749 303 1805 ﬁeri
329 1749 589 1817 ignorat?
642 1748 781 1818 Quid
826 1760 1099 1818 putamus,
1154 1747 1297 1820 quod
1331 1748 1450 1803 sine
1489 1747 1788 1804 offensione
1824 1752 1866 1813 Β
1896 1746 2019 1803 ideo
2070 1764 2132 1805 se
2186 1751 2351 1805 etiam
2400 1752 2673 1806 contraria
2708 1751 3070 1807 sentientibus
3114 1754 3499 1809 ecclesiastica:

205 1840 285 1895 Dei
311 1841 423 1896 hcce
448 1841 503 1896 in
532 1857 687 1896 veros
709 1841 1009 1896 catholicos
1039 1850 1096 1896 et
1139 1842 1191 1896 in
1222 1857 1405 1897 veram
1455 1840 1573 1911 ejus
1604 1841 1790 1897 Eccle-

206 1935 322 1989 siam
350 1943 755 2005 perpetrentur,
811 1952 933 2005 quae
957 1936 1086 1990 olim
1146 1934 1411 1990 adversus
1460 1949 1648 1990 servos
1694 1935 1788 1990 Dei

208 2041 492 2100 perpetrata
564 2030 882 2103 gravissime
953 2030 1153 2087 divinis
1221 2029 1791 2087 animadversionibns

209 2122 452 2179 vindicata
483 2125 654 2179 sunt?
685 2124 753 2179 Et
774 2124 918 2180 unde
947 2133 1077 2180 sunt
1100 2134 1180 2180 tot
1205 2126 1399 2197 plagae,
1424 2126 1620 2196 quibus
1641 2123 1792 2179 orbis

212 2213 466 2271 Romanus
488 2216 735 2286 quatitur
764 2225 818 2271 et
856 2216 1123 2287 urgetur?
1172 2216 1294 2272 Non
1349 2233 1487 2287 opus
1536 2227 1621 2273 est
1649 2231 1792 2272 nunc

210 2323 296 2362 nos
321 2309 528 2380 singula
558 2325 792 2381 quicque
818 2310 1098 2380 plagarum
1121 2325 1430 2375 recensere,
1483 2326 1605 2381 quae
1646 2318 1794 2365 tran-

207 2403 426 2474 quillilas
449 2413 632 2460 vestra
665 2404 1007 2475 recognoscit
1034 2420 1156 2460 cum
1188 2413 1321 2461 aestu
1347 2414 1402 2459 et
1424 2402 1794 2463 sollicitudine

208 2496 403 2565 imperii
435 2498 540 2552 sui.
571 2494 927 2554 Communem
956 2497 1118 2551 istum
1153 2497 1402 2552 dolorem
1446 2496 1533 2552 vel
1565 2495 1794 2552 tacendo

210 2588 523 2660 mitigemus,
557 2604 628 2646 ne
654 2604 762 2644 non
813 2598 925 2643 tam
952 2588 1217 2659 compati,
1266 2604 1427 2661 quam
1477 2588 1797 2645 exulcerare

208 2682 489 2739 videamur.

266 2774 474 2832 XXXII.
539 2778 556 2808 ³
602 2776 715 2834 lloc
744 2790 1080 2847 qutesumus,
1131 2778 1361 2851 piissimi
1410 2780 1792 2849 imperatores,

212 2869 434 2940 cogitare
487 2869 805 2942 dignemini,
857 2871 1059 2942 quibus
1106 2886 1172 2926 ex
1223 2872 1401 2926 causis
1449 2872 1550 2927 ista
1606 2887 1797 2941 prore-

213 2963 365 3017 niaut.
395 2963 588 3020 Utrum
617 2964 744 3035 quia
775 2964 963 3021 ﬁdeles
1017 2965 1161 3020 servi
1212 2966 1435 3033 Christi,
1491 2974 1798 3021 metuentes

212 3055 346 3128 leges
365 3057 594 3122 divinas,
638 3056 831 3113 nolunt
858 3072 981 3113 cum
1022 3056 1331 3112 inﬁdelibus
1358 3057 1676 3123 convenire,
1729 3073 1797 3112 an

1891 1842 2293 1897 communionis
2334 1846 2615 1899 CttltSttl‘liO
2665 1844 2938 1914 copulari,
2988 1861 3055 1899 ne
3108 1845 3307 1900 bonum
3353 1845 3502 1915 pacis

1893 1933 1945 1987 in
1973 1933 2217 1989 Ecclesia
2245 1945 2450 2005 pereat.
2472 1938 2636 2003 Quasi
2662 1953 2790 1993 vero
2822 1937 3129 2007 huiusmodi
3158 1953 3257 2007 pax
3283 1936 3503 1992 Christo

1892 2025 2006 2081 Deo
2038 2027 2271 2097 placeat,
2312 2044 2435 2100 qua:
2466 2030 2529 2083 in‘
2560 2029 2680 2100 ejus
2729 2030 3031 2085 Ecrlesiattt
3083 2037 3261 2085 tantas
3309 2028 3506 2098 recipit

1892 2118 2222 2187 impietates.
2253 2120 2360 2175 Sed
2394 2120 2497 2174 hoc
2526 2122 2618 2190 qui
2648 2122 2720 2175 ita
2752 2130 2956 2191 putant.
2991 2124 3011 2153 ¹
3044 2122 3269 2176 audiant
3294 2120 3406 2175 ἀρε(
3427 2121 3507 2174 ri-

1893 2221 2043 2283 ptum
2074 2230 2087 2265 :
2122 2210 2189 2265 Et
2230 2213 2366 2266 viam
2399 2214 2545 2279 pacis
2576 2230 2679 2268 non
2709 2225 3075 2284 cognouerunt,
3109 2230 3211 2267 non
3247 2223 3322 2268 est
3352 2214 3505 2266 timor

1894 2305 1992 2361 Dei
2018 2317 2136 2362 ante
2177 2309 2356 2363 oculos
2392 2324 2575 2364 eorum
2622 2308 2795 2379 (Psal.
2834 2325 2949 2373 χιιι,
2992 2306 3073 2380 5).
3116 2308 3222 2364 Sed
3263 2309 3507 2377 apertius

1894 2416 2108 2471 quoque
2144 2411 2198 2456 et
2232 2400 2375 2470 apud
2415 2401 2742 2457 Hieremiam
2778 2402 3008 2473 legimus
3032 2402 3053 2433 ³
3077 2402 3147 2457 de
3179 2417 3312 2472 pace
3340 2402 3506 2470 impia

1895 2502 1947 2548 el
1979 2494 2181 2563 iniqua,
2211 2494 2352 2549 sicut
2389 2500 2706 2566 exsequitur
2750 2496 3122 2550 testimonium
3156 2495 3459 2564 subjectum
3490 2513 3502 2547 :

1897 2584 1941 2639 Α
1970 2586 2160 2655 pusillo
2181 2602 2358 2640 eorum
2380 2604 2543 2658 usque
2562 2588 2630 2642 ad
2653 2604 2920 2656 magnum,
2945 2590 3119 2642 cuncti
3142 2597 3509 2659 perpetrarunt

1899 2678 2098 2749 iniqua,
2131 2696 2162 2734 a
2184 2681 2452 2735 sacerdote
2469 2699 2632 2754 usque
2651 2684 2720 2737 ad
2741 2682 3265 2754 pseudOprOphetam,
3287 2682 3513 2736 universi

1898 2774 2097 2843 operati
2123 2784 2242 2829 sunt
2262 2774 2419 2845 falsa,
2450 2787 2496 2829 et
2519 2775 2541 2806 ’⁸
2562 2776 2942 2830 meditabantur
2974 2776 3304 2831 obtritionem
3330 2775 3513 2848 pepuli

1899 2867 2020 2933 mei,
2045 2884 2138 2937 pro
2169 2868 2334 2922 nihilo
2365 2871 2730 2925 constituentes
2752 2880 2799 2924 et
2848 2870 3097 2933 dicentes,
3124 2867 3262 2936 Pax,
3300 2884 3435 2939 pax,
3463 2876 3512 2922 et

1900 2960 1987 3015 ubi
2018 2974 2093 3015 est
2118 2977 2223 3030 pax
2252 2960 2414 3034 (Jer.,
2450 2979 2526 3027 vr,
2560 2963 2687 3035 i5)?
2718 2964 2788 3019 Et
2818 2963 3204 3019 intendendum
3235 2974 3317 3019 est
3347 2978 3508 3034 quam

1903 3056 2105 3110 atrocia
2131 3055 2200 3111 de
2233 3056 2338 3111 illis
2369 3069 2747 3129 prosequatur,
2783 3060 2874 3125 qui
2921 3059 3022 3114 hac
3054 3061 3342 3113 vanissima
3380 3072 3514 3129 pace

213 3151 320 3219 quia
349 3152 454 3207 veri
486 3151 740 3207 catholici
767 3166 798 3205 a
849 3152 999 3207 falsis
1030 3151 1406 3207 sacerdotibus
1459 3152 1803 3207 obteruntur.
1834 3146 1879 3209 C
1912 3147 2234 3218 gloriantur.
2262 3148 2516 3220 Sequitur
2536 3151 2715 3205 enim:
2750 3150 2969 3216 Confusi
2998 3162 3121 3206 sunt
3148 3154 3389 3223 quoniam
3418 3153 3511 3207 de-

215 3244 477 3310 Qnomodo
515 3245 662 3300 enim
705 3260 814 3301 non
844 3243 965 3299 falsi
1016 3247 1330 3301 sacerdotes
1370 3256 1497 3300 sunt
1542 3246 1632 3314 qui
1677 3246 1792 3314 jam

210 3350 306 3391 non
331 3338 502 3394 solum
529 3338 602 3393 ob
624 3353 843 3394 causam
871 3337 1340 3410 pratvaricationis
1367 3352 1528 3406 supra
1577 3339 1797 3405 exposi-

211 3438 310 3485 tam
335 3431 605 3488 devitandi
635 3440 785 3498 sunt,
817 3432 912 3487 sed
953 3434 1113 3487 etiam
1139 3430 1291 3502 quod
1337 3430 1550 3500 plurimi
1598 3431 1798 3500 quique

211 3537 384 3579 eorum
418 3525 669 3597 proprias
696 3527 861 3582 etiam
904 3539 1048 3581 nunc
1098 3523 1337 3579 haereses
1385 3522 1663 3577 vindicant
1696 3521 1798 3576 sub

214 3620 457 3676 ementita
483 3621 625 3694 apud
674 3637 772 3677 vos
827 3620 1078 3677 catholici
1131 3618 1368 3674 nominis
1417 3617 1798 3689 professione?

210 3709 334 3779 Quis
360 3714 502 3769 enim
527 3714 640 3785 jam
671 3714 855 3770 timeat
878 3713 1259 3784 episc0porum
1288 3710 1449 3781 impia
1478 3711 1796 3781 praedicare,

209 3820 327 3861 cum
352 3807 507 3865 toties
537 3810 830 3864 commissa
893 3806 1144 3876 impietas
1194 3806 1452 3862 honorata
1501 3812 1625 3872 est,
1672 3819 1797 3859 cum

209 3900 422 3956 minime
446 3900 702 3971 dejicitur
729 3898 1033 3956 sacerdotio
1060 3899 1084 3952 ἲ
1119 3898 1365 3969 Denique
1394 3911 1518 3953 cum
1565 3897 1674 3951 sint
1703 3895 1800 3951 alii

210 4004 388 4047 eorum
414 3992 762 4065 Origenistai,
794 3993 885 4047 alii
937 3989 1530 4061 Anthropotnorphiue,
1562 3990 1650 4044 alii
1704 4004 1801 4043 au-

213 4095 318 4141 tem
359 4086 689 4158 Apollinaris
732 4085 887 4157 impii
941 4096 1147 4141 sectam
1192 4093 1439 4151 tuentes,
1489 4094 1544 4139 et
1596 4083 1801 4152 triplici

210 4193 375 4238 cuneo
397 4183 487 4237 alii
515 4181 779 4237 adversus
807 4190 1054 4235 sanctum
1080 4178 1338 4249 Spiritum
1356 4178 1583 4234 diversis
1607 4177 1803 4233 studiis

210 4273 664 4345 blasphemantes.
700 4274 808 4331 Sed
850 4284 907 4329 et
952 4274 1053 4343 ipsi
1095 4288 1329 4343 quoque,
1386 4272 1476 4343 qui
1529 4271 1614 4342 pie
1661 4274 1801 4327 inter

207 4385 304 4426 eos
334 4381 579 4440 putantur
608 4368 861 4436 credere,
894 4368 1069 4423 Patris
1095 4376 1149 4421 et
1176 4365 1295 4421 Filii
1342 4376 1397 4421 et
1416 4365 1652 4433 Spiritus
1677 4381 1802 4421 san-

205 4466 276 4519 cti
307 4475 410 4520 tres
434 4480 557 4520 esse
585 4464 921 4521 subStantias
945 4459 1299 4525 vindicantes,
1337 4460 1418 4515 vel
1451 4471 1794 4529 respuentes,

1902 3246 2151 3312 fecerunt,
2188 3252 2234 3297 et
2262 3260 2326 3296 ne
2350 3245 2425 3297 sic
2451 3245 2655 3311 quidem
2677 3248 3031 3313 confusionem
3052 3245 3364 3299 sustinentes
3388 3261 3513 3298 con-

1901 3343 2148 3388 venerunt
2174 3376 2188 3396 .
2214 3344 2260 3389 et
2281 3335 2619 3405 ignominiam
2649 3353 2792 3390 suam
2829 3353 2931 3389 non
2971 3347 3339 3407 coynoverunt.
3374 3335 3507 3390 Pro-

1904 3438 2078 3498 pterea
2109 3428 2289 3482 cadent
2318 3430 2372 3481 in
2412 3429 2568 3483 ruina
2608 3446 2722 3496 sua,
2755 3440 2804 3484 et
2844 3433 2897 3483 in
2924 3441 3150 3500 tempore
3197 3430 3508 3485 uisitationis

1902 3508 2310 3593 inﬁtmabuntur
2340 3520 2659 3594 (lbid.,15).

1974 3612 2218 3669 XXXIV.
2249 3613 2390 3682 Quid
2419 3615 2543 3669 mali
2573 3615 2987 3681 committimus,
3018 3616 3145 3683 quid
3186 3616 3354 3689 impie
3383 3618 3511 3673 faci-

1903 3721 2043 3770 mus,
2073 3708 2118 3761 si
2146 3717 2430 3763 servantes
2456 3708 2616 3763 fidem
2637 3706 2855 3764 Christo
2878 3709 3187 3779 ltujusntodi
3217 3727 3403 3783 pacem
3431 3727 3513 3769 re-

1902 3815 2182 3870 spuamus,
2216 3799 2370 3871 cujus
2396 3810 2541 3855 tanta
2564 3801 2812 3857 confusio
2840 3813 2894 3857 et
2929 3802 3223 3874 ignominia
3248 3805 3509 3873 gravissi-

1904 3895 2086 3966 mique
2113 3896 2294 3951 exitus
2329 3896 2746 3952 describuntur?
2789 3897 2895 3954 Sed
2923 3907 2978 3953 et
3009 3898 3095 3954 isti
3123 3900 3327 3971 egregii
3364 3902 3530 3971 pacis

1902 4000 2171 4045 amatores
2218 3989 2471 4046 ﬁdelibus
2516 3991 2885 4047 sacerdotibus
2938 3992 3138 4049 bellum
3210 3995 3502 4066 exagitant.

1904 4083 2042 4151 Quid
2101 4083 2245 4140 enim
2293 4085 2410 4140 vult
2455 4085 2724 4147 diabolus.
2770 4102 2931 4157 quam
2971 4099 3031 4142 ut
3082 4090 3230 4159 impii
3277 4101 3329 4145 et
3370 4108 3510 4160 prm-

1906 4179 2238 4235 varicatores
2279 4180 2463 4235 saeculi
2500 4197 2630 4248 pace
2658 4181 3003 4252 glorientur?
3037 4182 3174 4249 Quid
3217 4183 3509 4240 enim‘vult

1905 4271 2175 4339 diabolus,
2207 4288 2366 4344 quam
2400 4283 2457 4327 ut
2479 4274 2530 4328 hi
2563 4276 2649 4345 qui
2683 4275 2751 4343 pii
2784 4283 2912 4328 sunt
2942 4283 2998 4327 et
3029 4275 3216 4330 fideles
3248 4276 3505 4332 infestan-

1905 4365 2038 4419 tiutn
2074 4366 2450 4435 persecutione
2478 4367 2777 4421 vexentur?
2807 4365 2932 4420 Haec
2962 4366 3085 4421 ideo
3115 4372 3383 4436 prosecuti
3416 4387 3506 4425 su-

1905 4473 2047 4524 mus,
2084 4474 2151 4512 ne
2190 4474 2286 4528 per
2316 4470 2551 4513 vestram
2588 4459 2945 4529 ignotantiam
2969 4458 3061 4513 diu
3092 4457 3349 4515 fundatur
3376 4479 3504 4517 san-

204 4555 554 4612 nihilominus
596 4556 648 4638 lii
678 4568 869 4609 omnes
897 4552 968 4608 de
1012 4550 1208 4607 vestris
1234 4550 1536 4622 gloriantur
1579 4552 1794 4616 edictis,
1825 4553 1879 4614 D
1901 4550 2020 4621 guis
2047 4548 2481 4607 Chrisﬁanorum
2536 4551 2817 4621 pristinatn
2864 4551 3025 4606 ﬁdem
3074 4553 3502 4609 defendentium.

206 4657 258 4699 ct
280 4646 379 4703 sibi
409 4647 683 4704 Ecclesias
727 4645 1025 4711 vindiCant,
1074 4659 1196 4698 cum
1227 4642 1324 4698 has
1378 4642 1575 4713 impias
1624 4653 1801 4699 sectas

208 4752 387 4809 patres
408 4744 579 4800 nostri
602 4757 821 4809 semper
844 4741 1137 4812 apostolica
1166 4751 1222 4795 et
1264 4738 1575 4809 evangelica
1616 4746 1801 4793 aucto-

207 4834 369 4889 ritate
394 4835 790 4890 damnaverint.
816 4834 964 4900 ans
993 4832 1211 4903 quidem
1236 4847 1377 4886 nunc
1400 4832 1674 4887 discutere
1693 4847 1798 4887 non

204 4940 288 4982 est
317 4931 595 4999 priesentis
619 4928 865 5000 opusculi
895 4943 911 4982 :
940 4930 1033 4984 sed
1064 4934 1272 4982 tantum
1300 4926 1442 4997 quod
1496 4934 1709 4981 moveat
1734 4925 1802 4981 ad

206 5019 485 5080 horrorem
512 5026 781 5080 intentum
805 5038 950 5079 vera:
979 5021 1105 5079 ﬁdei
1132 5022 1371 5077 animum
1412 5031 1687 5089 vestrum,
1718 5020 1802 5075 di-

204 5114 398 5172 cimus.

280 5210 516 5267 XXXIII.
548 5210 686 5279 Una,
718 5219 775 5266 ut
818 5211 1123 5281 opinamur,
1159 5208 1387 5266 haeresis
1427 5207 1566 5279 apud
1602 5206 1802 5263 Arimi-

206 5316 337 5358 num
378 5307 477 5359 sub
507 5304 769 5359 haeretico
818 5318 946 5375 rege
988 5314 1242 5375 suscepta
1283 5313 1390 5368 est,
1419 5312 1473 5358 et
1520 5317 1663 5357 nunc
1706 5302 1808 5356 sub

207 5398 366 5453 vobis
393 5397 494 5468 pits
524 5396 815 5453 catholicis
855 5398 1277 5466 imperatonbus
1310 5406 1390 5451 tot
1419 5395 1656 5453 haereses
1687 5396 1807 5450 vin-

207 5488 474 5559 ditantur,
502 5506 611 5547 non
640 5493 821 5546 minus
843 5491 1045 5562 impiae,
1067 5491 1337 5564 quam'est
1376 5491 1491 5547 Arii
1533 5492 1803 5561 impietas.

210 5581 279 5638 Et
306 5600 428 5643 cum
456 5586 719 5642 adversus
746 5600 807 5641 se
836 5584 1007 5643 libros
1048 5586 1131 5642 vel
1168 5585 1427 5657 epistolas
1459 5586 1657 5658 singuli
1686 5584 1809 5658 qui-

287 5706 303 5737 ⁸
340 5705 436 5762 Ms.
471 5705 581 5762 Sed
608 5706 704 5760 hoc
744 5721 1062 5775 quaesumus.

286 5779 305 5809 ’
334 5776 430 5835 Ms.
454 5778 683 5834 Audiam
708 5778 776 5833 de
802 5795 857 5832 se
877 5778 1146 5849 scriptum.

523 5873 803 5935 Parant.
873 5871 1049 5936 XIII.

1904 4642 2042 4709 Quid
2078 4643 2222 4698 enim
2254 4645 2493 4714 prodest,
2528 4645 2573 4700 si
2616 4647 2733 4699 sitis
2769 4644 3054 4711 catholicae
3084 4646 3205 4702 ﬁdei
3240 4648 3507 4715 vindices,

1904 4747 1960 4791 et
2009 4740 2284 4805 patiamini
2328 4740 2608 4794 catholica:
2657 4742 2775 4795 lidei
2822 4742 3343 4813 διιοιηιοι·ρειιιιὶ(ιιιο
3385 4761 3509 4799 cru-

1904 4832 2071 4886 ciari?
2111 4833 2311 4903 ubique
2342 4833 2605 4897 i-ﬂ‘ugari?
2640 4850 2899 4904 nusquam
2947 4835 3116 4891 libere
3159 4839 3299 4906 piant
3348 4839 3506 4894 ﬁdem

1906 4927 2230 4997 prmdicari?
2273 4928 2514 4985 Habeant
2557 4929 2632 4983 ίιΙὶ
2676 4928 2928 4984 basilicas
2968 4946 3102 4984 auro
3133 4943 3508 4999 corttscantes,

1908 5023 2380 5092 pretiosorutnque
2434 5030 2761 5077 marinorum
2820 5025 3116 5081 ambitione
3147 5037 3386 5091 vestitas,
3421 5027 3508 5083 vel

1912 5126 2124 5171 erectas
2150 5117 2542 5185 magniﬁcentia
2583 5116 2988 5184 columnarum;
3024 5119 3254 5174 habeant
3291 5134 3509 5190 quoque

1914 5217 2196 5276 porrectas
2247 5210 2300 5262 in
2332 5208 2545 5279 longum
2581 5210 2956 5278 posst-ssiones
3001 5212 3071 5265 ob
3101 5228 3234 5281 quas
3278 5224 3329 5265 et
3374 5212 3509 5267 fides

1914 5301 2121 5372 integra
2155 5301 2455 5372 periclitata
2493 5312 2575 5355 est
2606 5319 2619 5355 :
2653 5301 2780 5371 quid
2812 5304 2976 5358 etiam
3005 5305 3114 5359 suis
3148 5306 3513 5373 impietatibus

1920 5396 2195 5451 vindicant
2229 5410 2545 5450 Communes
2572 5394 2832 5451 Romanis
2862 5402 3111 5455 omnibus
3156 5401 3423 5464 civitates,
3458 5408 3518 5455 ut

1921 5491 2193 5547 neminem
2242 5490 2296 5545 in
2343 5489 2428 5543 liis
2476 5490 2561 5561 pie
2589 5492 2773 5548 vivere
2815 5493 3148 5563 permittant,
3177 5494 3230 5550 in
3259 5497 3454 5567 quibus
3487 5515 3517 5554 a

1921 5587 2167 5659 plurimis
2194 5586 2358 5642 etiam
2386 5600 2523 5641 vana
2552 5588 2871 5658 superstitio
2894 5588 3012 5644 sine
3037 5591 3279 5661 periculo
3300 5594 3516 5661 colitur,

1993 5702 2013 5735 ³
2053 5702 2153 5758 Ms.
2185 5700 2265 5757 De
2293 5716 2353 5756 ea
2382 5718 2507 5771 pace
2531 5702 2710 5771 impia.

1994 5773 2016 5804 ⁵
2055 5773 2239 5843 Forte,
2272 5774 2695 5841 medicabantur;
2723 5772 2777 5832 in
2804 5773 3055 5848 Vulgata,
3086 5779 3354 5837 curabant.

2930 5872 2969 5935 [ι
