3998 6346
563 276 670 340 107
1075 317 1080 320 -
1184 270 1619 331 RESCRIPTUM
1661 268 2034 329 THEODOSII
2083 267 2218 329 PRO
2257 267 2598 328 FAUSTINO
2637 267 2728 326 ET
2767 266 3237 326 MARCELLINO.
3743 269 3829 329 €08

562 402 620 450 et
646 392 764 448 sine
795 389 1008 446 illorum
1040 388 1240 445 invidia
1270 389 1610 446 vindicatur?
1640 387 1830 444 Liceat
1854 387 2044 443 saltem
2070 401 2163 443 ve-
2190 392 2240 453 Α
2267 401 2395 442 num
2412 385 2754 456 plenissimos
2767 385 2890 441 ﬁdei
2904 384 3215 441 sacerdotes
3231 382 3561 454 interpellata
3575 383 3828 440 clementia

565 485 736 552 ritati,
783 484 868 540 vel
916 484 1058 540 inter
1088 484 1202 554 ipsa
1229 483 1488 538 vilissima
1539 491 1594 539 et
1632 483 1843 553 abjccta
1875 480 2162 552 praesepia,

566 580 845 636 Christum
872 579 1040 634 Deum
1071 577 1155 647 pie
1181 577 1366 633 colere
1407 593 1471 634 ac
1517 577 1749 633 ﬁdeliter
1791 575 2042 641 adorare,
2076 574 2166 630 ubi

565 682 623 729 et
647 671 940 742 aliquando
970 680 1130 726 natus
1169 671 1466 727 secundum
1496 686 1714 726 carnem
1747 670 1890 725 idem
1921 668 2168 725 Christus

564 768 745 823 infans
769 767 954 836 jacere
977 764 1235 837 dignatus
1261 776 1364 820 est.
1419 765 1533 820 lloc
1580 763 1726 836 quod
1770 765 2024 834 petimus,
2060 778 2168 819 non

564 860 690 917 ideo
719 859 969 930 petimus,
999 860 1154 930 quasi
1182 873 1611 929 expavescamus
1641 873 1738 927 pro
1756 872 1884 914 vero
1911 855 2164 912 interﬁci.

562 954 707 1010 Deus
741 953 895 1009 testis
923 955 1120 1021 est,qui
1165 968 1324 1007 verus
1356 953 1664 1022 speculator
1693 959 1778 1006 est
1804 950 2007 1018 cordis,
2044 950 2170 1021 quia

559 1062 660 1118 per
687 1047 784 1104 Dei
803 1049 1032 1118 gratiam
1059 1047 1214 1102 nobis
1231 1057 1288 1103 et
1316 1061 1585 1102 summum
1610 1044 1952 1117 refrigerium
1977 1054 2084 1110 est,
2115 1051 2171 1100 et

559 1151 710 1198 certa
752 1156 876 1211 spes
905 1140 1098 1196 futurae
1128 1140 1506 1208 beatitudinis,
1539 1141 1584 1196 si
1617 1157 1714 1210 pro
1750 1141 1852 1196 hac
1899 1138 2045 1195 ﬁdeli
2083 1153 2171 1194 as-

559 1234 802 1292 sertione
833 1235 1165 1306 jugulemur.
1214 1233 1330 1290 Non
1379 1249 1510 1306 ergo
1553 1233 1708 1304 quasi
1747 1233 1836 1302 qui
1883 1234 2170 1290 timeamus

559 1325 793 1398 perpeti,
841 1326 963 1382 ideo
1000 1341 1188 1382 sumus
1228 1327 1329 1382 ista
1362 1326 1632 1397 prosecuti
1662 1343 1674 1378 :
1710 1325 1804 1380 sed
1835 1340 1904 1380 ne
1935 1324 2166 1379 aliorum

561 1417 930 1488 itnpietatibus
967 1428 1023 1474 et
1058 1418 1476 1475 crudelitatibus
1516 1418 1737 1490 sanguis
1767 1417 1971 1473 effusus
2013 1415 2168 1472 Chri-

558 1511 862 1567 stianorum
884 1510 975 1566 diu
1006 1511 1310 1581 piissimum
1341 1511 1965 1583 vestrteprincipalitatis
1979 1516 2168 1580 gravet

558 1603 872 1674 imperium.
917 1603 1146 1660 Maxime
1186 1605 1287 1660 sub
1335 1613 1408 1670 te,
1443 1603 1853 1675 religiosissime
1890 1599 2168 1657 Theodosi

557 1705 810 1767 auguste,
835 1697 927 1767 qui
955 1695 1092 1754 mira
1117 1696 1410 1753 devotione
1437 1705 1630 1752 contra
1661 1711 1853 1753 omnes
1875 1694 2166 1751 haereticos

2273 491 2480 548 nostra;
2506 481 2659 536 veriti
2686 495 2893 546 sumus,
2910 496 2977 536 ne
2991 479 3036 534 si
3059 494 3156 550 per
3172 493 3270 532 nos
3284 478 3413 533 nihil
3432 478 3616 534 fuisset
3635 493 3831 549 respon-

2271 591 2392 631 sum
2438 576 2768 646 petentibus.
2799 589 2899 630 nos
2933 573 3247 630 videremur
3285 587 3519 628 annuere
3549 573 3632 638 iis,
3661 574 3740 643 qui
3766 571 3833 628 di-

2274 671 2417 725 vina;
2463 670 2564 742 legi
2593 671 2676 726 cui
2707 670 2999 735 servimus,
3029 678 3217 726 contra
3247 668 3574 739 prOpositum
3620 680 3830 724 nostrum

2272 763 2476 836 aliquid
2504 763 2861 819 addidissent.
2891 762 3070 833 Atque
3096 762 3218 818 ideo
3251 762 3321 818 ita
3365 771 3647 833 utrumque
3674 761 3834 818 mode-

2273 873 2482 923 ramur,
2511 866 2570 912 ut
2600 857 2914 926 petitionem
2943 872 3061 928 qua:
3083 865 3167 912 est
3209 855 3386 912 oblata
3418 843 3754 920 veneremur;
3782 855 3834 910 ﬁ-

2273 951 2358 1005 dei
2391 959 2572 1005 autem
2597 950 2727 1004 nihil
2755 967 2821 1005 ex
2847 959 3036 1005 nostro
3057 950 3284 1004 arbitrio
3302 959 3554 1018 optemus
3572 948 3650 1004 vel
3669 948 3832 1018 jubea-

2272 1060 2394 1100 mus
2447 1044 2690 1116 adjungi.
2725 1044 2894 1099 Nemo
2924 1059 3179 1114 umquam
3231 1051 3337 1097 tam
3386 1040 3621 1112 profante
3665 1043 3833 1098 mentis

2273 1138 2397 1206 fuit,
2449 1137 2543 1210 qui
2598 1153 2720 1193 cunt
2775 1138 2930 1207 sequi
2968 1137 3269 1193 catholicos
3319 1137 3570 1192 doctores
3619 1134 3831 1202 deberet,

2273 1229 2400 1301 quid
2447 1230 2783 1300 sequendum
2829 1230 2901 1285 sit
2929 1229 3246 1285 doctoribus
3277 1229 3393 1300 ipse
3444 1229 3736 1283 constituat.
3781 1227 3836 1283 Et

2273 1339 2405 1380 sane
2436 1322 2735 1394 probabilis
2781 1332 2835 1378 et
2865 1324 3010 1394 justa
3057 1322 3295 1378 laudatio
3333 1337 3549 1392 precum
3597 1331 3693 1386 est,
3735 1335 3834 1391 qua:

2273 1435 2489 1476 onmem
2527 1434 2696 1490 prone
2725 1419 2922 1475 seriem
2951 1418 3229 1474 haeretica:
3275 1416 3691 1487 superstitionis,
3734 1429 3835 1485 qua

2272 1517 2545 1572 contraria
2588 1525 2672 1571 est
2714 1515 2996 1572 catholica:
3028 1515 3173 1580 fidei,
3202 1513 3562 1584 ordinemque
3590 1510 3833 1581 complexa

2273 1618 2377 1667 est.
2423 1609 2558 1665 Nam
2590 1618 2646 1666 et
2676 1608 2820 1664 unde
2848 1616 3060 1676 extorta,
3104 1615 3161 1663 et
3188 1622 3298 1678 quo
3348 1613 3596 1677 provecta
3642 1611 3836 1658 auctore

2272 1705 2463 1761 fuisset
2493 1703 2722 1774 aperuit.
2767 1702 2978 1772 Quippe
3021 1716 3143 1758 cum
3194 1713 3450 1770 persuasu
3493 1696 3832 1770 quorumdam,

556 1788 875 1848 christiana:
912 1789 1195 1861 religionis
1215 1791 1302 1862 pia
1340 1790 1685 1847 confessione
1713 1791 2016 1861 conspiras,
2049 1805 2163 1844 ma-
2194 1801 2243 1863 Β
2269 1800 2434 1855 totius
2465 1797 2649 1852 smculi
2677 1797 3009 1867 antiquitate.
3030 1803 3256 1860 mutata,
3281 1791 3390 1848 acti
3413 1806 3513 1864 pro
3541 1790 3640 1845 fide
3673 1789 3720 1844 in
3753 1802 3832 1842 ει.

557 1899 722 1955 gnum
757 1883 915 1940 nobis
939 1884 1082 1955 apud
1112 1886 1280 1942 Deum
1308 1885 1425 1942 fore
1455 1885 1779 1957 supplicium
1807 1884 2161 1952 credidimus,

555 1977 605 2034 si
635 1977 777 2048 apud
806 1985 861 2032 te
889 1989 998 2032 tam
1019 1977 1357 2050 religiosum,
1388 1988 1494 2034 tam
1527 1979 1834 2049 piissimum
1864 1978 2164 2050 imperato-

559 2085 700 2132 l'etn,
723 2077 782 2126 et
800 2067 1022 2126 Christo
1046 2070 1154 2125 Deo
1176 2069 1362 2125 divino
1388 2086 1451 2126 ac
1477 2071 1789 2141 plenissimo
1820 2071 2018 2126 timore
2043 2083 2166 2124 con-

556 2173 853 2232 secratum,
875 2178 1036 2234 quem
1059 2179 1187 2219 vere
1207 2164 1276 2218 ad
1299 2163 1584 2235 imperium
1613 2165 1753 2219 Deus
1776 2163 2030 2219 Christus
2051 2162 2164 2219 ele-

554 2257 653 2329 git,
683 2273 802 2328 quae
824 2263 953 2312 sunt
974 2272 1116 2313 verae
1139 2256 1262 2313 ﬁdei
1289 2273 1353 2312 ac
1379 2273 1524 2312 vera:
1547 2257 1804 2313 Ecclesia:
1833 2265 2160 2313 taceremus.

553 2347 687 2405 Post
725 2349 825 2405 hoc
852 2365 958 2406 non
986 2351 1336 2421 ambigimus,
1361 2367 1468 2422 quo
1491 2351 1759 2407 sollicitus
1787 2366 1916 2422 agas
1939 2365 2043 2420 qua
2069 2365 2164 2419 pa-

551 2452 636 2500 ter
665 2444 900 2515 imperii,
927 2460 994 2502 ne
1023 2445 1077 2500 in
1104 2446 1237 2501 orbe
1283 2445 1530 2500 Romano
1559 2445 1819 2516 professa:
1854 2444 1976 2500 fidei
2008 2459 2159 2498 cum-

556 2536 940 2606 munionisque
966 2536 1253 2592 sinceritas
1280 2536 1574 2606 afﬁigatur.
1605 2535 1880 2607 Quidquid
1913 2536 1967 2590 in
1997 2550 2162 2590 causa

553 2642 728 2684 sacra:
768 2627 894 2685 ﬁdei
926 2643 990 2684 ac
1020 2629 1284 2700 professa:
1321 2630 1564 2686 veritatis
1592 2630 1831 2685 sanctius
1857 2629 2158 2699 gesseritis,

551 2731 704 2779 tanto
725 2724 1017 2796 gloriosius
1044 2734 1100 2782 et
1140 2725 1228 2780 hic
1255 2734 1310 2782 et
1333 2726 1389 2781 in
1413 2734 1730 2796 perpetuum
1752 2725 1955 2782 Christi
1977 2725 2176 2782 favore'

549 2817 868 2888 regnabitis.
903 2819 1014 2889 Ego
1044 2819 1429 2875 Manceuanus
1463 2821 1778 2893 presbyter,
1821 2829 2016 2890 optans
2046 2818 2161 2874 feli-

547 2909 776 2964 cissimo
805 2910 1038 2981 imperio
1060 2920 1244 2968 vestro
1271 2928 1519 2968 securam
1543 2912 1804 2985 quietem,
1830 2914 1960 2969 etin
1989 2927 2161 2984 regno

550 3001 752 3060 Christi
785 3013 840 3060 et
872 3005 962 3062 Dei
994 3014 1308 3077 perpetuam
1337 3007 1726 3064 beatitudinem
1752 3048 1764 3074 ,
1795 3007 2026 3078 piissimi
2060 3008 2160 3062 im-

545 3106 852 3168 peratores.
890 3098 999 3170 Ego
1046 3099 1372 3169 Fauaruvus,
1406 3103 1498 3172 qui
1546 3117 1656 3157 non
1703 3115 1921 3173 possum
1963 3100 2162 3172 dignus

2269 1890 2449 1945 silium
2495 1890 2836 1954 innocentes,
2865 1886 3032 1942 vitam
3078 1901 3202 1942 cum
3234 1899 3444 1940 summa
3473 1881 3629 1938 laude
3669 1894 3835 1953 posue-

2268 1991 2419 2038 runt.
2452 1981 2560 2038 Sed
2591 1981 2736 2036 circa
2764 1995 2860 2036 eos
2888 1995 2994 2035 non
3019 1987 3106 2050 est
3131 1978 3296 2033 dilata
3331 1977 3485 2041 ultio,
3513 1975 3600 2046 qui
3632 1969 3835 2029 insidiati

2267 2077 2426 2131 bonis
2457 2076 2698 2131 moribus
2745 2083 2800 2130 et
2841 2073 3157 2131 cmlestibus
3191 2073 3479 2136 institutis,
3513 2070 3764 2140 paulisper
3779 2079 3834 2121 et

2265 2169 2642 2236 contentione,
2671 2182 2777 2224 non
2801 2167 2928 2234 ﬁde,
2958 2166 3052 2222 sed
3079 2165 3339 2234 factione,
3360 2164 3644 2219 multorum
3657 2169 3835 2215 mentes

2268 2260 2588 2316 detestanda
2602 2259 2967 2316 insinuatione
2985 2266 3384 2330 perverterent.
3403 2256 3534 2312 Nam
3551 2269 3709 2326 usque
3722 2253 3835 2308 adeo

2267 2356 2664 2425 omnipotentis
2711 2355 2804 2410 Dei
2835 2365 2983 2412 mota
3011 2353 3268 2425 patientia
3312 2363 3418 2419 est,
3464 2363 3520 2408 ut
3551 2365 3697 2422 pinna
3738 2362 3835 2419 quae

2268 2446 2578 2502 criminosis
2609 2458 2730 2516 post
2755 2446 2894 2502 facta
2923 2446 3176 2508 debetur,
3226 2445 3480 2515 exemplo
3525 2442 3693 2499 omnia
3731 2446 3836 2494 ante

2267 2544 2409 2600 facta
2445 2546 2733 2600 sentirent.
2763 2546 2871 2602 Sed
2901 2561 2967 2601 ne
2995 2547 3097 2600 hoc
3125 2545 3343 2616 quidem
3369 2545 3508 2600 facto
3535 2545 3756 2599 converti
3779 2536 3834 2592 ad

2267 2648 2600 2710 praeceptum
2637 2639 2730 2694 Dei
2776 2637 3032 2710 flectique
3079 2647 3413 2710 potuerunt:
3448 2636 3728 2692 catholicos
3761 2645 3835 2687 oc-

2268 2732 2430 2787 cultis
2471 2733 2844 2788 molitiunibus
2871 2740 3083 2803 urgent,
3116 2731 3502 2802 insequuntur,
3534 2731 3830 2800 oppugnant.

2269 2824 2437 2880 Tanta
2471 2825 2871 2894 perseverantia
2905 2825 3111 2880 erroris
3133 2833 3238 2890 est,
3274 2833 3333 2879 ut
3352 2839 3471 2880 cum
3500 2820 3616 2879 aliis
3637 2821 3834 2875 diverse

2268 2917 2632 2973 observantia:
2687 2918 3050 2974 sectatoribus
3096 2917 3346 2988 quotidie
3391 2931 3612 2988 peccare
3652 2911 3831 2973 malint.

2267 3028 2429 3082 quam
2459 3027 2584 3067 cum
2611 3011 2896 3068 catholicis
2925 3021 3072 3068 recta
3103 3013 3331 3067 sentire.
3361 3011 3418 3066 lu
3449 3025 3552 3082 quo
3576 3005 3832 3080 petentium

2269 3105 2540 3160 laudanda
2571 3106 2738 3161 illatlu
2760 3116 2864 3172 est,
2895 3107 2984 3178 qui
3007 3105 3477 3162 communicantes
3495 3101 3742 3174 Gregorio
3759 3097 3833 3152 lli-

548 3191 735 3247 vocari
770 3193 1058 3266 presbyter
1084 3194 1201 3262 Dei,
1237 3206 1431 3267 optans
1462 3205 1521 3252 ut
1563 3204 1619 3251 et
1645 3197 1731 3252 hic
1757 3197 1954 3251 multos
1985 3211 2161 3251 annos
2187 3193 2232 3257 C
2267 3199 2545 3268 spaniensi
2596 3207 2651 3254 et
2700 3198 3006 3254 Heraclida:
3044 3198 3332 3264 Urientali,
3387 3197 3583 3253 sanctis
3627 3205 3744 3249 sane
3783 3203 3834 3242 ac

547 3283 990 3341 clementissima:
1012 3287 1313 3344 divinitatis
1339 3289 1542 3344 auxilio
1587 3289 1820 3345 feliciter
1849 3289 2156 3358 imperctis,

547 3383 606 3432 et
649 3375 704 3432 in
732 3375 914 3434 futuro
939 3376 1141 3435 Christi
1175 3380 1296 3436 Filii
1337 3382 1431 3438 Dei
1461 3397 1628 3453 regno
1657 3392 1977 3454 perpetuam
2028 3397 2155 3438 cum

546 3472 752 3528 sanctis
817 3473 1212 3530 beatitudinem
1276 3476 1707 3546 consequamini,
1770 3476 2156 3548 gloriosissimi

548 3561 928 3634 imperatores.

1167 3734 1543 3775 -οθ-θῦοεε-μ-

730 3859 812 3919 Ad
843 3862 939 3920 has
966 3879 1154 3936 preces
1180 3867 1253 3922 ita
1276 3868 1360 3924 lex
1381 3868 1622 3941 Augusta
1649 3869 1927 3942 respondit
1955 3891 1967 3926 ε

921 4025 1366 4086 RESCRIPTUM
1405 4030 1769 4089 THEODOSII

1295 4161 1397 4203 PRO

707 4277 1314 4347 MARCELLINO
1355 4284 1468 4347 ET
1512 4285 1972 4351 FAUSTINO

1096 4423 1408 4483 PRESBYT
1417 4427 1588 4486 ERIS.

2266 3291 2628 3348 laudabilibus
2648 3293 2942 3364 episcopis,
2971 3303 3159 3363 Optant
3187 3294 3244 3346 in
3291 3292 3398 3348 fide
3443 3289 3694 3347 catholica
3735 3285 3834 3340 sine

2265 3386 2670 3456 oppugnatione
2697 3385 2928 3456 alicujus
2957 3400 3019 3441 ac
3055 3386 3305 3441 molestia
3353 3385 3554 3450 vivere,
3596 3380 3832 3448 nullisque

2264 3487 2636 3555 appetentium
2674 3482 2889 3540 insidiis
2919 3483 3579 3553 circumventionihusque
3613 3474 3788 3549 pulsari
3817 3489 3828 3526 :

2264 3577 2464 3647 quippe
2485 3575 2682 3647 quibus
2727 3577 2938 3647 placeat
2978 3588 3288 3647 susceptam
3319 3575 3489 3632 semel
3533 3571 3684 3628 fidem
3707 3563 3830 3622 omni

2263 3686 2389 3726 cum
2427 3670 2688 3742 religione
2719 3685 2957 3726 servare.
2987 3670 3072 3727 Sit
3119 3672 3304 3740 itaque
3351 3668 3660 3725 inviolatum
3701 3659 3831 3732 quid-

2263 3764 2393 3836 quid
2443 3779 2565 3820 esse
2616 3766 2812 3821 meruit
2840 3774 3123 3820 aeternum.
3157 3763 3276 3820 Non
3320 3762 3602 3819 conventio
3628 3751 3825 3827 aliquid.

2263 3870 2372 3912 non
2395 3858 2682 3927 appetitio,
2714 3871 2820 3913 non
2847 3857 2995 3914 fraus
3025 3865 3254 3913 attentet
3284 3858 3482 3914 aliena.
3505 3853 3722 3912 Utantur
3742 3858 3830 3918 (ιιιο

2263 3949 2321 4004 in
2355 3950 2475 4005 loco
2505 3950 2781 4006 voluerint
2803 3952 3083 4022 proposito
3111 3965 3242 4017 suo;
3286 3961 3511 4006 utantur
3545 3947 3611 4003 ad
3637 3940 3830 4001 catholi-

2261 4055 2379 4096 cam
2415 4041 2575 4097 fidem
2609 4057 2798 4099 amore
2823 4043 3033 4098 divino.
3076 4041 3277 4116 Cynegi
3303 4086 3318 4111 ,
3349 4055 3544 4114 parens
3585 4034 3830 4094 carissime

2261 4143 2317 4189 et
2358 4135 2749 4202 amantissime,
2803 4135 3109 4191 sublimitas
3153 4145 3248 4191 tua
3285 4143 3610 4206 praereptum
3656 4135 3829 4185 nostra?

2259 4227 2570 4282 serenitatis
2596 4243 2703 4298 quo
2728 4227 2888 4283 fidem
2911 4229 3237 4284 catholicam
3267 4231 3419 4284 omni
3436 4229 3614 4283 favore
3629 4231 3825 4279 venera-

2261 4334 2402 4384 mur,
2431 4330 2485 4376 et
2513 4322 2634 4376 sine
2659 4336 2764 4393 qua
2787 4322 2921 4377 salvi
2943 4337 3066 4378 esse
3090 4337 3198 4377 non
3229 4335 3535 4391 possumus,
3565 4319 3634 4374 ita
3661 4313 3828 4385 .juheat

2258 4413 2543 4481 custodiri,
2567 4415 2957 4484 utGregorium
2981 4423 3034 4470 et
3059 4413 3402 4472 Heraclidam
3425 4429 3588 4470 sacrm
3609 4408 3731 4480 legis
3749 4417 3827 4458 an-

2257 4508 2492 4576 tistites,
2547 4522 2885 4579 caeterosque
2935 4523 3122 4565 eorum
3167 4511 3483 4566 consimiles
3528 4501 3820 4564 sacerdotes.

620 4574 800 4671 Salve,
829 4575 1027 4649 Cynegi
1057 4581 1338 4638 carissime
1370 4585 1546 4640 nobis.
1577 4587 1690 4643 Etsi
1723 4591 1872 4646 nulla
1901 4591 2150 4650 humanis
2177 4594 2234 4657 D
2256 4601 2353 4671 qui
2398 4617 2458 4656 se
2481 4574 2646 4671 parili
2672 4574 3039 4657 observantiae
3084 4603 3374 4669 dederunt,
3403 4603 3469 4666 ab
3495 4595 3823 4670 improborum

544 4668 852 4737 pectoribus
865 4671 1037 4740 major
1051 4688 1210 4742 quam
1227 4674 1426 4732 divina:
1438 4677 1574 4748 legis
1585 4679 1747 4736 debet
1760 4697 1886 4738 esse
1898 4699 2152 4742 reveren-

543 4761 637 4827 tia,
659 4777 756 4817 nec
771 4762 929 4834 adjici
947 4765 1237 4836 quidquam
1253 4769 1320 4824 ad
1333 4771 1578 4826 eamdem
1599 4776 1797 4844 possit,
1813 4777 2146 4845 cujusamhi-

541 4854 679 4912 tiosa
712 4859 1043 4928 praestantia,
1076 4863 1260 4916 mundi
1293 4871 1558 4935 terraque
1587 4866 1955 4934 moderatrix,
1984 4887 2148 4928 omne

538 4951 684 5020 quod
717 4951 822 5006 sub
851 4953 1010 5009 nobis
1037 4970 1158 5012 csse
1199 4957 1386 5026 voluit,
1420 4958 1602 5016 favore
1631 4962 2020 5032 omnipotentis
2047 4965 2146 5022 Dei

540 5045 831 5116 propitiata
854 5047 1120 5104 custodit:
1143 5040 1322 5106 tamen
1344 5065 1441 5122 per
1460 5052 1782 5114 Faustinum
1797 5064 1854 5114 et
1874 5057 2146 5117 Marcelli-

2265 4697 2548 4751 hominum
2577 4705 2744 4778 atque.
2767 4697 3146 4753 haereticorum
3181 4707 3397 4754 tueatur
3426 4706 3478 4752 et
3507 4688 3738 4750 defendat
3758 4683 3825 4738 in—

2261 4790 2442 4860 juriis,
2469 4790 2751 4862 sciantque
2775 4793 2953 4847 cuncti
2982 4792 3034 4847 id
3085 4791 3277 4849 sedere
3319 4792 3514 4848 animis
3545 4782 3747 4842 nostris.
3775 4785 3824 4830 ut

2261 4881 2502 4936 cultores
2527 4883 2918 4953 omnipotentis
2958 4883 3054 4941 Dei
3086 4899 3191 4940 non
3221 4883 3373 4940 aliud
3417 4882 3517 4940 nisi
3562 4871 3823 4936 catholicos

2259 4988 2383 5031 esse
2406 4975 2709 5032 credamus.
