3998 6346
256 277 342 335 109
1322 324 1327 329 -
1421 290 1735 352 SANG‘I‘US
1772 293 1827 350 ΒΑ

1932 294 2099 354 Αδυϐ
2138 295 2342 352 ΡΑΡΑ.
2388 289 2397 299 ’
3427 307 3446 359 l
3466 308 3529 364 ll)

277 406 3469 463 mw

1414 541 1600 597 ANNO
1639 540 1881 600 DOMINI
1918 541 2338 599 CCCLXXXIV.

603 688 1736 993 seuerus
1848 602 3117 926 pAMASUs.

1408 986 2344 1074 PROLEGOMENA.

1171 1318 1709 1394 EPISTULA
1789 1316 2581 1393 DEDICATOBIA.

241 1449 455 1520 Joupho
489 1452 762 1508 Dominico
811 1454 875 1510 de
912 1454 1201 1528 Lamberin
1243 1456 1304 1511 S.
1338 1456 1405 1510 R.
1442 1456 1508 1511 E.
1545 1454 1819 1521 cardinali,
1854 1453 1907 1515 Α
1933 1455 2105 1524 ipsum
2133 1453 2421 1509 clementia
2452 1455 2651 1510 eximia
2682 1468 2746 1510 ac
2768 1454 3061 1525 singularis
3083 1499 3097 1523 ,
3128 1465 3187 1512 ut
3211 1472 3407 1515 munus
3432 1456 3538 1516 hoc

299 1545 538 1615 episcopo
580 1554 627 1600 et
669 1545 893 1618 principi
941 1545 1295 1615 Passavicnsi,
1320 1546 1573 1603 Antonius
1606 1546 1684 1603 M.
1717 1546 1829 1602 Mc-

301 1637 462 1692 renda
482 1638 799 1707 felicitatem.

297 1730 449 1798 ρηοά
474 1745 721 1786 summos
744 1732 909 1788 etiam
936 1734 1085 1789 viros
1114 1732 1345 1804 publicis
1375 1736 1694 1792 muneribus
1729 1750 1826 1791 oc-

239 1832 453 1893 cupatos
478 1823 716 1879 studium
752 1825 990 1882 tenuisse
1021 1828 1366 1894 accepimus,
1402 1837 1460 1882 ut
1489 1828 1826 1883 vacationem

240 1930 413 1969 eorum
456 1924 620 1986 atque
669 1918 842 1973 otium
873 1930 1371 1989 consequerentur,
1403 1920 1699 1989 aliquando
1733 1935 1830 1977 cu-

240 2008 306 2062 ris
332 2008 440 2064 illis
468 2009 657 2072 liberi,
683 2020 847 2081 atque
869 2013 1134 2079 absoluti;
1172 2013 1311 2069 idem
1338 2015 1569 2071 subiisse
1589 2016 1827 2071 animum

243 2116 406 2154 meum
427 2101 651 2157 difﬁteri
675 2119 781 2158 non
813 2119 1033 2173 possunt
1053 2147 1067 2172 ,
1092 2120 1215 2160 cum
1242 2104 1602 2175 dijudicandis
1629 2108 1685 2162 in
1712 2107 1830 2163 foro

244 2194 444 2257 litibus,
472 2205 636 2262 atque
665 2195 979 2265 hujusmodi
1025 2198 1474 2267 occupationibus
1511 2197 1826 2255 distinerer.

245 2285 348 2353 Quo
372 2286 589 2355 quidem
615 2298 861 2365 tempore
880 2304 1003 2345 cum
1030 2290 1351 2345 suavissima
1382 2290 1472 2346 illa
1502 2292 1832 2363 cogitatione

245 2378 394 2434 futuri
421 2382 516 2436 Otii
558 2381 896 2448 delectarer,
943 2400 1151 2441 mecum
1186 2385 1348 2441 etiam
1391 2387 1576 2441 animo
1615 2394 1833 2456 reputa-

242 2473 353 2527 bam
375 2515 389 2539 ,
420 2491 540 2545 quae
565 2486 715 2531 esset
734 2478 978 2532 omnium
1006 2479 1208 2548 optima
1240 2480 1293 2533 in
1316 2478 1587 2550 reliquam
1610 2488 1828 2536 aetatem

242 2568 373 2622 ratio
420 2569 542 2624 vitae
591 2569 980 2637 instituendas,
1033 2581 1087 2627 et
1136 2573 1403 2640 temporis
1455 2573 1769 2629 traducendi
1814 2591 1827 2627 :

238 2672 458 2730 cumque
485 2660 618 2716 nihil
649 2660 848 2717 melius
874 2674 1223 2725 occurreret,
1250 2680 1415 2734 quam
1446 2665 1511 2719 ad
1541 2681 1602 2719 ca
1634 2666 1832 2722 reverti

234 2754 402 2808 studia
426 2796 441 2819 ,
469 2772 622 2827 quae,
653 2757 758 2813 etsi
788 2767 1009 2815 coactus
1035 2759 1465 2839 intermiseram,
1499 2760 1828 2819 retinuerant

1932 1546 2325 1617 qualecumque
2351 1561 2460 1602 non
2486 1549 2819 1618 asperneris.
2848 1546 3082 1604 Habebis
3124 1549 3175 1604 id
3207 1551 3440 1618 saltem,
3486 1553 3535 1607 si

1931 1638 2045 1693 ulln
2072 1646 2315 1708 tempore
2343 1654 2372 1692 a
2398 1640 2627 1710 negotiis
2662 1640 2940 1712 fatigatum
2960 1643 3200 1697 animum
3230 1644 3335 1699 huc
3360 1655 3540 1699 trans-

1932 1734 2076 1788 feras
2101 1772 2116 1797 ,
2149 1742 2206 1788 ut
2237 1734 2527 1806 imaginem
2560 1735 2726 1791 veluti
2756 1751 2969 1790 morum
3024 1744 3243 1791 tuorum
3273 1722 3540 1792 intuearis

1935 1826 1987 1879 in
2022 1826 2380 1881 sanctissimis
2418 1843 2606 1882 eorum
2651 1836 2956 1895 temporum
2988 1828 3240 1883 Patribus
3264 1870 3278 1894 ,
3308 1844 3539 1899 quorum

1928 1917 2003 1973 ibi
2029 1919 2231 1975 mentio
2253 1927 2365 1987 est;
2395 1921 2740 1992 gaudensque
2764 1922 2966 1976 nullam
2992 1936 3113 1977 esse
3142 1922 3385 1988 laudem,
3418 1937 3541 1991 qua:

1934 2026 2040 2066 non
2081 2012 2240 2067 fuerit
2270 2028 2299 2068 a
2331 2022 2384 2068 te
2428 2028 2704 2082 expressa,
2748 2014 2863 2069 sive
2894 2029 3104 2069 morum
3152 2014 3537 2084 integritatem,

1930 2105 2046 2161 sive
2102 2106 2482 2162 liberalitatem
2528 2108 2581 2162 in
2628 2121 2929 2177 pauperes,
2984 2108 3099 2163 sive
3146 2107 3428 2177 religionis
3475 2122 3539 2162 ac

1933 2201 2234 2272 disciplina:
2276 2202 2551 2269 studium,
2596 2204 2647 2257 in
2682 2202 2879 2258 aedium
2925 2217 3204 2259 sacrarum
3247 2203 3543 2274 splendore

1933 2295 2272 2350 restituendo
2294 2334 2310 2363 ,
2342 2304 2507 2365 atque
2532 2294 2916 2365 amplificando
2942 2310 3129 2351 curam
3154 2337 3168 2361 ,
3194 2296 3547 2367 magniﬁcen-

1935 2387 2063 2442 tiam
2085 2388 2139 2443 in
2172 2388 2271 2457 piis
2293 2388 2641 2445 instituendis
2666 2386 3065 2456 fundaudisque
3086 2390 3345 2458 operibus
3392 2398 3544 2445 tanta

1934 2498 2056 2537 cum
2090 2480 2365 2551 largitate,
2394 2496 2458 2536 ac
2481 2480 2762 2551 religionis
2789 2480 2933 2536 bono
2952 2522 2967 2548 ,
2997 2482 3349 2552 gravissimos
3372 2484 3424 2537 in
3457 2482 3540 2537 la-

1936 2574 2143 2630 tissima
2191 2573 2413 2630 dioecesi
2464 2573 2839 2643 perlustranda
2895 2574 3154 2642 labores,
3201 2589 3324 2630 cum
3374 2575 3541 2631 animi

1933 2667 2215 2723 alacritate
2249 2667 2601 2737 conjunctos,
2636 2669 2690 2723 in
2739 2668 2953 2738 populis
2993 2668 3226 2737 denique
3265 2669 3333 2724 ad
3378 2670 3542 2725 ﬁdem

1936 2774 2257 2831 morumque
2307 2769 2576 2831 praecepta
2632 2759 2945 2815 erudiendis
3003 2760 3316 2830 patientiam
3378 2771 3545 2831 atque

234 2856 409 2903 tamen
436 2851 621 2903 animo
646 2864 867 2920 semper
885 2893 898 2917 ,
942 2854 1081 2921 cmpi
1109 2853 1273 2907 etiam
1299 2854 1656 2924 cogitationes
1685 2870 1834 2910 meas
1864 2845 1912 2906 B
1938 2855 2293 2909 conStantiam
2310 2896 2325 2919 ,
2348 2854 2623 2910 uberrimo
2644 2870 2777 2909 sane
2798 2854 3094 2925 singularis
3115 2855 3266 2923 ejus,
3296 2871 3454 2925 quam
3477 2872 3547 2912 ex

230 2947 288 2994 et
332 2954 490 2995 curas
537 2941 606 2996 ad
648 2942 1085 3013 comparandam
1146 2946 1512 3001 necessariam
1570 2947 1832 3003 librorum

227 3033 622 3098 supellectilem
673 3051 949 3094 revocare.
997 3038 1160 3100 lleec,
1211 3039 1645 3096 eminentissime
1678 3041 1832 3110 prin-

224 3139 394 3194 ceps,
430 3138 483 3181 tu
533 3143 641 3182 non
682 3128 929 3199 ignoras,
964 3129 1055 3199 qui
1087 3131 1286 3185 litteris
1328 3132 1584 3201 juvandis
1629 3144 1786 3188 natus
1813 3175 1830 3201 ,

226 3216 355 3272 huic
385 3234 506 3274 meo
531 3222 685 3290 quasi
719 3222 1038 3278 instruendo
1066 3221 1233 3277 futtdu
1266 3224 1597 3280 liberalitate
1621 3234 1709 3281 tua
1736 3226 1834 3282 ad-

218 3308 409 3375 fuisti,
438 3324 492 3367 et
524 3314 576 3366 in
611 3313 877 3382 reliquam
906 3324 1118 3369 inlatam
1150 3332 1326 3372 meam
1354 3318 1639 3375 consulere
1668 3330 1725 3391 ut
1753 3321 1832 3375 l'a-

215 3405 385 3461 cilius
430 3424 680 3476 possem,
721 3408 966 3464 etl‘ecisti.
1015 3410 1377 3477 Quamobrem
1419 3413 1464 3468 si
1495 3414 1617 3483 quis
1660 3429 1729 3469 ex
1764 3429 1830 3469 eo

213 3497 433 3555 fructus
462 3501 698 3567 exstitit,
730 3511 824 3557 aut
853 3503 901 3558 si
926 3504 1095 3560 otium
1136 3505 1363 3574 adeptus
1405 3507 1591 3562 conari
1622 3507 1829 3579 aliquid

215 3596 406 3661 potui,
434 3596 662 3666 primum
692 3598 931 3652 omnium
959 3599 1055 3653 tibi
1080 3600 1285 3669 optimo
1307 3599 1431 3669 jure
1456 3600 1705 3657 debetur.
1734 3607 1828 3658 At-

212 3702 332 3753 que
352 3687 404 3743 id
429 3690 769 3759 potissimum
792 3700 912 3758 est,
942 3693 1084 3763 quod
1114 3710 1257 3748 ntmc
1279 3694 1449 3750 ollero
1472 3697 1563 3750 tibi
1593 3697 1829 3752 nomini-

213 3794 331 3848 que
374 3791 465 3837 tuo
494 3783 755 3854 inscribo.
796 3785 929 3840 Cum
962 3786 1107 3841 enint
1142 3786 1190 3842 id
1216 3827 1231 3851 ,
1275 3789 1419 3857 quod
1448 3790 1694 3844 volebam
1715 3833 1730 3857 ,
1766 3790 1827 3844 li-

211 3870 416 3929 berum
468 3885 681 3947 tempus
726 3892 1061 3949 vacuumque
1105 3888 1416 3947 assecutus,
1454 3882 1709 3937 nonnulla
1757 3898 1825 3938 ex

211 3968 590 4025 ecclesiastica
638 3970 872 4025 Historia
895 3962 1064 4041 ,qua:
1100 3972 1326 4027 aliorum
1356 3972 1690 4044 diligentiam
1736 3974 1823 4029 [ιιι

214 4060 399 4128 gisse,
424 4062 503 4117 vel
534 4061 789 4118 fefellisse
815 4076 1017 4119 rectam
1041 4063 1542 4133 interpretationem
1571 4068 1825 4124 videban-

217 4161 350 4221 tur,
377 4155 759 4229 collegissent:
793 4158 993 4214 deinde
1020 4158 1085 4213 ad
1115 4159 1328 4213 Damasi
1360 4175 1524 4229 Opera
1563 4177 1825 4233 recogno-

1939 2954 2251 3000 sanctorum
2316 2945 2577 3014 Patrum,
2633 2955 2798 3018 atque
2853 2951 3211 3017 interpretum
3264 2963 3545 3005 sacrorum

1939 3037 2172 3094 lectione
2218 3037 2482 3106 hausisti,
2517 3040 2842 3094 eruditionis
2884 3039 3063 3095 fructu
3096 3058 3108 3093 :
3153 3055 3290 3112 quas
3319 3057 3422 3113 ego
3453 3057 3543 3098 res

1938 3131 2191 3201 persequi
2219 3130 2390 3186 fusius
2419 3145 2633 3200 possem
2653 3173 2667 3195 ,
2700 3132 2791 3202 qui
2819 3146 2915 3187 eas
2945 3146 3053 3186 non
3080 3132 3244 3187 modo
3268 3133 3544 3190 audiendo

1935 3224 2280 3293 cognoverim
2299 3264 2313 3290 ,
2342 3224 2440 3279 sed
2469 3223 2638 3278 oculis
2662 3223 2860 3278 multas
2883 3225 3254 3294 usurpaverim
3276 3264 3292 3292 ,
3326 3225 3428 3280 nisi
3452 3242 3540 3283 me

1935 3328 2027 3374 tua
2069 3319 2285 3389 egregia
2327 3331 2391 3374 ac
2434 3318 2731 3388 singularis
2775 3317 3039 3373 modestia
3080 3329 3394 3385 revocaret,
3430 3334 3535 3389 qua

1933 3411 2123 3467 laudes
2166 3427 2288 3466 cum
2325 3412 2616 3477 merearis,
2666 3410 2719 3464 in
2768 3420 2820 3464 te
2851 3410 3084 3465 conferri
3115 3426 3221 3466 non
3250 3411 3384 3466 sinis
3409 3452 3423 3477 ,
3470 3426 3535 3467 ac

1935 3503 2218 3572 pnedicari
2244 3517 2612 3579 {quamquam
2646 3501 2775 3555 nihil
2802 3516 3026 3557 necesse
3054 3511 3165 3570 est,
3194 3519 3315 3557 cum
3342 3504 3426 3558 vel
3448 3518 3538 3559 me

1936 3606 2148 3651 tacente
2180 3595 2424 3651 historia:
2474 3596 2795 3664 loquantur,
2829 3609 2893 3650 ac
2931 3594 3142 3664 publica
3184 3606 3537 3653 monumenta

1932 3695 2275 3757 posterorum
2309 3688 2586 3742 tnetnorite
2612 3688 2951 3757 consignata.
2988 3686 3163 3743 Unum
3200 3697 3379 3744 tamen
3414 3701 3495 3744 cst
3521 3731 3536 3756 ,

1932 3780 2077 3851 quod
2109 3782 2385 3851 praeterire
2414 3781 2637 3836 omnino
2667 3796 2773 3834 non
2798 3796 3016 3851 possunt
3040 3824 3053 3845 ,
3084 3781 3357 3837 excelsam
3387 3783 3534 3838 illam

1931 3874 2095 3928 animi
2128 3873 2553 3945 magnitudinem
2600 3880 2761 3944 atque
2788 3874 3186 3942 constantiam,
3216 3891 3321 3947 qua
3370 3886 3421 3929 tu
3464 3875 3534 3931 ad

1931 3966 2399 4038 Salisburgensem
2425 3968 2601 4038 magni
2628 3968 2678 4021 in
2707 3966 2998 4023 Germania
3021 3968 3258 4024 nominis
3280 3976 3334 4023 et
3354 3968 3533 4039 digni-

1932 4058 2055 4113 tatis
2077 4059 2259 4115 sedem
2283 4072 2539 4115 evocatus
2558 4100 2574 4124 ,
2604 4072 2795 4129 sponte
2820 4060 3030 4117 cessisti
3056 4061 3167 4130 juri
3196 4070 3288 4116 tuo
3309 4102 3324 4129 ,
3354 4062 3531 4117 admio

1929 4153 2208 4224 randuque
2260 4155 2511 4210 omnibus
2565 4154 2857 4226 exemplo,
2918 4156 3067 4226 pacis
3119 4163 3177 4212 et
3222 4157 3531 4213 concordia:

218 4240 516 4305 scenda‘et
572 4267 662 4306 res
706 4252 1056 4321 explicandas
1090 4269 1176 4309 me
1206 4256 1629 4319 convertissem,
1661 4267 1823 4327 atque
1928 4247 2164 4303 SlUdiUl"
2192 4291 2207 4315 ν
2255 4249 2540 4304 οοῐηιηοάο
2605 4259 2661 4305 ει
2719 4249 2911 4306 honori
2964 4259 3055 4305 ιυο
3129 4250 3528 4318 alHelm-illis“.

220 4334 301 4391 ita
336 4342 400 4397 ab
438 4343 707 4399 immenso
748 4345 841 4400 illo
888 4348 1064 4415 spatio
1107 4331 1173 4401 ini
1201 4346 1301 4402 hoc
1331 4349 1609 4420 angustius
1645 4349 1818 4404 studia

223 4435 617 4490 contraxissent
637 4450 776 4504 mea,
801 4439 1117 4507 opusculum
1141 4440 1396 4511 paulatim
1425 4441 1652 4506 exstitit,
1678 4442 1821 4512 quod

228 4537 343 4578 non
371 4527 550 4584 inutile
579 4528 693 4585 lore
718 4531 971 4598 omnino,
997 4531 1041 4585 si
1069 4530 1121 4586 in
1154 4532 1330 4587 lucem
1364 4542 1823 4604 prospectumque

230 4615 503 4677 hominum
533 4622 775 4688 veniret,
808 4625 1086 4692 nonnulli,
1116 4625 1314 4696 quibus
1356 4626 1408 4681 id
1431 4628 1780 4683 ostenderam
1805 4667 1820 4693 ,

226 4707 643 4777 iudicaverunt:
690 4717 1055 4787 repugnabam
1088 4720 1373 4789 equidem,
1418 4738 1592 4793 neque
1634 4738 1824 4779 eorum

226 4803 427 4874 judicio
469 4811 882 4880 acquiescebam
913 4825 1038 4869 eum
1084 4813 1284 4869 multas
1329 4814 1401 4870 ob
1440 4829 1666 4879 causas,
1713 4826 1825 4871 tum

230 4902 375 4970 quod
392 4913 508 4959 erat
532 4904 780 4960 delicatae
804 4903 961 4974 hujus
981 4906 1154 4960 aetatis
1175 4906 1516 4962 subeundum
1534 4908 1819 4976 judicium.

234 4989 304 5047 Ut
332 4999 572 5053 vincerer
600 5005 780 5052 tamen
809 4998 1099 5068 aliquando
1121 5040 1135 5065 ,
1167 5010 1330 5069 atque
1355 5000 1470 5055 hinc
1491 5001 1823 5071 evulgarem,

236 5084 367 5142 illud
408 5106 489 5145 me
539 5091 814 5161 praecipue
862 5090 1108 5162 impulit,
1161 5102 1219 5146 nt
1264 5094 1624 5148 observantia:
1673 5096 1726 5148 in
1774 5103 1827 5149 te

236 5196 370 5239 mea:
410 5194 788 5255 argumentum
831 5195 1071 5242 exstaret
1101 5187 1337 5254 aliquod,
1374 5188 1622 5258 gratique
1657 5188 1825 5242 animi

236 5288 543 5347 perpetuum
578 5281 942 5335 testimonium
972 5292 1049 5337 tot
1075 5284 1344 5353 tantisque
1377 5283 1656 5338 beneﬁciis
1678 5284 1830 5339 debi-

236 5378 375 5439 tum,
398 5373 590 5443 quibus
618 5390 705 5429 me
726 5417 739 5442 ,
769 5376 1105 5447 gentilesque
1129 5392 1278 5433 meos
1300 5418 1314 5443 ,
1340 5392 1461 5431 cum
1496 5376 1829 5434 Vindnbonae

236 5477 263 5516 a
308 5467 705 5537 cognitionibus
759 5485 934 5525 essent
985 5485 1271 5526 causarum
1329 5472 1826 5528 ecclesiasticarum

238 5557 558 5625 Apostolicm
583 5562 870 5631 legationis
895 5564 996 5618 sub
1038 5564 1360 5621 immortalis
1400 5567 1683 5629 memoria:
1709 5565 1830 5622 viro

240 5651 495 5710 cardinali
520 5654 855 5729 Hieronymo
882 5655 1193 5725 Grimalde,
1220 5660 1478 5727 virtutum
1503 5660 1667 5715 etiam
1713 5669 1831 5714 tua-

242 5757 356 5799 rum
384 5755 518 5804 teste
541 5748 670 5803 olim
696 5750 1030 5818 amplissimo
1048 5790 1062 5815 ,
1093 5752 1398 5807 cumulasti.
1432 5752 1541 5808 Nec
1572 5767 1706 5808 vero
1728 5752 1832 5806 dif-

244 5836 378 5908 lido,
400 5830 518 5912 quae
539 5848 637 5897 tua
672 5841 726 5897 in
753 5854 944 5901 omnes
972 5841 1282 5902 humanitas
1312 5853 1430 5914 est,
1458 5853 1623 5915 atque
1660 5845 1713 5901 in
1744 5857 1833 5903 me

1930 4342 2168 4396 maxime
2194 4342 2321 4398 licet
2366 4342 2631 4399 bonorum
2672 4356 2905 4397 llltBt'Ol‘e
2932 4382 2947 4408 ,
2982 4343 3071 4411 qui
3100 4340 3531 4396 administratio-

1926 4448 2051 4488 nem
2082 4444 2224 4487 tuam
2273 4434 2623 4504 amplis‘simac
2669 4433 2742 4489 illi
2790 4432 3056 4489 Ecclesia:
3103 4433 3331 4503 utilem,
3364 4445 3531 4507 atque

1926 4528 2289 4582 necessariam
2336 4528 2772 4593 arbitrabantur,
2821 4526 2916 4583 sed
2961 4528 3217 4583 nimirum
3250 4530 3530 4587 insederat

1926 4621 2109 4674 animo
2141 4630 2231 4675 tuo
2261 4620 2553 4677 Clementis
2586 4620 2719 4676 illud
2750 4620 3091 4678 Sanctissimi
3118 4620 3377 4677 Romanae
3417 4624 3527 4680 Ec-

1926 4711 2104 4769 clesize
2136 4713 2385 4783 Episcopi
2432 4732 2443 4767 :
2485 4716 2571 4784 qui
2599 4731 2897 4786 generosus,
2950 4717 3035 4786 qui
3080 4717 3394 4784 misericors,
3435 4720 3527 4788 qui

1928 4812 2195 4866 charitatis
2240 4811 2445 4883 plenus,
2494 4811 2651 4879 dicat,
2700 4812 2747 4867 si
2792 4820 3001 4883 prapter
3045 4827 3125 4866 me
3164 4812 3445 4878 discordia,
3479 4823 3528 4867 et

1928 4907 2150 4961 schisma
2175 4950 2188 4972 ,
2220 4908 2427 4961 discedo
2449 4949 2464 4973 ,
2495 4907 2619 4960 abeo
2652 4923 2670 4960 .·
2702 4907 2870 4960 solum
2907 4906 3038 4960 ovile
3086 4903 3278 4961 Christi
3306 4908 3359 4960 in
3400 4923 3527 4977 pace

1930 5003 2080 5075 degat
2112 5019 2224 5055 cum
2254 5002 2542 5056 constitutis
2565 5000 2869 5072 presbyteris
2892 5042 2905 5067 ,
2928 5010 3078 5070 atque
3100 4999 3195 5055 hoc
3215 5002 3303 5072 qui
3324 5001 3524 5072 fecerit,

1930 5094 2027 5147 sibi
2086 5109 2328 5165 maguum
2377 5093 2530 5147 decus
2582 5093 2633 5145 in
2686 5091 2909 5146 Domino
2958 5092 3309 5161 comparabit;
3363 5107 3522 5159 quam

1932 5189 2243 5259 praeclaram
2280 5203 2465 5242 vocem
2500 5187 2643 5241 idem
2675 5186 2817 5241 facto
2849 5202 2945 5240 suo
2975 5187 3358 5256 comprobasse
3394 5185 3529 5241 dici-

1934 5289 2021 5336 tur
2043 5323 2056 5347 ,
2092 5280 2276 5351 primae
2300 5283 2541 5336 omnium
2572 5276 2727 5336 Sedis
2750 5280 2986 5346 honore,
3013 5295 3074 5334 ac
3096 5280 3354 5349 dignitate
3376 5279 3529 5335 abdi-

1932 5387 2049 5431 cata
2071 5416 2084 5441 ,
2117 5386 2177 5429 ut
2195 5377 2335 5430 alter
2362 5391 2478 5429 eam
2513 5376 2625 5445 part
2654 5376 2943 5431 sanctitate
2969 5373 3210 5444 pontifex
3235 5373 3525 5441 obtineret,

1932 5476 2195 5538 partuque
2223 5467 2560 5537 Optatissima
2587 5480 2717 5535 pace
2743 5466 3169 5521 administraret.
3193 5463 3308 5518 Non
3334 5466 3527 5536 exigua

1936 5559 2053 5614 haec
2100 5560 2218 5615 laus
2267 5569 2385 5627 est,
2433 5560 2530 5616 sed
2575 5575 2800 5631 magna,
2849 5568 3012 5629 atque
3041 5557 3335 5628 praeclara;
3367 5574 3529 5629 quam

1936 5670 2058 5709 cum
2084 5655 2458 5711 sanctissimus
2486 5655 2623 5712 alter
2646 5654 2742 5711 Vir
2764 5653 3136 5709 Nazianzenus
3161 5654 3531 5723 aemularetur,

1938 5750 2190 5818 dolebat,
2240 5766 2575 5822 nequaquam
2606 5750 2739 5804 satis
2769 5749 2969 5804 multos
3010 5748 3278 5815 inveniri,
3326 5750 3454 5820 qui,
3488 5750 3534 5803 si

1939 5841 2155 5913 quando
2186 5843 2389 5900 utilitas
2414 5842 2783 5901 Ecclesiarum
2822 5838 2877 5898 id
2904 5840 3179 5913 postulare
3214 5840 3501 5901 videbatur
3526 5877 3541 5909 ,
