3998 6350
525 227 623 283 Ml

1728 221 2044 282 SANCTUS
2082 223 2408 287 DAMASUS
2447 229 2651 288 PAPA.
3717 237 3799 295 lli

514 339 677 395 sedes
698 353 824 394 suas
848 338 1250 411 relinquerent,
1273 339 1582 412 adeptoqne
1628 337 1822 396 honori
1860 351 1915 396 et
1945 341 2119 411 digni-
2149 343 2196 402 Α
2223 355 2430 410 vertat,
2464 346 2559 401 tibi
2578 387 2593 412 ,
2645 347 2902 418 princeps
2947 346 3396 419 eminentissime,
3450 364 3576 406 cum
3606 353 3794 408 omnino

518 431 620 486 tati
658 433 1050 487 renuntiarent.
1090 433 1427 504 Quamquam
1473 433 1525 486 in
1558 441 1649 487 tuo
1681 432 1773 487 illo
1803 431 1948 487 iacto
1978 434 2120 487 divi-

515 540 643 580 nam
673 525 833 581 theo
858 527 1031 596 palam
1057 540 1179 582 esse
1208 526 1539 582 declaratam
1569 527 1925 596 sapientiam,
1956 538 2120 598 atque

2226 435 2359 494 illud
2389 438 2653 494 debeatur
2684 455 2714 494 a
2746 456 2834 495 me
2857 482 2871 505 ,
2903 455 3026 496 cum
3053 456 3264 498 summa
3295 441 3609 500 humanitas
3631 461 3688 501 ac
3709 446 3794 502 cle-

2226 531 2428 586 mentia
2462 543 2549 588 tua
2597 535 2651 588 in
2682 549 2834 604 spem
2866 551 2953 590 me
2993 536 3256 604 adducat,
3288 554 3394 594 non
3441 537 3548 594 hoc
3591 539 3796 596 futurum

515 619 802 674 consilium
837 636 850 673 :
900 635 1073 691 neque
1103 621 1247 676 enim
1277 621 1393 676 lleri
1436 631 1678 692 poterat,
1713 623 1840 691 quin
1886 621 1954 688 ii,
1993 622 2114 691 (ιυί-
2189 626 2497 708 'Iingratum
2530 628 2660 696 tibi,
2692 630 2897 686 nomini
2928 640 3020 686 tuo
3051 631 3243 687 lubens
3269 631 3373 697 do,
3410 631 3541 688 dico
3565 675 3582 701 ,
3612 633 3798 690 dedico-

515 710 620 766 bus
669 713 997 780 praefueras,
1044 714 1227 770 animo
1272 714 1556 783 dolerent,
1610 731 1673 771 ac
1712 725 2115 787 quererentur,
2166 724 2189 790 ,τ
2224 738 2332 793 que
2382 740 2397 778 :
2451 732 2697 792 precatus
2739 725 2809 778 ad
2854 733 3160 781 extremum
3209 726 3273 782 D.
3321 725 3387 782 Ο.
3442 725 3554 793 M.,
3603 736 3660 782 ut
3699 743 3796 784 cum

513 803 675 860 avelli
699 820 728 859 τι
754 821 812 861 se
841 816 1112 876 pastorem
1139 807 1288 862 illum
1311 850 1327 875 ,
1359 824 1424 864 ac
1450 810 1747 881 principem
1765 839 1786 880 ,-
1810 825 1919 882 quo
1942 827 2118 882 neque
2134 833 2159 900 ’θ
2224 818 2628 874 sanctissimum
2663 820 2974 891 pomilit-em
2995 820 3148 876 illum
3175 863 3190 888 ,
3221 822 3379 890 cujus
3401 821 3511 878 edo
3546 836 3733 893 opera,
3756 832 3798 879 et

513 898 906 965 amantiorem,
943 915 1040 955 nec
1071 901 1358 956 meliorem
1405 902 1629 956 omnino
1671 911 1762 957 aut
1805 898 2140 960 desiderare
2221 928 2309 968 res
2355 926 2538 984 gestas
2567 930 2896 986 persequor,
2947 915 3365 978 diligentissime
3413 917 3681 984 imiteris,
3725 917 3796 972 diu

508 1001 764 1061 possent,
789 1004 1123 1064 antsperare
1151 993 1435 1050 auderent.
1469 996 1538 1052 Ut
1561 1000 1706 1053 enim
1730 998 1964 1069 quodam
1995 1001 2114 1055 loco
2224 1015 2279 1063 te
2307 1009 2554 1064 ecclesia:
2599 1007 2728 1074 isti,
2775 1024 2937 1080 quam
2986 1010 3276 1081 regendam
3319 1009 3509 1073 dedit,
3560 1010 3752 1082 populis
3775 1023 3798 1063 a

505 1089 729 1159 scripsit
758 1089 1020 1144 Damasus
1052 1105 1239 1155 mens,
1269 1099 1324 1146 et
1353 1091 1464 1158 illi,
1498 1092 1589 1162 qui
1620 1094 1904 1148 amiserint
1929 1108 2115 1162 sacer-
2222 1100 2420 1171 quibus
2463 1102 2621 1158 avelli
2662 1118 2854 1174 passus
2900 1119 3006 1159 non
3059 1111 3176 1166 est,
3226 1103 3418 1169 bonis,
3467 1117 3536 1159 ac
3583 1103 3798 1159 litteratis

507 1182 692 1240 dutem
713 1225 728 1249 ,
760 1183 877 1239 sine
906 1185 1095 1240 dolore
1123 1199 1245 1242 esse
1276 1201 1382 1241 non
1417 1195 1680 1256 possunt,
1712 1195 1768 1242 et
1795 1187 1869 1243 illi
1907 1188 1996 1258 qni
2028 1189 2112 1264 al-
2222 1197 2478 1253 omnibus
2522 1197 2652 1252 viris
2674 1239 2689 1264 ,
2735 1197 2935 1270 quibus
2965 1199 3017 1254 in
3063 1208 3115 1254 ιε
3143 1198 3394 1254 columen
3421 1239 3438 1264 ,
3486 1195 3798 1269 μνεδίάίιηη.

505 1277 679 1331 terius
717 1278 952 1332 civitatis
982 1279 1295 1349 acceperint
1329 1281 1640 1350 episcopum
1664 1323 1678 1346 ,
1709 1281 1921 1337 etiamsi
1976 1299 2110 1352 gau-
2220 1308 2326 1363 que
2347 1292 2575 1348 contulit
2593 1333 2609 1360 ,
2639 1292 2900 1364 sospitem
2926 1335 2942 1362 ,
2968 1292 3209 1362 531mm,
3234 1291 3678 1364 ἰηευιιιηιοωῳιε
3695 1306 3799 1348 con-

522 1682 3786 1716 W

503 1366 698 1434 deant,
734 1369 1062 1426 invidiosum
1092 1372 1195 1428 sibi
1240 1373 1548 1445 intelligunt
1591 1374 1740 1443 fore,
1784 1376 1887 1432 sub
1931 1377 2112 1433 alieno
2221 1394 2425 1442 sei-vet.

501 1476 564 1518 se
602 1477 768 1534 agere
795 1463 1101 1522 sacerdote.
1151 1465 1259 1523 Sed
1290 1475 1349 1523 ut
1373 1466 1443 1523 ad
1479 1482 1615 1538 opus
1661 1468 1767 1526 hoc
1798 1484 1982 1526 meum
2025 1487 2111 1528 re.

1907 1847 2420 1926 LECTORI.

569 2045 723 2104 Nihil
761 2059 835 2105 est
853 2091 867 2116 ,
907 2065 999 2105 cur
1037 2058 1108 2114 te,
1133 2051 1295 2106 amice
1322 2051 1502 2116 lector,
1530 2024 1682 2124 longo
1710 2051 1981 2121 prooemio,
2009 2060 2100 2106 aut
2129 2055 2179 2116 Β
2207 2061 2262 2108 ut
2303 2067 2421 2123 qua
2455 2056 2570 2126 ejus
2595 2067 2705 2108 esse
2723 2051 3024 2118 constabat,
3054 2066 3170 2106 cum
3209 2066 3333 2105 mss.
3360 2064 3449 2116 cc,
3481 2049 3530 2103 si
3555 2063 3676 2120 quos
3696 2061 3794 2102 nsc-

505 2145 789 2209 contposito
835 2161 1070 2200 sermone
1109 2161 1282 2200 morer
1319 2162 1338 2202 :
1379 2161 1498 2200 nam
1525 2143 1663 2217 quod
1699 2146 1977 2216 scriptores
2001 2147 2111 2218 plc-

500 2253 718 2308 rumque
767 2235 934 2292 solent
959 2253 1168 2292 causam
1197 2238 1422 2308 aperire,
1453 2256 1546 2293 cur
1574 2237 1795 2307 scribere
1813 2238 1983 2310 primo
2018 2256 2111 2310 ag-

502 2333 667 2406 gressi
696 2333 912 2403 fuerint,
944 2332 1129 2386 deinde
1149 2334 1320 2405 operis
1347 2333 1514 2403 ipsius
1543 2335 1798 2388 rationem
1829 2343 1874 2387 et
1902 2331 2110 2387 modum

499 2427 784 2500 explicare,
815 2436 1090 2496 utrumque
1113 2429 1327 2482 breviter
1356 2438 1603 2496 prwstare
1630 2442 1862 2496 possunt.
1893 2424 1965 2479 Et
1992 2441 2113 2497 ope-

493 2520 569 2574 ris
592 2522 800 2588 quidem
827 2522 1085 2575 condendi
1113 2536 1294 2585 causa,
1324 2537 1438 2589 qua:
1475 2521 1642 2589 primo
1675 2522 1772 2592 fuit
1795 2521 2108 2593 justissima,

499 2629 561 2667 ea
593 2630 674 2667 me
701 2615 754 2667 in
803 2630 960 2668 cursu
1009 2613 1232 2668 deseruit
1269 2614 1416 2668 nulla
1455 2631 1567 2668 mea
1612 2614 1766 2681 culpa
1798 2631 1811 2669 :
1863 2617 2110 2684 affectum

496 2720 616 2760 vero
647 2721 777 2772 opus
807 2707 945 2760 volui
986 2707 1264 2774 dimittere,
1299 2707 1378 2762 vel
1408 2707 1544 2775 quod
1570 2723 1709 2762 cram
1724 2707 2110 2779 jucunditatcm

499 2800 687 2853 horum
727 2799 1019 2854 studiorum
1074 2810 1350 2871 expertus,
1407 2801 1485 2855 vel
1524 2801 1662 2869 quod
1711 2799 2112 2872 pulcherrimam

509 2896 646 2949 hanc
692 2911 800 2949 esse
839 2895 1080 2960 viderem,
1105 2906 1257 2966 atque
1301 2881 1716 2950 honestissimam
1741 2898 1991 2950 rationem
2018 2897 2112 2951 otii

501 2988 852 3060 transigendi,
900 2988 969 3043 ad
1003 2990 1144 3060 quod
1185 2988 1328 3044 haud
1367 2991 1554 3046 invitus
1604 2990 1844 3045 dimissus
1887 2990 2104 3059 fuerant,

506 3082 844 3136 tricosissimo
889 3099 1102 3137 munere
1126 3083 1580 3157 dijudicandarum
1611 3084 1662 3138 in
1694 3087 1810 3156 foro
1845 3083 2032 3149 litium,
2057 3085 2110 3138 in
2150 3141 2152 3144 ,

506 3190 608 3244 qua
651 3190 854 3227 omnem
876 3190 1004 3247 pene
1023 3184 1312 3230 anteactam
1337 3177 1494 3230 vitam
1515 3190 1962 3242 consumpseram,
1986 3174 2112 3229 libe-

503 3280 668 3325 ratus.
707 3269 819 3324 Erit
862 3270 1104 3340 fortasse,
1140 3272 1230 3342 qui
1279 3289 1408 3339 opus
1447 3273 1616 3342 ipsum
1653 3289 1791 3327 ante
1816 3281 2112 3345 susceptum

507 3381 610 3419 non
641 3367 775 3420 tanti
814 3367 1050 3432 restituet,
1076 3376 1131 3421 ut
1167 3384 1226 3422 eo
1248 3367 1504 3423 debuerim
1531 3369 1866 3442 coqitationes
1891 3369 2106 3438 referre.

2213 2155 2297 2201 tus
2325 2163 2506 2214 essem,
2537 2147 2824 2214 conferrem
2853 2145 3077 2200 :deinde
3103 2159 3220 2216 qua
3238 2145 3284 2199 ei
3305 2143 3676 2218 abjudicantur
3697 2141 3795 2196 doc-

2214 2248 2384 2293 torum
2428 2239 2658 2293 virorum
2688 2238 2918 2310 judicio,
2944 2239 3209 2310 rejicerem
3229 2253 3249 2306 ;
3289 2238 3336 2291 si
3381 2237 3502 2306 quis
3540 2235 3672 2289 enim
3708 2233 3794 2286 hac

2211 2348 2411 2403 quoque
2440 2332 2716 2396 desideret,
2745 2342 2934 2403 prtesto
2971 2341 3091 2385 sunt
3120 2331 3441 2386 Sarasanius
3467 2331 3606 2399 ipse,
3629 2338 3674 2384 et
3696 2343 3794 2383 con-

2213 2429 2453 2482 ciliorum
2479 2427 2807 2482 collectiones
2825 2443 2844 2482 :
2870 2427 3088 2497 denique
3109 2434 3166 2480 ut
3188 2443 3248 2480 ea
3266 2440 3380 2496 qua:
3405 2437 3792 2493 "cognoveram,

2213 2522 2484 2577 illustrare
2526 2523 2679 2576 etiam
2723 2539 2956 2576 conarer.
2999 2519 3186 2590 Itaque
3228 2521 3599 2576 adnotationes
3624 2516 3792 2583 adieci,

2215 2631 2403 2684 easque
2421 2614 2719 2686 plerumque
2745 2631 2916 2680 nscas;
2944 2613 2990 2668 11
2998 2614 3314 2668 olstenianas
3333 2615 3497 2668 etiam
3522 2609 3792 2685 aliquando,

2214 2724 2329 2779 qua
2346 2725 2526 2781 paucte
2564 2720 2736 2764 tamen
2762 2719 2904 2774 sunt,
2941 2718 2991 2763 et
3021 2708 3298 2762 nonnullas
3329 2707 3516 2774 etiam,
3540 2709 3630 2763 sed
3649 2719 3752 2759 raro
3773 2717 3797 2754 tt

2215 2801 2515 2857 Constantio
2542 2802 2878 2874 desumptas;
2901 2803 3010 2857 ille
3038 2803 3174 2856 enim
3207 2802 3364 2874 facile
3389 2801 3632 2856 omnibus
3650 2812 3797 2855 occur—

2214 2906 2357 2958 runt.
2389 2907 2436 2950 et
2471 2897 2517 2951 si
2543 2912 2718 2951 onmes
2740 2896 3046 2961 retulissent,
3073 2911 3289 2951 onerare
3317 2896 3491 2967 potius
3526 2890 3796 2966 opusculum

2216 2992 2312 3047 hoc
2338 3008 2506 3046 meum
2546 2991 2710 3046 videri
2736 3001 2972 3060 poterant
3009 3008 3166 3062 quam
3191 3007 3398 3046 ornare.
3433 2991 3572 3058 Qut:
3600 2990 3794 3047 Saram-

2216 3092 2335 3141 nius
2377 3085 2446 3139 ad
2489 3084 2733 3140 Carmina
2782 3084 3100 3140 illustrnnda
3141 3085 3365 3160 adjecit,
3393 3085 3592 3140 retinui
3628 3081 3794 3140 omnia,

2216 3197 2335 3234 cum
2385 3196 2485 3235 non
2538 3179 2610 3233 ita
2649 3179 2801 3251 facile
2840 3180 2907 3234 sit
2936 3195 2996 3234 ea
3024 3187 3249 3250 repertre
3277 3195 3296 3233 :
3323 3179 3528 3233 servavi
3555 3189 3711 3232 tamen
3738 3172 3798 3226 lo-

2217 3291 2357 3340 cum,
2391 3291 2537 3345 quem
2566 3274 2670 3333 illis
2698 3274 2835 3327 idem
2865 3272 3099 3338 dederat,
3128 3272 3183 3326 id
3210 3281 3285 3328 est
3329 3270 3397 3326 ad
3423 3272 3622 3326 calcem
3646 3263 3796 3341 rejcci.

2221 3368 2474 3422 Craterum
2500 3369 2542 3423 si
2570 3367 2693 3438 quid
2719 3378 2805 3422 tuo
2828 3369 3096 3421 comntodo
3118 3371 3312 3439 factum
3336 3375 3432 3432 est,
3459 3365 3628 3419 amice
3651 3364 3798 3422 lector,

506 3459 644 3526 Quid
655 3461 809 3524 enim,
827 3459 1040 3527 inquiet,
1059 3478 1225 3515 nonne
1249 3461 1462 3516 Damasi
1488 3461 1752 3531 Opuscula
1779 3479 1810 3514 a
1833 3463 1941 3516 viro
1958 3461 2112 3516 dorto
2141 3450 2186 3514 C
2220 3464 2404 3535 gratia:
2426 3461 2673 3516 habenda:
2711 3470 2833 3515 sunt
2875 3463 3126 3515 bonorum
3161 3459 3390 3514 omnium
3421 3456 3659 3528 largitori
3683 3451 3800 3514 Dea;

504 3552 795 3608 Sarazanio
833 3554 1071 3618 collecta,
1095 3565 1144 3609 et
1171 3556 1326 3609 semel
1356 3557 1639 3625 iterumque
1668 3555 1880 3628 vulgata
1905 3559 1930 3606 τ’
1964 3552 2117 3609 Nihil
2222 3557 2266 3610 si
2291 3556 2423 3610 nihil
2434 3556 2549 3618 erit,
2569 3555 2708 3621 quod
2719 3571 2922 3609 sacrum
2937 3554 3206 3608 historiam
3224 3547 3799 3622 iuvarepossevideallr.

511 3646 688 3700 attinet
711 3651 792 3700 ine
805 3644 869 3700 de
887 3646 1165 3701 Sarazanii
1181 3647 1448 3719 diligentia
1476 3657 1629 3714 atque
1649 3648 1936 3700 eruditione
1958 3646 2122 3712 loqui.
2224 3660 2276 3705 at
2300 3650 2553 3705 laudandi
2573 3659 2711 3704 certe
2731 3659 2948 3706 conatus
2978 3649 3078 3703 mei
3101 3664 3120 3703 :
3151 3657 3207 3703 ut
3227 3663 3346 3703 vero
3370 3662 3504 3717 Opus
3528 3645 3693 3718 ipsum
3711 3650 3801 3694 ειη

514 3735 662 3792 Illud
709 3738 1064 3793 tantummodo
1094 3736 1293 3802 dicam,
1339 3755 1443 3793 non
1473 3737 1599 3794 mihi
1630 3739 1856 3810 primum
1886 3755 2020 3794 nunc
2037 3755 2121 3794 ve—
2224 3744 2423 3800 cteteris
2472 3742 2747 3809 similibus,
2776 3743 2961 3814 quibus
2998 3741 3298 3808 obruimur,
3331 3738 3556 3795 tenebris
3593 3731 3802 3792 amanda-

515 3832 653 3887 nisse
691 3832 745 3885 in
791 3842 1006 3887 mentem
1039 3831 1252 3887 Damasi
1284 3849 1441 3902 opera
1499 3832 1563 3886 ab
1601 3833 1691 3888 illo
1731 3832 1868 3888 edita
1914 3849 2122 3888 rursum
2229 3847 2334 3906 tur,
2380 3857 2482 3895 non
2520 3855 2791 3911 repugno:
2833 3837 2968 3892 illud
3010 3836 3281 3890 dumtaxat
3329 3833 3495 3890 Plinii
3524 3849 3648 3904 rogo
3667 3827 3804 3884 animo

514 3941 877 3999 recognoscere
897 3969 910 3995 ,
961 3937 1114 3998 atque
1159 3930 1442 3999 evulgare;
1473 3945 1594 3983 nam
1617 3929 1714 3983 viri
1741 3927 1883 3983 docti
1927 3928 2124 3984 Suare-
2229 3949 2419 4000 verses,
2469 3933 2559 3988 lib.
2605 3949 2680 4001 ts,
2715 3933 2870 4005 epist.
2925 3931 2987 3986 l7
3019 3947 3031 3984 :
3064 3930 3237 4000 Quam
3269 3927 3473 3984 multos
3494 3937 3658 3999 putas
3677 3933 3802 3982 esse.

515 4021 623 4074 sius
653 4030 699 4074 et
723 4061 736 4085 ,
771 4029 948 4075 nostra
978 4020 1076 4074 hac
1103 4021 1264 4091 ferme
1291 4029 1443 4075 celate
1464 4061 1479 4084 ,
1518 4019 1799 4076 Pastritius
1831 4020 1893 4075 de
1932 4037 1994 4076 eo
2037 4025 2124 4094 fa-
2229 4041 2369 4096 quos
2397 4041 2460 4081 ea
2485 4025 2683 4097 quibus
2710 4041 2812 4097 ego
2838 4034 2897 4082 et
2927 4034 2983 4080 tu
3015 4027 3290 4096 capimur,
3321 4031 3378 4078 et
3411 4020 3683 4085 ducimur,
3710 4026 3807 4086 pa!“

515 4111 2127 4187 cicndocogitaverunt.Nonergoconsiliummeumimproban-
2231 4119 2328 4174 tim
2375 4128 2438 4175 ut
2483 4118 2700 4189 inepta,
2740 4118 2939 4190 partim
2984 4126 3046 4174 ut
3091 4115 3479 4173 molestissima
3528 4101 3808 4176 olfendant?

515 4207 642 4262 dum
663 4219 760 4275 est,
782 4208 872 4264 sed
897 4208 951 4262 id
965 4209 1140 4280 potius
1171 4209 1474 4280 optandum,
1495 4218 1547 4263 ut
1573 4209 1706 4264 nihil
1737 4211 1790 4264 in
1808 4209 2126 4280 perﬁciendo
2233 4213 2433 4270 Demus
2471 4213 2637 4284 igitur
2669 4212 2866 4270 alienis
2892 4212 3354 4270 oblectationibus
3383 4211 3620 4278 veniam,
3651 4217 3705 4265 ut
3729 4215 3807 4260 no-

514 4316 574 4353 eo
602 4317 742 4356 cura:
773 4313 820 4358 et
857 4302 1140 4376 diligentia:
1169 4302 1510 4358 desideretur.
1549 4300 1698 4357 Hanc
1727 4319 1820 4375 ego
1851 4303 2006 4365 viam,
2037 4317 2126 4356 ra-
2232 4307 2366 4363 stris
2395 4306 2779 4378 impetremus.

516 4390 804 4463 lienemque
827 4395 968 4450 tenui
990 4395 1045 4448 in
1072 4393 1282 4450 Damasi
1305 4396 1544 4467 operibus
1568 4395 1929 4452 recensendis:
1956 4395 2126 4466 primo

3245 4580 3786 4612 Μ

827 4759 971 4833 DE
1011 4757 1399 4834 SANCTI
1458 4755 1884 4831 DAMASI
1931 4756 2246 4829 ΡΑΡᾸΞ
2297 4753 2906 4831 OPUSCULIS
2955 4756 3095 4832 ΕΤ
3142 4753 3559 4832 GESTIS.

1949 4983 2431 5016 #3

1059 5163 1290 5225 CAPUT
1341 5159 1628 5222 PRIMUM.

538 5312 578 5370 1.
625 5315 685 5372 S.
719 5310 935 5368 Damasi
963 5324 1158 5381 genus,
1190 5316 1238 5362 et
1276 5305 1472 5378 patria.
1498 5303 1681 5358 Lector
1707 5320 1739 5358 a
1769 5318 1930 5373 puero
1956 5303 2010 5357 in
2050 5303 2139 5357 ba-

610 5409 757 5464 silica
786 5408 852 5462 S.
886 5401 1178 5460 Laurentii.
1244 5399 1310 5454 ll.
1354 5398 1618 5452 Diaconus
1639 5394 1913 5462 Liberium
1953 5396 2006 5449 in
2043 5411 2138 5450 ex-

613 5507 784 5560 silium
814 5513 1015 5560 euntem
1062 5499 1312 5570 sequitur,
1345 5506 1392 5550 et
1444 5511 1594 5567 quem
1637 5509 1796 5564 usque
1834 5494 1902 5546 ad
1931 5491 2138 5548 locum?
2321 5491 2362 5547 l.
2390 5492 2651 5546 Damasus
2673 5494 2892 5548 natione
2915 5491 3187 5561 Hispanus
3211 5491 3410 5548 dicitur
3429 5491 3499 5546 ab
3521 5482 3812 5545 Anastasio:

615 5599 720 5653 Cur
748 5598 932 5652 deinde
957 5597 1025 5651 ad
1067 5593 1258 5650 Urbem
1301 5591 1590 5655 revertitur,
1623 5595 1671 5642 et
1706 5604 1773 5640 an
1806 5585 1999 5640 Felicis
2047 5585 2140 5640 eli-
2247 5585 2540 5656 llispanum
2563 5599 2692 5640 vero
2720 5587 2947 5656 praecise
2972 5602 3095 5642 eum
3114 5596 3272 5643 vocat
3288 5585 3571 5649 Baronins,
3597 5575 3815 5638 Francis-

613 5690 764 5759 gcndt
790 5700 966 5744 auctor
983 5687 1120 5742 clero
1147 5686 1322 5758 fuerit.
1347 5682 1436 5740 lll.
1461 5680 1738 5752 Presbyter
1753 5677 2044 5745 ordinatus,
2074 5695 2142 5734 an
2246 5693 2344 5735 cus
2375 5677 2587 5750 l‘agius,
2619 5677 2971 5746 Ciacconius,
3005 5679 3209 5752 aliique
3253 5677 3427 5742 multi,
3458 5677 3549 5748 qui
3580 5674 3730 5732 etiam
3755 5663 3810 5720 de

612 5758 642 5840 ξι
674 5785 901 5854 Liberio,
925 5802 990 5838 an
1023 5785 1242 5858 νοιίιημ
1264 5780 1468 5847 Felice;
1492 5777 1708 5835 Baronii
1736 5775 2011 5834 sententia.
2047 5775 2136 5832 ιν.
2247 5788 2316 5831 co
2340 5772 2612 5843 Hispaniae
2651 5773 2773 5832 loco
2797 5781 3039 5842 certant,
3073 5773 3160 5832 cui
3186 5773 3260 5831 sit
3289 5767 3692 5829 adscribendus.
3722 5758 3812 5817 H05

2163 5188 2219 5250 D
2319 5162 2632 5221 Procemiunt
2677 5165 2746 5219 ad
2775 5179 2954 5236 preces
2983 5162 3228 5220 Faustini
3272 5173 3320 5221 et
3361 5161 3673 5230 Harcellini,
3715 5154 3815 5250 falsi

2320 5260 2576 5330 arguitur,
2591 5266 2639 5312 et
2659 5256 2909 5313 Damasus
2931 5257 3242 5313 vindicatur.
3264 5255 3325 5314 V.
3349 5257 3464 5324 Quo
3481 5259 3594 5313 loco
3612 5247 3813 5324 acpretio

2321 5355 2414 5407 sub
2445 5351 2648 5407 Liberio
2678 5351 2865 5408 reduce
2902 5357 2970 5408 ad
2999 5370 3147 5408 suam
3185 5353 3356 5409 sedem
3400 5352 3640 5422 deinceps
3663 5341 3810 5421 futtil-
