3998 6350
160 321 263 378 115

1527 304 1710 366 PROL
1720 305 1906 364 EGOM
1915 306 2070 364 ENA.

3372 319 3478 375 114

158 435 280 491 fuse
311 442 573 492 recenset
617 432 702 491 Jo.
738 432 992 504 Tamajus
1041 428 1262 487 Salazar
1299 428 1354 484 in
1380 424 1763 498 Martyrologio
1787 429 1845 489 Α
1869 424 1947 481 sic
1981 425 2270 482 Damasum
2318 428 2489 498 ipsum
2529 439 2691 498 gente
2743 428 3034 500 Hispanum
3086 431 3254 489 fuisse
3278 477 3293 501 ,
3342 450 3479 505 quos

161 532 405 601 Ilispano
434 530 502 584 ad
528 529 673 585 diem
711 530 767 584 ll
796 526 1126 584 Decembris.

232 624 436 684 Ilis.si
487 625 540 679 in
584 623 841 695 Hispania
897 632 1080 677 natum
1129 620 1414 674 Damasum
1466 614 1766 682 afﬁrment,

159 728 427 790 repugnat
458 717 883 779 'l‘illemontius,
928 729 989 768 ac
1034 712 1287 767 dubitare
1333 724 1492 780 posse
1542 718 1762 775 censet,

157 811 471 874 Damasum,
510 809 740 879 ejusque
787 821 1029 862 sororem
1067 803 1312 868 lienem,
1343 802 1527 857 Itonia:
1560 813 1761 855 natam.

156 902 267 959 Nec
295 906 530 957 fortasse
575 902 866 956 immerito.
918 899 1078 954 Pater
1107 898 1251 952 enim
1300 897 1352 952 in
1396 899 1454 950 S.
1490 895 1765 951 Laurentii

156 999 381 1054 basilica
428 998 610 1067 primo
640 1004 915 1062 acceptor,
967 1004 1075 1046 tum
1123 992 1295 1046 lt'CIOI‘
1329 990 1459 1056 fuit,
1492 992 1581 1060 qui
1638 999 1765 1045 sunt

162 1091 321 1162 primi
355 1104 647 1159 puerorum
681 1089 733 1141 in
766 1085 1005 1141 Ecclesia
1038 1085 1256 1156 gradus.
1292 1086 1330 1138 A
1363 1083 1567 1138 teneris
1602 1083 1764 1153 igitur

157 1185 314 1239 anuis
348 1182 564 1238 Damasi
602 1190 756 1251 pater
805 1195 973 1235 sacra:
1003 1179 1214 1233 militiae
1258 1177 1564 1232 tirocinium
1612 1178 1664 1231 in
1698 1191 1762 1232 ea

158 1277 383 1334 basilica
412 1275 660 1346 posuisse
686 1272 921 1328 videtur.
955 1272 1222 1326 Pra'terea
1245 1272 1358 1341 ipse
1374 1270 1535 1324 etiam
1564 1271 1761 1323 Dama-

161 1387 252 1428 sus
278 1369 517 1441 ejusdem
544 1368 809 1433 basilicae.
847 1382 876 1421 a
907 1366 1097 1436 puerili
1123 1375 1284 1419 aetate
1313 1375 1422 1418 tum
1455 1365 1614 1417 lector
1637 1362 1758 1429 ftiit,

163 1477 272 1524 tum
296 1468 351 1521 in
364 1464 576 1521 caneris
597 1463 851 1518 omnibus
870 1461 1038 1516 sacris
1052 1460 1336 1514 ordinibus
1358 1458 1574 1514 meruit.
1601 1457 1758 1523 Nam,

161 1571 218 1615 ut
246 1558 577 1628 Eghinactus
596 1556 673 1610 ait
722 1554 820 1627 (a),
852 1552 983 1608 Cum
1008 1562 1157 1607 (etate
1180 1552 1369 1622 puerili
1391 1553 1485 1605 sub
1511 1551 1760 1621 magistro

166 1654 503 1717 ministraret,
546 1661 593 1706 et
622 1648 696 1703 ad
725 1664 969 1719 magnum
1009 1657 1255 1701 cresceret
1301 1662 1474 1700 rerum
1523 1645 1756 1712 culmen,

169 1756 284 1799 tunc
317 1744 546 1799 Romana
604 1741 826 1796 Lecron
864 1739 916 1793 in
967 1738 1216 1804 ecclesia,
1262 1739 1396 1794 Acta
1446 1745 1758 1791 sanctorum

1873 517 1995 573 ideo
2043 535 2149 573 una
2184 520 2380 591 genitos
2413 520 2581 588 patria
2602 562 2617 587 ,
2666 538 2770 575 una
2801 532 3060 593 promotos
3090 521 3345 590 Ecclesia,
3371 541 3478 580 una

1870 614 1924 664 in
1957 612 2104 666 terris
2132 611 2345 666 basilica
2373 613 2559 675 cultos.
2584 631 2785 685 unoque
2813 617 2869 669 in
2886 616 3025 671 caelis
3068 616 3178 671 Deo
3206 630 3477 673 coronatos

1870 701 1965 754 ait.
2000 702 2243 757 Dubitari
2289 703 2432 758 enim
2464 705 2814 761 vehementer
2840 715 3037 776 potest,
3070 726 3135 763 an
3170 711 3283 781 ipse
3312 710 3475 765 etiam

1870 792 2192 849 Laurentius
2218 795 2403 851 Roma:
2432 807 2583 852 ortus
2605 798 2694 854 sit.
2720 798 2852 853 Nam
2884 800 2935 854 in
2960 801 3129 856 veteri
3150 805 3474 859 Sacramen-

1872 889 2045 951 tario.
2079 891 2221 960 quod
2268 890 2352 945 Cl.
2407 892 2610 963 JOseplt
2668 894 3019 951 Blanchiuius
3068 896 3277 966 edidit,
3312 909 3474 969 atque

1869 990 2146 1037 auctorem
2191 982 2394 1040 habere
2419 988 2632 1041 censuit
2678 986 2735 1043 S.
2772 988 3008 1044 Leonem
3048 989 3293 1060 Magnum
3317 1031 3331 1058 ,
3366 991 3472 1046 Roo

1872 1093 2067 1132 manus
2096 1081 2357 1133 nascendo
2385 1081 2508 1135 civis
2535 1081 2732 1137 dicitur
2760 1082 2857 1153 (ε).

1943 1170 2007 1225 ΙΙ.
2061 1171 2189 1226 Post
2235 1173 2453 1227 lecturis
2498 1175 2678 1245 itaque
2729 1176 3007 1242 ttlﬂcittm,
3058 1178 3346 1238 Damasum
3401 1184 3471 1239 ad

1869 1265 2080 1321 di.ic0ni
2132 1266 2354 1335 gradum
2387 1280 2635 1324 evectum
2686 1272 2920 1337 scimus;
2954 1290 3020 1329 an
3071 1292 3199 1332 vero
3229 1296 3257 1333 a
3289 1278 3468 1345 Julio,

1869 1375 1935 1414 an
1961 1378 1987 1413 a
2020 1359 2260 1429 Liberio,
2294 1362 2579 1418 incertum.
2616 1365 2671 1421 Si
2702 1376 2877 1421 tamen
2906 1385 3026 1423 cum
3050 1371 3295 1430 Liberius
3326 1375 3477 1431 elec-

1872 1465 1956 1510 tus
1981 1467 2096 1521 est,
2129 1457 2321 1528 agebat
2353 1458 2613 1515 Damasus
2640 1477 2839 1516 annum
2865 1463 2957 1531 48,
2986 1467 3077 1520 vix
3118 1468 3346 1524 inducor
3371 1513 3384 1536 ,
3419 1480 3479 1526 ttt

1870 1549 2089 1604 credam
2117 1550 2234 1620 ejus
2264 1551 2703 1622 ordinationem,
2737 1556 2871 1611 ultra
2923 1560 3281 1627 pnestitntum
3310 1579 3337 1616 a
3370 1561 3477 1618 Ca-

1872 1641 2102 1695 nonibus
2147 1644 2382 1714 spatium
2441 1654 2547 1700 tam
2596 1645 2687 1700 diu
2742 1647 2983 1703 dilatam.
3034 1651 3258 1707 Videtur
3290 1656 3472 1725 itaque

1869 1734 2232 1790 verosintilius
2273 1736 2500 1806 gradum
2556 1739 2697 1795 hunc
2754 1742 2855 1797 sub
2897 1742 3041 1799 .lulio
3081 1758 3431 1803 consecutum
3459 1791 3474 1813 ,

178 1847 466 1909 martyrum
515 1835 657 1891 Petri
687 1841 743 1888 et
787 1831 1080 1888 Marcellini
1122 1846 1186 1886 ex
1216 1846 1309 1886 ore
1357 1829 1610 1885 Dorothei
1636 1845 1758 1902 per—
1790 1837 1839 1898 Β
1868 1828 2109 1898 actisque
2123 1829 2221 1883 sub
2242 1830 2431 1885 eodem
2454 1833 2705 1900 pontifice
2729 1836 2939 1906 magnis
2960 1837 3471 1897 rebusinterfuissc.

182 1930 415 1985 cussoris
438 1928 671 1998 excepit,
706 1925 1064 1995 Collegitque,
1109 1940 1172 1979 ac
1200 1923 1265 1979 ad
1297 1934 1547 1994 posteros
1578 1933 1759 1979 trans-

183 2024 343 2080 misit.
371 2022 567 2077 Pueros
596 2029 770 2075 autem
817 2017 883 2073 ad
913 2018 1141 2088 gradum
1184 2019 1408 2074 lectoris
1435 2017 1636 2073 assumi
1667 2033 1758 2072 so-

176 2120 297 2172 litos
332 2128 437 2172 tum
463 2132 527 2171 ex
571 2114 744 2171 Siricii
793 2124 846 2170 et
876 2112 1179 2169 Innocentii
1212 2112 1458 2184 epismlis
1480 2155 1494 2178 ,
1529 2122 1642 2168 tum
1692 2104 1779 2169 ex'

171 2212 333 2267 variis
383 2225 410 2265 a
461 2210 816 2267 Thomassino
847 2208 921 2284 (ὁ)
971 2217 1025 2264 et
1073 2209 1400 2264 Bouarrmio
1453 2207 1523 2279 (τ)
1580 2206 1761 2262 allatis

167 2306 423 2375 exemplis
451 2313 683 2359 constat.
717 2304 925 2374 Agebat
955 2302 1139 2374 itaque
1170 2303 1432 2358 Damasus
1462 2309 1591 2356 tunc
1624 2311 1761 2357 tem-

166 2399 308 2470 poris
325 2413 524 2453 annum
554 2399 747 2453 saltem
771 2397 1041 2452 decimum
1073 2395 1463 2466 tertium,quia
1493 2411 1621 2450 vero
1644 2394 1759 2451 fere

165 2492 541 2561 octogenarius
598 2490 770 2557 obiit,
825 2505 968 2544 anno
1012 2488 1140 2555 584,
1193 2489 1245 2544 in
1297 2489 1471 2545 lucem
1513 2487 1760 2560 profecto

167 2583 360 2653 prodiit
383 2583 525 2636 circa
555 2598 756 2638 anuutn
789 2582 894 2638 ὅθι
920 2626 934 2647 ,
960 2598 1024 2637 ac
1056 2583 1284 2637 Romam
1320 2598 1442 2637 cum
1497 2594 1651 2651 patre
1695 2597 1759 2638 ac

164 2686 330 2733 matre
358 2676 573 2732 venisse
594 2676 782 2732 debuit
814 2675 1171 2746 quadricnnis
1197 2717 1211 2742 ,
1256 2685 1348 2730 aut
1392 2674 1759 2746 quinquennis

165 2771 357 2827 infans.
387 2771 500 2828 Fac
527 2773 770 2843 igiturea
801 2771 952 2825 illttm
976 2779 1304 2825 tetatetauto
1326 2769 1554 2826 ferendo
1578 2770 1756 2825 itineri

164 2866 441 2932 idoneum,
497 2880 566 2920 an
615 2880 743 2921 vero
793 2864 1062 2920 Antonius
1091 2875 1277 2937 pater,
1325 2880 1497 2918 novus
1534 2879 1760 2937 prorsus

164 2956 483 3030 ignotusque
519 2957 707 3024 homo,
759 2973 957 3014 nomen
983 2956 1241 3012 Ecclesia:
1288 2956 1509 3012 dedisse
1549 2959 1716 3027 pctuit
1741 2998 1758 3025 ,

163 3055 332 3104 Statim
364 3065 426 3105 ac
449 3050 684 3106 Romam
726 3051 876 3105 venit
898 3093 914 3116 ,
944 3065 1007 3105 ac
1055 3051 1301 3106 notarius
1328 3050 1534 3115 statim,
1564 3049 1763 3105 lector-

163 3159 260 3211 que
316 3136 435 3214 ejus
497 3142 735 3199 basilicze
786 3153 999 3199 creatus
1056 3144 1183 3198 est?
1232 3141 1289 3197 Id
1341 3150 1459 3198 erat
1513 3140 1760 3212 profecto

1869 1918 1942 1986 Id,
1977 1930 2036 1975 ut
2066 1935 2167 1990 ego
2196 1921 2405 1978 facilius
2430 1927 2674 1991 credam,
2727 1927 2852 1982 facit
2875 1940 3139 1998 praeterea
3191 1931 3476 1988 familiari-

1867 2024 1950 2070 tas
1978 2016 2086 2081 illa,
2117 2032 2222 2088 qua
2254 2018 2539 2073 Damasum
2566 2034 2688 2075 cum
2720 2022 3280 2093 Athanasiojunctum
3303 2025 3476 2084 fuisse

1864 2108 2061 2180 colligo
2090 2126 2154 2164 ex
2210 2110 2329 2179 ejus
2383 2110 2623 2181 Epistola
2654 2112 2721 2168 ad
2759 2115 2919 2170 Afros
2942 2159 2955 2181 ,
2988 2126 3041 2171 et
3071 2134 3137 2173 ex
3169 2118 3354 2175 Basilii
3402 2121 3476 2176 ad

1867 2201 2220 2256 Athanasium
2252 2202 2427 2272 ipsum
2457 2204 2683 2273 litteris;
2712 2222 2832 2277 quae
2865 2217 2989 2264 tunc
3008 2211 3243 2279 coepisse
3262 2211 3472 2280 debuit,

1864 2310 1986 2349 cum
2016 2295 2414 2352 Alexandrinus
2448 2299 2646 2368 priesul
2694 2299 2881 2356 Roma:
2930 2304 3033 2359 sub
3075 2304 3222 2359 .lnlio
3262 2322 3472 2362 moram

1868 2390 2131 2456 traheret,
2163 2406 2226 2446 ac
2248 2393 2418 2447 sacris
2446 2393 2834 2450 ecclesiasticis
2864 2396 2983 2467 ejus
3016 2400 3165 2454 urbis
3193 2401 3474 2456 conventi-

1867 2483 1967 2539 bus
2010 2484 2338 2551 interesset,
2397 2504 2499 2552 qua
2552 2489 2714 2543 etiam
2755 2489 2895 2545 inter
2940 2501 3166 2548 caeteras
3220 2509 3380 2549 causa
3414 2510 3477 2552 se

1863 2576 2097 2631 detineri
2129 2578 2307 2632 aiebat
2338 2577 2587 2633 Liberius
2613 2623 2627 2647 ,
2654 2585 2944 2652 quominus
2993 2585 3045 2639 in
3094 2586 3212 2654 ejus
3243 2588 3477 2642 damna.

1868 2672 2069 2726 tionem
2095 2672 2293 2728 deinde
2333 2672 2701 2730 subscriberet
2737 2676 2827 2749 (f).
2870 2678 2987 2743 Quo
3018 2693 3149 2733 vero
3179 2680 3301 2734 loco
3330 2682 3475 2750 apud

1866 2764 2140 2819 Liberium
2173 2765 2433 2819 Datna~us
2459 2770 2658 2822 interea
2686 2767 2866 2829 fuerit.
2896 2770 3023 2825 hinc
3049 2771 3321 2842 coiijicere
3345 2788 3472 2842 pos-

1864 2874 2076 2923 sumus,
2109 2859 2252 2929 quod
2282 2875 2404 2913 eum
2436 2862 2486 2914 in
2517 2861 2772 2916 exsilium
2800 2864 3085 2920 abeuntem
3105 2881 3328 2920 secutus
3353 2866 3471 2923 lue-

1866 2952 1957 3019 rit,
1986 2962 2147 3022 atque
2171 2952 2272 3009 hac
2302 2953 2368 3007 de
2395 2969 2555 3009 causa
2587 2954 2785 3011 factum
2815 2968 2965 3024 puto,
3001 2968 3056 3013 ut
3081 2956 3271 3012 Liberii
3296 2962 3474 3015 diaco-

1865 3061 1964 3099 nus
2012 3046 2307 3114 aliquando
2363 3045 2543 3102 dictus
2592 3052 2699 3115 sit,
2731 3051 2852 3119 quia
2885 3067 3080 3124 nempe
3108 3053 3349 3124 pontifex
3381 3055 3475 3111 ille

1865 3139 1984 3210 ejus
2014 3141 2353 3209 potissimum
2388 3156 2552 3213 opera
2576 3184 2591 3210 ,
2626 3153 2681 3197 et
2733 3144 3037 3200 ministerio
3078 3150 3359 3215 uteretur’,
3410 3164 3475 3205 ac

162 3237 224 3292 ab
251 3253 438 3294 eorum
479 3250 786 3309 temporum
837 3237 1122 3307 disciplina
1166 3237 1399 3293 alienum
1433 3256 1446 3293 :
1479 3253 1602 3292 nam
1650 3238 1756 3306 pri-
1786 3235 1832 3298 C
1865 3232 2099 3302 denique
2122 3233 2265 3288 inter
2292 3250 2387 3289 eos
2408 3245 2583 3300 esset,
2613 3236 2703 3306 qui
2738 3237 2827 3290 uni
2859 3252 3009 3306 papie
3039 3236 3346 3297 adstabant.
3378 3255 3474 3310 pa-

163 3347 245 3386 mo
287 3332 553 3402 baptizari
597 3345 659 3386 ac
700 3330 898 3385 deinde
951 3331 1131 3399 aliquo
1168 3331 1429 3402 temporis
1462 3330 1754 3386 intervallo

161 3428 364 3497 probari
383 3426 577 3484 debuit
598 3470 611 3491 ,
644 3442 710 3481 an
743 3426 939 3494 dignus
966 3434 1133 3487 esset,
1162 3426 1255 3496 qui
1284 3426 1435 3481 clero
1466 3425 1750 3481 adscribe-

164 3531 322 3575 retur.
376 3522 668 3577 I’osuemo
709 3520 762 3574 in
821 3519 1091 3574 minorum
1144 3518 1394 3573 ordinum
1432 3516 1756 3573 exercendis

163 3612 368 3681 officiis,
395 3626 488 3670 aut
522 3613 879 3681 novenniutu,
909 3614 1361 3681 autseptenniutu
1386 3612 1579 3667 saltem
1607 3613 1754 3665 insu-

162 3721 303 3763 mere
331 3709 524 3765 debuit
553 3725 567 3773 ;
596 3723 705 3779 quo
742 3708 929 3779 elapso
958 3716 1227 3777 tempore,
1258 3707 1302 3762 si
1331 3707 1451 3778 quis
1482 3721 1606 3761 sese
1638 3705 1753 3761 ido-

164 3818 313 3858 neum
346 3806 717 3875 probaverat,
768 3803 835 3858 ad
878 3803 1102 3858 altiores
1144 3802 1343 3872 gradus
1391 3800 1547 3855 evehi
1600 3810 1753 3870 pote-

161 3906 239 3951 rat
268 3898 370 3970 (d).
405 3898 549 3953 Huic
588 3906 767 3953 autem
807 3897 1103 3961 novennio,
1136 3907 1227 3950 aut
1253 3896 1540 3966 septentrio
1561 3938 1576 3962 ,
1607 3894 1751 3963 quod

162 3990 421 4047 Antonius
452 3996 505 4047 in
547 3990 848 4046 minorilms
893 3989 1175 4045 ordinibus
1200 3987 1516 4043 exercendis
1543 3998 1754 4043 transe-

161 4085 291 4154 gisste
314 4086 503 4141 debuit
537 4125 553 4152 ,
588 4084 633 4139 si
665 4084 802 4139 alios
831 4099 1003 4138 annos
1029 4084 1268 4154 quinque
1300 4091 1394 4137 aut
1414 4098 1510 4138 sex
1540 4082 1708 4135 addas
1732 4124 1746 4147 ,

162 4191 289 4247 quos
312 4178 488 4233 lilium
520 4189 706 4233 natum
734 4191 855 4230 esse
881 4177 1113 4247 oportuit
1144 4189 1269 4230 ante
1299 4176 1601 4230 Romanum
1625 4175 1749 4242 iter,

164 4284 220 4324 ac
251 4273 563 4341 priusquam
594 4280 747 4341 pater
770 4270 920 4324 clero
942 4268 1367 4331 adscriberetur,
1388 4268 1497 4338 jam
1525 4268 1750 4322 accedes

163 4360 221 4415 ad
252 4373 465 4419 (etatem
498 4363 674 4427 illam,
707 4362 759 4416 in
782 4379 884 4433 qua
910 4362 1174 4415 Damasus
1203 4361 1410 4429 [tOsllltS
1440 4369 1595 4424 erat,
1626 4374 1750 4414 cum

163 4464 273 4510 acta
317 4458 412 4513 SS.
465 4471 764 4528 martyrum
819 4454 1023 4516 audiit.
1071 4462 1127 4509 et
1175 4453 1452 4507 memoria:
1495 4451 1749 4505 mandata

162 4548 459 4620 descripsit.
498 4551 568 4605 At
607 4564 738 4604 vero
779 4557 906 4602 tune.
934 4544 1193 4615 temporis
1230 4544 1339 4614 jatu
1374 4543 1545 4597 lector
1585 4542 1751 4597 fuisse

1858 3326 2008 3382 latini
2042 3327 2253 3383 diaconi
2284 3329 2679 3399 posterioribus
2709 3330 2924 3385 suculis
2945 3331 3076 3384 dicti
3100 3331 3201 3402 (ως
3234 3332 3327 3386 sed
3358 3331 3470 3385 Lit-

1858 3420 2129 3488 citeriani,
2175 3432 2231 3477 et
2280 3422 2612 3478 schismatici
2669 3424 2951 3493 scriptoris
2991 3424 3153 3479 verba
3197 3424 3299 3479 hoc
3349 3426 3468 3481 loco

1859 3512 2132 3569 alIereuda
2166 3531 2193 3568 a
2225 3532 2309 3570 me
2343 3526 2510 3585 sunt,
2558 3526 2616 3571 ut
2673 3517 2981 3588 impositam
3026 3518 3126 3574 hac
3176 3519 3468 3575 occasione

1860 3607 2091 3664 Damaso
2138 3610 2373 3665 ambitus
2424 3624 2479 3666 et
2523 3612 2745 3682 perjurii
2794 3614 3118 3669 calumniam
3158 3631 3463 3672 atnoveam.

1857 3704 1984 3775 Agit
2015 3705 2197 3776 itaque
2220 3718 2410 3761 auctor
2430 3707 2763 3778 pra-lationis
2790 3707 2856 3763 ad
2887 3708 3185 3764 Marcellini
3217 3720 3271 3765 et
3296 3709 3468 3766 Faus-

1858 3798 1954 3852 tini
2001 3814 2211 3867 preces.
2256 3801 2502 3869 quisquis
2529 3800 2621 3854 ille
2666 3801 2736 3855 sit
2765 3844 2778 3866 ,
2815 3801 2883 3855 de
2907 3803 3287 3872 persecutione
3313 3845 3328 3871 ,
3363 3819 3469 3872 qua

1858 3890 2130 3954 Liberius,
2163 3893 2426 3947 Eusebius
2447 3893 2829 3960 \‘erccllensis,
2865 3894 3080 3950 Lucifer
3100 3896 3467 3966 Calaritanus,

1855 3996 1911 4042 et
1954 3987 2184 4042 Hilarius
2230 3987 2607 4053 Pictavieusis.
2641 3991 2891 4045 exsulare
2920 3991 3093 4045 coacti
3123 4001 3272 4056 sunt,
3302 4002 3466 4063 atque

1856 4076 1973 4133 hinc
2005 4078 2077 4131 ait
2114 4096 2126 4132 :
2158 4078 2232 4132 Hi
2258 4098 2379 4151 ergo
2424 4084 2698 4136 mittuntur
2738 4083 2790 4135 in
2823 4084 3061 4137 exsilium
3090 4101 3183 4150 pro
3210 4085 3314 4154 ﬁde
3360 4102 3470 4139 ser-

1852 4174 2043 4227 vanda.
2078 4173 2204 4228 Cum
2234 4173 2435 4230 Liberio
2463 4175 2742 4240 Damasus,
2778 4168 3026 4232 diaconus
3055 4182 3190 4251 ejus,
3217 4196 3271 4233 se
3294 4180 3463 4233 sintu-

1856 4267 1929 4321 lat
1953 4269 2219 4338 proficisci
2249 4287 2265 4324 :
2308 4270 2442 4323 unde
2470 4272 2674 4341 fugiens
2706 4270 2771 4323 de
2813 4272 3013 4330 itinere.
3043 4270 3263 4324 Romam
3308 4272 3464 4326 rediit

1855 4363 2136 4416 ambitione
2157 4373 2450 4433 corruptas.
2488 4363 2594 4418 Sed
2622 4380 2679 4417 eo
2710 4364 2812 4427 die,
2842 4381 2942 4434 quo
2971 4362 3208 4418 Liberius
3235 4365 3302 4418 ad
3328 4366 3467 4420 exsi-

1857 4454 1982 4509 lium
2012 4455 2457 4524 proﬁciscebatur,
2488 4458 2655 4511 clerus
2678 4458 2860 4520 omnis,
2894 4457 2948 4509 id
2979 4469 3052 4512 est
3079 4456 3383 4529 presbyteri,
3413 4468 3466 4514 et

1855 4548 2252 4601 archidiaconus
2278 4547 2448 4612 Felix,
2464 4560 2509 4603 et
2530 4550 2548 4601 i
2552 4566 2642 4620 pse
2656 4548 2909 4604 Damasus
2928 4550 3196 4610 diaconus.
3215 4563 3259 4604 et
3277 4561 3466 4606 cuncta

166 4640 387 4697 videtur.
422 4644 505 4698 An
535 4643 716 4713 itaque
756 4642 808 4696 itt
844 4639 1194 4695 inferioribus
1234 4637 1519 4693 ordinibus
1549 4636 1708 4708 positi
1736 4677 1753 4704 ,
1784 4640 1835 4701 D
1861 4637 2113 4694 Ecclesia?
2135 4640 2315 4712 officia
2342 4684 2356 4706 ,
2386 4658 2561 4695 omnes
2592 4643 2811 4711 pariter,
2841 4654 3091 4713 praesente
3120 4646 3314 4716 populo
3358 4644 3467 4699 Ro-

168 4743 310 4802 pater
340 4746 393 4791 et
444 4738 589 4791 filius
613 4778 626 4799 ,
670 4751 778 4789 uno
810 4733 923 4789 fere
954 4732 1257 4802 eodemque
1285 4742 1559 4799 tempore,
1592 4740 1755 4799 atque

169 4828 344 4883 eadem
377 4831 430 4885 in
457 4829 690 4884 ecclesia
719 4828 743 4882 ?
785 4827 899 4882 lIoc
935 4827 1026 4881 alii
1070 4826 1337 4897 judicent.
1368 4823 1487 4879 Non
1516 4823 1756 4878 tlifliteor

169 4919 262 4991 legi
293 4921 345 4977 in
401 4922 519 4978 Vita
563 4921 623 4978 S.
660 4922 874 4976 Damasi
906 4936 970 4975 ex
1016 4936 1116 4973 ms.
1150 4917 1273 4973 cod.
1309 4916 1581 4973 Vaticanie
1613 4916 1757 4972 basi-

171 5018 297 5085 licai,
322 5037 349 5075 a
378 5021 675 5077 Sarazanio
704 5021 871 5085 edita,
899 5019 1031 5074 utS.
1059 5027 1353 5089 martyrem
1382 5015 1755 5081 Laurentium,

236 5196 309 5269 (α)
350 5201 472 5255 Act.
527 5198 623 5255 SS.
678 5197 825 5253 Petri
873 5204 929 5252 et
967 5193 1293 5259 Marcellini,
1325 5190 1471 5247 Junii
1515 5200 1647 5245 tom.
1705 5189 1755 5259 I,

175 5282 287 5336 pag.
319 5270 443 5326 176.

237 5338 311 5411 (b)
351 5343 423 5398 De
456 5341 637 5396 Veter.
662 5339 827 5406 disc.,
856 5354 911 5409 p.
942 5356 980 5405 t,
1004 5339 1040 5393 1.
1071 5354 1130 5404 ιι,
1160 5354 1209 5394 c.
1237 5336 1325 5411 67.

240 5342 287 5411 (b
351 5343 423 5398 De
456 5342 637 5396 Veter.
662 5342 827 5406 disc.,
856 5354 911 5409 p.
942 5356 980 5405 t,
1004 5342 1040 5393 1.
1071 5354 1130 5404 ιι,
1160 5354 1209 5394 c.
1237 5342 1325 5393 67.

240 5342 311 5535 (ej
350 5414 573 5467 Ubscrv.
607 5413 673 5467 ad
699 5413 890 5481 fragm.
929 5411 1071 5493 Vit,
1087 5426 1207 5481 pag.
1240 5407 1364 5465 115.

244 5483 260 5527 l
304 5486 322 5535 l
362 5483 478 5535 Vid.
514 5484 673 5535 Siric.
715 5484 876 5535 eoist.
912 5482 978 5535 ad
1013 5481 1217 5535 Iltuter.
1240 5523 1254 5535 .
1288 5496 1364 5534 nui

244 5476 322 5551 td)
362 5483 478 5538 Vid.
514 5484 673 5539 Siric.
715 5476 876 5553 epist.
912 5482 978 5537 ad
1013 5476 1217 5535 Iliine'r.
1240 5494 1434 5553 ,Wnum.
1469 5477 1580 5553 1ι1;Δ
1600 5476 1761 5553 Iuno:

175 5548 314 5623 cent.
342 5560 502 5623 epist.
537 5556 599 5610 ad
625 5548 795 5611 It‘elie.
822 5554 981 5619 Nuc.,
1014 5568 1131 5622 cap.
1163 5553 1235 5617 5;
1266 5551 1469 5607 Zosim.
1500 5550 1657 5620 epist.
1691 5548 1758 5604 ad

179 5621 388 5697 Ilesich.
414 5625 640 5683 Saluttit.
663 5670 678 5693 ,
705 5642 826 5697 Cap.
860 5627 915 5682 5.

247 5696 314 5768 (e)
352 5697 590 5774 In_PruI.
632 5690 695 5753 ad
727 5690 945 5762 Aiiast.,
980 5706 1110 5751 tom.
1139 5693 1229 5758 IV,
1266 5709 1385 5764 pag.
1419 5693 1488 5749 38
1518 5690 1762 5774 :hQuam-

182 5762 326 5845 quam
351 5772 488 5845 enim
504 5780 1052 5845 Asanctorum‘tuorum,
1082 5762 1402 5845 propagatae
1423 5775 1469 5818 te
1487 5762 1759 5845 ,_Donr.ine,

185 5843 282 5890 toto
319 5840 436 5895 orbe
465 5841 608 5895 clara
653 5842 718 5894 sit
765 5841 952 5910 gloria,
983 5841 1047 5895 de
1074 5838 1207 5893 beati
1236 5847 1402 5889 tamen
1443 5838 1763 5890 solemnitate

1863 4749 2037 4799 ntano,
2066 4736 2159 4788 sub
2172 4736 2524 4807 jurejurando
2546 4736 2898 4805 ﬁrmaverunt,
2917 4754 2991 4803 se,
3021 4738 3213 4791 vivente
3234 4736 3463 4805 Liberio,

1858 4827 2152 4897 pontiﬁcem
2172 4827 2392 4884 alterum
2412 4830 2702 4884 nullatenus
2726 4828 2989 4885 habituros
3006 4832 3112 4899 (li).
3141 4830 3254 4884 Duo
3277 4831 3460 4899 itaque

1857 4923 2080 4990 statuit,
2114 4934 2169 4977 ut
2198 4924 2348 4980 vides
2372 4968 2387 4990 ,
2421 4923 2505 4978 hic
2544 4939 2762 4989 auctor,
2796 4941 2917 4995 qua:
2966 4941 3088 4981 sese
3136 4933 3323 4979 mutuo
3368 4925 3463 4980 de-

1860 5025 2075 5071 struunt
2105 5034 2118 5071 :
2149 5018 2323 5087 primo
2356 5018 2668 5088 Damasum,
2708 5018 2928 5075 deserto
2982 5018 3238 5089 episcopo
3284 5032 3381 5071 suo
3410 5017 3469 5074 in

1873 5191 2167 5267 Laurentii,
2196 5196 2469 5266 peculiaris
2498 5210 2605 5267 pra:
2630 5196 2830 5250 caeteris
2863 5184 3282 5267 Roma‘lwlatur,
3314 5192 3466 5267 cujus

1870 5264 2161 5324 Nascsnno
2196 5261 2366 5332 Ilii-ts,
2400 5261 2544 5321 sacer
2567 5269 2820 5333 minister,
2854 5278 2900 5321 et
2947 5264 3235 5318 dedicatum
3265 5261 3466 5315 numini

1871 5346 1959 5392 tuo
1981 5358 2164 5395 munus
2189 5353 2260 5396 est
2291 5342 2577 5412 proprium.

1943 5419 2012 5490 (f)
2052 5414 2107 5471 Ἦ
2136 5418 2215 5497 εἰς
2239 5407 2708 5497 ἡμᾶς’ἀποδέξεαςαι
2729 5451 2741 5473 ,
2779 5415 2825 5497 εξ
2855 5407 2909 5465 ὃν
2938 5407 3166 5497 “(reposita
3192 5407 3465 5474 ἠγαπήσα-

1870 5485 1981 5561 μεῦ,
2012 5492 2100 5542 καὶ
2128 5485 2340 5560 εἴχομεν
2364 5493 2426 5560 τῇ
2443 5489 2702 5559 κοινωνίᾳ.
2727 5485 3024 5561 τοῦτοξ.ἔὰν
3052 5485 3282 5561 ὰςτοστρι
3294 5496 3464 5561 paup?

1870 5545 2088 5617 ἂπόλρτα.
2121 5545 2345 5621 sibila,
2387 5546 2522 5611 l‘ltSI.
2557 5545 2756 5609 Archo.
2787 5556 2852 5601 ad
2885 5545 3157 5621 M‘L‘u'th'i
3189 5545 3342 5621 “mit;
3365 5545 3457 5602 :37-

1943 5634 2017 5703 (9)
2067 5631 2179 5685 Vid.
2220 5617 2745 5703 Mabi_tl._cotnni._atl
2787 5621 2915 5674 0rd.
2949 5617 3133 5680 Bona,
3161 5629 3283 5685 cap.
3312 5618 3368 5681 5,
3398 5632 3468 5676 ac

1869 5696 2088 5759 Belictnt
2120 5716 2274 5757 notas
2302 5700 2368 5754 ad
2400 5697 2628 5753 Evaristi
2657 5696 2849 5747 Vitam.

1942 5757 2022 5846 (li)
2047 5774 2200 5846 Apud
2230 5770 2505 5828 Sirmond.
2536 5767 2726 5822 Venet.
2760 5761 2920 5826 edit.,
2946 5767 3076 5815 tom.
3108 5757 3151 5823 Ι,
3185 5773 3237 5830 p.
3266 5758 3393 5815 138.
