3998 6346
542 261 646 317 H5

1725 254 2042 314 SANCTUS
2082 255 2406 318 DAUASUS
2458 255 2637 314 PAPA
3712 267 3794 325 no

539 383 738 437 ίιίηριιο
768 375 978 450 posito,
1004 375 1230 430 Romam
1260 374 1402 430 clam
1428 373 1676 437 rediisse,
1702 375 2002 438 ambitione
2025 389 2149 430 cor-
2175 377 2222 435 Α
2253 371 2339 426 rio
2374 371 2574 428 reduce
2601 415 2613 434 .
2642 372 2865 430 minime
2890 381 3118 428 constat.
3150 371 3263 429 Uaa
3294 383 3495 430 tantum
3523 379 3795 448 coniectura

541 483 760 543 ruptum
786 514 801 538 ,
843 486 947 538 qua
1002 485 1192 538 nempe
1243 480 1515 522 summum
1553 467 1928 538 pontificatum
1961 467 2146 524 animo

544 571 900 634 conceperat;
931 558 1168 616 secundo
1191 575 1254 614 ea
1284 558 1388 620 die,
1414 573 1519 630 qua
1539 557 1788 620 Liberius
1818 558 1872 618 in
1895 557 2145 614 exsilium

544 655 992 730 proﬁciscebatur
1015 694 1030 724 η
1062 652 1294 706 clericos
1324 665 1516 706 omnes
1540 651 1754 720 iurasse
1785 691 1800 712 ,
1831 665 1890 706 se
1919 649 2150 706 nullate-

544 765 650 806 nus
683 748 960 804 babituros
977 745 1141 800 alium
1162 743 1497 814 pontiﬁcem,
1520 742 1742 798 vivente
1767 741 1984 798 Liberio
2009 742 2145 810 ipso,

547 845 720 904 cidem
749 843 1056 912 iuramento
1073 839 1308 908 iurando
1329 839 1619 896 Damasum
1649 851 1865 908 quoque
1885 835 2147 894 adfuisse.

545 941 616 994 At
646 937 690 991 si
731 935 835 992 hoc
865 933 956 988 ille
997 933 1312 1003 iuramento
1359 946 1512 1002 spem
1551 930 1652 984 sibi
1689 944 1906 986 omnem
1955 927 2148 998 praeci-

548 1028 726 1092 derat,
781 1025 872 1096 qui
929 1024 1048 1080 ﬁeri
1103 1032 1303 1093 potest,
1365 1031 1422 1078 ut
1463 1038 1571 1078 una
1615 1030 1823 1076 tantum
1855 1020 2155 1076 ambitione

547 1132 838 1192 corruptus
885 1119 1202 1190 episcopum
1229 1131 1388 1172 suum
1408 1114 1733 1178 deseruerit,
1767 1122 1823 1170 et
1855 1113 1921 1170 ad
1949 1111 2152 1169 Urbem

549 1230 803 1274 reversus
833 1212 938 1270 sit?
983 1211 1208 1268 Constat
1244 1209 1427 1282 itaque
1466 1207 1756 1264 Damasum
1774 1207 2032 1277 episcopo
2054 1219 2156 1262 suo

553 1313 608 1369 in
657 1311 910 1368 exsilium
961 1306 1180 1364 abeunti
1215 1305 1356 1362 bono
1382 1305 1706 1374 sinceroque
1735 1303 1917 1356 animo
1943 1301 2154 1356 socium

553 1419 614 1461 se
657 1403 918 1468 dedisse;
953 1411 1008 1455 at
1056 1401 1324 1462 incertum
1370 1404 1455 1454 est
1481 1437 1498 1463 ,
1548 1411 1707 1466 quem
1750 1409 1922 1464 usque
1957 1393 2024 1448 ad
2075 1393 2156 1447 lo-

552 1513 674 1555 cum
703 1496 994 1550 comitatus
1017 1491 1170 1547 illum
1195 1489 1376 1556 fuerit,
1395 1499 1449 1544 et
1471 1504 1638 1558 quare
1663 1486 1730 1542 ad
1759 1486 1954 1543 Urbem
1977 1499 2160 1542 rever-

551 1606 645 1646 sus
665 1588 861 1644 dcinde
885 1587 973 1644 sit.
994 1584 1305 1662 Onopbrius
1324 1582 1615 1638 Panvinius
1631 1582 1780 1638 illum
1795 1580 2158 1638 Mediolanum

553 1698 727 1756 usque
756 1681 1007 1747 deducit,
1058 1693 1123 1735 ac
1150 1693 1219 1734 ex
1259 1693 1322 1732 ea
1369 1676 1502 1734 urbe
1550 1691 1580 1730 a
1629 1675 1849 1731 Liberio
1895 1675 2159 1731 benevole

554 1777 838 1834 dimissum
878 1772 1071 1828 scribit
1117 1771 1171 1825 in
1224 1768 1608 1824 Ecclesiastica
1646 1782 1749 1822 ms.
1787 1767 2008 1821 historia
2032 1807 2047 1834 ,
2090 1781 2162 1822 ex
2191 1767 2242 1827 B

555 1886 662 1941 qua
694 1865 1084 1932 Schelstratius
1144 1860 1221 1938 (a)
1275 1865 1390 1916 haec
1439 1861 1631 1918 recitat
1671 1877 1684 1914 :
1719 1858 1856 1916 Eum
1883 1861 1936 1914 in
1968 1871 2164 1916 certum

556 1960 798 2015 exsilium
821 1956 1090 2011 abeuntem
1121 1952 1380 2008 Damasus
1403 1953 1652 2008 diaconus
1674 1995 1688 2020 ,
1728 1953 1816 2018 qui
1845 1961 2024 2024 postea
2051 1953 2164 2023 epi-

560 2073 748 2128 scopus
797 2053 1065 2108 Romanus
1114 2050 1250 2121 fuit,
1285 2048 1640 2104 Mediolanum
1690 2065 1851 2120 usque
1893 2048 2165 2103 comitatus

561 2158 672 2216 est;
700 2164 847 2218 quem
881 2146 966 2200 ubi
997 2144 1278 2215 relegatum
1318 2143 1371 2196 in
1425 2140 1708 2196 Thraciam
1738 2142 1864 2196 vidit
1885 2183 1901 2208 ,
1943 2141 2166 2196 Romam

561 2240 767 2296 rediens
794 2282 810 2312 ,
843 2255 960 2291 cum
1005 2238 1152 2292 nulla
1181 2239 1292 2308 ejus
1340 2236 1682 2290 restitutionis
1720 2252 1834 2307 spes
1875 2251 1979 2291 esse
2021 2235 2165 2290 vide-

562 2346 706 2390 retur
727 2376 741 2402 ,
767 2343 945 2388 auctor
972 2331 1113 2388 clero
1139 2331 1302 2400 fuisse
1333 2328 1525 2384 dicitur
1547 2371 1562 2396 ,
1595 2338 1651 2383 ut
1680 2329 1842 2384 alium
1869 2329 2166 2399 pontiﬁcem

562 2430 616 2483 in
658 2428 853 2482 Liberii
883 2428 1052 2481 locum
1097 2426 1379 2496 eligerent;
1408 2424 1552 2493 quod
1594 2432 1778 2479 tamen
1811 2425 2053 2482 nonnulli
2087 2425 2200 2479 in-~

563 2522 854 2592 telligunt,
889 2535 954 2576 ac
996 2520 1040 2574 si
1073 2519 1340 2576 Damasus
1389 2517 1550 2587 hujus
1579 2517 1796 2574 consilii
1824 2519 1975 2574 clero
2003 2517 2166 2574 dandi

565 2631 632 2670 ex
660 2617 781 2688 ipso
808 2614 1014 2670 Liberii
1049 2612 1306 2670 mandato
1337 2621 1528 2678 auctor
1570 2611 1726 2668 fuerit
1773 2611 1870 2684 (ὁ).
1903 2611 2004 2666 Alii
2038 2626 2168 2668 vero

563 2710 831 2766 Beroeam
878 2721 1073 2778 usque,
1119 2705 1272 2760 illum
1304 2705 1524 2764 Liberio
1563 2703 1772 2760 socium
1821 2704 1988 2760 fuisse
2033 2704 2170 2761 scri-

567 2804 722 2859 bunt.
757 2805 828 2856 At
853 2816 977 2856 cum
1006 2814 1198 2858 omnes
1231 2806 1475 2854 veterum
1533 2796 1855 2854 testimoniis
1885 2796 2168 2866 solidaque

569 2896 746 2968 aliqua
778 2892 1096 2963 conjectura
1124 2891 1526 2956 destituuntur,
1557 2890 1658 2945 bac
1687 2889 1756 2946 de
1787 2904 1842 2944 re
1874 2890 2006 2946 nihil
2030 2907 2060 2945 a
2084 2905 2169 2946 me

569 2986 919 3044 Statuendum
971 2993 1123 3056 puto.
1186 2984 1300 3039 Hoc
1350 2994 1531 3038 tamen
1560 2999 1663 3056 ego
1691 2997 1796 3038 non
1825 2981 2125 3040 concedam
2152 3023 2166 3048 ,

572 3081 904 3146 Damasum,
951 3095 1073 3134 cum
1119 3077 1319 3145 rediit,
1367 3087 1642 3134 auctorem
1673 3079 1824 3144 clero
1869 3076 2034 3133 fuisse
2062 3119 2077 3144 ,
2110 3086 2169 3134 ut

569 3174 710 3228 alter
733 3173 786 3227 in
812 3174 1051 3230 absentis
1077 3171 1320 3242 episcopi
1346 3172 1523 3228 locmn
1547 3172 1864 3243 eligeretur,
1888 3187 2012 3228 cum
2034 3171 2168 3228 mihi
2194 3149 2240 3212 Ο

570 3281 684 3338 pra:
729 3267 982 3324 on'mibus
1032 3264 1211 3340 potior
1247 3267 1319 3319 sit
1349 3265 1647 3322 auctoritas
1701 3264 1979 3320 Athanasii
2030 3265 2171 3321 scri-

573 3361 836 3432 bentis(c)
869 3379 882 3415 :
913 3360 1269 3415 Constantium
1301 3357 1533 3430 Epicteto
1557 3361 1792 3414 ministro
1816 3376 1988 3426 usum,
2014 3360 2170 3416 ador-

571 3466 696 3508 na'o
721 3455 772 3507 in
810 3453 1054 3506 Ecclesiw
1078 3453 1246 3506 locum
1276 3452 1492 3521 palatio,
1523 3467 1636 3506 eum
1667 3462 1766 3506 tres
1799 3461 2049 3508 castratos
2081 3468 2174 3520 po-

573 3546 818 3617 pulorum
845 3545 953 3597 vice
979 3544 1076 3596 sibi
1100 3543 1284 3602 adesse
1305 3543 1582 3617 jussisset,
1615 3543 1817 3598 demum
1847 3555 1946 3598 tres
1975 3546 2172 3616 impro-

574 3639 662 3692 bos
693 3645 1023 3705 catascOpos,
1055 3635 1196 3694 haud
1231 3637 1365 3689 enim
1414 3635 1639 3706 episcopi
1679 3635 2017 3702 nominandi,
2048 3635 2174 3690 ade-

574 3730 729 3801 gisse,
767 3739 821 3780 ut
848 3725 1071 3783 Felicem
1097 3725 1369 3796 quemdam
1393 3767 1406 3792 ,
1435 3727 1667 3796 ipsorum
1692 3727 1917 3782 moribus
1958 3727 2172 3797 dignum

574 3819 863 3882 hominem,
912 3820 1212 3891 cpiswpum
1257 3818 1575 3873 ordinarent.
1613 3817 1763 3875 Unus
1807 3819 1988 3890 itaque
2027 3820 2175 3876 Con-

575 3913 809 3968 stantius
838 3913 1154 3983 imperator,
1190 3927 1328 3966 unus
1359 3911 1662 3982 Epictetus,
1693 3920 1776 3976 et.
1808 3919 1864 3966 ut
1903 3911 2171 3986 Hierony-

572 4021 694 4061 mus
721 4005 804 4078 (d)
834 4006 943 4072 ait,
968 4005 1201 4060 Aeacius
1223 4005 1509 4070 Caesareae,
1538 4005 1696 4076 hujus
1725 4013 1850 4060 tunc
1879 4005 2174 4078 illegitimate

573 4108 740 4171 atque
779 4099 1102 4154 adulterina:
1130 4098 1415 4154 electionis
1459 4111 1649 4160 auctor
1675 4141 1690 4168 ,
1724 4114 1787 4155 ac
1830 4099 1993 4154 nullae
2023 4099 2076 4154 in
2110 4114 2171 4154 ea

572 4204 663 4247 aut
693 4191 994 4258 suadenda,
1019 4200 1111 4244 ant
1142 4187 1403 4259 paranda,
1440 4189 1653 4245 Damasi
1683 4199 1736 4246 et
1780 4190 1914 4246 cleri
1943 4188 2173 4244 Romani

572 4295 760 4355 partes
798 4285 1036 4340 fuerunt.
1071 4283 1436 4351 Quamobrem
1484 4283 1531 4338 si
1580 4283 1711 4354 quid
1759 4299 1787 4336 a
1821 4282 2040 4338 Liberio
2074 4285 2174 4338 Da-

572 4389 728 4428 maso
759 4375 860 4444 ipsi
893 4373 1208 4429 mandatum
1251 4384 1335 4428 est
1357 4415 1370 4437 ,
1413 4374 1458 4429 si
1492 4373 1619 4445 quid
1651 4376 1761 4448 egit
1808 4375 1897 4432 ille
1943 4390 2039 4448 pro
2071 4373 2172 4432 Fe-

571 4464 715 4530 lice,
760 4466 886 4520 illud
933 4478 1017 4522 est
1048 4467 1362 4533 dumtaxat,
1413 4476 1471 4522 ut
1519 4471 1792 4524 curaverit
1838 4483 1962 4524 eum
2005 4468 2174 4542 recipi

573 4566 698 4621 loco
730 4565 927 4622 Vicarii
953 4568 1020 4622 ab
1046 4567 1238 4623 eodem
1270 4568 1490 4623 Liberio
1515 4571 1821 4637 consrituti,
1852 4587 1920 4626 ex
1952 4582 2169 4642 recepta

573 4663 1018 4730 persecutionum
1055 4673 1299 4732 tempore
1338 4663 1622 4734 disciplina
1645 4705 1658 4728 ,
1694 4676 1751 4718 ut
1792 4664 2171 4735 Papebrocbio

572 4753 796 4822 placet:
833 4753 1105 4809 Liberium
1141 4769 1373 4823 namque
1405 4753 1744 4809 Pontiﬁciam
1785 4771 2002 4828 semper
2046 4761 2173 4814 reti-

573 4844 764 4899 nuisse
787 4853 1111 4924 potestatem
1143 4846 1232 4898 vix
1263 4845 1404 4900 ullus
1435 4845 1744 4916 negaverit,
1775 4847 1867 4916 qui
1910 4849 2171 4918 epistolas

571 4937 626 4992 in
659 4937 878 5003 exsilio,
909 4951 971 4992 ac
991 4952 1099 5007 quo
1121 4936 1387 5006 imprimis
1418 4951 1662 5008 tempore
1694 4938 1866 5011 frangi
1890 4956 1953 4995 ac
1974 4940 2171 4997 cedere

569 5030 723 5086 visus
750 5038 866 5096 est,
899 5030 968 5084 ab
998 5045 1063 5086 eo
1093 5031 1324 5101 scriptas
1353 5031 1525 5103 legat,
1557 5046 1693 5102 quas
1725 5031 1830 5087 huc
1859 5032 2053 5089 afferre
2079 5049 2169 5089 su-

566 5138 964 5198 pervacaneum
998 5134 1144 5192 puto.

643 5217 732 5276 ιιι.
780 5217 1046 5282 Danrasns
1095 5220 1276 5296 itaque
1324 5217 1504 5282 medio
1550 5219 1756 5284 interea
1810 5228 2058 5290 tempore
2100 5223 2166 5278 ad

569 5314 876 5386 presbyteri
908 5313 1130 5383 gradum
1160 5321 1382 5368 evectus
1404 5312 1628 5379 dicitur,
1658 5329 1726 5369 an
1753 5329 1884 5370 vero
1905 5329 1935 5370 a
1959 5315 2163 5383 Felice,

569 5415 630 5462 nt
670 5405 936 5461 Bacchius
964 5413 1154 5466 censet
1181 5402 1280 5482 (ε),
1312 5419 1402 5473 an,
1435 5415 1495 5460 ut
1523 5406 1643 5462 aliis
1671 5407 1906 5476 videtur,
1945 5423 1974 5462 a
2005 5408 2165 5467 Libe-

641 5566 723 5644 (a)
753 5567 940 5644 Antiq:
976 5563 1210 5644 EcclesL.
1239 5564 1458 5644 dissert.
1489 5567 1553 5644 2ἶ
1581 5583 1705 5640 cap.
1733 5570 1790 5644 9,

641 5633 722 5782 is)
754 5633 875 5693 Vid.
904 5633 1135 5707 Pai'ebr.
1165 5633 1300 5700 Ceu.
1329 5639 1492 5704 Hist.,
1523 5633 1742 5704 dissert.
1777 5637 1840 5712 9,
1875 5660 2028 5710 num.
2056 5645 2110 5704 6.

665 5711 716 5782 ς)
748 5709 917 5782 Epist.
948 5709 1015 5782 a_d
1043 5707 1402 5782 Solit.,num.
1430 5709 1521 5766 '75.

641 5707 721 5849 (2
748 5709 917 5780 Epist.
948 5709 1015 5766 ad
1043 5707 1227 5780 Solit.,
1253 5725 1402 5770 num.
1430 5709 1521 5766 '75.

637 5786 655 5854 (
755 5777 830 5834 De
859 5778 916 5833 S.
954 5779 1045 5850 E.,
1071 5793 1191 5851 cap.
1222 5781 1310 5837 98.

2247 477 2332 520 est
2355 506 2369 528 ,
2403 482 2522 534 quae
2550 466 2764 520 Baronii
2804 465 3116 536 opinionem
3148 481 3256 537 pra:
3296 469 3464 523 altera
3504 469 3626 526 mihi
3654 473 3799 538 potio-

2249 574 2368 614 rem
2411 558 2597 614 cfﬁcit.
2632 558 2910 628 Siquidem
2952 574 3074 616 eum
3105 560 3479 632 presbyterum
3508 561 3661 618 fuisse
3693 564 3800 634 legi-

2253 666 2393 717 mus,
2427 666 2549 706 cum
2580 651 2846 712 Liberius.
2877 662 2936 708 ut
2959 652 3051 706 ira!
3080 654 3378 709 Constantii
3403 669 3461 708 se
3487 654 3797 724 subduceret,

2253 745 2308 800 in
2335 743 2655 800 cmmeterio
2681 743 2936 800 Ostriano
2983 745 3201 802 latitare
3244 754 3462 802 coactus
3514 755 3627 813 est;
3670 760 3804 819 atque

2253 836 2378 892 ideo
2410 852 2515 892 non
2568 837 2793 891 omnino
2848 837 3156 892 verosimile
3207 837 3452 894 videatur
3477 880 3490 902 ,
3523 839 3805 897 iutermedio

2255 927 2358 982 hoc
2390 938 2656 998 tempore,
2689 927 3002 984 turbulento
3033 944 3292 1000 prorsus,
3317 931 3677 1002 molestiaque
3701 921 3804 1002 gn;

2256 1022 2497 1078 vissimis
2524 1022 2808 1093 impedito,
2833 1023 2976 1094 quod
3012 1038 3042 1078 a
3066 1023 3270 1080 Liberii
3296 1023 3470 1080 reditu
3499 1024 3562 1080 ad
3595 1025 3703 1094 eius
3724 1027 3807 1082 ite-

2259 1131 2435 1176 ratum
2472 1133 2748 1174 secessum
2781 1119 3095 1188 interiacet,
3129 1118 3371 1176 ordinari
3402 1119 3550 1175 illum
3585 1121 3809 1188 potuisse.

2260 1211 2406 1267 Fieri
2451 1211 2636 1281 itaque
2664 1209 2823 1266 facile
2855 1218 3065 1280 potest,
3099 1222 3158 1268 ut
3193 1211 3334 1268 inter
3367 1226 3496 1279 eos,
3524 1226 3654 1284 quos
3677 1227 3704 1268 ι
3731 1212 3812 1268 Fe-

2261 1305 2365 1362 lice
2391 1312 2668 1375 promotos
2697 1303 2978 1371 Liberius,
3015 1309 3264 1362 restituta
3286 1307 3402 1375 iam
3432 1305 3812 1378 tranquillitate,

2262 1399 2316 1454 in
2347 1398 2576 1468 propriis
2598 1398 2724 1454 locis
2747 1397 2988 1469 reliquit,
3021 1399 3110 1456 ille
3142 1397 3325 1458 fuerit.

2336 1537 2425 1593 IV.
2459 1536 2614 1605 Quod
2637 1552 2770 1592 vero
2791 1537 2858 1592 ad
2889 1538 3111 1608 perjurii
3135 1539 3462 1593 calumniam
3501 1538 3697 1605 attinet,
3717 1539 3811 1593 cle-

2265 1649 2384 1688 rum
2435 1632 2738 1687 Romanum
2792 1631 2950 1687 ﬁdem
2993 1632 3210 1687 Liberio
3241 1633 3292 1687 in
3342 1633 3589 1688 exsilium
3635 1632 3818 1688 abeunti

2268 1742 2422 1783 suam
2450 1726 2809 1796 jurejurando
2835 1727 3108 1797 obligasse
3158 1727 3352 1798 probat
3397 1707 3556 1780 etiam
3595 1724 3820 1796 Hierony-

2271 1833 2392 1874 mus
2415 1817 2533 1873 hzec
2566 1819 2616 1872 in
2645 1817 2920 1874 Chronico
2946 1819 3191 1874 scribens
3233 1837 3246 1872 :
3276 1818 3481 1874 Liberio
3514 1819 3562 1872 in
3589 1818 3753 1873 exsilio
3772 1818 3820 1871 ob

2269 1913 2428 1983 ﬁdem
2455 1923 2618 1975 truso,
2645 1929 2817 1967 omnes
2839 1913 3012 1967 clerici
3031 1913 3341 1976 iurauerunt
3358 1955 3374 1981 ,
3406 1925 3459 1967 ut
3487 1913 3674 1968 nullum
3693 1913 3821 1965 alium

2269 2007 2588 2073 susciperent
2617 2021 2635 2060 :
2661 2022 2782 2077 qua:
2829 2007 2943 2061 fere
2987 2006 3148 2062 verba
3203 2007 3439 2075 ProSper
3468 2005 3726 2062 exscribit.
3767 2005 3823 2061 At

2268 2112 2390 2154 cum
2422 2098 2590 2152 altum
2621 2098 2761 2168 apud
2795 2098 2916 2153 illos
2941 2099 3009 2154 de
3036 2099 3265 2154 Damaso
3286 2099 3562 2154 silentium
3589 2100 3673 2162 sit,
3697 2098 3822 2152 valde

2270 2191 2562 2247 admodum
2595 2191 2806 2258 dubito,
2837 2207 2904 2246 ne
2931 2190 3320 2246 schismaticus
3341 2201 3527 2246 auctor
3553 2190 3686 2247 istud
3711 2206 3821 2262 quo-

2271 2299 2379 2354 que
2410 2284 2474 2337 ad
2502 2284 2608 2338 alia
2655 2300 2774 2354 qua:
2822 2284 2889 2340 de
2916 2299 2982 2339 eo
3015 2285 3278 2339 mentitur
3306 2326 3320 2351 ,
3371 2285 3651 2354 adiecerit;
3692 2293 3825 2353 atque

2272 2374 2377 2430 hoc
2409 2384 2466 2430 ut
2495 2391 2596 2446 ego
2637 2376 2847 2430 facilius
2877 2375 3134 2444 credam,
3183 2375 3312 2431 facit
3354 2375 3618 2432 Ammiani
3641 2375 3826 2432 Marcel-

2273 2467 2367 2523 lini
2401 2469 2771 2522 tesﬁmonium
2819 2477 3008 2538 aperte
3038 2472 3369 2536 asserentis,
3409 2469 3656 2523 Liberium
3681 2483 3822 2539 agre,

2276 2561 2459 2632 pepuli
2487 2572 2657 2625 metu,
2688 2561 2774 2628 qui
2815 2562 2930 2631 ejus
2977 2577 3150 2616 amore
3188 2563 3484 2634 flagrabat,
3523 2578 3632 2616 cum
3670 2575 3826 2633 magna

2275 2656 2606 2727 difﬁcultate,
2631 2656 2794 2710 noctis
2817 2655 2984 2708 medio
3006 2656 3267 2725 asportari
3293 2656 3514 2726 potuisse
3537 2651 3622 2727 (f).
3655 2654 3768 2708 Nam
3790 2652 3824 2705 si

2274 2751 2524 2808 Liberius
2554 2753 2691 2807 clam
2715 2791 2731 2817 ,
2763 2767 2823 2805 ac
2850 2752 3014 2804 noctis
3043 2751 3210 2804 medio
3252 2765 3376 2805 cum
3419 2763 3602 2820 magna
3632 2745 3826 2802 difﬁcul-

2277 2856 2387 2902 tate
2409 2846 2479 2901 ob
2509 2846 2691 2916 populi
2721 2854 2922 2900 metum
2947 2845 2997 2897 in
3018 2843 3269 2898 exsilium
3303 2853 3486 2914 raptus
3511 2850 3608 2905 est,
3631 2839 3711 2912 qui
3733 2838 3825 2893 ﬁeri

2274 2949 2485 3011 potuit,
2521 2950 2576 2992 ut
2599 2939 2838 3008 iuratum
2873 2937 3032 2992 fuerit
3073 2952 3132 2990 eo
3156 2936 3272 3001 die,
3313 2953 3413 3008 quo
3438 2937 3525 2990 ille
3547 2936 3598 2990 in
3621 2933 3824 2989 exsilium

2275 3031 2735 3103 proﬁciscebatur?
2764 3030 2875 3085 alio
2897 3030 3076 3100 itaque
3101 3030 3207 3095 die,
3239 3046 3401 3101 quam
3443 3045 3546 3100 quo
3572 3027 3794 3083 scribitur
3814 3065 3826 3088 ,

2273 3127 2509 3195 iuratum
2559 3125 2720 3180 fuerit
2750 3133 2993 3195 Oportet,
3036 3132 3228 3194 atque,
3263 3133 3322 3179 ut
3363 3125 3702 3194 Ilieronymus
3735 3119 3827 3183 ait,

2277 3221 2482 3276 Liberio
2526 3221 2580 3274 in
2631 3219 2871 3275 exsilium
2912 3223 3017 3283 iam
3049 3229 3189 3273 truso
3235 3236 3254 3273 :
3285 3221 3427 3290 quod
3473 3219 3516 3273 si
3547 3229 3714 3272 verum
3739 3212 3827 3273 sit,

2276 3315 2539 3372 Damasus
2561 3314 2736 3369 cidem
2765 3314 2987 3369 abeunti
3011 3328 3195 3368 comes
3218 3306 3830 3384 adiunctusiureiurando

2274 3410 2469 3465 adesse
2500 3425 2606 3463 non
2633 3407 2832 3475 potuit;
2869 3409 3065 3462 frustra
3090 3423 3175 3474 lue
3201 3406 3580 3464 Tillemontius
3602 3404 3828 3460 medicam

2277 3503 2400 3559 huic
2429 3504 2548 3559 loco
2575 3517 2793 3556 manum
2825 3501 3048 3557 adhibet
3081 3499 3179 3573 (g).

2348 3645 2454 3702 Fac
2487 3655 2666 3700 tamen
2689 3642 2987 3712 prmstltum
3013 3656 3042 3698 a
3076 3642 3310 3700 DamaSo
3323 3641 3678 3713 iuramentum
3701 3633 3829 3699 illud,

2278 3737 2409 3793 nihil
2445 3737 2547 3792 hoc
2575 3735 2798 3792 obstare
2836 3737 3044 3806 potuit,
3078 3733 3373 3804 quominus
3407 3732 3570 3790 Felici
3597 3731 3831 3788 Romanus

2276 3830 2456 3884 clerus
2492 3827 2692 3882 deinde
2731 3826 3047 3893 accederet,
3091 3825 3320 3898 eiusque
3361 3823 3572 3882 consilii
3613 3834 3727 3884 tunc
3752 3819 3833 3872 Da-

2279 3937 2463 3978 masus
2488 3931 2676 3976 auctor
2705 3921 2889 3976 fuerit.
2921 3919 2978 3976 ld
3008 3935 3136 3976 vero
3159 3919 3360 3982 factum
3383 3920 3720 3980 arbitramur,
3747 3911 3830 3968 nisi

2278 4031 2378 4070 nos
2408 4015 2493 4070 his
2538 4015 2590 4070 in
2633 4015 2798 4070 rebus
2820 4013 3148 4070 circumfusa
3174 4013 3352 4085 caligo
3392 4013 3560 4084 fallit,
3591 4025 3723 4068 anno
3745 4003 3832 4061 558

2279 4107 2522 4162 nondum
2550 4106 2755 4175 adulto,
2778 4122 2842 4160 ac
2864 4114 3148 4177 postquam
3177 4106 3430 4164 Liberius
3449 4106 3636 4166 exsilio
3667 4097 3830 4169 lranli.

2276 4211 2332 4261 et
2358 4203 2425 4259 ad
2455 4203 2780 4258 Arianorum
2808 4212 2989 4272 partes
3035 4212 3200 4271 atque
3250 4201 3504 4281 haaresim
3531 4198 3744 4258 transire
3765 4193 3832 4249 vi-

2277 4311 2370 4354 sus
2400 4305 2515 4362 est;
2562 4310 2626 4352 ac
2653 4296 2871 4351 demum
2902 4297 3170 4366 postquam
3198 4295 3382 4350 Ariani
3423 4294 3644 4364 episcOpi
3681 4285 3834 4345 Sirmii

2279 4389 2542 4445 constituti
2567 4389 2774 4446 litteras
2795 4388 3131 4458 scripserunt
3151 4386 3320 4445 Felici
3341 4431 3354 4452 .
3380 4398 3436 4444 et
3455 4389 3598 4445 clero
3622 4381 3832 4455 ejusdem

2281 4482 2546 4540 Ecclesia:
2565 4492 2624 4538 ut
2655 4481 2927 4544 Liberium
2966 4481 3140 4552 ipsum
3171 4482 3500 4550 reciperent,
3522 4487 3676 4548 atque
3701 4474 3834 4530 ambo

2281 4575 2485 4647 pariter
2512 4574 2864 4644 apostolicam
2895 4572 3082 4629 sedem
3111 4572 3560 4634 administrarent
3590 4569 3681 4642 (li).
3708 4565 3834 4620 Tunc

2267 4669 2423 4740 enim
2454 4666 2596 4722 idem
2619 4665 2798 4720 clerus
2825 4663 3027 4722 certior
3057 4663 3230 4720 factus
3253 4667 3321 4724 de
3352 4665 3420 4719 iis
3440 4708 3454 4734 ,
3477 4680 3593 4736 qua-
3622 4657 3834 4717 Liberius

2275 4776 2460 4816 autqu
2485 4767 2954 4829 prteconcepcrat,
2986 4771 3050 4818 ac
3077 4759 3253 4829 palam
3283 4760 3450 4813 etiam
3479 4760 3698 4818 fecerat,
3728 4762 3835 4804 auc-

2273 4861 2438 4924 taque
2483 4851 2680 4908 deinde
2711 4860 2766 4907 et
2793 4851 3112 4906 conﬁrmata
3136 4851 3404 4908 calumnia
3429 4849 3714 4906 Liberinnze
3739 4841 3833 4895 ha:-

2278 4959 2487 5012 reseos,
2517 4944 2587 5000 ab
2617 4960 2681 5000 eo
2714 4943 2851 4998 forte
2883 4944 3142 5007 recessit,
3168 4957 3232 4998 ac
3267 4943 3368 4998 sub
3404 4943 3581 5014 capite
3610 4938 3694 4993 illo
3733 4945 3834 4990 esse

2280 5055 2339 5096 se
2370 5039 2575 5093 diutius
2600 5052 2705 5093 non
2739 5051 2896 5108 posse
2923 5035 3166 5102 censuit,
3199 5035 3340 5106 quod
3368 5035 3434 5089 ad
3459 5030 3736 5089 Catholica:
3759 5024 3835 5080 Ec.

2276 5133 2456 5190 clesia:
2493 5147 2691 5202 corpus
2732 5130 3008 5200 pertinere
3043 5143 3150 5182 non
3179 5128 3499 5191 videbatur;
3552 5126 3672 5178 hinc
3709 5124 3836 5190 post-

2275 5242 2436 5298 quam
2483 5225 2578 5298 ille
2604 5224 2671 5279 ad
2719 5223 2918 5280 Urbem
2948 5236 3199 5277 reversus
3226 5231 3339 5288 est,
3369 5220 3548 5275 clerus
3586 5217 3697 5286 ipse
3728 5222 3832 5268 cum

2276 5297 2462 5390 primis
2481 5297 2641 5386 ’ξρετε
2673 5331 2704 5372 a
2733 5315 2915 5371 Felice
2951 5313 3139 5370 divelli
3171 5315 3382 5385 potuit,
3411 5313 3498 5384 qui
3525 5318 3756 5383 quantum
3779 5297 3835 5354 ad

2273 5411 2574 5484 religionem
2601 5417 2807 5480 spectat
2827 5450 2843 5475 ,
2875 5409 3022 5464 omni
3067 5423 3287 5480 prorsus
3316 5403 3730 5481 reprehensione
3753 5411 3833 5456 ca-

2353 5572 2426 5648 (ᾳ)
2443 5572 2601 5648 _A_nn.
2625 5571 2754 5637 359,
2792 5587 2848 5627 n.
2874 5571 2965 5648 d6.

2341 5642 2413 5717 (η
2443 5642 2575 5717 Lib.
2602 5659 2696 5710 xv,
2728 5658 2848 5713 cap.
2878 5645 2929 5696 7.

2341 5713 2422 5788 (9)
2451 5715 2527 5788 De
2551 5715 2681 5771 Aria
2695 5733 2777 5788 η.ἶ
2804 5722 2906 5769 art.
2939 5713 3034 5784 20,
3063 5731 3118 5788 ρ.
3145 5715 3270 5772 586,

2346 5785 2432 5864 (lt)
2460 5785 2701 5853 Sozom.,
2726 5785 2820 5844 lib.
2852 5802 2926 5852 tv,
2949 5785 3080 5860 esp;
3094 5789 3184 5846 ιδ,
