3998 6346
10 2734 69 3237 )l

233 274 257 330 1
274 273 333 330 l'l
1606 263 1824 324 PROLE

1946 263 2138 324 ηεΝΑ.
3428 268 3530 324 118

232 389 378 445 rebst
409 384 516 458 (α),
548 399 612 441 ac
656 398 747 447 res
775 398 843 439 eo
872 384 1051 449 venit.
1095 393 1153 440 ut
1177 384 1371 441 seditio
1408 384 1589 455 aliqua
1615 383 1823 441 clerum
1853 386 1906 447 Α

233 481 398 545 inter,
433 492 497 533 ac
531 477 793 548 populum
818 519 833 543 ,
862 485 917 532 et
960 490 1214 545 proceres
1239 519 1253 543 ,
1304 476 1426 532 aliis
1453 474 1665 543 Felici,
1697 476 1820 532 aliis

234 571 446 628 Liberio
471 568 885 626 adhaerentibus
904 610 918 635 ,
946 578 1065 624 orla
1097 568 1263 624 fuerit
1287 568 1385 638 (b).

296 666 413 721 Dixi
451 665 778 720 calumniam
813 664 1113 720 Liberianre
1153 664 1448 732 haereseos,
1480 679 1604 720 cum
1631 665 1821 735 primat

232 768 432 814 tantum
463 758 753 815 Sirmiensi
781 758 1026 813 formula:
1058 758 1479 829 subscripserit,
1504 758 1649 829 quod
1673 760 1822 815 salva

233 851 349 907 ﬁdei
372 852 685 921 integritate
708 850 829 906 ﬁeri
857 852 1099 921 potuisse
1122 851 1393 907 doctiores
1426 853 1670 924 plerique
1693 868 1823 908 cen-

230 956 363 1002 sent.
403 946 540 1001 Nam
569 947 659 1017 qui
711 945 860 1001 illum
908 946 1162 1002 secunda:
1211 945 1499 1003 Sirmiensi
1543 947 1819 1015 formulae,

232 1040 338 1094 sire
358 1039 575 1094 Arianae
601 1037 847 1107 perfidia:
874 1038 1265 1108 subscripsisse
1294 1050 1504 1108 putant,
1534 1039 1823 1094 manifeste

233 1131 505 1195 falluntur,
551 1130 667 1186 sive
696 1130 1002 1197 Catholici,
1031 1147 1361 1201 quamquam
1395 1131 1592 1201 oppido
1625 1132 1819 1201 pauci,

231 1227 336 1279 sive
383 1226 418 1280 ii
448 1240 475 1277 a
512 1224 669 1279 nobis
697 1224 858 1279 alieni
885 1224 1022 1289 sint;
1054 1238 1285 1292 quorum
1316 1240 1599 1279 numerum
1644 1225 1825 1293 potius

232 1334 379 1389 quam
407 1319 558 1372 vires
582 1332 755 1386 nuper
781 1318 932 1372 auxit
957 1332 1261 1388 anonymus
1288 1318 1377 1372 ille
1395 1359 1407 1382 ,
1442 1318 1531 1387 qui
1558 1317 1823 1387 pudorem

232 1425 342 1467 cum
374 1410 590 1465 cucullo
616 1410 796 1472 exuit,
836 1408 1230 1478 historiamque
1275 1424 1613 1463 summorum
1648 1410 1825 1479 ponti-

235 1503 380 1557 ticum
426 1500 721 1557 infeliciter
758 1501 1189 1557 consarcinatam
1214 1542 1229 1567 ,
1272 1517 1336 1557 ac
1383 1502 1553 1557 tribus
1594 1504 1827 1559 volumi-

234 1596 381 1650 nibus
412 1603 665 1650 recenter
690 1593 1038 1664 impressam,
1067 1594 1657 1650 Amslelodamensium
1684 1597 1825 1667 typis

234 1688 407 1743 edidit.
438 1691 510 1743 At
532 1703 600 1744 ne
631 1688 892 1743 lectorem
918 1688 1041 1759 plus
1072 1704 1228 1759 aequo
1248 1688 1543 1755 detineam,
1573 1690 1825 1745 consulat

2570 383 2799 443 CAPUT
2840 385 2906 442 ll.

2031 521 2157 587 566,
2195 521 2401 577 DAMAS!
2424 523 2479 589 1,
2504 520 2781 580 011111111Νο
2806 538 2874 577 ur
2901 521 3209 579 DAGALAII‘O
3237 536 3416 579 conss.

2081 613 2208 677 567,
2244 614 2444 669 Duxsr
2474 613 2531 681 2,
2564 613 2818 687 LUPICINO
2860 628 2929 669 ετ
2960 613 3155 670 JOVINO
3183 629 3362 671 conss.

1926 732 1965 785 Ι.
2010 729 2267 785 Damasus
2297 729 2506 802 eligitur
2534 729 2800 787 Romanus
2832 733 3065 802 pontifex
3103 750 3121 788 :
3166 742 3217 788 at
3252 732 3527 791 Ursicinus

1996 823 2255 894 Antipapa
2301 839 2333 876 a
2368 823 2601 894 factiosis
2641 824 2950 879 obtruditur.
2997 824 3061 880 ll.
3092 822 3262 880 Comei
3309 826 3528 896 scripto-

1997 932 2079 970 res
2109 918 2467 987 conferuntur,
2510 917 2897 988 expenduntur,
2923 934 2983 973 ac
3011 936 3129 974 vera
3160 936 3332 975 rerum
3359 931 3535 992 gesta-

1997 1025 2111 1062 rum
2132 1009 2287 1063 series
2317 1010 2438 1063 inde
2465 1010 2747 1081 colligitur,
2780 1021 2825 1066 et
2853 1014 3128 1082 exponitur
3159 1030 3172 1066 :
3197 1030 3374 1069 recens
3396 1030 3526 1068 ano-

1998 1118 2184 1171 nymus
2209 1100 2439 1155 Vitarum
2457 1102 2815 1156 Romanorum
2833 1106 3524 1175 pontiﬁcumAmstelodami

1997 1193 2253 1249 editorum
2306 1195 2525 1265 scriptor
2578 1195 2855 1266 refellitur.
2929 1194 3015 1250 ΙΙΙ.
3075 1195 3394 1251 Prooemium
3457 1197 3527 1252 ad

2002 1284 2187 1339 Preces
2236 1284 2479 1340 Faustini
2520 1296 2568 1341 et
2600 1286 2893 1342 Marcellini
2923 1288 3108 1342 iterum
3140 1290 3382 1344 mendax.
3428 1290 3519 1345 ιν.

2002 1375 2271 1431 Ursicinus
2316 1378 2536 1442 exsulat,
2591 1379 2899 1443 restituitur,
2952 1396 3014 1433 ac
3058 1397 3236 1435 rursus
3268 1382 3521 1450 truditur,

1999 1479 2043 1521 et
2072 1486 2225 1539 quam
2254 1472 2531 1524 obcausam
2550 1471 2578 1525 Ρ
2601 1470 2668 1526 ν.
2700 1469 2947 1526 Baluzius
2977 1474 3235 1548 rejicitur.

1999 1604 2039 1659 Ι.
2072 1604 2290 1660 Liberio
2307 1606 2395 1660 die
2411 1606 2481 1661 24
2504 1605 2842 1675 Septembris
2862 1607 3113 1665 humanis
3132 1611 3294 1667 rebus
3314 1622 3528 1684 erepto,

1930 1699 2193 1754 Damasus
2220 1700 2440 1771 eligitur
2484 1701 2762 1755 Romanus
2794 1702 3059 1771 pontifex,
3113 1719 3178 1759 ac
3222 1705 3314 1761 die
3357 1708 3533 1777 prima

236 1783 290 1851 is,
318 1785 359 1838 si
408 1782 667 1851 voluerit,
700 1783 1031 1853 peculiarem
1078 1785 1146 1837 de
1177 1783 1357 1839 Gestis
1387 1784 1585 1839 Liberii
1614 1786 1818 1840 exsulis
1846 1793 1895 1855 Β
1922 1791 2195 1861 Octobris,
2228 1811 2369 1865 qum,
2403 1804 2461 1850 ut
2505 1794 2838 1852 Blanchiuns
2881 1808 2935 1853 et
2965 1798 3162 1869 Pagius
3213 1802 3529 1869 observant,

239 1879 553 1945 Diatriham,
585 1880 640 1934 in
673 1893 777 1948 qua
807 1878 877 1933 de
921 1877 985 1933 iis
1030 1879 1315 1946 omnibus,
1358 1895 1478 1950 quae
1509 1878 1617 1935 huc
1650 1879 1820 1949 perti-

241 1983 352 2027 nent
373 2014 389 2037 ,
415 1982 596 2026 actum
629 1986 662 2026 a
689 1971 847 2027 nobis
874 1982 979 2026 est.

298 2065 425 2122 Cum
454 2081 589 2122 vero
619 2067 760 2123 idem
784 2066 1036 2122 Liberius
1066 2068 1247 2122 statim
1274 2082 1339 2122 ac
1368 2068 1569 2135 rediit,
1603 2083 1821 2125 omnem

243 2161 299 2217 de
325 2176 382 2216 se
407 2162 781 2231 suspicionem
832 2162 1174 2227 sustulisset,
1224 2176 1347 2227 eum
1391 2162 1822 2231 denique~Felix

242 2271 409 2311 amore
438 2257 613 2326 pacis,
647 2270 709 2310 ac
739 2271 807 2311 ne
837 2255 1042 2311 diutius
1067 2256 1150 2310 stti
1181 2271 1343 2311 causa
1368 2256 1612 2312 Ecclesia
1645 2258 1825 2314 turba-

246 2360 403 2414 retur,
434 2349 755 2419 pontilicatu
786 2349 992 2405 interea
1038 2350 1271 2405 cessisse
1295 2351 1465 2407 videri
1509 2362 1694 2421 posset
1725 2354 1821 2425 (c),

248 2442 490 2497 Damasus
536 2458 658 2497 cum
694 2444 904 2513 reliquo
945 2443 1095 2498 clero
1143 2444 1209 2496 ad
1263 2443 1413 2497 illum
1436 2486 1451 2511 ,
1483 2459 1511 2497 a
1544 2459 1653 2516 quo
1685 2445 1824 2501 bona

248 2535 341 2591 ftde
363 2526 726 2603 discesserat,
772 2537 915 2592 bona
942 2553 1158 2608 quoque
1203 2537 1308 2593 fide
1350 2539 1579 2596 rediisse
1608 2541 1822 2610 potuit,

248 2639 298 2684 ut
323 2631 477 2685 etiam
502 2630 632 2691 fecit
666 2631 800 2686 citra
829 2631 1062 2702 aliquam
1098 2632 1342 2702 pristinae
1364 2633 1781 2688 existimationis
1808 2676 1824 2700 ,

158 2804 169 2812 ί
246 2734 295 2779 et
317 2726 499 2795 gratiae
527 2726 832 2794 jacturam;
865 2725 1136 2796 siquidem
1163 2736 1421 2781 constans
1466 2728 1683 2783 traditio
1705 2737 1787 2784 est
1808 2770 1825 2796 ,

248 2818 599 2873 monumentis
622 2818 785 2873 etiam
816 2818 1162 2884 confirmata,
1198 2819 1361 2875 fuisse
1388 2819 1535 2874 illum
1560 2822 1827 2877 vicarium

247 2924 273 2961 a
299 2909 505 2966 Liberio
548 2910 807 2966 Ecclesiae
841 2911 1104 2967 Romana:
1136 2916 1319 2967 datum
1346 2956 1359 2980 ,
1407 2928 1528 2968 cum
1579 2914 1668 2969 ille
1707 2923 1830 2985 post

245 3002 544 3075 abrogatum
600 3002 945 3059 Ariminense
988 3006 1318 3070 concilium,
1358 3006 1550 3060 iterum
1597 3007 1828 3063 secessit

243 3097 307 3152 ab
331 3098 469 3155 Urbe
492 3142 508 3166 ,
541 3113 707 3169 seque
740 3098 793 3153 in
822 3099 1260 3154 coemeteriornm
1308 3100 1542 3154 latebras
1588 3103 1824 3172 recepit,

1926 1887 2195 1941 dominica
2228 1874 2345 1953 fuii,
2377 1897 2733 1944 consecratur
2767 1908 2779 1942 :
2809 1890 2965 1961 cujus
2995 1903 3173 1948 tamen
3200 1894 3322 1950 loco
3370 1895 3534 1966 paulo

1926 1991 2048 2048 pOSl
2075 1993 2105 2031 a
2135 1976 2377 2035 factiosis
2402 1980 2609 2051 aliquot
2641 1980 2919 2038 Ursicinus
2943 2028 2958 2051 ,
3014 1986 3132 2040 sive
3164 1985 3394 2044 Ursinus
3424 1987 3555 2043 Ro»

1928 2085 2103 2125 manm
2140 2072 2403 2128 Ecclesia:
2429 2073 2692 2129 diaconus
2734 2075 2974 2132 introsus
3009 2088 3125 2133 est.
3165 2079 3299 2136 Rem
3351 2092 3535 2136 narrat

1930 2162 2288 2233 Hieronymus
2342 2165 2397 2220 in
2435 2163 2729 2235 Chronico,
2777 2167 3007 2224 Rufinus
3059 2171 3165 2242 (d),
3207 2171 3529 2230 Ammianus

1926 2255 2275 2313 Marcellinus
2306 2259 2398 2327 (e),
2428 2274 2492 2313 ac
2516 2259 2909 2316 Sehismaticus
2942 2263 3053 2327 ille,
3103 2265 3195 2334 qui
3244 2264 3525 2335 praefatio.

1928 2367 2050 2407 nem
2076 2354 2291 2423 scripsit
2318 2353 2382 2407 ad
2422 2354 2619 2409 Preces
2662 2355 2961 2411 Marcellini
3008 2366 3064 2412 et
3103 2358 3349 2421 Faustini
3391 2374 3419 2413 a
3463 2359 3534 2432 (f)

1929 2446 2220 2501 Sirmondo
2246 2447 2437 2502 editas.
2469 2448 2605 2514 Quia
2636 2463 2766 2504 vero
2794 2465 2900 2504 non
2948 2451 3128 2505 omnia
3171 2466 3362 2507 omnes
3405 2467 3532 2522 per-

1930 2549 2232 2610 sequuntur
2259 2539 2572 2610 diligenter,
2619 2556 2684 2596 ac
2735 2542 2789 2597 in
2840 2554 3031 2613 aperta
3064 2543 3184 2599 luce
3234 2544 3530 2613 collocant,

1929 2648 2116 2687 eorum
2148 2633 2312 2687 verba
2344 2632 2553 2688 referre
2600 2648 2783 2705 operae
2839 2637 3072 2704 pretium
3127 2636 3277 2704 duxi,
3314 2646 3371 2692 ut
3420 2646 3533 2693 lota

1928 2725 2006 2779 rei
2049 2725 2220 2781 series
2255 2740 2364 2781 uno
2404 2727 2685 2783 oculorum
2731 2728 2921 2783 obtutu
2969 2729 3359 2800 comprehendi
3406 2745 3535 2803 pos-

1929 2816 2019 2871 sit.

2001 2909 2067 2965 ΙΙ.
2118 2910 2478 2982 llieronymus
2524 2912 2728 2983 itaque,
2780 2913 2873 2984 qui
2924 2914 3060 2970 forte
3112 2928 3353 2985 praesens
3406 2922 3535 2970 tunc

1931 3003 2117 3059 Roma:
2149 3002 2346 3071 fuerat,
2380 3004 2495 3059 haec
2521 3007 2710 3061 scribit
2735 3024 2747 3060 :
2782 3007 3042 3063 Damasus
3069 3010 3358 3080 trigesimus
3381 3010 3533 3081 quin-

1932 3107 2013 3149 tus
2043 3096 2293 3150 Romante
2326 3095 2571 3152 Ecclesia:
2591 3099 2865 3154 ordinatur
2904 3102 3197 3173 episcopus.
3248 3100 3378 3157 Post
3426 3119 3529 3157 non

244 3203 294 3247 ut
317 3193 638 3249 Arianorum
670 3192 909 3248 furorem
937 3192 1267 3258 declinaret;
1298 3210 1401 3263 qua
1425 3194 1493 3249 de
1518 3209 1576 3249 re
1600 3195 1745 3260 vide,
1779 3195 1822 3250 si
1854 3181 1900 3245 C
1930 3194 2149 3247 multum
2184 3195 2429 3265 temporis
2454 3196 2679 3267 spatium
2726 3196 2946 3252 Ursinus
2993 3215 3024 3252 a
3071 3198 3376 3267 quibusdam
3414 3199 3530 3271 epi-

240 3287 397 3351 lubet,
416 3287 734 3349 Baronium,
758 3303 818 3342 ac
841 3287 1006 3343 Gesta
1027 3287 1227 3342 Liberii
1252 3288 1478 3355 exsulis,
1502 3302 1623 3357 cap.
1644 3288 1820 3341 ultim.

309 3381 368 3437 ν.
398 3382 537 3450 Quid
578 3393 839 3450 praterea
878 3382 1138 3435 Damasus
1175 3380 1278 3436 sub
1308 3380 1525 3437 Liberio
1555 3390 1664 3435 tum
1705 3380 1822 3435 dia-

240 3490 436 3539 conus,
487 3488 600 3531 tum
646 3475 882 3530 vicarius
926 3475 1129 3545 egerit,
1179 3474 1577 3543 incompertum
1609 3483 1713 3529 est.
1767 3472 1823 3528 ln

238 3568 348 3637 ejus
378 3584 444 3624 ex
482 3567 724 3623 Archivo
757 3567 1032 3622 Vaticanze
1065 3566 1322 3622 Ecclesia)
1356 3581 1485 3621 mss.
1521 3565 1655 3620 actis
1693 3566 1825 3620 scri-

237 3660 403 3727 bitur,
433 3660 582 3717 illius
614 3659 959 3731 potissimum
1006 3674 1171 3728 Opera
1222 3657 1473 3714 effectum
1498 3701 1513 3724 ,
1545 3666 1600 3711 ut
1646 3673 1824 3713 omnes

234 3755 489 3823 episcopi,
519 3770 647 3825 quos
670 3755 948 3825 imperitia,
977 3765 1064 3807 aut
1092 3762 1256 3808 metus
1285 3754 1339 3807 in
1366 3754 1680 3807 Ariminensi
1704 3770 1826 3807 cott-

234 3847 349 3901 cilio
369 3850 560 3917 fecerat
605 3846 811 3901 deviare
832 3887 848 3913 ,
881 3846 949 3900 ad
980 3845 1135 3915 fidem
1161 3845 1470 3900 catholicam
1498 3854 1825 3912 remearent;

232 3948 374 4007 atque
396 3955 481 3993 eos
511 3940 705 4009 ipsum,
737 3942 936 4008 fauente
955 3938 1053 3993 sibi
1089 3937 1293 3993 Hilario
1327 3937 1669 4017 Pictaviensi,
1704 3955 1827 3993 con-

238 4044 313 4089 tra
349 4036 652 4091 sententiam
692 4033 956 4104 Luciferi,
987 4034 1156 4103 quise
1192 4034 1469 4100 diviserat,
1508 4035 1560 4089 in
1597 4049 1828 4088 commu-

240 4126 428 4183 nionem
489 4138 537 4183 et
592 4126 909 4181 consortium
959 4126 1120 4198 recipi
1166 4125 1504 4181 consuluisse.
1554 4125 1826 4196 Quidquid

241 4214 420 4274 horum
442 4220 549 4284 sit,
583 4235 683 4289 ego
707 4219 928 4273 minime
958 4218 1171 4285 dubito,
1198 4220 1323 4289 quin
1351 4219 1417 4273 ad
1442 4218 1826 4275 Ecclesiastica

242 4328 454 4383 quisque
485 4313 737 4383 graviora
771 4315 986 4382 negotia
1037 4313 1310 4368 adhibitus
1359 4314 1544 4370 fuerit.
1592 4315 1727 4370 Nam
1781 4316 1826 4370 si

243 4407 348 4474 quis
379 4408 658 4478 epi~tolas,
688 4424 810 4478 quas
841 4416 969 4463 ante
994 4408 1270 4471 exsilium,
1302 4418 1355 4463 et
1386 4423 1509 4478 quae
1536 4416 1660 4479 post
1683 4410 1828 4463 exsi-

244 4499 362 4555 lium
390 4515 418 4557 a
442 4501 661 4557 Liberio
684 4502 899 4570 scripta'
922 4512 1069 4568 sunt,
1103 4511 1309 4557 attente
1344 4503 1502 4573 legat,
1539 4517 1601 4557 ac
1630 4504 1827 4560 deinde

1929 3303 2114 3358 scapus
2141 3288 2467 3353 constitutus,
2499 3289 2793 3344 Sicininum
2834 3306 2950 3345 cum
2975 3291 3080 3345 suis
3132 3292 3332 3346 invadit
3368 3307 3389 3347 :
3428 3308 3530 3363 quo

1931 3382 2265 3437 Damasiante
2295 3384 2455 3454 partis
2486 3386 2677 3454 papula
2705 3386 3013 3455 conﬂuente,
3045 3376 3420 3442 crudelissima:
3442 3388 3527 3441 in-

1928 3478 2248 3548 terfectiones
2269 3479 2457 3533 diversi
2482 3495 2632 3533 sexus
2667 3489 2987 3550 perpetratae.

2001 3569 2230 3624 Ruﬁnus
2293 3570 2402 3625 alia
2448 3570 2643 3636 addit,
2699 3586 2820 3641 qua:
2868 3587 2897 3625 a
2956 3572 3287 3646 Hieronymo
3327 3573 3529 3629 omissa

1930 3675 2076 3727 sunt,
2103 3680 2165 3720 ac
2185 3666 2264 3719 sic
2295 3666 2370 3719 ait
2403 3684 2415 3718 :
2450 3664 2710 3733 Damasus
2740 3676 2853 3735 post
2879 3665 3164 3733 Liberium,
3212 3683 3303 3737 per
3324 3682 3532 3722 succes-

1929 3758 2125 3812 sionem
2145 3758 2491 3812 sacerdotium
2518 3758 2575 3812 in
2622 3758 2761 3813 Urbe
2805 3757 2971 3813 Roma
3007 3770 3320 3832 susceperat,
3380 3741 3536 3831 queni

1931 3850 2201 3921 prtelatum
2253 3852 2349 3906 sibi
2388 3848 2496 3906 'non
2552 3856 2720 3923 ferens
2781 3851 2998 3907 Ursinus
3036 3852 3249 3923 quidam
3299 3853 3532 3923 ejusdem

1933 3945 2177 3999 Ecclesia:
2213 3945 2484 4010 diaconus,
2518 3946 2570 3999 in
2598 3955 2798 4000 tantum
2842 3948 3035 4017 furoris
3066 3946 3254 4016 erupit,
3305 3955 3361 3999 ut
3407 3962 3529 4019 per-

1931 4055 2084 4094 suaso
2114 4039 2339 4108 quodam
2392 4039 2665 4108 imperito,
2695 4049 2743 4093 et
2770 4039 2961 4110 agresti
3002 4039 3265 4109 episcopo,
3319 4040 3533 4094 collecta

1931 4132 2337 4186 turbulentorum
2360 4142 2405 4185 et
2437 4132 2798 4186 seditiosorum
2839 4132 3105 4186 hominum
3135 4148 3311 4197 manu,
3344 4133 3397 4184 in
3442 4131 3534 4184 ba-

1929 4224 2099 4290 silica,
2153 4239 2269 4293 quas
2314 4223 2534 4279 Sicinini
2598 4222 2913 4294 appellatur,
2975 4223 3273 4292 episcopum
3319 4239 3373 4276 se
3415 4222 3530 4291 ﬁeri

1932 4327 2276 4385 extorqueret.
2310 4316 2524 4387 legibus,
2555 4324 2603 4370 et
2629 4314 2832 4381 ordine,
2865 4324 2913 4369 et
2943 4315 3219 4369 traditione
3245 4315 3497 4386 peruersis
3515 4330 3536 4369 :

1932 4423 2033 4479 quo
2095 4424 2161 4463 ea:
2235 4412 2373 4479 facto
2419 4417 2560 4462 tanta
2618 4407 2802 4461 seditio
2828 4447 2843 4473 ,
2910 4407 3015 4461 imo
3058 4422 3172 4461 uero
3211 4416 3355 4461 tanta
3398 4406 3537 4462 bella

1936 4511 2112 4555 coorta
2133 4510 2276 4565 sunt,
2301 4500 2609 4554 alterutrum
2636 4498 3026 4569 defendentibus
3072 4500 3303 4570 populis,
3347 4509 3405 4553 ut
3450 4517 3535 4555 re-

243 4608 327 4647 eas
351 4594 593 4651 conferat
633 4610 755 4650 cum
803 4594 945 4659 illis,
993 4610 1114 4664 qua:
1156 4596 1333 4649 exsilii
1382 4605 1627 4665 tempore
1656 4598 1723 4649 ab
1757 4611 1823 4651 eo
1856 4598 1902 4657 [1
1932 4597 2193 4665 plerentur
2241 4595 2471 4655 humano,
2506 4594 2753 4664 sanguine
2792 4593 3084 4647 orationum
3112 4594 3246 4661 loca,
3289 4609 3405 4663 quae
3450 4610 3534 4649 res

245 4689 479 4757 pontifice
499 4701 740 4745 exaratis
762 4700 1077 4756 supersunt,
1100 4687 1260 4744 facile
1282 4703 1594 4759 cognoscet,
1621 4702 1825 4760 Quanto

246 4785 352 4841 alia:
376 4786 440 4841 ab
466 4786 586 4840 aliis
617 4783 896 4841 differant.
953 4784 1200 4840 Priorum
1252 4799 1486 4853 namque
1532 4800 1725 4856 magna
1772 4787 1823 4840 in

246 4880 512 4935 sententiis
567 4881 651 4934 vis
708 4890 821 4947 est,
869 4891 924 4934 et
975 4879 1255 4949 gravitas,
1313 4878 1513 4932 nitidus
1564 4890 1824 4948 praeterea

244 4968 510 5044 ﬂuensque
552 4975 731 5044 stylus
753 5013 769 5039 ,
813 4987 877 5026 ac
907 4970 1234 5025 Datnasiano
1286 4969 1482 5025 similis
1512 4989 1527 5023 :
1560 4971 1828 5040 posterio-

245 5081 351 5120 rum
378 5084 506 5123 vero
549 5068 874 5123 inconcinna
898 5107 913 5132 ,
957 5075 1010 5121 et
1034 5066 1314 5121 salebrosa
1348 5080 1571 5135 prorsus
1612 5065 1821 5132 oratio;

244 5161 383 5229 cujus
408 5162 664 5231 equidem
692 5160 767 5221 rei
801 5176 963 5215 unam
993 5159 1134 5215 hanc
1166 5159 1431 5214 rationem
1464 5158 1630 5215 fuisse
1661 5168 1791 5230 puto
1812 5199 1827 5225 ,

243 5257 369 5325 quod
388 5257 700 5323 Damasum,
732 5258 889 5327 cujus
910 5271 1071 5326 opera
1102 5264 1213 5309 tum
1238 5265 1384 5321 ante,
1411 5262 1523 5309 tum
1549 5264 1668 5323 post
1690 5254 1833 5308 essi-

244 5353 362 5409 lintn
392 5373 518 5413 usus
552 5356 721 5411 fuisse
749 5357 985 5422 videtur,
1019 5366 1145 5411 tunc
1178 5367 1381 5426 pra-sto
1409 5371 1515 5411 non
1547 5354 1830 5421 habuerit,

245 5462 353 5505 cum
380 5452 430 5507 in
460 5451 663 5508 exsilio
693 5450 983 5506 scriberet.

1342 5574 1389 5613 Ι

338 5660 385 5729 α)
415 5659 659 5721 Sozom.,
693 5658 787 5714 lib.
816 5676 886 5723 tv,
912 5674 1033 5729 cap.
1068 5660 1155 5714 l5.

344 5728 393 5801 b)
420 5731 545 5789 Vid.
585 5731 751 5786 Diatr.
781 5730 847 5785 de
880 5728 1029 5787 Gest.
1057 5730 1239 5786 Liber.
1268 5728 1466 5795 exsul.,
1493 5744 1608 5801 cap.
1630 5728 1683 5785 9.

319 5802 386 5877 (c)
421 5802 753 5875 l'hilostorg.
781 5803 874 5858 lib.
908 5818 983 5873 tv,
1014 5817 1162 5859 num.
1190 5803 1245 5871 3,
1277 5804 1346 5865 εἰς
1376 5801 1556 5859 ἑαυτὸν
1585 5803 1757 5881 ἀπῄει.

1932 4690 2154 4759 factione
2182 4685 2457 4742 Maximini
2486 4689 2735 4758 prtefecti,
2768 4687 2888 4741 strui
2912 4686 3155 4752 hominis,
3181 4687 3250 4743 ad
3280 4688 3531 4743 inuidiam

1932 4785 2048 4839 boni
2087 4794 2134 4839 et
2163 4784 2452 4838 innocentis
2504 4800 2646 4838 versa
2686 4791 2758 4837 est
2816 4783 3114 4849 sacerdotis,
3166 4784 3239 4836 ita
3276 4794 3331 4837 ut
3379 4797 3538 4837 causa

1932 4878 2234 4932 clericorum
2276 4894 2432 4947 usque
2454 4877 2521 4930 ad
2552 4886 2802 4930 tormenta
2842 4877 3134 4931 duceretur.
3168 4876 3274 4931 Sed
3315 4886 3537 4931 assertor

1932 4974 2245 5027 innocentiae
2274 4971 2411 5024 Deus
2436 4971 2624 5039 adfuit,
2667 4979 2712 5023 et
2758 4972 2809 5023 in
2856 4979 3014 5040 caput
3037 4986 3233 5031 eorum,
3263 4970 3348 5034 qui
3369 4969 3535 5021 inten-

1938 5066 2123 5119 derant
2147 5063 2342 5127 dolum,
2371 5078 2521 5133 poena
2551 5078 2791 5115 conversa
2819 5070 2915 5116 est.
2946 5059 3014 5116 At
3035 5060 3260 5116 Rulinus
3289 5060 3389 5115 hoc
3411 5058 3535 5115 loco

1938 5156 2089 5225 plora
2121 5155 2523 5223 complectitur,
2566 5170 2684 5223 qua:
2735 5154 2843 5207 alio
2884 5162 3130 5224 tempore
3170 5154 3533 5224 contigerunt.

1939 5248 2010 5304 Ut
2039 5247 2214 5301 dicam
2248 5262 2391 5300 nunc
2419 5246 2561 5316 quod
2607 5262 2674 5299 ex
2725 5256 2951 5315 utroque
2991 5254 3227 5311 constat,
3272 5245 3399 5300 illud
3431 5254 3534 5312 est,

1938 5342 2155 5397 Damasi
2203 5342 2543 5397 electionem.
2557 5343 2679 5409 jure
2728 5342 2993 5410 potiorem
3025 5356 3171 5407 esse,
3214 5356 3335 5395 cum
3393 5349 3533 5395 tem-

1936 5452 2072 5507 pore
2101 5436 2249 5507 prior
2275 5436 2381 5489 sit:
2414 5450 2529 5488 cum
2567 5443 2681 5503 post
2720 5435 2962 5506 primum,
3006 5432 3261 5489 secundus
3301 5449 3409 5488 esse
3435 5450 3540 5490 non

1938 5534 2123 5603 possit,
2153 5548 2212 5586 ac
2252 5530 2484 5599 quisquis
2533 5538 2644 5598 post
2666 5546 2825 5584 unum
2860 5530 2946 5600 qui
2994 5528 3134 5583 solus
3183 5544 3291 5583 esse
3334 5527 3531 5596 debeat,

2003 5657 2081 5729 (d)
2116 5655 2257 5729 Hist:
2290 5655 2490 5725 lib..u,
2522 5670 2639 5729 cap:
2670 5653 2760 5708 20.

2007 5725 2078 5799 (ε)
2107 5728 2224 5782 Lib.
2259 5741 2438 5799 xxvii,
2469 5725 2659 5799 cap‘5.

2009 5726 2054 5799 (ε
2107 5728 2224 5782 Lib.
2259 5741 2438 5794 xxvu,
2469 5743 2569 5798 cap
2607 5726 2659 5780 5.

2009 5726 2081 5874 (ri
2109 5800 2265 5855 Tom.
2295 5798 2383 5867 Ill,
2416 5813 2539 5872 pag.
2575 5795 2697 5851 158.
