3998 6346
513 191 614 245 119

1699 189 2011 249 SANCTUS
2055 191 2376 250 DAMASUS
2409 193 2488 249 PA
2501 195 2609 250 PA.

3676 211 3763 267 120

513 312 682 383 factus
706 321 802 380 est,
834 326 936 365 non
957 312 1072 384 jam
1098 310 1353 365 secundus
1381 310 1493 376 illc,
1521 311 1611 365 sed
1662 311 1837 365 nullus
1889 319 1963 366 est
2007 310 2106 385 (a).
2137 325 2186 383 Α
2215 312 2344 369 dere
2376 313 2761 370 Prtetextatum
2787 327 2936 373 tuum
2966 318 3209 390 proiecto
3236 333 3438 392 posses.
3468 321 3560 380 Hic
3578 317 3765 386 enimsi

511 405 571 461 In
637 406 872 472 caeteris,
901 405 946 461 si
969 405 1108 461 alter
1147 419 1269 458 cum
1320 404 1494 459 altero
1523 403 1856 471 conferatur,
1905 405 2114 461 videtur

512 499 741 555 Rufinus
789 501 1046 565 scribere,
1095 497 1350 554 Ursinum
1412 499 1464 554 in
1549 499 1820 555 Siciniaua
1893 499 2112 556 basilica

513 595 661 664 episc
700 610 826 666 pum
858 610 888 646 a
933 591 1169 648 factiosis
1211 593 1598 657 constitutum,
1631 608 1805 664 eoque
1858 609 1922 648 ex
1975 595 2116 648 tacto

513 700 686 741 ortam
739 687 1101 752 seditionem,
1161 701 1224 740 ac
1275 685 1702 742 interfectiones.
1754 686 2117 757 Hieronymus

514 791 716 846 autem,
755 781 840 835 cui
869 779 1190 836 Ammianus
1232 781 1526 843 Consentit,
1571 778 1850 844 Ursinum,
1900 776 2114 849 episco-

517 895 641 949 pum
685 879 793 943 jam
837 875 1217 941 Constitutum,
1269 876 1582 946 priusquam
1625 874 1923 930 Sicininum
1969 874 2116 927 iuva-

514 971 666 1026 deret
694 988 705 1022 :
740 970 809 1023 ab
831 984 1002 1040 quue
1033 985 1156 1023 cum
1201 969 1546 1022 Damasianos
1586 969 1652 1022 ad
1679 983 1797 1020 eam
1837 967 2115 1022 basilicam

513 1063 849 1119 confluentes
875 1077 1065 1117 arrerc
1098 1061 1278 1122 vellet,
1325 1061 1503 1116 ca-des
1533 1069 1866 1130 perpetratas
1902 1075 2041 1114 esse.

587 1157 739 1212 Nunc
784 1157 1083 1211 andiemlus
1111 1165 1194 1210 est
1238 1154 1556 1210 Ammianus
1601 1154 1963 1218 Marcellinus,
1997 1153 2117 1207 eth-

516 1249 670 1304 nicm
695 1249 930 1317 scriptor
954 1247 1028 1320 (ὁ)
1067 1266 1080 1302 :
1121 1247 1400 1308 Damasus,
1437 1246 1530 1311 ait,
1570 1256 1616 1300 et
1686 1243 1906 1300 Ursinus
1957 1259 2117 1314 supra

517 1343 780 1397 hominum
835 1343 1042 1395 modum
1077 1340 1146 1393 ad
1196 1339 1498 1409 rapiendum
1552 1337 1899 1407 Episcopatus
1944 1337 2118 1391 sedem

511 1437 754 1492 ardentes
784 1478 799 1502 ,
855 1436 1028 1490 scissis
1096 1435 1277 1488 studiis
1331 1413 1795 1504 conﬂictabantur,
1847 1432 1915 1484 ad
1960 1446 2120 1500 usque

515 1532 694 1587 mortis
719 1532 1088 1600 vulnerumque
1144 1527 1448 1581 discrimina
1494 1525 1808 1594 odjumentis
1856 1525 2120 1594 utriusque

517 1627 822 1694 protiressia,
852 1638 966 1692 qua:
995 1639 1084 1676 nec
1114 1621 1368 1692 corrigere
1394 1620 1662 1690 sufﬁciens
1703 1617 2000 1684 Juventius,
2029 1633 2120 1671 nec

517 1717 742 1782 mollire,
779 1717 824 1769 ei
847 1731 1037 1788 magna
1073 1724 1280 1767 coactus
1309 1714 1516 1768 secessit
1537 1713 1589 1765 in
1621 1711 1970 1766 suburbanum
2001 1726 2019 1764 :
2071 1719 2120 1764 et

513 1811 568 1864 in
596 1810 976 1864 concertatione
999 1818 1328 1877 superaverat
1381 1804 1665 1869 Damasus,
1717 1813 1883 1876 parte,
1934 1819 2048 1870 qua:
2072 1802 2120 1856 ei

513 1905 715 1976 favebat
743 1905 1008 1966 instante;
1063 1913 1362 1968 constatque
1386 1901 1438 1954 in
1491 1899 1708 1954 basilica
1740 1897 1988 1965 Sicinini,
2035 1897 2121 1952 ubi

517 2001 648 2054 ritus
672 1997 950 2054 Christiani
975 2006 1051 2051 est
1077 1995 1508 2058 conventiculum,
1543 2010 1645 2048 uno
1676 1995 1758 2047 die
1783 2003 1988 2048 centum
2027 1993 2122 2046 tri-

514 2095 658 2165 ginta
706 2102 900 2162 septrm
945 2099 1148 2158 reperta
1191 2091 1443 2143 cadavera
1483 2099 1883 2158 peremptorum,
1933 2085 2122 2152 ell'era-

514 2196 719 2254 tamque
766 2183 972 2238 tandem
1025 2183 1114 2237 diu
1163 2181 1382 2252 plebem,
1431 2197 1567 2252 (egre
1612 2190 1787 2251 postea
1832 2179 2116 2234 delinitam.

515 2279 835 2334 Ammianus
858 2278 1038 2346 itaque
1061 2276 1282 2330 minime
1331 2277 1527 2346 attigit,
1575 2275 1696 2345 quis
1734 2284 1924 2329 auctor
1970 2273 2118 2328 sedi-

515 2374 678 2429 tionis
706 2372 892 2439 fuerit,
918 2374 1118 2443 quique
1142 2389 1207 2428 ex
1233 2373 1298 2428 iis
1323 2375 1472 2443 prior
1493 2373 1638 2427 sedis
1667 2372 1996 2441 occupandae
2026 2387 2120 2427 cu-

517 2465 694 2535 pidus,
725 2466 948 2519 alterius
978 2465 1302 2537 eleCIionem
1336 2465 1655 2519 turbaverit.
1690 2463 1828 2518 Nihil
1857 2473 2118 2533 przeterea

516 2559 584 2614 de
614 2568 836 2613 auctore
856 2558 1022 2613 caedis
1061 2559 1113 2612 in
1147 2557 1416 2612 Siciniana
1471 2558 1693 2612 basilica
1747 2564 2069 2628 penetrata:
2102 2575 2117 2624 ;

516 2651 867 2721 quamobrem
923 2649 1056 2704 nihil
1096 2665 1163 2705 ex
1187 2639 1316 2703 °hoc
1360 2650 1478 2705 loco
1505 2649 1683 2720 colligi
1715 2659 1920 2719 potest,
1973 2648 2118 2719 quod

520 2744 835 2816 llieronymi
859 2760 920 2798 ac
949 2744 1125 2799 Rufini
1169 2745 1535 2799 testimonium
1570 2745 1826 2810 infirmet,
1858 2744 2117 2816 quidquid

517 2837 722 2894 Gallico
745 2841 1044 2893 litterarum
1075 2840 1136 2894 D.
1170 2838 1440 2893 Ambrosii
1491 2839 1768 2908 interpreti
1803 2839 1973 2892 visum
2007 2843 2120 2894 lue-

513 2934 604 2999 rit,
640 2934 984 2988 Ammianum
1038 2934 1119 2990 sic
1147 2933 1489 3004 intelligenti,
1537 2941 1594 2988 ut
1620 2948 1806 2988 earum
1839 2933 2116 2989 turbarum

517 3026 807 3082 Damasum
833 3044 982 3082 reum
1017 3026 1206 3083 fecerit
1231 3026 1324 3098 (c).

2217 407 2477 463 Romana:
2509 408 2765 464 Ecclesia:
2819 412 3056 481 pontifex
3097 411 3284 469 fuisset
3331 415 3495 472 factus
3519 459 3533 485 ,
3573 421 3766 478 minime

2219 500 2425 562 dubito,
2458 503 2584 570 quin
2615 518 2676 557 ea
2709 516 2917 558 summa
2948 520 3108 576 quam
3132 506 3401 562 ambiebat
3421 508 3679 580 dignitate,
3699 514 3768 570 di-

2219 594 2578 663 vitiarnmque
2601 599 2778 668 copia,
2825 596 2892 652 ad
2923 601 3103 653 luxum
3153 601 3557 674 superbiamque
3597 606 3769 662 abusus

2218 699 2382 742 esset.
2417 688 2711 755 Caeterum,
2745 705 2866 760 quae
2887 707 3028 746 nunc
3050 693 3212 746 etiam
3237 692 3306 747 sit
3350 694 3400 748 in
3428 697 3626 766 fastigio
3646 707 3772 755 tanto

2220 781 2478 851 regioque
2521 784 2847 850 patrimonio
2880 784 3246 840 Romanorum
3314 788 3611 856 pontificum
3653 791 3773 847 inte-

2218 872 2387 942 gritas
2419 888 2656 936 morum,
2693 875 2923 946 vitaeque
2968 877 3231 932 modestia
3255 919 3270 945 ,
3328 889 3385 932 ut
3428 895 3518 936 eos
3554 890 3772 951 tantum,

2219 980 2355 1034 quos
2377 980 2476 1035 ego
2503 968 2752 1036 cognovi.
2778 981 3172 1039 veneratusque
3195 985 3332 1037 sum,
3364 985 3772 1040 commemorent,

2220 1068 2542 1128 arguam-nlo
2573 1060 2667 1113 tibi
2686 1061 3032 1128 apertissimo
3051 1077 3170 1116 esse
3197 1049 3441 1133 possunt,
3465 1066 3700 1123 Clemens
3717 1068 3777 1123 XI

2219 1160 2273 1204 et
2301 1149 2419 1214 XII,
2453 1149 2798 1208 Innocentius
2851 1153 2990 1222 XIII,
3044 1169 3107 1209 ac
3137 1155 3408 1211 Benedicti
3459 1157 3561 1212 duo
3591 1157 3696 1216 XIII
3733 1172 3780 1217 et

2221 1241 2363 1310 XIV,
2393 1260 2552 1315 quem
2581 1244 2671 1299 ditt
2726 1246 2882 1301 nobis
2937 1257 3210 1303 servatum
3257 1249 3519 1321 cupimus.
3569 1251 3692 1322 Quin
3734 1255 3779 1309 in

2222 1335 2467 1390 Romano
2497 1338 2645 1392 clero
2669 1339 2848 1399 luxus.
2881 1350 2937 1395 ct
2963 1340 3176 1396 delicim
3201 1358 3322 1397 esse
3368 1345 3644 1412 potuerint.
3693 1361 3780 1402 non

2222 1443 2324 1497 ego
2376 1439 2549 1484 tecum
2603 1431 2948 1498 contendam;
2983 1433 3112 1488 illud
3139 1444 3320 1489 tamen
3367 1437 3596 1492 monebo
3623 1448 3688 1504 te,
3731 1449 3777 1494 ut

2223 1537 2342 1576 cum
2373 1522 2425 1576 in
2456 1538 2516 1577 ea
2542 1538 2602 1578 re
2647 1524 2922 1591 probanda
2975 1525 3362 1600 llieronymnm
3419 1539 3471 1584 et
3517 1528 3782 1586 Nazianze-

2225 1632 2351 1670 mun
2386 1625 2554 1672 testes
2579 1616 2842 1684 adhibes,
2903 1619 3089 1674 videas
3142 1621 3416 1690 quomodo
3460 1621 3611 1677 fidem
3664 1633 3784 1678 tuam

2152 1744 2198 1804 Β
2227 1709 2447 1775 liberes,
2477 1725 2658 1778 quove
2685 1712 2807 1780 jure
2854 1712 2920 1767 iis
2949 1714 3263 1768 auctoribus
3284 1716 3360 1768 uti
3393 1713 3559 1783 possis
3599 1725 3649 1768 ut
3676 1713 3784 1768 Flo-

2226 1804 2343 1860 rido
2383 1815 2437 1860 ct
2487 1806 2732 1872 Bailleto,
2787 1808 2880 1878 qui
2937 1807 3066 1863 illud
3118 1808 3415 1865 Marcellini
3456 1809 3785 1867 testimonium

2226 1900 2374 1968 parvi
2407 1899 2630 1966 faciunt,
2657 1900 2988 1957 confidentia
3015 1909 3160 1956 tanta
3193 1905 3439 1960 insultes.

2295 1989 2384 2046 III.
2414 1991 2519 2046 Sed
2552 1999 2610 2046 nt
2635 2007 2736 2062 ego
2764 2004 3028 2059 revertar,
3059 1995 3202 2049 unde
3231 1994 3459 2052 discessi
3488 2013 3503 2062 ;
3550 1997 3784 2068 reliquum

2224 2095 2328 2150 est,
2365 2095 2421 2140 ut
2453 2087 2828 2156 praefationem
2861 2088 2927 2142 ad
2954 2088 3154 2144 Preces
3172 2088 3415 2145 Faustini
3445 2101 3499 2145 et
3524 2089 3788 2145 Marcellini

2224 2178 2601 2242 lmcaiferam.
2643 2181 2799 2252 cujus
2851 2181 3086 2252 scriptor
3138 2185 3326 2250 rebus,
3380 2199 3500 2253 qua:
3525 2193 3645 2240 tunc
3686 2199 3792 2253 age-

2226 2271 2440 2338 bantur,
2468 2271 2708 2328 adfuisse
2748 2273 2982 2330 videtur.
3029 2276 3209 2330 Primo
3258 2277 3443 2348 itaque
3487 2278 3666 2333 recitat
3701 2277 3792 2331 lac-

2225 2364 2388 2419 tionis
2409 2379 2622 2431 causas,
2663 2367 2849 2438 aitque
2877 2367 3196 2424 Ursinianos
3221 2385 3323 2425 eos
3349 2372 3496 2440 ipsos
3534 2386 3648 2426 esse
3672 2385 3791 2440 prte-

2222 2457 2400 2512 claros
2423 2458 2590 2524 viros,
2612 2458 2704 2527 qui
2728 2459 2990 2530 integram
3019 2460 3236 2516 Liberio
3263 2462 3430 2517 fidem
3454 2471 3788 2519 servaverant.

2223 2549 2507 2604 Damasum
2540 2566 2673 2606 vero
2719 2553 2951 2623 elegisse
2998 2553 3250 2624 perjuros
3318 2555 3462 2617 illos.
3515 2555 3602 2626 qui
3648 2553 3795 2610 Felici

2171 2653 2177 2660 '
2224 2645 2481 2715 primum,
2509 2660 2684 2716 eoque
2711 2645 2833 2701 fatis
2865 2646 3074 2714 functo,
3103 2658 3196 2703 aut
3226 2649 3520 2707 abdicante
3549 2648 3798 2723 pontifica-
3891 2731 3896 2738 ι

3293 2744 3498 2816 quibus
3527 2744 3590 2799 ad
3627 2752 3795 2799 contu-

2224 2749 2357 2803 tum,
2391 2745 2584 2795 iterum
2635 2739 2852 2798 Liberio
2884 2752 3174 2810 paruerant
3225 2761 3237 2796 :

2223 2834 2454 2888 maciam
2503 2833 2967 2890 cohonestandam
3001 2836 3328 2904 pramiissis,
3384 2845 3493 2894 tum
3542 2837 3652 2892 haec
3693 2837 3789 2901 ait;

2227 2947 2245 2980 ι
2285 2928 2416 2984 Item
2447 2940 2646 2985 octavo
2669 2928 2930 2985 kalendas
2970 2929 3245 2998 Octobris,
3275 2932 3534 2989 Gratiano
3561 2943 3615 2989 et
3645 2932 3792 3003 Daga-

2221 3020 2346 3078 laifo
2403 3036 2609 3087 conss.,
2684 3021 2932 3077 Liberius
2983 3021 3233 3078 biiinanis
3302 3023 3465 3080 rebus
3533 3025 3786 3082 eximitur.

586 3121 905 3194 AnOnymus
938 3122 1189 3176 Historia)
1211 3137 1542 3176 summorum
1573 3121 1890 3194 pontificum
1938 3121 2113 3192 scrip-
2140 3134 2185 3196 ρ
2219 3117 2370 3174 Tunc
2411 3117 2713 3190 presbyteri
2743 3127 2797 3172 et
2824 3117 3086 3174 diaconus
3141 3118 3394 3187 Ursinus,
3426 3120 3718 3184 Amantius.
3745 3129 3791 3174 et

513 3224 621 3280 tor,
654 3219 810 3284 cujus
838 3217 1103 3286 superiori
1134 3217 1310 3286 capite
1339 3216 1549 3271 inscitia
1590 3227 1644 3272 et
1681 3217 1818 3270 mala
1852 3216 1984 3271 fides
2013 3231 2113 3270 no-

514 3317 625 3363 tata
648 3317 750 3371 est,
783 3317 894 3363 tum
926 3309 1049 3374 hoc,
1100 3320 1210 3364 tum
1239 3309 1346 3364 alio
1376 3310 1579 3366 celebri
1617 3309 1914 3366 Marcellini
1962 3309 2117 3365 testi-

514 3403 720 3468 monio,
751 3419 778 3454 a
807 3403 1036 3457 Baronio
1069 3403 1148 3472 (rt)
1179 3406 1343 3460 etiam
1373 3404 1638 3475 producto
1689 3407 1876 3472 utitur,
1929 3416 1984 3459 ut
2014 3405 2117 3458 Da-

515 3508 667 3547 maso
736 3493 931 3548 fastum
993 3494 1326 3566 deliciasque
1380 3499 1670 3566 exprobret
1730 3498 1823 3569 (e).
1876 3497 2116 3566 Dignitas

515 3585 784 3656 profecto,
813 3603 876 3642 ac
901 3589 1184 3658 splendor,
1247 3605 1352 3660 quo
1392 3591 1546 3660 Deus.
1585 3591 1882 3646 Romanam
1927 3591 2117 3646 Eccle-

512 3678 646 3732 siam
673 3679 859 3744 auxit,
888 3680 1228 3735 ethnicorum
1255 3694 1516 3752 perpetuo
1569 3691 1625 3739 et
1650 3684 1951 3739 invidorum
1986 3699 2115 3739 ocu-

512 3773 602 3826 los
623 3773 962 3840 persu-inxit,
999 3788 1136 3844 quos
1161 3774 1301 3829 inter
1331 3777 1459 3845 quin
1503 3784 1556 3830 tu
1601 3779 1966 3844 recensearis,
2017 3777 2116 3832 do-

511 3865 753 3935 leasque.
785 3866 967 3920 millus
995 3866 1207 3922 dubito.
1240 3872 1307 3922 At
1334 3868 1617 3924 meliorem
1662 3887 1691 3924 a
1727 3879 1778 3925 te
1809 3870 1992 3940 fidem,
2023 3882 2114 3927 aut

509 3959 738 4014 rationis
779 3960 882 4014 vim
909 3962 1146 4030 postulo,
1180 3976 1303 4016 cum
1346 3961 1460 4017 haec
1491 3964 1570 4017 ais
1598 3981 1612 4018 :
1651 3983 1669 4016 ι
1708 3965 1790 4020 Au
1822 3980 1957 4021 vero
1987 3967 2111 4036 quia

509 4051 765 4107 Romamn
793 4053 1050 4108 Ecclesia.-
1083 4066 1438 4124 proventuum
1467 4055 1668 4112 affatim
1700 4058 1892 4125 fuerat,
1921 4061 2114 4113 Dama-

505 4162 600 4202 sus
631 4146 804 4212 luxui,
863 4147 1184 4218 deliciisque
1231 4149 1494 4204 deditus?
1533 4152 1613 4204 An
1648 4151 1712 4205 iis
1764 4153 1836 4206 uti
1870 4168 1975 4208 non
2018 4168 2111 4222 po-

506 4241 606 4294 tuit
638 4240 964 4312 pauperibus
992 4241 1222 4308 alendis,
1260 4241 1496 4311 hospitio
1529 4243 1869 4310 excipiendis
1899 4247 2112 4315 episco-

502 4334 608 4403 pis,
643 4336 972 4402 temploium
1003 4336 1185 4402 nitori,
1219 4345 1274 4392 et
1303 4336 1471 4392 cultui
1499 4340 1864 4408 procurando,
1891 4356 1955 4396 ac
1985 4343 2113 4398 reli-

503 4426 648 4496 gioni
677 4425 988 4482 christiana.-
1013 4430 1416 4498 promovendaa,
1451 4443 1507 4486 ut
1559 4445 1816 4489 constans
1841 4439 2108 4492 Iiomano-

2218 3210 2422 3278 Lupus,
2448 3227 2570 3266 cum
2602 3211 2758 3281 plebe
2786 3221 2993 3275 Sancta,
3025 3228 3145 3283 quae
3174 3211 3399 3270 Liberio
3429 3215 3584 3270 fidem
3631 3229 3794 3269 serva-

2221 3314 2416 3360 verant
2439 3305 2491 3360 in
2515 3305 2709 3360 exsilio
2735 3305 3054 3371 constituto,
3077 3317 3367 3376 ceperunt
3396 3308 3450 3363 in
3481 3308 3688 3362 basilica
3709 3304 3794 3362 Ju-

2217 3403 2274 3459 lii
2306 3404 2623 3474 procedere,
2649 3413 2707 3460 et
2726 3405 2826 3460 sibi
2856 3404 3110 3461 Ursinum
3131 3405 3426 3460 diaconum
3455 3404 3531 3478 (g)
3563 3405 3611 3458 in
3634 3403 3792 3456 locum

2219 3498 2414 3554 Liberii
2443 3498 2684 3553 ordinari
2718 3499 3040 3567 deposcunt.
3099 3498 3314 3568 Periuri
3358 3513 3490 3554 vero
3518 3497 3570 3554 in
3601 3492 3796 3551 Lucinis

2219 3591 2506 3647 Damasum
2533 3592 2634 3648 sibi
2666 3593 2982 3663 episcopum
3010 3593 3062 3647 in
3097 3593 3276 3647 locum
3317 3593 3518 3649 Felicis
3563 3597 3793 3661 expostu-

2217 3685 2369 3740 lant:
2400 3683 2654 3740 Ursinum
2679 3685 2877 3740 Paulus
2904 3686 2980 3754 (Ii)
3007 3685 3326 3740 Tiburtinus
3356 3683 3636 3740 benedicit.
3658 3677 3794 3749 Quod

2219 3780 2306 3835 ubi
2361 3780 2657 3847 Damasus,
2697 3781 2785 3850 qui
2839 3793 3054 3848 semper
3101 3781 3479 3851 episcOpatum
3531 3776 3793 3836 ambierat,

2217 3875 2506 3942 comperit,
2563 3888 2756 3929 omnes
2803 3873 3177 3946 quadrigarios
3216 3883 3274 3929 et
3317 3873 3623 3944 imperitam
3671 3865 3797 3924 ntul-

2217 3966 2505 4022 tiludiuem
2559 3967 2734 4035 pretio
2783 3966 3043 4033 concitat,
3076 3976 3132 4022 ct
3173 3978 3422 4023 armatus
3485 3965 3709 4022 fustibus
3737 3957 3793 4013 ad

2215 4061 2494 4116 basilicam
2519 4060 2647 4116 Julii
2683 4063 3005 4132 perrumpit,
3047 4071 3102 4117 et
3132 4077 3326 4132 magna
3369 4061 3521 4118 caede
3577 4057 3792 4115 fidelium

2214 4170 2312 4226 per
2354 4155 2588 4210 triduum
2619 4155 2986 4212 debacchatus
3016 4167 3118 4212 est.
3151 4157 3281 4212 Post
3307 4158 3428 4214 dies
3457 4166 3658 4227 septem
3687 4165 3794 4212 cum

2213 4248 2467 4302 omnibus
2497 4249 2752 4318 perjuriis
2798 4259 2852 4302 et
2881 4249 3167 4310 arenariis.
3191 4263 3355 4320 quos,
3377 4249 3580 4321 ingenti
3628 4259 3796 4302 corru-

2214 4343 2292 4415 pit
2321 4342 2514 4413 pretio,
2542 4342 2961 4399 Lateranensem
2991 4343 3268 4398 basilicam
3301 4343 3501 4409 tenuit,
3533 4355 3583 4399 et
3615 4341 3682 4396 ibi
3719 4353 3796 4391 or-

2213 4435 2430 4491 dinatus
2460 4435 2767 4505 episcopus,
2797 4444 2852 4490 et
2881 4436 3152 4491 redimens
3169 4435 3412 4506 judicem
3440 4435 3596 4492 urbis
3618 4432 3798 4490 Viven-

505 4535 624 4574 rom
656 4521 970 4590 pontificum
998 4525 1339 4578 consuetudo
1369 4527 1470 4582 fuit
1498 4527 1611 4600 (f)?
1650 4549 1668 4582 ι
1705 4531 1858 4597 Quod
1903 4532 1948 4586 si
1988 4534 2109 4602 quis
2135 4529 2189 4590 D
2215 4533 2371 4596 tium,
2425 4541 2480 4587 et
2529 4534 2846 4601 praeit-etum
2894 4546 3130 4587 annome
3167 4530 3468 4598 lulianum,
3519 4531 3571 4586 id
3601 4529 3706 4599 egit
3747 4532 3798 4578 ιιι

503 4612 818 4680 aliquando,
849 4615 1192 4684 sequioribns
1240 4621 1542 4685 praesertim
1574 4623 1821 4689 saeculis,
1879 4624 2104 4679 meliora

500 4703 851 4761 decessorum
891 4707 1139 4778 exempla
1192 4709 1416 4766 minime
1437 4721 1657 4768 secutus
1711 4724 1819 4782 est,
1871 4713 1956 4770 liis
2005 4717 2102 4771 ad-

597 4891 653 4957 a)
700 4891 862 5016 Cypr.
897 4892 1073 4964 Epist.
1105 4893 1196 4957 52,
1232 4892 1431 4948 Veron.
1467 4893 1600 4950 edit.

597 4962 644 5016 bi
672 4963 732 5016 Et
757 4963 957 5016 inicum
985 4982 1107 5016 eum
1156 4965 1382 5016 facimus
1409 4982 1530 5016 cum
1567 4967 1600 5016 11

594 4962 644 5041 ὁ)
664 4962 958 5041 fullnicam
985 4982 1107 5041 eum
1156 4965 1382 5041 facimus
1409 4982 1530 5041 cum
1567 4967 1836 5023 Hadriano
1861 4968 2099 5041 Valesio,

494 5033 587 5088 Jo.
613 5033 836 5089 Alberto
866 5035 1116 5090 Fabricio
1145 5045 1201 5093 et
1232 5037 1470 5093 melioris
1503 5050 1647 5096 nota:
1691 5043 1916 5097 criticis.

568 5126 641 5200 (c)
664 5128 865 5184 Adnot.
909 5128 975 5184 ad
1007 5129 1180 5200 Epist.
1217 5131 1304 5186 11.

566 5221 648 5293 (d)
685 5225 820 5277 Ann.
856 5223 980 5278 ⁸567.

567 5317 637 5392 (ei
670 5317 772 5392 0n_
805 5333 871 5373 ne
911 5319 1115 5392 sanrait
1143 5317 1339 5376 douter
1387 5337 1492 5392 que
1541 5324 1766 5380 Damase
1816 5325 2096 5382 lui-meme

493 5401 563 5442 ne
593 5385 668 5443 fut
708 5388 923 5445 adnuné
960 5405 1025 5444 an
1064 5392 1186 5445 luxe
1233 5404 1287 5447 et
1342 5385 1445 5449 aiis
1487 5394 1755 5451 doncenrs
1799 5398 1960 5452 d‘une
2006 5401 2092 5455 vie

490 5460 676 5538 molle.
705 5477 951 5538 piusque
985 5461 1280 5538 Prélextat,
1331 5467 1421 5538 qui
1464 5467 1534 5520 fut
1569 5468 1762 5526 demtis
1811 5474 1980 5538 prefet
2021 5472 2090 5526 de

490 5526 682 5612 (licinio,
705 5526 775 5585 lui
793 5526 1058 5612 dis:_s_it_par
1074 5526 1423 5612 _plais:intei-ie
1451 5555 1510 5612 :_(
1542 5526 1854 5596 Faites-miii
1877 5543 2089 5612 évéque

489 5598 556 5652 de
577 5598 763 5678 Boote,
789 5617 840 5655 et
865 5598 1092 5659 il’aliord
1110 5610 1164 5674 je
1196 5609 1336 5662 serai
1361 5608 1628 5676 chrétieu;
1659 5630 1677 5664 ι
1709 5627 1770 5665 ce
1797 5616 1956 5678 qu'un
1979 5598 2086 5670 s'ei-

489 5683 662 5752 gnenr
688 5672 924 5752 defetie
947 5672 1346 5752 consideration
1375 5681 1520 5736 n’eut
1550 5672 1642 5752 pas
1669 5683 1767 5747 dit,
1797 5672 1839 5738 si
1873 5685 1918 5738 la
1952 5700 2079 5742 con-

487 5740 636 5798 duite
675 5745 742 5800 de
769 5743 996 5806 Damase
1021 5751 1111 5804 ent
1133 5748 1221 5808 (ne
1246 5767 1315 5807 un
1341 5769 1439 5825 pen
1469 5740 1586 5824 plus
1608 5740 1967 5826 apost'olique.

2218 4626 2447 4682 Ursinus
2496 4625 2578 4679 vir
2617 4625 2964 4691 venerabilis,
3012 4626 3102 4696 qui
3147 4626 3296 4695 prius
3351 4624 3530 4680 fuerat
3577 4617 3795 4692 pontifex

2211 4717 2514 4785 ordinatus,
2538 4732 2660 4774 cum
2691 4718 2946 4774 Amantio
2969 4725 3026 4774 et
3050 4718 3204 4789 Lupo
3223 4717 3570 4786 diaconibus,
3599 4717 3651 4772 in
3668 4710 3798 4770 essi-

2280 4900 2520 4974 (θένω.
2562 4901 2762 4958 Euseb.
2798 4901 2864 4956 H.
2889 4901 2980 4967 E.,
3031 4901 3125 4958 lib.
3158 4916 3232 4970 tv,
3265 4915 3389 4972 cap.
3423 4902 3536 4968 23;
3593 4899 3683 4956 lib.
3709 4910 3794 4962 vn,

2207 4973 2542 5116 caiiifiinde
2569 5043 2731 5116 igitur
2762 5045 3026 5114 scriptor,
3057 5046 3146 5116 qui
3179 5045 3390 5100 litteras
3438 5046 3502 5100 1).
3536 5039 3795 5116 Ambrosii

2204 5117 2260 5170 in
2283 5104 2554 5172 ‘Callieum
2586 5104 2898 5172 sermonem
2951 5104 3148 5180 vertit,
3205 5118 3484 5187 acceperit
3533 5114 3793 5174 Ursinum,

2202 5187 2440 5271 basilicae
2470 5187 2594 5244 Julii
2623 5189 2977 5244 constitutum
3037 5205 3067 5243 a
3129 5188 3344 5244 Liberio
3405 5188 3794 5260 presbyterum,

2201 5260 2294 5314 ille
2316 5260 2513 5317 videat.

2276 5330 2353 5400 (li)
2397 5331 2743 5394 Athanasius,
2782 5331 2938 5400 Apol.
2973 5343 3152 5387 contr.
3195 5331 3386 5388 Arian.
3443 5347 3596 5387 num.
3648 5325 3716 5384 58
3742 5333 3791 5379 et

2199 5401 2252 5456 in
2286 5399 2456 5473 Epist.
2484 5403 2550 5457 ad
2576 5402 2735 5474 Sqlit.
2766 5399 2916 5458 num.
2947 5403 3042 5469 26,
3096 5404 3356 5465 libellum,
3413 5421 3522 5474 quo
3553 5399 3795 5460 Ursacius

2195 5485 2250 5528 et
2285 5475 2503 5536 Valens,
2537 5490 2565 5527 a
2623 5473 2770 5532 Julio
2815 5475 3027 5530 veniam
3088 5476 3372 5540 deprecari
3431 5473 3605 5531 coacti
3655 5479 3791 5532 sunt.

2194 5545 2295 5621 sibi
2324 5547 2700 5621 tr:ms_i_i_i_i_ssum
2729 5549 2918 5602 scribit
2938 5563 2980 5621 a_
3011 5546 3240 5621 Paulino
3265 5547 3491 5621 τιςὲρων
3523 5550 3789 5621 epierPO,

2191 5616 2436 5672 Nannius
2468 5617 2804 5673 Tibur-ensem
2849 5619 3031 5680 vertit,
3063 5635 3125 5673 ac
3161 5619 3264 5675 ΒΒ.
3323 5616 3659 5673 Tiburtinum
3718 5618 3793 5668 in-

2191 5691 2460 5761 telligunt,
2489 5689 2648 5761 veluti
2682 5688 2870 5744 Roma:
2918 5691 3262 5759 proximum;
3322 5688 3467 5761 forte
3516 5692 3693 5761 itaque
3750 5687 3790 5740 is

2185 5759 2281 5817 illc
2312 5769 2414 5831 est,
2457 5761 2544 5832 qui
2579 5760 2880 5818 Ursicinum
2902 5761 3184 5820 ordinasse
3230 5760 3454 5818 dicitur.
