3998 6346
241 254 321 313 lii
1612 253 1824 311 PROLE

1936 252 2147 311 “ENA.

3425 260 3535 320 122

237 372 351 427 lium
384 371 713 429 mitteretur.
743 369 896 441 Quod
922 372 1012 429 ubi
1038 374 1244 428 factum
1278 380 1382 436 est,
1432 372 1597 443 coepit
1628 372 1826 426 Dama-
1854 371 1905 432 A
1933 374 2269 431 delissimum
2298 374 2460 430 nimis
2481 374 2753 446 episcOpis
2790 375 2959 432 Italiae
3005 375 3350 449 displicebat,
3399 395 3536 453 quos

234 481 316 523 sus
345 465 648 523 Romanam
694 467 928 537 plebem,
961 483 1082 536 (luat
1126 483 1186 523 se
1223 466 1461 534 nolebat,
1510 467 1823 537 proczedere

234 561 480 628 fusubus,
513 571 568 616 et
594 562 743 618 caede
774 561 917 617 varia
948 577 1264 632 perurgere.
1292 562 1647 633 i’resbyteros
1680 577 1823 633 quo-

235 672 327 728 que
347 672 581 712 nmoero
608 667 818 727 septem
842 657 1095 713 detentos
1123 673 1218 726 per
1248 656 1488 711 officium
1521 656 1709 711 nititur
1757 655 1824 710 ab

233 751 370 808 Urbe
394 752 730 821 propellere,
764 752 859 806 sed
894 752 1046 821 plebs
1080 751 1255 806 fidelis
1282 767 1577 805 occurrens
1600 750 1823 805 eosdem

231 845 580 917 presbyteros
604 847 769 911 eruit,
802 854 856 901 ct
882 846 949 900 ad
981 846 1258 900 basilicam
1287 845 1485 900 Liberii
1524 846 1642 901 sine
1674 859 1825 900 mora

230 941 499 1013 perduxit.
534 941 689 997 Tunc
719 942 981 997 Damasus
1010 957 1131 998 cum
1157 941 1378 1011 perlidis
1406 942 1599 997 invitat
1636 955 1829 995 arena-

228 1035 349 1098 rios,
382 1036 798 1105 quadrigarios,
843 1044 898 1090 et
937 1037 1197 1097 fossorcs,
1240 1051 1568 1106 omnemque
1620 1035 1825 1091 clerum

226 1141 341 1182 cum
370 1128 679 1190 securibus,
705 1126 919 1198 gladiis,
951 1138 1006 1183 et
1035 1127 1287 1194 fustilms,
1319 1136 1374 1183 et
1440 1128 1656 1185 obsedit
1686 1129 1829 1183 basi-

162 1252 171 1263 -
226 1219 377 1275 licam
405 1219 544 1275 hora
584 1222 691 1277 diei
733 1222 995 1287 secunda,
1048 1221 1281 1291 septimo
1325 1220 1677 1277 kalendarum
1720 1221 1828 1276 No-

224 1314 524 1369 vembrium
550 1314 659 1381 die,
683 1313 940 1370 Gratiano
969 1324 1024 1369 et
1052 1313 1325 1382 Dagalaifo
1354 1329 1563 1381 conss,
1588 1323 1643 1369 et
1664 1328 1828 1384 grave

224 1408 468 1478 praelium
492 1409 788 1465 concitavit
817 1429 831 1466 :
865 1425 987 1464 nam
1022 1409 1261 1464 eﬂ'ractis
1311 1409 1539 1476 foribus,
1598 1411 1828 1480 igncque

222 1507 531 1575 supposito.
564 1507 791 1573 aditum,
838 1507 978 1561 unde
1039 1507 1403 1577 irrumperet,
1466 1508 1826 1577 exquirebat;

223 1601 470 1655 nomnlli
501 1617 715 1672 quoque
742 1601 810 1657 de
843 1600 1197 1657 familiaribus
1223 1602 1340 1671 eius
1370 1611 1569 1657 tectum
1594 1600 1830 1657 basilica:

223 1692 604 1761 dcstruentes,
653 1695 851 1765 tegulis
896 1695 1110 1750 fidelem
1157 1696 1414 1767 p0pulum
1468 1695 1826 1765 perimebant.

1934 470 2097 526 etiam
2123 483 2244 524 cum
2273 467 2340 523 ad
2382 469 2560 525 natale
2590 485 2747 526 suum
2779 469 3096 529 solemniter
3134 473 3439 540 invitasset,
3483 486 3537 533 et

1935 563 2182 620 nonnulli
2213 563 2596 619 convenissent
2624 578 2690 620 ex
2721 565 2821 632 eis,
2853 566 3108 636 precibus
3126 567 3269 639 apud
3298 583 3393 623 eos
3422 583 3538 625 mo-

1935 659 2080 720 Iitnr,
2115 668 2169 712 et
2194 659 2390 729 pretio,
2420 668 2477 712 ut
2528 661 2852 714 sententiam
2888 661 2939 713 in
2986 669 3230 715 sanctum
3277 660 3534 718 Ursinttm

1935 733 2238 823 proferant.
2264 751 2367 819 Qui
2399 752 2795 823 responderunt
2820 770 2835 809 :
2861 772 2880 807 ι
2910 753 3018 809 Nos
3038 754 3106 809 ad
3137 754 3313 810 natale
3334 770 3541 814 conve-

1935 846 2135 910 nimus,
2167 859 2274 899 non
2305 854 2359 899 ut
2386 844 2686 900 inauditum
2710 844 3048 902 damnemus.
3078 866 3098 901 ι
3132 846 3203 902 Ita
3233 863 3396 918 prava
3421 848 3539 919 ejus

1934 939 2163 995 intentio
2193 941 2418 1003 corruit,
2452 954 2563 1009 quo
2593 938 2889 1007 nitebatur,
2914 940 3144 996 elIectu:
3171 942 3369 997 exinde
3386 956 3541 1012 pres-

1934 1035 2110 1108 byteri
2133 1035 2364 1091 diversis
2398 1037 2573 1093 modis
2602 1035 2790 1091 afﬂicti
2818 1052 2915 1108 per
2940 1037 3128 1092 exsilia
3157 1048 3213 1093 et
3257 1037 3539 1109 pcregrina

1937 1133 2052 1186 loca
2082 1133 2313 1202 diSpersi
2342 1142 2470 1187 sunt
2501 1150 2514 1186 :
2565 1148 2629 1187 ex
2655 1132 2852 1201 quibus
2875 1131 3245 1196 Marcellinus,
3293 1144 3344 1188 et
3369 1131 3539 1188 Faus-

1936 1226 2101 1289 tinus,
2138 1242 2328 1297 preces
2369 1225 2776 1290 Valentiniano,
2829 1224 3139 1281 Tlteodosio
3191 1234 3275 1281 et'
3305 1225 3538 1282 Arcadio

1934 1320 2326 1377 obtulerunt.»
2390 1319 2678 1389 llncusque
2733 1318 2977 1388 prmlatio
3031 1317 3361 1373 schismatici
3402 1319 3540 1374 scri-

1935 1416 2131 1485 ptoris,
2174 1430 2294 1485 qua:
2323 1415 2537 1470 tametsi
2589 1413 2890 1469 mendaciis
2947 1423 3173 1479 scateat,
3221 1413 3400 1483 aliqua
3450 1421 3536 1469 ta-

1936 1524 2059 1563 men
2111 1509 2376 1575 conlinet,
2407 1524 2525 1580 qua:
2548 1507 2760 1563 veritati
2787 1505 3179 1579 cognoscenda:
3198 1505 3371 1562 lacent
3401 1521 3537 1576 pra:-

1934 1611 2097 1659 stant.

2009 1698 2190 1754 Primo
2236 1699 2451 1769 ilaqtte,
2499 1713 2620 1753 cum
2668 1696 2997 1751 Liberiansm
3041 1694 3303 1751 basilicam
3347 1692 3536 1762 audis,

224 1786 371 1841 Tunc
401 1788 642 1844 universi
668 1789 976 1845 Dama‘siaui
1026 1790 1295 1845 irruentes
1324 1788 1376 1843 in
1407 1789 1681 1844 basilicam
1706 1794 2057 1861 cen—Bejus
2108 1793 2270 1847 etiam
2339 1792 2719 1861 antiquitatem
2792 1789 3077 1859 intelligis.
3131 1786 3265 1847 Nam
3317 1786 3417 1842 etsi
3472 1799 3536 1842 ea

224 1891 332 1937 tum
360 1884 647 1953 sexaginta
677 1884 746 1940 de
791 1884 950 1955 plebe
988 1885 1306 1941 occiderunt
1338 1903 1350 1939 :
1404 1884 1831 1940 vulneraverunt

222 1977 384 2031 etiam
419 1978 872 2047 quamplurimas,
897 1980 1180 2050 exquibus
1212 1980 1365 2035 multi
1395 1979 1631 2034 defuncti
1664 1988 1825 2033 sunt:

226 2069 290 2124 de
320 2079 477 2140 parte
506 2087 640 2127 vero
672 2072 887 2128 Damasi
912 2074 1091 2129 nullus
1121 2084 1204 2130 est
1233 2084 1499 2129 mortuus.
1534 2074 1665 2128 Post
1717 2082 1828 2129 tres

226 2172 402 2219 autem
429 2165 572 2230 dies,
601 2174 784 2221 sancta
808 2167 963 2238 plebs
986 2169 1039 2222 in
1081 2185 1245 2223 unum
1299 2168 1633 2222 conveniens
1662 2168 1830 2236 coepit

228 2259 493 2315 adversus
531 2276 652 2317 eum
697 2262 909 2317 Domini
952 2264 1204 2319 mandata
1255 2265 1507 2329 recitare,
1543 2263 1824 2318 dicentes:

232 2352 407 2410 Nolite
437 2356 615 2412 timere
635 2372 742 2422 eos,
790 2359 877 2428 qui
925 2360 1158 2413 occidunt
1191 2376 1397 2427 corpus,
1442 2360 1665 2414 animout
1709 2377 1827 2415 vero

230 2464 327 2502 non
357 2459 570 2514 possunt
597 2449 827 2505 occidere
852 2465 872 2506 :
910 2450 1177 2521 psallebat
1204 2454 1364 2506 etiam
1390 2452 1443 2507 in
1478 2454 1746 2520 laudibus,
1774 2465 1828 2510 ct

229 2528 475 2596 dicebat:
517 2540 804 2597 Posuerunt
834 2544 1075 2598 mortalia
1121 2561 1383 2599 servorum
1430 2556 1632 2601 tuorum
1682 2565 1826 2604 escas

234 2635 527 2690 volatilibus
567 2636 701 2701 caeli,
734 2653 915 2691 carnes
960 2648 1250 2693 sanctorum
1279 2650 1481 2694 tuorum
1522 2643 1695 2696 bestiis
1728 2652 1826 2697 ter-

228 2744 324 2791 rtL’,‘
366 2728 663 2793 e/fuderunt
706 2734 1011 2801 sanguinem
1082 2749 1279 2798 eorum,
1337 2734 1490 2787 veluti
1536 2752 1724 2803 aquam
1770 2736 1825 2790 in

228 2821 442 2875 circuitu
488 2821 836 2888 Hierusalem,
871 2835 919 2878 et
961 2842 1061 2879 non
1106 2838 1212 2880 crat
1244 2828 1332 2891 qui
1361 2829 1617 2891 sepeliret.
1668 2820 1825 2899 Szrpe

231 2912 405 2982 itaque
433 2914 624 2969 eadem
655 2916 808 2987 plebs
839 2917 1071 2972 adnuata
1103 2917 1155 2973 in
1210 2920 1428 2975 basilica
1483 2920 1683 2976 Liberii
1714 2922 1826 2977 cla-

231 3006 405 3061 mabat
434 3006 624 3062 dicens
655 3026 668 3059 :
701 3027 720 3059 ι
752 3006 1059 3063 Christiane
1088 3011 1406 3081 imperator,
1437 3012 1570 3067 nihil
1596 3023 1646 3067 te
1670 3014 1823 3071 latet.

228 3096 422 3155 Omnes
448 3101 691 3172 episcopi
714 3100 939 3156 Romam
967 3104 1206 3171 veniant,
1238 3114 1430 3174 agatur
1455 3120 1650 3162 causa:
1677 3108 1824 3177 quin-

1936 1901 2038 1940 Vox
2097 1886 2459 1956 praestitutum
2529 1882 2767 1953 profanis
2820 1882 2985 1938 etiam
3056 1879 3415 1936 conventibus
3452 1877 3537 1934 lo-

1934 1997 2058 2037 eum
2120 1981 2425 2051 exprimat,
2470 1994 2593 2034 cum
2663 1989 2841 2032 tamen
2889 1975 3032 2032 idem
3082 1973 3359 2046 scriptor,
3412 1986 3532 2029 eam

1937 2075 2176 2142 undique
2260 2075 2519 2129 occlusam
2559 2116 2574 2139 ,
2644 2082 2807 2143 atque
2881 2071 3003 2126 ideo
3075 2086 3104 2125 a
3196 2068 3534 2147 Damasianis

1934 2168 2224 2236 obsessam,
2274 2183 2393 2223 cum
2427 2176 2695 2238 praeterea
2742 2169 2936 2237 fractas
2966 2168 3105 2237 {ores
3128 2207 3142 2230 ,
3177 2179 3301 2219 cum
3348 2174 3536 2219 tectum

1933 2263 2247 2317 destructum
2280 2270 2491 2316 asserat
2511 2304 2525 2326 ,
2551 2260 2708 2316 facile
2732 2262 2897 2316 etiam
2928 2260 3021 2315 tibi
3050 2259 3209 2330 lingis
3231 2258 3411 2313 locum
3445 2272 3537 2313 sa-

1932 2361 2039 2414 cris
2066 2358 2287 2430 agendis
2311 2357 2609 2430 synaxibus
2658 2356 3011 2421 attributum,
3059 2362 3114 2409 et
3167 2355 3491 2408 instructum
3516 2391 3535 2420 ,

1931 2467 1993 2507 ac
2023 2453 2205 2521 populi
2250 2448 2545 2506 Christiani
2591 2446 2843 2505 conﬂuxu
2893 2446 3165 2503 celebrem
3217 2455 3274 2500 ut
3304 2452 3534 2501 cmteros

1932 2547 2078 2603 urbis
2109 2546 2315 2601 titulos.

2008 2640 2170 2695 Vides
2196 2640 2435 2694 secundo
2456 2654 2786 2711 anonymnm
2825 2637 2967 2692 hunc
3012 2643 3290 2691 auctorem
3309 2674 3323 2697 ,
3348 2646 3539 2704 qnam-

1930 2749 2090 2804 qnam
2125 2732 2383 2789 Ursinum
2445 2732 2596 2803 prius
2644 2732 2953 2786 ordinatum
3011 2728 3249 2792 scribat,
3314 2724 3537 2779 minime

1932 2837 2111 2883 tamen
2138 2828 2443 2896 exprimere
2470 2868 2485 2892 ,
2520 2836 2637 2880 utra
2668 2825 2865 2880 electio
2899 2823 3045 2894 prior
3070 2819 3246 2876 luerit.
3293 2819 3374 2873 An
3404 2830 3537 2872 vero

1931 2920 2034 2976 hoc
2058 2920 2149 2975 ille
2192 2921 2482 2986 tacuisset,
2511 2919 2554 2973 si
2574 2926 2664 2985 ,ut
2686 2916 3033 2972 ordinatione
3054 2956 3068 2979 ,
3102 2912 3174 2967 ita
3200 2911 3361 2967 etiam
3391 2909 3538 2964 elec-

1932 3014 2075 3068 tione
2123 3014 2407 3068 Damasum
2460 3008 2938 3083 praeoccupasse”
2986 3003 3538 3072 VeriSsimnmitaque

1930 3098 2046 3174 est,
2077 3109 2220 3179 quod
2280 3109 2642 3180 Hieronymus
2689 3118 2741 3161 et
2771 3105 2992 3160 Rufinus
3020 3103 3206 3166 aiunt,
3240 3100 3391 3156 illum
3425 3100 3532 3155 sci-

228 3200 334 3247 tum
362 3194 476 3262 jam
512 3194 713 3249 bellum
742 3196 1007 3250 Damasus
1039 3195 1163 3251 fecit
1195 3216 1205 3251 :
1248 3212 1278 3251 a
1304 3197 1431 3253 sedo
1459 3199 1601 3254 Petri
1648 3201 1823 3255 bomi-
1855 3198 1900 3261 C
1933 3202 2065 3257 licet
2109 3201 2408 3256 ambitione
2436 3201 2702 3271 percitum
2761 3197 3081 3254 catbcdram
3112 3205 3300 3251 contra
3345 3192 3536 3249 cathe-

227 3287 370 3341 cidas
399 3286 568 3343 foras.
601 3308 619 3341 ι
647 3288 738 3342 Dei
763 3298 942 3344 autem
965 3291 1196 3361 populus
1220 3293 1503 3361 episcopos
1529 3296 1827 3349 convenire

226 3383 404 3436 multis
430 3381 687 3452 precibus
715 3383 992 3447 exorabat,
1026 3393 1080 3437 nt
1112 3394 1492 3451 memoratum,
1549 3397 1696 3441 tanta
1726 3386 1829 3441 im-

224 3475 422 3546 pietate
483 3476 833 3541 maculatum,
885 3479 1152 3534 sententia
1209 3479 1354 3550 justa
1411 3481 1822 3552 propellerent:

222 3586 378 3640 quem
410 3570 465 3625 in
518 3580 725 3625 tantum
777 3581 1040 3626 matrona:
1093 3571 1426 3643 diligebant,
1464 3584 1519 3628 nt
1552 3586 1829 3628 matrona-

220 3679 338 3719 rum
396 3665 759 3734 auriscalpius
810 3665 1109 3721 diceretur.
1163 3666 1339 3721 Voces
1381 3682 1513 3738 ergo
1559 3668 1729 3738 plebis
1759 3670 1827 3726 ad

224 3754 664 3811 Valentinianum
696 3767 822 3812 sunt
850 3758 1044 3813 delatae
1078 3760 1385 3830 principem
1415 3777 1429 3825 ;
1461 3762 1550 3832 qui
1574 3762 1819 3819 reditum

219 3851 489 3905 concessit
520 3851 822 3905 exsulibus.
849 3851 1001 3906 Tunc
1041 3839 1441 3909 Ursinns'cum
1490 3855 1745 3910 Amantio
1772 3864 1827 3911 et

222 3941 371 4009 Lupo
400 3943 725 3999 diaeonibus
776 3960 882 3998 xvn
914 3943 1023 3999 kal.
1070 3944 1408 4011 Octobrium,
1465 3946 1729 4015 Lupicino
1770 3957 1827 4004 et

223 4034 411 4090 Iovino
436 4051 649 4102 eonss.,
678 4036 745 4091 ad
768 4036 969 4093 Urbem
995 4038 1176 4104 rediit,
1204 4040 1290 4093 cui
1313 4040 1463 4107 pb-bs
1486 4052 1671 4097 sancta
1697 4058 1821 4113 gra-

226 4136 400 4185 tanter
421 4132 686 4185 occurrit.
716 4132 819 4186 Sed
853 4133 1113 4188 Damasus
1140 4143 1410 4189 tantorum
1437 4136 1538 4191 sibi
1570 4140 1825 4194 conscius

225 4224 511 4293 scelerum,
548 4238 654 4277 non
694 4225 951 4280 mediocri
988 4226 1183 4281 timore
1226 4242 1545 4297 concussus,
1594 4231 1826 4287 redemit

226 4329 380 4372 omne
409 4316 692 4386 palatium,
727 4333 794 4373 ne
825 4317 957 4373 facta
1010 4335 1105 4374 sua
1152 4322 1381 4391 principi
1433 4324 1819 4390 ponderentur.

228 4406 519 4480 Imperator
590 4412 837 4468 nesciens
890 4413 1018 4483 quid
1076 4413 1338 4468 Damasus
1414 4427 1817 4488 perpetrasset,

229 4505 453 4561 edictum
485 4518 766 4579 prorogat,
794 4517 853 4563 ut
879 4508 1078 4566 Ursino
1124 4510 1317 4566 exsilio
1360 4512 1623 4582 relegato,
1670 4514 1817 4568 nulla

1930 3296 2081 3351 dram
2112 3310 2315 3365 ponere
2345 3309 2681 3365 aggressum.

2001 3387 2167 3442 Vides
2201 3387 2391 3451 tertio,
2427 3385 2676 3440 eumdem
2701 3384 2975 3449 electum,
3008 3398 3072 3436 ac
3114 3379 3312 3437 deinde
3336 3394 3533 3436 conse‘

1928 3490 2136 3536 cratnm
2180 3479 2324 3535 nulla
2356 3478 2672 3545 interposita
2706 3492 2877 3549 mora.
2912 3475 2980 3529 At
3005 3490 3070 3530 ex
3102 3474 3204 3529 hoc
3227 3474 3345 3544 ipso
3373 3516 3387 3538 ,
3417 3482 3529 3527 tum

1927 3576 2233 3633 electionis.
2251 3572 2674 3629 etordinalionis
2687 3570 2873 3626 vitium
2899 3571 3069 3641 magis
3093 3579 3277 3641 aperte
3296 3576 3531 3635 constat,

1927 3680 2043 3727 tum
2078 3671 2253 3740 major
2284 3668 2470 3726 Ursini
2499 3667 2723 3723 ambitio
2751 3667 2950 3722 elucet.
2988 3666 3111 3721 Dies
3160 3665 3303 3720 cnim
3347 3664 3527 3735 legiti-

1927 3783 2029 3822 ma:
2078 3765 2435 3823 ordinationis
2466 3764 2694 3819 cadebat
2722 3764 2772 3817 in
2801 3763 3028 3831 primum
3051 3760 3302 3816 Octobris
3329 3802 3343 3826 ,
3401 3775 3522 3830 quae

1926 3858 2195 3914 dominica
2224 3868 2342 3913 erat
2363 3856 2439 3929 (τι)
2466 3873 2479 3921 ;
2506 3872 2665 3921 quam
2697 3868 2874 3911 tamen
2924 3855 3181 3910 factiosus
3206 3854 3299 3909 ille
3341 3852 3526 3907 diaco-

1928 3968 2027 4006 tms
2066 3960 2393 4021 praevertere
2417 3963 2581 4004 ausus
2622 3959 2724 4005 est.
2750 3948 2947 4004 Contra
2976 3962 3107 4003 vero
3136 3947 3348 4002 Damasi
3400 3960 3527 4014 erga

1928 4061 2115 4101 sacros
2139 4061 2377 4101 canones
2408 4046 2709 4100 reverentia
2737 4059 2858 4099 sese
2880 4042 3264 4108 commendat,
3288 4042 3378 4113 qui
3404 4049 3529 4111 post

1927 4149 2136 4207 septem
2167 4140 2233 4193 ab
2258 4139 2524 4193 electione
2551 4138 2668 4193 dies
2697 4137 2975 4191 ordinatus
3005 4148 3116 4197 est,
3154 4132 3522 4204 nequeclam,

1928 4244 2017 4287 aut
2052 4248 2149 4303 per
2173 4241 2438 4301 agrestem
2488 4230 2724 4299 aliquem
2755 4229 3103 4299 episcOpum,
3137 4238 3193 4280 ut
3219 4226 3357 4279 alter
3380 4266 3397 4289 ,
3430 4224 3525 4291 sed

1928 4326 1979 4379 in
2010 4325 2361 4380 Lateraucnsi
2394 4323 2615 4378 basilica
2648 4339 2743 4392 pro
2774 4330 2998 4391 recepto
3025 4334 3198 4383 more,
3248 4317 3531 4373 ubianim-

1928 4417 2261 4472 advertimus
2290 4417 2542 4487 anonymi
2581 4413 2873 4483 transfuga:
2912 4409 3534 4481 oscitantiam,quiscri-

1932 4512 2006 4565 bit
2046 4510 2334 4565 Damasum
2371 4510 2421 4563 in
2452 4507 2669 4563 Lucinis
2718 4509 2952 4564 electum
3016 4521 3080 4560 ac
3126 4513 3534 4561 consecratum.

233 4601 452 4657 ulterius
474 4602 706 4673 populos
733 4605 1014 4659 contentio
1047 4604 1277 4659 nefanda
1332 4606 1642 4661 collideret.
1675 4607 1827 4663 Tunc
1854 4591 1909 4652 ἶ)
2004 4603 2311 4660 Observare
2351 4612 2545 4674 quarto
2584 4612 2741 4671 potes
2764 4644 2777 4668 ,
2812 4602 2952 4655 inter
2997 4608 3299 4653 sectatores
3346 4595 3531 4654 Ursini

233 4692 472 4762 Ursinus,
502 4700 587 4753 vir
612 4706 833 4753 sanctus
854 4709 910 4754 et
932 4700 1048 4755 sine
1076 4700 1326 4763 crimine,
1359 4701 1649 4755 consulens
1681 4702 1822 4770 plebi

237 4790 444 4846 tradidit
465 4808 524 4849 se
551 4793 805 4848 manibus
836 4794 1167 4863 iniquorum,
1199 4805 1252 4849 et
1281 4811 1373 4849 xvr
1409 4794 1671 4851 kalendas
1719 4798 1821 4853 Dc-

236 4884 452 4940 cembris
500 4887 750 4955 iussione
792 4888 1142 4959 imperatoris
1188 4888 1254 4943 ad
1315 4890 1567 4944 exsilium
1626 4900 1821 4963 sponte

237 4981 553 5045 properavit.
602 4979 710 5035 Sed
763 4981 996 5048 populus
1033 4982 1228 5037 timens
1286 4982 1497 5046 Deum,
1550 4984 1820 5055 nullisque

235 5073 692 5137 persecutionibus
738 5072 1016 5145 fatigatus,
1077 5091 1187 5130 non
1230 5075 1642 5145 imperatorem,
1706 5092 1816 5132 non

229 5159 475 5232 judicent,
507 5181 611 5222 nec
639 5167 811 5238 ipsum
845 5176 1121 5223 auctorem
1152 5168 1442 5233 scelerum,
1498 5177 1554 5224 et
1596 5168 1822 5225 homici-

231 5253 347 5310 dam
372 5258 660 5314 Damasnm
688 5260 886 5317 timuit.
922 5259 1014 5315 sed
1046 5276 1141 5328 per
1171 5260 1479 5316 cremeteria
1524 5271 1821 5337 martyrum

229 5353 478 5409 stationes
498 5354 618 5409 sine
638 5353 853 5409 clericis
878 5354 1189 5410 celebrabat
1217 5374 1229 5407 :
1281 5355 1423 5411 unde
1452 5371 1573 5409 cum
1602 5358 1666 5410 ad
1699 5371 1826 5410 san-

229 5451 364 5499 ctam
395 5448 656 5517 Agnetem
701 5446 856 5501 multi
881 5446 1118 5502 fidelium
1143 5449 1548 5515 c0ovcnissent,
1582 5457 1824 5503 armatus

231 5548 348 5592 cum
371 5541 695 5601 satellitibus
749 5542 864 5597 suis
893 5541 1155 5598 Damasus
1211 5542 1393 5604 irruit,
1443 5552 1497 5598 et
1555 5543 1820 5609 plurimos

235 5634 543 5689 vastationis
572 5649 686 5689 suae
710 5645 891 5707 strage
935 5634 1149 5705 disjecit
1199 5650 1214 5687 :
1273 5635 1417 5706 quod
1448 5635 1649 5691 factum
1694 5651 1818 5691 cru-

306 5744 380 5889 fit;
421 5749 548 5821 Pag.
580 5748 647 5803 ad
675 5765 805 5805 ann.
828 5749 954 5805 367.

327 5818 354 5870 b
416 5821 564 5889 Epst.
595 5822 631 5877 9
664 5823 731 5878 ad
778 5821 946 5879 Fabio

327 5818 377 5889 ὁ)
416 5818 564 5891 Ερζι.
595 5822 631 5877 9
664 5823 731 5878 ad
778 5821 1040 5889 Fabium,
1074 5837 1221 5879 num.
1265 5820 1329 5889 '5,
1376 5821 1514 5893 apud
1543 5821 1825 5880 Conslant.

1932 4708 2140 4767 septem
2172 4705 2379 4751 tantum
2405 4695 2683 4751 numerari
2716 4694 3086 4767 presbyteros,
3116 4706 3181 4747 ac
3211 4703 3321 4746 tres
3347 4690 3534 4745 diaco-

1931 4805 2050 4846 nos.
2080 4790 2241 4861 Atqui
2266 4805 2331 4846 ex
2364 4789 2619 4845 Cornelio
2647 4788 2846 4843 scinms
2871 4831 2886 4855 ,
2919 4799 3082 4859 atque
3112 4802 3177 4842 cx
3208 4786 3403 4857 Optato
3429 4782 3530 4856 (b),

1928 4884 2281 4955 quadraginta
2332 4882 2605 4939 exstitisse
2636 4882 2840 4947 titulos,
2890 4881 3006 4937 sive
3051 4880 3357 4947 Ecclesias,
3404 4894 3529 4933 cum

1928 4979 2116 5035 Victor
2165 4978 2481 5035 Garbiensis
2516 4978 2741 5032 Romam
2799 4991 2897 5047 pro
2939 4975 3234 5030 Donatistis
3277 4973 3529 5029 accessit.

1930 5073 2135 5128 Eorum
2160 5072 2358 5128 deinde
2404 5086 2666 5127 numerus
2692 5081 2887 5125 auctus
2935 5069 3110 5125 fuerat
3136 5067 3236 5123 sub
3273 5066 3533 5122 Romanis

1928 5167 2198 5237 episc0pis
2261 5166 2497 5221 Cornelii
2536 5163 2986 5228 successoribus;
3046 5176 3169 5216 nam
3229 5159 3316 5213 vix
3366 5157 3535 5211 'aunis

1928 5260 2318 5333 quinquaginta
2346 5275 2374 5313 a
2405 5259 2616 5314 Damasi
2640 5258 2911 5313 electione
2932 5255 3135 5325 elapsis
3154 5295 3167 5319 ,
3191 5252 3528 5322 septuaginta

1930 5363 2286 5410 recensentur
2328 5352 2671 5424 presbyteri,
2725 5350 2816 5421 qui
2872 5349 3083 5405 Eulalio
3137 5346 3383 5415 reiecto,
3439 5341 3532 5399 nni

1932 5448 2209 5504 Bonifacio
2231 5446 2505 5517 sull'ragati
2529 5441 3005 5517 fuerant(c).Quid
3020 5450 3142 5495 sunt
3166 5438 3529 5509 igiturdeccm

1928 5541 2117 5597 insana
2138 5540 2270 5596 cleri
2297 5542 2507 5609 capita,
2551 5554 2671 5609 qum
2719 5553 2818 5609 pro
2846 5535 3045 5592 Ursino
3086 5539 3393 5594 steterant,
3437 5529 3533 5585 lta—

1925 5634 2037 5691 bita
2062 5635 2275 5690 ratione
2305 5648 2588 5689 Sacrorum
2618 5632 2858 5688 omnium
2892 5628 3265 5685 ministrorum
3285 5668 3300 5694 ,
3330 5625 3420 5699 qui
3452 5634 3531 5681 tot

1927 5749 2112 5823 Optat.
2130 5749 2235 5823 _lib.
2262 5749 2305 5804 ll
2323 5789 2339 5817 ,
2364 5765 2510 5805 num.
2542 5749 2598 5823 ᾧ.

2018 5822 2090 5894 (ε)
2129 5821 2327 5878 Baron.
2348 5863 2363 5891 ,
2396 5818 2657 5879 annJl9.
