3998 6350
487 225 589 288 ωδ

1648 227 1966 290 SANCTUS
2010 227 2336 292 DAIASUS
2379 230 2550 288 ΡΑΡΑ
2564 272 2577 288 .

3685 237 3785 296 Hi

485 342 537 398 in
565 341 832 402 Eeclesiis
875 345 1165 402 necessarii
1203 353 1399 411 erant,
1449 357 1510 400 ac
1544 359 1641 415 pro
1691 345 1920 402 Damaso
1968 344 2080 402 suf-
2103 355 2155 414 Α
2183 344 2456 402 Siciniana
2508 355 2881 418 perpetratam
2941 346 3219 414 scribunt;
3272 349 3632 420 quamobrem
3689 353 3786 405 viri

485 438 720 508 fragium
752 439 1036 496 tulerant?

558 530 713 588 Nunc
734 541 791 590 ut
811 533 877 590 ad
902 533 1200 588 institutum
1230 532 1416 590 redeat
1437 548 1620 590 sermo
1637 575 1651 598 ,
1677 533 1750 590 ob
1774 534 2084 592 sebismatis

491 624 657 696 hujus
682 641 899 682 causam
932 625 1346 682 interfectioites
1380 627 1542 682 tertio
1565 626 1792 684 iteratas
1817 634 2087 684 meruerat

492 717 596 780 hoc
633 719 918 789 scriptum.
965 718 1150 776 Primo
1182 719 1236 773 in
1287 718 1508 774 basilica
1561 719 1719 784 Julii,
1774 728 1936 790 atque
1967 720 2086 776 haec

492 813 639 884 prior
669 813 808 868 intra
839 813 982 881 ipsos
1033 821 1244 882 septem
1295 812 1583 868 electionis
1629 821 1686 868 et
1723 815 2086 869 consecratio-

493 905 574 966 nis
602 905 717 962 dies
740 913 1050 975 perpetrata
1102 914 1210 962 est.
1258 905 1529 972 Quaeritur
1561 923 1808 976 quzenam
1861 909 1932 963 sit
1955 907 2088 965 Julii

492 995 710 1052 basilica
738 1038 754 1062 ,
782 995 834 1052 in
875 1013 979 1068 qua
1003 995 1233 1054 Ursinus
1259 999 1606 1058 tumultuarie
1637 998 1844 1056 electus
1877 1011 1932 1056 et
1955 1016 2089 1056 con-

491 1101 731 1148 secratus
751 1101 836 1146 est
861 1133 876 1156 ,
908 1106 968 1146 ac
996 1091 1175 1146 cades
1202 1092 1397 1148 deinde
1427 1093 1586 1148 facta.
1621 1094 1758 1151 Sunt
1799 1097 1887 1165 qui
1937 1094 2084 1150 illam

489 1181 759 1238 collocant
786 1183 838 1238 in
864 1183 1204 1239 Patriarchio
1225 1183 1575 1242 Lateranensi
1603 1229 1617 1252 ,
1669 1198 1833 1257 atque
1858 1187 2092 1246 ail‘erunt

495 1275 702 1348 aliquot
729 1291 795 1333 ex
821 1277 1111 1334 Anastasio
1140 1277 1314 1344 locos,
1339 1279 1534 1349 quibus
1563 1279 1612 1333 id
1639 1279 1842 1336 adstrui
1874 1291 2087 1352 putant.

501 1370 582 1428 Me
615 1382 793 1426 tamen
832 1371 1053 1428 dubium
1088 1382 1231 1428 tenet
1276 1373 1547 1430 Liberiani
1578 1373 1822 1446 Catalogi
1850 1377 2091 1431 auctori-

503 1475 606 1532 tas,
623 1465 675 1520 in
699 1481 806 1536 quo
821 1465 1025 1522 habesJ
1035 1467 1202 1523 nlium
1215 1469 1451 1538 quinque
1473 1471 1805 1526 exstruxisse
1819 1471 2091 1537 basilicas,

501 1566 611 1612 tres
639 1573 834 1628 nempe
856 1569 1009 1613 extra
1035 1559 1220 1615 urbem
1241 1603 1255 1627 ,
1286 1561 1426 1614 intra
1461 1563 1647 1617 urbem
1675 1563 1840 1630 duas,
1868 1579 2095 1633 quarum

499 1651 726 1707 alteram
755 1650 951 1708 Juliam
977 1653 1296 1726 simpliciter
1330 1667 1636 1725 nuncupat,
1667 1667 1721 1712 et
1753 1657 1805 1710 in
1835 1673 1908 1712 vn
1929 1659 2098 1731 regio-

2187 441 2428 495 nonuulli
2459 439 2600 496 docti
2625 440 2754 495 hinc
2779 441 3074 512 colligunt,
3101 441 3434 498 Sicinianam
3464 459 3528 498 ac
3547 442 3789 498 Liberia-

2186 549 2310 589 nam
2339 549 2498 588 unam
2530 534 2888 606 eamdemque
2913 551 3034 591 esse
3057 537 3338 592 basilicam
3369 578 3383 602 ,
3416 552 3578 594 secus
3603 554 3664 593 ac
3701 539 3790 594 alii

2185 638 2443 688 censent.
2477 629 2568 697 qui
2592 627 2921 683 Siciniauam
2968 628 3109 684 intra
3155 639 3308 700 septa
3360 631 3682 686 monasterii
3733 631 3788 686 S.

2187 720 2405 774 Antonii
2437 729 2699 776 statuunt.
2732 722 2802 775 At
2839 721 3000 775 aliam
3026 736 3147 778 esse
3173 722 3380 777 caedem
3406 764 3422 788 ,
3456 739 3578 792 qnte
3607 723 3660 777 in
3711 723 3792 779 Si-

2187 810 2401 866 ciuiaua
2430 851 2444 876 ,
2508 811 2666 866 aliam
2719 828 2842 881 qua:
2885 813 2936 868 in
3005 813 3290 868 Liberiana
3337 815 3559 869 basilica
3605 830 3793 886 perpe-

2189 912 2324 958 trata
2357 914 2480 970 est,
2527 903 2680 960 facile.
2704 904 3009 974 intelliget,
3037 906 3126 975 qui
3157 906 3453 960 adverterit
3481 906 3641 961 altam
3700 908 3794 962 Ur-

2190 999 2312 1053 sino
2363 1009 2627 1067 prmsente
2678 1005 2736 1054 et
2776 1014 2969 1070 agmen
3023 998 3373 1055 factiosorum
3420 1000 3690 1066 ducente,
3742 1011 3794 1055 ut

2193 1090 2418 1146 [tulimus
2445 1101 2501 1145 et
2533 1091 2894 1163 Hieronymus
2937 1094 3182 1147 scribunt
3202 1134 3218 1158 ,
3247 1091 3408 1147 aliam
3438 1108 3567 1148 vero
3599 1093 3793 1149 Ursino

2189 1182 2299 1252 jam
2331 1183 2573 1249 absente,
2593 1194 2649 1239 et
2687 1185 2740 1240 itt
2768 1184 3017 1240 exsilium
3045 1196 3192 1240 truso
3213 1229 3228 1252 ,
3253 1187 3568 1256 contigisse.
3597 1185 3794 1254 Quam-

2193 1278 2379 1334 obrem
2432 1279 2476 1333 si
2537 1278 2603 1332 de
2635 1277 2868 1346 duplici,
2921 1294 3096 1348 eaque
3144 1279 3359 1334 diversa
3403 1280 3553 1333 cardo
3582 1281 3789 1350 agitur,

2198 1374 2329 1429 nihil
2364 1373 2584 1440 impedit
2607 1376 2894 1445 quominus
2917 1375 3081 1430 aliam
3107 1375 3157 1428 in
3188 1374 3485 1438 Siciniana,
3513 1375 3673 1428 aliam
3707 1391 3794 1430 ve-

2197 1484 2257 1524 ro
2285 1468 2336 1522 in
2393 1468 2674 1524 Liberiana
2728 1471 2971 1538 proxima
3029 1468 3250 1524 basilica
3305 1477 3670 1539 perpetratatn
3717 1467 3794 1523 di-

2197 1576 2403 1617 camus.

2273 1653 2450 1708 Tertia
2499 1651 2735 1722 denique
2780 1653 2874 1710 illa
2894 1662 3020 1720 est,
3082 1669 3243 1724 quam
3283 1654 3402 1710 fieri
3457 1652 3676 1723 contigit
3731 1651 3792 1706 ad

503 1761 566 1800 ne
586 1745 837 1815 colloc:tt,
869 1747 1021 1817 juxta
1046 1747 1259 1818 Trajani
1289 1749 1461 1805 forum
1487 1791 1503 1819 ,
1532 1753 1757 1807 alteram
1792 1768 1918 1807 vero
1943 1756 1996 1806 in
2019 1769 2100 1807 re-
2127 1763 2177 1826 Β
2203 1756 2404 1802 sanctae
2426 1745 2650 1817 Agnetis
2675 1757 2834 1802 extra
2855 1762 3062 1813 muros,
3087 1762 3194 1817 quo
3221 1747 3588 1804 schismaticis
3605 1759 3794 1801 conve-

502 1839 653 1910 gione
710 1855 836 1908 χιιι,
886 1851 1031 1896 trans
1079 1841 1342 1908 Tiberim,
1391 1844 1546 1913 juxta
1597 1845 1892 1901 Callistum.
1944 1846 2101 1914 Quod

503 1931 665 1988 etiam
696 1932 890 2004 legitur
908 1932 962 1989 in
995 1935 1264 1990 breviario
1294 1935 1598 1992 Liberiana:
1623 1937 1878 1993 basilica}.
1909 1939 1980 1995 At
2009 1955 2102 1996 ne-

508 2041 614 2098 que
644 2025 1009 2084 Lateranense
1039 2029 1420 2098 patriarcltium
1453 2032 1504 2086 in
1537 2033 1754 2103 regione
1786 2049 1892 2102 vn,
1925 2049 2102 2102 neque

502 2118 652 2186 juxta
685 2117 902 2190 Trajani
943 2119 1149 2178 forum:
1187 2124 1537 2193 quamobrem
1564 2123 1679 2179 hate
1706 2124 1830 2180 Julii
1878 2125 2101 2184 basilica

507 2209 637 2268 alibi
665 2211 958 2283 quzerenda
980 2222 1101 2280 est,
1152 2230 1476 2293 quamquam
1529 2217 1738 2273 facilius
1769 2219 1918 2274 sitin
1951 2229 2102 2276 tanta

508 2321 686 2362 rerum
743 2321 806 2364 ac
859 2317 1164 2378 temporum
1224 2310 1560 2368 obscuritate
1611 2313 1696 2368 tibi
1749 2328 1854 2368 non
1903 2313 2100 2380 fuerit,

507 2414 668 2470 quam
702 2401 790 2456 ubi
824 2402 993 2472 posita
1024 2401 1184 2458 fuerit
1210 2405 1519 2460 ostendere.
1550 2406 1770 2462 Minime
1803 2416 1980 2462 tamen
2009 2423 2106 2463 ne-

506 2498 928 2568 gaverim,quia
980 2498 1360 2554 [.ateranensis
1414 2501 1720 2568 patriarcbii
1749 2515 1876 2572 pars
1928 2503 2104 2573 aliqua

505 2586 704 2653 fuerit,
756 2605 879 2657 qua:
907 2589 1054 2644 Julia
1101 2590 1489 2660 appellaretur.
1543 2590 1615 2645 At
1664 2592 1930 2646 incertum
1983 2601 2104 2658 est,

510 2697 578 2736 an
598 2680 714 2736 hmc
735 2697 762 2734 a
791 2681 934 2738 Julio
955 2727 970 2751 ,
1006 2698 1074 2737 an
1103 2699 1130 2738 a
1160 2682 1301 2738 Julia
1331 2698 1527 2738 nomen
1554 2684 1782 2740 traxerit
1806 2726 1819 2750 ,
1846 2699 1968 2740 cum
1999 2686 2109 2742 leco

512 2776 588 2830 tio
612 2775 761 2832 varia
780 2777 848 2832 sit
869 2817 887 2843 ,
915 2787 968 2832 et
995 2777 1158 2832 modo
1182 2775 1312 2852 Julii
1339 2818 1352 2842 ,
1385 2776 1722 2850 frequentius
1753 2778 1912 2834 etiam
1943 2778 2108 2834 Juliat

513 2867 773 2936 scriptum
819 2868 1068 2925 viderim.
1118 2867 1268 2924 Hane
1310 2884 1440 2924 vero
1490 2870 1780 2926 lectionem
1837 2871 2107 2930 veriorem

515 2975 637 3018 esse
665 2959 883 3032 probat,
915 2960 966 3016 ni
991 2961 1147 3016 fallor
1167 3002 1180 3025 ,
1213 2963 1531 3018 Anastasius
1564 2965 1676 3034 ipse
1701 2963 1752 3018 in
1778 2963 1971 3035 Sergio
1993 2966 2109 3038 pri-

519 3068 609 3110 mo
632 3095 648 3120 ,
676 3069 797 3110 cum
843 3070 960 3110 eam
1005 3055 1388 3112 Lateranensis
1421 3057 1728 3126 patriarehii
1762 3066 1988 3126 partem,
2020 3058 2110 3112 ba-

513 3147 712 3214 silicam
753 3148 937 3204 domus
963 3147 1126 3206 Julia:
1175 3160 1465 3220 nuncupat.
1496 3150 1631 3206 Hinc
1662 3151 1848 3219 enim,
1898 3161 1991 3206 aut
2039 3153 2108 3208 ab

515 3241 691 3310 aliqua
721 3241 918 3298 illustri
945 3242 1102 3313 hujus
1132 3244 1366 3298 nominis
1413 3243 1613 3300 femina
1637 3286 1651 3310 ,
1681 3255 1771 3302 aut
1802 3262 1830 3300 ει
1857 3245 2000 3302 Julia
2033 3245 2112 3300 fa-

515 3335 682 3404 milia,
738 3338 916 3408 potius
943 3353 1102 3410 quam
1131 3355 1160 3394 a
1192 3339 1338 3398 Julio
1371 3340 1627 3410 pontifice
1654 3341 1732 3397 sic
1759 3342 1957 3398 dictam
1986 3357 2109 3397 cre-

512 3429 765 3486 diderim.
806 3432 880 3486 Ex
909 3430 1216 3502 Capitolino
1234 3435 1378 3492 enim
1403 3435 1696 3502 discimus,
1725 3435 1796 3492 Μ.
1829 3437 2110 3494 Aurelium

516 3531 699 3578 natum
734 3523 786 3578 in
818 3522 989 3581 Ctelio
1011 3537 1227 3595 monte,
1261 3527 1654 3598 educatumque
1685 3529 1851 3588 fuisse
1879 3529 1930 3584 in
1959 3531 2115 3590 domo

515 3618 596 3671 aui
625 3619 706 3672 sui
763 3615 877 3672 Veri
915 3619 1074 3686 juxta
1099 3619 1236 3674 mdes
1265 3611 1533 3688 Laterani;
1567 3621 1682 3678 ﬁeri
1713 3623 1890 3694 itaque
1913 3633 2112 3694 potest,

521 3717 578 3764 ut
605 3709 670 3763 ad
701 3708 898 3764 Juliam
921 3709 1110 3766 Nerva:
1140 3712 1322 3777 tiliam,
1350 3728 1493 3784 quae,
1523 3723 1577 3767 ut
1603 3713 1879 3770 Harduino
1901 3714 1981 3786 (a)
2006 3716 2116 3785 pla-

519 3805 666 3870 cuit,
709 3801 838 3858 Vero
880 3806 1102 3876 nupsit,
1159 3805 1458 3876 pertineret
1487 3817 1679 3876 antea,
1711 3807 1995 3870 autetiam
2049 3810 2118 3864 ab

521 3895 610 3952 illa
642 3905 917 3952 exstructa
947 3907 1113 3962 esset,
1139 3897 1336 3954 deinde
1365 3913 1494 3954 vero
1522 3907 1642 3968 post
1663 3900 1800 3956 alios
1823 3900 2115 3971 imperato-

528 4004 638 4060 res,
676 3991 742 4046 ad
779 3989 972 4046 Juliam
1015 3990 1250 4046 Flaviani
1296 3992 1633 4046 Constantini
1668 3991 1831 4046 tiliam
1862 4007 2119 4062 pervene-

521 4085 591 4142 rit
611 4101 674 4142 ac
686 4085 1142 4144 Laterauensibus
1170 4085 1376 4141 :edibus
1407 4094 1532 4142 tunc
1554 4086 1838 4157 conjuncta
1859 4127 1874 4152 ,
1900 4086 2002 4143 hoc
2025 4102 2118 4140 no-

524 4197 646 4238 men
715 4181 1036 4248 retinuerit;
1089 4188 1346 4237 caeterum
1394 4195 1516 4236 eum
1581 4195 1668 4236 res
1731 4179 2058 4249 coniecturis
2098 4221 2115 4246 ,

519 4274 700 4346 iisque
725 4276 948 4332 incertis
968 4287 1292 4347 agatur,sua
1323 4275 1518 4344 cuique
1546 4273 1732 4343 Opinio
1757 4289 1858 4344 pro
1890 4273 2006 4344 lege
2027 4273 2117 4328 sit.

589 4367 772 4424 Altera
796 4370 992 4425 deinde
1024 4367 1202 4426 caedes
1227 4410 1242 4434 ,
1274 4383 1451 4440 eaque
1492 4367 1710 4436 gravior
1741 4382 1846 4422 non
1874 4366 1966 4422 diu
1995 4374 2122 4438 post

521 4459 749 4532 primum
785 4463 836 4514 iu
865 4461 1146 4517 Liberiana
1180 4462 1398 4517 basilica
1448 4462 1697 4532 contigit.
1735 4460 1934 4518 Ursino
1972 4462 2118 4518 enim

2205 1840 2384 1896 niendi
2415 1857 2530 1895 mos
2552 1839 2749 1896 fuerat.
2767 1841 2837 1896 At
2855 1841 2973 1896 haec
3001 1841 3066 1896 ad
3093 1859 3292 1897 antuun
3333 1853 3652 1913 sequentem
3681 1857 3795 1911 per-

2204 1934 2334 1989 tinet
2360 1975 2374 1999 ,
2402 1942 2562 2005 atque
2592 1934 2688 1988 illa
2719 1934 2838 2004 ipsa
2865 1945 2969 2001 est,
2998 1936 3153 2003 cujus
3186 1936 3556 2006 cognitionem
3583 1950 3614 1990 a
3638 1934 3793 1990 laxi-

2205 2027 2351 2082 tnino
2380 2041 2607 2080 annome
2659 2026 2914 2095 prmfecto
2967 2027 3269 2083 ittSlitulam
3313 2027 3543 2083 Ruﬁnus
3571 2029 3664 2082 ait.
3701 2027 3793 2081 lla—

2203 2134 2320 2174 rum
2351 2134 2478 2174 vero
2501 2119 2936 2176 interfectionum
2957 2163 2971 2184 ,
2995 2135 3058 2174 ac
3084 2120 3309 2176 ctediutn
3332 2161 3347 2186 ,
3405 2137 3644 2191 nuperos
3695 2121 3791 2174 llo.

2207 2227 2488 2268 manorum
2519 2211 2829 2282 pontificum
2864 2213 3106 2268 historia:
3133 2214 3543 2268 consarcinator
3566 2255 3582 2279 ,
3617 2213 3792 2268 Dams-

2206 2320 2323 2358 sum
2372 2320 2523 2360 reum
2551 2306 2698 2376 agit,
2754 2320 2857 2359 una
2889 2316 3096 2360 tantum
3139 2306 3382 2362 Faustini
3423 2323 3489 2364 ac
3511 2307 3789 2362 Marcellini

2207 2398 2526 2452 auctoritate
2581 2400 2840 2468 innixus,
2899 2414 3058 2470 quam
3110 2401 3242 2453 tanti
3293 2398 3462 2464 facit,
3525 2408 3583 2455 ut
3629 2398 3790 2454 allatis

2208 2490 2458 2546 omnibus
2484 2507 2578 2561 pro
2607 2492 2838 2548 Damaso
2869 2493 3195 2548 testimoniis
3246 2490 3523 2563 pra-ferat.
3559 2494 3627 2547 At
3673 2487 3790 2559 quid

2210 2596 2496 2654 eXSpertes
2517 2586 2584 2640 ab
2614 2586 2704 2641 illo
2738 2586 3013 2642 hominum
3040 2602 3262 2656 genere,
3290 2585 3488 2656 quibus
3531 2601 3639 2656 pra:
3659 2583 3787 2639 veri-

2211 2686 2346 2744 tate,
2384 2679 2650 2734 calumnia
2685 2681 2860 2750 potior
2887 2694 3010 2735 esse
3037 2679 3178 2734 solet
3217 2687 3275 2734 et
3298 2678 3498 2734 debet?

2285 2772 2370 2828 IV.
2405 2774 2556 2827 Nunc
2582 2782 2641 2828 ut
2663 2788 2748 2829 res
2772 2773 3158 2828 concludamus
3187 2787 3306 2843 quae
3330 2787 3477 2826 anno
3495 2771 3600 2827 566
3626 2769 3786 2826 et56‘l

2211 2877 2378 2938 gestae
2421 2875 2565 2931 sunt,
2612 2877 2664 2922 et
2705 2868 2770 2921 ad
2801 2867 3144 2923 Ursinianum
3173 2865 3410 2922 Schisma
3438 2867 3665 2922 attinent
3693 2880 3790 2920 εει

2215 2960 2298 3014 his
2344 2969 2560 3015 c0nstat
2592 2959 2846 3016 Ursinum
2888 2959 3121 3014 schisma
3145 2958 3452 3014 conﬂasse:
3482 2969 3592 3014 tum
3613 2957 3790 3014 deinde

2215 3054 2362 3110 velut
2401 3052 2517 3124 ejus
2541 3054 2882 3124 ca-diumque
2907 3053 3031 3108 inde
3060 3059 3478 3108 consecutarum
3507 3061 3788 3114 auctorem,

2139 3174 2184 3238 Ο
2214 3160 2376 3200 eausa
2425 3146 2574 3214 prius
2608 3146 2852 3216 cognita,
2897 3160 2960 3202 ac
3001 3145 3359 3210 przescntibus
3399 3155 3455 3200 et
3503 3141 3788 3199 instantibus

2219 3239 2459 3307 partibus
2486 3248 2819 3306 concertata,
2853 3250 2910 3294 nt
2934 3238 3253 3294 Ammianus
3282 3238 3466 3294 verbis
3485 3238 3592 3293 illis
3613 3253 3641 3291 s
3667 3237 3788 3292 Foro

2215 3331 2464 3388 deductis
2496 3331 2728 3398 indicat,
2761 3348 2885 3386 cum
2932 3332 3098 3388 sociis
3124 3332 3330 3401 aliquot
3382 3332 3704 3404 presbyteris
3740 3339 3790 3386 et

2213 3425 2556 3490 diaconibus,
2584 3426 2640 3480 in
2669 3425 2863 3482 exsilio
2890 3425 3105 3496 pulsum
3131 3444 3158 3478 a
3185 3425 3438 3481 Juventio
3461 3425 3522 3482 P.
3546 3425 3631 3488 U.,
3649 3438 3788 3496 quem

2217 3520 2378 3574 virum
2421 3521 2676 3590 integrum
2726 3531 2771 3574 et
2821 3522 3122 3592 prudentem
3157 3535 3280 3574 cum
3323 3518 3464 3575 idem
3501 3519 3790 3575 Ammianus

2217 3621 2395 3677 Vocet,
2448 3613 2829 3668 schismaticus
2865 3612 2952 3667 hic
2991 3613 3265 3684 falsusque
3293 3615 3532 3684 scriptor
3553 3629 3676 3672 auro
3701 3611 3789 3666 Da-

2220 3708 2354 3778 tnasi
2383 3706 2580 3782 frustra
2609 3718 2924 3775 corruptum
2955 3708 3206 3764 blaterat.
3443 3706 3450 3712 ’

2293 3801 2488 3868 Ursino
2521 3802 2702 3871 itaque
2747 3817 2870 3858 cum
2901 3803 3063 3857 sociis
3088 3803 3154 3856 ab
3180 3801 3326 3858 Urbe
3350 3801 3548 3871 ejecto,
3577 3799 3789 3856 sehisma

2221 3894 2288 3950 ab
2310 3910 2376 3952 eo
2396 3895 2710 3960 conﬂatum,
2741 3897 3071 3950 exstinctum
3102 3894 3271 3950 videri
3296 3905 3533 3964 poterat,
3562 3905 3711 3964 atque
3727 3891 3790 3952 ob

2221 4005 2338 4046 eam
2385 3989 2525 4046 forte
2571 4005 2790 4046 causam
2839 3989 3076 4059 Prosper
3120 3991 3172 4045 in
3220 3989 3492 4046 Chronico
3521 4006 3551 4046 a
3598 3987 3789 4042 (Zanisio

2221 4083 2368 4140 edito
2417 4084 2494 4157 (ὁ)
2544 4084 2800 4140 mensibus
2835 4100 2925 4139 sea:
2975 4083 3255 4138 duravisse
3302 4083 3545 4154 scripsit.
3591 4086 3657 4137 At
3685 4092 3790 4136 cum

2221 4180 2447 4238 abiisset
2478 4195 2506 4233 a
2549 4181 2865 4250 praefectura
2905 4178 3195 4234 Juventius
3219 4177 3362 4233 circa
3393 4176 3589 4232 Maium
3611 4187 3688 4230 aut
3707 4172 3791 4250 Ju-

2224 4274 2369 4330 niutu
2402 4274 2530 4328 anni
2560 4273 2690 4339 367,
2722 4275 2879 4342 eique
2915 4273 3240 4342 subrogatus
3266 4282 3414 4326 esset
3435 4270 3788 4329 Praetextatus,

2225 4376 2281 4419 ut
2314 4366 2348 4424 li
2371 4363 2488 4434 iuet
2507 4380 2572 4422 es
2604 4365 2722 4433 lege
2752 4364 2886 4418 Cod.
2912 4362 3121 4420 Tlteod.
3153 4363 3217 4417 de
3241 4361 3446 4435 lngrat.
3471 4360 3662 4425 Libera,
3683 4358 3789 4414 data

2226 4475 2313 4514 stv
2336 4458 2553 4514 kalend.
2595 4459 2953 4530 Septembris,
2974 4469 3136 4530 atque
3155 4459 3240 4513 hic
3263 4459 3631 4529 magistratum
3656 4468 3788 4510 suum

525 4555 577 4607 iu
606 4554 854 4612 exsilium
877 4556 1050 4622 pulso,
1079 4555 1368 4626 quominus
1399 4556 1756 4628 tranquillitas
1777 4565 1832 4612 et
1861 4557 2015 4628 quies
2045 4556 2128 4609 in-
2154 4547 2206 4610 1)
2231 4553 2456 4628 optime,
2502 4561 2562 4606 ut
2616 4552 2717 4608 sibi
2768 4551 3074 4616 videbatur,
3116 4551 3517 4620 auspicaturus,
3565 4549 3786 4605 Ursinum

524 4652 673 4714 tegra
709 4647 1112 4714 restitueretur,
1139 4647 1426 4702 obstabant
1455 4647 1698 4702 nonnulli
1736 4663 1801 4704 ex
1831 4649 1948 4718 ejus
1999 4663 2119 4719 par-

529 4737 673 4794 tibus
718 4746 878 4808 atque
927 4755 996 4794 ex
1023 4741 1141 4812 ipso
1162 4740 1308 4794 clero
1333 4755 1348 4802 ;
1377 4755 1511 4808 quos
1543 4741 1680 4796 forte
1697 4743 1868 4811 iurgia
1900 4742 2084 4798 fovere
2106 4783 2122 4808 ,

527 4845 591 4886 ac
620 4831 988 4886 contentionis
1019 4833 1200 4888 innem
1241 4831 1439 4888 ducere
1469 4837 1747 4890 intererat.
1794 4833 1927 4894 Cum
1961 4836 2123 4906 igitur

527 4924 600 4980 illi
629 4937 843 4994 quoque
866 4923 957 4980 die
993 4925 1065 4979 24
1091 4925 1342 4982 Octobris
1380 4923 1535 4996 jussu
1564 4925 1802 4993 praefecti
1835 4925 1995 4982 Urbis
2023 4925 2122 4981 Ju-

529 5021 695 5076 ventii
729 5020 780 5074 in
809 5019 1055 5074 exsiliunt
1089 5018 1440 5084 ducerentur,
1465 5018 1693 5090 populus
1716 5021 1800 5076 eni
1830 5031 2118 5091 prteerant,

529 5129 624 5170 eos
651 5115 699 5169 vi
733 5113 912 5184 rapuit
937 5129 1002 5169 ex
1044 5112 1275 5170 militum
1305 5113 1553 5168 manibus
1581 5155 1595 5180 ,
1653 5113 1910 5184 duxitque
1934 5115 2000 5170 ad
2033 5115 2117 5172 Li-

533 5205 808 5262 berianatn
831 5205 1108 5262 basilicam
1127 5246 1140 5267 .
1173 5221 1293 5275 qua:
1323 5205 1666 5262 factiosorum
1685 5213 2123 5274 concurrentium

533 5298 657 5353 hinc
689 5298 814 5354 inde
835 5310 996 5369 atque
1026 5299 1443 5364 irrumpentiutn
1492 5300 1752 5368 sanguine
1798 5301 1992 5358 fmdata
2021 5313 2124 5358 est.

533 5392 703 5464 Hujus
735 5395 787 5450 in
820 5393 1105 5450 Liberiana
1135 5391 1353 5448 basilica
1403 5392 1602 5459 caedis,
1635 5394 1779 5450 nulla
1810 5396 1946 5462 apud
1994 5397 2128 5452 Am-

533 5485 773 5542 miannm
801 5527 816 5552 ,
873 5484 1129 5540 Ruﬁnum
1179 5499 1243 5540 ac
1271 5483 1657 5555 Hieronymum
1692 5485 1936 5553 mentio,
1988 5487 2131 5558 apud

534 5574 955 5634 Schismaticum
1008 5587 1198 5636 contra
1250 5575 1439 5650 nulla,
1494 5577 1717 5640 alterius
1769 5594 1928 5648 quam
1978 5581 2054 5636 illi
2078 5582 2132 5654 in

626 5698 701 5770 (a)
737 5699 941 5771 ilistor.
977 5700 1114 5771 Aug.
1141 5743 1156 5764 ,
1189 5713 1310 5770 pag.
1344 5695 1468 5752 776.
1495 5694 1661 5768 Oper.
1690 5694 1888 5754 Select.

617 5769 696 5842 (ὁ)
734 5769 868 5825 Tum
898 5772 936 5838 l,
959 5769 1089 5828 edit}
1113 5769 1275 5830 Basn;

2227 4645 2453 4715 ejusque
2491 4646 2670 4704 socios
2701 4646 2896 4702 exsilio
2924 4645 3059 4700 solvi
3097 4656 3150 4700 et
3177 4643 3306 4700 Urbi
3336 4645 3547 4704 restitui
3568 4659 3596 4697 a
3623 4641 3788 4702 Valen-

2229 4741 2432 4796 tiniano
2482 4741 2828 4804 obtinuisset,
2864 4739 3072 4794 factiosi
3103 4738 3330 4794 Ruinam
3363 4740 3561 4796 iterum
3593 4733 3786 4807 ingressi

2228 4843 2355 4890 sunt
2391 4832 2480 4888 die
2524 4833 2592 4890 i5
2621 4833 2978 4902 Septembris.
3008 4832 3251 4890 Edictum
3283 4832 3545 4890 Barunins
3584 4827 3786 4905 (c)reci-

2232 4934 2309 4986 tat
2357 4925 2646 4982 Prmtextat
2676 4926 2938 4986 omissum
2972 4941 3078 4995 quo
3103 4925 3514 4986 Valentinianus
3548 4923 3786 4982 exsulibus

2227 5018 2294 5072 ad
2319 5017 2515 5080 Urbem
2542 5019 2804 5076 redeundi
2832 5020 3042 5076 veniam
3068 5019 3227 5085 facit;
3259 5028 3421 5088 atque
3446 5018 3595 5082 illud.
3613 5032 3668 5074 ea
3688 5028 3745 5082 (ιιι
3761 5026 3786 5063 ο

2229 5112 2425 5178 deinde
2481 5121 2772 5170 consecuta
2813 5125 2979 5180 sunt,
3023 5114 3163 5168 circa
3209 5111 3411 5170 Julium
3441 5156 3456 5178 ,
3498 5119 3587 5168 aut
3631 5108 3784 5176 AIIS'l‘

2230 5213 2370 5278 stum
2405 5220 2670 5270 mensem,
2697 5205 2880 5260 datum
2915 5205 3080 5260 fuisse
3099 5205 3350 5270 probant.
3375 5203 3506 5258 Nam
3533 5196 3784 5257 turbulenti

2234 5301 2315 5354 vir
2348 5299 2585 5370 ingenii,
2633 5309 2754 5367 post
2783 5298 2918 5353 duos
2953 5299 3171 5367 elapsos
3209 5313 3238 5352 a
3273 5296 3447 5352 reditu
3479 5287 3784 5353 menses,die

2235 5391 2444 5452 scilicet
2467 5393 2528 5447 l9
2542 5390 2883 5455 Novembris,
2917 5392 3024 5446 alio
3057 5389 3418 5446 Valentiniani
3437 5387 3611 5446 edicto
3625 5387 3784 5439 iterum

2236 5486 2486 5542 exsulare
2500 5493 2722 5542 certetus
2737 5494 2904 5550 e5t,ut
2921 5501 2990 5540 ex
3005 5485 3107 5540 hoc
3126 5485 3328 5553 scripto
3343 5477 3782 5539 discitnus.Veram

2237 5596 2456 5644 causam
2481 5581 2696 5637 silentio
2729 5581 2971 5652 praeterit
2990 5580 3110 5652 ejus
3123 5588 3335 5648 auctor,
3354 5594 3419 5644 ac
3441 5595 3536 5650 pro
3552 5587 3684 5633 more
3705 5578 3782 5624 suo

2313 5697 2390 5771 (ε)
2431 5700 2572 5752 Ann.
2608 5697 2735 5765 568,
2768 5713 2911 5754 num.
2941 5697 2996 5756 4.
