3998 6346
301 252 321 308 1
334 251 391 307 23$
1685 247 1862 306 PROL
1870 247 2193 307 EGOMENA
2203 287 2216 303 .

293 366 501 436 culpam
524 363 722 435 reiecit
753 364 806 418 itt
840 365 1153 437 Damasum,
1187 364 1341 434 cujus
1363 363 1548 419 fraude
1578 364 1678 421 boc
1698 365 1897 425 factum
1922 370 1977 433 Α

292 458 453 515 fuisse
506 459 854 529 impudenter
885 459 1096 525 scribit.
1131 460 1201 513 At
1255 473 1377 530 quae
1409 473 1532 514 vera
1561 474 1625 517 ac
1661 461 1893 530 genuina

291 552 463 608 iterati
520 552 679 623 hujus
731 554 909 613 exsilii
947 568 1109 609 causa
1151 552 1352 617 fuerit,
1401 556 1595 623 partim
1652 556 1895 611 excitato

291 661 379 719 per
421 648 569 703 hunc
624 656 899 703 auctorem
943 646 1308 703 Valentiniani
1348 648 1648 718 rescripto,
1699 650 1892 719 partim

288 753 347 807 es
394 738 692 795 Ammiano
731 740 1046 796 Marcellino
1086 740 1394 809 colligimus
1422 738 1535 811 (a);
1566 740 1896 797 Valentinia-

287 849 380 888 nus
430 834 582 888 enim
634 834 920 890 exsulibus
963 832 1200 889 reditum
1240 843 1619 899 concesserat,
1655 832 1757 889 liae
1785 849 1895 889 me-

288 925 386 981 rito
425 926 644 996 adjecta
687 927 1002 981 conditione
1029 967 1042 989 ,
1077 934 1132 979 ut
1177 927 1222 980 si
1253 926 1407 979 iidem
1432 927 1486 980 in
1516 926 1731 999 pristino
1758 934 1895 979 statu

287 1019 531 1082 restituti,
574 1019 776 1088 aliquid
813 1019 1001 1088 spiritu
1028 1019 1212 1073 iterum
1238 1019 1484 1090 gesserint
1512 1018 1762 1087 inquieto,
1793 1032 1895 1086 quo

286 1113 640 1183 tranquillitas
662 1116 943 1184 reformata
964 1112 1216 1179 turbetur,
1250 1113 1573 1167 severissima
1594 1113 1646 1165 in
1668 1129 1751 1167 eos
1774 1128 1893 1166 sen-

285 1207 442 1261 tentia
470 1210 794 1278 proferatur.
824 1207 1027 1262 C0utra
1069 1224 1200 1263 vero
1230 1207 1412 1262 edicto
1454 1207 1569 1271 illo,
1606 1223 1712 1276 quo
1741 1206 1896 1263 Ursi-

283 1314 408 1353 num
442 1315 639 1355 rursus
665 1300 866 1369 expelli
888 1300 1075 1369 jussit.
1099 1299 1204 1355 boc
1231 1316 1260 1355 a
1293 1315 1351 1356 se
1383 1301 1585 1355 factum
1606 1301 1703 1367 ait,
1730 1310 1783 1354 ut
1804 1300 1895 1354 illa

285 1390 512 1462 relegata
548 1392 691 1446 nulla
728 1392 944 1448 ulterius
975 1394 1195 1462 populos
1223 1392 1449 1464 nefanda
1472 1392 1725 1448 contentio
1750 1392 1891 1448 colli-

284 1483 442 1549 deret,
472 1494 530 1537 ut
556 1485 872 1555 Anonytnus
905 1485 1022 1554 ipse
1051 1484 1242 1540 scribit
1276 1501 1288 1537 :
1322 1483 1550 1540 Ursinus
1580 1484 1747 1554 igitur
1774 1491 1898 1554 post

283 1576 520 1630 reditum
547 1592 704 1631 suum
734 1578 804 1632 ita
838 1592 897 1632 se
919 1586 1185 1648 gesserat,
1218 1588 1274 1631 ut
1302 1592 1492 1631 rursus
1520 1592 1550 1631 a
1568 1576 1896 1632 Praztextato

282 1669 480 1738 expelli
514 1668 770 1724 debuerit
803 1688 815 1724 :
848 1670 992 1740 quod
1041 1685 1164 1725 cum
1192 1670 1314 1739 jure
1348 1670 1546 1726 factuttt
1578 1671 1895 1726 Ammianus

3487 253 3588 310 126

2621 364 2848 424 CAPUT
2887 365 2974 423 ΙΙΙ.

1998 500 2125 568 568,
2153 500 2352 556 Duasr
2371 501 2427 567 5,
2443 498 2843 557 Vsteartmtso
2864 517 2929 556 ετ
2943 499 3201 558 νΑιειιτε
3222 519 3309 558 ΑΛ.
3333 520 3388 559 ιι.
3409 519 3589 563 cosss.

2001 618 2040 674 Ι.
2082 618 2469 673 Valentinianus
2494 618 2767 691 imperator
2788 619 3023 674 iteratum
3051 618 3227 676 Ursini
3244 623 3597 693 sociorumque

2071 712 2517 767 schismaticorum
2549 712 2991 782 exsilium'probat
3011 755 3025 777 ,
3061 725 3211 783 atque
3239 728 3416 781 unam,
3443 730 3596 787 quam

2075 803 2339 859 Ursiniani
2391 805 2727 870 retinuerant,
2758 805 3024 861 basilicam
3075 807 3297 863 Damaso
3328 809 3476 863 reddi
3504 812 3597 883 ju-

2073 898 2172 953 bet.
2199 896 2263 953 ll.
2295 896 2471 953 Ca’des
2502 908 2795 969 perpetrata
2823 899 2875 952 in
2896 899 3005 954 atde
3027 899 3087 973 β.
3111 899 3342 971 Agnetis,
3371 916 3485 969 qua:
3505 917 3597 971 per

2071 992 2382 1046 calumniam
2412 989 2638 1059 Damqso
2661 992 2861 1046 crimini
2884 997 3042 1049 data:
3064 1009 3217 1063 grave
3244 993 3304 1047 ob
3336 1010 3449 1057 eam
3475 1011 3597 1048 cau-

2070 1101 2176 1149 sam
2222 1084 2509 1155 periculum
2554 1084 2815 1139 innocenti
2863 1086 3097 1155 pontiﬁci
3149 1096 3413 1153 creatum;
3458 1086 3595 1158 quod

2071 1178 2358 1246 explicatur
2386 1177 2566 1247 Ruﬁni
2594 1186 2639 1231 et
2671 1176 2977 1249 Hieronymi
3009 1178 3315 1234 testimonio.
3338 1176 3423 1235 lli.
3456 1178 3593 1237 Erue

2069 1273 2210 1345 prius
2234 1270 2579 1325 Antiaclienus
2624 1286 2718 1339 pro
2749 1269 2976 1325 Damaso
3012 1273 3120 1325 adit
3155 1272 3537 1342 imperatorem,
3565 1291 3598 1328 a

2070 1382 2171 1437 quo
2194 1367 2440 1419 innocens
2470 1367 2850 1434 pronuntiatur,
2878 1383 3034 1437 eaque
3053 1368 3319 1423 occasione
3343 1367 3601 1441 Hierony-

2071 1475 2183 1512 mus
2201 1456 2439 1524 affertur,
2462 1468 2508 1517 et
2534 1458 2847 1515 illustratur.
2870 1458 2957 1515 IV.
2984 1459 3238 1515 Damasus
3262 1473 3430 1516 votum
3450 1463 3601 1517 solvit

2074 1550 2135 1606 S.
2171 1550 2357 1618 Felici,
2386 1560 2439 1605 ut
2471 1552 2695 1618 videtur,
2730 1551 2966 1621 Nolano,
2998 1556 3214 1627 aliisque
3241 1556 3572 1627 martyribus,

2072 1667 2112 1721 1.
2144 1666 2554 1727 Valentinianus
2588 1668 2903 1739 imperator,
2928 1668 3019 1724 cui
3057 1669 3418 1727 Pra'textatus
3446 1668 3604 1728 Ursi-

282 1761 512 1827 scribat,
560 1761 834 1833 Anonymi
869 1764 920 1818 in
961 1763 1252 1818 Damasum
1296 1763 1566 1817 calumnia
1605 1762 1896 1820 manifesta
1929 1792 1977 1853 Β
2004 1776 2130 1815 ιιιιιιι
2182 1762 2373 1819 iterato
2402 1761 2599 1818 exsilio
2629 1776 2657 1815 a
2683 1776 2742 1817 se
2771 1762 3084 1825 damnatum
3118 1763 3431 1834 scripserat,
3455 1764 3604 1835 judi-

285 1864 382 1910 est.
420 1856 502 1909 En
538 1871 673 1910 vero
706 1855 978 1910 Ammiani
1009 1858 1178 1927 ipsius
1208 1858 1371 1912 verba
1409 1875 1422 1910 :
1451 1855 1613 1926 Cujus
1637 1856 1901 1928 (Praetex-

286 1946 397 2015 tati)
444 1948 779 2014 auctoritate,
809 1949 1062 2018 justisque
1103 1951 1328 2005 veritatis
1359 1948 1627 2021 suffragiis
1674 1950 1897 2003 tumultu

282 2041 437 2094 lenito
463 2082 479 2105 ,
527 2057 678 2111 quem
707 2040 1122 2097 Christianorum
1136 2046 1315 2117 jurgia
1342 2045 1743 2107 concitaverunt,
1775 2044 1894 2114 pul-

278 2150 432 2205 soque
468 2133 663 2190 Ursino
686 2137 792 2191 alta
820 2138 963 2207 quies
992 2139 1109 2208 pari
1131 2139 1239 2207 jam
1270 2128 1534 2209 proposito
1565 2138 1755 2192 civium
1786 2138 1898 2192 llo-

281 2244 557 2283 manorum
604 2230 924 2284 adolescebat
965 2232 1137 2304 gloria
1184 2232 1313 2285 clari
1351 2233 1597 2297 rectoris,
1628 2231 1896 2303 complura

284 2333 326 2376 et
358 2322 515 2387 utilia
537 2322 881 2392 disponentis.
912 2326 1092 2397 Atque
1121 2326 1290 2393 hunc,
1319 2327 1463 2397 quod
1492 2335 1706 2399 spectat
1727 2342 1899 2382 annos

281 2418 388 2475 566
417 2430 474 2476 et
504 2420 630 2487 367,
656 2420 839 2479 Ursini
871 2423 1108 2479 scilistna
1143 2424 1302 2479 liuent
1334 2425 1543 2481 habuit.

357 2512 419 2566 ν.
458 2513 713 2571 Baluzius
745 2514 936 2571 iisdem
956 2516 1111 2571 annis
1145 2516 1357 2571 Damasi
1380 2518 1609 2572 concilia
1632 2516 1742 2571 duo
1763 2533 1900 2575 con—

282 2604 500 2676 signat:
531 2607 759 2667 alterum
790 2606 921 2664 illttd
956 2618 1060 2675 est,
1093 2610 1235 2680 quod
1265 2612 1314 2665 itt
1340 2613 1474 2667 actis
1500 2611 1717 2669 Eusebii
1746 2628 1899 2683 pres-

277 2698 457 2769 byteri
507 2715 869 2767 melioratum
918 2703 1153 2775 legimus
1200 2720 1216 2764 ς
1269 2705 1500 2760 alterum
1543 2720 1673 2762 vero
1728 2706 1895 2771 illud,

281 2792 425 2863 quod
459 2794 781 2850 Anastasius
811 2794 865 2850 in
904 2797 1116 2852 Damasi
1152 2796 1272 2852 Vita
1304 2796 1505 2863 refert,
1536 2807 1896 2854 conrocatum

288 2902 384 2957 pra
428 2890 757 2943 accusatione
788 2889 1033 2947 adversus
1077 2908 1190 2945 eum
1232 2894 1500 2961 instituta,
1546 2895 1629 2949 cui
1657 2893 1900 2949 adulterii

284 2979 484 3035 crimen
508 2979 863 3050 imputabatur
888 2983 951 3035 ab
971 2983 1282 3039 adversariis
1306 2988 1438 3057 ejus,
1465 2985 1518 3041 in
1538 2999 1711 3056 eaque
1739 2986 1899 3041 etiam

286 3072 678 3137 Paternianos,
728 3090 823 3130 seu
867 3075 1233 3135 Venustianus
1264 3077 1551 3133 damnatos
1578 3080 1764 3134 scribit
1798 3079 1895 3149 (li).

285 3168 355 3220 At
405 3178 702 3237 utrumque
745 3164 848 3224 boc
885 3169 1174 3231 Concilium
1209 3170 1454 3225 lictitium
1488 3169 1900 3241 fabulosumque
1927 3193 1971 3256 ρ

285 3266 371 3313 est
407 3276 420 3312 :
452 3274 577 3315 nam
606 3259 750 3330 quod
795 3260 859 3315 ad
896 3262 1124 3331 primum
1169 3263 1384 3328 attinet,
1418 3272 1537 3317 acta
1566 3262 1655 3316 illa
1680 3262 1899 3327 Eusebii

289 3354 597 3425 presbyteri
643 3362 721 3410 tot
750 3355 1087 3423 mendaciis,
1124 3354 1321 3417 fabulis
1362 3366 1417 3411 et
1466 3356 1900 3423 anacltronisntis

288 3458 530 3517 scatent,
559 3466 624 3505 ac
655 3450 850 3507 fwdata
882 3462 1039 3519 sunt,
1067 3463 1124 3508 ut
1158 3469 1377 3523 operam
1405 3470 1511 3507 non
1537 3458 1898 3511 necessariam

288 3546 515 3598 omnino
563 3557 761 3616 ponat,
789 3546 876 3617 qui
908 3561 971 3601 ea
1001 3546 1105 3603 sibi
1137 3547 1450 3617 singillatim
1483 3547 1780 3603 refellenda
1808 3563 1900 3604 sn-

286 3645 402 3690 mat
455 3636 555 3708 (c).
596 3636 731 3691 llinc
773 3638 1087 3703 Bossuelius
1114 3637 1253 3708 ipse,
1287 3654 1384 3693 seu
1407 3640 1652 3709 quisquis
1681 3640 1770 3695 ille
1798 3638 1898 3707 sit,

288 3729 418 3783 dum
466 3745 657 3785 eorum
710 3731 1092 3795 auctoritatem
1116 3774 1131 3799 ,
1180 3741 1238 3787 ut
1267 3745 1446 3787 causa:
1468 3750 1579 3787 suae
1606 3732 1894 3800 inserviat,

291 3837 394 3876 una
432 3832 617 3879 tuetur
656 3839 839 3890 manu,
889 3824 1057 3881 altera
1092 3825 1379 3879 t'alsitatem
1411 3826 1644 3895 prodere
1666 3825 1898 3895 cogitur,

295 3916 946 3981 excetmtmtnimtionem,
981 3932 1146 3988 quam
1189 3916 1244 3971 in
1290 3916 1568 3972 Liberium
1612 3934 1641 3972 a
1673 3920 1901 3977 Damaso

2003 1856 2230 1912 ciuntP.
2279 1856 2344 1912 U.
2396 1865 2570 1911 ratum
2604 1856 2813 1924 habuit,
2857 1869 2915 1913 ut
2967 1867 3181 1917 constat
3242 1876 3308 1919 ex
3363 1861 3481 1928 ejus
3514 1874 3603 1917 ra-

2003 1948 2228 2019 scripto,
2261 1948 2403 2018 quod
2442 1949 2704 2005 Baronius
2749 1951 2938 2007 recitat
2970 1950 3037 2006 ad
3071 1966 3270 2007 annum
3295 1950 3426 2015 268,
3462 1968 3516 2007 ιι.
3545 1950 3602 2019 '3,

2002 2046 2145 2118 quod
2203 2048 2416 2109 tametsi
2468 2055 2592 2103 nota
2621 2049 2884 2117 temporis
2911 2058 3113 2113 careat,
3144 2048 3357 2105 videtur
3376 2048 3444 2105 ad
3475 2050 3601 2107 anni

2002 2140 2273 2195 currentis
2316 2140 2526 2197 initium
2550 2138 2743 2201 referri
2771 2150 3050 2211 oportere,
3081 2143 3206 2211 quia
3239 2141 3467 2201 Ursinus
3492 2143 3607 2213 ipse

2003 2232 2176 2288 Roma
2235 2243 2546 2289 excesserat
2604 2234 2797 2295 ultimo
2867 2250 3004 2305 pene
3048 2249 3237 2291 mense
3309 2235 3608 2303 superioris

2004 2328 2153 2393 anni,
2188 2335 2248 2382 ut
2277 2326 2531 2385 vidimus.
2570 2328 2743 2394 llunc,
2776 2344 2939 2398 quem
2996 2329 3289 2395 itupcratnr
3331 2329 3611 2383 dissensio-

2004 2422 2083 2475 nis
2110 2433 2370 2476 auctorem
2400 2430 2579 2487 vucat,
2611 2422 2785 2477 secuti
2814 2422 3012 2481 deinde
3040 2431 3165 2479 sunt
3194 2422 3377 2479 creteri
3423 2422 3608 2477 tactio-

2005 2516 2089 2571 nis
2146 2516 2277 2571 socii
2329 2524 2384 2569 et
2437 2515 2693 2581 ministri,
2725 2530 2859 2585 quos
2886 2516 3087 2587 pariter
3136 2515 3292 2572 Urbis
3325 2514 3609 2584 praefectus

2005 2608 2155 2665 abire
2191 2607 2370 2679 jussit,
2418 2608 2464 2664 si
2496 2623 2695 2679 paucos
2748 2607 3007 2679 excipias,
3057 2609 3144 2679 qui
3184 2624 3252 2665 ne
3302 2607 3602 2677 prodirent,

1990 2702 2059 2767 ,in
2112 2704 2351 2761 latebras
2401 2719 2524 2759 sese
2553 2702 2891 2761 abdiderant.
2915 2703 2971 2761 id
3004 2719 3133 2759 vero
3162 2703 3466 2774 colligimus
3496 2712 3607 2758 tum

2006 2813 2074 2853 ex
2108 2796 2375 2866 scriptore
2425 2796 2757 2866 praefationis
2780 2839 2793 2861 ,
2821 2797 2911 2867 qui
2935 2797 3314 2853 scltismaticos
3343 2796 3609 2853 stationes

2007 2906 2103 2961 per
2156 2892 2467 2948 cmmeteria
2496 2892 2614 2947 sine
2662 2891 2875 2947 clericis
2906 2891 3215 2949 celebrasse
3270 2891 3367 2957 ait,
3398 2898 3510 2946 ttun
3540 2905 3608 2949 ex

2005 2985 2114 3039 alio
2145 2984 2510 3047 Valentiniani
2541 2987 2807 3054 rescripto
2839 2982 2912 3055 (ε)
2942 2984 3068 3039 dato
3101 2984 3275 3053 pridie
3302 2982 3411 3039 kal.
3436 2982 3607 3046 Junii,

2006 3077 2196 3133 iisdem
2225 3092 2434 3144 conss.,
2466 3094 2571 3146 quo
2604 3086 2781 3137 tamen
2812 3076 3053 3133 factiosis
3075 3062 3208 3147 ipsis
3233 3089 3439 3150 propter
3468 3078 3610 3147 quie-

2006 3179 2103 3225 tem
2156 3170 2298 3225 urbis
2338 3170 2527 3239 ejectis
2558 3170 2897 3231 coucetlitur.
2922 3179 2982 3224 ut
3008 3180 3154 3225 certo
3198 3172 3609 3240 prteStitutoqtte

2006 3262 2200 3317 exsilio
2256 3262 2444 3331 soluti,
2473 3278 2584 3334 quo
2632 3264 2801 3319 velint
2851 3264 2970 3334 loco
3015 3263 3281 3329 habitent,
3312 3262 3480 3319 Roma
3510 3278 3607 3317 ex-

2004 3365 2179 3425 cepta.
2208 3355 2477 3413 Caeterum
2506 3356 2700 3427 nedum
2739 3356 2914 3411 Ursini
2942 3356 3195 3411 exsilium
3226 3354 3607 3411 Valentiniano

2007 3448 2287 3519 probatum
2348 3448 2469 3510 fuit.
2497 3464 2685 3519 verum
2743 3450 3219 3519 providentissimo
3269 3450 3431 3505 etiam
3479 3462 3610 3502 cou-

2003 3540 2146 3606 silio,
2177 3549 2261 3603 est
2288 3541 2436 3609 urbis
2466 3542 2720 3612 prarfectu
2772 3540 3102 3609 mandatum,
3133 3550 3193 3599 ut
3231 3556 3337 3601 una
3382 3541 3472 3596 illa
3506 3541 3608 3601 Ec-

2004 3634 2193 3702 clesia,
2254 3650 2428 3705 antea
2456 3634 2823 3697 sebisutaticis
2875 3636 3053 3695 adltuc
3101 3635 3465 3701 retinebatur,
3503 3636 3605 3693 lla-

2004 3742 2159 3782 maso
2191 3729 2597 3785 attribueretur.
2653 3728 2958 3784 Verebatur
3007 3730 3153 3783 enim
3188 3730 3439 3799 princeps
3489 3727 3603 3783 lore

2006 3829 2063 3877 ut
2093 3822 2299 3885 nullum
2332 3838 2400 3887 ex
2431 3822 2608 3879 Ursini
2642 3824 2836 3879 exsilio
2893 3826 3122 3879 fructum
3152 3824 3393 3881 Ecclesia
3443 3837 3604 3892 cape-

2004 3916 2181 3979 ret,si
2240 3930 2403 3986 quam
2452 3927 2718 3987 prmterea
2763 3932 3054 3987 superesse
3109 3920 3162 3973 in
3217 3917 3351 3973 urbe
3403 3916 3608 3975 sineret

286 4010 398 4077 jam
439 4010 686 4079 pontiﬁce
729 4009 893 4067 latam
931 4011 1177 4067 scribunt
1206 4021 1321 4067 acta
1350 4010 1439 4066 illa
1470 4014 1800 4086 apocrypha,
1833 4014 1900 4069 ad
1996 4002 2300 4076 iurgiorum
2333 4008 2636 4071 materiam.
2682 4010 2793 4067 lloc
2817 4025 2948 4066 vero
2971 4025 3000 4064 a
3025 4009 3313 4066 defensore
3343 4009 3606 4073 Ecclesia:

293 4101 588 4158 Damasum
622 4102 977 4174 presbyterum
1024 4119 1127 4160 suo
1175 4116 1350 4161 marte
1398 4121 1684 4161 revocans.
1732 4106 1900 4163 Nabis

290 4194 474 4266 itaque
504 4211 629 4250 cum
674 4195 1023 4251 Tillcmuntio
1055 4198 1233 4254 ridere
1256 4198 1531 4254 Baluzium
1558 4198 1738 4265 liceat,
1764 4216 1901 4259 vana

292 4305 519 4359 prorsus
561 4290 822 4363 opinione
871 4290 1178 4361 abreptum,
1224 4307 1290 4348 ac
1317 4292 1419 4348 sibi
1452 4294 1797 4364 plaudentem
1834 4295 1903 4359 de

2004 4101 2153 4163 urbis
2208 4100 2394 4157 Romae
2456 4103 2866 4161 Valentinianus
2924 4105 3251 4173 postulatum
3298 4104 3507 4167 scribit,
3537 4119 3605 4158 ex

2003 4208 2112 4265 qua
2142 4193 2450 4265 colligimus
2500 4196 2806 4269 defensoris
2856 4196 3208 4255 ecclesiarum
3259 4196 3496 4257 ofﬁcium
3548 4196 3602 4257 in

2004 4303 2070 4344 eo
2096 4290 2351 4359 positum,
2393 4301 2447 4347 ut
2479 4305 2668 4351 earum
2707 4304 2900 4345 causas
2929 4300 3111 4359 ageret
3141 4288 3280 4360 apud
3311 4288 3604 4345 saeculares

291 4380 394 4437 hoc
426 4383 661 4453 primum
700 4399 731 4443 a
764 4398 824 4444 se
853 4384 1115 4453 producto
1146 4386 1398 4452 consilio,
1431 4386 1576 4456 quod
1609 4403 1900 4459 numquam
1997 4383 2234 4453 judices,
2266 4395 2431 4456 atque
2463 4384 2529 4449 ad
2560 4385 2703 4461 ipsos
2734 4385 2898 4441 etiam
2918 4384 3275 4454 imperatores
3296 4387 3600 4448 accederet,

290 4478 518 4532 exstitit.
550 4477 703 4543 Quod
732 4477 798 4531 ad
826 4478 1093 4547 posterius
1120 4481 1315 4533 attinet
1343 4479 1497 4550 cujus
1521 4480 1589 4535 ab
1615 4481 1903 4537 Anasutsio

2004 4493 2126 4533 cum
2197 4493 2379 4539 rerum
2430 4478 2568 4535 ratio
2616 4479 2665 4541 id
2720 4479 2993 4547 postulare
3045 4478 3343 4533 videbatur.
3400 4477 3601 4533 Eorum

289 4571 499 4626 mentio
543 4568 822 4640 injicitur,
856 4571 901 4625 si
941 4587 1062 4639 qua:
1104 4580 1287 4627 narrat
1317 4572 1430 4639 ille,
1459 4588 1585 4629 vera
1615 4582 1763 4641 sunt,
1792 4575 1899 4631 alio
1925 4572 1980 4634 D
2005 4587 2135 4657 vero
2159 4571 2399 4635 ofﬁcium
2451 4573 2805 4637 constitutum
2849 4574 3021 4631 luerat
3050 4572 3139 4631 diu
3188 4582 3316 4628 ante
3361 4570 3606 4628 Valenti-

289 4679 520 4735 prorsus
574 4673 819 4735 tempore
850 4680 913 4721 ea
964 4665 1274 4735 consignari
1303 4675 1547 4735 oportet,
1590 4683 1712 4723 cum
1756 4667 1902 4723 nulla

292 4773 393 4827 per.
418 4758 471 4812 id
499 4767 716 4826 tempus
741 4758 843 4813 sub
874 4758 1102 4819 Damaso
1131 4757 1374 4829 synodus
1405 4760 1587 4815 babita
1611 4761 1768 4817 fuerit
1795 4759 1899 4832 (tl).

292 4849 568 4907 Prmterea
608 4851 911 4905 institutam
938 4859 1127 4907 contra
1161 4851 1304 4906 bunc
1333 4854 1738 4911 sanctissimum
1771 4870 1901 4923 pon-

290 4944 489 4998 tilicetn
526 4943 782 4999 adulterii
818 4947 1243 5011 accusationem,
1291 4962 1399 5011 non
1430 4961 1530 5017 ego
1557 4947 1710 5001 facile
1732 4947 1903 5007 adrni-

294 5039 455 5107 serim
478 5080 495 5103 ,
537 5038 607 5091 de
648 5052 752 5106 qua
799 5048 975 5093 tamen
1011 5054 1201 5095 rursus
1228 5055 1409 5099 sermo
1442 5040 1663 5105 redibit;
1695 5041 1742 5097 si
1770 5042 1899 5111 quid

294 5140 468 5185 autem
512 5130 585 5186 de
620 5130 962 5184 Paterniauis
986 5173 1002 5196 ,
1032 5140 1127 5186 aut
1177 5131 1519 5189 Venusdanis
1542 5175 1556 5198 ,
1583 5149 1719 5203 quos
1752 5135 1805 5195 in
1836 5150 1902 5191 ea

293 5224 503 5295 synodo
528 5242 557 5278 a
590 5224 821 5280 Datnaso
849 5225 1135 5281 damnatos
1156 5227 1251 5285 ait.
1277 5227 1528 5285 Baluzius
1545 5243 1610 5287 ex
1636 5228 1898 5285 immensa

296 5332 326 5373 a
369 5334 427 5375 se
479 5319 716 5375 collecta
766 5335 907 5391 penu
956 5322 1180 5376 uberius
1220 5321 1603 5391 explicuisset,
1649 5338 1897 5397 magnam

298 5414 433 5484 apud
482 5415 874 5481 ecclesiastica:
915 5415 1155 5470 historiae
1201 5424 1473 5481 amatores
1516 5418 1748 5486 gratiam
1775 5435 1899 5486 pro-

305 5506 436 5562 iecto
464 5509 697 5564 iniisset.
733 5508 840 5564 Sed
868 5508 935 5564 de
962 5508 1045 5564 his
1068 5509 1231 5564 etiam
1260 5510 1462 5580 aliquid
1487 5525 1588 5565 suo
1611 5511 1749 5567 loco.

377 5646 451 5719 (α)
491 5647 611 5702 Lib.
642 5662 812 5719 XXV",
839 5662 961 5718 cap.
992 5648 1045 5704 5.

418 5719 468 5791 ὁ)
498 5719 673 5791 ρους.
709 5718 849 5791 Ven.
876 5717 1007 5775 edit.
1044 5728 1175 5779 tom.
1208 5717 1274 5784 ll,
1305 5733 1427 5791 pag.
1454 5718 1613 5776 105?.

418 5722 468 5791 b)
505 5722 673 5774 Cone.
709 5722 849 5775 Ven.
876 5722 1007 5775 edit.
1044 5728 1175 5779 tom.
1208 5722 1274 5784 ll,
1305 5733 1427 5791 pag.
1454 5722 1613 5776 105?.

386 5722 453 5866 ἐς)
495 5790 615 5847 Vitl.
663 5790 890 5848 Diatrib.
928 5792 996 5848 de
1022 5791 1171 5851 Gest.
1204 5790 1405 5853 Liberil
1434 5791 1666 5861 exsulis,
1694 5806 1814 5868 cap.
1844 5792 1900 5853 9.

2006 4667 2151 4731 niani
2204 4677 2444 4736 tempora
2473 4708 2488 4733 ,
2519 4683 2678 4727 secus
2700 4683 2763 4729 ac
2794 4667 3037 4727 nonnulli
3059 4676 3303 4731 censent,
3332 4665 3599 4735 siquidem

1999 4761 2208 4834 Cyriaci
2256 4761 2574 4832 cujusdam,
2638 4761 2895 4823 Ecclesia:
2941 4762 3244 4832 Ancyranze
3294 4756 3597 4815 defensoris

2005 4860 2211 4916 mentio
2262 4870 2345 4919 est
2382 4858 2523 4928 apud
2573 4857 2929 4930 Epiphaniam
2963 4854 3054 4927 (Ῑ).
3116 4853 3396 4909 Derivatus
3422 4860 3600 4905 autem

2002 4953 2073 5007 ab
2102 4954 2356 5024 exemplo
2382 4955 2680 5017 civitatum,
2742 4953 3199 5023 prob-iterumque
3228 4946 3601 5015 collegiorum,

2003 5062 2129 5117 qua:
2171 5047 2489 5104 defensores
2530 5062 2661 5103 suos
2713 5047 3004 5104 habebant.
3057 5059 3175 5099 mos
3209 5043 3312 5096 iste
3365 5039 3429 5093 ad
3460 5036 3606 5093 ebri-

2005 5140 2239 5199 stianam
2294 5141 2610 5211 religionem
2644 5141 2919 5210 sapienter
2958 5138 3153 5193 fuerat.
3191 5134 3283 5188 llis
3308 5144 3603 5187 successe—

2005 5242 2154 5297 rttnt,
2178 5233 2270 5302 qui
2325 5232 2565 5303 sequiori
2598 5240 2842 5303 tempore
2883 5230 3128 5287 advocati
3159 5224 3285 5282 dicti
3332 5230 3478 5287 sunt.
3512 5219 3604 5288 (1ιιί

2006 5339 2128 5380 cum
2180 5341 2276 5383 sua
2304 5326 2656 5389 abuterentur
2691 5332 2954 5395 potestate
2983 5318 3364 5378 nonnullorum
3406 5310 3605 5369 deinde

2005 5421 2367 5479 conciliorum
2397 5421 2768 5479 sanctionibus
2798 5419 2996 5477 sublati
3025 5424 3171 5473 sunt.

2077 5515 2141 5570 ll.
2178 5516 2299 5570 Haec
2330 5515 2394 5569 ad
2421 5516 2807 5571 Prmtextatum
2858 5512 3141 5581 rescripta,
3172 5522 3294 5563 cum
3344 5504 3414 5561 de
3441 5502 3605 5559 rebus

2075 5650 2159 5719 (tl)
2189 5650 2309 5707 Vid.
2342 5651 2408 5705 ad
2440 5667 2567 5707 ann.
2600 5651 2727 5713 596,

2102 5719 2153 5796 ε)
2177 5725 2328 5796 Apud
2362 5726 2559 5781 Baron.
2588 5740 2718 5781 ann.
2751 5725 2879 5796 568,
2903 5736 3063 5796 nam.
3095 5719 3150 5775 δ·

2077 5652 2137 5719 (ιι
2189 5650 2309 5707 Vid.
2342 5651 2408 5705 ad
2440 5667 2567 5707 ann.
2600 5651 2727 5713 596,

2102 5741 2130 5778 e
2177 5725 2328 5795 Apud
2362 5726 2559 5781 Baron.
2588 5740 2718 5781 ann.
2751 5725 2879 5790 568,
2912 5739 2945 5785 n

2077 5649 2159 5871 iri
2176 5795 2317 5854 Hier.
2340 5797 2407 5853 72
2431 5839 2448 5868 ,
2484 5814 2632 5859 num.
2660 5798 2715 5867 8,
2746 5794 2835 5868 Η,
2860 5794 2948 5854 η.
