3998 6350
532 276 641 335 “7

1710 271 2025 334 SANCTUS
2065 267 2389 330 DAMASUS
2427 271 2604 331 PAPA
2616 318 2628 332 .
3731 285 3807 342 £28

533 405 698 470 agant
725 406 851 469 post
881 396 1134 453 iteratum
1188 393 1368 452 Ursini
1421 393 1672 452 exsilium
1701 393 1894 468 gestis,
1929 391 2134 464 primos
2160 391 2216 455 Α
2238 404 2366 461 erga
2398 391 2654 450 factiosos
2680 407 2744 450 ac
2771 394 3084 467 perduelles
3128 397 3311 454 studio
3341 406 3407 456 ut
3437 396 3586 458 etde
3606 415 3809 473 praecon-

531 497 803 562 occupant
835 487 993 562 hujus
1017 487 1143 546 anni
1176 501 1414 546 menses.
1443 489 1514 547 At
1545 487 1824 561 popularis
1850 497 2016 542 aestus
2041 487 2134 557 qui

536 582 670 639 nihil
702 587 906 638 interea
937 589 1027 636 aut
1074 596 1262 651 parum
1303 581 1371 636 de
1403 581 1456 636 vi
1484 595 1579 636 sua
1611 581 1921 645 remiserat,
1947 593 2136 634 rursus

507 675 510 678 ’
537 677 721 746 erupit
749 677 800 730 in
831 684 1044 730 mutuas
1067 673 1249 732 caedes
1296 673 1364 729 ad
1393 672 1450 731 S.
1495 677 1780 744 Agiietem,
1804 688 1910 744 quo
1933 683 2136 728 temere

536 769 745 826 factiosi
795 778 1201 838 convenerant,
1254 769 1400 824 nulla
1430 768 1609 840 legum
1641 777 1830 824 contra
1878 782 1974 823 eos
1995 766 2134 822 lata-

530 879 648 920 rum
693 865 901 920 ratione
932 862 1140 930 habita;
1170 873 1334 931 atque
1364 862 1466 918 hoc
1506 861 1714 918 facinus
1743 876 1842 933 pro
1871 869 2135 916 consueto

529 956 1002 1013 schismatieorum
1061 972 1256 1022 more,
1313 955 1527 1012 crimini
1584 956 1766 1010 datum
1827 955 2134 1010 immerenti

533 1047 766 1106 Damaso
815 1049 956 1120 apud
987 1047 1296 1122 Olybrium,
1325 1049 1414 1121 qui
1463 1049 1608 1105 circa
1656 1045 1875 1104 Junium
1902 1057 1994 1102 aut
2035 1046 2134 1102 Ju-

528 1142 658 1199 lium
711 1159 958 1200 mensem
1010 1143 1338 1200 Prwtexlalo
1377 1153 1753 1209 successerat;
1787 1151 1844 1198 ut
1884 1159 1948 1199 ex
1975 1142 2136 1200 chroo

527 1238 739 1307 nologia
770 1236 980 1293 codicis
1009 1235 1396 1303 Theodosiani,
1438 1251 1503 1293 ac
1531 1251 1598 1292 ex
1628 1236 1979 1292 Tillemontio
2004 1250 2134 1291 con-

524 1337 657 1387 stat.
691 1328 792 1385 llic
816 1345 946 1384 vero
995 1343 1118 1384 cum
1171 1328 1424 1400 Aginatio
1477 1327 1747 1399 neglecto,
1793 1343 1953 1400 quem
2009 1327 2137 1383 Rei-

527 1423 710 1480 nesius
753 1422 828 1495 (a)
858 1437 926 1478 ex
956 1421 1147 1478 Anicio
1193 1421 1421 1478 Paulino
1449 1423 1576 1477 olim
1619 1425 1844 1478 consule
1874 1433 1928 1477 et
1971 1421 2028 1476 P.
2063 1420 2130 1476 ll.

530 1518 882 1575 descendisse
913 1517 1106 1574 asserit
1138 1517 1192 1573 in
1247 1517 1426 1572 causis
1469 1516 1831 1588 dijudicandis
1888 1524 2136 1572 uteretur

527 1624 694 1683 opera
725 1609 1024 1675 Maximini,
1041 1609 1138 1682 qui
1167 1623 1396 1666 annuum
1419 1608 1794 1681 pra-fectut-am
1818 1616 1941 1680 post
1963 1608 2135 1664 Julia-

532 1719 660 1761 num
715 1703 1154 1769 administrabat,
1213 1703 1554 1774 intelligitur,
1584 1717 1681 1759 cur
1711 1703 1937 1758 Rufinus
1987 1710 2134 1772 post-

2239 496 2399 555 ccpto
2429 487 2556 544 odio
2612 489 2665 544 in
2719 489 3008 547 Damasum
3041 493 3349 563 pontilicem
3387 494 3695 566 bonamque
3719 498 3808 567 ejus

2240 594 2456 636 causam
2485 599 2497 634 :
2529 582 2880 653 quamobrem
2913 583 3040 641 hinc
3077 585 3298 653 factum,
3330 596 3391 641 ut
3435 587 3809 649 Valentinianus

2239 673 2379 744 ipse,
2411 676 2502 746 qui
2545 675 2678 732 alias
2707 677 2934 734 arbitrio
2959 679 3267 736 Praetextati
3310 682 3449 737 nulli
3480 685 3811 755 partionistu-

2239 765 2332 820 dio
2384 767 2609 833 addicti,
2643 785 2758 824 rem
2788 779 2951 826 totam
2971 783 3129 828 antea
3175 775 3527 844 permiserat.
3559 792 3696 830 nunc
3710 775 3810 850 03y.

2240 859 2382 924 brio,
2406 876 2567 930 quem
2623 862 2896 919 Maximini
2951 865 3160 920 artibus
3185 877 3346 922 antea
3403 879 3809 937 praeoccupatum

2239 964 2504 1021 senserat,
2567 972 2749 1028 parem
2799 959 3047 1030 Aginatio
3078 961 3130 1016 in
3181 976 3243 1015 ca
3290 975 3460 1017 causa
3523 971 3808 1032 potestatem

2241 1045 2483 1113 faceret,
2535 1065 2598 1104 ac
2643 1049 2783 1106 idem
2830 1056 3045 1124 utrique
3101 1055 3415 1108 mandatum
3479 1054 3654 1110 daret.
3683 1056 3809 1113 Ilisce

2240 1150 2419 1194 autem
2463 1139 2673 1196 duobus
2714 1145 2991 1216 rescriptis
3021 1146 3088 1201 ad
3117 1146 3400 1218 Olybrium
3445 1157 3504 1203 et
3542 1149 3809 1216 Aginatium

2239 1231 2402 1297 datis,
2429 1232 2572 1288 aliud
2609 1234 2871 1291 Baronius
2897 1237 3044 1292 addit
3098 1239 3164 1292 ad
3187 1238 3478 1311 Olybrium
3507 1239 3703 1312 ipsum,
3728 1258 3808 1314 quo

2241 1325 2538 1395 imperator
2581 1339 2900 1400 coiiceptatn
2952 1346 2980 1384 a
3019 1347 3079 1386 se
3109 1333 3446 1402 voluptatem
3478 1334 3732 1404 signiﬁcat
3757 1351 3806 1390 ex

2241 1419 2458 1487 litteris,
2498 1423 2692 1492 quibus
2747 1425 2838 1480 ille
2892 1424 3310 1482 denuntiaverat
3373 1445 3697 1495 compressos
3747 1446 3808 1485 tot

2238 1514 2326 1584 qui
2375 1516 2753 1571 sanctissimam
2803 1516 2965 1590 legem
2995 1519 3218 1574 tumultu
3269 1529 3314 1573 et
3341 1522 3602 1574 seditione
3632 1521 3809 1574 misceto

2237 1617 2374 1661 rant.
2410 1608 2486 1663 Ex
2517 1625 2626 1679 quo
2671 1609 2933 1666 discimus
2979 1611 3128 1666 illum
3160 1611 3377 1668 tandem
3433 1613 3645 1682 integre
3676 1613 3808 1681 impe-

2240 1701 2410 1755 ratori
2437 1703 2705 1770 paruisse,
2738 1715 2848 1758 tum
2901 1705 3212 1758 mandatum
3254 1703 3360 1760 hoc
3409 1703 3540 1758 aliis
3585 1705 3808 1775 posterius

531 1815 696 1872 quam
735 1799 1051 1870 scripserat,
1087 1800 1325 1856 humano
1379 1799 1639 1869 sanguine
1675 1797 1882 1869 repleta
1932 1798 2136 1852 oratio-
2164 1796 2213 1856 Β
2240 1808 2360 1849 esse
2385 1811 2399 1848 :
2429 1803 2591 1866 atque
2622 1795 2765 1852 hunc
2791 1797 3082 1868 aliquando
3105 1809 3224 1868 post
3247 1796 3536 1852 biennium
3570 1797 3718 1851 linem
3738 1793 3806 1849 hs-

529 1910 656 1951 num
683 1895 822 1962 loca,
850 1895 1032 1950 statim
1064 1893 1229 1950 addat
1264 1908 1382 1950 rem
1411 1894 1548 1948 hanc
1579 1894 1804 1963 factione
1844 1890 2061 1948 Maximi
2082 1894 2136 1948 in

527 1989 779 2045 invidiam
806 1987 929 2042 boni
971 1997 1020 2043 et
1044 1988 1329 2042 innocentis
1353 1987 1636 2043 sacerdotis
1675 1985 1897 2040 Damasi
1937 2001 2135 2040 versam

529 2101 658 2142 esse.
691 2083 1017 2140 Maximinus
1042 2085 1212 2148 enim,
1237 2082 1353 2138 sive
1395 2091 1451 2137 ut
1478 2080 1840 2138 schismaticis
1870 2081 2131 2151 placeret,

529 2179 620 2250 qui
677 2178 734 2234 in
777 2187 957 2250 partes
1024 2192 1152 2233 suas
1209 2185 1490 2233 traxerant
1547 2175 1793 2232 Judaeum
1843 2175 2130 2244 quemdam

532 2270 773 2327 Isaaeunt
819 2272 1041 2328 nomine
1084 2285 1264 2343 eoque
1303 2279 1618 2326 accusatore
1669 2268 1985 2335 utebantur,
2017 2269 2133 2324 sive

526 2374 586 2420 ut
631 2363 800 2422 feroci
831 2364 1051 2436 ingenio
1091 2379 1192 2421 suo
1247 2363 1575 2434 indulgeret,
1608 2363 1821 2419 induxit
1865 2363 2130 2429 animum,

526 2467 586 2514 ιιι
609 2458 895 2514 Damasum
940 2457 1225 2515 seditionis
1266 2473 1329 2513 ac
1357 2457 1525 2512 caulis
1550 2472 1672 2528 qua:
1703 2457 1757 2512 in
1791 2456 2032 2512 Ecclesia
2064 2455 2131 2510 ad

529 2551 588 2608 S.
629 2551 893 2623 Agnetem
950 2559 1262 2622 perpetrata
1314 2550 1539 2615 fuerat,
1591 2564 1742 2605 reum
1779 2557 1964 2618 ageret
1991 2547 2133 2620 apud

531 2646 940 2717 imperatorem,
998 2655 1166 2718 utque
1226 2645 1329 2700 hoc
1385 2658 1788 2716 assequeretur.
1823 2645 2131 2700 testimonia

527 2746 718 2794 contra
763 2738 1076 2810 pontiﬁcem
1133 2739 1634 2794 innocentissimum
1680 2753 1709 2792 a
1743 2737 1877 2792 viris
1905 2737 2132 2808 perdita:

531 2829 709 2896 famae,
743 2840 905 2902 atque
959 2831 1028 2887 ab
1077 2831 1211 2903 ipsis
1245 2831 1463 2886 clericis
1513 2832 1659 2887 illata
1713 2839 1919 2886 tortura
1949 2839 2132 2887 extor-

530 2926 751 2998 quebat.
801 2925 1003 2982 Verum
1055 2926 1338 2997 Aginatius
1377 2925 1526 2981 urbis
1573 2927 1828 2991 vicarius,
1868 2927 2131 2998 indignis-

531 3021 660 3075 sime
687 3021 880 3090 ferens,
913 3021 986 3097 in_
1017 3019 1396 3076 examinandis
1422 3021 1600 3076 causis
1651 3021 1998 3076 Maximinum
2027 3021 2128 3076 sibi

529 3111 598 3166 ab
648 3111 871 3185 Olybrio
918 3113 1196 3184 praelatum
1224 3113 1326 3186 (li),
1379 3124 1489 3168 tum
1546 3113 1613 3169 de
1661 3115 1747 3174 iis,
1789 3129 1912 3184 qua:
1940 3125 2130 3171 contra

530 3206 820 3263 Damasum
871 3207 1192 3278 agebantur,
1228 3206 1663 3265 Valentinianum
1719 3207 2010 3262 certiorem
2043 3207 2124 3264 fe-
2156 3189 2202 3253 (ἶ

527 3301 622 3366 cit,
650 3311 763 3357 tum
795 3311 1054 3371 praeterea
1106 3302 1368 3359 factiosos
1415 3304 1468 3358 in
1523 3301 1795 3360 suburbiis
1823 3318 1890 3358 ex
1919 3303 2127 3376 Olybrii

529 3394 874 3452 conniventia
902 3406 1207 3453 conventus
1238 3413 1420 3469 agere,
1452 3397 1593 3454 unde
1623 3398 1880 3470 frequens
1913 3399 2128 3471 jurgio-

505 3501 674 3553 'rutn,
715 3503 781 3543 ac
832 3489 1202 3556 seditionum,
1257 3505 1378 3562 quae
1427 3502 1786 3563 supererant,
1835 3492 1956 3548 fons
1991 3495 2037 3560 ,'
2075 3503 2129 3548 et

529 3583 705 3653 origo.
749 3581 1044 3652 imperator
1087 3582 1271 3655 itaque
1315 3584 1541 3639 veritate
1587 3585 1800 3656 cognita
1831 3595 2130 3640 conventus

535 3673 658 3730 illos
707 3673 1047 3730 suburbanos
1098 3675 1267 3730 vetuit
1319 3676 1618 3746 statuitque
1641 3676 1832 3731 exsilio
1862 3677 2130 3732 mulctan-

530 3769 652 3837 dos,
683 3771 726 3825 si
759 3770 898 3825 intra
936 3771 1230 3824 uicesimum
1259 3770 1328 3825 ab
1352 3770 1485 3826 urbe
1513 3770 1743 3841 lapidem
1786 3771 2016 3838 coirent,
2049 3781 2130 3826 at-

533 3878 637 3934 que
663 3863 734 3917 ita
765 3861 960 3918 Ruﬁno
1004 3863 1278 3919 scribente
1330 3861 1568 3919 accidit:
1616 3863 1681 3917 Ut
1709 3873 1930 3919 assertor
1980 3865 2130 3919 inno-

530 3955 710 4009 centia:
737 3951 878 4008 Deus
930 3954 1179 4027 adfuerit,
1211 3965 1258 4009 et
1301 3954 1356 4008 in
1405 3964 1560 4025 caput
1609 3971 1786 4009 eorum
1840 3957 1926 4024 qui
1954 3957 2129 4011 dolum

532 4047 883 4126 intenderant,
928 4064 1078 4116 paena
1123 4063 1367 4102 conversa
1420 4048 1507 4102 sit.
1539 4047 1832 4104 Enimvero
1873 4050 2002 4119 quin
2042 4065 2131 4106 res

533 4139 605 4196 ita
635 4149 787 4212 gesta
837 4141 1021 4208 fuerit,
1062 4142 1146 4196 vix
1199 4140 1448 4196 dubitare
1503 4140 1724 4211 poterit,
1771 4142 1860 4210 qui
1887 4141 2131 4197 Valenti-

531 4232 678 4289 niani
711 4234 974 4304 rescripta
1019 4243 1229 4290 attente
1270 4234 1460 4298 legerit
1502 4233 1570 4290 ad
1611 4233 1892 4307 Olybrium
1916 4245 1970 4290 et
1995 4233 2128 4306 Agi-

534 4330 738 4383 natium
789 4330 981 4385 eodem
1042 4339 1287 4395 tempore
1321 4327 1482 4395 data,
1530 4344 1652 4398 quae
1681 4343 1910 4400 magnus
1956 4344 2130 4384 anna-

531 4419 663 4476 lium
696 4435 889 4490 parens
919 4422 973 4477 in
1004 4422 1180 4478 lucem
1213 4422 1436 4493 protulit
1464 4421 1557 4494 (c).
1595 4421 1676 4477 Ex
1716 4421 1799 4478 his
1821 4425 1966 4477 enim
1992 4436 2128 4479 con-

534 4524 640 4569 stat
662 4523 947 4586 utrumque
987 4531 1052 4570 ex
1083 4517 1148 4571 iis
1185 4532 1248 4572 ea
1270 4517 1339 4572 de
1362 4534 1421 4573 re
1450 4518 1657 4576 litteras
1713 4517 1780 4572 ad
1836 4518 2131 4589 imperato-

2243 1885 2356 1940 buit
2407 1885 2589 1943 Ursini
2647 1889 2904 1944 scliisma.

2311 1981 2398 2038 Ill.
2429 1985 2664 2055 Aginatii
2694 1986 2890 2042 litteris
2922 2001 3020 2057 pro
3066 1985 3300 2041 Damaso
3327 1985 3576 2057 scriptis.
3603 1998 3806 2054 magnam

2236 2077 2568 2147 caeteroquin
2596 2079 2702 2134 vim
2734 2078 3012 2135 addidisse
3057 2079 3232 2150 potuit
3260 2079 3534 2150 Evagrius
3563 2076 3808 2134 Antioche-

2237 2187 2339 2227 nus
2387 2176 2671 2246 presbyter
2719 2216 2735 2241 ,
2781 2175 2871 2246 qui
2927 2176 3313 2246 imperatorem
3367 2184 3679 2232 accesserat
3735 2187 3804 2243 pro

2245 2267 2575 2324 Vercellensi
2626 2269 2830 2324 femina
2888 2270 3090 2340 septies
3123 2271 3226 2325 icta
3255 2286 3270 2336 ;
3296 2286 3464 2340 quam
3517 2285 3630 2326 rem
3657 2267 3803 2324 Hiero.

2237 2376 2432 2433 nymus
2477 2373 2660 2418 narrat
2682 2363 2844 2417 veluti
2875 2373 3106 2433 gestant,
3141 2365 3460 2435 priusquam
3492 2365 3546 2420 in
3574 2363 3802 2420 Orientem

2241 2454 2358 2524 ipse
2396 2453 2684 2511 secederet
2725 2458 2829 2526 (ά).
2862 2455 2975 2511 Hoc
2990 2472 3118 2512 vero
3146 2456 3386 2512 ofﬁcium
3421 2457 3692 2529 Evagrius
3715 2471 3738 2510 a
3761 2469 3804 2509 se

2235 2546 2421 2603 deberi
2471 2549 2682 2603 censuit
2730 2549 2968 2605 Eusebio
3010 2549 3342 2606 Vercellensi
3375 2551 3663 2622 episcopo,
3701 2562 3801 2618 quo-

2233 2654 2356 2694 cum
2382 2649 2538 2694 antea
2567 2656 2633 2696 ex
2655 2642 2878 2697 Oriente
2907 2642 2960 2696 in
2995 2641 3198 2697 Italiam
3224 2658 3287 2697 ac
3314 2643 3552 2700 Romam
3579 2648 3798 2698 venerat:

2236 2733 2337 2787 hac
2385 2734 2529 2788 cnim
2554 2742 2768 2805 captata
2819 2736 3129 2802 occasione,
3153 2736 3366 2792 duabus
3413 2739 3547 2793 aliis
3572 2736 3639 2792 de
3659 2733 3797 2791 causis

2235 2827 2596 2899 Hieronymus
2647 2831 2934 2900 Evagrium
2981 2834 3154 2901 ipsum
3199 2831 3382 2886 laudat
3422 2850 3434 2886 :
3481 2832 3669 2896 altera,
3715 2829 3800 2897 ejus

2233 2936 2397 2992 opera
2426 2921 2676 2978 effectura
2725 2939 2848 2978 esse
2899 2925 3306 2980 utzAuxentius
3360 2925 3650 2982 Mediolani
3691 2924 3800 2977 incit-

2233 3018 2358 3071 bnns
2412 3017 2647 3089 sepultus
2700 3019 2844 3089 prius
2890 3027 3166 3088 antequam
3220 3029 3456 3075 mortuus
3523 3021 3797 3080 videretur;

2231 3111 2407 3167 altera
2433 3126 2564 3166 vero
2613 3122 2669 3166 ut
2700 3111 2965 3167 Romanus
3004 3114 3277 3186 episcopus
3308 3131 3436 3184 pene
3489 3113 3716 3186 {actionis
3738 3109 3796 3162 la-

2232 3207 2373 3276 queis
2421 3207 2672 3272 irretitus,
2699 3216 2748 3260 et
2776 3207 2955 3262 vicerit
3002 3208 3350 3272 adversarios,
3393 3219 3441 3263 et
3481 3225 3583 3262 non
3613 3200 3794 3261 nocuerit

2231 3302 2504 3374 superatis.
2555 3300 2792 3373 Utraque
2850 3317 2982 3358 vero
3033 3303 3170 3357 mire
3213 3303 3474 3358 convenit
3507 3302 3631 3358 huic
3669 3310 3793 3354 anno.

2233 3391 2299 3450 Ut
2348 3394 2492 3449 enim
2548 3396 2851 3450 Auxentius
2902 3395 3146 3451 damnari
3189 3396 3356 3452 libere
3409 3406 3618 3468 posset,
3644 3409 3700 3448 ac
3726 3404 3796 3460 pro

2231 3487 2491 3543 damnato
2530 3487 2790 3545 Ecclesiae
2834 3488 3182 3555 denuntiari,
3234 3489 3379 3558 quod
3419 3489 3620 3546 factum
3669 3484 3796 3541 fuisse

2231 3581 2407 3637 dicam
2454 3583 2699 3652 sequenti
2745 3597 2889 3637 anno
2917 3625 2934 3650 ,
2990 3582 3402 3638 allaborandum
3434 3593 3578 3649 erat,
3623 3595 3685 3636 ne
3719 3578 3792 3632 im-

2233 3683 2474 3745 perator,
2509 3675 2600 3744 qui
2632 3675 2749 3744 ejus
2805 3675 2954 3730 velut
3001 3675 3256 3732 catholici
3293 3674 3658 3732 communioni
3704 3681 3794 3725 sese

2231 3767 2576 3836 adjunxcrat,
2620 3767 2745 3824 huic
2775 3769 2992 3838 negotio
3020 3768 3381 3824 intercederet
3411 3787 3424 3822 :
3455 3765 3790 3839 quamobrem.

2234 3861 2363 3916 nihil
2403 3861 2596 3915 mirum
2644 3869 2748 3925 est,
2778 3861 2822 3916 si
2867 3875 2930 3915 ea
2975 3859 3238 3932 synodus,
3267 3875 3369 3931 qua
3398 3861 3678 3916 damnatus
3703 3851 3790 3907 edi-
3849 3839 3859 3853 ’

2232 3954 2375 4010 citur
2417 3953 2473 4010 iu
2503 3954 2855 4009 Holsteniana
2911 3954 3254 4015 collectione.
3303 3954 3564 4027 imperiali
3585 3946 3790 4012 rescripto

2232 4059 2555 4119 congregata
2583 4047 2804 4104 dicitur.
2851 4047 3114 4102 Damasus
3146 4057 3324 4104 autem
3371 4064 3550 4119 neque
3577 4051 3789 4112 umquam

2232 4143 2405 4212 magis
2433 4142 2676 4197 irretitus
2719 4142 2970 4197 factionis
2993 4142 3220 4212 laqueis,
3251 4157 3425 4212 neque
3456 4141 3678 4198 Ursinus
3697 4145 3788 4188 cum

2233 4237 2398 4292 sociis
2425 4237 2595 4307 magis
2624 4236 2865 4308 perfecte
2886 4236 3091 4304 vietus,
3120 4246 3176 4292 et
3204 4245 3512 4307 superatus,
3545 4246 3692 4307 quam
3715 4226 3791 4282 hoc

2231 4344 2378 4385 anno
2416 4347 2430 4383 :
2463 4345 2607 4383 anno
2628 4329 2770 4384 enim
2817 4329 3109 4401 superiori,
3157 4345 3263 4400 quo
3289 4329 3358 4384 ab
3384 4330 3577 4386 exsilio
3605 4329 3787 4380 Romam

2233 4437 2485 4480 reversus
2511 4431 2614 4491 cst,
2659 4423 2830 4479 victor
2877 4421 3056 4494 potius
3105 4438 3267 4496 quam
3300 4423 3475 4480 victus
3522 4415 3680 4479 videri
3717 4425 3789 4484 p0-

2236 4525 2396 4572 terat.

533 4619 647 4660 rem
689 4604 925 4660 dedisse.
961 4605 1068 4662 Sed
1108 4607 1214 4662 alia
1272 4608 1546 4679 Olybrius,
1581 4610 1686 4663 alia
1747 4610 2026 4680 Aginatius
2053 4610 2129 4664 si.
2156 4591 2207 4654 Ῑ)
2305 4607 2395 4663 IV.
2439 4608 2722 4664 Ferrarius
2751 4608 2822 4682 (e)
2846 4608 3134 4663 Damasum
3157 4607 3346 4664 Nolam
3372 4607 3659 4663 accessisse
3683 4593 3787 4654 scri-

529 4697 823 4768 gnillcavit.
883 4698 1037 4754 Prior
1083 4699 1228 4755 enim
1277 4701 1494 4772 scripsit
1545 4702 1838 4773 perfecisse
1885 4719 1947 4760 se
1989 4721 2004 4758 :
2057 4703 2126 4760 Ut

529 4788 676 4846 trulla
717 4792 771 4845 in
799 4791 922 4845 urbe
947 4789 1114 4846 Roma
1146 4803 1314 4860 posset
1361 4809 1470 4850 esse
1493 4793 1775 4859 discordia,
1806 4811 1864 4849 ac
1884 4797 2128 4851 christia-

529 4901 653 4940 num
701 4887 947 4958 populum
997 4886 1260 4958 profunda
1303 4889 1573 4943 securitate
1617 4889 1674 4942 in
1725 4888 1830 4942 otio
1878 4889 2006 4962 frui,
2037 4891 2124 4957 iis,

526 4994 650 5048 qua:
683 4994 779 5049 per
804 4978 1150 5034 Maximinum
1181 4995 1410 5036 annona!
1425 4981 1739 5052 pr:el'ectum
1764 4995 1827 5037 ac
1853 4981 2122 5038 schisma-

529 5071 664 5127 ticos
710 5071 1031 5143 agebantur,
1081 5073 1324 5130 studiose
1365 5073 1741 5130 dissimulatis.
1795 5075 1947 5132 Alter
1993 5091 2124 5132 vero

525 5164 916 5235 imperatorem
960 5164 1094 5220 nihil
1144 5167 1316 5223 latere
1359 5168 1531 5224 voluit
1563 5167 1784 5224 :Adlmc
1809 5170 2003 5224 scilicet
2030 5171 2126 5225 mi-

525 5261 674 5323 sceri,
706 5276 821 5334 qua:
863 5261 1130 5332 aliquanto
1169 5262 1376 5332 placata
1432 5265 1660 5334 fuerunt,
1684 5265 2123 5319 extramuraneis-

522 5367 622 5422 que
645 5355 870 5411 aedibus
895 5357 1185 5429 frequenter
1211 5358 1455 5428 strepitus
1495 5357 1729 5413 excitari.
1759 5357 1915 5412 Hisce
1943 5369 2120 5412 autem

526 5448 821 5507 verisimile
863 5459 950 5507 est
992 5449 1172 5523 aliqua
1201 5449 1365 5507 etiam
1421 5449 1696 5506 addidisse
1728 5450 1798 5507 de
1847 5448 2120 5506 Maximini

600 5663 681 5738 (a)
698 5663 878 5738 Epist.
907 5678 1061 5731 thx,
1086 5679 1210 5738 pag.
1236 5664 1344 5724 655
1369 5673 1426 5722 et
1453 5661 1582 5722 636.

600 5664 656 5732 (ιι
703 5663 878 5732 Epist.
907 5678 1048 5722 thx,

597 5663 681 5879 ἓὺξ
698 5734 831 5792 Lih.
861 5751 1048 5793 xxvtu.

625 5823 653 5859 c
705 5806 851 5865 Ann.
875 5806 1048 5875 369,t

625 5806 677 5875 c)
705 5806 851 5865 Ann.
875 5806 1006 5875 369,
1034 5821 1181 5863 num.
1207 5809 1243 5864 ὅ
1260 5817 1316 5864 et
1340 5809 1396 5866 4.

2237 4701 2334 4770 hit,
2376 4711 2434 4758 ut
2471 4701 2536 4757 ad
2569 4702 2877 4772 sepulcrum
2912 4701 2972 4757 S.
3005 4700 3202 4758 Felicis
3233 4708 3420 4756 votum
3452 4701 3698 4758 solveret,
3742 4701 3785 4741 ιο

2233 4796 2372 4866 quod
2407 4811 2468 4848 eo
2498 4795 2628 4850 duce
2661 4805 2894 4850 servatus
2919 4799 3120 4868 fuerat,
3151 4812 3212 4849 ac
3242 4796 3417 4850 mortis
3446 4793 3644 4850 vincula
3666 4796 3786 4854 νιφε-

2232 4897 2350 4952 rat,
2404 4899 2794 4960 angusmm’qne
2841 4887 2957 4959 ejus
3011 4889 3260 4959 sepulcro
3305 4887 3579 4943 basilicam
3630 4889 3784 4948 SHW"

2232 4981 2532 5044 struxisse,
2565 4997 2726 5052 quam
2768 4982 2828 5038 S.
2859 4981 3115 5036 Paulinus
3157 4981 3354 5038 deinde
3392 4982 3569 5037 latiori
3615 4975 3704 5032 alia
3736 4977 3784 5021 ac

2229 5072 2495 5129 ornatiori
2543 5088 2574 5128 a
2619 5089 2679 5130 se
2727 5073 2990 5129 aediﬁcata
3038 5073 3275 5128 inclusit.
3323 5073 3458 5128 Huic
3501 5059 3780 5128 autemrei.

2226 5183 2388 5240 quam
2419 5167 2571 5221 multi
2625 5177 2876 5232 narrant,
2911 5181 2974 5221 ac
3005 5181 3116 5236 prae
3154 5166 3399 5233 cateris,
3445 5167 3536 5238 qui
3567 5161 3781 5221 Nolanam

2229 5259 2510 5315 historiam
2543 5275 2717 5329 nuper
2737 5259 3060 5328 conscripsit
3083 5258 3166 5314 Jo.
3199 5259 3508 5328 Stephanus
3538 5244 3782 5312 ltemnndi-

2227 5370 2328 5411 nus
2359 5357 2428 5429 (Γ)
2466 5363 2756 5411 contentus
2785 5353 2837 5410 id
2866 5354 3198 5410 constituere
3235 5354 3554 5408 auctoritate
3585 5343 3706 5406 Petri
3729 5335 3780 5390 de

2227 5448 2527 5518 Natalihus,
2557 5449 2700 5504 aliud
2735 5449 2939 5522 nullum
2970 5458 3345 5520 argumentum
3386 5451 3645 5518 superest,
3672 5445 3781 5508 Ρηο

2417 5725 2495 5800 De
2521 5727 2642 5784 Not.
2669 5727 2870 5800 Ceam,
2896 5741 3018 5800 cap.
3049 5725 3140 5785 10.

2301 5657 2384 5732 (d)
2414 5657 2577 5732 Ep._t_,
2603 5655 2736 5732 _Ve_r.
2757 5655 2890 5712 edit.

2301 5659 2360 5732 (ά
2414 5657 2512 5727 Ep.
2539 5671 2577 5721 ι,
2612 5657 2736 5713 Ver.
2757 5657 2876 5712 edit

2327 5747 2352 5784 e
2417 5728 2495 5783 De
2521 5727 2642 5784 Νοι.
2669 5727 2870 5794 ϐωω..

2300 5657 2384 5874 ξέ
2413 5798 2532 5860 Lib.
2563 5815 2647 5869 tn,
2671 5815 2794 5872 cap.
2819 5798 2876 5854 4.
