3998 6350
124 293 237 352 129

1515 285 2050 348 PROLEGOMENA.

3351 295 3459 355 £30

123 419 212 464 ter
251 424 427 463 unum
468 408 714 480 ejusdem
754 408 965 466 Damasi
1015 409 1239 465 Carmen
1267 423 1406 464 xv...
1432 450 1447 478 ,
1474 410 1618 481 quod
1650 425 1735 465 re-
1767 427 1821 490 Α
1847 407 2127 465 tlimcesim
2154 408 2341 467 vicarii
2386 408 2554 465 Italiae
2580 408 2914 467 detrimento
2943 409 3128 469 fuisse.
3159 410 3233 470 Ut
3267 419 3451 469 autem

121 518 257 558 vera
291 504 547 558 votivum
577 510 680 570 est,
715 513 771 558 ut
801 504 1064 560 Baronius
1091 505 1251 560 etiam
1303 511 1357 559 et
1388 503 1521 558 clar.
1555 503 1738 559 Mura-

124 598 305 651 torius
338 595 420 670 (a)
454 598 768 653 observant.
809 598 882 652 At
915 598 1017 654 nisi
1048 608 1260 663 votum,
1301 613 1332 652 a
1373 597 1602 653 Damaso
1645 598 1742 653 ab-

123 700 286 747 sente
324 706 394 747 ac
441 692 601 763 longe
659 694 834 761 posito
865 693 1199 763 persolutum
1244 693 1414 757 velis,
1466 692 1568 747 hoc
1609 692 1742 748 satis

125 792 245 851 est,
281 786 337 840 ni
390 785 577 850 fallor,
624 793 683 840 ut
707 785 860 841 illum
887 786 1074 842 Nolam
1111 786 1404 842 accessisse
1431 785 1737 841 credamus.

124 877 321 949 Neque
353 878 501 933 enim
556 879 609 934 in
662 878 796 935 urbe
825 879 993 934 Roma
1041 895 1107 935 eo
1152 889 1393 946 tempore
1432 889 1742 936 constructa

126 971 309 1028 fuerat
338 971 573 1027 ecclesia
621 973 739 1039 illa,
771 989 891 1044 qua:
932 972 1131 1029 deinde
1161 972 1219 1030 S.
1252 972 1449 1029 Felicis
1476 973 1530 1027 in
1562 972 1743 1029 Pincis

127 1084 157 1121 a
192 1067 580 1122 Pincianorum
605 1066 814 1122 sedibus
841 1066 988 1122 dicta
1013 1074 1097 1122 est
1120 1066 1221 1139 (ὸ),
1254 1076 1309 1121 ιιι
1334 1067 1598 1122 Damasus
1618 1081 1746 1137 sup-

128 1162 335 1232 plicem
366 1162 420 1217 in
451 1178 513 1217 ea
544 1170 786 1218 statuere
816 1176 969 1231 sese,
1012 1178 1074 1218 ac
1101 1178 1285 1219 coram
1318 1163 1529 1220 solvere
1559 1172 1742 1219 votum

132 1265 345 1327 pOSset.
374 1254 430 1309 Id
456 1265 717 1326 prmterea
745 1271 920 1326 neque
938 1257 1006 1310 ab
1025 1271 1214 1312 eorum
1240 1265 1540 1327 temporum
1567 1273 1741 1324 more,

134 1364 315 1417 neque
358 1348 430 1403 ab
455 1349 574 1416 ejus
615 1347 721 1403 loci
764 1348 1027 1420 religione
1072 1351 1304 1405 alienum
1334 1350 1504 1406 videri
1534 1358 1739 1421 potest,

135 1443 291 1513 cujus
322 1451 468 1498 tanta
498 1453 618 1500 erat
650 1442 825 1507 fama,
858 1451 917 1498 ut
937 1459 1001 1499 ex
1028 1442 1217 1515 quavis
1248 1453 1510 1499 terrarum
1552 1454 1704 1516 parte
1726 1484 1741 1508 ,

139 1546 303 1607 atque
325 1536 398 1591 ab
428 1537 538 1609 ipsa
568 1535 739 1591 Roma
766 1535 1017 1606 frequens
1037 1550 1332 1592 concursus
1352 1536 1539 1592 Nolam
1565 1536 1740 1593 fieret.

140 1629 279 1687 Hinc
300 1629 556 1686 Paulinus
592 1626 665 1701 (ε)
694 1629 859 1684 natali
887 1628 1006 1699 ejus
1034 1630 1205 1686 sancti
1237 1629 1326 1686 die
1352 1630 1476 1701 jure
1506 1630 1739 1687 cecinit:

240 1789 727 1854 Ipsaquectelestum
746 1789 897 1839 sacris
920 1802 1180 1852 procerum
1204 1792 1535 1842 monumentis

289 1851 418 1912 ctua,
444 1852 591 1903 Petro
614 1851 863 1913 Pauloque
888 1851 1083 1916 potens,
1102 1866 1361 1916 rarescere
1388 1855 1573 1914 gaudet

248 1914 410 1978 Huius
427 1916 605 1964 honore
629 1916 728 1977 die,
756 1914 1009 1978 portaeque
1036 1929 1099 1964 ex
1124 1914 1450 1978 oreCapenaa

254 1976 405 2040 Milli:
431 1976 719 2040 profundens
736 1976 795 2040 ad
819 1976 987 2028 amicae
1013 1980 1189 2027 mmnia
1218 1976 1353 2028 Nola:

254 2039 465 2090 Dimittit
484 2039 699 2089 duodena
731 2039 907 2089 decem
935 2053 1023 2101 per
1049 2040 1196 2089 millia
1219 2040 1376 2089 denso

250 2102 480 2166 Agmine,
505 2102 742 2152 consertis
767 2104 915 2165 longe
941 2102 1064 2153 latet
1083 2102 1239 2166 Appia
1261 2105 1438 2155 turbis.

221 2232 354 2288 Cum
388 2243 565 2288 autem
604 2232 690 2289 hic
721 2232 961 2303 pontifex
1014 2248 1073 2289 se
1128 2234 1305 2304 capite
1352 2234 1751 2302 periclitantem

153 2324 407 2394 pnesidio
438 2327 594 2395 hujus
615 2324 788 2380 sancti
818 2328 1070 2398 martyris
1096 2339 1369 2382 servatum
1400 2327 1564 2393 dicat,
1593 2340 1755 2398 atque

153 2418 205 2473 iu
256 2420 358 2474 hoc
408 2419 496 2475 ille
549 2418 843 2475 discrimen
892 2419 1155 2474 adductus
1205 2420 1365 2475 fuerit
1414 2420 1754 2477 inimicorum

151 2512 360 2578 fraude,
393 2514 495 2568 sub
540 2513 832 2569 Maximino
862 2514 1119 2585 prmfecto
1166 2530 1428 2581 annonae,
1482 2515 1527 2570 si
1568 2515 1755 2571 Nolam

158 2606 404 2675 accessit,
439 2608 530 2662 vix
557 2607 666 2663 alio
712 2609 1006 2664 accessisse
1050 2608 1241 2679 potuit,
1298 2624 1457 2680 quam
1504 2608 1625 2677 hoc,
1665 2619 1759 2666 aut

153 2702 398 2772 sequenti
451 2717 640 2772 anno,
687 2718 793 2775 quo
847 2702 963 2759 haec
1018 2703 1097 2758 illi
1145 2704 1330 2776 quies,
1388 2713 1443 2762 et
1492 2706 1758 2762 securitas

155 2805 301 2867 parta
326 2805 428 2851 est.

774 2889 1001 2948 CAPUT
1040 2890 1130 2947 IV.

158 3002 279 3070 369,
302 3004 513 3061 ῡΑιιΑςι
534 3005 591 3073 4,
617 3004 1099 3063 γλιεκτικιΑΝοΝ.
1129 3008 1188 3062 Ρ.
1216 3024 1281 3063 ετ
1304 3006 1547 3066 Vtcrons
1576 3024 1758 3065 conss.

158 3098 197 3153 l.
242 3098 417 3154 Prima
456 3099 554 3154 sub
610 3098 834 3155 Dantaso
883 3100 1110 3172 synodus
1159 3101 1403 3156 adversus
1453 3103 1763 3157 Auxentium

227 3192 723 3265 pseudoepiscapum
756 3192 1214 3248 Mediolaneusent.
1247 3193 1309 3250 ll.
1364 3193 1467 3248 Cur
1498 3195 1593 3249 hoc
1621 3212 1758 3250 anno

228 3289 602 3357 consignctur?
646 3287 733 3343 Ill.
771 3287 909 3355 Quid
936 3289 990 3342 in
1016 3305 1077 3342 ea
1101 3298 1293 3355 actum,
1330 3289 1763 3359 constitutumque

231 3380 431 3450 fuerit?
477 3379 616 3453 Ejus
671 3382 917 3452 synodica
970 3382 1283 3437 illustratur.
1330 3381 1418 3437 IV.
1477 3382 1661 3454 Agitur
1706 3383 1771 3438 de

244 3474 517 3530 Vincentio
547 3475 819 3547 Capuauo.

239 3592 275 3647 l.
296 3591 597 3663 Postquam
630 3591 791 3663 igitur
818 3593 1083 3648 Damasus
1105 3593 1439 3664 aliquantum
1468 3607 1499 3648 e
1520 3591 1773 3649 fluctibus

170 3688 479 3745 domesticae
524 3687 816 3745 seditionis
864 3700 1195 3753 emerserat,
1228 3689 1296 3744 ad
1344 3688 1627 3745 catholica:
1671 3687 1775 3745 Ec-

171 3782 343 3839 clesiae
370 3798 567 3840 curam
610 3783 848 3837 animum
879 3782 1098 3853 adjecit.
1130 3783 1242 3838 Hoc
1279 3784 1422 3838 enim
1449 3798 1592 3838 anno
1633 3784 1776 3839 cele-

172 3875 317 3933 brem
366 3877 523 3933 illam
570 3885 760 3933 contra
800 3876 1125 3944 Auxentium
1154 3878 1473 3933 convocavit
1509 3877 1774 3949 synodum

176 3971 462 4041 nonaginta
520 3969 683 4026 trium
726 3971 1102 4041 episcoporum
1126 4011 1141 4036 ,
1174 3969 1328 4040 cujus
1357 3969 1498 4041 apud
1528 3970 1778 4028 Theodo-

178 4073 343 4118 rctum
374 4064 487 4133 (τι),
522 4063 615 4132 qui
658 4078 886 4119 numero
917 4061 1148 4118 rotundo
1187 4063 1381 4128 utitur,
1422 4077 1485 4117 ac
1523 4061 1778 4119 Sozome-

180 4173 300 4214 num
332 4160 403 4232 (e)
448 4159 658 4215 mentio
684 4175 805 4215 cum
846 4159 1004 4216 laude
1031 4169 1132 4214 est.
1168 4160 1467 4215 Auxentius
1492 4175 1614 4215 cum
1644 4175 1778 4229 pau-

182 4266 273 4307 cos
292 4261 416 4306 ante
443 4266 623 4307 annos
652 4253 715 4308 iis
742 4253 944 4307 lusisset
965 4251 1127 4306 verbis
1147 4292 1161 4315 ,
1200 4249 1407 4307 Hilario
1432 4259 1571 4306 teste
1600 4250 1783 4321 quibus

185 4357 347 4417 posset
388 4346 577 4418 fallere
614 4355 663 4401 et
687 4348 904 4414 electos,
933 4361 961 4400 a
989 4344 1393 4408 Valentiniano,
1424 4359 1583 4415 quem
1615 4345 1669 4399 in
1700 4342 1784 4400 sui

186 4443 611 4498 communionem
635 4441 971 4497 fraudulenta
988 4438 1332 4497 confessione
1355 4448 1614 4505 traxerat,
1640 4438 1785 4493 obti-

189 4551 374 4594 nuerat
400 4536 583 4602 edici,
633 4551 702 4593 ne
730 4551 763 4590 a
805 4537 1057 4607 quopiam
1103 4532 1517 4591 Mediolanensis
1547 4532 1785 4589 Ecclesia

1846 501 2094 558 indoctos
2122 502 2272 569 illos,
2301 502 2691 574 simplicesque
2733 506 3019 576 episc0pos
3047 504 3114 560 ad
3153 520 3307 561 suam
3337 504 3452 560 hae-

1845 598 2009 652 resim
2056 597 2413 668 perduceret,
2461 598 2712 654 utebatur
2760 598 3041 665 subdolis,
3088 598 3454 669 captioslsque

1848 692 1970 749 fidei
2000 693 2246 750 formulis
2269 735 2284 759 ,
2315 708 2452 765 quas
2481 694 2745 750 Damasus
2773 711 2961 751 saevas
3000 694 3454 765 interpretationes

1845 797 1990 841 vocat
2012 828 2026 849 ,
2059 794 2222 858 atque
2256 785 2620 843 Ariminensis
2661 787 3006 844 coneiliabnli
3036 797 3414 843 sexcentornm
3434 827 3449 851 ,

1847 886 1907 934 ut
1937 880 2030 935 ille
2059 878 2199 936 falso
2221 880 2418 947 aiebat,
2447 880 2827 951 episcoporum
2853 880 3232 936 auctoritatem
3260 878 3455 935 obten-

1846 973 2030 1039 debat,
2065 989 2403 1044 perversaque
2430 974 2547 1028 haec
2568 972 2794 1029 consilia
2823 972 3136 1039 adhibebat,
3160 987 3230 1029 ne
3245 970 3366 1043 quis
3387 970 3456 1027 ab

1848 1084 1915 1125 eo
1940 1068 2241 1126 recederet.
2269 1067 2396 1124 Haec
2416 1067 2678 1124 discimus
2704 1082 2769 1123 ex
2797 1074 3027 1123 tractatu
3050 1065 3239 1122 llilarii
3265 1075 3456 1121 contra

1848 1164 2178 1221 Auxentium
2208 1165 2413 1233 ipsum.
2445 1173 2608 1235 atque
2644 1179 2707 1217 ex
2738 1161 2858 1232 ejus
2890 1160 3131 1217 haeretici
3160 1159 3227 1216 ad
3256 1159 3458 1215 Valen-

1850 1256 2112 1313 tinianum
2167 1256 2385 1323 libello,
2435 1256 2579 1312 unde
2629 1256 2884 1311 Romanae
2912 1254 3039 1311 huic
3083 1253 3291 1325 synodo
3321 1252 3460 1309 scri-

1850 1360 2065 1422 putaque
2094 1351 2163 1407 ab
2206 1367 2271 1408 ea
2308 1351 2554 1421 epistola:
2586 1349 2770 1406 lumen
2810 1349 3041 1405 accedit.
3086 1347 3245 1403 Hisce
3275 1347 3458 1417 itaque

1848 1445 1917 1501 de
1969 1445 2130 1502 rebus
2184 1446 2418 1501 Damaso
2468 1444 2771 1502 retulerant
2821 1442 2958 1499 Galli
3015 1456 3078 1497 ac
3119 1438 3459 1497 Venelenses

1848 1540 2127 1611 episcopi,
2165 1555 2300 1612 quos
2331 1540 2475 1597 inter
2504 1538 2768 1595 Hilarium
2812 1537 3239 1602 Pictaviensem,
3282 1535 3467 1601 Euse-_

1848 1632 1994 1690 binm
2031 1632 2461 1700 Vercellensem,
2492 1632 2584 1704 qui
2614 1633 2683 1688 ab
2712 1630 2905 1689 exsilio
2941 1630 3111 1687 redux
3140 1643 3240 1700 per
3282 1626 3459 1700 Illyri-

1846 1741 1968 1782 cum
2015 1726 2287 1783 Niczenam
2336 1727 2497 1782 fidem
2541 1726 2872 1783 confirmans
2901 1724 3004 1781 iter
3034 1723 3238 1779 fecerat
3272 1720 3355 1795 (It)
3398 1737 3464 1779 ac

1778 1823 2207 1904 BPhilastrium
2261 1823 2602 1880 Brixiensem
2660 1826 2854 1879 merito
2909 1829 3197 1878 numerant
3262 1816 3465 1876 eruditi

1856 1922 1987 1985 viri,
2037 1934 2363 1992 quamquam
2392 1919 2581 1976 decem
2630 1917 2796 1974 fuisse
2843 1915 3130 1988 episcopos
3174 1914 3327 1981 illos,
3370 1910 3464 1983 qui

1856 2021 2042 2068 contra
2073 2011 2401 2067 Auxentium
2433 2009 2717 2067 Mediolani
2749 2009 3032 2080 congressi
3069 2015 3232 2075 sunt,
3265 2021 3335 2063 ex
3368 2020 3465 2061 eo-

1855 2105 1978 2161 dem
2005 2104 2211 2161 Hilario
2239 2113 2469 2161 constat.
2511 2103 2590 2158 Ex
2624 2103 2733 2158 illis
2756 2102 2915 2174 igitur
2950 2100 3294 2157 intellexerat
3323 2113 3459 2169 pon-

1858 2199 2009 2264 tifcx,
2044 2212 2166 2253 esse
2194 2198 2404 2267 aliquos
2427 2198 2566 2252 inter
2589 2195 2748 2267 primi
2775 2194 2983 2250 ordinis
3006 2192 3343 2257 sacerdotes,
3371 2191 3465 2262 qui

1856 2290 1971 2344 sive
1994 2306 2059 2344 ea:
2096 2290 2332 2356 inscitia,
2364 2290 2482 2346 sive
2512 2306 2575 2344 ea:
2610 2289 2943 2359 simplicitate
2967 2289 3144 2343 saevis
3170 2287 3279 2343 illis
3305 2286 3467 2341 inter-

1858 2383 2231 2454 pretationibus
2281 2398 2342 2437 ac
2383 2382 2632 2455 perversis
2674 2382 2904 2437 consiliis
2931 2391 3246 2449 restitantes,
3294 2380 3471 2436 luere-

1859 2489 1978 2532 rent
2010 2476 2152 2533 inter
2178 2476 2510 2532 Catholicam
2541 2475 2725 2545 fidem,
2758 2474 3122 2547 Arianamque
3163 2472 3469 2546 perfidiam.

1860 2571 2194 2628 Addideraut
2217 2574 2543 2628 Auxentium
2568 2587 2631 2628 ea
2652 2577 2923 2642 praecipue
2943 2570 3013 2627 de
3031 2586 3218 2637 causa,
3243 2568 3471 2625 damna-

1861 2674 1974 2720 tum
2020 2663 2226 2735 pridem
2267 2663 2477 2722 fuisse:
2512 2679 2702 2721 verum
2732 2679 2762 2719 a
2813 2663 3044 2720 Damaso
3091 2663 3472 2734 potissimum,

1859 2761 2098 2831 sedeque
2141 2760 2436 2832 apostolica
2482 2759 2716 2816 dandam
2758 2774 2883 2816 esse
2927 2772 3191 2830 operam,
3224 2771 3292 2813 ne
3322 2755 3476 2812 labes

1863 2854 1959 2910 illa
1988 2854 2148 2909 latius
2198 2864 2611 2925 propagaretur.
2660 2851 2809 2909 Hanc
2847 2852 2991 2909 enim
3038 2866 3141 2923 ego
3180 2862 3300 2905 esse
3345 2857 3478 2920 pulo

1862 2945 2057 3001 horum
2094 2945 2381 3001 verborum
2409 2945 2516 2999 vim
2545 2962 2557 2998 :
2590 2942 2825 3008 Denique
2864 2942 3179 2999 Auxentium
3209 2937 3472 2995 Mediola-

1864 3058 2072 3096 ueusem
2115 3040 2214 3096 hac
2256 3041 2515 3111 praecipue
2563 3055 2719 3095 causa
2763 3038 3071 3094 damnatum
3096 3052 3209 3092 esse
3248 3033 3477 3106 perscri-

1866 3136 2020 3203 bunt,
2052 3152 2172 3208 quae
2215 3136 2548 3192 obscuritate
2587 3136 2764 3205 aliqua
2807 3133 3058 3190 laborare
3103 3130 3385 3195 videntur;
3419 3136 3480 3185 ut

1789 3239 1836 3303 (ζ
1866 3245 2062 3301 nempe
2109 3230 2509 3298 intelligamus,
2553 3228 2816 3300 przcsulcs
2860 3226 2986 3283 illos
3027 3223 3477 3296 vigilantissimos

1875 3331 2184 3387 anteactas,
2229 3322 2423 3393 quibus
2453 3322 2560 3392 iam
2603 3322 2921 3393 perelrictus
2966 3320 3144 3377 fuerat
3182 3316 3484 3375 sententias

1875 3415 2106 3471 Ποιητιςο
2156 3427 2488 3471 memorasse
2507 3453 2524 3480 ,
2550 3428 2674 3470 eum
2704 3413 2759 3468 in
2807 3412 2965 3469 finem
2988 3453 3004 3479 ,
3034 3422 3089 3465 ιιι
3120 3409 3240 3466 illas
3269 3408 3484 3466 calculo

1875 3506 2038 3561 etiam
2076 3523 2175 3564 suo
2198 3505 2548 3562 confirmatas
2578 3504 2841 3561 Ecclesiis
2871 3502 3237 3571 denuntiaret,
3265 3518 3372 3576 quo
3401 3501 3487 3558 in-

1880 3599 2116 3654 fallibilis
2162 3608 2324 3670 atque
2367 3597 2771 3655 indeclinabilis
2796 3597 3133 3655 auctoritatis
3159 3596 3267 3652 vim
3297 3593 3487 3668 acqui-

1881 3702 2085 3757 rereut,
2114 3704 2277 3764 atque
2317 3693 2389 3747 ita
2439 3693 2624 3760 fieret,
2658 3701 2717 3747 ut
2745 3692 2835 3749 ille
2859 3691 3093 3763 amplius
3121 3705 3318 3746 nocere
3342 3686 3491 3744 desi-

1882 3797 2064 3851 neret;
2117 3788 2195 3844 sic
2247 3786 2385 3843 Galli
2439 3785 2602 3842 iidem
2665 3786 2909 3859 episcopi
2962 3784 3245 3856 superiore
3284 3782 3488 3839 sarculo

1881 3881 2214 3953 Stephanum
2268 3888 2598 3953 rogaverunt
2646 3890 2704 3936 ut
2769 3879 2979 3935 litteras
3028 3892 3126 3948 per
3180 3873 3489 3947 provincias

1883 3974 2176 4042 scriberet,
2210 3974 2407 4048 quibus
2448 3974 2780 4032 Marcianum
2809 3973 3183 4030 Arelatensem
3222 3971 3276 4025 in
3316 3968 3492 4025 Nova-

1887 4070 2069 4137 liano,
2117 4069 2275 4141 cujus
2326 4070 2653 4142 sequebatur
2702 4076 2921 4141 partes,
2965 4075 3021 4123 et
3052 4064 3334 4130 haeresim,
3373 4063 3487 4134 jam

1886 4162 2229 4232 damnatum,
2279 4173 2334 4220 et
2376 4174 2531 4219 extra
2585 4161 3024 4220 communionem
3076 4157 3312 4224 factum,
3355 4171 3385 4211 a
3428 4169 3491 4212 se

1886 4260 2047 4314 etiam
2074 4257 2287 4327 publice
2311 4256 2599 4313 abstentunt
2626 4264 2882 4311 constare
2908 4252 3162 4309 omnibus
3188 4256 3390 4321 posset,
3424 4263 3494 4305 ne

1888 4348 2091 4405 diutius
2128 4348 2508 4419 episcOporum
2552 4348 2769 4403 illorum
2817 4345 3051 4416 collegio
3089 4341 3387 4408 insultare,
3430 4355 3497 4399 ac

1888 4455 2107 4513 gregem
2135 4440 2338 4498 Christi
2381 4439 2647 4511 dissipare
2689 4448 2939 4510 pergeret
2978 4436 3077 4511 (i);
3122 4450 3285 4508 quam
3330 4433 3497 4491 etiam

1893 4535 1963 4589 ob
2011 4548 2228 4589 causam
2278 4532 2567 4599 Basilium,
2620 4543 2676 4589 ut
2720 4531 3039 4589 Eustathius
3084 4538 3141 4587 et
3171 4528 3501 4601 Apollinaris

192 4632 598 4703 pcrturbaretur
641 4629 733 4703 (f).
779 4627 892 4684 Hac
931 4628 1093 4699 igitur
1128 4628 1336 4684 ratione
1374 4626 1690 4681 ohlirmatus
1734 4625 1787 4681 in
1816 4641 1868 4703 υ
1896 4628 2107 4699 publice
2152 4643 2182 4682 a
2229 4628 2361 4684 sede
2397 4626 2692 4697 apostolica
2740 4624 2980 4682 damnati
3021 4624 3502 4694 denuntiareotur,

194 4726 417 4792 scelere,
450 4738 661 4796 magnae
684 4734 946 4794 praeterea
977 4720 1237 4777 Ecclesia:
1258 4719 1582 4775 auctoritate
1629 4731 1792 4791 atque

197 4820 536 4891 imperatoris
582 4816 835 4890 praesidio
879 4814 1071 4882 fultus,
1122 4813 1380 4871 Arianum
1430 4813 1582 4870 virus
1628 4812 1793 4869 latius

200 4925 511 4985 propagare,
547 4910 947 4984 Transpadana:
966 4925 1031 4966 ac
1066 4909 1301 4965 Venetite
1328 4908 1617 4979 episcopos
1646 4923 1674 4962 a
1706 4922 1797 4964 ca-

200 5007 390 5064 tholica
432 5008 697 5079 religione
738 5006 974 5063 avellere
1002 5013 1265 5072 emperat.
1298 5000 1434 5058 Cum
1462 5013 1642 5058 autem
1670 5001 1798 5058 Hie-

202 5113 457 5172 ronymus
482 5100 684 5155 scribat
706 5100 787 5173 (g)
817 5108 929 5170 post
952 5097 1193 5153 Auxentii
1215 5112 1380 5152 seram
1407 5104 1644 5162 mortem,
1676 5095 1800 5149 Am-

206 5191 367 5248 brosio
408 5195 651 5266 episcopo
697 5193 1002 5259 constituto,
1035 5205 1238 5246 onlnem
1284 5189 1351 5242 ad
1405 5187 1560 5258 [idem
1608 5198 1800 5243 rectam

208 5284 415 5342 Italiam
443 5303 743 5343 conuersam
769 5302 877 5343 esse
896 5324 913 5353 ,
944 5285 1101 5341 facile
1129 5282 1309 5353 colligi
1338 5289 1544 5351 potest,
1579 5280 1801 5351 impium

210 5377 308 5436 hoc
334 5381 579 5437 heretici
617 5380 853 5437 studium
900 5396 1006 5435 non
1037 5379 1232 5449 exiguo
1262 5375 1341 5432 rei
1382 5373 1664 5430 catholicae
1708 5390 1805 5447 per

284 5542 361 5611 (α)
388 5541 525 5609 Νυνὶ.
555 5542 619 5597 ad
648 5540 830 5597 Carm.
862 5555 940 5607 xi,
974 5553 1115 5594 vers.
1149 5537 1237 5602 ll,
1263 5545 1317 5593 et
1340 5534 1564 5593 dissert.
1596 5536 1685 5593 18.

286 5614 361 5685 (b)
405 5614 596 5685 Donat.
626 5615 720 5671 lib.
756 5629 843 5676 ιιι,
876 5628 997 5685 cap.
1029 5613 1085 5685 at,

312 5680 358 5741 cl
395 5683 580 5740 Carm.
611 5702 666 5741 ιιι
690 5701 755 5740 ex
781 5685 911 5740 edit.
943 5680 1015 5739 Cl.
1042 5680 1234 5737 Murat.

312 5703 335 5738 c
395 5690 580 5740 Carm.
611 5702 666 5741 ιιι
690 5701 755 5740 ex
781 5690 889 5740 edit

290 5690 370 5827 id)
412 5756 532 5812 Lib.
559 5771 616 5822 tt,
645 5773 764 5827 cap.
796 5756 889 5812 22.

299 5825 371 5899 (e)
410 5827 531 5884 Lib.
567 5843 639 5897 τι,
660 5825 779 5900 cap.
808 5829 899 5884 es.

1897 4726 2197 4797 postulasse
2225 4724 2457 4795 legimus
2486 4724 2557 4796 (j)
2584 4732 2742 4795 atque
2773 4721 2897 4778 hinc
2920 4731 3035 4778 tum
3061 4721 3181 4793 ejus
3201 4719 3507 4791 disciplinae

1897 4817 2304 4874 diuturnitatem
2352 4815 2767 4889 cognoscimus,
2817 4822 2930 4870 tum
2974 4828 3094 4871 eam
3140 4827 3306 4877 esse,
3343 4824 3508 4883 quam

1899 4912 2033 4978 dixi,
2057 4911 2373 4968 eorumdem
2402 4911 2690 4966 verborum
2716 4908 2847 4965 vim.
2876 4907 3147 4964 Damasus
3176 4907 3356 4976 itaque
3381 4917 3510 4974 syn-

1899 5006 2063 5063 odum
2092 5014 2387 5078 congregat
2420 5004 2522 5061 hoc
2551 5019 2696 5059 anno
2719 5018 2787 5060 ex
2833 5001 2906 5058 95
2931 5000 3203 5073 episcOpis
3236 4993 3512 5067 composi-

1904 5108 2035 5163 tam,
2065 5105 2177 5152 tum
2207 5107 2265 5152 ut
2288 5096 2409 5152 lata:
2438 5098 2585 5168 prius
2606 5095 2659 5152 in
2686 5094 3016 5152 Auxentium
3042 5090 3348 5156 sententiae,
3377 5096 3513 5144 rata

1903 5204 1935 5247 a
1974 5189 2105 5247 sede
2131 5188 2429 5261 apostolica
2472 5188 2823 5253 haberentur,
2858 5196 2970 5243 tum
3009 5194 3070 5243 ut
3112 5183 3327 5240 Nicaeus
3379 5176 3515 5234 fides

1906 5283 2348 5350 confirmaretur,
2389 5282 2649 5353 abrogato
2674 5279 3009 5338 Ariminensi
3057 5274 3312 5338 concilio,
3352 5282 3519 5342 atque

1909 5375 1983 5432 ita
2012 5376 2101 5448 qui
2127 5385 2316 5432 nutare
2357 5373 2409 5430 in
2442 5372 2580 5443 fide,
2612 5390 2674 5430 ac
2698 5391 2845 5430 secus
2871 5392 2933 5431 ac
2964 5371 3060 5426 Dei
3091 5365 3321 5425 convenit
3346 5378 3520 5420 sacer-

1987 5538 2062 5612 (Ῑ)
2102 5538 2291 5612 Hilam,
2318 5538 2415 5612 lib.
2437 5547 2615 5594 contr.
2638 5536 2874 5612 Auxent.
2901 5549 3051 5591 num.
3082 5533 3136 5587 7.

2111 5610 2313 5694 Chron.
2344 5610 2652 5694 a_d_au_n.“xt
2680 5608 2928 5694 Cranen;

2112 5682 2220 5765 Vit.
2244 5679 2656 5804 apudjlghell...
2682 5689 2814 5733 tom.
2843 5676 2932 5738 ιν,
2961 5689 3083 5747 pag.
3112 5674 3238 5759 759.

2022 5760 2059 5804 tl
2096 5752 2219 5804 Vid.
2275 5768 2503 5804 .vnrian.
2526 5788 2539 5804 .
2569 5757 2733 5804 emst.
2766 5747 2837 5803 68
2858 5788 2873 5804 .
2896 5742 3027 5802 Ver.
3051 5747 3183 5804 edtt.

2017 5686 2073 5755 It)
2112 5686 2220 5739 Vit.
2244 5686 2385 5807 aLpud
2414 5686 2656 5761 Ughell.,
2682 5689 2814 5733 tom.
2844 5686 2865 5732 ι

1993 5686 2059 5895 ἒ)
2096 5752 2219 5833 Vid.
2295 5753 2539 5837 ypriau...
2569 5757 2733 5817 epist.
2766 5747 2837 5803 68
2858 5788 2873 5813 ,

2052 5828 2070 5895 )
2099 5824 2222 5881 th.
2249 5833 2411 5896 epist.
2438 5821 2548 5876 2M
2570 5827 2625 5874 et
2643 5817 2770 5874 9.65.
2807 5851 2820 5892 τ
