3998 6346
502 225 599 298 tat

1687 240 2000 302 SANCTUS
2037 240 2367 301 DAIASUB
2403 239 2603 298 PAPA.
3673 239 3760 302 ibi

495 351 673 417 dotes,
719 351 925 410 sentire
967 353 1298 421 viderentur,
1321 367 1536 411 errores
1563 365 1693 414 suos
1735 355 2096 429 deponerent.
2125 367 2180 430 Α
2203 354 2529 412 Arianorum
2574 353 2960 424 antesignanos
2998 349 3222 405 damnat
3265 348 3406 406 nulla
3429 348 3495 405 de
3521 349 3760 409 Auxentio

497 444 613 502 lloc
649 461 782 503 vero
809 446 1023 504 abunde
1068 448 1368 519 praestitum
1399 448 1569 508 fuisse
1613 460 1829 508 constat
1869 466 1936 507 ex
1985 451 2102 523 ejus

496 537 565 594 ad
597 538 840 610 Illyricos
859 540 1116 610 epistola,
1157 557 1317 612 quam
1351 541 1727 599 Tlteotloretus
1751 556 1819 600 ac
1847 544 2105 600 Sozome-

499 645 600 684 nus
629 633 878 695 recitant,
915 632 1227 692 llolstenius
1265 645 1444 692 autem
1478 634 1720 692 Latinam
1749 650 1815 692 ac
1845 635 2102 708 primige-

499 723 640 778 niam
663 723 829 780 edidit

571 813 637 883 ll,
658 815 744 872 lll.
772 815 924 872 Nunc
945 832 1043 874 cur
1058 835 1177 876 eam
1199 835 1323 877 cum
1351 838 1544 893 magno
1574 824 1824 891 Baronio,
1853 823 2098 895 Sigonio,

499 905 724 964 Petavio
761 917 820 965 et
861 909 1146 969 Holstenio
1185 913 1291 970 hoc
1341 930 1486 970 anno
1531 928 1917 989 congregatam
1966 931 2103 974 cen-

491 1013 641 1054 seam
665 1039 681 1063 ,
713 1001 955 1058 rationes
984 1005 1174 1075 accipe
1200 1023 1213 1059 :
1248 1005 1307 1060 to
1341 1017 1557 1064 constat
1581 1025 1646 1064 ex
1679 1011 1946 1080 prooemio
1970 1009 2103 1066 Pre-

497 1102 620 1144 cum
665 1089 952 1160 Faustini,
1003 1110 1069 1151 ac
1114 1096 1449 1168 Marcellini,
1491 1101 1672 1156 nullos
1712 1102 1780 1158 ad
1829 1102 2100 1174 synodum

496 1187 820 1242 convenisse
845 1187 1132 1262 episcopos
1150 1231 1165 1258 ,
1193 1201 1481 1264 antequam
1513 1193 1741 1250 Ursinus
1766 1195 1962 1252 exsilio
1985 1195 2105 1267 pul-

496 1293 591 1332 sus
621 1288 787 1334 esset.
821 1279 917 1336 Ille
952 1292 1132 1338 autem
1163 1287 1398 1340 extorris
1440 1285 1734 1342 factus-est
1762 1287 1852 1345 die
1884 1289 1953 1344 16
1995 1286 2104 1344 No-

497 1370 736 1425 vembris
782 1387 927 1428 anno
958 1373 1083 1428 567.
1119 1374 1255 1430 Cum
1286 1384 1467 1432 autem
1511 1378 1772 1436 Damasus
1817 1379 1982 1436 rebus
2029 1379 2102 1435 ita

497 1461 698 1517 sedatis
727 1464 904 1534 potius
934 1481 1093 1536 quam
1123 1469 1441 1540 compositis
1465 1509 1480 1537 ,
1525 1472 1813 1543 episcopos
1839 1487 1906 1528 ex
1951 1471 2103 1528 Italia

497 1555 854 1622 cotivocasset
882 1573 978 1638 pro
1009 1561 1176 1616 natali
1209 1561 1570 1618 ordinationis
1600 1580 1713 1620 sua:
1746 1565 1866 1632 die,
1902 1567 1990 1637 qui
2021 1567 2105 1621 iu-

499 1648 718 1706 cidebat
776 1651 828 1708 in
883 1650 1131 1709 kalendis
1184 1654 1437 1714 Octobris
1489 1660 1880 1732 subsequentis
1931 1662 2101 1727 anni,

2209 446 2561 518 inquisitione
2605 445 2782 512 facta,
2836 441 3135 514 scribitque
3179 440 3247 496 de
3290 440 3372 495 his
3412 443 3542 498 actis
3592 459 3650 498 ac
3683 444 3766 502 de-

2205 544 2371 598 cretis
2408 541 2699 614 synodicas
2721 540 2950 596 litteras.
2973 537 3172 594 Censet
3211 545 3389 592 autem
3420 535 3604 607 Pagius
3641 537 3768 594 litte—

2209 648 2296 690 ras
2323 644 2449 690 tunc
2473 635 2709 704 scriptas
2738 633 2807 688 ab
2835 647 2898 689 ea
2943 630 3152 703 synodo
3191 643 3282 685 eas
3321 629 3460 699 ipsas
3485 644 3628 696 esse,
3650 646 3768 700 quas

2207 729 2564 798 episcoporum
2607 726 2811 792 Italica,
2841 725 3090 791 nomine,
3129 723 3374 796 fratribus
3410 738 3498 796 per
3523 723 3768 794 lllyricutn

2205 831 2470 892 paternam
2496 820 2650 890 fidem
2677 817 3017 875 retinentibus
3044 817 3327 886 inscriptas
3351 815 3576 872 Hilarius
3601 816 3771 872 recitat

2205 913 2261 969 in
2292 899 2628 986 Fragmentis
2659 915 2762 983 (ά).
2796 913 2932 969 Tum
2975 927 3109 968 vero
3139 909 3490 966 Athanasium
3531 909 3594 964 iis
3637 908 3773 965 lectis

2205 1007 2472 1080 synodum
2499 1007 2844 1065 Alexandriae
2869 1019 3230 1078 congregasse
3247 1043 3265 1071 ,
3291 1019 3358 1059 ex
3389 1019 3490 1074 qua
3511 1001 3770 1072 epistolam

2209 1109 2320 1155 tum
2347 1100 2414 1156 ad
2445 1099 2608 1156 Afros
2644 1100 2892 1172 scripsit,
2924 1107 2986 1155 ut
3013 1113 3110 1154 eos
3137 1106 3330 1154 contra
3352 1096 3660 1152 Arianorum
3687 1093 3773 1148 lal-

2207 1191 2375 1248 lacias
2427 1193 2752 1261 instrueret,
2801 1202 2916 1248 tum
2971 1192 3135 1248 etiam
3190 1190 3454 1252 Damaso,
3501 1197 3556 1242 ut
3595 1185 3776 1258 gratias

2206 1284 2310 1356 ipsi
2340 1294 2564 1358 ageret,
2594 1285 2737 1357 quod
2759 1283 3043 1342 Ursacium
3070 1291 3127 1339 et
3155 1282 3436 1339 Valentem
3465 1279 3530 1334 ab
3557 1277 3776 1334 Ecclesia

2207 1377 2458 1446 ejecisset
2477 1419 2489 1440 .
2519 1387 2874 1447 moneretque
2902 1387 3190 1448 praeterea,
3223 1385 3280 1428 ut
3310 1373 3500 1431 eodem
3525 1370 3642 1440 jure
3666 1384 3777 1424 con-

2209 1480 2288 1524 tra
2317 1471 2645 1527 Auxentium
2697 1478 2986 1526 uteretur:
3032 1468 3321 1523 Damasum
3368 1479 3497 1520 vero
3527 1461 3777 1518 Athanasii

2206 1573 2372 1633 atque
2396 1563 2780 1619 Alexandrina:
2818 1561 3010 1633 synodi
3039 1559 3259 1615 monitis
3299 1558 3582 1612 excitatum
3604 1596 3619 1622 ,
3653 1567 3777 1608 anno

2209 1657 2316 1714 570
2341 1666 2434 1712 aut
2479 1657 2643 1712 etiam
2686 1655 2860 1711 serius
2884 1696 2899 1720 ,
2933 1653 3225 1709 concilium
3259 1649 3388 1706 illud
3415 1650 3485 1705 9'5
3527 1647 3780 1717 episcotio-

498 1757 731 1814 cumque
759 1745 830 1813 ii,
862 1747 952 1818 qui
991 1761 1394 1817 convenerant,
1429 1753 1482 1806 in
1520 1755 1786 1826 synodum
1818 1756 1968 1811 coire
2005 1771 2106 1812 no-
2136 1769 2185 1829 B
2212 1767 2330 1805 rum
2369 1750 2615 1822 coegiSSe
2639 1790 2654 1814 .
2683 1749 2738 1804 in
2779 1761 2889 1819 quo
2917 1748 3220 1804 Αυκεηὶῑυε
3266 1743 3650 1800 οοῐιάθηὶηλιιιδ
3673 1746 3779 1805 εει.

499 1835 764 1904 luissent,
800 1839 914 1910 jatn
961 1841 1130 1912 liquet
1161 1855 1285 1898 ante
1327 1845 1469 1900 hunc
1498 1863 1698 1902 annum
1720 1889 1735 1914 ,
1769 1849 1975 1902 nullum
2011 1850 2103 1904 Ita-

499 1927 668 1984 bitum
699 1931 801 1986 suh
835 1931 1064 1990 Damaso
1095 1937 1411 1992 concilium.
1448 1938 1530 1994 En
1572 1941 1736 1994 verba
1769 1941 2105 1998 schismatici

499 2020 822 2089 scriptoris:
855 2025 992 2095 quod
1035 2029 1230 2097 factum
1273 2031 1690 2086 crudelissimum
1731 2033 1866 2104 (agit
1908 2033 1997 2090 hic
2037 2033 2107 2090 de

499 2111 732 2168 tumultu
763 2114 829 2169 ad
881 2115 940 2172 S.
968 2117 1258 2192 Agnetem)
1311 2122 1465 2177 nimis
1504 2125 1760 2195 episcOpis
1792 2124 1968 2181 Italia:
1995 2127 2106 2181 dis-

499 2207 718 2280 plicebat
743 2248 760 2276 ,
787 2226 917 2280 quos
956 2212 1108 2266 etiam
1143 2229 1257 2267 cum
1295 2214 1364 2268 ad
1399 2218 1573 2272 natale
1617 2234 1768 2272 suum
1808 2219 2107 2274 solemniter

500 2301 794 2369 invitasset,
847 2312 892 2356 et
935 2306 1176 2359 nonnulli
1220 2308 1570 2364 convenissent
1611 2326 1676 2364 ea;
1717 2311 1830 2380 eis,
1871 2313 2107 2380 precibus

495 2395 636 2464 apud
664 2411 751 2449 eos
782 2396 1023 2463 molitur,
1055 2408 1101 2452 et
1135 2401 1299 2465 pretio
1320 2442 1332 2465 ,
1365 2410 1420 2454 ut
1447 2404 1750 2457 sententiam
1777 2405 1830 2458 in
1857 2403 2106 2460 Ursinum

500 2492 800 2561 proferant,
831 2491 917 2561 qui
947 2491 1323 2561 responderunt
1353 2507 1374 2548 :
1408 2492 1520 2548 Nos
1558 2495 1626 2549 ad
1657 2496 1828 2550 natale
1868 2499 2110 2552 conveni-

501 2598 644 2650 mus,
681 2600 781 2637 non
809 2595 862 2638 ut
891 2584 1182 2639 inauditum
1213 2593 1531 2642 damnentur.
1565 2589 1725 2646 Nulla
1758 2607 1885 2647 vero
1907 2603 1988 2648 est
2019 2608 2110 2648 so-

501 2673 608 2728 lida
647 2678 823 2742 ratio,
867 2692 965 2732 cur
1007 2679 1232 2734 allatum
1275 2679 1646 2736 testimonium
1694 2683 1796 2737 hac
1854 2683 1908 2737 in
1956 2693 2108 2754 parte

501 2765 888 2836 repudiemus,
923 2770 1009 2824 cui
1045 2779 1306 2840 praeterea
1354 2773 1512 2828 iidem
1545 2773 1872 2842 adstruunt,
1908 2776 2106 2830 tumul-

503 2865 587 2910 tus
611 2899 625 2925 ,
657 2857 957 2916 seditiones
980 2903 994 2929 ,
1025 2878 1089 2918 ac
1128 2864 1310 2920 t-tedes
1336 2907 1350 2930 ,
1381 2867 1576 2935 quibus
1619 2876 1730 2922 tum
1776 2867 2064 2923 Damasum
2090 2909 2106 2936 ,

2211 1855 2267 1900 et
2295 1860 2520 1900 munere
2561 1859 2626 1899 ac
2663 1842 2922 1913 dignitate
2969 1839 3236 1912 dejectus.
3271 1835 3386 1895 Hoc
3427 1844 3664 1892 constare
3699 1847 3783 1903 pu-

2215 1946 2322 1992 tant
2356 1951 2428 1992 ex
2476 1935 2578 1990 alia
2630 1933 2875 2005 ejusdem
2909 1933 3190 1988 Athanasii
3226 1930 3459 2003 epistola
3485 1928 3549 1983 ad
3595 1923 3784 1996 Epicte-

2215 2043 2365 2099 tum,
2415 2047 2577 2102 qnam
2625 2031 2797 2086 altera
2845 2029 3203 2102 posteriorem
3249 2027 3515 2082 censent:
3551 2020 3620 2076 ait
3660 2016 3781 2074 enim

2213 2128 2279 2182 ad
2315 2127 2472 2182 Afros
2503 2125 2750 2182 scribens
2776 2142 2790 2178 :
2827 2123 2969 2180 Satis
2998 2122 3202 2192 quidem
3229 2130 3380 2188 sunt,
3409 2133 3520 2190 qua:
3565 2131 3594 2167 a
3626 2112 3784 2166 dilecto

2212 2231 2261 2275 et
2288 2220 2640 2274 contministro
2667 2228 2840 2272 nostro
2867 2216 3093 2271 Damaso
3119 2229 3322 2285 magme
3344 2211 3522 2268 Romw
3543 2208 3782 2279 episcopo,

2215 2330 2283 2370 ET
2315 2331 2347 2369 A
2391 2329 2496 2369 τοτ
2527 2327 2791 2368 ertscorts
2835 2328 2940 2365 una
2967 2327 3082 2365 cum
3111 2307 3204 2363 illo
3237 2307 3428 2362 coactis
3454 2347 3469 2371 ,
3509 2319 3594 2357 nec
3639 2299 3784 2353 minus

2214 2424 2275 2462 ea
2295 2450 2307 2466 .
2340 2422 2453 2476 qua:
2481 2405 2543 2459 ob
2574 2405 2690 2460 aliis
2720 2404 2932 2476 synodis
2957 2404 3010 2456 in
3041 2401 3215 2456 Gallia
3243 2442 3258 2468 ,
3289 2410 3340 2456 et
3372 2397 3528 2453 Italia
3554 2389 3785 2449 celebratis

2211 2494 2410 2574 scripta
2451 2510 2569 2556 sunt
2609 2499 2674 2554 de
2717 2515 2848 2553 sana
2911 2508 2957 2553 et
3002 2495 3298 2553 orthodoxa
3335 2495 3482 2564 ﬁde;
3530 2501 3634 2546 tum
3674 2498 3786 2587 vero

2213 2610 2335 2666 cap.
2369 2591 2432 2662 9,
2467 2595 2583 2648 hmo
2612 2591 2801 2648 addit:
2839 2590 2929 2648 Sic
2956 2605 3048 2645 nos
3089 2590 3250 2662 igitur
3280 2585 3450 2655 affecti
3495 2594 3606 2638 cum
3643 2585 3782 2633 conti—

2213 2690 2368 2757 gisset
2397 2701 2490 2740 nos
2535 2685 2589 2738 in
2620 2700 2776 2738 unum
2821 2683 3090 2737 convenire
3114 2723 3128 2746 ,
3169 2682 3370 2734 litteras
3399 2689 3588 2746 quoque
3624 2668 3785 2724 dilecto

2215 2791 2392 2834 nostro
2445 2777 2669 2832 Damaso
2719 2794 2920 2848 magna:
2973 2775 3151 2833 Roma:
3195 2775 3436 2847 episcopo
3482 2768 3696 2824 misimus
3737 2759 3788 2813 de

2215 2872 2508 2937 Auxentio,
2547 2871 2636 2940 qui
2681 2869 3116 2923 Mediolanensem
3157 2867 3346 2920 invasit
3387 2861 3674 2924 ecclesiam,
3717 2869 3792 2907 clt-

505 2958 616 3004 tmn
668 2949 869 3008 Urbem
908 2952 1079 3023 ipsam
1125 2971 1270 3010 anno
1311 2957 1496 3027 elapso
1544 2960 1795 3028 agitatam
1833 2959 2002 3014 luisse
2046 2959 2110 3012 li-
2207 2968 2300 3038 jus
2329 2967 2409 3021 illi
2441 2977 2582 3038 gesta
2611 2966 2979 3031 narravimus,
3019 2977 3139 3018 eum
3165 2975 3348 3033 nempe
3402 2951 3673 3013 nonmodo
3693 2959 3791 3050 esse

499 3049 651 3112 quet.
681 3042 746 3098 2ο
777 3043 1001 3100 Accedit
1047 3048 1343 3102 auctoritas
1398 3049 1687 3104 Sozomeni
1713 3092 1728 3116 ,
1780 3049 1873 3120 qui
1916 3048 2107 3104 Patres
2216 3062 2428 3114 Ariana-
2457 3063 2706 3114 ltwreseos
2734 3069 3066 3122 sectatorem,
3095 3055 3185 3112 sed
3224 3057 3381 3110 etiam
3422 3049 3590 3105 multis
3615 3042 3792 3141 sceleri-

500 3135 566 3190 ad
593 3136 858 3210 synodum
889 3140 1216 3196 convenisse
1246 3141 1464 3206 scribit,
1494 3158 1758 3213 Oppresso
1781 3142 1892 3213 jam
1935 3157 2100 3213 opera
2129 3154 2176 3217 ρ
2212 3152 2306 3222 tm;
2334 3151 2644 3214 obnoxium,
2672 3166 2788 3222 qua:
2811 3166 2927 3204 cum
2961 3149 3211 3220 Gregorio
3239 3142 3521 3216 impietatis
3546 3152 3648 3194 suis
3673 3146 3790 3189 socio

499 3229 742 3302 praefecti
786 3229 945 3288 Urbis
986 3233 1169 3290 Ursini
1213 3237 1543 3304 schismate,
1577 3238 1718 3307 quod
1753 3240 1838 3291 vix
1869 3238 2102 3293 obtineri

499 3326 674 3396 potuit
725 3342 869 3381 anno
913 3325 1018 3384 367
1062 3327 1175 3400 jam
1224 3329 1485 3398 labente,
1540 3342 1594 3385 ut
1651 3330 1903 3386 vidimus.
1949 3331 2106 3386 Tunc

496 3417 642 3472 enim
670 3415 954 3475 dumtaxat
977 3436 1039 3476 ae
1071 3429 1354 3493 postquam
1384 3427 1538 3494 quies
1571 3423 1701 3482 Urbi
1723 3427 1970 3480 restituta
1998 3435 2104 3491 est,

496 3496 738 3581 episeopi
766 3527 834 3566 ex
865 3512 1049 3568 multis
1076 3516 1372 3585 provinciis
1416 3515 1644 3571 Romam
1690 3527 2103 3588 convenerunt,

498 3609 553 3655 et
603 3601 934 3658 Auxentium
970 3620 1175 3676 eosque
1197 3648 1210 3670 ,
1240 3609 1331 3678 qui
1361 3608 1503 3663 idem
1526 3624 1648 3664 cum
1680 3610 1775 3666 illo
1801 3612 2106 3680 sentirent,

503 3691 715 3748 alienos
759 3709 882 3751 esse
925 3712 956 3749 a
1005 3701 1389 3756 contmunione
1441 3717 1537 3757 sua
1588 3703 1951 3760 decreverunt
2002 3705 2104 3778 (ὁ).

499 3785 727 3844 Constat
758 3788 942 3860 itaque
972 3792 1024 3847 in
1053 3806 1148 3860 ea,
1182 3809 1300 3864 quae
1329 3803 1453 3866 post
1482 3795 1718 3850 scliisma
1749 3812 2065 3868 oppressum
2085 3839 2104 3868 ,

507 3880 718 3954 synodo
747 3885 979 3954 primum
1011 3894 1198 3941 coacta
1226 3897 1343 3953 est,
1372 3889 1686 3945 damnatum
1730 3891 2061 3948 Auxentium
2087 3910 2103 3960 ;

499 3973 594 4029 sed
623 3989 886 4045 oppresso
931 3979 1248 4046 schismate,
1280 3995 1386 4036 non
1420 3981 1566 4036 illico
1583 3991 1771 4038 coacta
1793 3983 1965 4040 videri
2010 4001 2106 4056 po-

498 4078 622 4124 test.
662 4055 796 4126 Nam
844 4085 963 4142 post
1007 4085 1263 4144 acceptas
1308 4076 1587 4132 Gallorum
1617 4093 1679 4133 ac
1709 4077 2103 4136 Venetensium

489 4165 823 4234 relationes,
875 4167 1139 4224 Damasus
1193 4170 1380 4227 habuit
1431 4188 1568 4243 Opus
1616 4175 1797 4246 aliquo
1839 4175 2104 4246 temporis

439 4312 442 4316 ,
487 4258 705 4327 Spatio,
739 4266 796 4313 ut
833 4259 1168 4318 deliberaret
1231 4279 1293 4319 ac
1335 4275 1636 4332 statueret,
1689 4284 1816 4322 num
1860 4269 2105 4340 synodus

489 4353 873 4422 Congreganda
924 4365 1103 4421 esset,
1134 4366 1193 4410 ut
1246 4355 1395 4414 illam
1441 4358 1638 4415 deinde
1689 4361 1990 4429 indiceret,
2040 4378 2104 4419 ac

490 4441 708 4500 demum
743 4457 798 4500 ut
832 4456 910 4503 tot
938 4451 1226 4522 episcopos
1256 4469 1323 4508 cx
1364 4453 1592 4510 diversis
1626 4455 1792 4512 Italia:
1822 4466 1877 4512 et
1907 4455 2100 4513 Gallia:

2212 3245 2558 3316 perpetravit,
2592 3258 2796 3309 uosque
2843 3257 3028 3298 ninam
3077 3256 3181 3296 cun
3226 3252 3449 3295 noaouu
3495 3238 3787 3290 DBPOSITDS,

2213 3355 2282 3396 ετ
2320 3356 2386 3396 ss
2434 3355 2690 3396 ECCLESIA
2736 3350 2970 3394 saec-ros
3019 3351 3102 3392 sn'
3129 3373 3144 3400 ,
3203 3336 3505 3407 gratiasque
3553 3321 3791 3380 retulimus

2213 3438 2328 3508 ejus
2377 3437 2586 3508 pietati,
2620 3450 2818 3488 necnon
2848 3433 2934 3499 iis,
2969 3431 3056 3502 qui
3095 3432 3148 3484 in
3192 3443 3438 3502 magnam
3470 3419 3792 3521 Urbemconr

2211 3538 2486 3596 venerant,
2513 3529 2650 3598 quod
2678 3525 2898 3584 Ursacio
2917 3567 2932 3592 ,
2955 3535 3000 3580 et
3034 3522 3250 3578 Valente
3271 3563 3288 3590 ,
3321 3520 3570 3588 aliisque.
3595 3518 3674 3581 συί
3694 3518 3790 3609 ξω

2213 3622 2320 3678 illis
2351 3625 2592 3676 sentirent
2619 3662 2634 3686 ,
2663 3621 2840 3691 ejectis
2859 3661 2874 3685 ,
2905 3617 3174 3672 catholica
3204 3612 3458 3670 Ecclesia:
3497 3602 3792 3662 concoriitmt

2213 3722 2518 3770 servassent.
2548 3715 2619 3769 At
2653 3713 2912 3767 damnato
2954 3711 3164 3766 interea
3197 3704 3472 3764 Auxentio
3503 3715 3594 3773 per
3624 3696 3792 3750 Dama-

2214 3823 2336 3864 sum
2355 3849 2371 3874 ,
2401 3807 2811 3878 Romanamque
2839 3804 3104 3878 synodum
3127 3845 3144 3871 ,
3175 3802 3321 3858 idem
3357 3791 3672 3856 Athanasius
3696 3786 3792 3840 huic

2219 3903 2286 3956 ad
2320 3901 2629 3972 Epictetqu
2658 3899 2878 3971 scripsit
2907 3915 2921 3952 :
2954 3896 3260 3953 Arbitrabar
3291 3893 3524 3964 equidem
3553 3883 3789 3986 omnium,

2213 3993 2304 4064 qui
2339 4009 2583 4064 umquam
2630 3994 2798 4063 fuere,
2829 3989 3186 4046 ha’reticorunt
3229 4003 3419 4043 vanam
3463 3982 3791 4078 loquacitatth

2216 4105 2248 4142 a
2287 4085 2504 4142 Nicena
2545 4087 2746 4159 synodo
2785 4102 3133 4155 compressam
3165 4085 3376 4156 fuisse:
3409 4095 3528 4136 nam
3557 4087 3661 4144 qua:
3700 4065 3792 4121 illic

2211 4198 2244 4236 a
2277 4181 2522 4237 Pati-ibus
2549 4181 2875 4254 promulgata
2917 4180 3044 4249 ﬁdes
3086 4191 3156 4235 est
3181 4220 3195 4244 ,
3243 4180 3314 4234 ad
3371 4177 3671 4244 impietatem
3698 4175 3792 4214 om-
3867 4179 3877 4192 ι

2214 4291 2332 4330 nem
2375 4273 2741 4330 advertendum
2767 4274 3004 4346 sufﬁcit;
3031 4272 3365 4345 quamobrem
3407 4282 3524 4323 cum
3551 4265 3641 4318 hoc
3685 4265 3792 4310 tent-

2210 4385 2338 4439 pore
2365 4369 2522 4424 varia:
2547 4369 2733 4442 synodi
2762 4387 2852 4437 per
2882 4368 3141 4436 Galliam,
3178 4366 3472 4440 Hispanias
3491 4405 3508 4427 ,
3537 4367 3582 4416 et
3616 4360 3792 4445 magiae

2210 4459 2394 4516 Romae
2433 4462 2702 4517 celebrata:
2729 4471 2882 4528 sunt,
2914 4472 3159 4531 quotquot
3189 4477 3248 4515 eo
3277 4468 3556 4515 convenere
3575 4491 3590 4516 ,
3619 4460 3697 4503 eos
3719 4453 3792 4507 tl!“

492 4535 740 4606 partibus’
777 4551 1038 4597 evocaret
1067 4561 1082 4598 ε
1115 4543 1225 4599 illis
1261 4560 1388 4600 vero
1435 4545 1762 4619 indulgentia
1795 4559 1912 4604 erat
1945 4565 2099 4605 mora
2123 4561 2178 4624 Β
2205 4554 2361 4608 etiam
2387 4570 2511 4609 num
2539 4554 2755 4608 latenter
2783 4554 3019 4610 Ineresim
3055 4553 3267 4624 sapiunt
3301 4551 3546 4608 Arianam
3566 4585 3581 4612 ,
3611 4545 3791 4596 AUXBN‘

490 4628 702 4698 aliqua,
737 4647 837 4699 qua
881 4648 941 4688 se
987 4634 1163 4689 itineri
1217 4651 1407 4706 parare
1454 4647 1716 4708 possent,
1761 4650 1924 4711 atque
1971 4653 2026 4696 ut
2069 4659 2100 4699 e

486 4720 796 4794 longinquis
827 4727 1071 4794 partibus
1110 4727 1296 4784 Romm
1327 4732 1634 4800 praestituto
1662 4731 1751 4787 die
1795 4734 2096 4804 adessent,

485 4817 686 4900 quibus
713 4821 965 4876 omnibus
995 4821 1349 4880 conﬁciendis
1389 4826 1660 4898 integrum
1702 4829 1832 4884 anni
1864 4830 2096 4900 spatium

488 4896 580 4968 vix
605 4912 823 4985 longum
850 4915 1020 4970 videri
1051 4917 1271 4987 poterit.

559 5004 687 5062 Scio
715 5006 843 5062 viris
873 5005 1199 5064 doctissimis
1226 5010 1398 5083 magis
1429 5012 1676 5082 placere,
1708 5023 1766 5070 ut
1805 5015 2048 5088 synodus
2072 5058 2090 5085 ,

486 5115 592 5173 qua
625 5102 926 5158 Auxentius
970 5101 1260 5160 damnatus
1303 5117 1386 5162 est
1413 5148 1428 5174 ,
1467 5123 1609 5164 anno
1640 5111 1780 5178 570,
1807 5122 1902 5168 aut
1928 5113 2092 5188 etiam

487 5193 692 5261 serius,
725 5210 790 5251 ac
812 5237 828 5264 ,
857 5205 915 5250 ut
945 5195 1144 5268 Pagius
1171 5198 1248 5253 ait
1277 5197 1352 5271 (c)
1372 5242 1387 5267 ,
1419 5216 1564 5256 anno
1584 5201 1692 5257 572
1721 5205 2096 5277 eonsignetur.

487 5284 580 5344 Sic
611 5304 740 5345 vero
762 5306 878 5346 rem
923 5300 1168 5348 statuunt
1206 5310 1218 5346 :
1252 5293 1512 5350 Damasus
1537 5311 1682 5352 anno
1719 5295 1824 5354 567
1861 5307 1954 5353 aut
1990 5299 2096 5355 568

486 5385 758 5456 synodum
787 5397 1112 5460 congregat,
1146 5405 1249 5458 qua
1273 5390 1558 5445 conﬁrmat
1585 5391 1862 5448 Nicmnam
1897 5393 2092 5463 ﬁdem,

488 5475 670 5547 lapsos
706 5481 1106 5550 persecutionis
1133 5491 1376 5552 tempore
1402 5483 1716 5540 sacerdotes
1754 5484 1821 5541 ad
1847 5485 2092 5542 ofﬁcium

491 5585 710 5631 revocat
741 5617 757 5642 ,
813 5575 1098 5634 Ursacinm
1129 5615 1144 5646 ,
1203 5586 1259 5634 et
1313 5575 1600 5637 Valentem
1653 5580 2086 5640 Occidentalium

489 5720 495 5726 '
565 5714 641 5790 (ᾳ)
667 5715 894 5790 ςοιιθοι.
917 5718 1172 5790 Romam,
1197 5734 1252 5790 ρ.
1281 5718 1330 5776 i.

565 5787 641 5860 (ὁ)
671 5787 885 5846 Sozom.
905 5826 923 5858 ,
945 5789 1041 5848 lib.
1076 5787 1164 5863 vr,
1193 5787 1315 5864 esp.
1341 5789 1434 5849 93.

2212 4663 2344 4704 'rtun
2365 4665 2546 4720 nempe
2566 4689 2581 4716 ,
2617 4647 2921 4716 Ursacium,
2952 4647 3218 4704 Valentem
3239 4689 3254 4714 ,
3286 4657 3334 4704 et
3365 4643 3542 4702 Caium
3573 4651 3632 4693 ea:
3671 4631 3792 4686 Pan-

2211 4745 2368 4799 nonia
2393 4785 2406 4811 ,
2437 4744 2696 4799 communi
2723 4743 2925 4799 calculo
2955 4742 3286 4798 damnarunt.

2283 4837 2355 4890 At
2397 4851 2622 4906 vereor,
2669 4851 2739 4892 ne
2787 4837 2902 4891 hcce
2953 4836 3140 4908 Pagii,
3186 4835 3533 4902 aliorumque
3574 4824 3786 4881 virorum

2207 4929 2654 4984 doctissimorum
2701 4928 2970 4986 sententia
3026 4928 3096 4985 de
3145 4927 3347 4999 duplici
3399 4925 3504 4980 hac
3558 4911 3784 5017 synGdfiv

2205 5042 2436 5097 quarum
2484 5025 2635 5097 prior
2676 5025 2959 5082 Ursacium
3000 5035 3054 5080 et
3102 5025 3384 5080 Valentem
3431 5015 3786 5074 damnaverit,

2206 5119 2539 5176 Auxentium
2555 5134 2662 5174 non
2676 5119 2936 5190 attigerit,
2952 5120 3121 5174 altera
3135 5134 3268 5174 vero
3285 5117 3430 5171 hunc
3446 5112 3601 5168 etiam
3619 5100 3784 5206 eadem

2205 5232 2365 5288 pinna
2409 5215 2829 5288 perstrinxerit,
2877 5217 3180 5287 exeogitata
3223 5214 3397 5284 magis
3442 5224 3510 5267 ex
3559 5205 3784 5274 ingenio,

2202 5327 2364 5382 quam
2409 5325 2536 5366 vera
2577 5308 2668 5364 sit.
2706 5307 2896 5381 Neque
2945 5311 3088 5364 enim
3122 5307 3228 5362 ulla
3279 5313 3407 5360 ante
3437 5301 3578 5358 hunc
3605 5298 3783 5382 anitum

2206 5381 2304 5459 aut
2338 5403 2522 5459 habita
2550 5419 2580 5457 a
2633 5403 2864 5457 Damaso
2897 5401 3138 5474 synodus
3168 5409 3279 5466 est,
3323 5406 3386 5453 ut
3427 5393 3673 5486 dixi,aut
3699 5381 3784 5435 har

2198 5493 2317 5552 beri
2345 5495 2506 5550 facile
2540 5495 2750 5564 potuit,
2784 5502 2936 5550 tanto
2962 5493 3264 5565 pmsertim
3307 5498 3536 5544 numero

2199 5601 2424 5658 porum,
2457 5597 2589 5658 quot
2629 5586 2682 5642 in
2712 5586 2801 5642 illa
2843 5585 3152 5642 adfuerunt.
3187 5581 3431 5656 Epistola
3459 5587 3638 5635 autem
3663 5565 3778 5628 illa.

2275 5721 2350 5866 ξε)
2378 5721 2459 5778 Ad
2490 5739 2619 5778 ann.
2644 5723 2752 5808 369
2770 5766 2786 5791 ,
2819 5741 2874 5780 η.
2899 5725 2933 5782 5
2954 5733 3011 5782 et
3033 5723 3089 5781 6.

2297 5795 2356 5866 ά)
2385 5792 2602 5866 Fragm.
2632 5811 2708 5853 xu
2728 5805 2881 5866 juxta
2909 5796 3034 5854 Ver.
3061 5813 3089 5855 e

2297 5792 2356 5866 ά)
2385 5792 2602 5866 Fragm.
2632 5811 2708 5853 xu
2728 5797 2881 5868 juxta
2909 5796 3034 5854 Ver.
3061 5796 3193 5855 edit.
