3998 6346
259 277 336 339 us
512 234 519 241 ’
1560 262 1838 335 usuusu

1948 273 2103 332 ENA.
3425 276 3528 338 154

250 407 343 464 qua:
370 390 655 448 Fratribus
680 408 771 465 per
797 392 1069 465 Illyricum
1090 403 1358 463 paternam
1386 394 1538 465 (idem
1560 393 1824 448 retinenti-
1850 406 1900 470 Α
1930 390 2188 443 incubare
2221 390 2621 458 permitteretur
2672 390 2753 444 vir
2782 389 2940 460 plane
2969 388 3164 461 dignus
3190 432 3204 458 ,
3237 391 3331 462 qui
3373 392 3524 448 thro-

251 486 323 541 bus
342 484 589 557 inscripta
614 496 708 552 est,
737 497 790 541 et
812 502 971 558 quam
994 486 1189 557 Pagius
1215 487 1282 542 ad
1309 502 1427 542 eam
1452 485 1664 542 Damasi
1695 500 1752 557 sy
1764 502 1823 539 n-

252 576 387 632 odum
436 587 695 646 revocat,
745 594 904 648 quam
953 578 1185 649 primam
1231 579 1457 643 statuit,
1513 578 1579 634 ad
1621 577 1824 633 Liberii

249 669 605 726 Pontiﬁcatum
654 671 925 741 pertinere
972 673 1204 743 probant
1259 672 1359 726 BB.
1410 672 1581 727 sancti
1632 669 1824 725 Hilarii

249 779 453 833 Operunt
483 764 756 828 editores;
787 765 880 819 sed
912 765 1055 836 quod
1094 767 1312 835 gravius
1339 772 1458 830 est,
1491 764 1580 819 illa
1612 765 1728 833 ipsa
1757 763 1825 817 ad

248 856 377 927 .ljros
418 856 690 927 epistolaj,
747 861 900 927 cujus
949 857 1244 914 auctoritas
1298 857 1638 923 05tenditnr,
1690 856 1827 911 duas

247 947 346 1004 illas
370 949 614 1021 synodos
643 955 842 1005 evertit
870 950 1054 1021 potius
1074 965 1235 1021 quam
1268 949 1515 1005 adstruat
1539 968 1553 1006 :
1588 949 1827 1004 Athana-

249 1042 318 1096 sio
362 1043 509 1098 enim
541 1058 608 1097 eo
642 1042 795 1110 loco,
849 1059 953 1099 una
1007 1044 1309 1114 eademque
1357 1045 1585 1101 collecta
1639 1044 1827 1099 Roma:

247 1136 474 1205 synodus
516 1145 597 1190 est
626 1177 641 1201 ,
687 1152 788 1207 qua
837 1137 1100 1193 Damasus
1144 1137 1420 1193 Nicaenam
1488 1138 1829 1194 conﬁrmavit

246 1228 411 1297 tidem,
443 1246 565 1298 qua:
597 1229 849 1286 Ecclesia:
877 1231 1157 1288 catholicae
1177 1232 1524 1289 concordiam
1553 1235 1827 1298 servavit,

244 1339 348 1395 qua:
391 1322 686 1380 Ursarium
721 1333 774 1379 et
804 1323 1079 1381 Valentem
1100 1366 1117 1393 ,
1147 1326 1411 1397 aliosque,
1444 1327 1529 1397 qui
1570 1343 1685 1381 cum
1722 1327 1829 1382 illis

244 1417 555 1483 sentiebant,
598 1435 625 1472 a
666 1420 1047 1475 communione
1090 1421 1306 1491 eiecerat
1333 1463 1347 1487 ,
1398 1431 1557 1492 atque
1604 1422 1673 1476 ob
1715 1421 1829 1477 haec

242 1513 407 1568 omnia
453 1512 633 1568 eidem
685 1513 935 1569 Pontiﬁci
979 1514 1306 1571 Athanasius
1353 1516 1554 1587 gratias
1597 1523 1826 1587 egerat:

238 1603 276 1658 si
298 1619 430 1660 vero
466 1604 537 1659 ab
559 1620 751 1660 eorum
784 1606 873 1676 qui
910 1621 1033 1662 cum
1062 1605 1319 1673 Ursacio,
1352 1617 1408 1663 et
1439 1606 1669 1664 Valente
1706 1621 1832 1663 sen-

240 1697 433 1753 tiebant
462 1714 722 1764 numero,
767 1714 926 1755 nemo
956 1700 1267 1756 Auxentium
1303 1702 1666 1772 separandum
1708 1715 1830 1757 esse

1930 499 2001 537 no
2044 491 2099 537 et
2142 483 2447 538 Chrisﬁano
2493 485 2712 541 nomine
2780 494 3069 541 exueretur
3109 503 3122 540 :
3173 486 3334 542 verba
3382 488 3527 544 enim

1928 578 2158 655 καθαὶρω
2201 587 2254 631 et
2305 578 2529 634 ἐκϐάλλω
2556 620 2569 645 ,
2600 578 2795 647 quibus
2827 577 3154 634 Athanasius
3185 581 3385 646 utitur,
3418 592 3528 635 tum

1927 664 2327 742 pronuntiatam
2365 671 2623 727 adversus
2654 686 2775 727 reos
2807 672 3131 728 sententiam
3158 715 3173 740 ,
3214 685 3325 729 tum
3354 673 3525 745 ipsam

1929 763 2091 817 etiam
2108 763 2247 833 ejus,
2276 772 2334 817 ut
2355 764 2527 827 aiunt,
2552 767 2955 821 exsecutionem
2981 767 3311 836 exprimunt,
3333 769 3376 822 si
3406 768 3529 839 quis

1930 857 2005 911 illi
2045 857 2334 928 aliquando
2358 873 2550 925 casus,
2581 870 2673 914 aut
2712 861 2756 914 si
2788 875 2890 930 qua
2920 860 3001 915 vis
3023 902 3036 924 ,
3068 870 3125 914 ut
3156 861 3209 915 in
3239 862 3339 916 hac
3365 874 3528 917 causa

1930 955 2252 1022 rescriptum
2286 952 2679 1020 Valentiniani,
2707 964 2913 1008 moram
2944 953 3176 1010 fecisset.
3206 955 3295 1011 Sic
3330 956 3528 1011 Paulus

1932 1046 2322 1102 Satnosatenus
2349 1062 2673 1117 quamquam
2697 1048 2765 1103 ab
2791 1047 3126 1104 Antiochena
3150 1050 3359 1121 synodo
3380 1051 3532 1104 dam-

1933 1147 2091 1192 natus
2133 1149 2299 1205 esset,
2330 1139 2397 1191 ah
2442 1140 2686 1194 Ecclesia
2728 1150 2905 1195 tamen
2961 1156 3048 1211 per
3084 1141 3385 1198 surcularem
3438 1158 3531 1213 po—

1932 1242 2158 1287 testatem
2198 1233 2496 1289 exturbatus
2530 1234 2728 1290 dicitur
2756 1234 2825 1290 ab
2871 1235 3103 1292 Eusebio
3127 1236 3219 1309 (c);
3252 1253 3314 1293 ac
3347 1237 3538 1293 Photi-

1934 1339 2036 1378 nus
2060 1326 2178 1380 etsi
2203 1340 2350 1396 saepe
2377 1336 2532 1381 antea
2556 1326 2839 1396 depositus
2861 1371 2873 1393 ,
2904 1338 2950 1383 et
2977 1345 3008 1382 a
3033 1330 3389 1384 communione
3414 1331 3531 1384 uni-

1934 1419 2054 1471 tatis
2091 1422 2204 1491 jam
2252 1421 2453 1490 pridem
2483 1421 2737 1475 abscissus
2784 1420 2997 1487 fuerat,
3046 1423 3168 1492 quia
3218 1429 3397 1478 tamen
3443 1440 3533 1493 per

1934 1511 2211 1580 {actionem
2240 1514 2419 1582 pepuli
2450 1528 2742 1583 numquam
2767 1529 2826 1569 re
2856 1513 2969 1583 ipsa
2999 1516 3225 1570 amoveri
3250 1523 3533 1585 potuerat,

1933 1618 1964 1657 a
1998 1604 2223 1659 Socrate
2276 1615 2332 1661 et
2372 1606 2677 1663 Sozomenu
2716 1614 2842 1662 tunc
2879 1606 3146 1677 depositus
3185 1607 3413 1676 dicitur,
3466 1608 3533 1664 ab

1936 1694 2141 1750 Hilario
2179 1697 2406 1768 dejectus
2428 1740 2441 1764 ,
2475 1714 2599 1754 cum
2639 1697 2947 1754 Orientales
2970 1742 2983 1766 ,
3011 1701 3100 1771 qui
3141 1700 3396 1756 Sirmium
3444 1715 3531 1756 ac-

235 1790 460 1857 dixerit,
494 1808 657 1845 nemo
692 1792 857 1847 etiam
880 1793 1003 1863 jure
1039 1796 1318 1864 negaverit
1339 1836 1351 1859 ,
1383 1795 1512 1865 quin
1552 1794 1668 1863 ejus
1697 1808 1830 1866 qno-
1865 1812 1911 1873 Β
1937 1799 2213 1844 ceaserant
2234 1832 2249 1857 ,
2276 1804 2399 1846 eum
2427 1792 2589 1859 sede,
2623 1801 2678 1847 et
2707 1793 2826 1848 loco
2856 1809 2952 1862 per
2994 1795 3372 1863 imperatorem
3395 1792 3539 1849 Con-

234 1902 329 1957 que
355 1901 557 1943 nomen
586 1886 776 1943 eadem
808 1904 930 1942 cum
959 1888 1180 1959 reliquis
1206 1888 1555 1943 damnatione
1582 1902 1832 1959 compre-

234 1979 464 2034 hensum
508 1980 577 2035 ab
608 1982 906 2037 Athanasio
948 1981 1128 2037 fuerit.
1162 1981 1299 2037 Hinc
1325 1998 1463 2051 quos
1492 1982 1583 2037 ille
1614 1982 1715 2039 sub
1741 1998 1833 2052 ge-

232 2074 397 2128 nerali
428 2071 676 2129 Valentis
706 2084 760 2130 et
796 2074 1003 2131 Ursacii
1035 2076 1307 2131 sociorum
1352 2075 1571 2130 nomine
1599 2091 1707 2131 non
1738 2075 1835 2131 ob-

232 2183 383 2224 scure
413 2168 694 2239 designat,
723 2180 771 2225 et
806 2186 836 2225 a
865 2172 1246 2227 communione
1270 2172 1475 2241 ejectos
1517 2172 1593 2225 ait
1637 2172 1690 2227 in
1721 2173 1835 2242 epi-

235 2265 366 2319 stola
403 2264 471 2319 ad
494 2264 660 2321 Al‘ros
680 2306 693 2328 ,
720 2265 1037 2320 Auxentium
1064 2267 1289 2331 scilicet,
1319 2274 1376 2321 et
1399 2266 1579 2321 Caium
1608 2282 1673 2321 ex
1696 2265 1835 2321 Pan-

238 2357 396 2412 nonia
426 2358 746 2413 nominatim
775 2358 1032 2428 exprimit
1059 2359 1113 2412 in
1138 2358 1366 2427 epistola
1389 2358 1456 2412 ad
1489 2358 1831 2427 Epictetum,

239 2451 399 2506 veluti
420 2466 541 2507 sese
562 2451 868 2522 explicans,
904 2463 1064 2524 atque
1086 2467 1180 2508 eos
1202 2452 1445 2523 ejusdem
1467 2469 1587 2508 cum
1610 2452 1836 2509 Ursacio

241 2554 291 2599 et
332 2544 556 2600 Valente
587 2560 763 2615 poena:
794 2546 972 2601 socios
1014 2545 1185 2600 factus
1209 2545 1379 2615 inquit
1419 2546 1487 2601 ab
1530 2545 1636 2600 illis
1667 2547 1833 2617 ipsis,

245 2655 356 2706 qua:
397 2648 663 2694 memorat
689 2639 933 2695 conciliis
962 2656 1161 2711 magna:
1187 2637 1367 2695 Romae
1393 2680 1407 2704 ,
1439 2657 1529 2707 per
1568 2638 1833 2705 Galliam,

246 2740 289 2784 et
311 2729 584 2803 Hispanias
601 2731 904 2799 celebratis;
934 2731 1239 2801 frustraque
1270 2733 1496 2802 proinde
1523 2732 1626 2787 alia
1658 2742 1838 2803 poste-

248 2824 351 2878 rior
374 2825 677 2893 emugitata
703 2834 784 2881 est
806 2825 1045 2899 synodus
1066 2843 1095 2879 a
1121 2826 1354 2881 Damaso
1382 2834 1701 2892 convocata,
1723 2840 1839 2880 mo-

251 2929 405 2975 uente
446 2920 781 2987 Athanasio,
835 2928 895 2975 ut
955 2921 1256 2975 Auxentius
1304 2920 1698 2985 damnaretur,
1747 2919 1836 2989 qui

251 3010 525 3067 damnatus
557 3015 659 3066 hoc
685 3028 829 3067 anno
857 3020 1020 3083 atque
1050 3012 1117 3067 ab
1143 3011 1245 3067 hac
1273 3012 1483 3082 synodo
1509 3011 1704 3066 fuerat.
1736 3015 1841 3067 Ac-

254 3104 401 3160 cedat
435 3114 745 3175 postremo,
779 3104 923 3176 quod
956 3104 1144 3159 eadem
1184 3104 1251 3158 ad
1284 3105 1439 3176 Afros
1470 3105 1699 3174 cpistola
1735 3104 1841 3157 Ro-

1940 1884 2196 1937 stantium
2226 1885 2421 1954 expelli
2450 1897 2742 1954 curarunt,
2771 1899 2823 1942 et
2850 1889 3199 1942 obtinuerunt
3228 1887 3327 1961 (ιι).

2009 1975 2122 2031 Hoc
2164 1978 2362 2048 itaque,
2415 1988 2473 2033 ut
2526 1979 2907 2051 mihiquidem
2953 1980 3183 2047 videtur,
3232 1980 3408 2051 primo
3435 1979 3537 2036 sub

1938 2070 2168 2125 Damaso
2199 2072 2457 2139 concilio,
2491 2082 2654 2143 atque
2704 2073 2808 2129 huc
2835 2075 2951 2143 ipso
2988 2089 3153 2141 anno,
3195 2074 3539 2141 conﬁrmata,

1938 2174 1992 2218 et
2020 2166 2314 2236 encyclicis
2356 2167 2554 2222 litteris
2598 2170 2937 2240 promulgata
2980 2168 3238 2225 Auxcntii
3267 2169 3542 2225 damnatio

1937 2268 2043 2325 est,
2073 2259 2341 2329 siquidem
2376 2260 2673 2330 imperator
2702 2271 2949 2317 vetuerat
3002 2280 3070 2319 ne
3099 2262 3297 2318 throno
3334 2276 3386 2319 et
3412 2263 3542 2320 sede

1938 2367 2099 2421 quam
2143 2352 2438 2422 invaserat,
2484 2366 2807 2422 exiteretur;
2861 2356 3224 2411 Ariminensis
3278 2364 3542 2427 plaster-ea

1939 2444 2136 2500 iterum
2168 2448 2467 2517 proscripta
2494 2447 2748 2515 formula,
2773 2464 2835 2503 ac
2858 2448 3074 2503 Niemna
3101 2448 3232 2503 lides
3258 2448 3543 2515 roborata;

1942 2551 1996 2593 ut
2029 2555 2094 2593 ex
2139 2539 2368 2609 epistola
2397 2550 2629 2609 cunstat,
2661 2557 2822 2613 quam
2859 2543 3121 2598 Damasus
3161 2543 3277 2613 ipse
3303 2541 3545 2612 ejusdem

1942 2633 2162 2688 concilii
2195 2635 2416 2689 nomine
2446 2634 2514 2690 ad
2538 2635 2782 2707 Illyricos
2809 2637 3047 2705 scripsit,
3082 2651 3309 2708 qumque
3334 2645 3543 2690 tantum

1941 2746 2005 2787 ex
2051 2731 2169 2802 ejus
2199 2732 2336 2787 actis
2365 2741 2638 2801 superest.
2687 2733 2955 2788 Baronius
2994 2732 3306 2787 damnatum
3351 2731 3543 2787 eodem

1944 2837 2188 2899 tempore
2215 2828 2519 2885 Ursicinum
2552 2839 2777 2895 censet;
2809 2830 2903 2885 sed
2928 2832 3123 2885 litterae
3158 2828 3541 2897 Valentiniani,

1944 2921 2009 2973 ad
2048 2936 2184 2991 quas
2233 2932 2487 2991 provocat
2532 2921 2637 2993 (ε),
2672 2921 2771 2977 hac
2819 2923 2885 2977 de
2933 2938 2992 2977 re
3037 2922 3170 2976 nihil
3218 2923 3389 2977 aiunt.
3437 2921 3550 2979 lloc

1946 3021 2124 3068 tamen
2154 3014 2207 3068 in
2256 3029 2316 3068 ea
2348 3014 2558 3085 synodo
2602 3016 2801 3069 factum
2831 3014 2997 3069 fuisse
3030 3014 3160 3068 mihi
3206 3014 3367 3068 etiam
3396 3027 3553 3067 vero-

1942 3105 2125 3159 simile
2158 3108 2232 3171 tit,
2263 3108 2387 3177 quia
2429 3120 2498 3162 ex
2538 3108 2850 3162 testimonio
2886 3106 3126 3160 Faustini
3154 3115 3209 3161 et
3250 3103 3550 3160 Marcellini

252 3215 453 3254 manam
480 3214 597 3254 eam
638 3199 903 3271 synodum
931 3239 946 3265 ,
977 3214 1080 3267 qua
1122 3197 1377 3255 Ursacius
1418 3206 1472 3253 et
1513 3196 1711 3251 Valens
1749 3211 1841 3251 eo-
1867 3210 1914 3274 ρ
1948 3201 2171 3263 scimus,
2207 3201 2493 3254 Damasum
2523 3199 2574 3255 id
2600 3199 2709 3270 jam
2745 3199 3127 3269 przecogitasse
3155 3212 3298 3253 anno
3343 3198 3551 3267 elapso,

252 3308 465 3365 rumque
497 3292 630 3348 socii
658 3293 894 3348 damnati
933 3302 1092 3359 sunt,
1121 3308 1185 3347 ex
1229 3305 1424 3361 magno
1455 3290 1839 3359 episc0porum

250 3380 470 3440 numero
496 3385 853 3456 compositam
897 3383 1064 3440 fuisse
1106 3384 1335 3450 asserit,
1379 3390 1436 3437 ιιι
1474 3381 1727 3436 vidimus.
1757 3380 1841 3436 An

257 3478 409 3549 igitur
452 3480 611 3535 aliam
657 3478 898 3549 apertius
946 3478 1234 3547 designare
1274 3484 1490 3547 potest,
1527 3492 1686 3544 quam
1719 3489 1843 3544 qute

260 3573 419 3627 tribus
451 3582 505 3627 et
546 3573 838 3642 nonaginta
864 3586 930 3639 cx
966 3570 1171 3635 Gallia,
1228 3569 1382 3624 Italia
1412 3611 1425 3629 ,
1458 3568 1689 3639 aliisque
1722 3583 1845 3639 par-

265 3664 398 3719 tibus
425 3665 767 3738 congregatis
788 3665 1050 3730 constitit,
1083 3679 1187 3735 qna
1216 3663 1284 3719 de
1310 3679 1453 3720 nunc
1479 3664 1722 3735 agimus?
1750 3663 1842 3731 At,

258 3752 535 3827 inquiunt,
584 3759 629 3812 si
681 3758 979 3813 Auxentius
1031 3758 1099 3812 ab
1154 3757 1253 3813 hac
1299 3756 1510 3829 synodo
1558 3757 1848 3814 damnatus

259 3848 462 3920 fuerat,
509 3866 607 3907 cur
658 3853 887 3906 Damaso
929 3850 1120 3906 scribit
1167 3850 1563 3906 Alexandrinus
1607 3850 1845 3920 praesul,

260 3943 433 3999 mirari
474 3960 534 4000 se
580 3960 676 3999 cur
724 3945 961 3999 nondum
1008 3944 1330 4014 depositus,
1377 3953 1432 3999 et
1484 3942 1554 3998 ab
1605 3943 1846 3999 Ecclesia

262 4036 450 4105 cjectus
479 4038 592 4095 sit?
620 4041 688 4094 At
715 4053 816 4110 ego
847 4039 1151 4110 respondeo
1171 4080 1186 4105 ,
1232 4054 1337 4092 non
1376 4052 1494 4093 eam
1520 4051 1643 4093 esse
1685 4052 1847 4108 quam

265 4127 337 4183 illi
367 4140 547 4201 putant
594 4132 874 4188 Athanasii
907 4139 1145 4187 mentem
1167 4172 1183 4197 ,
1214 4141 1379 4200 atque
1407 4130 1525 4201 ejus
1571 4130 1675 4187 loci
1723 4144 1851 4185 sen-

267 4224 471 4280 tentiam
496 4267 510 4292 ,
548 4225 644 4281 scd
687 4225 846 4280 aliam
879 4240 1104 4296 prorsus
1131 4266 1147 4292 ,
1179 4240 1370 4280 eorum
1403 4234 1711 4295 temporum
1756 4240 1846 4279 ra-

270 4315 387 4374 tioni
414 4321 578 4391 magis
607 4331 1028 4376 consentaneum
1053 4338 1067 4375 :
1096 4335 1194 4375 cur
1215 4320 1359 4375 enim
1402 4320 1586 4374 mirari
1619 4319 1710 4375 ille
1752 4334 1852 4390 po-

269 4411 397 4479 tuit,
441 4416 765 4470 Auxentium
815 4413 1077 4470 haetenus
1126 4429 1232 4469 non
1283 4416 1449 4470 fuisse
1498 4414 1848 4481 depositum,

268 4518 412 4574 quem
437 4506 487 4560 in
521 4506 637 4577 ipsa
663 4506 853 4561 eadem
885 4506 1111 4577 epistola
1141 4507 1208 4561 ad
1249 4506 1444 4572 Afros,
1469 4522 1591 4563 cum
1629 4506 1853 4563 Ursacio

1950 3305 2113 3364 atque
2130 3303 2243 3348 erat
2273 3305 2384 3348 tum
2415 3294 2738 3364 disciplinae,
2771 3303 2881 3347 tum
2917 3294 3132 3357 unitati,
3157 3308 3220 3347 ac
3250 3291 3557 3362 tranquilli-

1949 3388 2042 3441 tati
2071 3388 2328 3442 Ecclesize
2352 3389 2843 3459 pernecessarium,
2874 3397 2932 3440 ut
2955 3385 3041 3441 hic
3066 3387 3418 3442 damnaretur
3443 3395 3554 3441 sta-

1948 3482 2046 3536 tim
2098 3496 2161 3536 ac
2190 3498 2368 3535 rerum
2405 3497 2465 3535 ac
2515 3491 2818 3551 temporum
2875 3479 3118 3534 conditio
3148 3480 3288 3535 ferre
3317 3487 3554 3549 poterat,

1951 3583 2112 3644 prout
2141 3586 2324 3629 actum
2369 3575 2423 3629 in
2451 3573 2744 3630 schismate
2789 3572 3076 3628 Novatiani
3107 3587 3135 3627 a
3162 3570 3419 3628 Cornelio
3443 3570 3561 3627 fue—

1950 3677 2036 3724 rat
2064 3669 2157 3741 (ί).

2024 3764 2318 3833 Quaeritur,
2354 3776 2421 3817 an
2451 3761 2679 3831 epistola
2710 3761 2827 3826 illa,
2882 3775 3043 3829 quam
3077 3759 3338 3815 Damasus
3365 3755 3560 3830 synodi

1952 3861 2173 3913 nomine
2200 3855 2267 3911 ad
2300 3854 2544 3926 Illyricos
2590 3854 2835 3925 scripsit,
2879 3852 3073 3909 Graeco
3101 3852 3337 3923 primum
3365 3866 3432 3905 an
3460 3849 3563 3905 La-

1952 3954 2070 4009 tino
2098 3967 2351 4008 sermone
2378 3954 2690 4020 conscripta
2740 3949 2832 4018 sit,
2880 3959 2935 4003 et
2982 3962 3050 4003 an
3079 3959 3396 4018 germanum
3448 3943 3565 4015 ejus

1953 4044 2241 4115 exemplar
2263 4043 2391 4099 illud
2413 4045 2505 4109 sit,
2530 4040 2673 4113 quod
2697 4040 3074 4096 Thendorctus
3098 4041 3314 4103 recitat,
3338 4039 3411 4091 an‘
3427 4036 3561 4091 illud

1957 4138 2100 4210 quod
2132 4138 2442 4192 llolstenius
2469 4135 2660 4192 edidit.
2692 4134 2969 4199 Labbeus,
2999 4131 3270 4197 Valesius,
3306 4145 3369 4185 ac
3397 4128 3564 4184 Tille-

1953 4218 2196 4288 mo'ntius
2238 4231 2379 4286 hanc
2418 4228 2631 4284 laudem
2684 4225 3036 4282 Holsteniano
3062 4222 3361 4293 exemplari
3411 4221 3565 4276 attri-

1956 4325 2129 4381 buunt
2160 4344 2171 4379 :
2203 4324 2555 4379 Constantius
2585 4310 2704 4377 eam
2751 4319 2833 4374 illi
2862 4319 3159 4389 abjudicat,
3210 4327 3271 4372 ut
3327 4317 3379 4371 in
3412 4315 3568 4372 ϐιω-

1954 4434 2076 4474 cum
2102 4417 2384 4487 exemplar
2412 4414 2722 4480 transferat,
2744 4411 2859 4479 sed,
2889 4420 3061 4482 ntego
3091 4420 3243 4481 puto,
3274 4410 3566 4466 levissimis

1958 4512 2211 4566 inductus
2253 4510 2589 4580 coniecturis
2619 4527 2632 4562 :
2663 4506 2810 4562 nulla
2859 4507 3002 4561 enim
3036 4514 3119 4561 est
3150 4505 3305 4571 ratio,
3340 4520 3436 4561 cur
3459 4505 3566 4561 Da-

266 4606 318 4651 et
338 4597 556 4655 Valente
580 4600 813 4668 aliisque
857 4600 1079 4657 haeresis
1104 4601 1271 4656 sociis
1314 4602 1383 4656 ali
1412 4601 1673 4657 Ecclesiae
1704 4618 1854 4657 com-
1879 4591 1934 4652 Β
1963 4618 2148 4659 masus
2173 4603 2418 4659 Graecam
2450 4601 2736 4672 epistolam
2788 4597 2855 4654 ad
2893 4599 3144 4671 Illyricos
3174 4599 3458 4669 scripsisse
3487 4598 3570 4653 di-

263 4693 509 4748 munioue
556 4692 860 4763 rejectum,
912 4708 1016 4749 non
1075 4695 1305 4750 obscure
1355 4706 1742 4766 expresserat,
1792 4712 1857 4753 ac

261 4796 515 4855 praeterea
546 4787 768 4843 minime
812 4788 1060 4857 ignorare
1098 4788 1401 4859 nequiverit
1446 4790 1623 4856 ipsum
1663 4792 1855 4847 eodem

260 4883 599 4938 anathemate
639 4882 803 4937 variis
842 4881 896 4937 in
944 4882 1111 4949 locis,
1153 4893 1209 4937 et
1252 4897 1281 4936 a
1327 4883 1570 4952 pluribus
1610 4885 1859 4941 conciliis

258 4989 399 5046 saepe
446 4976 795 5047 perstricmm
838 4974 934 5048 (a).
984 4976 1118 5032 Cum
1161 4975 1344 5046 itaque
1386 4974 1490 5033 hoc
1530 4979 1691 5033 etiam
1738 4980 1860 5035 loco

256 5069 441 5125 scribit
486 5070 672 5124 mirari
700 5084 759 5125 se
792 5084 894 5125 cur
921 5082 1026 5124 non
1056 5068 1149 5126 ille
1174 5068 1468 5142 depositus,
1499 5080 1554 5127 et
1577 5072 1645 5127 ab
1674 5072 1857 5129 Eccle-

255 5163 331 5217 sia
363 5164 547 5233 pulsus
572 5163 748 5220 fuerat
767 5162 868 5236 (ὁ),
896 5162 1098 5234 aliquid
1129 5163 1362 5235 amplius
1391 5164 1752 5234 postulavisse
1780 5166 1860 5221 vi-

255 5255 415 5313 detur
436 5271 468 5312 a
495 5256 767 5325 Damaso,
805 5272 965 5330 quam
1000 5266 1062 5314 ut
1101 5256 1193 5315 ille
1234 5258 1431 5315 iterum
1467 5259 1855 5330 damnaretur;

256 5358 416 5422 atque
462 5348 601 5408 illud
638 5358 757 5417 est,
807 5364 877 5407 ne
914 5348 1310 5409 Mediolauensi
1356 5349 1619 5410 Ecclesiae
1659 5352 1862 5410 diutius

1962 4708 2138 4763 catur,
2180 4699 2271 4768 qui
2324 4694 2766 4751 Occidentalibus
2794 4691 3247 4761 accensebant‘ur,
3276 4702 3334 4747 et
3377 4692 3569 4747 Latina

1950 4782 2145 4863 lingua
2170 4789 2484 4855 utebantur;
2536 4787 2795 4857 nullaque
2837 4785 3069 4857 proinde
3116 4784 3415 4855 probabilis
3438 4800 3572 4839 con-

1958 4884 2170 4956 jectura
2200 4894 2283 4940 est
2336 4899 2466 4950 cur,
2508 4881 2651 4954 quod
2696 4881 3009 4937 Holstenius
3036 4880 3262 4950 reperit,
3292 4888 3568 4949 sumptum

1962 4980 2144 5050 potius
2168 4992 2237 5034 ex
2264 4977 2458 5033 Graeco
2484 4976 2577 5043 sit,
2602 4990 2762 5047 quam
2788 4976 2962 5045 ipsum
2994 4973 3245 5029 Latinam
3273 4986 3336 5027 ac
3386 4971 3575 5041 primi-

1965 5074 2184 5144 genium
2237 5072 2533 5142 exemplar.
2593 5069 2795 5126 Deinde
2845 5085 3022 5141 neque
3066 5070 3359 5131 Damasus,
3390 5082 3569 5136 neque

1967 5166 2060 5223 alii
2132 5164 2512 5222 Occidentales
2581 5164 2873 5236 hypostasis
2936 5177 3071 5218 voce
3151 5160 3463 5225 utebantur,
3510 5162 3571 5215 ut

1969 5262 2329 5317 substantiam
2408 5260 2823 5332 exprimerent,
2892 5257 3094 5314 Basilio
3167 5270 3279 5327 prae
3356 5254 3573 5311 caeteris

1971 5362 2115 5412 teste
2167 5354 2249 5428 (9)
2300 5371 2315 5409 :
2360 5354 2489 5411 hinc
2539 5354 2591 5410 in
2644 5357 2760 5426 ipsa
2812 5351 3083 5423 epistola,
3142 5363 3303 5423 quam
3365 5346 3581 5403 Edisse-‘-

1978 5540 2244 5608 xaomov;
2270 5539 2444 5597 ﬂilar.
2476 5541 2547 5598 de
2586 5540 2805 5613 synod.,
2836 5552 2959 5609 cap.
3009 5537 3101 5603 57,
3134 5544 3196 5594 et
3227 5537 3443 5610 Fragm.
3476 5548 3575 5606 xu,

1922 5700 1927 5704 ·
1979 5614 2307 5751 η’(ῗῖἏιιιι.
2339 5682 2468 5751 369,
2500 5700 2654 5741 num.
2682 5681 2774 5739 72.

2050 5682 2124 5829 t3
2160 5682 2707 5812 amasium

2055 5819 2130 5899 (ii)
2174 5819 2347 5900 Epist.
2376 5826 2503 5882 212.

356 5553 389 5589 a
450 5533 663 5592 Theod.
687 5534 752 5592 Η.
787 5535 873 5605 E.,
899 5536 994 5595 lib.
1026 5552 1103 5606 tv,
1131 5551 1250 5608 cap.
1276 5537 1331 5594 6.

284 5676 295 5693 ,
435 5609 819 5693 Θαυμάζονεεες,
846 5616 959 5673 πῶς
982 5613 1151 5689 μεχρι
1174 5612 1344 5683 νῦνξού
1370 5613 1637 5692 καθῃρέθη,
1671 5610 1869 5685 uuifon

277 5696 327 5731 εκ
364 5680 572 5739 tamen
612 5689 705 5744 τῆς
746 5681 1049 5745 Εκκλησίας.

344 5724 700 5874 ῆῖιῖέεῦῗξ
716 5724 1094 5825 ιίῐῖῖἶιῖἲῖή).
1122 5752 1211 5810 50.
1458 5829 1467 5838 .

353 5821 370 5874 ί
408 5821 428 5874 l
470 5820 628 5874 Socr.
663 5823 760 5874 Ιιιι.
802 5839 860 5874 ιι.
896 5841 1013 5874 can.
1046 5826 1110 5874 21
1138 5842 1150 5874 :
1182 5824 1402 5874 80mm.
1435 5826 1467 5874 li

353 5820 428 5895 (ά)
470 5820 628 5881 Socr.
663 5821 760 5880 lib.
801 5839 860 5892 tt,
896 5841 1013 5898 cap.
1043 5820 1151 5896 ΞΜ
1182 5824 1403 5884 Sozom.
1435 5826 1526 5885 lib.
1561 5842 1633 5896 iv,
1663 5845 1783 5900 cap.
1814 5828 1869 5897 6,

596 5930 607 5944 Ι
