3998 6346
486 259 592 326 155

1681 261 1994 322 SANCTUS
2032 262 2362 325 DAMASUS
2403 266 2602 324 PAPA.

3667 267 3755 324 158

484 388 607 444 nius
631 384 829 454 edidit,
861 383 1062 457 legitur
1091 383 1304 440 Patrem
1331 389 1387 438 et
1425 379 1624 437 Filium
1654 382 1806 437 unius
1833 399 1944 437 esse
1971 383 2088 438 sub-
2115 386 2168 450 Α
2194 383 2310 441 haec
2345 385 2540 441 merito
2566 383 2714 440 dicta
2755 383 2924 440 videri
2981 383 3278 453 poterunt?
3310 381 3436 439 Mihi
3463 383 3634 455 itaque
3658 387 3757 455 opi-

483 479 690 534 stantiae
717 487 949 533 tantum.
996 475 1113 531 Non
1144 489 1297 546 ergo,
1349 481 1408 529 ut
1431 474 1612 529 verbis
1641 486 1762 529 utar
1787 474 2089 530 doctissimi

483 574 629 630 tertii
659 571 846 628 Basilii
865 586 1090 642 operum
1121 571 1249 624 tomi
1279 569 1530 635 editoris,
1561 568 1802 624 dixerunt
1837 568 2092 624 Occiden-

481 669 630 736 tales,
665 667 876 722 Patrem
901 674 950 719 et
976 662 1025 717 F
1029 665 1178 720 ilium
1204 664 1436 734 eiusdem
1467 681 1578 719 esse
1613 665 1987 730 ὑποστάσεως,
2010 666 2092 720 καί

482 762 685 826 οὐσίας,
700 768 754 812 ιιι
767 757 950 812 habent
963 754 1146 812 Greece
1158 756 1495 827 exemplaria,
1510 755 1607 812 sed
1625 765 1833 812 tantum
1847 755 2090 827 ejusdem

487 853 686 918 οὐσίας,
724 851 924 908 omissa
961 852 1308 915 ὑποστάσεως
1338 867 1471 907 voce
1501 868 1513 906 :
1549 863 1710 923 atque
1737 852 1862 907 inde
1887 852 2095 922 colligi-

490 957 579 1004 tur
617 962 711 1004 eos
760 960 868 1002 non
899 944 1079 1002 Grece
1104 946 1394 1013 scripsisse,
1432 962 1524 1001 nec
1551 947 1846 1018 epistolam,
1879 961 1996 1017 qua:
2019 955 2094 1012 est

487 1041 629 1114 apud
659 1040 1030 1106 Sozumenum,
1076 1057 1140 1094 ac
1193 1038 1573 1095 Theodoretum
1605 1041 1920 1110 primarium
1948 1053 2094 1106 esse,

489 1151 550 1190 ac
581 1135 1036 1207 germanissimum
1071 1134 1360 1203 exemplar,
1403 1145 1459 1188 ut
1503 1134 1735 1189 eruditus
1773 1135 1939 1189 editor
1963 1134 2100 1187 litte-

489 1245 666 1283 rarum
691 1243 1018 1284 summorum
1047 1227 1358 1300 pontiﬁcum
1403 1235 1588 1280 contra
1631 1224 2024 1280 Tillemontium
2053 1232 2101 1280 et

491 1319 623 1375 alios
669 1318 954 1385 contendit,
985 1318 1076 1373 sed
1105 1319 1295 1390 potiori
1313 1322 1439 1392 jure
1465 1319 1598 1373 hanc
1630 1317 1840 1374 laudem
1863 1318 2016 1373 edita:
2036 1317 2100 1371 ab

496 1411 772 1468 Holstenio
793 1413 1024 1485 epistola:
1049 1411 1373 1469 tribuendam
1407 1410 1505 1484 (a).
1541 1411 1863 1468 Gravissimi
1885 1412 1984 1466 viri
2012 1411 2102 1480 ju-

494 1504 696 1562 dicium
722 1505 1080 1561 conﬁrmatur
1103 1520 1172 1561 ex
1203 1504 1350 1559 varia
1411 1502 1647 1560 lectione
1722 1513 1890 1576 atque
1936 1503 2104 1559 inter-

497 1599 824 1669 pretatione,
873 1613 995 1670 qua:
1049 1595 1193 1668 apud
1243 1598 1627 1662 Sozomenum,
1672 1595 2098 1662 Theodoretnnt,

500 1696 664 1761 atque
678 1688 1040 1761 Epiphanium
1057 1689 1333 1746 observari
1350 1699 1524 1760 potest
1543 1700 1706 1760 atque
1717 1689 1881 1746 etiam
1904 1704 1936 1743 a
1949 1688 2107 1744 Vale-

2193 481 2284 532 nio
2310 478 2478 545 subit,
2508 477 2856 532 Vincentium
2881 476 3018 532 nihil
3049 491 3304 548 umquam
3333 476 3629 544 admisisse,
3666 493 3758 548 quo

2193 582 2285 626 aut
2314 587 2343 626 a
2375 571 2501 638 ﬁde,
2530 579 2624 625 aut
2651 571 2718 626 ab
2748 570 3018 638 Ecclesia,
3047 580 3208 642 atque
3235 569 3758 627 Athanasii'commu-

2195 664 2549 732 nioneipsum
2574 663 2894 721 discessisse
2917 666 3092 734 palam
3117 673 3372 720 constare
3396 674 3588 736 posset.
3612 664 3762 721 Unam

2193 758 2441 814 Liberius
2471 759 2590 832 ejus
2612 759 2996 813 simulationem
3021 757 3166 814 dolet
3187 757 3243 813 in
3270 757 3466 813 litteris
3488 756 3552 812 ad
3574 756 3760 826 Osium,

2197 862 2252 906 et
2283 851 2578 906 Eusebium
2609 851 3009 907 Vercellenscm
3039 852 3112 922 (c)
3137 868 3150 918 ;
3182 851 3312 920 quid
3339 865 3468 907 vero
3493 849 3764 907 simulatio-

2201 943 2286 999 nis
2331 945 2551 1000 nomine
2601 943 2885 1015 intelligat,
2930 945 3169 1016 explicat
3208 946 3345 1014 ipsc,
3388 959 3509 1000 cum
3551 943 3640 1009 ait,
3677 959 3768 1002 non

2205 1045 2409 1092 tantum
2441 1037 2575 1093 nihil
2604 1038 2922 1108 impetraSse
2943 1037 3289 1096 Vincentium
3313 1055 3342 1091 a
3366 1038 3688 1103 Constantio,
3709 1054 3769 1095 es

2203 1129 2292 1196 iis,
2320 1131 2392 1186 ob
2417 1147 2539 1202 quae
2569 1134 2774 1202 legatus
2795 1131 2992 1201 fuerat,
3016 1133 3111 1189 sed
3139 1132 3306 1188 videri
3334 1134 3592 1188 sententiis
3607 1133 3772 1189 Orien-

2207 1226 2392 1281 talium
2416 1227 2831 1283 accommodasse
2848 1245 3174 1293 consensum,
3207 1229 3464 1284 ineorum
3493 1227 3683 1284 scilicet
3707 1229 3774 1284 ire

2204 1321 2531 1390 consilium,
2576 1323 2664 1393 qui
2708 1321 2979 1394 dogmatis
3021 1323 3206 1380 Ariani
3271 1323 3632 1395 scponendam
3670 1334 3776 1379 tunc

2207 1416 2603 1486 cognitionem,
2652 1425 2814 1488 atque
2859 1432 3020 1472 uuam
3073 1417 3359 1473 Athanasii
3401 1417 3774 1474 damnationem

2208 1508 2504 1580 urgendam
2533 1551 2546 1576 ,
2594 1510 3112 1580 proponendamque
3159 1510 3496 1576 censebant,
3547 1519 3602 1564 ut
3650 1508 3774 1564 idem

2213 1605 2452 1675 pontifex
2490 1606 2681 1662 exsilio
2715 1607 2827 1676 jam
2868 1607 3068 1663 fractus
3106 1606 3351 1678 explicat
3386 1607 3440 1662 in
3485 1606 3695 1677 epistola
3720 1603 3777 1660 ad

2195 1697 2515 1754 Orientales
2538 1699 2642 1772 (ά).
2676 1699 2743 1756 At
2771 1704 2814 1755 si
2847 1700 3160 1757 Vincentius
3186 1717 3492 1756 consensum
3521 1714 3780 1756 accommo-

500 1783 588 1841 sio
613 1783 989 1842 animadversa
1016 1793 1101 1840 est
1131 1801 1145 1837 :
1172 1781 1292 1838 haec
1315 1782 1483 1848 enim,
1511 1782 1566 1838 ni
1611 1782 1791 1850 fallor,
1822 1781 2108 1838 manifeste

2219 1793 2339 1847 dare
2360 1795 2642 1861 videbatur,
2667 1794 2905 1850 nondum
2936 1795 3180 1866 profecto
3210 1812 3270 1851 re
3296 1797 3411 1867 ipsa
3439 1793 3781 1852 accommoda-

503 1879 756 1949 probant,
787 1877 1074 1949 epistolam
1098 1875 1274 1948 primo
1297 1875 1492 1933 Latine
1513 1875 1799 1946 scriptam,
1827 1890 1891 1931 ac
1909 1873 2112 1932 deinde

508 1987 608 2043 pro
638 1971 920 2044 utriusque
959 1971 1136 2028 αι’ωοί
1164 1971 1448 2042 scriptoris
1475 1970 1716 2042 ingenio,
1770 1986 1834 2026 ac
1861 1971 2047 2039 etiam,
2078 1984 2112 2026 e

505 2065 741 2124 diversis
766 2066 1174 2138 exemplaribus
1211 2066 1360 2123 varie
1408 2066 1476 2122 ab
1497 2076 1728 2138 utroque
1755 2067 2108 2134 intellectam,

508 2175 574 2218 ac
601 2159 792 2218 Graece
811 2150 1178 2217 diversimode
1203 2159 1370 2217 fuisse
1393 2175 1732 2231 expressam.

586 2254 665 2311 Ex
695 2253 846 2332 hisce
893 2263 1072 2311 autem
1104 2255 1324 2310 Damasi
1377 2254 1573 2310 litteris
1601 2255 1668 2310 ad
1701 2254 2116 2328 Illyricosepis-

512 2365 705 2422 copas,
733 2350 816 2406 rir
835 2349 1183 2408 doctis~imus
1203 2349 1475 2421 Iosephus
1496 2349 1830 2424 Augusﬁnus
1849 2351 1995 2415 Orsi,
2027 2366 2119 2406 su-

509 2459 753 2516 premam
775 2442 922 2500 sedis
949 2444 1264 2515 apostolica:
1288 2444 1692 2506 auctoritatem,
1718 2459 1782 2499 ac
1803 2444 2119 2500 irrelorma-

513 2537 621 2593 bile
635 2535 903 2607 judicium
931 2536 1147 2608 egregie
1169 2535 1386 2592 asserit.
1435 2533 1568 2590 Nam
1597 2551 1719 2591 cum
1746 2551 1814 2592 ex
1861 2535 2118 2592 Romanas

514 2627 676 2697 hujus
705 2627 901 2700 synodi
931 2636 1114 2683 mente
1139 2627 1218 2682 ait
1245 2626 1485 2698 pontifex
1510 2643 1524 2681 :
1562 2626 1743 2700 Neque
1769 2627 1902 2682 enint
1925 2632 2122 2702 praeju—

516 2721 712 2777 dicium
737 2721 955 2794 aliquod
985 2721 1131 2776 nasci
1156 2721 1324 2795 potuit
1349 2738 1378 2776 e
1399 2737 1612 2778 numero
1651 2738 1849 2788 eorum,
1882 2724 1971 2794 qui
2001 2723 2122 2778 Ari-

519 2815 720 2870 minum
740 2825 1105 2884 conuenerunt,
1127 2832 1244 2870 cum
1274 2825 1470 2871 constet
1491 2832 1652 2887 neque
1676 2816 1969 2872 Romanum
2006 2817 2122 2888 epi-

511 2925 747 2982 scopum,
780 2910 932 2981 cujus
974 2919 1094 2965 ante
1141 2925 1317 2964 omnes
1365 2911 1465 2981 fuit
1503 2909 1792 2981 expetenda
1845 2912 2120 2979 sententia,

515 3017 677 3072 neque
733 2999 1091 3066 Vincentium.
1151 3017 1314 3072 neque
1358 3001 1512 3066 alios,
1563 3001 1866 3073 hujusmodi
1918 3003 2124 3058 statutis

517 3111 821 3152 consensum
856 3095 1082 3167 aliquem
1120 3095 1473 3150 commodasse
1505 3111 1523 3150 :
1553 3093 1680 3152 inde
1726 3097 1922 3152 merito
1951 3096 2126 3152 conﬁ-

2211 1896 2385 1951 verat,
2418 1888 2511 1944 sed
2538 1888 2674 1942 falsa
2703 1905 2764 1942 ca
2789 1904 2885 1958 spe
2915 1889 3149 1946 lactabat
3169 1888 3485 1954 hmruticos,
3517 1901 3574 1944 ut
3594 1896 3780 1957 tempus

2215 1978 2420 2035 interea
2467 1979 2719 2046 duceret,
2771 1992 2934 2052 atque
2982 1983 3198 2048 exsilio,
3245 1981 3392 2053 quod
3435 1983 3712 2052 imperator
3738 1979 3781 2034 in

2215 2085 2584 2144 repugnantes
2613 2084 2916 2142 statuerat,
2951 2090 3074 2132 sese
3101 2075 3476 2131 subtraheret.
3514 2075 3654 2129 lianc
3679 2088 3786 2128 sen-

2225 2172 2448 2227 tentiam
2480 2172 2804 2227 conﬁrmare
2845 2171 3059 2228 videtur
3097 2179 3212 2227 tum
3254 2170 3584 2227 Athanasius
3620 2166 3786 2240 ipsein

2221 2265 2487 2336 Apologia
2515 2265 2581 2319 ad
2610 2265 2991 2321 Constantium
3014 2307 3028 2329 ,
3061 2281 3184 2321 cum
3211 2267 3325 2320 ait:
3372 2262 3682 2318 Vincentium
3707 2261 3790 2313 vim

2220 2376 2320 2414 non
2350 2359 2651 2430 uulgarem,
2686 2375 2967 2431 gravesque
2989 2357 3329 2412 contumelias
3361 2371 3566 2427 passam
3591 2395 3605 2420 ,
3643 2353 3790 2408 donec

2219 2453 2554 2524 signiﬁcaret
2575 2453 2720 2508 nolle
2741 2468 2801 2508 se
2817 2468 2938 2507 cum
2966 2451 3268 2508 Athanasio
3289 2450 3684 2507 communicare
3704 2447 3784 2518 (e);

2221 2559 2332 2606 tum
2365 2562 2628 2621 praeterea
2658 2549 2911 2607 Liberius
2941 2551 2996 2606 in
3025 2550 3260 2624 epistola
3284 2551 3351 2607 ad
3380 2550 3623 2608 eumdem
3645 2549 3787 2619 impe-

2222 2651 2458 2698 ratorem
2507 2643 2668 2698 missa
2713 2659 2809 2714 per
2854 2645 3060 2715 legatos
3103 2645 3439 2715 posteriores
3482 2641 3788 2707 Luciferum,

2224 2735 2571 2796 Pancratium
2599 2779 2613 2804 ,
2648 2749 2810 2807 atque
2847 2737 3109 2792 Hilarium
3137 2779 3153 2804 ,
3186 2737 3465 2808 expressis
3495 2735 3575 2790 his
3603 2732 3789 2788 verbis:

2228 2829 2440 2884 Manent
2470 2831 2778 2906 legatorum,
2807 2830 3078 2887 Vincentii
3109 2831 3323 2888 scilicet
3350 2841 3406 2886 et
3434 2829 3692 2894 Marcelli,
3719 2827 3788 2880 lit-

2227 2937 2380 2991 terte,
2418 2927 2506 2996 qui
2531 2926 2600 2980 ad
2633 2925 2969 2981 Clementiam
2999 2937 3141 2981 tuam
3167 2927 3381 2997 [nerant
3417 2924 3672 2983 destinati.
3701 2933 3793 2991 qua

2229 3034 2405 3074 NUPER
2429 3031 2693 3085 uenerunt,
2723 3020 2904 3086 quibus
2931 3020 3228 3093 signiﬁcant
3258 3031 3470 3092 propter
3490 3017 3794 3073 turbationem

2231 3112 2436 3183 quidem
2467 3115 2694 3180 omnium
2722 3111 3095 3172 Ecclesiarum.
3128 3131 3182 3169 se
3211 3116 3420 3184 quidem
3449 3121 3567 3168 ante
3591 3123 3795 3166 succum-

517 3189 633 3256 cit,
713 3205 816 3245 non
882 3199 1157 3259 utcumque
1218 3189 1273 3243 in
1339 3187 1696 3243 Eeclesiarum
1771 3199 1816 3245 et
1901 3187 2116 3243 Patrum

2231 3207 2349 3262 bere
2373 3209 2634 3262 sententiis
2669 3207 3012 3263 Orientalium
3040 3209 3287 3274 voluisse,
3312 3205 3633 3280 proposuisse
3652 3213 3793 3256 tamen

523 3284 899 3352 consensione,
959 3293 1008 3338 et
1061 3283 1260 3337 unitate
1324 3281 1666 3338 conciliorum
1727 3282 1828 3338 vim
1883 3299 1992 3338 esse
2045 3297 2128 3336 re-

529 3379 796 3450 positam,
858 3377 950 3433 sed
1019 3393 1133 3432 eam
1194 3375 1314 3431 inde
1363 3375 1690 3445 potissimum
1742 3391 1851 3430 esse
1896 3383 2128 3448 repeten-

521 3469 664 3538 dam,
698 3471 838 3542 quod
863 3486 979 3524 cum
1007 3485 1222 3524 romano
1250 3469 1496 3540 pontiﬁce
1520 3459 1677 3523 ueluti
1718 3468 1885 3537 capite
1907 3469 2128 3538 conjun-

522 3577 734 3637 guntur,
775 3581 835 3620 eo
871 3563 1029 3636 plane
1055 3563 1229 3626 modo,
1263 3578 1364 3634 quo
1390 3562 1554 3628 salus,
1587 3571 1636 3617 et
1680 3561 1786 3615 vita
1808 3602 1823 3628 ,
1859 3572 2128 3632 motusque

523 3662 756 3733 corporis
789 3660 844 3715 in
879 3660 1174 3731 integritate
1214 3658 1316 3711 sita
1351 3667 1508 3724 sunt,
1561 3666 1610 3710 et
1649 3666 1826 3710 mutua
1873 3654 2130 3710 membro-

527 3772 645 3812 rum
689 3753 1090 3826 conjunctione,
1149 3761 1198 3806 et
1238 3759 1408 3814 tamen
1455 3766 1520 3806 eo:
1558 3766 1736 3805 eorum
1790 3764 1907 3803 cum
1960 3748 2130 3818 capite

527 3851 912 3923 conjunctione,
959 3855 1112 3915 atque
1139 3860 1203 3900 ex
1253 3843 1367 3915 ipso
1421 3843 1588 3914 capite
1620 3843 1871 3913 deﬂuant,
1929 3849 1976 3896 et
2022 3840 2128 3895 ori-

524 3943 695 4016 ginem
734 3940 943 3996 ducant.
996 3937 1134 3994 Hinc
1181 3937 1308 4010 quia
1363 3935 1598 3992 Nicaeum
1651 3933 1862 4007 synodo
1913 3949 2006 4004 per
2047 3934 2128 3992 le-

521 4045 679 4108 gatos
707 4049 836 4091 suos
863 4033 1142 4088 Romanus
1179 4027 1419 4101 pontifex
1446 4026 1726 4091 adfuerat,
1758 4035 1814 4082 et
1844 4041 2124 4083 assensum

522 4130 884 4204 praestiterat,
930 4126 1192 4182 Damasus
1228 4122 1353 4180 ﬁdei
1403 4119 1690 4178 formulam
1723 4129 1850 4175 tunc
1881 4119 2128 4191 praescri-

523 4234 669 4298 ptam
694 4265 710 4292 ,
739 4221 1109 4293 Apostolorum
1139 4226 1330 4286 vocat,
1371 4215 1488 4273 sire
1517 4213 1900 4289 Apostolicam,
1934 4213 2128 4271 Arimi-

521 4333 748 4375 uensem
785 4331 918 4372 vero
959 4313 1173 4387 reiicit,
1217 4311 1364 4383 quod
1400 4325 1466 4369 eo
1495 4326 1764 4368 consensu
1804 4318 2007 4366 careat.
2054 4307 2128 4364 Ut

522 4409 667 4468 enim
695 4410 873 4482 pergit
901 4409 984 4464 vir
1009 4407 1378 4472 clarissimus,
1418 4406 1798 4461 Ariminensem
1822 4404 2123 4475 formulam,

523 4513 572 4561 et
602 4502 896 4572 Nicamam,
945 4503 1190 4558 Romanae
1233 4504 1389 4574 hujus
1426 4501 1611 4574 synodi
1641 4501 1876 4571 episcOpi
1910 4498 2126 4554 inuicem

523 4603 816 4672 conferunt,
840 4608 890 4653 et
909 4599 1134 4669 priorem
1150 4598 1377 4670 quamvis
1397 4597 1476 4651 illi
1499 4595 1750 4651 maximus
1771 4596 2124 4665 episcoporum
2152 4593 2207 4656 D

525 4709 772 4750 numerus
800 4689 1120 4760 suffragatus
1151 4698 1283 4754 erat,
1320 4689 1438 4744 ideo
1469 4689 1789 4766 potissimum
1809 4688 2120 4757 eaplodunt,

527 4795 578 4843 et
606 4783 800 4840 nullius
821 4782 1064 4840 momenti
1087 4797 1196 4836 esse
1220 4780 1520 4841 decernunt.
1547 4780 1788 4850 quoniam
1813 4780 2001 4849 absque
2024 4777 2130 4834 Ilo-

525 4880 662 4937 mani
691 4877 950 4951 pontiﬁcis
988 4891 1198 4932 assensu
1223 4873 1433 4930 condita
1464 4873 1669 4945 fuerat;
1711 4871 1763 4928 Ν
1768 4875 1980 4928 ἰεωιιαιιι
2011 4889 2128 4928 vero

524 4975 642 5032 ideo
670 4984 922 5047 perpetuo
973 4969 1297 5026 retinendam
1330 4985 1444 5024 esse
1480 4968 1797 5023 constituunt
1818 5008 1833 5034 ,
1879 4966 2129 5040 quoniam

527 5067 912 5143 Apostolorum,
949 5065 1003 5119 id
1053 5073 1149 5130 est,
1201 5063 1338 5118 sedis
1382 5062 1702 5136 apostolicae,
1753 5061 1858 5116 sive
1905 5059 2131 5116 Romani

527 5161 798 5237 pontiﬁcis
838 5157 1106 5217 sententia
1160 5165 1217 5213 et
1244 5155 1567 5213 auctoritate
1593 5157 1802 5211 ﬁrmata
1829 5154 1992 5212 fuerit
2023 5153 2122 5226 (ιι).

597 5255 690 5312 1V.
732 5254 926 5311 Mirum
953 5259 1134 5308 tamen
1167 5248 1341 5305 videri
1369 5247 1560 5320 possit,
1604 5247 1928 5303 Vincentium
1949 5247 2124 5314 illum,

525 5349 841 5422 Capuanum
869 5345 1102 5411 scilicet,
1131 5355 1317 5415 aperte
1338 5342 1574 5409 laudari,
1605 5342 1748 5414 quod
1771 5342 2126 5397 sacerdotium

527 5452 599 5498 tot
623 5458 784 5498 annos
807 5440 1005 5498 illibate
1028 5446 1299 5494 seruasset.
1327 5434 1412 5491 An
1437 5451 1565 5492 vero
1591 5435 1660 5491 de
1686 5450 1774 5503 eo,
1800 5435 1892 5508 qui
1917 5445 1973 5491 ut
2000 5451 2122 5491 cum

526 5534 746 5593 Ariauis
766 5533 996 5600 faceret,
1016 5529 1300 5589 Athanasii
1321 5529 1758 5587 communionem
1782 5530 2121 5601 deseruerat,

601 5649 682 5724 (a)
720 5651 844 5724 Not.
867 5650 939 5724 ad_
961 5652 1135 5724 epist:
1149 5647 1274 5724 Bas.
1293 5648 1398 5724 ⁸92Δι

602 5719 680 5796 (ι)
710 5725 784 5780 De
803 5719 1075 5796 Irreforin.
1105 5721 1173 5778 ιι.
1196 5722 1258 5778 ι).
1286 5720 1464 5778 ludic.
1499 5719 1595 5780 lib.
1626 5735 1666 5791 ι,
1691 5733 1814 5793 cap.
1844 5719 1902 5790 7,
1925 5728 2030 5779 art.
2062 5719 2119 5776 ε.

605 5791 682 5873 (c)
709 5795 866 5868 Apud
889 5791 1076 5852 Coust.
1101 5809 1189 5868 ep.
1215 5809 1234 5850 ι
1262 5801 1319 5852 et
1343 5809 1404 5850 ιι.

2231 3299 2597 3363 conditionem.
2631 3312 2684 3355 ut
2715 3302 2761 3357 si
2787 3303 2940 3357 iidem
2972 3302 3084 3357 Arii
3112 3303 3350 3358 Itatresim
3387 3302 3792 3362 condemnassent,

2231 3393 2328 3448 hoc
2363 3411 2548 3466 genere
2585 3395 2820 3449 inclinati
2856 3411 3031 3450 eorum
3067 3396 3332 3450 sententiis
3376 3395 3647 3450 obedirent.
3680 3388 3794 3443 Hinc

2231 3487 2394 3558 igitur
2416 3489 2604 3558 liquet,
2639 3487 2846 3558 legatos
2874 3486 2996 3544 illos
3019 3503 3142 3544 cum
3167 3487 3285 3544 lucc
3308 3488 3625 3551 scriberent,
3647 3478 3793 3548 lapsui

2232 3583 2544 3652 proximos,
2585 3593 2641 3638 at
2676 3600 2782 3638 non
2816 3583 2981 3638 fuisse
3013 3598 3234 3654 prorsus
3262 3583 3434 3639 victos
3455 3623 3470 3648 ,
3502 3591 3654 3648 atque
3680 3575 3794 3630 hanc

2230 3675 2505 3730 exstitisse
2531 3690 2774 3743 causam,
2805 3690 2904 3732 cur
2934 3675 3182 3731 Liberius
3201 3675 3396 3732 litteris
3426 3673 3530 3730 illis
3557 3665 3792 3739 acceptis.

2229 3768 2365 3824 alios
2411 3769 2617 3841 legatos
2653 3771 2922 3836 mitteret,
2975 3770 3246 3842 prioribus
3287 3769 3496 3826 scilicet
3531 3766 3633 3840 jam
3676 3771 3792 3833 pene

2230 3860 2440 3928 fractis,
2474 3877 2538 3918 ac
2567 3862 2644 3919 rei
2673 3861 2898 3934 agendae
2925 3863 2996 3918 ob
3020 3863 3165 3918 illam
3195 3861 3577 3918 simulationem
3603 3851 3791 3923 ineptis.

2229 3952 2502 4010 Caeterum
2529 3971 2637 4011 non
2670 3957 2788 4012 hzec
2813 3971 2879 4010 eo
2906 3955 3173 4021 disserui,
3205 3962 3266 4010 ut
3293 3951 3626 4011 Vincentium
3656 3945 3791 4014 culpa

2229 4047 2452 4103 omnino
2464 4062 2648 4104 carere
2663 4048 2951 4115 afﬁrmem,
2967 4047 3060 4104 sed
3080 4055 3136 4102 ut
3151 4049 3529 4119 intelligamus,
3547 4059 3644 4114 qttu
3655 4048 3793 4096 sensu

2231 4143 2560 4198 isillibatum
2586 4153 2853 4198 tutannos
2883 4143 3243 4199 sacerdotium
3275 4155 3542 4202 servasse,
3566 4153 3594 4191 a
3625 4136 3792 4190 Dama-

2227 4252 2290 4292 so
2319 4237 2424 4292 diei
2460 4239 2714 4307 potuerit,
2746 4247 3010 4309 quatenus
3052 4238 3260 4294 scilicet
3291 4236 3426 4292 nihil
3455 4233 3542 4290 ille
3568 4239 3655 4284 aut
3681 4239 3791 4281 con-

2232 4339 2312 4386 tra
2336 4329 2499 4387 ﬁdem
2518 4373 2532 4397 ,
2565 4339 2657 4387 aut
2683 4341 2868 4388 contra
2903 4330 3251 4386 Athanasium
3277 4332 3452 4402 palam
3478 4325 3709 4400 gesserit.
3731 4323 3738 4379 ἓ

2869 4423 3102 4482 CAPUT
3145 4423 3206 4480 V.

2230 4516 2366 4584 370,
2414 4517 2621 4574 υΑιιΑει
2659 4517 2694 4574 5
2721 4559 2735 4585 ,
2783 4517 3186 4574 VALENTINIAIO
3226 4533 3296 4574 ET
3340 4517 3588 4575 VALENTE
3627 4525 3676 4566 ιιι
3718 4521 3791 4561 ιι.

2923 4613 3102 4654 οοιιεε.

2232 4693 2274 4750 1.
2314 4693 2394 4750 De
2421 4692 2711 4766 lllgricana
2746 4695 2947 4764 synodo
2973 4695 3167 4765 agitur,
3215 4708 3333 4763 qua:
3367 4690 3642 4746 Romanam
3682 4676 3795 4731 hanc

2301 4788 2574 4842 subsecuta
2601 4796 2696 4852 est,
2725 4787 3027 4857 scriptisque
3053 4786 3116 4841 ab
3136 4786 3231 4840 illa
3256 4796 3306 4840 et
3337 4780 3683 4840 Valentiniano
3712 4772 3794 4824 im-

2303 4892 2540 4954 peratore
2567 4883 2769 4936 litteris.
2822 4881 2886 4936 11.
2935 4883 3063 4948 Qua:
3103 4880 3396 4949 afferuntur
3436 4889 3482 4934 et
3527 4867 3794 4940 expendun-

2306 4984 2408 5030 tur.
2455 4975 2544 5031 ΙΙΙ.
2601 4973 2677 5030 De
2705 4973 2936 5030 Zanobio
2975 4973 3277 5030 Florentino
3324 4975 3578 5046 episcopo.
3618 4961 3698 5018 IV.
3728 4955 3794 5012 οε

2315 5067 2664 5124 Valentiniani
2691 5070 2798 5141 lege
2830 5069 3055 5124 Damaso
3087 5071 3359 5137 inscripta,
3387 5079 3433 5125 et
3465 5055 3791 5121 Theodosia“

2307 5161 2483 5218 Codici
2510 5164 2701 5218 inserta
2726 5179 2747 5231 ,‘
2790 5179 2853 5217 ac
2881 5161 3174 5235 defenditur
3201 5161 3481 5218 Baronius.

2235 5250 2274 5307 l.
2313 5254 2520 5310 Damasi
2535 5270 2687 5324 spem
2712 5255 2931 5310 minime
2963 5254 3286 5310 frustrarunt
3314 5251 3508 5327 Illyrici
3540 5235 3787 5318 episcopi:

2233 5350 2353 5420 ejus
2383 5350 2527 5405 enim
2565 5348 2840 5421 synodtcis
2875 5349 3072 5404 litteris
3107 5349 3349 5415 excitati,
3391 5360 3508 5403 cum
3538 5328 3792 5397 convenis-

2233 5451 2356 5499 sent
2383 5485 2397 5509 ,
2429 5441 2908 5498 consubstantialis
2951 5441 3230 5498 Trinitatis
3274 5441 3429 5496 ﬁdem
3471 5431 3789 5493 conﬁrmares

2234 5543 2362 5591 runt
2386 5576 2401 5602 ,
2431 5543 2490 5590 ut
2518 5533 2704 5590 Romae
2725 5533 2826 5591 sub
2847 5549 2914 5592 eo
2935 5533 3193 5606 pontiﬁce
3222 5534 3421 5592 factum
3442 5531 3628 5592 fuerat.
3654 5512 3789 5583 Pol)"

2328 5651 2383 5726 ά)
2405 5649 2561 5726 Apud
2579 5651 2774 5726 Const.
2805 5667 2893 5726 ep.
2927 5667 3004 5709 st.

2328 5723 2378 5798 e)
2407 5723 2540 5797 Cap.
2569 5723 2663 5780 ει.
