3998 6346
184 265 264 319 l5?
1522 269 1755 328 PROLEt

1862 274 2051 332 dENA.

180 379 437 434 rltrnnium
469 386 731 449 prteterea
758 423 770 445 ,
798 380 1216 445 Telemachum,
1244 382 1500 438 Faustum
1529 425 1541 449 ,
1572 388 1756 441 Asele—
1785 395 1828 453 Λ
1862 392 2229 450 lentontiusex
2250 398 2533 454 Ambrosio
2554 410 2608 457 et
2640 403 2735 457 Βςμ

179 472 390 543 piadetn,
438 473 745 527 Amantium
772 516 786 540 ,
832 484 887 528 et
925 473 1270 544 Cleopatram
1317 478 1705 532 damnaverunt
1732 521 1745 544 ,

176 581 286 634 quos
315 563 359 618 si
387 563 507 635 quis
539 568 876 635 suspiCetur,
913 569 1130 622 eosdem
1160 584 1309 633 esse,
1344 570 1435 641 qui
1470 583 1627 627 antea
1660 588 1750 623 ve-

174 658 252 712 luti
276 665 562 713 novatores
583 662 895 729 apostolica:
919 661 1034 715 sedi
1061 662 1223 716 delati
1254 664 1462 718 fuerant
1486 682 1512 716 a
1560 664 1749 720 Gallia:

171 751 478 807 elVeuelize
507 754 813 825 episcopis,
862 756 1078 810 habebit
1118 758 1442 824 suspicionis
1486 774 1595 812 sua}
1643 774 1747 813 non

172 844 324 900 levem
353 846 731 917 conjecturam
768 865 793 900 a
828 847 1053 903 Socrate
1102 857 1157 903 et
1210 848 1515 905 Sozotneno
1544 848 1620 922 (ιι)
1659 850 1748 919 qui

169 939 379 994 lhtrsam
412 940 732 1005 Pannoniae,
767 942 817 997 id
846 950 931 997 est
952 942 1147 1015 lllyrici
1171 945 1454 999 castellum
1482 948 1531 1001 in
1561 946 1751 1001 Galliis

168 1036 413 1091 collocant
441 1054 455 1091 :
491 1053 617 1091 nam
661 1038 818 1092 latius
850 1038 1105 1093 nimirum
1136 1038 1310 1095 Gallia
1348 1053 1570 1111 accepta
1603 1042 1752 1095 inve-

171 1129 291 1183 nitur
335 1130 653 1202 aliquando,
694 1148 851 1203 quam
902 1134 1061 1202 vulgo
1106 1134 1218 1189 fieri
1265 1137 1565 1190 consuevit.
1610 1137 1746 1193 Tum

172 1223 342 1279 deinde
373 1227 548 1293 ipsius
575 1268 589 1290 ,
624 1236 679 1279 ut
710 1241 809 1295 ego
835 1227 1050 1297 quidem
1083 1236 1243 1297 puto,
1281 1229 1492 1284 Damasi
1518 1272 1531 1289 .
1563 1240 1613 1283 et
1646 1229 1752 1284 Ro-

173 1330 323 1371 mana:
374 1317 567 1388 synodi
617 1319 901 1383 mandato,
951 1320 1019 1374 de
1071 1320 1152 1373 his
1207 1322 1457 1376 omnibus
1508 1320 1752 1378 fecerunt

175 1411 407 1465 certiores
436 1411 670 1466 Asianos
710 1413 996 1484 episeopos
1046 1430 1143 1482 per
1176 1413 1444 1480 Elpidium
1478 1415 1747 1483 legatum,

175 1512 311 1572 atque
334 1517 429 1558 eos
460 1503 657 1559 hortati
691 1516 846 1569 sunt,
876 1518 933 1560 ut
962 1516 1014 1561 et
1042 1506 1145 1575 ipsi
1171 1506 1488 1561 Trinitatem
1519 1509 1753 1563 consub-

177 1597 459 1652 stantialem
493 1612 613 1653 esse
646 1609 906 1668 perpetuo
940 1599 1295 1668 prtulicareut
1320 1644 1336 1669 ,
1383 1611 1544 1673 atque
1567 1618 1752 1658 errore

177 1682 395 1758 deposito
421 1732 436 1756 ,
473 1691 525 1743 in
557 1706 664 1759 quo
693 1691 894 1746 dudum
928 1694 1126 1748 versati
1153 1693 1396 1761 fuerant,
1430 1695 1662 1750 Nicarnze
1694 1698 1754 1751 li-

3352 307 3454 361 £58

2745 404 2834 460 ilio
2864 409 3102 478 eonjicit,
3127 428 3448 486 quamquam

1854 486 1936 538 vir
1957 486 2089 539 clar.
2124 488 2417 557 Gurgitem
2453 494 2857 553 Suessionettsis
2890 507 3180 562 canottieus
3212 512 3329 572 ejus
3364 528 3452 566 or-

1854 575 2180 634 dinatiouem
2200 582 2393 637 referat
2407 585 2471 639 ad
2486 586 2843 645 Aritniuettsis
2861 598 3069 651 concilii
3088 609 3326 669 tempora
3342 604 3448 675 (tl).

1924 668 1988 723 ll.
2036 671 2252 740 Magnns
2286 677 2463 747 itaque
2496 680 2759 737 Baronius
2788 686 2969 755 lapsus
3026 702 3130 756 est,
3178 668 3300 749 cum

1854 773 2039 833 ceptus
2064 769 2399 834 potissimum
2435 774 2583 830 hisce
2643 776 3000 838 Valentiniani
3028 786 3222 843 litteris
3257 832 3270 856 ,
3328 808 3448 860 qtae

1855 858 1906 911 in
1938 861 2144 925 codice,
2179 880 2284 931 quo
2316 866 2404 921 ille
2436 884 2562 922 usus
2591 872 2953 935 est,Gratiani
2983 858 3454 951 inscriptionevca-

1854 964 2095 1019 rtterattt,
2129 956 2593 1031 przefcrt-bautque
2618 962 2880 1020 Eustatltii
2911 986 3126 1036 nomen,
3160 990 3317 1041 quem
3349 993 3446 1046 ρης

1852 1050 1984 1099 tavit
2013 1063 2134 1103 esse
2164 1050 2434 1107 celebrem
2467 1054 2823 1113 Sebastenum
2852 1063 3164 1134 episeoputtt
3205 1084 3267 1122 ac
3315 1070 3446 1124 olim

1854 1138 2237 1210 Lampsacettzc
2265 1147 2456 1217 synodi
2484 1148 2547 1202 ad
2581 1156 2931 1219 apostolicam
2978 1160 3160 1212 sedem
3197 1164 3447 1233 legatum.

1854 1232 1969 1288 lt:rc
2001 1237 2177 1290 omnia
2210 1242 2395 1294 retulit
2421 1242 2486 1294 ad
2517 1258 2715 1298 annum
2750 1246 2854 1301 565
2882 1260 2934 1303 et
2964 1252 3028 1303 ad
3056 1232 3263 1308 Liberii
3319 1274 3446 1326 pon-

1856 1325 2139 1395 tificatum,
2173 1343 2229 1384 ut
2258 1347 2323 1387 eo
2353 1333 2471 1387 loco
2498 1335 2691 1407 Pagina
2712 1351 2861 1395 recte
2914 1344 3186 1399 observat.
3242 1348 3449 1418 Neque.

1855 1418 1996 1473 enim
2025 1420 2323 1479 Eustathius
2356 1425 2468 1489 ille,
2507 1431 2662 1499 Cujus
2690 1431 2739 1484 itt
2771 1433 2968 1489 litteris
3001 1436 3117 1505 ejus
3149 1442 3340 1510 synodi
3386 1444 3451 1497 ad

1856 1512 2087 1567 Asianos
2119 1518 2332 1586 scriptis
2358 1523 2558 1575 mentio
2585 1535 2689 1590 est,
2722 1524 3053 1584 Sebaslentts
3086 1532 3203 1598 fuit,
3240 1535 3335 1590 sed
3377 1537 3453 1590 al-

1857 1612 1939 1659 ter
1968 1606 2105 1662 l‘orte
2131 1610 2180 1663 in
2216 1609 2428 1682 Illyrico
2458 1616 2766 1687 episc0ptts,
2796 1630 2960 1686 atque
2987 1624 3077 1679 ille
3108 1628 3260 1696 cujus
3309 1630 3451 1699 apud

1855 1696 2303 1770 Chrystistontutu
2339 1719 2543 1763 mentio
2576 1719 2659 1764 est
2708 1712 2811 1784 (e);
2872 1717 3144 1773 existimat
3190 1696 3452 1790 praeterea

177 1783 247 1839 dei
277 1784 553 1840 formulam
582 1786 987 1855 proliterentur.
1028 1788 1331 1860 Illyricattze
1361 1789 1519 1860 hujus
1558 1790 1751 1862 synodi
1785 1789 1826 1849 Β
1859 1790 2127 1865 Elpidium
2155 1796 2327 1864 illum,
2360 1801 2513 1870 cujus
2538 1804 2589 1856 iit
2620 1783 2815 1861 litteris
2859 1783 3204 1879 Illyricitrum-
3242 1815 3460 1884 cpisco-

179 1881 347 1936 litteris
377 1897 471 1951 per
503 1880 769 1952 Elpidiutn
798 1883 1031 1953 legatum
1067 1883 1379 1950 all’ereutlis,
1409 1899 1533 1939 suas
1555 1885 1752 1955 adjun-

179 1976 243 2031 xit
275 1977 322 2030 in
348 1975 591 2031 eamdem
615 1979 942 2032 sententiain
973 1978 1384 2034 Valentinianus
1419 1982 1712 2049 imperator
1734 2024 1747 2048 ,

177 2079 313 2141 atque
334 2084 586 2141 utrasque
610 2070 1017 2138 Tlteodoretus,
1047 2088 1110 2127 ac
1144 2072 1482 2143 Nicephorns
1512 2076 1742 2130 recitant

178 2180 230 2219 ex
257 2165 412 2220 latino
432 2208 446 2231 ,
493 2173 553 2219 ut
582 2180 684 2237 ego
713 2180 912 2221 censeo
944 2166 995 2220 in
1024 2182 1260 2237 graecum
1296 2183 1601 2223 sermonem
1632 2184 1751 2224 ver-

178 2270 249 2311 sas
278 2256 368 2330 (b).

232 2347 353 2404 Cum
398 2359 576 2405 autem
628 2349 1039 2405 Valentinianus
1082 2351 1133 2406 in
1177 2351 1242 2406 iis
1293 2361 1480 2423 aperte
1527 2352 1751 2422 scribat,

181 2443 446 2498 Romanam
478 2444 770 2517 synodum,
807 2461 965 2514 quam
991 2445 1188 2517 Illyrici
1222 2460 1335 2516 prie
1356 2447 1529 2501 oculis
1554 2446 1756 2501 habue-

177 2545 300 2599 rint,
327 2538 479 2610 paulo
505 2550 656 2593 antea
685 2537 855 2593 fuisse
884 2538 1119 2593 habitam
1141 2580 1156 2605 ,
1188 2540 1313 2595 hinc
1341 2540 1586 2596 Valesius
1609 2551 1755 2598 recte

179 2634 386 2697 coniicit,
418 2645 528 2688 tum
552 2650 693 2699 eam,
720 2652 840 2706 qua}
868 2635 918 2688 in
944 2635 1358 2704 Illyricocoacta
1387 2637 1505 2702 fuit,
1532 2639 1757 2693 alterius

180 2738 568 2798 consequentem
599 2743 723 2783 esse
748 2769 762 2793 ,
804 2738 916 2783 tum
944 2728 1189 2784 eamdem
1223 2745 1328 2783 non
1363 2745 1522 2799 posse
1552 2729 1755 2785 differri

180 2822 296 2877 ultra
327 2825 463 2881 hunc
501 2810 742 2892 annum,
788 2843 945 2882 secus
986 2843 1049 2883 ac
1088 2827 1362 2882 nonnullis
1397 2828 1540 2881 nulla
1582 2827 1755 2882 solida

182 2918 362 2972 ratione
410 2919 582 2973 visum
629 2929 733 2974 est.
790 2920 904 2974 lloc
949 2932 1211 2990 prmterea
1263 2921 1592 2974 confirmant
1642 2934 1755 2975 tum

186 3010 293 3076 ipsa;
316 3009 554 3080 ejusdem
585 3011 776 3085 synodi
810 3014 1026 3079 litterte,
1052 3013 1327 3085 inscriptae
1356 3015 1613 3084 episcopis
1632 3015 1761 3069 dioe-

1855 1901 2045 1956 porum
2071 1906 2266 1945 nomen
2295 1894 2636 1963 exprimitur,
2666 1898 2922 1956 Romana:
2950 1905 3208 1962 Ectrlesire
3235 1911 3461 1980 presby-

1858 1989 2031 2034 terum
2066 1980 2254 2049 fttisse,
2299 1996 2461 2056 atque
2510 1989 2660 2044 illum
2694 1993 2907 2063 ipsum,
2961 2014 3122 2067 quem
3164 1999 3340 2056 Julius
3387 2002 3453 2055 ad

1854 2070 2159 2131 Orientales
2183 2093 2303 2132 cum
2329 2079 2632 2138 Philoxeno
2676 2089 2882 2156 pridem
2937 2092 3225 2161 legaverat.
3262 2095 3451 2152 Nititut

1858 2164 1975 2221 lucc
1998 2173 2175 2239 magni
2222 2173 2321 2226 viri
2396 2175 2581 2242 opinio
2662 2178 2810 2235 hisce
2861 2182 3064 2239 Graecis
3118 2186 3457 2257 Illyricorum

1857 2261 2101 2329 epistolae
2146 2265 2367 2319 verbis:
2417 2265 2657 2343 ’Λνάγκην
2711 2272 2792 2326 οὖν
2841 2273 3033 2347 ἔχομεν
3085 2281 3290 2353 πέμψαι
3330 2286 3459 2359 πρὸς·

1855 2353 1994 2424 ὑμᾶς
2023 2357 2108 2410 τὸν
2140 2359 2306 2432 κύριον
2330 2360 2472 2431 ὑμῶν
2502 2368 2587 2416 καὶ
2626 2366 3018 2443 συλλειτουργὸν
3057 2371 3306 2428 Ἐλπίδιον
3357 2377 3459 2429 ἀπὸ

1856 2456 1949 2507 τῆς
1978 2448 2357 2520 βασιλευούσης
2401 2452 2658 2526 Ῥωμαίων
2709 2461 2905 2534 ἀρχῆς,
2961 2469 3116 2518 τοῦτο
3162 2466 3221 2518 τὸ
3247 2467 3462 2541 γράμμα

1859 2538 2087 2611 ἔχοντας
2122 2560 2241 2613 qu:e
2265 2543 2839 2615 Clll‘lSiOllllUl‘SOltlllS,
2868 2553 3215 2610 Camerarius
3238 2538 3290 2612 et
3319 2558 3461 2612 Lan-

1858 2646 1957 2700 gus
1988 2634 2066 2687 sic
2095 2635 2345 2699 reddunt,
2379 2647 2435 2690 ut
2469 2639 2737 2705 lLlpitlintn
2771 2643 2832 2695 ab
2864 2644 2985 2697 urbe
3012 2646 3197 2711 llonta,
3244 2665 3359 2717 qum
3389 2660 3461 2703 est

1862 2725 2064 2794 imperii
2095 2739 2251 2798 caput
2277 2771 2291 2795 ,
2324 2731 2547 2785 missum
2587 2732 2771 2787 dicant
2809 2753 2821 2789 :
2853 2736 2922 2790 ab
2950 2737 3249 2806 Epiphanio
3279 2752 3459 2795 autem

1862 2819 2214 2887 scholastieo,
2248 2838 2406 2894 quem
2440 2826 2685 2896 sequitur
2715 2827 3059 2897 SirntOttdus,
3107 2848 3167 2885 ea
3211 2833 3290 2887 sic
3319 2836 3462 2889 acci-

1863 2913 2109 2981 piuntur,
2136 2922 2196 2968 ut
2229 2916 2528 2973 llomattutu
2563 2919 2845 2990 imperum
2879 2923 3059 2993 potius
3091 2941 3249 2995 quam
3276 2928 3461 2982 urbem

1864 3004 2115 3073 Romam,
2142 3016 2301 3077 atque
2334 3009 2713 3078 imperatorem
2743 3016 2944 3081 potius,
3004 3015 3159 3085 cujus
3220 3017 3462 3087 ElpidiUs

183 3116 322 3158 (δεεστ
368 3104 591 3172 Asianis,
650 3104 918 3177 Phryqite.
972 3106 1354 3178 Catapltrygiaz,
1406 3104 1755 3172 Pucutianm;
1864 3097 2073 3154 litteras
2100 3100 2164 3153 ad
2192 3099 2423 3157 Asianos
2464 3105 2669 3168 attulit,
2725 3122 2882 3175 quant
2937 3106 3099 3163 Urbis
3147 3112 3461 3182 CpisCttpum

185 3204 275 3250 tum
305 3197 634 3266 potissimum
666 3198 1084 3255 Valentinianus
1113 3199 1250 3269 ipse,
1285 3216 1407 3253 cum
1435 3215 1529 3253 eos
1563 3214 1753 3254 omnes
1780 3181 1826 3244 C
1858 3190 2163 3264 designent.
2228 3195 2475 3252 Valesius
2503 3198 2575 3270 (Γ)
2604 3200 3098 3270 Christophorsonii
3140 3221 3237 3270 pro
3288 3217 3463 3276 parte,

185 3288 345 3345 sedulo
389 3301 568 3349 monet
598 3335 613 3359 ,
670 3310 731 3347 ne
769 3294 908 3347 ultra
961 3291 1196 3347 Valentis
1237 3295 1538 3346 auctoritate
1578 3304 1757 3346 contra

186 3395 344 3436 rectam
377 3385 529 3453 ﬁdem
555 3384 717 3448 abuti,
741 3402 863 3441 neve
882 3386 1089 3440 sedulos
1112 3385 1210 3439 Dei
1236 3385 1496 3439 ministros
1524 3385 1757 3453 persequi

188 3489 436 3549 pergerent.
472 3478 527 3533 ld
562 3480 706 3534 enim
748 3480 1029 3549 pousaime
1071 3479 1269 3534 factum
1306 3480 1544 3533 currenti
1571 3494 1715 3530 anno
1739 3518 1754 3542 ,

188 3586 276 3638 quo
300 3570 483 3628 Valens
511 3574 724 3644 longam
760 3574 811 3627 itt
853 3573 1084 3645 Phrygia
1120 3588 1325 3626 moram
1359 3574 1515 3626 traxit
1549 3569 1621 3641 (c)
1644 3612 1659 3635 ,
1694 3584 1756 3622 ac

189 3667 429 3735 prosperis
458 3669 723 3723 adversus
749 3667 1015 3722 Barbaros
1039 3668 1382 3722 surcessibus
1406 3667 1603 3729 elatus,
1630 3679 1752 3718 cum

191 3766 331 3812 totum
376 3777 431 3816 se
475 3760 715 3817 dedisset
759 3761 1083 3816 Arianorum
1134 3762 1389 3823 factioni,
1448 3760 1758 3830 provincias

191 3852 881 3927 omnesConstantinopolim
914 3856 1057 3908 inter
1081 3865 1130 3909 et
1162 3852 1557 3923 Cappadociam
1593 3852 1760 3905 inter-

188 3942 349 4012 iectas,
373 3947 585 4018 qttidam
609 3950 771 4003 veluti
802 3949 1061 4018 pestilens
1086 3948 1243 4001 turbo
1265 3945 1491 4010 afﬂavit,
1518 3944 1759 4014 disjecit-

192 4053 295 4109 (pte,
323 4055 475 4114 atque
507 4043 790 4111 Ecclesiis,
821 4059 956 4114 quas
988 4042 1243 4113 legitimis
1270 4042 1574 4111 pastoribus
1595 4040 1757 4095 orba-

189 4144 351 4199 verat,
392 4137 675 4194 bzereticos
716 4138 1112 4209 superiuduxit.
1156 4136 1289 4192 Nam
1320 4153 1418 4192 cur
1462 4136 1757 4208 lllyricanzc

188 4233 350 4300 synodi
378 4232 564 4290 Patres
585 4276 600 4301 ,
643 4249 739 4289 cur
769 4234 1179 4288 Valentinianus
1216 4231 1282 4287 ad
1324 4232 1609 4302 episcopos
1641 4239 1759 4284 tan—

190 4330 280 4377 tum
309 4328 502 4382 Asiana:
522 4328 817 4393 diceceseos,
851 4326 1117 4399 Phrygiaz,
1147 4342 1205 4379 ac
1234 4324 1619 4397 Cataphrygiaz,
1653 4321 1760 4376 Ρα-

186 4419 374 4475 εαιὶαπω
398 4422 732 4489 scriberent,
762 4436 859 4477 cur
885 4437 981 4477 eos
1013 4430 1299 4477 monerent
1322 4460 1335 4484 ,
1367 4435 1433 4473 ne
1464 4416 1758 4473 Catholica:

185 4514 416 4577 prasules
441 4525 891 4585 persequerentur,
923 4514 967 4567 si
994 4513 1060 4568 de
1089 4513 1193 4567 alia
1217 4555 1232 4579 ,
1266 4527 1427 4583 quam
1456 4525 1576 4580 qua:
1608 4510 1673 4563 iis
1705 4509 1755 4561 in

1863 3301 1961 3355 pro
1994 3296 2144 3355 parte
2176 3304 2302 3342 vero
2336 3287 2614 3345 Sirmondi
2665 3291 3173 3362 interpretationem
3229 3299 3418 3365 probat
3446 3334 3483 3364 ,-

1861 3390 2022 3449 atque
2051 3380 2125 3435 ita
2160 3382 2445 3451 intelligit,
2502 3393 2558 3437 ιιι
2611 3383 2856 3453 Elpitlins
2910 3387 3001 3441 ille
3053 3405 3158 3441 non
3209 3390 3465 3445 Ecclesia:

1861 3471 2119 3526 Romana:
2153 3475 2455 3545 presbyter,
2492 3488 2548 3528 ut
2578 3478 2780 3542 putavit
2812 3477 3097 3545 Barottius,
3131 3482 3224 3534 sed
3254 3484 3304 3533 itt
3340 3482 3465 3553 Illy-

1862 3568 1978 3622 rico
2009 3569 2296 3639 episeopus
2349 3570 2531 3631 fuerit.
2572 3586 2634 3625 ac
2664 3570 2850 3627 Cra-ea
2896 3574 3058 3629 vetba
3116 3576 3193 3629 sic
3242 3577 3463 3630 reddit:

1864 3660 2088 3716 Necesse
2130 3664 2305 3731 itaque
2351 3663 2623 3718 habuimus
2679 3665 2944 3719 dominum
2974 3677 3021 3720 et
3053 3668 3461 3721 comministrum

1863 3767 2092 3809 nostrum
2128 3754 2397 3825 Elpidium
2428 3756 2490 3809 ab
2519 3757 2639 3811 urbe
2663 3761 2817 3812 totius
2848 3760 3048 3831 imperii
3067 3766 3244 3830 regina
3274 3762 3342 3814 ad
3375 3778 3462 3815 vos

1862 3849 2062 3901 mittere
2093 3865 2207 3900 cum
2237 3849 2316 3902 Itis
2348 3848 2553 3911 litteris,
2586 3851 2914 3923 cogniturum
2935 3895 2949 3917 ,
2996 3863 3167 3907 utrum
3190 3856 3260 3908 ita
3290 3872 3343 3908 se
3370 3856 3466 3908 Ita—

1862 3938 1977 3993 beat
2013 3941 2310 4006 prwdiratio
2344 3951 2510 3996 vestra
2534 3958 2553 3996 .·
2582 3945 2847 3998 rationem
2890 3959 3022 3999 vero
3072 3960 3170 3999 cur
3216 3945 3464 4015 Elpidius

1863 4032 1959 4089 ille
1988 4033 2055 4087 ab
2087 4034 2220 4088 urbe
2249 4033 2416 4087 Roma
2441 4035 2545 4089 diei
2582 4037 2770 4106 possit,
2806 4038 2945 4092 hanc
2966 4053 3086 4092 esse
3116 4047 3289 4109 putat,
3322 4039 3463 4109 quod

1864 4126 1957 4182 ille
1984 4128 2052 4181 ab
2082 4128 2355 4197 episc0pis
2380 4131 2430 4183 in
2458 4136 2669 4201 synodo
2695 4132 3038 4202 congregatis
3071 4134 3136 4185 ad
3172 4132 3463 4187 Damasum

1864 4220 2063 4275 missus
2093 4220 2287 4299 fuerat,
2318 4232 2478 4291 atque
2510 4222 2636 4277 inde
2666 4224 2954 4292 legatione,
2989 4235 3044 4278 ttt
3066 4238 3291 4279 necesse
3323 4234 3461 4290 erat,

1866 4330 1933 4370 ex
1959 4315 2129 4385 ipsius
2155 4314 2348 4387 synodi
2381 4315 2633 4371 mandato
2657 4328 2874 4386 accepta
2904 4316 2957 4371 itt
2984 4316 3167 4372 Asiam
3191 4318 3465 4388 profectus

1865 4410 1957 4465 sit.
1990 4409 2060 4465 Ut
2092 4422 2269 4465 tamen
2295 4409 2473 4464 dicam
2529 4410 2670 4477 qttod
2701 4411 2898 4474 sentio,
2933 4412 3179 4481 nuspiam
3210 4413 3339 4484 legi,
3373 4428 3467 4468 su-

1866 4520 2108 4576 premam
2164 4504 2451 4560 sacerdotii
2497 4504 2813 4574 dignitatem
2875 4508 3051 4583 ἀρχὴν
3113 4506 3309 4562 dictam
3373 4508 3470 4563 ali~

183 4602 296 4661 locis
323 4584 449 4663 tunc
472 4584 732 4678 temporis
756 4607 1024 4673 ferveret,
1051 4605 1433 4677 persecutione
1454 4603 1759 4673 agebatur?
1785 4584 1838 4646 Ῑ)
1865 4600 2105 4671 quando,
2138 4601 2271 4655 citra
2304 4600 2613 4670 adjunctatn
2653 4614 2839 4658 vocem
2887 4602 3144 4673 aliquam,
3205 4621 3326 4675 quae
3383 4614 3469 4661 sa-

184 4696 501 4771 Subsequens
527 4705 675 4758 enim
705 4704 1011 4772 persecutio
1035 4742 1050 4767 ,
1081 4717 1184 4773 qua
1222 4700 1375 4771 Syria
1398 4740 1415 4768 ,
1446 4697 1714 4769 Egyptus
1737 4739 1752 4765 ,

182 4788 562 4863 Mesopotamia,
601 4795 826 4865 aliasque
856 4795 1180 4850 remotiores
1236 4793 1532 4863 provincim
1560 4790 1759 4845 deinde

181 4896 365 4943 vexatae
393 4901 551 4957 sunt,
584 4904 707 4946 cum
752 4889 889 4944 nihil
930 4889 996 4943 ad
1036 4904 1130 4943 eos
1161 4887 1449 4957 episcoltos
1480 4887 1757 4952 attineret,

184 4992 277 5034 non
301 4996 408 5037 erat
432 4999 530 5039 cur
551 4999 741 5040 eorum
768 4999 877 5053 pra:
898 4984 1114 5039 caeteris
1136 4982 1375 5037 studium
1401 4981 1765 5051 posutlaretur

184 5083 293 5143 erga
305 5075 906 5133 Catholicos.Ca:terutn
924 5076 1111 5131 harum
1125 5074 1566 5147 gravissimarum
1583 5090 1762 5130 rerum

183 5174 477 5240 occasione,
519 5187 684 5244 atque
714 5173 815 5228 hoc
846 5182 1089 5244 tempore
1116 5183 1352 5240 emptum
1384 5170 1551 5227 fuisse
1585 5170 1770 5225 credia

183 5259 331 5317 derim
366 5266 663 5322 litterarum
692 5267 1073 5322 commercium
1114 5266 1399 5320 Damasum
1432 5267 1571 5318 inter
1606 5271 1766 5335 atque

184 5352 471 5414 Ascholium
498 5402 513 5426 ,
549 5370 711 5430 atque
742 5359 868 5416 huic
894 5362 1243 5415 commissum
1274 5359 1615 5430 lllyricanum
1640 5372 1770 5428 apo-

184 5447 409 5506 stolicum
433 5452 751 5508 vicariatum
797 5472 810 5508 :
843 5452 1151 5507 Ascbolium
1186 5451 1331 5508 cnim
1358 5452 1501 5507 circa
1544 5467 1605 5506 ea
1634 5460 1771 5504 tem-

186 5552 305 5608 pora
322 5543 856 5603 Thessalonicensem
888 5547 1183 5603 Ecclesiam
1212 5547 1640 5611 administrasse,
1666 5544 1773 5601 Til-

347 5682 558 5759 Socrat.
592 5682 777 5759 lib.‘n,
801 5684 1066 5759 cap.__52;
1098 5684 1315 5759 Sozom.
1356 5683 1449 5737 lib.
1480 5698 1557 5759 vi,
1588 5696 1638 5737 c.
1670 5680 1761 5737 56.

255 5751 322 5827 (ὁ)
348 5755 459 5827 [.ib.
492 5771 567 5817 tv,
595 5771 645 5810 c.
676 5757 710 5810 8
739 5770 792 5811 et
818 5756 886 5823 9;
922 5755 1174 5827 Niceplu,
1200 5756 1290 5811 lib.
1327 5771 1385 5827 tt,
1413 5771 1463 5807 c.
1491 5753 1583 5811 35.

255 5818 323 5894 (c)
346 5826 469 5898 Pag.
504 5828 573 5884 ad
604 5843 730 5885 ann.
755 5818 882 5889 370,
912 5818 1070 5883 num:
1092 5818 1183 5894 20',
1211 5836 1266 5883 et
1290 5818 1420 5896 572,
1451 5841 1601 5885 num.
1637 5823 1694 5883 6.

730 5922 1010 5984 Ρηιιοι..
1048 5919 1203 5984 XIII

1862 4709 2012 4749 crum
2070 4710 2099 4749 a
2147 4693 2371 4764 profano
2398 4695 2712 4765 magistratu
2766 4694 3169 4766 distingueret:
3209 4697 3334 4753 hinc
3362 4708 3467 4767 est,

1866 4787 2010 4858 quod
2074 4787 2442 4843 Nazianzenus
2499 4788 2869 4855 episCopatum
2928 4791 3237 4862 ἁναμίακτον
3295 4794 3469 4870 ἀρχὴν

1870 4881 2289 4954 Chrysostomus
2318 4888 2665 4956 πνευματικήν
2697 4886 2873 4961 ἀρχὴν
2919 4895 3093 4939 vocat.
3120 4886 3256 4954 Quid
3290 4886 3471 4957 itaque

1870 4992 2117 5044 censeas,
2148 4978 2215 5041 si,
2249 4985 2305 5031 ttt
2345 4976 2447 5031 hoc
2490 4976 2610 5030 loco
2661 4992 2748 5031 res
2800 4992 2859 5031 se
2903 4978 3086 5043 habet,
3112 4995 3171 5033 ea
3206 4980 3318 5049 ipsa
3368 4996 3472 5035 vox

1872 5070 2035 5124 aliam
2086 5069 2392 5137 atljttuctatn
2450 5068 2691 5133 habeat,
2750 5085 2871 5139 qua:
2923 5070 3205 5139 profanum
3265 5072 3469 5141 potius,

1871 5180 2032 5235 quam
2083 5180 2295 5221 sacrum
2344 5163 2716 5233 magistratum
2769 5163 3063 5233 designet?
3116 5165 3319 5220 Deinde
3365 5183 3473 5235 quo

1874 5262 1981 5315 alio
2032 5259 2280 5325 exemplo
2326 5257 2487 5309 statui
2542 5256 2739 5326 poterit
2770 5299 2785 5318 ,
2821 5256 2971 5312 hisce
3016 5258 3198 5312 verbis
3251 5261 3353 5314 ἀπὸ
3380 5268 3475 5322 τῆς

1877 5354 2253 5428 βασιλευούσης
2280 5349 2538 5424 Ῥωμαίων
2559 5351 2733 5426 ἀρχῆς
2762 5348 2963 5405 Urbem
2990 5348 3277 5419 significari
3306 5352 3329 5406 ?
3376 5351 3473 5407 Vix

1880 5448 2061 5515 itaque
2087 5444 2307 5499 ferenda
2331 5452 2424 5496 aut
2449 5442 2953 5513 Cltrisutpltorsonii
2980 5485 2994 5508 ,
3029 5444 3118 5513 qui
3149 5446 3337 5500 urbem
3366 5446 3477 5502 Ro-

1883 5556 2024 5597 mam
2054 5539 2263 5609 imperii
2290 5546 2473 5607 caput,
2507 5543 2600 5591 aut
2626 5535 2823 5593 Valesii
2852 5537 3225 5607 interpretatio
3251 5549 3359 5607 est,
3387 5540 3479 5613 qtti

1971 5677 2027 5758 ά)
2066 5672 2388 5758 ρίεξςετιλςθ
2408 5671 2612 5728 Concil.
2643 5672 2837 5739 Arim.,
2863 5680 3057 5741 quiest.
3093 5672 3145 5727 5.

1975 5748 2023 5820 ε)
2066 5746 2241 5813 Epist.
2283 5745 2375 5799 27.

1977 5822 2023 5891 ί)
2063 5818 2143 5875 Ad
2170 5816 2471 5887 Theodor.,
2499 5815 2563 5871 H.
2590 5815 2650 5871 E.
2684 5814 2778 5871 lib.
2814 5830 2894 5885 tv,
2925 5830 3045 5888 cap.
3080 5816 3134 5873 9.

2926 5908 2965 5971 ὃ
