3998 6346
52 1125 66 1388 ξ

52 1389 58 1456 ξ

52 1495 54 1542 Ι

567 305 674 366 159
1726 298 2040 358 SANCTUS
2079 299 2407 361 DAMASUS
2447 299 2647 361 PAPA.
3716 307 3798 373 MO

563 421 667 479 8th
698 419 763 477 iis
788 417 1079 475 Damasum
1107 415 1268 474 Urbis
1299 413 1557 471 Romanae
1580 417 1894 487 episc0pum
1921 417 2165 489 designa-
2191 420 2246 480 Α
2268 419 2467 490 fuerat,
2489 438 2552 479 ac
2585 422 2872 493 plurimum
2898 421 3159 478 intererat
3199 422 3317 493 ejus
3357 421 3471 480 loco
3512 425 3798 486 catholicum

567 529 682 575 tum
707 515 979 586 intelligit.
1008 511 1195 582 Neque
1222 525 1352 567 vero
1400 511 1675 568 Sirmondi
1715 514 1900 582 opinio
1930 512 2163 569 dil‘ticul—

565 619 675 665 tate
703 617 1018 672 caret,eutn
1064 619 1126 660 ea
1169 603 1247 660 sic
1297 605 1509 660 reddit:
1545 604 1651 661 Sed
1697 607 1972 660 necessitas
2015 606 2162 660 nobis

562 705 806 776 imposita
832 710 928 767 est,
953 709 1008 755 ut
1033 700 1103 754 ad
1129 717 1216 754 vos
1239 701 1552 755 mitteremus
1576 701 1841 754 dominum
1879 710 1925 755 et
1951 702 2166 755 commi-

565 798 779 852 nistrum
802 802 1034 849 nostrum
1068 792 1356 862 Elpidium,
1391 811 1422 847 a
1468 795 1606 866 regio
1631 791 1986 847 Romanorum
2020 794 2164 864 prin-

567 889 961 961 cipatulittera:
993 888 1279 943 habentem.
1332 889 1670 959 Quamquam
1711 888 1855 943 enim
1913 904 2000 944 me
2053 904 2160 943 non

558 984 742 1049 lateat,
772 983 836 1037 iis
864 981 1091 1036 vocibus
1139 981 1441 1036 Romanum
1478 981 1766 1052 imperium
1819 996 1966 1049 sazpe
2014 981 2188 1036 desi--

561 1075 740 1144 gnari,
761 1074 916 1142 cujus
943 1074 1018 1128 rei
1048 1073 1153 1128 alia
1186 1071 1364 1128 an‘erri
1411 1073 1660 1141 exempla
1719 1083 1936 1142 possent
1965 1089 1980 1137 ;
2037 1088 2159 1127 cum

562 1175 742 1223 tamen
773 1166 974 1238 Illyrici
998 1167 1236 1237 episcopi
1269 1166 1514 1222 scribunt
1536 1166 1806 1235 Elpidiqu
1835 1183 1893 1222 se
1920 1167 2157 1239 legatum

564 1261 800 1326 mittere,
830 1266 986 1317 τοῦτο
1007 1261 1065 1316 τὸ
1090 1261 1306 1338 γράμμα
1333 1258 1548 1332 ἔχοντα,
1582 1259 1648 1314 de
1677 1260 1740 1313 iis
1772 1259 1964 1315 litteris
1992 1267 2160 1329 agunt

557 1370 694 1424 quas
723 1354 827 1421 ipsi
859 1355 1212 1423 scripserant.
1243 1369 1306 1408 ac
1327 1353 1545 1424 Elpidio
1575 1352 1830 1408 ferendas
1857 1352 2156 1408 dederant:

556 1445 698 1501 unde
727 1445 1086 1516 Epiphanius,
1113 1446 1268 1516 cujus
1298 1444 1797 1515 interpretationem
1831 1443 2160 1501 Sirmondus

553 1541 823 1610 sequitur,
856 1539 1177 1610 particulam
1205 1538 1301 1593 has
1330 1538 1602 1607 adjunxit,
1650 1554 1809 1608 quam
1832 1538 1924 1593 ille
1949 1538 2155 1592 omisit.

554 1629 668 1686 Hoc
695 1632 855 1702 igitur
873 1631 1012 1696 loco,
1033 1640 1195 1700 atque
1215 1631 1282 1685 iis
1306 1630 1485 1686 verbis
1515 1629 1954 1686 Valentinianum
1981 1630 2156 1698 ipsum

553 1725 941 1796 imperatorem
961 1766 976 1789 ,
1007 1723 1290 1794 designare
1318 1741 1424 1778 non
1453 1732 1698 1794 possunt.
1730 1721 1987 1789 Accedat,
2011 1720 2156 1793 quod

2269 528 2540 590 pastorem
2563 518 2706 589 eligi.
2739 518 3024 574 Probabile
3047 519 3229 586 itaque
3257 526 3358 585 est,
3389 518 3656 576 Damasum
3699 537 3801 594 cap-

2266 621 2374 666 tata
2401 612 2689 667 occasione
2716 651 2731 677 ,
2769 612 3006 682 aliquem
3029 627 3096 668 eo
3125 606 3360 676 misisse,
3391 612 3480 682 qui
3504 627 3596 668 suo
3620 614 3799 671 nomine

2266 703 2573 761 Catholicos
2601 705 2980 769 conﬁrmaret,
3013 704 3202 774 eisque
3238 718 3299 758 ea
3343 704 3392 759 in
3430 720 3485 760 re
3515 706 3801 773 procuranda

2265 798 2475 852 auxilio
2496 808 2663 864 esset,
2693 813 2816 853 cum
2845 805 3059 853 constet
3090 798 3200 852 alio
3229 797 3345 850 loco
3389 795 3464 867 (ά)
3503 795 3611 868 ejus
3657 799 3802 868 potiti-

2266 889 2382 945 ticis
2411 889 2647 946 studium
2675 889 2881 959 optimo
2906 889 3157 960 eligendo
3179 889 3296 959 ejus
3323 888 3565 944 Ecclesia:
3585 891 3802 961 episcopo

2266 998 2372 1036 non
2395 982 2650 1038 defuisse.
2687 981 2956 1052 Evagrius
3005 997 3199 1038 revera
3242 997 3270 1036 a
3309 980 3590 1036 Catholicis
3630 982 3803 1038 electus

2265 1084 2393 1130 tunc
2427 1075 2546 1138 fuit.
2580 1075 2722 1147 quod
2751 1076 3004 1132 Socrates
3031 1090 3094 1130 ac
3120 1074 3450 1130 Snzomenus
3491 1073 3671 1130 factum
3697 1077 3804 1132 scri-

2263 1167 2398 1222 bunt
2422 1183 2592 1238 Opera
2620 1167 2886 1222 Ensthatii
2907 1210 2921 1234 ,
2949 1167 3274 1224 Antim-heni
3303 1167 3552 1238 episcopi,
3584 1170 3664 1239 qui
3691 1168 3804 1223 clam

2264 1264 2317 1316 in
2345 1261 2490 1318 Urbe
2522 1304 2536 1328 ,
2567 1270 2622 1318 et
2643 1262 2954 1319 Catholicos
2985 1263 3051 1318 ad
3083 1273 3284 1318 rectam
3315 1263 3468 1318 [idem
3512 1262 3802 1318 hortabatur.

2260 1355 2332 1409 At
2357 1371 2479 1410 cum
2513 1370 2741 1426 magnus
2769 1355 2857 1410 hic
2888 1357 3084 1426 przesul
3109 1355 3204 1411 diu
3233 1366 3412 1421 antea,
3434 1355 3480 1412 si
3505 1355 3804 1411 Theodoreto

2265 1449 2398 1504 tides
2429 1456 2535 1514 est,
2567 1455 2633 1504 ad
2663 1465 2891 1520 superos
2916 1449 3176 1507 abivisset
3203 1450 3300 1523 (ο),
3353 1450 3476 1520 quid
3513 1451 3558 1508 si
3583 1450 3806 1518 dicamus,

2265 1549 2553 1612 utrumque
2583 1553 2882 1608 auctorem,
2915 1558 3080 1596 unum
3124 1559 3224 1613 pro
3275 1543 3464 1607 altero.
3505 1542 3800 1600 Eustbatiutn

2261 1636 2468 1693 scilicet
2496 1653 2592 1705 pro
2621 1637 2865 1700 Zanobio
2893 1637 3246 1709 supposuisse
3275 1637 3299 1692 ?

2331 1727 2421 1782 IV.
2463 1728 2731 1800 Quidquid
2766 1730 2956 1785 horum
3009 1731 3099 1794 sit,
3147 1737 3353 1785 certum
3401 1737 3505 1798 est,
3553 1728 3648 1784 hoc
3686 1742 3804 1782 anno

552 1831 678 1874 cum
727 1816 986 1889 synodica
1040 1820 1155 1872 hate
1201 1815 1442 1885 Epistola
1473 1826 1690 1870 exarata
1752 1815 1872 1883 fuit,
1923 1813 2164 1870 Valenti-
2191 1812 2241 1874 B
2270 1819 2500 1875 Damaso
2541 1821 2807 1876 directum
2856 1821 3071 1878 celebre
3101 1820 3462 1877 Valentiniani
3503 1821 3808 1890 rescriptum,

562 1913 757 1970 nianus
785 1914 1024 1968 nondum
1050 1913 1364 1984 scripserat,
1409 1929 1584 1985 neque
1616 1913 1856 1984 episr-Opi
1899 1913 1976 1969 illi
2027 1923 2155 1967 tunc

556 2020 711 2064 certo
737 2006 876 2063 scire
905 2015 1176 2078 poterant,
1211 2021 1277 2061 an
1305 2007 1395 2062 ille
1422 2020 1548 2062 snas
1573 2002 1800 2062 Concilii
1837 2005 2033 2061 litteris
2060 2005 2184 2061 ad-.

491 2145 502 2154 .
545 2104 830 2168 juncturus
857 2109 1026 2167 esset,
1047 2103 1191 2170 quod
1225 2109 1403 2154 tamen
1433 2099 1638 2154 eisdem
1683 2100 1987 2169 cognitum,
2035 2113 2154 2152 cer-

549 2201 772 2265 tumque
819 2207 941 2248 esse
973 2192 1270 2259 debuisset,
1331 2202 1386 2246 ut
1416 2191 1482 2246 de
1539 2192 1606 2246 iis
1663 2194 1866 2246 mentio
1916 2206 1982 2245 eo
2029 2191 2152 2246 loco

549 2285 712 2354 facta,
745 2288 1042 2343 existimari
1074 2295 1276 2356 posset.
1309 2286 1510 2341 Horum
1537 2286 1698 2357 igitur
1729 2287 2016 2342 verborum
2045 2286 2152 2340 alia

546 2383 772 2437 omnino
803 2383 884 2438 vis
913 2395 1034 2437 esse
1061 2380 1248 2458 debet,
1277 2397 1437 2452 quam
1480 2396 1601 2451 quae
1647 2380 1752 2436 illis
1803 2398 1831 2434 a
1878 2381 2010 2435 viris
2065 2379 2149 2435 his

545 2475 879 2533 doctissimis
923 2477 1259 2532 attribuitur.
1289 2475 1344 2530 Si
1373 2474 1494 2545 quis
1525 2477 1705 2544 itaque
1733 2475 1812 2530 sic
1858 2491 1921 2530 ea
1974 2473 2146 2528 inter-

548 2578 818 2641 pretetur,
860 2573 1207 2625 necessarium
1256 2570 1500 2623 duximus
1540 2569 1608 2623 ad
1640 2585 1728 2624 vos
1782 2569 2050 2624 dominum
2103 2580 2150 2625 et

544 2665 954 2718 comministrum
973 2673 1201 2718 nostrum
1225 2661 1493 2736 Elpidium
1510 2664 1710 2718 mittere
1728 2663 1820 2717 has
1843 2665 2037 2718 litteras
2054 2663 2151 2718 ha-

543 2758 768 2825 bentem,
791 2777 822 2812 a
853 2759 1040 2813 Latino
1072 2759 1300 2830 Imperio
1323 2765 1350 2825 ,'
1394 2758 1588 2815 Latino
1637 2759 1842 2816 scilicet
1895 2775 2148 2815 sermone

541 2851 794 2919 scriptas,
831 2848 993 2916 forte:
1023 2862 1117 2906 aut
1147 2867 1247 2921 ego
1278 2849 1461 2915 fallor,
1506 2861 1601 2906 aut
1648 2853 1871 2922 propius
1923 2853 2148 2908 accedet

542 2942 610 2997 ad
638 2958 848 3008 verum,
881 2957 945 2998 ac
976 2943 1152 2999 locum
1180 2943 1510 3014 planiorem,
1544 2954 1706 3014 atque
1737 2944 2146 3000 extricaiiorem

542 3033 758 3090 reddet.
811 3035 1036 3091 Coiistat
1084 3035 1228 3091 enim
1293 3053 1323 3092 a
1389 3038 1586 3109 grmcis
1641 3038 2000 3106 scriptoribus
2047 3037 2148 3092 sub

537 3126 800 3203 Ῥωμαίων
827 3130 1090 3184 vocabulo
1122 3131 1318 3184 latinos
1356 3130 1628 3202 designari
1679 3146 1746 3187 ac
1797 3132 2026 3202 exprimi
2057 3146 2148 3187 so-

2259 1923 2446 1969 contra
2473 1913 2720 1978 clericos,
2754 1913 3026 1986 falsosque
3058 1917 3354 1971 monachos
3381 1956 3396 1980 ,
3439 1915 3526 1986 qui
3578 1911 3804 1984 religione

2260 2007 2621 2062 abutebaniur
2670 2007 2737 2063 ad
2783 2009 3081 2079 captandas
3134 2009 3418 2063 viduarum
3447 2050 3462 2072 .
3511 2007 3804 2078 aliarumque

2259 2111 2633 2171 suspeetarum
2684 2099 3006 2156 feminarum
3053 2102 3422 2157 haereditates.
3472 2101 3542 2158 De
3589 2099 3680 2156 hac
3712 2099 3803 2170 ipsa

2260 2193 2375 2262 lege
2409 2192 2770 2266 Hieronymus
2817 2196 2889 2266 (Γ)
2920 2205 2977 2251 et
3002 2194 3325 2252 Ambrosius
3354 2205 3511 2266 agunt
3537 2193 3643 2268 (g),
3669 2193 3810 2263 iisque

2255 2287 2569 2342 auctoribus
2618 2297 2832 2343 constat
2884 2288 3131 2343 eamdem
3201 2288 3590 2344 ecclesiastiras
3641 2292 3809 2339 tantum

2258 2393 2518 2446 personas
2549 2379 2842 2451 respicere,
2878 2396 2982 2435 non
3010 2388 3189 2436 autem
3250 2379 3527 2450 prohiberi
3578 2374 3812 2433 Ecclesias

2257 2471 2546 2540 quominus
2568 2472 2739 2543 legata
2769 2471 3196 2528 et.ha:reditates
3219 2481 3501 2543 caperent.
3535 2469 3658 2526 llinc
3696 2467 3809 2522 idem

2258 2565 2616 2638 Hieronymus
2639 2585 2652 2622 :
2683 2567 2748 2619 sit
2779 2567 2960 2630 haeres,
2987 2567 3076 2620 sed
3106 2575 3268 2621 mater
3284 2567 3529 2634 ﬁliorum,
3551 2563 3601 2618 id
3619 2573 3700 2627 est,
3720 2575 3813 2632 gre-

2254 2658 2332 2728 gis
2363 2659 2444 2712 sui
2473 2657 2727 2726 Ecclesia,
2756 2675 2872 2729 quin
2910 2660 3030 2714 illos
3065 2661 3262 2732 genuit,
3284 2659 3524 2736 nutrivit,
3583 2666 3624 2712 et
3674 2653 3806 2728 pavit.

2253 2751 2390 2806 Cum
2445 2758 2625 2806 autem
2658 2751 2741 2806 lex
2773 2752 2863 2806 illa
2905 2771 2932 2805 a
2961 2753 3191 2807 Damaso
3257 2753 3456 2823 papulo
3508 2752 3559 2805 in
3601 2747 3810 2804 Ecclesiit

2254 2845 2384 2898 lecta
2413 2845 2590 2912 fuerit,
2625 2846 2748 2902 inde
2771 2845 2952 2915 colligi
2985 2855 3180 2915 potest,
3210 2863 3321 2918 quo
3364 2847 3454 2900 ille
3499 2843 3664 2900 studio
3701 2841 3810 2896 alla-

2253 2938 2493 3005 boraret,
2529 2950 2582 2993 ut
2610 2939 2740 2994 clari
2797 2939 3163 3004 sanctitatem,
3227 2941 3533 3011 famamque
3585 2939 3809 3006 integram

2254 3041 2513 3098 servaret,
2546 3049 2775 3102 seseque
2797 3040 3060 3104 pra-terea
3096 3034 3166 3088 ab
3187 3035 3336 3090 omni
3392 3033 3619 3088 avaritiae
3664 3025 3810 3095 suspi-

2252 3129 2408 3182 cione
2427 3129 2663 3184 alienmn
2695 3129 2968 3196 probaret.
2999 3128 3129 3183 Nam
3154 3144 3253 3184 cur
3281 3129 3519 3184 dicamus
3564 3138 3675 3180 cum
3721 3119 3811 3176 Go-

538 3199 688 3280 litos.
719 3223 860 3280 Hinc
888 3223 1224 3280 Sozomenns
1269 3223 1386 3292 ait,
1441 3199 1732 3280 Photinum
1763 3199 2019 3298 Ῥωμαίων
2062 3230 2146 3284 καὶ
2170 3199 2217 3264 C
2253 3220 2486 3287 tofrcdo,
2520 3221 2664 3275 illam
2691 3220 2914 3290 jnbente
2951 3221 3327 3276 Valentiniano
3355 3221 3530 3292 potius
3557 3231 3701 3288 quam
3727 3212 3814 3266 R0-

539 3315 781 3381 Ἔλλήνων
803 3322 939 3396 quinm
967 3324 1184 3375 doctum
1229 3319 1540 3388 scripsisse,
1577 3334 1640 3374 ac
1695 3319 1952 3376 Socrates
1995 3321 2144 3376 illum

543 3423 806 3488 Ῥωμαῖκῆς
837 3415 1034 3484 linguae
1081 3413 1222 3468 haud
1248 3424 1527 3482 expertem
1569 3426 1744 3468 vocat.
1781 3415 1981 3469 Eodem
2012 3430 2149 3485 quo-

540 3521 648 3578 que
677 3521 861 3572 sensu,
892 3505 1285 3571 Tertullianus,
1318 3504 1548 3560 Rufinus
1583 3506 1970 3576 Aquileiensis,
2016 3505 2149 3562 Cas-

540 3599 730 3654 sianus
759 3598 1155 3664 Massiliensis,
1197 3599 1398 3670 aliique
1458 3597 1634 3652 Latini
1683 3597 1875 3653 Patres
1922 3597 2150 3654 Romani

540 3692 669 3747 dicti
697 3703 823 3746 sunt
846 3692 944 3763 (a).
979 3692 1058 3748 Ac
1079 3692 1458 3764 hieronymus
1489 3691 1607 3760 ipse
1637 3693 1690 3746 in
1721 3691 1940 3763 Illyrico
1971 3704 2146 3760 ortus,

545 3785 614 3842 de
658 3785 1032 3842 Orientalibus
1059 3788 1330 3857 queritur,
1353 3786 1497 3858 quod
1525 3789 1780 3843 novellum
1808 3806 1841 3842 a
1867 3805 1923 3844 se
1943 3789 2149 3845 homine

543 3879 782 3935 Romano
810 3896 996 3934 nomen
1028 3879 1309 3952 exigerent
1339 3899 1350 3934 :
1385 3881 1549 3952 idque
1581 3881 1703 3936 aliis
1732 3882 1996 3954 exemplis
2018 3897 2151 3938 con—
2173 3903 2190 3916 π

544 3971 751 4027 ﬁrmari
785 3981 992 4044 posset.

613 4062 702 4120 ΙΙΙ.
742 4062 948 4122 Scribit
975 4063 1247 4119 annalium
1275 4080 1472 4135 parens
1519 4065 1624 4120 hoc
1665 4079 1810 4119 anno
1854 4063 2144 4124 Damasum

540 4157 846 4214 Romanum
901 4160 1208 4229 pontiﬁcem
1243 4200 1258 4226 ,
1331 4160 1862 4229 Constantinopolim
1929 4163 2145 4218 misisse

537 4265 786 4310 sanctum
823 4251 1146 4319 Zanobinm,
1180 4253 1556 4310 Florentimnn
1582 4253 1780 4308 deinde
1805 4257 2141 4325 episcopum,

540 4348 630 4418 qui
665 4347 1016 4404 insultantem
1063 4346 1389 4402 Arianorum
1432 4347 1782 4417 petulantiam
1840 4355 2142 4414 coerceret,

539 4442 681 4509 quod
709 4451 890 4498 tamen
929 4451 1056 4499 ante
1104 4441 1394 4498 Bironium
1448 4442 1746 4512 scripserat
1801 4441 1994 4496 Petrus
2040 4437 2144 4496 Ca-

539 4536 671 4596 sella
722 4544 954 4600 veteres,
995 4535 1048 4590 ni
1100 4535 1278 4602 fallor,
1312 4537 1638 4592 Florentium
1687 4537 1945 4592 Ecclesia:
1976 4535 2143 4590 tradi-

2251 3331 2413 3370 manu
2443 3316 2558 3385 ipso
2584 3316 2840 3386 episcopo
2883 3315 2934 3370 in
2985 3316 3230 3370 ecclesiis
3275 3315 3591 3385 publicatam
3621 3351 3636 3374 ,
3677 3303 3812 3362 veluti

2253 3405 2598 3462 moderanda:
2629 3421 2848 3462 suorum
2861 3406 3142 3474 cupiditati
3172 3407 3483 3478 perutilem,
3510 3413 3562 3460 et
3600 3411 3814 3457 necessa-

2253 3499 2430 3556 riam?
2456 3499 2540 3554 An
2567 3499 2785 3570 aliquod
2812 3499 3144 3570 imperatorii
3182 3499 3345 3570 hujus
3376 3494 3621 3570 prmcepli
3645 3493 3694 3548 in
3720 3490 3812 3559 ipsa

2257 3592 2376 3664 lege
2401 3592 2685 3662 vestigium
2708 3591 2834 3646 est?
2862 3594 2941 3645 An
2969 3600 3232 3662 prteterea
3266 3591 3435 3645 moris
3460 3596 3608 3653 erat,
3636 3589 3690 3639 ut
3734 3582 3815 3633 im-

2257 3695 2568 3757 peratorum
2599 3685 2764 3755 leges,
2793 3684 2836 3739 si
2863 3701 2982 3756 quze
3015 3683 3084 3739 ad
3113 3685 3353 3739 rationes
3385 3681 3634 3738 Ecclesiae
3679 3671 3816 3746 perti-

2258 3791 2472 3844 nerent,
2504 3778 2558 3832 in
2585 3778 2830 3834 ecclesiis
2855 3777 3208 3849 legerentur?
3258 3777 3372 3832 Hoc
3421 3789 3578 3832 nemo
3629 3767 3813 3831 dixerit,

2256 3877 2352 3925 aut
2377 3874 2567 3926 saltem
2598 3870 2927 3942 probaverit.
2963 3869 3096 3924 Nam
3133 3885 3254 3941 qua:
3286 3869 3356 3926 de
3384 3870 3687 3924 clericorum
3729 3856 3830 3928 pri-

2257 3965 2467 4035 vilegiis
2497 3965 2582 4020 lex
2614 3979 2643 4018 a
2675 3965 2989 4019 ConSIantio
3021 3964 3126 4018 lata
3159 3963 3358 4030 fuerat,
3382 3971 3693 4035 quamquam
3735 3949 3816 4005 Fe-

2255 4057 2344 4113 lici
2378 4075 2526 4130 papa:
2553 4059 2778 4126 directa,
2816 4069 2994 4114 tamen
3040 4057 3182 4126 apud
3222 4070 3361 4117 acta.
3391 4056 3568 4112 civilia
3614 4051 3813 4110 scilicet.

2255 4161 2312 4206 ct
2335 4152 2562 4206 Urbana:
2593 4153 2947 4224 prml‘ecturze,
2971 4164 3156 4222 aperte
3185 4152 3315 4205 lecta
3347 4151 3542 4206 dicitur
3573 4143 3668 4220 (Ii).
3706 4139 3816 4195 Cum

2254 4245 2436 4314 itaque
2470 4246 2606 4310 haec,
2636 4245 2704 4300 de
2733 4261 2835 4316 qua
2866 4246 3096 4315 agimUs,
3131 4243 3292 4299 fuerit
3321 4243 3374 4297 in
3412 4237 3660 4297 Ecclesiis
3703 4244 3818 4304 ριέεο

2256 4346 2338 4392 ter
2365 4353 2567 4392 morem
2597 4338 2888 4406 proposita,
2916 4337 3036 4406 jure
3060 4339 3364 4406 meritoque
3388 4335 3491 4390 hoc
3519 4332 3702 4388 factum
3729 4335 3817 4379 uno

2246 4429 2473 4500 jubonte
2505 4430 2755 4497 Damaso,
2790 4431 2898 4486 imo
2927 4430 3119 4486 eodem
3143 4429 3444 4499 impulsore
3493 4427 3657 4497 legem
3697 4419 3816 4472 illam

2250 4524 2320 4578 ab
2346 4526 2671 4592 imperatore
2704 4524 2886 4586 latam,
2911 4523 3178 4578 Baronins
3203 4525 3440 4587 censuit,
3473 4517 3611 4590 quod
3639 4513 3698 4567 ad
3736 4508 3819 4562 bu-

541 4629 719 4683 tioncs
745 4641 961 4683 Secutus
995 4627 1090 4700 (ὁ).
1121 4633 1379 4687 Actorum
1415 4627 1682 4699 profecto,
1708 4629 1902 4697 quibus
1926 4628 2008 4682 vir
2027 4646 2140 4682 ma-
2169 4600 2226 4662 D
2247 4617 2338 4688 jus
2371 4617 2638 4688 pontiﬁcis
2663 4615 2846 4670 laudes
2874 4616 3119 4679 accedit;
3146 4631 3245 4671 nec
3277 4614 3438 4670 video
3491 4625 3584 4667 cur
3630 4595 3817 4700 Β-ιγίξηίί

537 4736 678 4793 gnns
709 4720 973 4775 adductus
1001 4730 1108 4784 e-t,
1139 4734 1188 4774 ut
1223 4721 1326 4775 Ιι-οο
1355 4720 1639 4778 scriberet,
1675 4721 1950 4775 levissima
1985 4738 2141 4790 pror-

540 4830 634 4869 sus
657 4813 790 4868 tides
821 4824 904 4869 est
929 4795 952 4879 l,
986 4821 1043 4868 ut
1065 4812 1444 4867 Tillemontius
1481 4811 1551 4885 (c)
1585 4812 1778 4878 prohat
1801 4853 1814 4877 ,
1839 4828 1900 4865 ac
1924 4813 2142 4866 Bollan-

539 4907 660 4977 dus,
686 4907 778 4978 qui
809 4924 868 4962 ea
896 4908 1116 4961 minime
1144 4905 1494 4962 describenda
1532 4905 1743 4959 censuit
1773 4920 1788 4970 ;
1834 4905 2142 4976 h'ustraque

538 5000 812 5057 recentior
839 4999 1033 5071 aliquis
1068 4999 1118 5052 in
1145 4999 1208 5052 iis
1238 4996 1571 5052 vindicandis
1602 5014 1823 5068 operam
1853 4998 2144 5054 colloCaVit

538 5110 713 5152 suam.
745 5092 901 5161 Quod
936 5107 1031 5160 pro
1055 5091 1156 5146 hac
1183 5092 1439 5159 Opinione
1471 5090 1746 5145 observari
1778 5102 1974 5159 potest.
2009 5090 2138 5145 illud

541 5198 627 5244 est
651 5229 666 5254 ,
691 5186 834 5258 quod
864 5186 1058 5240 Valens
1081 5199 1224 5239 anno
1255 5183 1348 5238 illo
1377 5199 1516 5254 pene
1567 5186 1778 5254 integro
1826 5181 2141 5238 COnSIanti-

539 5280 723 5353 nopoli
744 5277 918 5334 abfuit
939 5296 952 5337 :
976 5275 1254 5333 Eudoxius
1279 5288 1547 5348 praeterea
1580 5276 1810 5334 Arianus
1850 5276 2138 5336 defunctus

635 5483 692 5540 ai
718 5484 877 5541 Fabr.
910 5481 1019 5539 BB.
1050 5479 1118 5540 G.
1153 5479 1247 5535 lib.
1277 5494 1331 5545 v,
1358 5491 1487 5550 cap.
1512 5477 1605 5542 58,
1638 5492 1786 5533 num.
1823 5476 1925 5535 197
1967 5520 1982 5536 .

637 5555 688 5618 b)
718 5555 797 5611 De
826 5555 1057 5612 Tuscor.
1088 5553 1252 5618 orig.,
1275 5566 1398 5618 cap.
1432 5549 1520 5604 12.

637 5568 663 5610 b
720 5568 797 5611 ue
827 5568 1057 5612 'l'uscor.
1088 5569 1166 5609 οτι
1211 5594 1252 5617 .,
1275 5568 1398 5618 cap.
1432 5568 1520 5604 η.

634 5568 688 5690 ci
714 5628 836 5682 Not.
871 5629 924 5683 in
960 5626 1148 5684 Ambr.
1171 5568 1269 5690 go,
1293 5627 1426 5678 tom.
1449 5633 1526 5677 ix.

637 5695 695 5764 tt)
725 5698 847 5754 Vid.
879 5699 946 5753 ad
976 5714 1104 5753 ann.
1131 5695 1255 5752 580.

635 5762 984 5897 ἡέΐῑιθοὰοτ.
1016 5769 1109 5826 lib.
1143 5784 1222 5837 In,
1252 5779 1370 5838 cap.
1401 5763 1436 5819 ι
1461 5780 1476 5832 ;
1505 5762 1725 5826 'l'illem.
1779 5764 1835 5824 in
1883 5762 2134 5826 Eustbat.

541 5849 659 5898 net.
691 5842 742 5897 5.

2253 4712 2588 4781 opimonem,
2617 4725 2738 4775 qua:
2763 4710 2941 4764 erudit
2963 4725 2988 4762 s
3011 4709 3231 4780 placuit,
3253 4706 3600 4763 Constantius
3619 4693 3814 4768 rejici”-

2254 4803 2522 4859 Cieterum
2553 4822 2671 4875 qua:
2702 4803 2952 4859 indoctus
2971 4803 3274 4860 Jannonius
3299 4803 3425 4858 hinc
3448 4799 3672 4858 canticit.
3705 4803 3818 4862 prii.“

2259 4899 2604 4954 tet-mittenda
2660 4913 2879 4963 censeo,
2913 4905 3024 4957 tum
3054 4897 3197 4968 quod
3225 4913 3285 4952 ea
3319 4898 3545 4950 hucn‘on
3562 4889 3814 4945 attineaot,

2253 5001 2367 5046 tum
2397 4993 2535 5062 quod
2568 4992 2714 5046 illutn
2747 4994 2845 5046 hac
2873 4991 3234 5049 Valentiniani
3259 4989 3379 5060 lege
3403 4986 3472 5042 ad
3505 4997 3628 5040 suas
3647 4973 3818 5034 conﬁr-

2255 5087 2482 5141 mandas
2511 5087 2790 5158 opiniones
2815 5087 2984 5152 abuti,
3009 5097 3195 5156 aperte
3225 5086 3565 5140 demonstret
3590 5077 3648 5133 P.
3676 5079 3819 5132 Λιιῑο·

2257 5183 2378 5235 nius
2410 5181 2662 5249 Blancus,
2686 5197 2842 5253 quem
2870 5182 3123 5238 consulas
3151 5182 3198 5238 si
3225 5181 3375 5237 lubet
3407 5177 3491 5252 (i).

2353 5481 2398 5571 Γ)
2423 5482 2524 5571 Ep.
2675 5501 2821 5540 num.
2854 5484 3060 5571 (ξι-νει.
3103 5486 3234 5544 edit.

2326 5555 2402 5679 (ἵ)
2428 5556 2527 5622 Ep.
2557 5555 2640 5618 t8,
2677 5573 2827 5612 num.
2863 5556 2950 5613 15.
3533 5624 3546 5639 ο
3590 5623 3602 5636 ⁸

2311 5625 2562 5752 ἁράιέοιι.
2590 5628 2796 5684 The-od.
2823 5629 2918 5688 lib.
2951 5645 3065 5698 xu,
3087 5630 3170 5686 tit.
3193 5629 3248 5697 2,
3269 5642 3394 5706 cap.
3413 5625 3508 5696 Η,
3531 5624 3704 5695 ibique
3723 5613 3814 5674 Go-

2251 5698 2449 5754 tofred.

2323 5767 2388 5840 (ἱ)
2429 5769 2586 5830 Tom.
2620 5787 2693 5840 tv,
2715 5771 2812 5832 lib.
2837 5789 2898 5846 ιι,
2923 5788 3044 5848 cap.
3068 5773 3125 5846 5.
3156 5772 3185 5846 ί
3215 5773 3270 5828 2-
