3998 6346
201 307 269 363 lil
937 339 956 360 ο

757 419 984 478 CAPUT
1030 420 1115 478 Vl.

196 544 296 611 571,
319 543 508 600 ῡΑιΑει
537 543 604 612 6,
634 543 918 601 ϐωτιικο
961 559 1086 600 suo.
1131 559 1167 600 tt
1196 559 1265 600 er
1297 542 1487 601 Sex-ro
1522 541 1736 600 Pano-

717 658 806 700 uto
824 644 1004 701 Pnoeo
1017 659 1161 702 coss.

197 781 224 838 Ι.
258 779 466 836 Revocati
513 779 580 833 ab
622 781 806 835 exsilio
862 779 1165 847 Ursiniani,
1211 800 1312 854 quo
1351 781 1580 836 conclusi
1626 783 1739 853 {ue-

245 884 334 929 rant
353 889 371 940 ς
393 872 758 936 suburbicariw
785 877 1175 944 provinciaeque;
1205 874 1386 942 Ruﬁni
1417 876 1479 929 de
1507 876 1740 930 suburbi—

245 970 366 1024 curiis
394 967 649 1025 Ecclesiis
676 970 943 1025 sententia.
973 969 1015 1024 Il
1057 967 1121 1024 S.
1154 967 1341 1024 Basilii
1371 968 1551 1040 Magni
1578 968 1645 1020 ad
1675 965 1736 1023 S.

243 1061 577 1128 Athanasium,
604 1074 650 1117 et
679 1059 962 1116 Damasum
1008 1063 1192 1117 iilterte
1224 1061 1322 1115 hoc
1346 1080 1480 1115 anno
1509 1062 1739 1130 scriptor,

239 1171 332 1228 qua
353 1156 684 1210 illustrantur
704 1172 724 1210 :
746 1166 794 1210 et
821 1155 1120 1227 Anonymus
1147 1155 1632 1210 Amstelodamensis
1658 1169 1743 1207 re-

241 1247 432 1318 fellitur.
460 1245 550 1302 Ill.
585 1247 932 1302 Recensentur
960 1263 1132 1301 causa:
1152 1247 1292 1312 alite,
1323 1247 1406 1300 cui
1433 1248 1564 1301 idem
1587 1243 1743 1300 Basi-

237 1340 324 1394 liu
342 1343 408 1394 ad
436 1340 719 1396 Damasum
747 1341 1010 1410 scripserit
1033 1383 1049 1408 ,
1077 1357 1233 1408 eaque
1262 1342 1527 1396 occasione
1552 1341 1618 1395 de
1637 1343 1739 1396 An-

241 1433 452 1488 tias/leno
485 1432 748 1488 Heluium
773 1435 908 1488 inter
930 1445 978 1488 et
1005 1432 1283 1488 Paulinum
1308 1433 1526 1488 dissidio
1550 1436 1746 1508 agitur,

238 1536 280 1582 et
311 1527 372 1580 de
419 1525 678 1582 lamella
711 1529 1009 1598 Ancyrano.
1050 1525 1138 1582 IV.
1176 1525 1282 1580 Hie
1301 1527 1364 1580 ab
1413 1526 1596 1582 ltazresi
1633 1528 1748 1580 vin-

239 1618 442 1685 dicatur,
503 1635 568 1672 ae
620 1617 876 1673 Basiliam
921 1627 1173 1691 postremo
1219 1619 1432 1672 meliora
1477 1618 1748 1684 edoctum,

238 1727 264 1763 ο
303 1712 642 1783 prtejudicata
689 1710 934 1766 adversus
990 1711 1228 1766 eumdem
1279 1711 1586 1766 Marcellum
1641 1712 1756 1784 opi-

241 1803 378 1858 nione
399 1805 698 1858 discessisse
731 1805 996 1873 probatur.

243 1919 548 1975 LBaronius
592 1921 696 1976 hoc
736 1935 880 1976 anno
903 1919 1012 1976 duo
1043 1921 1232 1975 recitat
1258 1918 1620 1974 Valentiniani
1663 1935 1751 1975 re-

193 2016 354 2084 scripta
378 2057 391 2081 ,
421 2017 652 2071 alterum
683 2014 747 2069 ad
796 2013 1104 2083 Ampelium
1129 2057 1142 2079 ,
1172 2012 1265 2085 qui
1295 2013 1516 2087 Olybrio
1550 2017 1754 2069 interea

199 2111 238 2163 in
265 2110 564 2177 praefectura
611 2117 983 2172 successerat,
1029 2109 1256 2163 alterum
1301 2109 1366 2161 ad
1405 2105 1758 2162 Maximinum

197 2199 327 2258 Urbis
369 2204 625 2257 viCarium
650 2244 665 2268 ,
715 2203 910 2272 quibus
955 2199 1206 2258 Ursicino
1228 2243 1240 2266 ,
1275 2201 1545 2272 sociisque
1577 2200 1715 2258 Urso
1741 2243 1756 2268 ,

206 2296 347 2361 Rufo,
375 2296 682 2352 Gaudentio
704 2339 719 2364 ,
768 2296 1051 2352 Auxanoni
1078 2339 1093 2363 ,
1134 2295 1420 2363 Auxanio,
1453 2295 1661 2351 Adiedo
1707 2304 1761 2352 et

208 2389 368 2444 Rufino
393 2390 543 2458 copia
574 2391 632 2444 fit
653 2389 968 2445 discedendi
1002 2405 1028 2441 a
1062 2390 1358 2444 constituto
1389 2389 1562 2444 exsilii
1603 2390 1721 2443 loco
1743 2431 1760 2456 ,

200 2504 248 2542 ac
271 2472 579 2559 ubicumque
610 2489 840 2552 vellent,
874 2487 1243 2554 consistendi,
1273 2502 1334 2542 ea
1367 2495 1544 2541 tamen
1577 2485 1764 2540 mndi-

199 2582 318 2636 tione
374 2583 616 2658 apposita
674 2597 741 2636 ne
770 2579 994 2635 Romam
1053 2592 1145 2634 aut
1186 2565 1346 2634 intra
1385 2580 1767 2634 suburbicarias

197 2677 396 2746 regiones
419 2676 611 2746 pedem
639 2674 921 2729 inferrent.
951 2673 1087 2727 flint:
1116 2674 1295 2743 itaque
1316 2673 1766 2741 tliSCiﬂ‘tllS,-pl'€l!-

199 2768 359 2835 cipuos
383 2766 619 2824 Ursicini
647 2767 884 2822 asseclas
910 2808 924 2832 ,
960 2765 1126 2819 Roma
1162 2767 1390 2832 primunt
1416 2807 1428 2829 ,
1461 2781 1583 2818 mox
1613 2775 1764 2819 extra

195 2859 486 2929 vigesimum
516 2859 752 2928 lapidem
799 2859 1010 2927 [.UlSOS,
1040 2873 1101 2911 ac
1142 2857 1374 2920 denique
1401 2867 1550 2911 certo
1577 2856 1767 2911 exsilio

196 2951 454 3007 damnatos
475 2952 579 3008 sub
599 2949 808 3021 Olybrii
833 2951 1148 3021 proiectura
1177 2952 1338 3006 fuisse
1363 2993 1376 3015 ,
1395 2951 1489 3004 cui
1521 2950 1764 3019 proinde,

197 3045 320 3112 quod
338 3056 682 3100 contumaces
699 3045 1110 3113 compresserit,
1138 3043 1577 3109 Valentinianus,
1605 3054 1660 3096 ut
1689 3043 1771 3095 vi-

194 3137 351 3192 dimus
367 3180 383 3206 ,
410 3139 708 3210 gratulatus
731 3138 926 3192 fuerat.

1557 301 2086 362 PROLEGOMENA.

1759 428 1816 489 Α
1839 421 2127 477 clementia
2149 436 2246 476 sna
2264 463 2280 488 ,
2301 438 2459 493 quam
2483 439 2643 496 plena
2663 438 2821 482 antea
2849 427 3123 498 imposita.
3151 431 3263 487 Hoc
3304 447 3438 490 vero

3340 316 3444 375 ιιι

1839 515 2150 586 argumenti
2193 533 2394 587 genere
2424 535 2556 575 usus
2583 523 2746 576 etiam
2777 520 2954 578 fuerat
3005 524 3266 595 Dupinius
3308 539 3438 584 ante

1839 607 2246 663 Tillemontium
2283 627 2296 664 :
2330 609 2490 676 Nam,
2529 622 2588 666 ut
2618 616 2691 666 ait
2725 614 2844 679 ille,
2895 615 2957 671 Si
2987 619 3219 690 regiones
3249 621 3438 674 subur-

1841 704 2046 760 bicarite
2071 747 2086 768 ,
2117 707 2195 760 vel
2225 708 2459 763 universo
2488 710 2706 780 imperio
2735 712 2999 780 Romano,
3023 717 3101 768 vel
3127 717 3306 770 saltem
3337 716 3440 772 0c-

1841 799 2086 854 cidentali
2131 802 2536 872 responderent,
2589 804 2712 876 quid
2755 805 2980 874 ineptius
3022 824 3174 877 quam
3243 809 3444 864 homini

1842 892 2045 946 cuidam
2068 935 2082 956 ,
2135 894 2266 948 velut
2311 894 2562 967 insignem
2589 897 2811 967 gratiam
2837 900 3111 955 concedere
3133 941 3150 968 ,
3181 913 3236 957 ut
3267 901 3442 958 Gallia

1844 987 2073 1051 excedat,
2099 1003 2158 1040 ea
2184 996 2353 1041 tamen
2405 989 2536 1058 lege,
2574 1005 2636 1041 ne
2664 991 2843 1059 pedem
2887 993 2940 1045 in
2995 994 3288 1049 unirersum
3344 997 3444 1049 ima

1845 1079 2042 1149 perium
2074 1078 2385 1145 Romanum,
2411 1091 2502 1136 aut
2534 1083 2714 1138 saltem
2751 1084 2802 1137 in
2849 1084 3178 1142 Occidentem
3207 1089 3398 1157 inferat
3418 1089 3446 1142 7

1848 1170 2123 1245 Ejusmodi
2155 1177 2384 1245 profecto
2411 1176 2578 1249 gratia
2603 1177 2790 1232 summi
2810 1179 3188 1258 supplicii‘loeo
3211 1181 3446 1237 habenda

1848 1274 1974 1317 esset
2008 1263 2103 1336 (b).

1923 1359 2096 1415 Porro
2118 1363 2258 1430 quod
2286 1363 2352 1418 ad
2384 1366 2620 1434 priorem
2643 1369 2970 1428 sententiam
2992 1370 3218 1439 attinet,
3246 1370 3340 1426 vix
3363 1380 3452 1437 est

1851 1453 2083 1522 amplius
2104 1497 2120 1520 ,
2149 1459 2238 1525 qui
2267 1456 2663 1538 Gothofrednm
2697 1468 2751 1516 et
2791 1461 3112 1518 Salmasium
3150 1463 3451 1519 subarbica-

1853 1545 1960 1600 rias
2005 1549 2238 1617 regiones
2286 1549 2426 1606 intra
2474 1555 2828 1608 centesimum
2885 1554 3168 1610 dumtaxat
3217 1557 3449 1626 lapidem

1856 1640 2189 1696 collocantes
2219 1657 2432 1699 errasse
2479 1661 2584 1700 non
2628 1646 2892 1712 fateatur,
2939 1662 3062 1703 cum
3108 1649 3458 1720 apertissime

1857 1745 2068 1789 constet
2096 1735 2284 1790 eadem
2319 1753 2450 1794 voce
2475 1755 2620 1810 saepe
2646 1741 2956 1811 designatas
2988 1742 3224 1813 reliquas
3261 1755 3453 1800 omnes

1782 1833 1831 1894 Β
1863 1829 2200 1898 provincias,
2230 1847 2365 1900 quas
2395 1831 2562 1888 Urbis
2583 1834 2818 1888 vicarius
2845 1835 3228 1890 moderabatur
3255 1837 3352 1909 (c).
3386 1837 3457 1891 At

1859 1921 2001 1990 quod
2023 1922 2090 1976 ad
2113 1936 2302 1977 eorum
2324 1923 2637 1989 Opinionem
2667 1936 2913 1998 spectat,
2942 1925 3036 1997 qni
3059 1931 3456 1998 metropolitica

1860 2013 2088 2068 Romani
2115 2014 2354 2084 episcopi
2377 2016 2501 2085 jura
2528 2018 2664 2072 intra
2697 2019 2886 2074 decem
2917 2021 3158 2085 reliquas
3186 2021 3304 2075 illas
3334 2035 3461 2092 pro-

1860 2106 2064 2161 vincias
2083 2117 2358 2163 coarctata
2381 2111 2612 2173 vellent,
2642 2111 2793 2165 vides
2817 2112 2966 2166 illam
2990 2112 3090 2166 bac
3116 2127 3222 2168 una
3250 2114 3460 2168 ratione

1861 2200 1981 2266 ltiti,
2009 2202 2150 2272 quod
2178 2202 2548 2258 suburbicaria.’
2567 2205 2796 2259 ecclesia:
2823 2204 2956 2258 nihil
2987 2205 3242 2260 differant
3263 2222 3296 2259 εν
3336 2207 3461 2261 sub-

1862 2295 2130 2350 urbicariis
2151 2298 2430 2368 provinciis
2451 2339 2465 2364 ,
2497 2307 2660 2368 atque
2695 2305 2804 2352 una
2833 2298 3132 2366 eademque
3171 2298 3242 2352 sit
3287 2299 3340 2352 in
3368 2298 3465 2353 de-

1864 2388 2096 2445 finienda
2142 2405 2304 2445 causa
2350 2405 2536 2445 eorum
2570 2391 2858 2445 verborum
2906 2391 3172 2446 vis.-Hinc
3201 2391 3468 2460 aninius

1863 2496 1978 2536 rem
2007 2483 2084 2536 sic
2116 2491 2268 2554 urget
2293 2502 2305 2538 :
2341 2483 2522 2538 Restat
2545 2485 2908 2552 inquirendum
2933 2525 2948 2551 ,
2980 2500 3098 2554 ante
3121 2487 3310 2555 fuerint
3336 2499 3459 2553 pro-

1864 2575 2044 2628 vincite
2065 2617 2078 2638 ,
2114 2585 2160 2629 et
2207 2577 2434 2630 ecclesia
2463 2575 2866 2643 suburbicariae,
2914 2586 2964 2630 et
2995 2579 3210 2646 quinm
3253 2577 3467 2631 illarum

1865 2666 1996 2736 ﬁnes
2024 2681 2042 2720 :
2071 2666 2166 2720 hoc
2190 2678 2359 2720 autem
2389 2670 2442 2722 in
2474 2668 2656 2740 primis
2680 2671 2818 2722 circa
2839 2671 2987 2722 istaut
3012 2670 3346 2738 quastionem
3365 2678 3472 2722 δια-ί

1867 2759 2114 2814 tuendum
2144 2762 2341 2815 videtur
2368 2803 2382 2826 ,
2415 2771 2464 2815 et
2494 2778 2588 2831 pro
2617 2771 2756 2816 certo
2784 2760 3208 2834 supponendum.
3234 2762 3480 2816 ecclesias

1868 2853 2250 2908 suburbicarias
2314 2855 2622 2927 respondere
2678 2857 2958 2924 provinciis
3038 2855 3407 2909 suburbieariis
3454 2871 3474 2908 :

1868 2949 2302 3017 quemadmodum
2324 2953 2460 3004 enim
2489 2951 2716 3004 ecclesia
2742 2948 3013 3020 Egyptiar
3035 2987 3060 3016 ,η
3080 2949 3306 3011 Asianos.
3341 2947 3477 3019 Illy-

1868 3043 2060 3096 ricame
2087 3059 2158 3097 ets
2182 3053 2302 3097 sunt
2329 3042 2556 3098 ecclesias
2579 3085 2594 3110 ,
2637 3059 2751 3111 qua!
2777 3045 2830 3096 in
2868 3045 2982 3097 istis
3007 3043 3310 3098 ditecesibus
3330 3051 3480 3096 erant

1869 3138 2004 3202 sitte,
2037 3141 2110 3190 ita
2135 3137 2290 3192 etiam
2317 3138 2542 3191 ecclesia:
2569 3138 2934 3192 suburbicariar
2953 3137 3072 3191 alite
3097 3154 3202 3192 esse
3232 3154 3335 3191 non
3358 3153 3479 3208 pos-

255 3229 373 3286 llzrc
412 3248 528 3302 quae
569 3239 867 3287 memorata
903 3246 931 3284 a
976 3245 1059 3284 me
1091 3239 1248 3296 sunt,
1275 3240 1329 3282 ct
1355 3228 1548 3299 quilms
1578 3228 1762 3283 subur-
1795 3236 1840 3297 ρ
1874 3240 1994 3285 sunt
2031 3232 2094 3285 ab
2125 3232 2264 3297 illis,
2305 3247 2419 3300 quin
2447 3231 2725 3304 provinciis
2749 3231 3118 3284 suburbicariis
3141 3233 3474 3285 contineban-

197 3322 484 3378 ln'cariarum
531 3326 814 3394 regionum
869 3323 1069 3376 mentio
1120 3323 1211 3384 lit,
1267 3321 1628 3376 Valentiniani
1677 3336 1766 3376 re-

202 3419 383 3487 scripta
413 3419 772 3489 abripiunt,ct
802 3419 854 3472 in
886 3433 999 3472 rem
1024 3433 1174 3472 suam
1202 3415 1534 3471 transferunt
1561 3414 1770 3472 Gotho-

197 3507 362 3565 fredus
399 3522 451 3566 et
487 3509 886 3566 'l'illemontius.
917 3508 1156 3578 Uterque
1203 3509 1364 3578 igitur
1392 3505 1772 3562 suburbicarias

198 3606 459 3671 provincias
487 3613 533 3659 et
558 3605 790 3677 regiones
819 3620 986 3659 unum
1027 3603 1278 3671 idemque
1316 3617 1436 3656 esse
1469 3609 1621 3670 putat
1647 3616 1770 3656 cum

197 3697 558 3754 suburbicariis
585 3699 831 3754 ecclesiis
850 3740 864 3763 ,
893 3713 1026 3767 quas
1051 3695 1274 3750 Rufinus
1298 3711 1325 3748 a
1345 3694 1563 3749 Nicaeno
1591 3710 1712 3749 can.
1739 3693 1772 3750 6

201 3791 404 3849 Romani
428 3796 661 3867 episcopi
697 3793 1042 3850 sollicitudini
1073 3793 1362 3846 attributas
1391 3792 1466 3844 ait
1513 3788 1630 3862 (a);
1677 3788 1771 3844 sed

201 3883 371 3941 borum
413 3889 554 3956 prior
606 3885 988 3941 suburbicarias
1033 3885 1265 3954 regiones
1308 3881 1584 3937 concludit
1634 3882 1774 3935 intra

200 3979 530 4034 centesimum
577 3981 644 4034 ab
681 3978 821 4034 Urbe
863 3976 1099 4047 lapidem
1123 4018 1136 4042 ,
1169 3975 1469 4045 iisdemque
1512 3973 1774 4030 cancellis

198 4070 305 4141 jura
330 4074 568 4144 ejusdem
592 4073 822 4128 Romani
856 4071 1096 4143 episcopi
1140 4071 1322 4124 omnia
1353 4069 1661 4133 concludit;
1693 4069 1772 4121 al-

203 4175 276 4220 ter
309 4179 436 4224 vero
473 4168 848 4223 urbicariarum
877 4166 1256 4235 provinciarum
1285 4179 1418 4218 voce
1448 4178 1539 4216 eas
1585 4177 1776 4216 omnes

198 4257 459 4333 intelligit,
487 4279 610 4334 quae
636 4263 896 4333 parebant
929 4259 1088 4317 Urbis
1119 4259 1350 4323 vicario,
1396 4271 1444 4313 et
1476 4258 1636 4312 latius
1681 4274 1773 4328 pa-

202 4353 395 4423 tebant,
427 4357 776 4427 Campaniam
809 4356 1015 4410 scilict-t
1038 4397 1052 4420 ,
1083 4352 1367 4408 Tltusciaut
1392 4362 1446 4408 et
1474 4351 1772 4419 Umbriam,

200 4443 439 4503 Picenum
471 4451 926 4514 suburbicanum,
958 4447 1222 4502 Valeriam
1247 4489 1260 4510 ,
1289 4445 1566 4502 Samnium
1592 4487 1608 4511 ,
1636 4451 1780 4513 Apu-

199 4537 338 4606 liam,
358 4555 411 4599 et
432 4543 735 4600 Calabriam
760 4587 773 4608 ,
799 4543 1093 4598 Lucaniam
1117 4583 1130 4604 ,
1157 4552 1210 4596 et
1231 4542 1447 4596 Brittios
1465 4584 1477 4606 ,
1511 4541 1772 4607 Siciliam,

1873 3332 1974 3376 tur.
2004 3363 2018 3378 .
2050 3362 2064 3377 .
2093 3321 2252 3376 Ferri
2284 3325 2446 3394 igitur
2476 3324 2684 3378 minime
2711 3331 2876 3394 potest
2911 3323 3119 3377 illorum
3155 3324 3358 3395 opinio,
3389 3323 3480 3393 qui

1871 3419 2254 3490 provinciarum
2283 3419 2520 3484 nomine,
2549 3419 2627 3472 vel
2653 3420 2952 3473 universum
2977 3419 3248 3488 imperium
3268 3418 3346 3472 vel
3371 3411 3480 3472 sal-

1873 3521 1969 3566 tem
2005 3511 2327 3567 Occidentem
2358 3514 2648 3569 universum
2671 3513 2931 3585 designari
2956 3513 3151 3568 volunt.
3176 3513 3266 3569 Sic
3300 3512 3390 3567 ille
3410 3527 3479 3567 ex

1874 3599 2110 3675 Tripode
2133 3602 2240 3677 (d).

1946 3697 2100 3752 Nunc
2143 3713 2272 3753 vero
2317 3713 2420 3769 ego
2456 3708 2774 3768 argumenta
2826 3712 2944 3753 non
2981 3697 3236 3764 afferam,
3285 3697 3479 3768 quibus

1875 3803 2062 3849 eoatra
2092 3793 2443 3860 Sirmondus,
2469 3795 2670 3864 aliique
2692 3795 2788 3850 viri
2812 3794 3110 3850 doctissimi
3139 3794 3481 3850 demonstra-

1875 3899 2004 3943 runt
2026 3931 2041 3956 ,
2071 3905 2230 3960 quam
2264 3888 2430 3942 futilis
2453 3905 2512 3944 ea
2545 3890 2683 3943 ratio
2707 3889 2804 3957 sit,
2839 3903 2908 3945 ne
2932 3898 3108 3944 actum
3134 3903 3309 3960 agam.
3338 3886 3478 3942 Illud

1877 3982 2128 4052 adjiciam
2175 3983 2452 4038 dumtaxat
2483 3993 2856 4055 argumentum
2902 3983 3005 4038 hoc
3036 3999 3144 4053 quo
3184 3981 3482 4036 'l‘illemon-

1881 4076 1983 4130 tius
2030 4077 2196 4130 utitur
2217 4118 2230 4139 ,
2283 4085 2336 4130 et
2377 4077 2636 4146 Dupinius
2663 4118 2676 4141 ,
2711 4077 2812 4130 vim
2843 4075 3075 4146 aliquam
3107 4075 3306 4129 habere
3334 4073 3482 4127 amr-

1882 4169 2135 4223 mativam
2167 4183 2328 4238 posse
2351 4209 2365 4232 ,
2400 4177 2455 4221 at
2483 4170 2705 4223 minime
2734 4169 3055 4238 negativam.
3089 4167 3218 4220 Nam
3267 4167 3309 4218 si
3342 4165 3482 4218 urbi-

1881 4261 2050 4316 carias
2091 4262 2335 4316 ecclesias
2370 4276 2492 4315 esse
2522 4260 2638 4314 illas
2660 4260 2769 4319 ais.
2802 4275 2921 4329 quae
2968 4267 3199 4328 quatuor
3238 4272 3480 4312 annona-

1880 4355 1977 4409 riis
2017 4370 2081 4409 ac
2113 4356 2334 4423 reliquis
2378 4355 2540 4410 etiam
2588 4354 2882 4424 provinciis
2922 4355 3372 4416 eont'itteliantur,
3426 4351 3479 4407 id

1880 4461 1982 4516 ego
2009 4445 2164 4502 facile
2194 4447 2486 4502 concedam
2511 4489 2527 4509 ,
2561 4463 2665 4501 non
2697 4448 2768 4500 ob
2797 4463 2914 4501 eam
2963 4447 3138 4501 solum
3167 4448 3433 4502 rationem
3463 4487 3478 4510 ,

1881 4541 2023 4610 quod
2053 4543 2422 4597 suburbicariis
2445 4545 2720 4613 provinciis
2746 4545 3184 4608 remitterentur,
3233 4545 3326 4599 sed
3357 4546 3480 4614 quia

199 4632 521 4712 Sardiniam,
548 4646 603 4692 et
626 4636 900 4693 Corsicam
924 4653 939 4702 ;
968 4643 1129 4704 atque
1154 4637 1276 4690 hinc
1299 4635 1677 4688 suburbicarias
1699 4650 1779 4688 ec-
1805 4635 1856 4694 ‘D
1885 4635 2064 4690 nullus
2107 4647 2224 4690 erat
2249 4638 2334 4690 cui
2380 4648 2630 4707 parerent
2659 4637 3106 4706 metropolitanus
3152 4647 3346 4706 praeter
3375 4635 3484 4690 Βοσ

201 4727 366 4782 etesias
411 4741 562 4786 recte
608 4733 830 4785 conficit
873 4745 969 4784 eas
1018 4744 1138 4783 esse
1171 4730 1330 4782 etiam
1357 4770 1370 4794 ,
1418 4745 1538 4798 qua:
1584 4729 1777 4784 iisdem

203 4821 474 4884 provinciis
502 4821 760 4876 omnibus
791 4821 1243 4886 continebantur;
1267 4819 1362 4874 sed
1388 4820 1524 4874 ultra
1551 4820 1778 4888 Italiam,

201 4911 408 4986 eiusque
440 4916 576 4972 fines
618 4929 774 4987 negat
809 4912 1068 4986 praetendi
1106 4912 1345 4984 potuisse
1377 4923 1693 4984 argumento
1715 4915 1784 4969 ab

201 5008 462 5078 rescriptis
490 5012 624 5080 ipsis
673 5011 876 5078 petito,
921 5025 1038 5080 qua:
1080 5007 1328 5063 Ursicino
1358 5007 1530 5062 exsuli
1572 5009 1783 5077 copiam

203 5096 388 5156 faciunt
406 5103 720 5160 discedendi
753 5118 784 5158 e
810 5101 1031 5169 Galliis,
1078 5114 1240 5172 atque
1277 5102 1383 5154 alio
1417 5117 1512 5170 pro
1555 5102 1782 5156 arbitrio

205 5190 526 5263 divertendi',
555 5196 650 5252 sed
678 5195 963 5265 prohibent
993 5192 1284 5266 velantque
1321 5210 1388 5248 ne
1427 5193 1656 5247 Romam
1694 5209 1783 5248 ac-

206 5287 376 5353 cedat,
403 5305 450 5346 el
483 5293 650 5361 pedes
680 5291 876 5346 inferat
909 5291 964 5344 in
991 5291 1223 5361 regiones
1253 5290 1632 5344 suburbicarias
1653 5332 1666 5353 ,
1714 5291 1788 5343 si-

208 5382 418 5448 quidem
439 5386 482 5438 si
512 5384 864 5440 Occidentem
898 5392 1066 5437 totum
1099 5382 1467 5438 suburbieariis
1495 5383 1787 5456 regionibus

210 5486 509 5542 expressum
546 5477 844 5547 intelligis,
893 5474 1170 5532 Ursicinus
1210 5475 1469 5532 secedere
1507 5475 1787 5530 debuisset

213 5561 261 5617 in
305 5567 602 5639 Orientem,
655 5573 814 5641 eique
851 5568 1067 5640 gravior
1116 5567 1306 5624 fuisset
1351 5568 1650 5638 Imperator
1697 5567 1790 5624 ille

282 5703 360 5779 (ᾳ)
395 5709 592 5767 Hister.
623 5710 718 5766 lib.
750 5725 796 5775 ι,
827 5724 948 5779 cap.
983 5708 1039 5764 6.

279 5775 355 5853 (lt)
392 5781 466 5853 [)e
489 5783 640 5838 Eccl.
679 5780 878 5851 Discip.
899 5775 1126 5853 dissert.
1158 5797 1205 5847 ι,
1243 5781 1270 5853 §
1304 5781 1481 5836 ultim.

281 5847 354 5920 (ε)
381 5850 611 5912 Consule
631 5847 928 5911 Schelestr.
960 5851 1179 5910 dissert.
1213 5847 1280 5920 (ἵ,
1321 5867 1440 5924 cap.
1478 5854 1503 5909 1
1537 5860 1592 5909 et
1620 5852 1659 5906 2
1681 5893 1696 5922 ν
1738 5862 1797 5910 οι

1885 4743 2103 4783 manum
2159 4730 2485 4798 pontificem.
2535 4738 2600 4784 At
2646 4731 2690 4785 si
2737 4742 2925 4786 contra
2974 4729 3270 4785 contendas
3299 4731 3486 4783 subur-

1885 4822 2105 4878 bicarias
2131 4825 2370 4879 ecclesias
2415 4827 2533 4880 illas
2564 4825 2668 4881 dici
2719 4843 2823 4880 non
2860 4826 3129 4892 potuisse,
3169 4839 3290 4896 quae
3321 4833 3482 4879 extra

1887 4914 2094 4970 Italiam
2145 4917 2252 4972 late
2306 4926 2581 4988 acueptam
2633 4919 2838 4996 po~it:e’
2889 4918 3102 4972 inerant
3172 4931 3479 4987 quanquam

1888 5007 2024 5062 nulli
2055 5019 2309 5078 parerent
2335 5011 2750 5080 Metropolitano
2771 5051 2786 5078 ,
2822 5017 2940 5065 utar
2965 5010 3088 5079 jure
3117 5025 3237 5064 meo
3271 5009 3315 5062 si
3361 5024 3483 5078 per-

1891 5118 2196 5172 negavero,
2230 5119 2328 5158 nec
2357 5111 2412 5158 tu
2443 5103 2600 5159 facile
2625 5105 2876 5169 evinctis,
2917 5104 3059 5174 quod
3093 5103 3172 5158 vis
3195 5151 3208 5172 ,
3246 5102 3347 5154 nisi
3389 5099 3489 5154 ali-

1889 5210 2048 5266 quem
2097 5205 2354 5264 prauteren
2389 5199 2686 5265 superioris
2728 5196 2928 5267 gradus
2973 5197 3284 5265 episc0punt
3319 5193 3484 5248 fuisse

1895 5287 2206 5358 probaveris
2225 5331 2241 5354 ,
2267 5290 2350 5343 eui
2378 5305 2566 5343 omnes
2601 5305 2693 5357 per
2724 5289 2928 5343 Italiam
2955 5299 3113 5358 atque
3133 5287 3483 5342 Occidentem

1894 5381 2139 5436 ecclesiae
2168 5385 2476 5437 subessent.
2503 5381 2716 5436 Nullum
2747 5385 3022 5438 enimvero
3051 5391 3164 5434 toto
3192 5395 3378 5434 eorum
3405 5381 3487 5437 lo-

1895 5489 2080 5529 corum
2126 5483 2296 5529 tractu
2328 5474 2485 5545 hujus
2509 5481 2756 5545 generis,
2789 5487 2840 5530 et
2872 5474 3144 5544 dignitatis
3171 5476 3486 5543 episeopnm

1896 5569 2058 5625 fuisse
2107 5578 2232 5626 ante
2277 5569 2551 5626 Nicamum
2598 5570 2921 5638 concilium,
2970 5582 3036 5623 ac
3081 5579 3275 5639 quarto
3325 5571 3490 5625 etiam

1902 5712 2044 5786 inter
2068 5711 2432 5786 lteterodoxos
2458 5711 2740 5786 pugnam.
2767 5710 2860 5765 lib.
2893 5726 2978 5786 rx,
3010 5725 3131 5784 cap.
3166 5713 3238 5786 l_,
3271 5708 3300 5786 ᾗ
3330 5712 3382 5770 9.

1973 5782 2054 5857 (d)
2091 5785 2169 5841 De
2201 5783 2418 5856 Discipl.
2456 5782 2604 5840 Eccl.
2632 5783 2852 5840 dissert.
2886 5784 2941 5854 1,
2969 5782 3120 5841 num.
3153 5783 3243 5842 ﬂ.
