3998 6350
485 214 590 274 143

1692 195 2009 259 SANCTUS
2046 194 2375 259 DAMASUS
2412 195 2591 255 PAPA
2606 237 2619 252 .

3686 189 3780 246 ιιι

485 331 748 396 provecto
796 320 995 377 saeculo
1038 318 1298 376 concedat
1338 329 1564 373 necesse
1610 324 1727 376 est.
1773 317 1863 385 qui
1912 317 2087 370 cccle—
2120 320 2160 382 Α
2190 315 2442 370 donianis
2490 324 2730 377 captant,
2781 312 3035 382 praiseuti
3085 310 3333 367 subsidio
3379 309 3594 374 fuerat,
3640 321 3702 361 ac
3729 316 3780 359 ut

486 419 701 474 siastica
724 431 908 471 eorum
938 428 1232 476 temporum
1258 418 1605 465 monumenta
1637 418 1950 477 percurrat,
1980 421 2079 461 nec

488 513 569 569 sic
597 512 822 580 ineptire
851 524 968 564 cum
991 506 1282 576 Quesnello
1313 505 1434 558 velit
1454 547 1469 569 ,
1512 512 1570 558 ut
1596 502 1870 556 Romanos
1900 501 2074 568 ponti-

492 607 622 662 ﬁces
649 647 662 667 ,
692 619 878 660 omnes
918 601 1331 673 metropoliticaa
1383 597 1657 664 dignitatis
1695 595 2080 665 prmrogativas

487 711 542 757 ct
569 700 742 755 officia
764 699 829 753 ad
857 714 914 750 se
937 697 1265 759 traxisse,ac
1290 693 1756 763 metropolitanos,
1781 693 1824 746 si
1850 691 1937 746 uni
1967 688 2082 743 fue-

483 793 632 857 rint,
680 790 890 846 titulmn
925 789 1183 843 habuisse
1220 788 1338 842 sine
1369 801 1449 846 re,
1497 794 1698 839 temere
1743 792 1950 837 asserat
1978 781 2076 853 (a).

483 885 645 939 Vides
679 884 837 954 igitur
856 881 1238 937 sabuibirnrias
1259 879 1499 932 ecclesias
1525 893 1629 932 non
1661 891 1752 930 eas
1781 891 1898 928 esse
1921 872 2081 926 dum-

481 987 664 1040 taxat,
694 994 814 1049 qum
853 977 1274 1032 continebantur
1323 974 1430 1028 illis
1467 972 1632 1028 Italizc
1668 971 1861 1025 linibns
1889 1012 1904 1030 .
1947 983 2084 1039 quos

480 1071 644 1127 Urbis
670 1073 906 1125 vicarius
933 1077 1200 1138 potestate
1224 1084 1318 1121 sua
1345 1065 1726 1120 moderabatur
1747 1107 1762 1130 ,
1797 1063 1890 1116 scd
1925 1062 2084 1116 latius

480 1165 644 1220 etiam
677 1162 923 1232 protendi
959 1163 1233 1230 potnis~e,
1266 1171 1426 1227 atque
1453 1158 1575 1214 hinc
1607 1155 1889 1226 intelligis,
1921 1169 2084 1224 quam

481 1256 724 1326 ineptum
776 1255 1046 1324 fallaxque
1092 1253 1162 1306 sit
1211 1259 1586 1321 argumentum
1635 1246 1800 1308 illud,
1848 1246 1990 1316 quod
2054 1259 2084 1297 a

483 1349 759 1419 provinciis
787 1345 1151 1400 suburbicariis
1179 1344 1246 1398 ad
1273 1341 1646 1397 suburbicarias
1673 1339 1912 1393 ecclesias
1939 1335 2087 1391 desi-

481 1441 758 1511 gnanda-5,
788 1447 844 1493 et
868 1436 1202 1491 deﬁnit-udas
1244 1437 1473 1502 Capitur.
1501 1433 1580 1488 An
1626 1449 1743 1486 vero
1763 1472 1776 1496 ,
1817 1440 1873 1485 ut
1902 1428 2086 1484 verbis

483 1542 605 1587 utar
635 1532 732 1584 viri
786 1529 1086 1597 gravissimi
1130 1527 1404 1582 Benedicti
1439 1525 1742 1588 ΒςοεοΙιίιιίἱ,
1775 1522 2087 1593 ignoraverit

484 1628 748 1686 Ruﬁnus,
781 1623 918 1692 quod
947 1640 1040 1677 nos
1072 1639 1172 1676 non
1213 1623 1365 1686 latet,
1396 1620 1628 1674 Romano
1673 1619 1864 1672 scilicet
1897 1627 2083 1671 metro-

2185 409 2350 464 vcrho
2381 408 2582 473 dicam,
2613 424 2642 461 a
2675 406 2905 462 Damaso
2935 405 3195 460 auxilium
3224 406 3519 474 petendum
3555 400 3777 458 censuit.

2185 501 2320 556 Hinc
2343 500 2638 557 Athanasio
2668 499 2836 570 inquit
2868 517 2881 552 :
2918 497 3124 552 Dudum
3152 499 3268 552 novi
3290 541 3304 556 .
3335 509 3383 552 et
3415 498 3526 567 ipse
3555 512 3646 558 pro
3685 510 3780 546 meo

2185 599 2347 652 diocri
2374 614 2543 651 rerum
2569 597 2749 650 notitia
2776 638 2791 662 ,
2825 612 2978 650 unam
3009 612 3118 649 esse
3147 593 3394 650 Ecclesiis
3425 592 3616 646 nostris
3640 590 3782 641 auxi-

2187 689 2244 744 lii
2273 691 2402 743 viam
2427 732 2440 754 ,
2471 690 2514 742 si
2540 689 2801 743 nobiscum
2823 689 3114 756 conspirant
3145 684 3512 740 Occidentales
3539 681 3778 751 episcopi.

2189 783 2328 838 Nam
2356 784 2401 837 si
2429 785 2680 838 voluerint
2704 823 2720 848 ,
2747 780 2886 853 quod
2911 780 3254 834 adhibuerunt
3283 779 3545 843 studium,
3574 776 3632 828 in
3663 791 3781 836 uno,

2187 887 2277 931 aut
2308 877 2470 930 altera
2502 876 2573 948 (c)
2609 877 2825 947 pessime
2849 877 3035 930 sentire
3077 876 3410 944 deprehensis
3435 913 3452 940 ,
3484 871 3622 925 illud
3645 871 3784 924 etiam

2186 985 2283 1039 pro
2315 981 2605 1024 nostrarum
2637 970 2857 1040 partium
2889 970 3113 1042 partecia
3141 969 3438 1030 ostendere.
3471 969 3698 1038 fortasse
3723 979 3787 1017 re-

2189 1066 2282 1122 bus
2308 1066 2663 1122 communibus
2694 1066 2892 1136 aliquid
2925 1067 3158 1120 utilitatis
3184 1064 3454 1118 accesserit
3483 1062 3562 1131 (d)
3597 1087 3614 1116 ;
3650 1059 3786 1114 Hisce

2190 1173 2370 1215 autem
2404 1161 2584 1215 verbis
2621 1161 2674 1213 ni
2708 1159 2898 1224 fallor,
2947 1158 3201 1214 Attxentii
3232 1156 3516 1212 damnatio
3544 1154 3787 1223 designa-

2190 1265 2308 1320 tur;
2337 1255 2476 1324 quod
2510 1256 2672 1311 etiam
2705 1255 2943 1308 advertit
2982 1265 3137 1309 vetns
3183 1253 3285 1307 hoc
3314 1251 3635 1315 Scholium,
3661 1247 3786 1319 quod

2193 1349 2260 1404 ad
2290 1365 2440 1402 oram
2484 1349 2614 1418 regii
2645 1348 2849 1402 codicis
2881 1348 2941 1401 Ι).
2972 1347 3244 1401 blaranius
3282 1346 3580 1412 ascriptum
3631 1343 3782 1408 legit:

2191 1447 2310 1520 Περί
2339 1452 2439 1500 τῶν
2460 1445 2590 1499 κατὰ
2618 1441 2808 1516 Ῥώμην
2834 1444 3129 1499 ἓπισκὸπων
3158 1444 3425 1507 Δύξιντίου
3455 1444 3540 1496 καὶ
3558 1448 3666 1497 τῶν
3691 1441 3784 1516 περὶ

2192 1539 2363 1594 αὐτὸν.
2397 1539 2695 1593 Aud.veral
2728 1539 2907 1606 itaque
2928 1536 3040 1607 jam
3072 1536 3334 1599 Basilius,
3370 1550 3492 1601 qua:
3522 1534 3740 1588 decreta
3763 1545 3786 1583 ι

2193 1633 2402 1704 synodo
2429 1633 2529 1686 sub
2551 1633 2782 1686 Damaso
2802 1641 2989 1685 contra
3019 1629 3352 1684 Auxentium
3384 1628 3602 1683 fuerant
3631 1667 3648 1691 ,
3679 1640 3782 1695 qua:

483 1719 720 1790 politano
769 1733 856 1784 per
900 1733 958 1769 ea
1008 1725 1237 1783 tempora
1284 1714 1572 1786 provincias
1621 1728 1792 1765 omnes
1835 1712 2086 1780 subjectus

2203 1726 2424 1796 proinde
2458 1725 2524 1779 ad
2572 1724 2717 1779 hunc.
2763 1740 3000 1788 annum,
3051 1734 3141 1778 aut
3173 1724 3338 1778 etiam
3369 1721 3436 1774 ad
3485 1728 3784 1791 sequentem

485 1813 677 1884 fuisse,
713 1825 826 1876 qum
869 1808 1020 1864 Urbis
1048 1809 1239 1862 vicario
1280 1807 1552 1879 parebant,
1601 1803 1851 1857 concessis
1882 1801 2086 1855 Italicis

483 1902 852 1970 metropolibus
894 1903 1138 1973 reliquis,
1187 1918 1313 1971 quas
1363 1899 1536 1952 [mlite
1579 1897 1799 1951 vicarius
1839 1896 2089 1968 regebat?

483 1998 756 2066 Reliquum
787 1997 957 2064 itaque
982 2005 1056 2050 est
1075 2038 1087 2054 ,
1120 2005 1173 2046 ut
1200 1995 1439 2062 ambigua
1467 1991 1559 2045 illa
1583 1989 1977 2045 suburbicarnm
2005 2004 2086 2041 ec-

483 2091 760 2145 clesiarum
787 2105 935 2153 voce,
961 2087 1186 2156 plurium
1204 2086 1581 2158 provinciarum
1607 2083 1844 2136 ecclesias
1867 2081 1984 2136 illas
2007 2082 2090 2134 in-

484 2184 763 2246 tellexerit,
798 2199 912 2252 quae
949 2180 1171 2245 alicubi,
1218 2181 1320 2234 sive
1365 2180 1533 2239 intra,
1583 2177 1660 2231 vel
1699 2185 1844 2231 extra
1873 2175 2088 2230 centesi-

481 2292 623 2331 mum
654 2275 907 2346 lapidem,
939 2275 1044 2328 sive
1087 2275 1139 2326 in
1179 2270 1338 2326 Italia
1362 2313 1374 2332 .
1408 2272 1512 2325 sive
1541 2269 1660 2324 alibi
1703 2271 1816 2325 sita:
1851 2268 2089 2322 Romano

482 2370 718 2441 pontiﬁci
767 2379 1008 2438 tanquam
1059 2365 1396 2438 metropolitre
1439 2363 1741 2419 obediebant
1783 2362 1883 2432 (b).
1945 2361 2089 2417 Usus

479 2464 646 2535 igitur
669 2505 684 2530 ,
713 2474 770 2518 ut
811 2464 901 2518 ille
935 2461 1280 2530 prosequitur
1307 2500 1321 2525 ,
1363 2474 1425 2512 ea
1466 2473 1600 2511 voce
1625 2455 1852 2510 Bnlinus
1880 2466 1963 2510 est
1986 2497 2000 2520 ,
2031 2464 2091 2510 ut

481 2556 685 2611 Nica'ni
715 2554 940 2608 canonis
981 2551 1483 2620 interpretationem
1524 2563 1742 2602 suorum
1785 2557 2089 2615 temporum

484 2649 686 2703 rationi
715 2645 1149 2701 accommodaret
1182 2643 1427 2698 :exortis
1453 2644 1596 2695 enim
1649 2652 1767 2710 post
1812 2640 2090 2696 Nicmuutn

485 2740 774 2798 conciliant
793 2782 808 2806 ,
836 2755 931 2794 seu
962 2736 1297 2792 Concedenle
1317 2778 1331 2800 ,
1360 2751 1455 2789 seu
1484 2749 1588 2790 noti
1622 2743 1954 2803 repugnante
1977 2733 2092 2789 Ro.

486 2847 649 2888 mauo
661 2829 1246 2901 episcopo,perltaliam
1263 2828 1651 2898 lalt‘at'Ccptaln
1668 2827 2096 2895 tnetropolitanis

488 2924 1080 2996 aliquotpapustolicis
1125 2933 1387 2992 praeterea
1417 2920 1677 2975 institutis
1721 2920 1916 2974 alicubi
1950 2923 2096 2974 vica—

495 3020 626 3076 riis.
658 3033 746 3087 qut
783 3018 1107 3087 praesentum
1131 3057 1145 3080 ,
1176 3025 1235 3067 ut
1264 3015 1336 3068 ait
1366 3013 1473 3067 Leo
1507 3013 1727 3082 Magnus
1747 3054 1761 3077 ,
1796 3013 2097 3078 apostolica:

495 3111 764 3182 legationis
813 3110 1104 3178 longinquis
1135 3107 1197 3160 ab
1229 3105 1365 3162 Urbe
1391 3107 1666 3175 provinciis
1695 3106 2050 3174 impenderent

491 3205 722 3273 aliisque
749 3203 904 3257 factis
928 3204 978 3254 in
1003 3201 1367 3254 ecclesmstica
1390 3199 1569 3268 politia
1599 3200 2088 3268 itnnmtationibus,

489 3297 686 3368 quibus
713 3297 859 3360 prior
901 3293 1128 3346 Romani
1161 3292 1330 3360 ipsius
1358 3289 1599 3360 episcopi
1629 3298 1866 3360 potestas
1899 3292 2096 3347 decur-

490 3398 602 3446 tata
659 3389 828 3444 videri
873 3404 968 3458 per
1011 3386 1359 3442 Occidentem
1412 3396 1658 3454 poterat,
1705 3401 1865 3440 secus
1930 3402 1993 3442 ac
2043 3387 2096 3442 in

492 3480 862 3538 Alexandrino
883 3521 897 3545 ,
927 3481 1013 3534 cui
1039 3479 1172 3532 nihil
1198 3478 1266 3533 de
1293 3476 1514 3546 antiquo
1541 3478 1664 3543 jure
1691 3493 1799 3548 peri
1833 3480 2098 3549 integram

492 3575 774 3632 dioecesim
804 3574 1146 3641 decesserat,
1182 3574 1383 3640 putavit
1411 3572 1638 3627 Rufinus
1677 3586 1920 3631 veterem
1953 3576 2101 3631 illaut

495 3683 529 3724 a
581 3668 802 3723 Μοιριιο
854 3666 1089 3721 concilio
1141 3665 1437 3720 adhibitam
1492 3666 1797 3721 Romanum
1854 3670 1995 3724 inter
2045 3678 2104 3726 et

499 3759 927 3816 Alexandrinum
962 3761 1133 3828 ipsum
1172 3758 1482 3827 episcopum
1519 3758 1680 3812 nullis
1717 3760 2103 3831 circumscrip-

497 3864 610 3909 tam
665 3851 967 3917 limitibus,
1034 3851 1532 3919 comparationem,
1589 3851 1810 3908 minimc
1871 3855 2105 3924 amplius

503 3947 794 4002 convenire
829 3959 987 4014 posse
1009 3985 1023 4009 ,
1062 3941 1154 3997 sed
1189 3959 1298 3996 rem
1339 3944 1644 4024 expressit,
1679 3955 1735 3998 ιιι
1765 3961 1886 4002 sese
1920 3947 2107 4002 habuit

502 4058 602 4114 per
628 4041 679 4096 id
710 4050 926 4110 tempus
946 4054 1134 4105 ,‘nunc
1158 4053 1286 4092 vero
1308 4038 1606 4094 obscuriori
1631 4039 1845 4094 dicendi
1877 4057 2101 4111 genere,

502 4137 874 4204 ecclesiasque
897 4131 950 4186 ill
974 4147 1017 4185 is
1040 4145 1226 4185 omnes
1248 4171 1262 4194 ,
1289 4146 1422 4201 quas
1448 4131 1686 4186 retinere
1708 4132 1882 4188 adhuc
1904 4175 1919 4200 ,
1944 4147 2106 4205 atque

503 4230 888 4284 adtninisu'are
915 4225 1219 4280 Ratnatnnn
1253 4223 1565 4294 t-piscOpum
1593 4225 1721 4279 vidit
1748 4242 1960 4297 quoquo
1987 4229 2107 4284 loco

507 4321 711 4391 positas
731 4361 746 4382 ,
777 4319 1161 4374 suburbicarias
1185 4317 1351 4383 dixit,
1380 4333 1624 4388 novaque
1671 4334 1892 4388 prorsus
1917 4321 2106 4390 appelo

506 4415 711 4469 latione
735 4454 750 4478 ,
785 4411 1090 4477 hominem,
1135 4420 1196 4464 ut
1231 4411 1302 4465 ita
1332 4411 1545 4476 dicam,
1579 4411 1800 4481 antiqua
1848 4423 2008 4468 :etate
2053 4424 2110 4470 et

512 4508 785 4570 moribus,
814 4503 1110 4574 juvenilcm
1140 4503 1192 4556 itt
1223 4503 1440 4556 modum
1472 4504 1628 4559 nobis
1653 4509 1884 4574 posteris
1915 4524 2117 4580 reprae-

517 4597 772 4656 sentavit.
805 4593 913 4650 Sed
941 4608 1061 4647 cum
1089 4592 1200 4660 jam
1225 4606 1439 4658 verear,
1470 4607 1538 4648 ne
1567 4593 1622 4648 in
1654 4611 1713 4650 re
1735 4597 1836 4652 hac
1873 4599 1940 4654 ab
1963 4602 2116 4656 insti-

513 4702 630 4748 tuto
651 4690 824 4745 aliena
853 4687 1050 4742 nimius-
1072 4685 1264 4740 fuerim
1288 4727 1302 4750 ,
1335 4688 1386 4741 in
1411 4688 1554 4742 viam
1585 4689 1774 4745 redeo.

584 4783 651 4839 ιι.
677 4781 804 4838 llcc
830 4781 991 4851 igitur
1017 4777 1144 4832 dum
1174 4778 1224 4830 in
1249 4776 1542 4834 Occidente
1569 4793 1862 4850 agerentur
1883 4827 1897 4849 ,
1925 4785 2116 4844 Orien-

511 4881 639 4937 talis
662 4875 906 4934 Ecclesia
925 4889 986 4928 ea
1008 4873 1326 4944 gravissima
1351 4883 1672 4942 tempestate
1692 4877 1996 4946 jactabatur
2013 4887 2114 4941 sub

509 4973 740 5030 Valente
759 5012 772 5029 .
797 4978 960 5038 atque
985 4966 1196 5020 Arianis
1215 5007 1228 5030 ,
1253 4983 1412 5036 quam
1437 4979 1494 5022 ut
1517 4981 1746 5026 Caeteros
1769 4983 2110 5047 pra-tuream,

514 5065 743 5129 Basilius
769 5059 1030 5118 describit
1061 5059 1301 5129 pluribus
1328 5061 1378 5114 in
1411 5062 1543 5116 locis
1564 5106 1578 5128 ,
1610 5065 1704 5119 sed
1737 5071 2015 5134 potissima
2057 5075 2108 5127 in

508 5160 773 5232 Epistolis
794 5159 859 5214 ad
883 5158 1170 5214 Damasum
1193 5195 1210 5222 ,
1235 5156 1476 5228 aliosque
1496 5159 1878 5221 Occidentales
1899 5169 2114 5233 episco.

508 5271 608 5325 pos
628 5299 644 5323 ,
679 5266 734 5311 et
762 5255 828 5310 ad
860 5251 1213 5308 Athanasium
1239 5251 1474 5320 scriptis.
1509 5251 1667 5324 Cepit
1700 5257 1876 5327 itaque
1900 5259 1952 5314 id
1977 5278 2114 5319 con-

508 5351 613 5406 silii
635 5392 650 5417 ,
679 5347 821 5422 quod
846 5339 990 5414 saepe
1017 5345 1152 5398 alias
1171 5385 1187 5410 ,
1215 5357 1280 5398 ac
1305 5359 1476 5414 nuper
1503 5349 1602 5402 sub
1630 5345 1902 5422 Liberio'a
1936 5354 2113 5414 Mace-

580 5490 659 5556 (a)
709 5486 779 5538 \d
812 5485 983 5548 Epist.
1021 5483 1082 5537 D.
1119 5483 1287 5539 Leon.
1326 5483 1394 5539 16
1424 5495 1477 5540 et
1517 5487 1607 5540 80.

582 5562 655 5624 (bi
699 5557 774 5610 De
812 5556 952 5608 E-t'l.
991 5557 1135 5609 lliet‘.
1171 5558 1353 5626 Ut'ig.,
1393 5570 1531 5627 part.
1562 5575 1633 5626 Il,
1659 5575 1812 5616 vers.
1849 5566 1936 5621 16.

584 5629 633 5686 (ε
701 5629 832 5703 ᾧπέρ
861 5628 972 5703 ab;
991 5628 1020 5687 ἦ
1050 5627 1158 5682 δυὸ.

584 5704 658 5760 id,
704 5699 877 5762 Εηλκι.
909 5699 1006 5752 66.
1041 5711 1167 5753 r-ttl.
1207 5700 1290 5752 Bll

2193 1825 2334 1876 ιιι.ι1‹·
2355 1838 2382 1875 a
2409 1821 2683 1874 nonnullis
2704 1818 3124 1889 consignantur,
3149 1819 3216 1870 ab
3238 1816 3361 1871 aliis
3386 1831 3517 1870 vero
3534 1856 3551 1880 ,
3575 1827 3783 1882 quorum

2194 1930 2294 1985 ego
2333 1913 2660 1967 sententiain
2690 1912 2975 1982 amplexus
3022 1927 3139 1965 sum
3167 1952 3180 1976 ,
3225 1926 3429 1964 auntnn
3462 1909 3571 1965 369
3600 1908 3785 1977 optime

2193 2007 2359 2064 relata
2393 2006 2575 2071 fuere;
2609 2022 2797 2060 verum
2846 2021 3020 2072 neque
3067 2005 3219 2074 ipse,
3268 2017 3449 2073 neque
3478 1997 3784 2056 Athanasius

2194 2101 2312 2170 ejus
2339 2111 2457 2155 acta
2491 2101 2741 2154 viderant
2771 2116 2784 2152 :
2819 2114 2942 2152 nam
2973 2113 3076 2152 cur
3119 2097 3357 2167 alioquin
3386 2093 3783 2150 cctnmunicatis

2195 2213 2317 2252 cum
2347 2194 2538 2252 eodem
2566 2193 2870 2248 Athanasio
2898 2191 3164 2260 consilii,
3198 2191 3429 2245 Damaso
3459 2187 3782 2244 scribendum

2195 2290 2498 2346 eetisuisset
2521 2331 2535 2354 ,
2566 2299 2624 2343 ut
2649 2303 2785 2358 quos
2815 2288 2904 2342 ille
2938 2302 3035 2356 pro
3064 2286 3387 2340 auctoritate
3414 2299 3514 2339 sua
3548 2284 3783 2339 missurus

2197 2393 2317 2439 erat
2346 2384 2548 2453 legatos
2572 2382 2636 2436 ad
2666 2379 2971 2436 Orientales
2994 2378 3319 2440 visitandos,
3344 2393 3518 2432 secum
3547 2376 3780 2439 haberent,

2196 2491 2528 2546 quiscumque
2563 2482 2673 2543 post
2704 2472 3022 2525 Ariminense
3067 2471 3341 2525 concilium
3389 2480 3534 2540 gesta
3572 2473 3782 2539 fuerant,

2199 2570 2268 2624 ad
2295 2585 2469 2624 eorum
2493 2611 2508 2633 ,
2539 2583 2654 2637 qtae
2681 2585 2770 2636 per
2798 2568 2899 2620 vim
2935 2567 3046 2620 illic
3089 2576 3204 2620 acta
3231 2565 3470 2636 fuerant,
3514 2563 3784 2618 dissolutio-

2201 2664 2362 2717 nem?
2388 2663 2495 2715 Cur
2527 2673 2785 2730 prmterea
2819 2659 3154 2714 Athanasius
3176 2702 3190 2722 ,
3223 2660 3266 2712 si
3300 2657 3419 2727 t'jlls
3445 2657 3511 2712 ad
3541 2674 3602 2713 se
3623 2654 3784 2728 synodi

2201 2765 2324 2810 acta
2369 2762 2766 2824 pervenerant,
2815 2752 3014 2808 neduut
3048 2767 3112 2808 ea
3143 2751 3322 2805 statim
3357 2751 3505 2805 misit
3550 2748 3618 2803 ad
3663 2747 3784 2802 Basi-

2204 2852 2363 2916 liutn,
2395 2852 2490 2907 sed
2521 2868 2694 2922 neque
2726 2852 2893 2906 ullam
2929 2867 3116 2907 eorum
3131 2850 3463 2906 mentionem
3494 2848 3622 2904 fecit
3648 2846 3696 2902 in
3721 2845 3784 2899 lit~

2204 2945 2336 2998 teris
2367 2945 2432 2998 ad
2463 2960 2585 3000 eum
2617 2944 2880 3014 scriptis?

2278 3039 2512 3093 Basilius
2546 3041 2746 3107 igitur,
2797 3048 3081 3109 postquam
3115 3054 3228 3096 rem
3276 3053 3496 3094 omnem
3539 3053 3657 3092 cum
3705 3033 3782 3092 SS.

2079 3148 2094 3172 ’
2126 3116 2173 3182 C
2203 3132 2504 3188 Athanasio
2526 3145 2579 3186 et
2607 3133 2825 3188 Meletio
2851 3135 3193 3198 contulerat,
3223 3135 3454 3189 Damaso
3477 3131 3716 3202 scripsit,
3736 3141 3784 3181 ac

2211 3227 2484 3282 Dorotheo
2523 3227 2754 3282 diacono
2802 3226 3180 3296 perferendam
3228 3226 3380 3282 dedit
3431 3225 3706 3298 epistulam
3743 3223 3784 3275 in

2206 3331 2424 3376 recente
2451 3319 2550 3374 BB.
2579 3319 2819 3375 editione
2848 3319 3299 3390 septuagesimum
3325 3319 3400 3393 (e)
3424 3362 3437 3382 ,
3469 3335 3628 3391 quam
3657 3317 3719 3382 ii,
3743 3323 3784 3368 ut

2207 3415 2372 3469 etiam
2400 3412 2748 3469 Constantius
2781 3417 3022 3484 priorem.
3044 3415 3184 3469 inter
3212 3429 3305 3469 eas
3332 3423 3558 3468 censent
3582 3454 3596 3479 ,
3629 3421 3783 3478 quas:

2208 3506 2527 3562 Caesariensi
2562 3509 2817 3577 episc0p0
2862 3508 2928 3561 ad
2976 3526 3098 3564 eum
3131 3509 3442 3578 pontificem
3484 3508 3633 3562 datas
3676 3503 3782 3574 Igi-

2209 3613 2349 3653 mus.
2382 3599 2510 3653 Eam
2557 3617 2688 3655 vero
2740 3601 2801 3654 D.
2853 3601 3126 3658 lllaranius
3173 3601 3434 3672 scriptam
3479 3609 3627 3673 putat
3665 3599 3783 3654 circa

2211 3693 2447 3747 medium
2481 3694 2624 3748 hunc
2651 3709 2884 3761 annum,
2931 3695 3088 3764 cujus
3133 3695 3212 3750 rei
3265 3703 3463 3764 prattcr
3507 3695 3726 3748 rationes
3760 3703 3784 3740 a

2210 3786 2372 3843 docto
2401 3796 2456 3840 et
2485 3788 2672 3843 solerti
2707 3789 2822 3843 viro
2857 3790 3147 3858 productas
3178 3791 3279 3861 (ι’),
3324 3806 3430 3844 non
3475 3788 3607 3845 levia
3647 3799 3783 3853 app:-

2211 3888 2334 3935 rent
2361 3880 2553 3936 indicia
2575 3922 2588 3946 ,
2622 3891 2732 3937 tum
2759 3899 2826 3937 ex
2856 3883 2986 3952 ipsis
3012 3884 3078 3937 ad
3110 3884 3394 3937 Damasum
3418 3925 3434 3948 ,
3469 3891 3576 3936 Iunt
3606 3896 3664 3935 ex
3687 3876 3784 3930 aliis

2211 3972 2279 4026 ad
2330 3973 2604 4028 Meletium
2657 3976 2734 4046 (g)
2784 3976 2997 4030 litteris.
3049 3975 3301 4046 Ejusdem
3348 3975 3528 4030 Basilii
3555 3970 3782 4030 sententia

2216 4063 2387 4118 fut-rat
2409 4107 2422 4128 ,
2455 4078 2510 4120 ut
2542 4068 2606 4119 ad
2644 4068 2928 4122 Damasum
2960 4069 3290 4123 scriberetur
3319 4069 3590 4123 communi
3620 4067 3782 4122 Orien-

2217 4159 2403 4212 talium
2452 4161 2704 4226 nomine;
2753 4173 3143 4232 rogaveratque
3193 4177 3478 4233 propterea
3512 4161 3781 4218 Meletium.

2217 4261 2339 4306 utet
2363 4254 2574 4306 litteras
2598 4239 2713 4323 ipse
2734 4267 3004 4323 exararet,
3027 4265 3082 4309 et
3101 4256 3547 4311 commentarium
3570 4254 3780 4313 ιιιοιατει,

2216 4343 2284 4400 de
2314 4346 2515 4415 quibus
2535 4388 2548 4411 ,
2579 4356 2635 4402 et
2661 4348 2727 4402 ad
2752 4364 2889 4419 quos
2919 4348 3246 4404 Dorotheunt
3274 4351 3437 4405 verba
3463 4349 3630 4404 facere
3650 4354 3782 4412 opor-

2218 4447 2390 4502 teret;
2425 4450 2796 4512 prietcreaque
2825 4453 2884 4497 ut
2910 4444 3126 4509 gravior
3150 4455 3295 4500 esset
3344 4444 3554 4499 illarum
3581 4435 3781 4496 auctori-

2144 4521 2201 4584 D
2229 4541 2308 4584 tas
2337 4532 2478 4601 apud
2513 4532 2831 4602 Damasum,
2862 4550 3049 4592 eorum
3082 4539 3357 4604 omnium,
3406 4538 3499 4605 qui
3543 4535 3635 4591 sibi
3657 4545 3781 4586 cout-

2225 4625 2606 4694 mnnicabant,
2652 4631 2869 4686 nomina
2913 4632 3264 4704 adjungeret,
3293 4634 3505 4689 etiamsi
3549 4631 3780 4687 abessent.

2222 4717 2300 4772 Ita
2331 4719 2473 4774 enim
2505 4723 2756 4790 sperabat
2789 4725 2936 4793 fore,
2967 4735 3026 4782 ut
3055 4727 3120 4780 ad
3152 4727 3584 4784 communionem
3609 4716 3782 4776 lleletio

2224 4811 2404 4879 potius
2426 4829 2582 4882 quam
2613 4815 2839 4870 Paulino
2861 4819 3261 4891 concedendam
3287 4821 3560 4876 Romanus
3584 4810 3782 4887 ροηιὶἷει

2224 4903 2434 4960 facilius
2467 4920 2895 4976 permoveretur.
2926 4913 3009 4969 Au
3040 4925 3218 4971 autem
3249 4915 3493 4970 Meletius
3532 4927 3618 4983 per
3637 4909 3780 4964 Βιιτο·

2228 4997 2408 5054 theuut
2457 5005 2766 5072 scripserit,
2809 5023 3137 5078 quamquam
3186 5010 3238 5064 id
3276 5018 3485 5065 ass-erat
3513 5011 3782 5071 Anonymlls

2227 5093 2500 5163 transfuga
2523 5139 2538 5161 ,
2569 5097 2725 5167 cujus
2745 5114 2776 5152 a
2804 5101 2960 5156 nobis
2987 5105 3192 5159 mentio
3217 5102 3355 5159 facta
3372 5143 3389 5170 ,
3415 5117 3481 5158 ac
3519 5101 3688 5158 iterum
3715 5093 3780 5146 la-

2225 5183 2420 5240 cienda
2447 5187 2580 5254 erit,
2614 5189 2885 5248 incertum
2919 5205 3026 5252 est.

2296 5279 2517 5337 Interim
2548 5301 2614 5338 ex
2649 5289 2746 5342 hac
2795 5289 2977 5344 Basilii
3025 5289 3258 5361 epistola
3294 5285 3572 5345 observari
3598 5286 3776 5356 potest.

2227 5385 2349 5442 qua:
2395 5375 2512 5446 ejus
2563 5377 2703 5433 foret
2728 5379 2796 5435 de
2832 5382 2980 5436 sedis
3011 5383 3337 5453 Apostolicze
3380 5383 3712 5439 auctoritate,
3735 5375 3780 5423 ει

2302 5512 2373 5574 le)
2417 5515 2472 5568 ln
2508 5515 2688 5573 Veter.
2714 5520 2845 5574 edit.
2872 5521 2999 5577 29.0.

2300 5584 2368 5668 (ll
2411 5586 2515 5668 γει.
2563 5588 2730 5668 Basil.
2763 5608 2884 5664 cap.
2923 5596 2986 5649 17
3017 5604 3071 5650 ct
3101 5611 3217 5666 cap.
3252 5595 3344 5650 20.

2302 5662 2374 5724 (ἔῖ)
2406 5659 2572 5724 Epist.
2607 5660 2694 5715 68.
