3998 6346
0 5059 4 5082 Ι
21 5055 26 5064 .

0 5267 8 5286 ι
25 5263 32 5272 ο

3 5237 70 6321 ᾗ)

7 5552 14 5568 t
26 5543 36 5552 ”

277 289 362 346 “5
1649 305 2024 369 PROLEGOM
2035 312 2191 370 ENA.

270 407 517 480 dignitate
545 417 838 473 sententia.
869 419 1000 475 Nam
1015 421 1060 476 si
1083 422 1370 482 Damasum
1405 427 1699 498 rogandum
1727 446 1856 488 een-
1884 437 1933 498 Α
1961 437 2093 490 rium
2128 439 2389 510 judicium
2438 443 2506 497 ad
2558 447 2730 502 sedem
2775 451 3113 518 apostolicam
3157 456 3411 520 pertinere
3457 457 3556 531 (ο).

272 514 334 531 η.
518 508 724 531 .,λ,,,,,
774 513 783 531 ρ
1041 526 1051 531 _
1556 525 1566 531 .
1667 527 1676 531 _
1730 528 1758 531 η
1823 527 1833 531 ,

270 514 372 571 set,
416 517 476 559 ttt
517 508 728 579 legatos
772 513 822 565 itt
868 513 1144 572 Orientem
1177 520 1447 587 mitteret,
1480 525 1568 591 qui
1600 527 1676 579 vel
1704 527 1862 581 dissi-

271 597 423 652 dentes
451 603 759 670 concilient,
790 607 866 660 uel
889 606 987 662 Dei
1015 607 1277 666 Ecclesias
1304 614 1372 668 ad
1397 617 1674 670 amicitiam
1705 619 1861 672 redu-

271 702 398 756 cant,
439 694 519 748 vel
553 697 738 752 saltem
782 705 1178 767 perturbationis
1218 719 1450 764 auctores
1477 711 1641 766 eidem
1666 712 1859 770 clarius

268 783 501 851 indicent,
533 789 608 841 ita
635 798 689 842 ut
715 792 854 846 vobis
884 798 1214 864 manifestum
1247 801 1335 865 sit,
1365 803 1668 873 quibuscum
1717 822 1858 860 cont-

266 880 543 936 munionem
565 885 740 940 deceat
769 888 973 955 habere,
999 893 1229 950 Rmnani
1255 899 1522 976 pontificis
1543 918 1852 972 supremam

266 979 659 1046 auctoritatem,
693 981 746 1036 in
788 985 1050 1040 ecclesias
1073 1003 1262 1045 omnes
1291 993 1488 1064 ultique
1524 997 1726 1062 positas
1756 1012 1849 1051 ex-

267 1069 414 1134 tendi,
448 1082 612 1143 atque
641 1075 710 1129 ab
737 1077 855 1144 ejus
879 1078 1086 1150 judicio
1108 1097 1278 1139 sacra:
1305 1087 1703 1143 communionis
1730 1090 1851 1154 jura

263 1162 518 1232 pendere,
545 1168 848 1226 clarissime
893 1174 1171 1242 professus
1214 1190 1296 1233 est
1352 1180 1702 1237 CtI'Sal‘lCIISiS
1737 1185 1853 1253 epi-

261 1269 464 1324 sc0pus.
490 1259 570 1316 Ne
586 1276 714 1318 vero
737 1265 1196 1337 suspiciosubeat,
1222 1273 1350 1342 quin
1374 1274 1460 1329 ille
1489 1275 1706 1332 sincere
1736 1278 1853 1334 hinc

256 1351 479 1405 senserit
514 1363 570 1406 ιιι
598 1354 774 1410 eidem
803 1373 1077 1430 anonymo
1105 1361 1364 1420 hariolari
1397 1356 1631 1435 placuit,
1662 1369 1851 1428 obser-

257 1443 412 1496 vanda
463 1455 729 1515 praeterea
780 1460 941 1515 sunt,
992 1470 1110 1524 qum
1159 1470 1313 1512 antea
1365 1459 1430 1513 ad
1487 1461 1847 1520 Athanasium

257 1536 540 1604 scripserat
567 1536 644 1611 (a)
679 1558 692 1593 :
725 1540 776 1594 Ν
785 1541 893 1596 abis
919 1555 1086 1600 autem
1107 1564 1276 1620 aperte
1306 1553 1524 1621 pretium
1547 1557 1713 1609 uisum
1740 1568 1846 1625 est,

255 1628 312 1682 ad
351 1631 654 1700 episcopum
687 1633 871 1693 Roma:
918 1642 1167 1708 scribere,
1201 1654 1257 1698 ut
1286 1661 1366 1701 res
1397 1660 1601 1704 nostras
1629 1652 1844 1718 invisat,

253 1734 292 1778 et
315 1731 592 1785 consilium
622 1736 764 1798 dare,
795 1744 856 1790 ut
885 1753 1000 1792 cum
1019 1740 1172 1795 illinc
1196 1745 1474 1811 communi,
1507 1763 1571 1801 ac
1595 1749 1844 1818 synodico

2036 531 2126 588 ΠΙ.
2159 535 2424 590 (Ia-terunt
2449 551 2505 592 ut
2527 541 2756 598 Basilius
2777 533 3128 615 apOstuIicztm
3155 551 3336 606 sedem
3361 551 3556 621 adiret,

1961 633 2158 694 praeter
2195 626 2422 684 afflictas
2467 647 2551 684 re~
2581 634 2868 692 Orientalis
2913 638 3202 707 Ecclesiae,
3237 645 3362 699 fecit
3389 646 3554 701 etiam

1961 717 2149 788 ingens
2199 721 2316 789 ejus
2367 739 2491 794 erga
2545 726 2813 783 Meletitun
2863 745 3048 800 amor,
3079 745 3134 790 et
3160 736 3437 801 studium,
3469 739 3558 794 cui

1958 808 2172 866 favebat
2221 829 2329 884 pra:
2381 816 2623 874 Paulino.
2659 821 2772 878 Hoc
2820 825 2933 894 ipse
2989 828 3183 883 fatetur
3207 831 3276 885 ad
3316 832 3560 887 Athana-

1956 903 2096 958 sium
2127 906 2370 963 scribens
2402 908 2502 983 (ά),
2537 925 2696 983 atque
2727 914 2831 970 hoc
2854 927 3112 988 praeterea
3144 922 3243 975 sibi
3278 923 3462 978 volunt
3493 939 3556 980 ea

1958 999 2154 1060 verba,
2187 1015 2306 1065 qua:
2358 1004 2706 1060 recitavintus
2749 1023 2813 1062 ex
2859 1011 3086 1078 epistola
3133 1013 3200 1068 ad
3245 1015 3554 1072 Damasum.

1957 1087 2279 1146 Antioelteni
2314 1091 2472 1163 hujus
2503 1097 2808 1154 schismatis
2844 1101 3118 1159 historiam
3154 1116 3337 1163 texere
3367 1124 3557 1177 snper-

1955 1178 2119 1235 ﬂuunt
2167 1184 2453 1253 existimo,
2481 1203 2603 1243 cum
2648 1206 2709 1246 ea
2745 1196 3014 1250 neminem
3065 1198 3554 1259 ecclesiaSticarum

1956 1287 2136 1329 rerum
2168 1279 2468 1335 SlUditlSllltl
2517 1282 2702 1339 lateat.
2736 1285 2998 1342 Eusebius
3030 1289 3420 1362 Vercellensis,
3451 1293 3558 1351 Lu-

1953 1368 2138 1435 ciferi,
2189 1373 2280 1442 qui
2319 1373 2600 1429 Paulinum
2648 1381 3025 1449 ordinaverat,
3077 1385 3363 1441 consilium
3413 1389 3556 1444 haud

1953 1462 2174 1516 omnino
2219 1466 2452 1534 probans
2476 1509 2491 1532 .
2537 1467 2827 1528 Antiochia
2857 1475 3219 1543 discesserat,
3255 1477 3310 1534 in
3345 1479 3554 1537 Italiam

1952 1570 2292 1624 reversurus,
2318 1563 2484 1616 neutri
2525 1567 2779 1633 partium,
2814 1577 2871 1620 ιιι
2913 1567 3140 1625 Rufinus
3181 1573 3288 1636 ait,
3324 1589 3553 1628 commu-

1951 1649 2155 1703 nionem
2185 1668 2332 1706 suam
2359 1654 2607 1711 relaxans
2636 1657 2731 1730 (e),
2762 1657 3008 1714 Liberius
3027 1677 3056 1715 a
3088 1663 3300 1718 Meletio
3332 1667 3553 1722 minime

1951 1743 2163 1798 alienus
2209 1748 2357 1802 visus
2385 1763 2500 1815 eSI;
2535 1749 2675 1805 hunc
2720 1757 2864 1807 enim
2894 1770 3181 1824 espresse,
3213 1773 3276 1812 ac
3303 1760 3550 1814 nomina-

255 1819 439 1874 ἀθετειο
468 1825 603 1877 mitti
629 1827 837 1898 diﬂicile
866 1832 961 1896 sit,
994 1832 1105 1903 ipse
1129 1835 1226 1888 hoc
1255 1840 1518 1907 negotium
1554 1858 1647 1894 suo
1677 1855 1843 1898 marte
1872 1829 1921 1890 Β
1949 1839 2043 1892 tim
2077 1842 2489 1912 comprehendit
2522 1847 2662 1902 inter
2688 1848 2974 1918 episcenos
2994 1891 3010 1916 ,
3041 1851 3237 1920 quibus
3275 1852 3555 1921 inscripsit

257 1914 606 1985 aggrediatur,
637 1921 718 1974 vel
765 1929 821 1975 ut
865 1930 1115 1992 proprius
1161 1928 1226 1981 ad
1273 1932 1563 1988 Verborum
1613 1935 1716 1988 vim
1748 1938 1840 1991 alii

262 2017 457 2062 vertunt
481 2051 498 2076 ,
531 2011 642 2083 ipse
665 2030 909 2081 suprema
947 2035 1042 2073 sua
1082 2024 1392 2078 auctoritate
1425 2027 1519 2079 hoc
1558 2029 1612 2081 in
1640 2032 1842 2099 negotio

260 2109 430 2154 ttlalur.
461 2103 648 2176 Neque
675 2108 816 2162 enim
851 2127 1076 2168 necesse
1104 2128 1206 2177 eSt.
1243 2126 1301 2170 ut
1326 2134 1444 2188 qtae
1469 2119 1700 2176 Basilius
1722 2125 1842 2180 aliis

261 2193 374 2250 lacis
395 2199 648 2266 scripsit,
678 2216 740 2256 ac
771 2219 870 2258 suo
903 2213 1146 2277 tempore
1183 2209 1474 2267 referenda
1499 2231 1526 2267 a
1560 2229 1646 2269 me
1676 2226 1837 2284 sunt,

259 2287 346 2342 ltuc
371 2293 712 2359 tran~ferant,
739 2296 931 2365 quibus
959 2302 1076 2369 ejus
1107 2303 1174 2356 de
1204 2304 1348 2358 sedis
1375 2309 1687 2376 apostolo-te
1713 2326 1840 2367 auc-

261 2381 454 2436 toritate
491 2383 756 2453 judicium
803 2402 1053 2456 constat,
1088 2408 1150 2448 ac
1198 2396 1614 2466 Scripturientis
1662 2412 1840 2458 trans-

260 2471 379 2543 fuga:
407 2479 682 2534 temeritas
706 2482 1150 2552 deprehenditur.
1181 2493 1267 2555 qtti
1299 2489 1514 2547 Fit-urit)
1537 2493 1702 2549 divini
1730 2498 1840 2566 pri-

260 2575 415 2622 matus
448 2569 567 2639 jura
618 2587 682 2626 cx
715 2571 864 2630 hzsce
891 2576 1088 2634 litteris
1127 2580 1410 2637 nobiseum
1451 2584 1834 2645 demonstrare

257 2674 489 2732 aggresso
517 2664 594 2736 (b)
624 2667 883 2725 insultare
904 2686 1068 2728 ausus
1093 2686 1193 2730 ρει.
1227 2675 1362 2731 Illud
1389 2690 1566 2733 autem
1602 2680 1837 2737 Damaso

261 2753 518 2820 potissime
575 2763 1014 2819 commendatum
1062 2769 1248 2837 cupit,
1283 2779 1340 2824 ιιι
1376 2771 1578 2841 legati,
1603 2789 1740 2844 quos
1782 2775 1835 2830 in

258 2841 510 2904 Orientem
563 2853 826 2910 missurus
859 2869 1002 2924 erat,
1029 2874 1212 2916 secum
1246 2862 1450 2918 ferrent
1479 2881 1836 2938 quaecumque

257 2938 577 3000 Arintinense
601 2948 890 3002 concilium
919 2966 948 3004 a
978 2967 1037 3006 se
1064 2951 1386 3009 dissolutum
1421 2956 1585 3014 fttiSse
1607 2959 1834 3016 deumn-

255 3040 414 3088 strare
440 3048 692 3108 possent;
723 3042 863 3111 quod
895 3045 975 3100 eis
1006 3048 1208 3116 oppido
1239 3049 1577 3117 adversatur,
1610 3056 1698 3124 qui
1725 3072 1834 3112 non

253 3135 539 3194 supremam
568 3131 813 3188 Romano
840 3137 1102 3205 ιιοιιιὶῐίοἱ,
1126 3147 1220 3193 aut.
1246 3156 1427 3210 parent
1453 3145 1684 3202 concilio
1704 3163 1832 3203 auc-

1948 1932 2222 1988 celebrem
2252 1935 2399 1990 illam
2432 1938 2741 2006 epistolam,
2775 1956 2932 2010 quam
2965 1942 3218 1999 Socrates
3249 1950 3432 1998 recitat
3477 1945 3547 2018 (Γ)

1945 2041 1974 2079 a
2005 2027 2227 2082 Silvano
2253 2033 2424 2084 altero
2468 2032 2972 2089 Muci-demanarqu
3027 2043 3202 2104 legato
3249 2038 3314 2092 ad
3357 2038 3551 2094 Orien-

1947 2120 2083 2174 tales
2108 2122 2348 2187 allatam,
2378 2124 2518 2192 quod
2547 2141 2820 2182 eonci-ssa-
2843 2129 3239 2184 eontutuniouis
3261 2145 3550 2200 argumen-

1948 2221 2057 2267 lunt
2092 2215 2316 2269 Basilius
2344 2228 2534 2274 censet
2713 2221 2848 2276 Hinc
2881 2223 3109 2277 Basilius
3143 2225 3276 2293 ipse,
3302 2230 3546 2282 scribens

1945 2305 2264 2374 Athanasio,
2289 2326 2530 2379 quoeum
2551 2317 2615 2366 ad
2642 2313 2884 2383 ejusdem
2914 2315 3108 2370 Mela-lii
3131 2329 3311 2383 partes
3331 2331 3539 2386 pertra-

1946 2398 2031 2454 lta!
2046 2442 2062 2465 ,
2076 2402 2483 2457 :titsententiant
2507 2406 2640 2458 hanc
2659 2409 2988 2462 unammibus
3009 2411 3110 2462 tuis
3126 2409 3544 2468 Occidentalibus

1942 2493 2197 2562 placuisse
2222 2535 2236 2556 ,
2264 2504 2316 2546 ut
2359 2497 2627 2550 ostendant
2675 2497 2857 2552 littera?
2906 2519 2995 2568 per
3023 2501 3224 2557 beatum
3270 2505 3540 2560 Silvanum

1942 2585 2085 2638 nobis
2125 2587 2299 2643 allata:
2344 2588 2440 2662 (lt).
2483 2593 2714 2648 Damaso
2742 2610 2872 2649 vero
2913 2596 3129 2652 Eusebii
3176 2598 3540 2657 Vercellensis

1941 2682 2248 2747 exemplum
2280 2684 2478 2751 placuit
2501 2728 2516 2750 ,
2548 2703 2611 2741 ac
2646 2691 2818 2744 visum
2849 2700 2926 2744 est
2960 2691 3011 2744 in
3041 2706 3099 2745 re
3131 2693 3261 2747 tanti
3285 2693 3543 2748 momenti

1940 2771 2142 2827 diutius
2158 2786 2412 2842 Oportere
2429 2777 2761 2845 deliberare,
2791 2796 3118 2851 causamque
3146 2799 3193 2851 pl
3209 2792 3432 2852 opterea
3457 2784 3540 2839 itt-

1940 2870 2028 2918 ter
2069 2875 2352 2936 utramque
2399 2879 2631 2937 partem,
2662 2887 2980 2940 suspensam
3013 2877 3187 2930 tenuit
3210 2891 3306 2942 per
3335 2877 3541 2946 aliquot

1938 2971 2127 3022 annos,
2159 2961 2362 3026 optinto
2392 2975 2525 3018 sane
2555 2965 2813 3030 consilio,
2847 2976 2903 3020 ttt
2933 2981 3030 3021 suo
3061 2968 3181 3022 loco
3207 2967 3406 3023 dicam.

2012 3048 2099 3103 IV.
2146 3051 2351 3107 [’rtrter
2381 3053 2498 3110 haec
2527 3055 2664 3111 idem
2689 3059 3042 3114 Ctrsariensis
3061 3063 3348 3130 episcopus
3371 3062 3540 3118 Atha-

1938 3143 2094 3198 nasio
2145 3144 2372 3212 scribit,
2411 3163 2634 3204 censi-re
2686 3164 2744 3204 se
2787 3167 2908 3205 cum
2955 3152 3077 3207 aliis
3117 3154 3391 3210 noonullis
3418 3197 3433 3220 ,
3479 3166 3536 3210 ttt

253 3219 506 3278 toritatem
552 3227 897 3297 concedunt,
931 3239 987 3285 ιιι
1029 3231 1232 3302 optime
1257 3247 1382 3291 ante
1410 3255 1496 3292 me
1521 3241 1831 3298 observavit
1858 3221 1904 3284 (ἶ
1935 3239 2191 3304 ειιίεεοιιο
2236 3237 2482 3293 Βυηιέιηο
2536 3240 2896 3296 ἀθιιυηιίοιητ-
2940 3245 3238 3313 Ρθτηίηίοδθ
3295 3245 3535 3302 Marcelli

251 3311 327 3364 vir
371 3313 708 3374 doctissimus
741 3322 798 3376 l’.
831 3322 1103 3393 Iosephus
1134 3329 1465 3398 Augustinus
1494 3313 1703 3400 Graius,
1733 3351 1826 3390 cu-

247 3403 332 3472 jus
358 3406 407 3461 in
433 3409 686 3466 let-torum
716 3416 940 3483 gratiam
972 3417 1076 3473 huc
1102 3425 1264 3474 verba
1285 3423 1601 3478 transferam
1635 3443 1647 3478 :
1680 3424 1826 3480 Inte-

251 3498 342 3550 rint
386 3513 545 3556 autem
591 3507 822 3574 partibus
869 3510 1221 3580 litigantibus,
1257 3523 1327 3568 tot
1369 3517 1726 3584 episcoporum
1773 3519 1828 3574 in

252 3595 486 3661 synodum
515 3611 814 3654 coactorum
854 3620 1095 3659 nutrieras
1127 3622 1368 3678 magnum
1418 3611 1582 3664 videri
1629 3621 1827 3682 poterat

249 3701 339 3753 pro
381 3691 680 3746 Arianorum
710 3698 960 3750 sententia
983 3700 1370 3769 pt'trjudtrium.
1408 3700 1588 3766 Itaque
1615 3714 1670 3757 ut
1701 3707 1828 3760 sim-

249 3778 469 3846 pliciores
506 3785 635 3838 inter
661 3774 952 3844 Catholicos
977 3793 1039 3845 ab
1069 3791 1381 3848 Arianorum
1419 3798 1690 3864 fraudibus
1733 3801 1829 3854 tttti

249 3891 435 3944 essent,
465 3901 564 3936 non
596 3886 661 3938 iis
709 3889 994 3943 rationibus
1023 3892 1286 3946 muniendi
1333 3904 1515 3960 erant,
1542 3912 1658 3960 qua:
1689 3895 1827 3967 ipsos

247 3967 300 4020 in
319 3987 476 4027 rerum
494 3989 753 4049 gestarum
774 3997 987 4036 examen
1009 3985 1342 4056 conﬁcerent,
1360 3988 1448 4039 sed
1470 3989 1682 4056 aliquod
1703 3991 1827 4044 sim-

251 4061 378 4130 plex,
409 4077 452 4119 et
475 4069 610 4137 quod
641 4082 776 4126 esset
807 4074 940 4127 inter
982 4073 1280 4131 Catholicae
1321 4079 1678 4150 pervulgatum
1719 4091 1828 4136 sta-

252 4157 472 4210 tuendam
498 4172 606 4216 erat
626 4205 637 4224 ,
672 4180 852 4237 nempe
897 4166 1151 4237 legitimas
1177 4185 1278 4222 non
1323 4186 1431 4222 esse
1454 4212 1469 4238 ,
1497 4181 1546 4224 et
1597 4174 1825 4240 periculo

253 4257 438 4305 errandi
466 4256 736 4326 subjacere
760 4275 844 4314 eas
870 4262 1093 4330 synodos
1119 4278 1278 4330 ,-quae
1303 4265 1414 4317 sine
1439 4281 1690 4320 consensu
1719 4267 1827 4322 lio-

253 4347 378 4400 mani
393 4353 646 4420 pontiﬁcis
672 4353 1014 4417 celebrantur,
1035 4366 1141 4408 tum
1167 4359 1322 4410 etiam
1343 4359 1538 4413 nullius
1568 4375 1679 4414 esse
1699 4377 1825 4414 auc-

253 4438 486 4508 toritatis,
519 4446 619 4498 nisi
667 4464 699 4500 a
740 4446 859 4501 sede
902 4449 1188 4514 apostolica
1215 4451 1605 4514 conﬁrmentur.
1653 4450 1827 4517 Quare

253 4543 436 4587 sanctus
479 4535 709 4591 Basilius
738 4537 959 4612 Magnus
980 4581 996 4609 ,
1025 4551 1071 4595 et
1097 4543 1141 4595 si
1188 4553 1509 4615 perspectum
1527 4587 1541 4608 ,
1573 4556 1620 4608 et
1648 4547 1822 4612 explo-

1934 3327 2182 3398 hzrresis,
2219 3332 2634 3403 requiratur-que
2659 3377 2672 3393 ,
2705 3343 2760 3388 ut
2799 3351 2918 3390 eam
2951 3339 3277 3390 exlerminet
3309 3355 3321 3389 :
3355 3338 3534 3392 Arium

1931 3423 2167 3490 quidem,
2203 3424 2277 3478 ait
2320 3424 2448 3487 ille,
2495 3442 2580 3479 sas
2621 3426 2783 3489 deque
2823 3427 3147 3484 anathemate
3195 3432 3404 3497 feriunt.
3451 3467 3465 3482 .

1934 3515 2186 3570 Marcello
2217 3533 2352 3582 vero,
2388 3520 2475 3578 aui
2505 3520 2816 3592 impietatem
2862 3537 2924 3575 ea:
2953 3521 3208 3576 diametro
3237 3525 3530 3592 oppositam

1933 3609 2177 3678 protulit,
2211 3620 2258 3664 et
2301 3611 2352 3663 iit
2380 3612 2548 3677 ipsam
2586 3609 2887 3667 Diuinttatis
2919 3613 3181 3685 Untgeniti
3207 3616 3530 3670 eminentiam

1931 3700 2120 3759 impius
2147 3702 2264 3770 fuit,
2299 3704 2497 3756 nullum
2525 3705 2762 3758 videntur
2789 3707 3023 3760 intulisse
3051 3709 3354 3776 uituperium
3388 3746 3403 3761 .
3450 3747 3463 3760 .
3511 3747 3526 3761 .

1931 3802 2082 3863 atque
2113 3794 2268 3864 hujus
2298 3797 2373 3850 rei
2401 3808 2703 3868 argumenta
2730 3812 2848 3854 sunt
2879 3802 3064 3854 servati
3089 3804 3230 3870 apud
3260 3819 3353 3856 nos
3383 3801 3532 3871 nefa-

1929 3886 2182 3940 riazillias
2211 3889 2507 3958 scriptionis
2535 3891 2686 3958 libri;
2715 3893 2804 3945 sed
2831 3902 2997 3946 tanien
3029 3911 3282 3964 nusquam
3303 3911 3416 3948 eum
3449 3910 3532 3948 re—

1933 3984 2149 4050 probare
2197 3984 2291 4036 visi
2319 3994 2468 4050 sunt,
2500 3987 2652 4056 idque
2696 4003 2756 4041 eo
2803 3990 3007 4042 nomine
3043 3990 3319 4060 vituperati
3345 4032 3357 4052 ,
3392 3989 3530 4060 quod

1929 4089 2049 4127 eam
2074 4077 2136 4128 ab
2166 4076 2312 4130 initio
2339 4094 2404 4132 ea:
2435 4081 2659 4134 ueritatis
2686 4082 3010 4149 ignoratione
3039 4083 3092 4135 in
3132 4081 3528 4136 ecclesiasticam

1931 4167 2082 4220 etiam
2111 4170 2518 4224 communionem
2545 4174 2824 4241 receperint
2852 4172 2936 4245 (i).
2962 4174 3040 4227 De
3065 4173 3316 4228 Marcello
3348 4186 3525 4228 tamen

1931 4257 2074 4312 nulla
2117 4268 2202 4314 est
2239 4262 2288 4314 iit
2341 4263 2532 4318 litteris
2573 4264 2636 4318 ad
2689 4264 2971 4319 Damasum
3015 4267 3217 4319 tttetttio
3279 4284 3294 4318 ;
3335 4281 3528 4336 quam-

1929 4353 2114 4406 obrem
2155 4369 2216 4408 ea
2255 4371 2376 4422 qua:
2415 4357 2479 4408 ad
2512 4371 2635 4409 euut
2668 4359 2962 4426 pertinent,
2995 4359 3209 4412 arcanis
3238 4359 3527 4420 mandatis.

1924 4428 1978 4501 [et
2010 4448 2399 4502 commentario
2433 4465 2612 4503 rerum
2642 4465 2736 4518 per
2761 4449 3092 4507 Dorotlteuttt
3120 4451 3172 4506 itt
3199 4451 3343 4508 Urbe
3365 4467 3527 4523 agen—

1930 4541 2120 4595 darum
2152 4540 2440 4594 eotttntissa
2475 4543 2637 4596 fuisse
2667 4552 2902 4614 oportet.

252 4634 402 4678 ratum
429 4627 662 4692 habebat,
696 4647 757 4684 ea
781 4648 894 4698 qua:
923 4633 1142 4686 Arimini
1171 4645 1312 4704 gesta
1339 4634 1569 4704 fuerant,
1600 4655 1693 4708 per
1723 4639 1822 4692 vim
1853 4619 1906 4678 Ῐ)
2003 4633 2273 4690 Caeteruut
2309 4636 2474 4690 nolim
2504 4653 2603 4706 ego
2629 4651 3057 4694 conttttemorare
3086 4655 3146 4695 ea
3179 4639 3528 4710 omnia..qu

251 4727 353 4770 acta
376 4722 528 4790 fuisse
549 4765 563 4789 ,
593 4741 654 4778 ac
680 4727 897 4795 proinde
925 4729 1037 4800 ipsa
1070 4744 1160 4794 per
1183 4745 1236 4784 se
1263 4771 1278 4796 ,
1307 4739 1357 4784 et
1385 4732 1498 4802 ipso
1527 4735 1652 4805 jure
1679 4734 1824 4788 nulla

254 4821 295 4863 ct
315 4813 450 4869 irrita
475 4835 604 4878 esse.
633 4836 698 4872 ne
727 4830 895 4874 tamen
923 4823 1276 4896 episcoporum
1307 4842 1570 4889 numerus,
1593 4827 1681 4896 qui
1708 4828 1824 4880 Ari-

255 4907 448 4962 ntinensi
475 4911 719 4979 formula:
751 4913 1182 4983 subscripserunt,
1217 4917 1450 4984 pluribus
1473 4959 1485 4980 ,
1515 4935 1576 4972 ac
1603 4935 1819 4989 prteser-

253 4999 330 5050 tim
349 5002 739 5073 simplicioribus
767 5006 903 5061 inter
930 5007 1222 5062 Catltolicos
1249 5011 1568 5080 imponeret,
1600 5013 1828 5066 scriben-

252 5089 357 5144 dum
389 5093 612 5151 Damaso
637 5097 788 5152 duxit
813 5143 826 5160 ,
861 5104 1227 5170 petendumque
1251 5104 1314 5156 ab
1351 5120 1409 5157 eo
1434 5146 1450 5169 ,
1479 5104 1604 5174 quid
1651 5105 1827 5160 Romae

250 5182 625 5244 Ariminensium
670 5201 926 5262 gestorum
976 5193 1316 5250 dissolutione
1343 5199 1567 5267 fecisset.
1600 5198 1831 5256 Noverat

251 5279 367 5334 enim
407 5295 616 5340 sanctus
645 5282 864 5355 Doctor,
895 5289 1050 5360 hujus
1076 5290 1150 5343 rei
1180 5290 1420 5346 ultimum
1447 5308 1508 5346 ac
1535 5305 1826 5364 perempto-

311 5475 382 5542 (η)
404 5476 573 5543 Epist.
600 5475 694 5530 se.

314 5547 380 5619 (ι)
412 5547 524 5603 Lib.
559 5562 671 5603 xm
700 5590 714 5611 ,
747 5547 774 5619 ς
805 5547 893 5619 5t.

313 5617 472 5694 (etne
502 5620 663 5674 Rom.
696 5617 888 5690 pontii.
914 5617 1116 5691 lniall.,
1149 5629 1282 5678 tom.
1316 5622 1378 5692 Ι,
1406 5623 1502 5681 lib.
1532 5639 1572 5680 tt
1597 5666 1612 5693 ,
1636 5635 1743 5680 art.
1768 5625 1824 5694 5,

534 5763 626 5818 67.

315 5832 382 5906 (ο)
409 5834 526 5894 Lib.
558 5851 615 5905 κ,
643 5849 763 5908 cap.
797 5835 889 5893 30.

1934 4736 2044 4782 tum
2080 4742 2176 4794 pro
2223 4727 2506 4795 Matcello,
2541 4739 2648 4782 lunt
2681 4739 2872 4783 eontra
2915 4729 3225 4786 Marcellum
3259 4732 3528 4800 disputata

1932 4832 2055 4876 Sunt
2072 4835 2196 4876 ante
2218 4837 2376 4892 quam
2407 4821 2836 4879 Montfattconius
2851 4825 2901 4878 itt
2922 4828 3091 4880 lucem
3111 4824 3375 4893 proferret
3400 4839 3532 4877 atta-

1927 4912 2062 4968 lecta
2117 4925 2356 4969 veterum
2402 4915 2638 4969 Patrum.
2689 4915 2783 4970 Vir
2803 4916 3530 4971 ettitttdoctiSsitt'tusmonu-

1929 5017 2171 5064 mentum
2200 5010 2369 5063 edidit
2398 5011 2759 5064 eruditissima
2789 5011 3018 5065 diatriba
3056 5020 3372 5066 exornatum
3415 5006 3485 5080 (j)
3509 5047 3526 5075 ,

1931 5119 1994 5158 ac
2028 5105 2077 5157 in
2115 5102 2314 5156 Veneta
2347 5101 2701 5156 conciliorum
2735 5101 2973 5157 editione
3004 5101 3200 5156 deinde
3242 5114 3526 5167 recusum,

1932 5213 2038 5265 quo
2065 5195 2408 5266 Ancyranum
2441 5195 2589 5249 illum
2617 5198 2928 5265 episcopum
2957 5235 2971 5258 ,
3001 5208 3066 5248 ac
3091 5193 3340 5258 clericos,
3369 5193 3534 5246 alios-

1934 5306 2040 5362 que
2086 5289 2426 5354 catholicos,
2458 5289 2548 5358 qui
2599 5303 2722 5344 se:e
2782 5286 3112 5358 colligebant
3166 5299 3410 5340 seorsum
3461 5281 3530 5337 ab

2002 5482 2228 5561 (0.111".-
2261 5478 2607 5561 "am-.19-
2685 5551 2748 5561 ._
2806 5549 2908 5561 -.η

2012 5545 2088 5624 (9)
2122 5555 2242 5607 Vid.
2267 5545 2441 5608 etiam
2461 5551 2579 5622 ejus
2612 5551 2773 5621 epist.
2804 5549 2934 5618 240,
2958 5562 3179 5618 nuperte
3205 5545 3430 5604 edition.

2012 5573 2026 5624 (
2073 5573 2088 5622 )
2127 5573 2242 5607 VIa.
2267 5573 2431 5608 etiam
2461 5573 2579 5622 ejus
2612 5573 2773 5621 cptst.
2805 5573 2862 5606 24

2009 5573 2088 5694 (Ζ)
2124 5628 2287 5688 Epist.
2323 5625 2436 5684 67..
2516 5641 2821 5690 έῖρῖ,--”ῖῗ’λ;,;ῑέ,,,
2849 5656 2862 5690 ;-

2009 5698 2071 5768 (i)
2115 5699 2212 5767 Ep.
2240 5697 2333 5753 69.
2373 5766 2386 5768 _
2438 5766 2470 5768 Α
2514 5748 2524 5766 ,

2007 5761 2080 5844 (ί)
2115 5761 2272 5828 Tom.
2301 5761 2589 5840 LCollect.
2617 5776 2888 5840 novavet.
2918 5761 3023 5820 PP.
3064 5820 3074 5832 ,

3456 337 3566 396 H6
