3998 6350
499 229 600 284 147

1699 225 2010 282 SANCTUS
2049 227 2372 296 DAllASUS
2413 231 2608 288 I’AI’A.

3741 233 3836 286 N'i

495 347 778 418 episc0pis
799 348 940 416 illis,
981 349 1074 418 qui
1101 349 1148 402 in
1179 347 1352 400 locum
1383 343 1622 400 Marcelli
1650 343 1858 400 suffecti
1893 343 2104 400 fuerant
2131 347 2180 408 Α
2209 347 2384 402 solum
2415 361 2624 406 vertere
2655 365 2684 404 a
2719 351 2934 408 Juliauo
2965 355 3200 424 Augusto
3229 363 3454 408 coactus
3485 359 3606 416 est,
3633 363 3836 420 qnam-

501 443 746 514 integra,
777 455 1013 512 puraque
1039 439 1144 496 fide
1173 437 1340 492 fuisse
1365 445 1600 492 COIISlill.
1631 437 1786 494 Alter
1823 447 2004 492 tamen
2035 453 2102 492 cx

501 533 700 590 eadem
741 533 1152 604 congregatione
1181 533 1482 588 monachus
1521 531 1900 597 doctissimus,
1933 543 1996 586 ac
2029 531 2100 586 de

501 643 566 682 re
609 628 972 683 ecclesiastica
1009 627 1212 696 optime
1257 627 1520 692 meritus,
1561 623 1732 678 sodali
1785 641 1884 680 suo
1927 639 2098 694 nuper

501 722 790 790 Opposuit.
823 731 1226 776 monumentum
1263 719 1388 774 illud
1421 717 1486 774 ad
1515 725 1822 788 postremos
1859 717 2096 772 Marcelli

501 829 678 868 annos
721 827 826 868 non
877 812 1168 884 pertinere,
1207 813 1352 866 nulla
1399 813 1586 876 enirn,
1637 821 1696 866 ut
1739 813 1814 866 ait
1863 809 1956 865 ille
1989 807 2092 884 (α),

501 909 640 962 inest
683 908 942 978 temporis
981 917 1105 962 nota
1137 908 1188 962 in
1221 905 1372 962 Fidei
1399 905 1772 972 confessione;
1799 921 1919 974 quae
1957 905 2098 960 Mar-

497 1001 624 1058 celli
645 1001 876 1072 ejuSqne
903 1001 1032 1056 cleri
1065 1007 1122 1056 et
1149 999 1324 1068 plebis
1347 999 1564 1054 nomine
1589 997 1766 1054 oblata
1797 997 2096 1052 Athanasio

497 1093 634 1160 fuit,
667 1105 726 1150 ut
769 1095 892 1150 inde
917 1101 1164 1160 constet,
1197 1091 1314 1148 ﬁeri
1357 1107 1464 1148 non
1503 1093 1774 1164 potuisse;
1807 1093 1934 1162 quin
1959 1089 2096 1146 Mar-

495 1189 668 1244 cellus
707 1187 759 1242 itt
793 1187 1044 1241 haeresim
1095 1186 1340 1256 relapsus
1385 1195 1504 1254 post
1529 1201 1650 1240 eam
1689 1183 1866 1238 fuerit.
1907 1182 1976 1236 At
2003 1181 2096 1252 qui

493 1283 572 1337 sic
603 1281 858 1336 Basilium
889 1281 1202 1344 defendunt,
1235 1289 1292 1336 ut
1317 1279 1496 1334 dicant
1527 1295 1686 1350 agere
1715 1279 1862 1334 illiilli
1885 1279 1955 1334 de
1987 1279 2096 1334 bte-

495 1373 600 1428 resi
643 1389 672 1426 a
695 1371 950 1427 Marcello
979 1375 1172 1428 iterum
1203 1379 1572 1443 propugnata,
1601 1383 1884 1442 j'OSIQIIam
1911 1387 2030 1428 eam
2063 1385 2094 1426 a

491 1481 552 1524 se
575 1467 810 1522 alienam
837 1467 1062 1522 solemni
1093 1469 1194 1520 hoc
1221 1467 1536 1521 testimOnio
1573 1463 1712 1534 apud
1737 1465 2092 1520 Athanasium

495 1561 722 1632 ejusque
759 1561 1026 1632 synodum
1067 1559 1474 1628 declaraverat,
1507 1559 1762 1630 effugium
1809 1569 2093 1628 qua-runt,

493 1653 636 1724 quod
667 1655 782 1708 suis
825 1655 938 1720 ipse
977 1655 1154 1708 verbis
1201 1653 1428 1708 Ba~ilius
1455 1653 1706 1710 obstruit.
1737 1653 1924 1724 Neque
1948 1653 2094 1710 enim

2207 455 2368 510 quam
2419 453 2602 498 autem
2647 461 2714 498 eo
2743 443 2997 502 defuncto
3025 445 3412 502 Alexandriam
3465 445 3624 500 circa
3659 439 3832 496 ﬁnem

2205 537 2334 592 anni
2363 535 2471 592 564
2501 555 2750 594 reversus
2775 549 2922 596 esset
2945 581 2962 608 ,
2985 541 3176 596 iterum
3219 549 3404 596 tamen
3443 539 3684 594 latitare
3709 577 3730 600 ,
3785 541 3838 588 et

2205 633 2432 688 exulare
2475 633 2790 702 compulsus
2833 643 2916 690 est
2945 643 3064 702 post
3111 645 3384 704 quatuor,
3431 640 3530 686 aut
3579 628 3836 696 quinque

2205 739 2444 792 menses,
2475 721 2718 778 Valentis
2745 723 2924 780 edicto
2949 723 3040 796 (ε),
3081 741 3180 780 nec
3211 723 3374 780 rediit
3403 721 3470 776 ad
3515 737 3692 776 suam
3729 719 3828 774 Ec-

2203 815 2426 870 clesium
2453 827 2578 870 ante
2603 817 2942 870 consulatum
2966 815 3208 872 Gratiani
3233 831 3288 872 et
3315 813 3676 886 Dagalaiphi.
3709 809 3832 866 Ηειξε

2203 915 2454 962 constant
2487 923 2552 962 ex
2583 907 2800 978 antiqua
2851 907 2940 962 illa
2985 907 3266 962 Atltana~ii
3313 907 3472 970 vita,
3521 919 3704 976 quam
3757 899 3824 956 cl.

2205 997 2444 1054 Maffcius
2473 1015 2502 1054 e
2553 1001 2792 1056 tenebris
2819 1011 3028 1056 erutam
3063 1001 3274 1072 primus
3319 999 3372 1052 in
3413 997 3598 1052 lucem
3639 1005 3830 1064 protu-

2203 1091 2268 1146 lit
2297 1093 2398 1164 (d).
2433 1093 2566 1148 Cum
2599 1105 2776 1148 autem
2825 1093 3006 1148 induci
3037 1109 3142 1148 nun
3191 1091 3396 1166 possim
3445 1097 3508 1144 ut
3555 1089 3824 1152 credam,

2205 1193 2320 1242 tum
2367 1187 2684 1260 Aueyranos
2715 1187 2920 1258 legatos
2963 1183 3346 1240 Alexandriam
3395 1181 3678 1238 accedere
3729 1193 3820 1232 vo-

2203 1277 2392 1346 luisse,
2427 1289 2536 1334 tum
2563 1281 2801 1350 potuisse
2833 1279 3262 1334 Alexandrinum
3297 1275 3596 1350 praesulem
3633 1273 3826 1328 turbu-

2201 1371 2368 1428 lentis
2399 1373 2506 1428 illis
2541 1375 2876 1442 temporibus
2899 1387 3230 1446 congregare
3257 1383 3336 1426 tot
3357 1371 3664 1444 episcopos
3695 1376 3824 1438 quot

2203 1465 2344 1520 actui
2377 1465 2760 1534 interfuerunt,
2791 1467 3056 1538 reliquum
3087 1477 3192 1536 est,
3219 1479 3278 1522 ut
3303 1465 3408 1520 hoc
3431 1465 3646 1520 factum
3679 1461 3826 1518 dica-

2203 1575 2325 1614 mus
2349 1561 2640 1628 postremis
2679 1559 2784 1616 illis
2807 1601 2822 1622 .
2853 1575 2916 1616 ac
2963 1559 3272 1630 tranquillis
3299 1559 3462 1614 annis
3486 1599 3502 1624 ,
3547 1571 3698 1628 quos
3737 1555 3824 1610 ille

2203 1651 2344 1721 apud
2377 1651 2674 1708 Eccledam
2707 1667 2858 1708 suam
2903 1653 3162 1708 traduxit.
3185 1651 3431 1721 Tempus
3465 1665 3598 1706 vero
3631 1657 3826 1703 exacte

497 1747 592 1800 ille
629 1755 888 1816 provocat
933 1747 1000 1800 ad
1041 1761 1232 1802 recens
1265 1745 1482 1816 aliquod
1527 1745 1917 1802 documentum
1947 1789 1961 1812 ,
1987 1761 2096 1816 quo
2125 1753 2176 1814 Β
2203 1741 3456 1816 definire,nihiladretninterestznamqnodad
3471 1757 3572 1796 nos
3589 1739 3810 1800 attinet.

493 1839 810 1894 Marcellum
839 1841 892 1894 in
923 1841 1174 1896 harresim
1197 1841 1392 1894 iterum
1427 1841 1632 1910 lapsum
1667 1839 1876 1910 probet,
1907 1839 2004 1896 sed
2033 1839 2100 1896 ad

495 1931 664 1988 libros
689 1931 782 1986 diu
811 1941 966 1986 antea
1003 1933 1074 1988 ab
1097 1947 1164 1987 eo
1189 1931 1424 1998 scriptos
1449 1931 1752 2002 eodemque
1775 1932 1894 2002 ipso
1921 1931 2102 2002 gladio

497 2025 688 2086 utitur,
719 2039 830 2094 quo
859 2023 1126 2078 Eusebius
1147 2065 1160 2088 ,
1193 2037 1258 2078 ac
1283 2023 1466 2078 caeteri
1494 2023 1682 2078 Ariani
1711 2023 1792 2078 usi
1823 2035 2010 2078 contra
2039 2023 2104 2078 il-

497 2115 610 2170 lum
637 2115 1088 2171 fueruntdleinde
1109 2115 1548 2172 Occidentalibus
1571 2115 1834 2186 exprobat
1857 2131 2104 2172 commu-

501 2201 742 2262 nionem
771 2207 1222 2276 ecclesiasticam,
1271 2223 1432 2280 quam
1465 2209 1554 2262 diu
1583 2215 1742 2262 antea
1775 2207 1848 2262 illi
1877 2223 2102 2266 conces-

497 2313 706 2370 serant,
733 2319 796 2360 ac
827 2307 1054 2376 proinde
1079 2322 1186 2362 non
1215 2307 1374 2362 aliam
1399 2309 1658 2376 profecto,
1689 2323 1852 2379 quam
1873 2323 1992 2380 quae
2023 2305 2104 2362 illi

499 2407 532 2448 a
561 2393 870 2452 Sardicensl
899 2399 1140 2470 synodo,
1169 2413 1232 2454 ac
1259 2399 1406 2456 Julio
1441 2401 1688 2456 Routano
1721 2401 1976 2472 pontiﬁce
1999 2399 2108 2471 pri-

497 2485 622 2542 dem
643 2485 860 2542 decreta
891 2487 1066 2544 fuerat
1099 2505 1112 2542 :

575 2579 702 2643 Sed,
735 2581 882 2650 quod
907 2597 1021 2636 rem
1049 2581 1306 2648 conﬁcit,
1335 2591 1394 2637 ut
1419 2583 1550 2640 mihi
1583 2583 1822 2652 videtur,
1847 2587 1960 2658 ipsa
1991 2587 2108 2644 h..t:c

503 2673 634 2728 ﬁdei
663 2677 937 2731 confessio
964 2717 978 2740 ,
1011 2691 1132 2744 quae
1167 2677 1468 2733 Athanasio
1495 2679 1674 2734 oblata
1705 2691 1788 2734 est
1813 2723 1828 2746 ,
1852 2697 1944 2736 eas
1995 2697 2106 2752 prae

499 2779 564 2820 se
595 2768 694 2820 fert
717 2775 896 2834 notas,
923 2769 1120 2838 quibus
1143 2777 1256 2824 tuto
1283 2771 1452 2825 asseri
1481 2773 1672 2841 possit,
1701 2773 1938 2828 oblatam
1959 2773 2106 2830 illam

505 2857 680 2914 fuisse
705 2869 798 2914 aut
841 2863 1002 2932 paulo
1031 2873 1189 2916 antea
1215 2905 1230 2930 ,
1261 2873 1354 2918 aut
1391 2881 1497 2920 non
1535 2865 1628 2920 diu
1671 2879 1951 2938 postquam
1989 2869 2106 2924 hinc

509 2953 742 3008 Basilius
805 2955 874 3010 ad
965 2957 1320 3012 Athanasium
1373 2961 1662 3016 scriberet.
1703 2963 2110 3020 Observandum

513 3063 714 3120 quippe
741 3059 828 3104 est
867 3065 1067 3106 nomen
1125 3049 1380 3106 Theoduft'
1447 3049 1808 3126 Oxyrynclti,'
1839 3055 1978 3126 quod
2029 3057 2110 3112 illi

2209 1837 2434 1908 perinde
2463 1847 2548 1892 est
2597 1837 2712 1892 sive
2751 1839 3148 1894 confessionem
3213 1853 3366 1892 suam
3393 1835 3690 1892 Marcellus
3731 1829 3820 1884 ob-

2211 1931 2394 1986 tulerit
2439 1933 2598 2002 panlo
2627 1943 2790 1988 antea
2817 1975 2832 2000 ,
2865 1933 2988 1988 sive
3017 1949 3122 1988 non
3165 1933 3254 1988 diu
3289 1941 3504 2002 postea,
3531 1943 3662 1984 cum
3705 1923 3824 1980 inde

2211 2025 2564 2080 manifestum
2621 2027 2738 2094 sit,
2785 2041 2892 2082 non
2949 2027 3190 2098 potuisse
3245 2025 3400 2080 illum
3455 2021 3508 2078 in
3573 2019 3820 2076 heresim

2211 2115 2424 2186 lapsum
2459 2117 2594 2184 dici,
2635 2133 2756 2174 cum
2787 2117 3018 2172 Basilius
3063 2115 3132 2172 ad
3159 2115 3524 2174 Athanasium
3573 2113 3818 2184 scripsit;

2209 2209 2258 2264 si
2289 2211 2412 2280 quis
2441 2219 2626 2266 tamen
2671 2211 3000 2282 conjectura:
3029 2211 3182 2266 locus
3203 2251 3219 2278 ,
3244 2209 3390 2264 forte
3413 2223 3538 2264 cum
3579 2205 3820 2263 Theodo-

2211 2317 2308 2360 rus
2337 2345 2352 2370 ,
2395 2305 2512 2360 sive
2539 2305 2851 2362 Theodulus
2897 2305 3116 2362 adesset
3153 2305 3426 2374 frequenti
3459 2301 3538 2358 illi
3583 2299 3816 2372 synodo,

2211 2399 2370 2466 cujus
2391 2397 2720 2453 Athanasius
2745 2397 2998 2454 meminit
3031 2397 3082 2452 iu
3115 2395 3348 2468 epistola
3391 2393 3460 2450 ad
3487 2395 3650 2450 Afros
3673 2435 3686 2456 ,
3719 2391 3820 2446 An—

2211 2505 2540 2562 cyranorum
2573 2491 2734 2562 legati
2759 2491 3142 2548 Alexandriam
3171 2497 3546 2554 accesserunt,
3577 2501 3642 2542 ac
3667 2485 3814 2538 lucu-

2211 2585 2578 2641 letttissimam
2599 2629 2612 2652 ,
2645 2589 3028 2658 egregiamque
3073 2585 3220 2639 illam
3269 2583 3398 2638 fidei
3431 2579 3816 2636 confessionem

2213 2677 2542 2744 Athanasio,
2573 2679 2800 2750 aliisque
2845 2679 2898 2732 in
2929 2677 3140 2750 synodo
3179 2675 3528 2746 congregatis
3567 2667 3816 2742 episcopis

2215 2773 2550 2826 obtulerunt.
2595 2771 2760 2828 Forte
2787 2773 2952 2828 etiam
2983 2769 3446 2832 Montfauconius,
3479 2765 3570 2836 qui
3599 2779 3714 2820 eam
3739 2775 3812 2816 re-

2215 2863 2342 2917 tulit
2373 2863 2440 2918 ad
2469 2875 2777 2934 postremos
2805 2861 3086 2918 Athanasii
3119 2871 3362 2923 menses,
3393 2857 3810 2930 propiusvernm

2217 2955 2432 3026 attigit;
2463 2959 2608 3010 enim
2637 2971 2790 3020 vero,
2817 2963 2876 3009 ut
2907 2955 2996 3008 ille
3025 2961 3172 3008 recte
3199 2949 3412 3022 judicat
3445 2991 3462 3016 ,
3491 2949 3598 3004 hoc
3623 2963 3648 3000 a
3677 2943 3812 3000 Mar-

2215 3049 2360 3104 cello
2381 3049 2748 3104 testimonium
2765 3057 2948 3120 petere
2967 3045 3154 3102 debuit
3181 3043 3593 3100 Alexandrinus
3611 3039 3808 3112 praesul.

509 3143 872 3214 Subscriptum
927 3145 1144 3214 legitur.
1181 3145 1652 3214 Muntfaucuuius,
1682 3165 1842 3218 quem
1871 3152 2104 3220 alioquin

2219 3151 2278 3196 ttt
2303 3141 2486 3196 Basilii
2509 3183 2524 3204 ,
2557 3141 2894 3212 aliorumque
2921 3153 3042 3194 eum
3073 3137 3276 3192 Basilio
3309 3137 3660 3191 sentientium
3687 3145 3811 3202 prat—

509 3237 644 3290 nibil
675 3235 830 3306 fugit,
863 3237 1060 3292 fatetur
1091 3239 1304 3294 nescire
1333 3255 1390 3294 se
1419 3241 1540 3311 quis
1573 3241 1666 3296 ille
1695 3241 1876 3298 fuerit.
1907 3247 1976 3298 At
2006 3261 2110 3314 ego

509 3331 658 3386 illum
689 3331 862 3400 ipsum
893 3331 1061 3387 fuisse
1093 3341 1242 3402 puto,
1267 3347 1427 3404 quem
1459 3335 1799 3392 Marcellinus
1845 3346 1898 3392 et
1937 3337 2106 3392 Faus-

511 3427 658 3480 tinus
705 3427 756 3480 itt
805 3441 1026 3494 precatu
1067 3423 1276 3483 ιὼς-ιιι)
1306 3427 1628 3484 Theodorum
1683 3429 1986 3502 Oxyrynrhi
2017 3447 2112 3486 v0—

509 3525 658 3584 cant,
691 3527 936 3588 tempore
969 3519 1290 3574 Arianorum
1319 3521 1552 3590 lapsum,
1579 3537 1610 3576 a
1637 3523 1870 3593 Georgio
1907 3525 2110 3580 Ariano

507 3609 565 3664 in
593 3609 854 3666 laicorum
899 3627 1184 3666 numerum
1225 3611 1524 3676 redactum,
1559 3623 1722 3682 atque
1751 3615 1940 3670 iterum
1965 3617 2111 3670 ordi-

509 3713 696 3756 natum
723 3701 1038 3772 episi-Opnm
1068 3743 1082 3764 ,
1115 3703 1204 3774 qui
1235 3705 1467 3774 denique
1497 3703 1563 3758 ad
1607 3703 1910 3760 Eeclesiam
1943 3709 2110 3764 redux

511 3803 656 3856 inter
673 3807 900 3854 caeteros
921 3799 1205 3870 episeOpos
1233 3797 1492 3866 Egyptios
1509 3801 2112 3872 Constantitmpolitano

513 3891 746 3948 concilio
775 3889 1118 3962 subscripsit.
1147 3889 1304 3960 Str-pe
1330 3891 1472 3944 enim
1507 3889 1852 3946 Tlteodorum
1889 3905 1978 3948 aut
2007 3895 2112 3950 Do-

513 3983 768 4040 rotheum
835 3999 932 4054 pro
977 3981 1264 4038 Theodulo
1321 3981 1462 4050 apud
1525 3981 1749 4038 Latinus
1805 3989 2110 4054 praesertim

511 4085 830 4146 usurpatum
877 4075 1082 4130 videas.
1119 4071 1250 4128 Nam
1279 4073 1370 4144 qui
1401 4073 1710 4128 Theodulus
1759 4077 1902 4146 apud
1945 4077 2114 4132 Allia-

511 4169 726 4224 naslnm
749 4213 763 4238 ,
797 4167 1242 4225 Theodorethutn
1265 4209 1284 4238 ,
1317 4173 1372 4222 et
1415 4165 1696 4222 Socratem
1735 4165 2112 4238 'l‘rajanopolis

511 4259 790 4330 scribitur,
825 4263 878 4316 in
899 4261 1242 4318 Sardicensis
1263 4259 1478 4314 concilii
1507 4259 1576 4314 ad
1609 4275 1800 4316 omnes
1835 4261 2113 4320 Ecclesias

513 4353 767 4422 epistola,
801 4355 944 4409 etab
989 4353 1200 4407 Hilario
1225 4351 1548 4406 Theodorus
1577 4349 1780 4406 dicitur
1801 4395 1817 4416 ,
1847 4353 2002 4422 cujus
2033 4355 2113 4410 rei

513 4443 620 4496 alia
643 4453 900 4512 praeterea
927 4445 1176 4512 exempla
1209 4443 1490 4500 Fabricius
1515 4445 1696 4500 attulit
1727 4443 1824 4516 (ιι).
1859 4445 1984 4502 Iltcc
2011 4447 2113 4505 ita-

2213 3235 2472 3308 judicattc
2493 3233 2738 3304 Opinioni
2765 3241 3106 3288 occurreret.
3137 3229 3194 3285 Id
3225 3229 3370 3284 enim
3397 3227 3584 3284 elucet
3607 3241 3666 3280 ex
3693 3237 3804 3292 prs-

2215 3317 2654 3396 trentuéjusdem
2691 3321 3048 3382 confessionis
3073 3321 3276 3388 capite,
3309 3333 3424 3390 quo
3457 3317 3618 3388 legati
3641 3315 3804 3382 Ancy-

2215 3419 2338 3474 rani
2379 3417 2510 3472 cleri
2543 3419 2895 3472 Athanasium
2929 3421 3124 3485 regant
3155 3427 3168 3466 :
3205 3411 3288 3466 Ne
3313 3409 3474 3478 ﬁdem
3507 3409 3678 3462 habeat
3701 3405 3794 3468 iis,

2217 3515 2306 3586 qui
2333 3529 2427 3566 nos
2469 3513 2816 3580 insimulant,
2859 3507 3106 3566 rescribat
3151 3517 3322 3560 autem
3357 3505 3446 3570 iis,
3497 3519 3622 3576 quos
3647 3497 3802 3554 ortho-

2215 3611 2380 3664 doxe:
2405 3623 2514 3662 esse
2541 3609 2732 3662 nouerit
2759 3649 2774 3673 ,
2797 3607 2916 3660 utsi
2939 3605 3006 3657 ad
3037 3619 3120 3656 eos
3143 3599 3412 3654 calumnia
3441 3597 3680 3652 adversus
3715 3607 3800 3643 nos

2217 3701 2446 3765 conﬂata
2481 3700 2790 3770 pervenerit,
2823 3705 3090 3768 conspecta
3117 3691 3214 3746 line
3251 3701 3432 3746 nostra
3473 3689 3598 3760 ﬁdei
3621 3683 3796 3752 confes-

2163 3777 2172 3784 ’
2217 3793 2384 3854 sione,
2417 3791 2666 3842 malitiam
2691 3803 2866 3842 eorum
2891 3785 3296 3854 deprehendant,
3333 3783 3424 3854 qui
3455 3793 3636 3836 temere
3675 3775 3796 3828 invi-

2219 3885 2362 3938 diam
2401 3881 2546 3935 nobis
2571 3895 2772 3934 movere
2817 3879 3142 3934 studuerunt.
3171 3874 3308 3930 Cum
3339 3883 3528 3928 autem
3585 3869 3798 3926 Athana-

2217 3979 2362 4032 sium
2411 3987 2558 4028 mors
2589 3973 2992 4044 prtepediisset.
3045 3987 3112 4026 ne
3163 3969 3584 4040 Aneyranorum
3609 3965 3668 4019 de
3701 3957 3794 4014 title

2213 4071 2370 4126 illius
2435 4067 2804 4124 testimonium
2879 4067 3078 4124 Basilio
3145 4061 3562 4119 communicare
3603 4061 3790 4128 posset,

2221 4161 2680 4230 factum,proinde
2705 4171 2788 4216 est
2813 4201 2830 4229 ,
2861 4171 2920 4216 ut
2943 4157 3068 4215 huic
3111 4157 3240 4214 illud
3275 4159 3520 4228 ignotum
3549 4153 3636 4210 diu
3663 4163 3794 4206 man-

2217 4255 2376 4314 serit.

2295 4345 2528 4404 Basilius
2571 4355 2751 4402 tamen
2783 4389 2798 4412 ,
2835 4355 2960 4402 ante
2999 4343 3204 4400 obitum
3237 4347 3665 4412 prteconceptam
3687 4331 3788 4402 opi-

2221 4443 2446 4498 nionem
2475 4437 2736 4494 adversns
2765 4437 3102 4500 Marcellum,
3125 4436 3352 4506 ejusque
3401 4433 3682 4490 Ecclesiam
3703 4425 3784 4480 de-

509 4549 620 4604 que
663 4535 931 4590 confessio
965 4579 978 4600 ,
1008 4537 1094 4591 cui
1122 4537 1444 4592 Theodorus
1491 4539 1578 4592 hic
1605 4581 1618 4604 ,
1671 4553 1766 4594 seu
1799 4539 2104 4598 Tlteodulus

2219 4535 2474 4608 posuisse
2517 4531 2662 4584 visus
2705 4539 2826 4594 est,
2859 4545 2922 4586 ac
2961 4527 3338 4584 Marcellianos
3377 4526 3450 4582 ad
3489 4519 3784 4581 communio-

511 4641 756 4696 praesens
785 4625 978 4698 fuerat,
1005 4629 1166 4698 longe
1195 4627 1286 4684 diu
1313 4641 1436 4700 post
1473 4631 1898 4686 Alexandrinum
1927 4636 2108 4690 conci-

515 4723 672 4784 lium,
705 4735 808 4788 quo
841 4721 1124 4792 episenpOs
1157 4723 1206 4776 iu
1237 4725 1616 4794 persecutione
1657 4727 1838 4800 lapsos
1865 4727 1928 4780 ad
1960 4743 2108 4783 com-

510 4805 830 4868 munionem
879 4813 1216 4882 recipiendos
1261 4831 1385 4870 esse
1431 4817 1712 4872 decretum
1759 4817 1890 4884 fuit,
1927 4821 2108 4877 oblata

481 4901 682 4958 wide-ri
707 4901 886 4958 debet.
909 4903 1094 4974 Neque
1115 4907 1258 4959 enim
1281 4905 1598 4960 Theudulus
1621 4907 1762 4962 inter
1777 4923 1873 4962 eos
1893 4909 2104 4982 legitur,

510 4997 602 5066 qui
633 4995 864 5050 concilio
895 4997 968 5050 illi
999 4995 1328 5054 adfuerunt:
1363 5013 1536 5068 neque
1574 4999 1838 5056 credibile
1875 5011 1962 5058 est
1981 5019 2104 5058 eum

511 5087 707 5143 adesse
749 5091 988 5158 potuisse
1047 5099 1208 5143 tantm
1251 5103 1377 5143 tunc
1429 5091 1888 5160 pra-varietationis
1931 5111 2101 5150 reum.

513 5179 686 5236 Paulo
709 5191 830 5252 post
857 5181 958 5238 hoc
982 5181 1408 5266 Alexandrinum
1431 5185 1742 5252 concilium,
1775 5185 2106 5246 Athanasius

579 5377 658 5520 ὅτ)
691 5379 798 5462 Vit.
833 5381 1019 5448 Basil.,
1046 5397 1167 5448 cap.
1195 5381 1286 5438 57.
1451 5443 1460 5450 η

641 5453 658 5518 )
697 5449 818 5520 YI-l.
859 5453 1020 5509 Fabr.
1061 5453 1166 5508 ΒΒ.
1225 5451 1342 5510 GG..
1380 5461 1460 5510 ton

603 5449 818 5526 b)‘_Vi.I.
859 5453 1020 5526 Fabr.
1061 5453 1166 5508 BB.
1225 5451 1342 5510 αα..
1380 5449 1510 5510 tom.
1550 5453 1622 5510 fx
1649 5497 1664 5522 ,
1719 5463 1840 5526 pag.
1869 5451 2018 5526 950,
2045 5467 2102 5514 et

507 5527 638 5594 tom:
673 5519 742 5594 ξ.
771 5537 886 5594 pag.
909 5525 1034 5582 546.

577 5589 1150 5668 (c)_Coiittiteutarittm
1173 5597 1244 5654 de
1265 5597 1426 5652 rebus
1449 5595 1518 5668 ad
1553 5595 1904 5668 Athanasium
1933 5599 2100 5668 perti-

507 5665 758 5736 nentibus
788 5681 814 5714 a
855 5667 924 5719 cl.
947 5667 1172 5724 Mali-min
1201 5669 1424 5736 editum,
1457 5667 1632 5723 locum
1687 5667 1776 5722 ubi
1833 5665 2100 5724 illelatuit

505 5727 732 5798 Thai-eu,
763 5747 936 5792 vocat.
969 5741 1108 5796 Hinc
1127 5759 1158 5796 ι
1187 5745 1308 5798 viro
1329 5727 1492 5797 docto
1515 5741 1569 5794 in
1595 5739 1712 5794 l'alsi
1735 5739 2097 5811 suspicionem

2219 4643 2346 4680 nem
2381 4621 2602 4676 admiszt
2639 4633 2908 4693 tamquam
2945 4637 3039 4678 eos
3063 4663 3078 4688 ,
3129 4619 3226 4690 qni
3265 4619 3524 4674 catholici
3565 4621 3782 4688 perpellit!

2215 4721 2477 4776 fuissent.
2509 4711 2706 4784 Culligi
2753 4717 2806 4772 id
2835 4731 2956 4785 ego
2987 4713 3224 4768 arbitror
3245 4727 3310 4764 ex
3337 4711 3428 4777 iis,
3461 4725 3582 4776 utne
3609 4703 3667 4760 ad
3689 4701 3778 4756 Ett-

2216 4813 2424 4880 lotiim“
2447 4849 2460 4872 ν
2489 4807 2858 4866 Alexandrum
2880 4853 2892 4874 ,
2925 4819 2980 4866 et
3027 4807 3544 4876 Harpocrationem,
3577 4803 3780 4864 aliosque

2214 4899 2510 4962 duodecim
2545 4899 2806 4972 Egyptios
2839 4903 3130 4974 episcopos
3173 4913 3270 4966 pro
3299 4897 3404 4952 fide
3451 4897 3552 4952 sub
3591 4891 3778 4949 Valente

2213 4999 2272 5052 in
2303 4989 2590 5048 Pala’slina
2615 4997 2835 5052 exsules
2859 5037 2874 5062 ,
2913 5003 2970 5050 et
3009 4993 3072 5048 ad
3123 4993 3342 5048 Petrum
3389 4985 3776 5046 Alexandrinum

2213 5101 2350 5148 tttnc
2377 5083 2636 5139 reducem
2667 5087 2866 5144 deinde
2905 5085 3148 5157 scripsit.
3201 5069 3534 5156 Egyptiiilli
3579 5071 3774 5147 episcopi

2209 5185 2270 5243 in
2293 5181 2590 5236 Sacrorum
2637 5179 2962 5236 societatem
2993 5177 3380 5234 Marcellianos
3425 5175 3552 5230 illos
3593 5179 3776 5238 recepe—

2203 5377 2710 5450 adducitur,__quod
2755 5381 2875 5450 ejus
2911 5381 3012 5436 loci
3038 5393 3234 5435 nomen
3263 5379 3518 5448 nnspiam
3547 5377 3770 5450 occurrat-

2205 5437 2326 5524 Ego
2357 5463 2488 5502 vero
2509 5437 2710 5524 Cﬁersu
2739 5437 3024 5524 legendum
3059 5461 3194 5524 puto__
3207 5493 3220 5512 ,
3247 5437 3404 5524 cujus
3430 5445 3668 5524 nominis
3691 5437 3770 5496 du-

2205 5509 2332 5597 .3in
2364 5525 2486 5597 erat
2513 5509 2952 5597 vicus,_a_lt€r_12,
3001 5509 3136 5597 aller
3167 5509 3547 5597 Sinil'liaribus
3573 5509 3768 5597 Alexan:

2203 5587 2326 5652 dria
2383 5588 2614 5640 distans.
2643 5587 2764 5644 \lid.
2791 5593 3128 5648 Iliaci-arium
3155 5607 3186 5646 ιι
3213 5591 3580 5648 Scltelestt‘ti'to
3605 5587 3766 5642 editum

2203 5679 2345 5724 tom.
2379 5657 2442 5720 ll.
2473 5671 2592 5724 pag.
2625 5659 2752 5716 545.

2279 5731 2363 5804 (d)
2403 5729 2623 5784 Osserv.
2655 5731 2834 5790 letter.
2855 5743 2989 5790 tom.
3021 5733 3110 5790 Ill.
