3998 6350
193 193 307 249 149

1608 184 2140 246 νιιοιιςσοιίιΝΑ.

3415 189 3516 247 150

193 318 346 377 rant,
378 319 681 381 postquam
712 309 744 363 ii
777 307 1049 378 productis
1070 349 1083 373 ,
1118 315 1175 361 ut
1216 304 1553 377 Epiphanius
1583 304 1661 360 ait
1689 302 1800 375 (a),
1832 305 1887 365 Α
1909 302 2133 373 cagnius
2151 316 2294 359 anno
2325 303 2429 357 377
2453 304 2709 376 scriptam
2736 313 2907 378 putat.
2939 304 3055 361 Hoc
3081 304 3328 376 profecto
3355 320 3516 361 nemo

191 402 630 457 communionis
651 416 772 457 cum
799 400 1091 455 Athanasio
1120 395 1343 462 litteris,
1370 399 1586 470 egregie
1619 396 1811 453 catho-

193 497 340 553 licos
368 512 504 552 sese
532 496 917 567 probaverant.
951 495 1029 550 Eo
1058 493 1197 549 facto
1231 492 1460 547 Basilius
1507 502 1813 547 commotus

193 600 315 656 est,
347 602 465 644 tum
503 589 649 660 quod
696 588 983 644 Marcellus
1007 630 1021 655 ,
1054 588 1276 657 ejusque
1320 596 1621 641 sectatores
1652 587 1814 658 vulgo

197 698 301 753 pro
334 683 623 737 haereticis
653 680 1010 748 habebantur,
1044 694 1154 735 tum
1204 680 1345 751 quod
1372 680 1525 750 pauci
1548 682 1811 751 episcopi,

193 776 429 830 caneris
465 774 724 829 omnibus
754 774 1074 827 inconsultis
1108 772 1211 827 huc
1235 773 1510 843 negotium
1542 775 1812 829 confecis-

210 881 363 934 sent,
397 870 549 939 quod
582 887 647 923 ne
668 870 887 939 aggredi
918 868 1130 938 quidem
1158 869 1256 922 soli
1281 869 1617 930 debuissent,
1643 885 1814 940 caque

192 962 266 1017 de
296 978 472 1017 causa
519 963 719 1031 scripta
758 962 823 1015 ad
866 977 961 1016 ens
991 964 1218 1029 epistola
1258 962 1365 1017 265
1392 966 1629 1033 graviter
1654 980 1812 1034 ques-

195 1063 285 1109 tus
313 1064 421 1121 est,
453 1055 737 1123 petiitque,
764 1062 825 1107 ut
848 1054 1046 1123 quibus
1069 1052 1145 1107 illi
1165 1054 1571 1110 Conditionilius
1590 1056 1812 1110 admissi

196 1148 250 1201 in
282 1147 731 1201 communionem
785 1148 1374 1212 l‘uissent,certi0iem
1428 1164 1488 1202 se
1542 1148 1807 1204 facerent.

195 1240 455 1296 Nondum
499 1242 680 1310 itaque
728 1248 853 1293 tunc
890 1248 1117 1294 noverat
1161 1242 1435 1312 egregiam
1492 1242 1640 1296 illam
1686 1242 1814 1299 lidci

193 1333 629 1397 Confessionem,
660 1348 821 1403 quam
850 1332 1083 1387 Marcelli
1114 1334 1282 1402 ipsius
1310 1335 1529 1389 nomine
1557 1334 1804 1389 Athana-

194 1428 281 1483 sio
311 1428 662 1490 obtulerant,
709 1441 937 1495 quaeque
979 1424 1239 1481 ell'ecerat
1265 1469 1280 1493 ,
1316 1437 1374 1480 ut
1405 1428 1473 1482 ab
1502 1426 1812 1483 Athanasio

198 1526 320 1594 ipso
334 1539 459 1578 cum
484 1523 695 1577 caeteris
714 1530 841 1576 tune
855 1524 1195 1592 congregatis
1209 1523 1477 1592 episcopis
1499 1539 1596 1593 pro
1615 1524 1806 1578 catho-

195 1616 321 1672 licis
337 1618 528 1679 habiti,
547 1616 746 1671 acdato
767 1616 1074 1670 testimonio
1089 1618 1200 1688 illo,
1217 1618 1357 1686 quod
1376 1617 1805 1675 Motitfauconius

1918 394 2110 450 saltem
2155 394 2460 466 negaverit,
2506 398 2637 467 quin
2667 396 2949 452 Eusthatio
2975 396 3167 465 adhuc,
3182 398 3476 468 superstite
3497 439 3513 463 ,

1917 503 1980 542 ac
2007 486 2170 543 Petro
2208 487 2393 543 Basilii
2435 489 2630 557 fratre,
2660 490 2916 561 episcopo
2954 490 3192 545 nondum
3233 490 3513 558 instituto,

1917 584 2120 653 scripta
2145 583 2326 639 fuerit.
2362 584 2692 639 Sebastenos
2717 585 2860 640 enim
2890 584 3086 656 quibus
3113 585 3371 656 inscripta
3395 594 3512 654 est,

1920 690 2025 729 non
2055 692 2244 730 omnes
2272 675 2388 745 ejus
2420 675 2522 730 loci
2562 676 2732 744 cives,
2760 677 2854 731 sed
2895 692 2990 732 eos
3018 678 3298 731 dumtaxat
3329 676 3517 732 catho-

1917 768 2053 824 licos
2083 771 2310 824 clericos
2359 771 2663 841 intelligere
2693 771 2977 838 debemus,
3008 772 3098 839 qui
3145 771 3213 825 ab
3245 770 3517 827 Enstltatii

1917 880 2037 918 cum
2078 879 2137 919 se
2176 865 2219 918 is
2262 863 2521 918 Arianum
2570 864 2927 934 prodidiSset,
2971 868 3357 920 communione
3406 882 3512 919 non

1916 954 2005 1009 ditt
2048 966 2205 1009 antea
2253 970 2310 1010 se
2337 957 2739 1018 subduxerant,
2781 973 3011 1027 quorum
3063 958 3207 1028 apud
3254 958 3514 1013 Basilium

1917 1049 2078 1117 epist.
2104 1049 2204 1103 158
2220 1048 2394 1104 et‘237
2426 1065 2647 1118 nupt'rtc
2679 1051 2934 1105 editionis
2964 1051 3166 1106 mentio
3196 1053 3515 1119 est.Qnam-

1917 1142 2105 1195 obrem
2155 1142 2199 1195 si
2256 1141 2573 1197 Eustltatius
2619 1159 2648 1197 e
2686 1143 2821 1198 vivis
2854 1144 3095 1215 sedeque
3126 1145 3214 1199 illa
3257 1161 3510 1200 excesses

1916 1246 1997 1287 rat
2028 1250 2169 1287 anno
2199 1235 2387 1288 saltem
2418 1236 2545 1301 580,
2588 1235 2713 1306 quia
2759 1236 2947 1291 Petrus
2979 1236 3162 1291 Basilii
3206 1236 3406 1299 ftater,
3450 1252 3515 1293 ac

1914 1330 2247 1387 Sebastenus
2290 1332 2581 1403 episcopus
2628 1330 3237 1404 Constantinopolitano
3280 1335 3513 1389 concilio

1912 1426 2015 1479 sub
2042 1426 2169 1480 anni
2216 1435 2492 1498 sequentis
2521 1428 2729 1481 iuitiunt
2775 1440 2965 1481 coacto
2995 1426 3187 1494 adfuit,
3227 1440 3317 1482 aut
3364 1428 3511 1483 illaut

1914 1521 2104 1575 eodem
2150 1521 2368 1584 Basilio,
2398 1521 2575 1576 adhuc
2604 1524 2656 1575 ili
2682 1522 2819 1575 vivis
2850 1530 3072 1592 agente,
3105 1531 3199 1576 aut
3225 1531 3374 1580 certe
3403 1540 3509 1578 uoti

1913 1611 2005 1667 diu
2048 1623 2168 1683 post
2214 1614 2330 1684 ejus
2361 1615 2566 1667 obitum
2617 1616 2874 1682 scriptam
2922 1614 3091 1670 fuisse
3140 1626 3374 1685 ορατ-ιω.
3427 1615 3511 1671 ΑΙ)

200 1710 757 1781 edidit.pronuntiati
778 1712 906 1762 sint.
929 1706 1095 1763 Certo
1120 1710 1499 1780 autetnaliqno
1515 1710 1811 1765 documen-
1839 1710 1888 1771 B
1916 1720 2103 1758 eurum
2135 1716 2313 1759 autent
2346 1707 2724 1776 episcoporum
2753 1721 3015 1774 numero,
3047 1721 3184 1777 quos
3219 1705 3512 1778 Gregorius

206 1811 264 1855 to
289 1804 508 1856 minime
524 1809 751 1863 consmt,
772 1816 838 1855 an
868 1800 1081 1855 exsules
1098 1804 1335 1872 episcdpi
1357 1802 1555 1857 Basilio
1574 1804 1809 1874 rescrip-

212 1896 409 1957 serint,
431 1893 620 1963 quidve
646 1893 1046 1963 rescripserint.
1072 1896 1140 1947 At
1162 1896 1480 1965 gravissima
1497 1896 1811 1968 conjectura

213 1986 485 2051 adducor,
511 1997 565 2041 ut
594 1985 837 2051 credam,
867 1985 990 2040 illos
1034 1987 1172 2040 datis
1213 1986 1278 2041 ad
1312 2003 1435 2042 eunt
1469 1987 1666 2043 litteris
1695 2000 1808 2044 tum

207 2095 342 2136 sese
365 2096 620 2151 purgasse
643 2124 657 2147 ,
693 2092 801 2135 tum
832 2080 1213 2153 Marcellianos
1244 2084 1390 2151 ipsos
1416 2098 1445 2137 a
1473 2094 1601 2137 nota
1629 2082 1808 2140 haere-

203 2189 337 2229 seos
365 2173 687 2228 vindicztsse.
720 2172 850 2227 Nam
877 2173 1110 2228 Basilius
1131 2172 1291 2228 Petro
1317 2174 1685 2230 Alexandrino
1708 2176 1811 2233 hac

203 2267 323 2338 ipsa
354 2266 423 2321 de
456 2282 514 2322 re
543 2266 791 2322 scribens
817 2282 903 2336 ep.
938 2265 1067 2331 266,
1096 2266 1164 2321 ab
1198 2267 1260 2321 iis
1290 2270 1343 2322 in
1366 2271 1809 2325 communionem

204 2359 544 2429 recipiendis
572 2360 796 2414 minime
815 2360 1030 2415 alienus
1058 2371 1172 2426 est,
1203 2359 1296 2413 sed
1326 2363 1427 2414 hoc
1453 2369 1602 2432 optat
1632 2363 1809 2417 solum

205 2466 263 2507 ut
293 2453 372 2507 illi
403 2456 475 2508 ita
506 2454 862 2523 recipiantur,
895 2469 961 2509 ne
993 2454 1108 2523 ipse
1139 2468 1201 2507 ac
1228 2454 1407 2509 c.t:teri
1441 2454 1541 2509 sibi
1574 2470 1807 2510 conseno

208 2547 412 2601 tieutes
447 2546 689 2616 episcopi
728 2545 795 2599 ad
824 2545 1197 2601 Marcelltatios
1236 2547 1555 2613 accessisse,
1582 2549 1676 2602 sed
1708 2548 1810 2619 ipsi

208 2641 394 2709 potius
422 2640 754 2695 Marcelliani
795 2643 863 2694 ab
904 2641 1144 2695 Ecclesia
1192 2657 1483 2711 numquam
1518 2644 1811 2701 recessisse

203 2734 551 2799 viderentur,
597 2734 668 2786 ita
691 2746 742 2786 ut
768 2731 1049 2805 (Ztccagni
1074 2731 1150 2803 (b)
1184 2734 1633 2804 interpretatione
1664 2739 1808 2810 utor)

206 2831 473 2884 malitiosa
504 2831 566 2883 de
589 2833 839 2884 haereseos
860 2832 1074 2885 crimine
1094 2831 1353 2884 calumnia
1376 2848 1583 2903 quaqua
1609 2850 1810 2888 versum

209 2923 412 2992 Δίπαια
446 2941 535 2994 per
558 2936 786 2979 nostram
810 2926 1151 2996 receptionein
1175 2925 1429 2991 deleatur,
1462 2943 1552 2980 nec
1584 2929 1809 2996 amplius

210 3036 305 3074 nos
330 3018 527 3088 pudere
551 3018 750 3083 debeat,
777 3019 915 3088 quod
936 3035 1110 3072 eorum
1134 3029 1306 3089 partes
1331 3020 1489 3073 secuti
1520 3037 1717 3074 sumus.
1752 3020 1811 3076 Si

210 3113 397 3181 itaque
427 3109 754 3167 Marcelliani
783 3154 797 3178 ,
831 3126 885 3165 ut
916 3111 1146 3166 Basilius
1176 3113 1268 3175 ait,
1305 3126 1568 3184 perpetuo
1599 3114 1812 3169 fuerant
1836 3106 1881 3169 C

210 3208 266 3258 in
299 3203 560 3259 Ecclesiae
590 3218 853 3272 corpore,
897 3207 984 3273 qui
1013 3205 1128 3258 fieri
1159 3215 1362 3274 potest,
1394 3216 1452 3262 ut
1478 3207 1810 3276 Marcellum,

209 3313 377 3369 quem
404 3298 440 3352 ii
469 3298 854 3367 sequebantur,
884 3298 1148 3367 cujusque
1176 3302 1396 3353 nomine
1427 3315 1660 3372 synaxes
1689 3318 1813 3357 suas

212 3394 487 3463 agebant,
521 3410 642 3446 cum
670 3390 789 3447 haec
813 3392 1073 3447 scriberet
1098 3391 1331 3447 Basilius
1362 3395 1498 3463 ipse,
1530 3395 1595 3449 ab
1625 3394 1814 3451 Eccle—

214 3490 294 3543 sia
348 3488 647 3543 abscissum
688 3488 982 3543 Crederet?
1013 3488 1237 3544 Videtur
1270 3491 1449 3562 itaque
1481 3510 1593 3547 rem
1623 3496 1815 3551 melius

215 3593 346 3636 tunc
374 3582 621 3650 edoctus,
655 3599 682 3634 a
710 3583 877 3637 veteri
926 3583 1193 3638 sententia
1240 3598 1332 3638 sua
1366 3587 1659 3642 recessisse
1684 3631 1699 3654 ,
1752 3605 1816 3645 ac

212 3690 415 3729 cavere
444 3673 729 3729 dumtaXat
759 3673 1015 3740 voluisse,
1043 3690 1109 3728 ne
1135 3675 1262 3746 quid
1305 3676 1405 3730 sibi
1434 3717 1448 3742 ,
1494 3682 1816 3748 caeteristjue

212 3768 503 3824 catholicis
534 3767 802 3839 episcopis
827 3809 841 3834 ,
874 3768 918 3822 si
946 3767 1181 3823 Marcelli
1234 3770 1454 3825 assecla:
1482 3771 1817 3842 inexplorato

213 3861 283 3917 ad
327 3861 768 3917 communionem
814 3860 1229 3917 admitterentur
1250 3903 1264 3928 ,
1292 3865 1361 3918 ob
1388 3864 1656 3935 vulgatam
1688 3882 1819 3922 con-

217 3965 298 4010 tra
322 3970 418 4010 eos
436 3956 921 4026 cculirmatanique
950 3957 1277 4012 calumniam
1300 3999 1313 4021 ,
1338 3957 1405 4013 de
1432 3958 1633 4027 Optima
1660 4001 1675 4026 ,
1712 3977 1817 4031 qua

215 4049 419 4103 merito
447 4046 723 4103 fruebatur
744 4047 882 4101 fama
914 4048 1219 4104 decederet.
1246 4051 1414 4118 Quatn
1442 4067 1575 4107 vero
1602 4055 1819 4122 sapiens

216 4139 407 4195 Basilii
442 4140 728 4195 consilium
763 4139 941 4207 fuerit,
976 4152 1187 4197 constat
1216 4158 1280 4196 ex
1312 4141 1558 4213 Gregorii
1590 4127 1818 4217 Nysseni

217 4235 387 4301 facto,
416 4235 506 4306 qui
537 4235 605 4288 ob
624 4233 864 4305 junCtatn
892 4250 1013 4289 cum
1043 4235 1231 4289 iisdem
1259 4234 1615 4292 Marcellianis
1638 4253 1820 4293 sacro-

216 4346 339 4385 rum
366 4334 682 4385 societatctn
712 4372 725 4390 .
758 4338 867 4383 tum
894 4329 962 4385 de
984 4346 1170 4384 eorum
1204 4330 1396 4385 haeresi
1422 4372 1436 4395 ,
1467 4341 1577 4385 tum
1609 4332 1677 4387 de
1709 4333 1822 4387 vio-

216 4422 344 4477 latis
376 4410 1066 4485 canonibus‘insimulatus,
1095 4422 1293 4492 duplici
1322 4439 1381 4477 se
1412 4424 1811 4495 apologia'pur-

1915 1799 2221 1862 hortatores,
2247 1810 2306 1854 ut
2332 1799 2807 1855 Marcellianorutn
2835 1801 3109 1871 negotium
3139 1811 3417 1869 tractaret,
3448 1815 3513 1857 ac

1914 1907 2101 1945 eorum
2143 1891 2359 1955 deinde.
2391 1909 2511 1964 qua:
2559 1908 2591 1945 a
2618 1909 2677 1947 se
2714 1904 2897 1964 gesta,
2927 1904 2983 1949 et
3009 1893 3233 1949 definita
3266 1896 3509 1961 fuerant,

1912 1984 2354 2053 coniprabatores,
2400 2000 2462 2040 ac
2510 1986 2592 2041 sui
2646 1986 2946 2041 imitatores
2988 1984 3199 2053 habuit,
3253 2003 3361 2042 non
3412 2000 3513 2056 ego

1914 2077 2129 2147 quidem
2171 2077 2427 2132 Basiliutn
2470 2078 2644 2148 ipsum
2691 2077 2936 2149 Gregorii
2979 2078 3221 2145 fratrem,
3267 2093 3331 2133 ac
3374 2093 3513 2149 pene

1915 2174 2230 2242 magistrum
2285 2174 2680 2228 excludendum
2734 2186 2885 2245 puto.
2936 2176 3064 2231 llaac
3110 2191 3242 2231 vero
3269 2191 3393 2231 cum
3438 2175 3511 2231 ita

1913 2266 2042 2333 sint,
2079 2266 2231 2321 facile
2260 2267 2439 2337 etilligi
2469 2276 2667 2338 potest,
2711 2270 2857 2323 nullo
2892 2269 3013 2341 jure
3056 2269 3314 2325 Basiliutn
3362 2272 3515 2326 incu-

1913 2372 2065 2413 sasse
2108 2359 2392 2413 Damasum
2416 2401 2431 2425 ,
2461 2359 2869 2431 Romanamque
2898 2363 3115 2429 sedem,
3155 2379 3253 2418 cur
3290 2362 3515 2419 Marcclc

1915 2450 2025 2504 lum
2059 2466 2330 2522 nunquam
2353 2452 2421 2506 ab
2447 2453 2695 2508 Ecclesia
2718 2454 2950 2523 ejectum
2978 2454 3215 2523 duxerit,
3249 2455 3511 2510 edixerit-

1913 2559 2048 2616 que;
2080 2544 2303 2615 ﬁerique
2331 2557 2591 2615 praeterea
2609 2547 2873 2617 potuisse,
2906 2557 2963 2602 ut
2988 2549 3177 2617 iugetis
3204 2548 3323 2619 ejus
3348 2563 3512 2603 sanc-

1916 2637 2108 2692 tissimi
2167 2639 2419 2709 przesulis
2478 2656 2576 2709 pro
2641 2641 2901 2712 religione
2955 2642 3191 2696 studium
3263 2640 3514 2697 nonnihil

1914 2734 2126 2785 auxerit
2156 2747 2311 2787 amor
2339 2748 2463 2804 erga
2510 2732 2785 2788 Meletium
2834 2749 3164 2805 prorsusqtte
3211 2750 3437 2790 aversus
3481 2751 3513 2791 a

1913 2823 2144 2880 Paulino
2195 2829 2430 2896 animus,
2460 2826 2615 2898 cujus
2668 2827 2808 2883 idem
2855 2828 3138 2884 Marcellus
3184 2829 3516 2900 sequebatur

1918 2932 2113 2989 partes.

2524 3034 2753 3093 CAPUT
2796 3036 2907 3092 νη.

2023 3149 2162 3216 372,
2206 3151 2404 3206 DAIASI
2433 3151 2499 3216 7,
2528 3150 2788 3207 Monam
2831 3166 2902 3207 ιτ
2948 3150 3231 3208 Διιιιίτιιιο
3255 3166 3402 3209 coss.

1918 3266 1958 3321 Ι.
2003 3265 2288 3320 Dorotheus
2328 3266 2576 3319 diaconus
2633 3265 2981 3320 Antiochenus
3035 3265 3256 3320 Romam
3312 3266 3516 3322 accedit

1988 3377 2101 3414 cum
2143 3360 2326 3414 litteris
2364 3361 2432 3413 ad
2480 3357 2769 3414 Damasum
2810 3362 3015 3433 scriptis
3052 3362 3115 3416 ab
3162 3359 3515 3419 Orientalibus

1988 3455 2264 3523 episwpis,
2294 3470 2355 3506 ac
2382 3453 2531 3507 rebus
2558 3453 2813 3523 confectis
2840 3454 2894 3507 in
2927 3452 3189 3508 Orientem
3220 3455 3352 3507 redit
3396 3464 3516 3508 cum

1993 3547 2188 3602 Sabino
2212 3548 2431 3601 diacono
2459 3546 2862 3602 Mediolanensis
2890 3549 3139 3603 Ecclesia:
3160 3589 3175 3613 ,
3198 3550 3283 3619 qui
3301 3545 3519 3604 Damasi

1992 3642 2196 3695 nomine
2223 3643 2419 3697 litteras
2445 3638 2597 3709 aﬂ'ert
2648 3644 2716 3695 ad
2764 3641 3127 3708 Athanasium,
3154 3650 3305 3712 atque
3326 3640 3515 3695 Orien-

1993 3737 2139 3789 tales.
2166 3735 2228 3789 ll.
2258 3735 2576 3791 Sozomenus
2598 3751 2714 3789 cum
2737 3734 2802 3789 iis
2824 3738 3107 3805 confertur,
3120 3742 3168 3789 et
3189 3734 3514 3805 expenditur.

1995 3828 2082 3882 lli.
2103 3828 2332 3882 Sabinus
2359 3830 2412 3881 in
2443 3826 2769 3883 Occidentem
2793 3829 3063 3881 revertitur
3082 3842 3199 3879 cum
3220 3826 3404 3880 Basilii
3432 3827 3520 3879 lit-

1995 3931 2115 3984 teris
2137 3928 2205 3982 ad
2224 3928 2532 3996 Damasum,
2555 3941 2600 3984 et
2620 3927 2999 3995 Occidentales,
3031 3942 3148 3997 qua:
3168 3929 3515 3996 illustrantur,

1993 4037 2053 4075 ac
2078 4038 2169 4075 suo
2197 4030 2422 4094 tempore
2450 4023 2809 4077 restituuntur.
2850 4020 2943 4075 IV.
2972 4017 3054 4075 De
3083 4020 3119 4075 ι.
3148 4019 3202 4077 5.
3227 4019 3285 4074 ϐ.
3320 4016 3515 4074 Theod.

1996 4114 2060 4167 de
2086 4112 2234 4168 Hier.
2267 4125 2420 4184 atque
2440 4133 2502 4171 ea
2532 4117 2878 4170 occasionede
2911 4112 3263 4169 Venustianis.
3291 4114 3524 4178 Quorum

1997 4207 2050 4259 in
2081 4204 2455 4261 Prwdestinato
2486 4210 2678 4263 mentio
2700 4218 2799 4262 est.

2001 4324 2040 4380 I.
2065 4325 2368 4379 Dorotheus
2394 4326 2657 4381 diaconus
2682 4342 2804 4380 cum
2828 4323 3132 4392 Athanasii,
3154 4332 3209 4380 et
3235 4322 3419 4379 Basilii
3436 4323 3525 4380 lit-

1928 4419 2058 4473 teris
2092 4418 2387 4473 llontanutn
2422 4420 2524 4473 iter
2564 4433 2852 4488 aggressus
2880 4429 2963 4474 est
3003 4420 3145 4473 circa
3179 4418 3341 4473 linem
3387 4433 3524 4489 pra:-

213 4532 347 4588 gare
376 4514 585 4579 debuit,
608 4532 836 4583 quarum
868 4518 1134 4584 poSIerior
1166 4516 1443 4571 dumtaxat
1484 4528 1735 4587 superest
1766 4518 1815 4572 in
1847 4504 1901 4564 D
1926 4514 2171 4568 cedentis
2215 4515 2341 4567 anni
2381 4511 2481 4588 (c),
2511 4515 2864 4585 quamobrem
2894 4513 2982 4567 vix
3014 4527 3079 4566 eo
3110 4514 3394 4583 pervenire
3429 4528 3527 4584 pn-

216 4611 453 4681 epistola
478 4611 543 4665 ad
574 4609 905 4666 Sebastenos
928 4653 940 4676 ,
970 4626 1127 4679 quam
1150 4609 1480 4682 Zaccagnins
1510 4611 1699 4665 edidit.
1734 4612 1823 4665 Ait

214 4706 405 4772 itaque
438 4745 453 4772 ,
505 4704 645 4774 quod
694 4704 759 4757 ad
812 4719 1049 4759 cancues
1098 4705 1333 4771 attinet,
1383 4721 1488 4758 non
1550 4706 1722 4773 ipsum
1761 4720 1820 4760 se

215 4807 419 4869 sponte
440 4813 534 4852 sua
566 4814 678 4852 rem
701 4805 901 4851 tantam
933 4813 1243 4867 aggressum
1276 4796 1440 4852 fuisse
1469 4806 1559 4851 aut
1586 4796 1822 4867 inexplo-

215 4903 333 4946 rato
360 4909 424 4945 ac
462 4893 572 4946 sine
614 4893 901 4946 necessaria
933 4892 1302 4947 deliberatione
1350 4893 1618 4964 quidpiam
1650 4894 1825 4961 confe-

217 4987 385 5050 cisse,
419 4985 509 5038 sed
556 4985 855 5039 orthodoxis
884 4985 937 5037 in
969 4985 1175 5039 Oriente
1203 4988 1471 5057 fratribus,
1506 4996 1657 5057 atque
1686 5002 1825 5039 com—

217 5078 506 5142 ministris,
543 5090 599 5132 ut
624 5079 839 5133 istorum
866 5079 1130 5132 hominum
1180 5080 1439 5149 negotium
1494 5090 1822 5147 tractaretur,

218 5171 571 5235 hortantibus,
604 5183 650 5226 et
678 5171 815 5240 quod
844 5190 875 5226 a
900 5188 952 5225 se
978 5173 1170 5243 factum
1203 5174 1372 5241 fuerat
1397 5213 1409 5232 ,
1446 5170 1829 5239 comprobanti-

220 5264 340 5329 bus,
382 5264 556 5316 omnia
580 5264 850 5333 peregisse.
878 5264 1078 5316 Deinde
1110 5272 1165 5315 ut
1189 5278 1404 5315 omnem
1436 5262 1504 5316 de
1525 5278 1603 5326 se,
1628 5277 1832 5332 suaque

212 5355 502 5425 religione
543 5355 734 5407 malam
760 5356 1072 5424 opinionem
1091 5353 1140 5407 dt
1162 5355 1405 5425 pelleret,
1432 5353 1831 5425 apertissiniam

228 5442 357 5501 lidei
395 5446 782 5513 profes~ionem
810 5447 1005 5515 jttngit.

305 5536 461 5590 Hanc
489 5534 711 5605 Nysseni
752 5539 816 5591 ad
846 5539 1179 5594 Sebastenos
1205 5539 1488 5608 epistolam
1520 5541 1660 5597 idem
1700 5540 1836 5597 Zac-

315 5648 399 5722 (a)
442 5646 644 5722 limes.
674 5650 773 5722 72,
806 5666 925 5722 pag.
955 5648 1079 5705 84⁸5.

323 5718 405 5794 (b)
449 5718 607 5775 Praef.
633 5720 696 5776 ad
727 5718 847 5779 Vni.
880 5718 1050 5789 Mon.,
1074 5735 1194 5791 cap.
1225 5720 1314 5775 30.

1926 4610 2025 4662 tttit
2055 4620 2178 4663 ante
2209 4608 2369 4674 hunc,
2403 4625 2563 4680 quem
2595 4607 2950 4679 ingredimur.
2984 4607 3233 4663 Diximus
3267 4607 3525 4663 Basilium

1927 4700 2027 4757 tria
2062 4717 2089 4755 a
2119 4702 2352 4756 Datnaso
2381 4701 2744 4772 postttlavisse
2774 4719 2785 4754 :
2822 4701 3017 4773 primo,
3048 4711 3105 4755 ut
3135 4701 3444 4757 visitatores
3474 4701 3529 4758 in

1928 4796 2202 4852 Orientem
2235 4800 2506 4861 mittet-et,
2538 4797 2799 4864 secundo,
2826 4807 2883 4850 ut
2907 4797 2963 4862 ii,
2990 4812 3126 4867 quos
3152 4800 3415 4851 missurus
3441 4809 3531 4851 es-

1930 4901 2011 4945 set
2054 4907 2150 4961 pro
2181 4905 2275 4943 sua
2306 4891 2631 4945 auctoritate
2668 4890 2903 4961 legatos,
2943 4889 3050 4944 leni
3092 4890 3343 4961 ingenio,
3372 4900 3435 4940 ac
3474 4886 3529 4941 in

1930 4983 2092 5037 rebus
2138 4983 2363 5054 agendis
2411 4982 2712 5038 constantia
2749 4982 2962 5052 prmditi
2993 4992 3199 5047 essent,
3247 4995 3310 5034 ac
3346 4994 3374 5031 a
3410 4992 3533 5046 par-

1933 5078 2062 5129 tium
2091 5078 2271 5131 studio
2305 5076 2506 5145 alieni,
2546 5094 2654 5147 quo
2689 5091 2885 5145 nempe
2928 5077 3136 5130 facilius
3163 5071 3536 5130 Antiochenos

1935 5185 2125 5223 omnes
2166 5170 2231 5223 ad
2262 5186 2457 5235 unum,
2502 5170 2639 5223 sicut
2669 5169 2924 5239 optabat,
2960 5167 3233 5222 Mt-letium
3277 5162 3536 5219 transfer-

1937 5270 2057 5316 rent
2087 5280 2099 5315 :
2131 5263 2328 5330 tertio,
2362 5272 2417 5314 ut
2459 5278 2640 5316 secum
2674 5261 2965 5328 alferrent,
3011 5274 3131 5330 qua:
3175 5257 3390 5312 decreta
3424 5254 3538 5311 fue-

1939 5367 2054 5410 rant
2088 5367 2207 5425 po~t
2235 5358 2578 5412 Ariminense
2612 5358 2900 5411 concilium
2921 5396 2934 5420 ,
2966 5369 3071 5422 quo
3116 5353 3288 5421 ipsum
3320 5346 3538 5404 irritum

1939 5449 2101 5503 fuisse
2131 5450 2462 5504 declaratum
2497 5452 2670 5519 palatii
2702 5461 2949 5504 constare
2982 5454 3181 5515 posset.

1944 5576 1953 5581 -
2014 5545 2271 5597 Damasus
2302 5545 2479 5612 itaque
2510 5543 2725 5605 Basilii,
2772 5555 2835 5595 ac
2878 5539 3018 5592 forte
3061 5538 3222 5591 etiam
3254 5534 3543 5595 Athanasii

2021 5657 2095 5726 (ε)
2136 5654 2256 5712 Vid.
2290 5657 2349 5711 D.
2385 5655 2647 5722 Maraut.,
2678 5653 2785 5708 Vit.
2837 5650 3035 5719 Basil.,
3069 5666 3187 5722 cap.
3224 5650 3312 5707 l7.
