  <div class='ocr_page' id='page_1' title='image "/cluster/home/n/w/nwhite01/storage/ocr_20150623/13/hvd.32044015471295/081.png"; bbox 0 0 3998 6350; ppageno 0'>
   <div class='ocr_carea' id='block_1_1' title="bbox 530 249 625 305">
    <p class='ocr_par' dir='ltr' id='par_1_1' title="bbox 530 249 625 305">
     <span class='ocr_line' id='line_1_1' title="bbox 530 249 625 305; baseline 0.021 -2"><span class='ocrx_word' id='word_1_1' title='bbox 530 249 625 305; x_wconf 74' lang='lat' dir='ltr'><strong>l5!</strong></span> 
     </span>
    </p>
   </div>
   <div class='ocr_carea' id='block_1_2' title="bbox 1687 244 2145 316">
    <p class='ocr_par' dir='ltr' id='par_1_2' title="bbox 1687 244 2145 306">
     <span class='ocr_line' id='line_1_2' title="bbox 1687 244 2145 306; baseline -0.009 0"><span class='ocrx_word' id='word_1_2' title='bbox 1687 244 2004 306; x_wconf 72' lang='grc' dir='ltr'><strong>ιΑΝοτυε</strong></span> <span class='ocrx_word' id='word_1_3' title='bbox 2044 245 2145 303; x_wconf 74' lang='lat' dir='ltr'><strong>DA}</strong></span> 
     </span>
    </p>
   </div>
   <div class='ocr_carea' id='block_1_3' title="bbox 2248 244 3774 316">
    <p class='ocr_par' dir='ltr' id='par_1_3' title="bbox 2248 246 3774 316">
     <span class='ocr_line' id='line_1_3' title="bbox 2248 246 3774 316; baseline 0.006 -10"><span class='ocrx_word' id='word_1_4' title='bbox 2248 246 2364 306; x_wconf 81' lang='lat' dir='ltr'><strong>SUS</strong></span> <span class='ocrx_word' id='word_1_5' title='bbox 2401 248 2606 309; x_wconf 77' lang='grc' dir='ltr'><strong>ΡΔΡΔ.</strong></span> <span class='ocrx_word' id='word_1_6' title='bbox 3600 296 3615 303; x_wconf 88' lang='grc'><strong><em>-</em></strong></span> <span class='ocrx_word' id='word_1_7' title='bbox 3699 259 3774 316; x_wconf 68' lang='lat' dir='ltr'><strong>l5!</strong></span> 
     </span>
    </p>
   </div>
   <div class='ocr_carea' id='block_1_4' title="bbox 526 360 3774 442">
    <p class='ocr_par' dir='ltr' id='par_1_4' title="bbox 526 360 3774 442">
     <span class='ocr_line' id='line_1_4' title="bbox 526 360 3774 442; baseline 0.003 -20"><span class='ocrx_word' id='word_1_8' title='bbox 526 364 759 423; x_wconf 84' lang='lat' dir='ltr'><strong>consilio</strong></span> <span class='ocrx_word' id='word_1_9' title='bbox 784 367 1074 422; x_wconf 72' lang='lat' dir='ltr'><strong>obsecutus</strong></span> <span class='ocrx_word' id='word_1_10' title='bbox 1101 372 1202 427; x_wconf 83' lang='lat' dir='ltr'><strong>est,</strong></span> <span class='ocrx_word' id='word_1_11' title='bbox 1232 378 1296 420; x_wconf 85' lang='lat' dir='ltr'><strong>ac</strong></span> <span class='ocrx_word' id='word_1_12' title='bbox 1320 362 1578 420; x_wconf 86' lang='lat' dir='ltr'><strong>Sabinum</strong></span> <span class='ocrx_word' id='word_1_13' title='bbox 1606 360 1893 418; x_wconf 81' lang='lat' dir='ltr'><strong>diaconum</strong></span> <span class='ocrx_word' id='word_1_14' title='bbox 1918 360 2124 417; x_wconf 81' lang='lat' dir='ltr'><strong>Medio-</strong></span> <span class='ocrx_word' id='word_1_15' title='bbox 2148 364 2199 424; x_wconf 77' lang='grc' dir='ltr'>Α</span> <span class='ocrx_word' id='word_1_16' title='bbox 2224 363 2422 421; x_wconf 91' lang='lat' dir='ltr'><strong>deinde</strong></span> <span class='ocrx_word' id='word_1_17' title='bbox 2464 366 2517 422; x_wconf 92' lang='lat' dir='ltr'><strong>in</strong></span> <span class='ocrx_word' id='word_1_18' title='bbox 2563 366 2844 425; x_wconf 74' lang='lat' dir='ltr'><strong>Orientem</strong></span> <span class='ocrx_word' id='word_1_19' title='bbox 2887 368 2955 425; x_wconf 89' lang='lat' dir='ltr'><strong>ad</strong></span> <span class='ocrx_word' id='word_1_20' title='bbox 3000 370 3381 442; x_wconf 69' lang='lat' dir='ltr'><strong>Athanasium,</strong></span> <span class='ocrx_word' id='word_1_21' title='bbox 3430 382 3486 431; x_wconf 91' lang='lat' dir='ltr'><strong>et</strong></span> <span class='ocrx_word' id='word_1_22' title='bbox 3528 374 3774 432; x_wconf 77' lang='lat' dir='ltr'><strong>Basiliam?</strong></span> 
     </span>
    </p>
   </div>
   <div class='ocr_carea' id='block_1_5' title="bbox 530 453 2129 523">
    <p class='ocr_par' dir='ltr' id='par_1_5' title="bbox 530 453 2129 523">
     <span class='ocr_line' id='line_1_5' title="bbox 530 453 2129 523; baseline -0.004 -10"><span class='ocrx_word' id='word_1_23' title='bbox 530 457 776 514; x_wconf 71' lang='lat' dir='ltr'><strong>lanensis</strong></span> <span class='ocrx_word' id='word_1_24' title='bbox 804 457 1081 517; x_wconf 63' lang='lat' dir='ltr'><strong>Ecclesiae.</strong></span> <span class='ocrx_word' id='word_1_25' title='bbox 1113 455 1309 512; x_wconf 91' lang='lat' dir='ltr'><strong>deinde</strong></span> <span class='ocrx_word' id='word_1_26' title='bbox 1336 469 1492 523; x_wconf 89' lang='lat' dir='ltr'><strong>vero,</strong></span> <span class='ocrx_word' id='word_1_27' title='bbox 1526 453 1832 522; x_wconf 87' lang='lat' dir='ltr'><strong>utvidctur,</strong></span> <span class='ocrx_word' id='word_1_28' title='bbox 1863 453 2129 509; x_wconf 81' lang='lat' dir='ltr'><strong>Placenti-</strong></span> 
     </span>
    </p>
   </div>
   <div class='ocr_carea' id='block_1_6' title="bbox 529 546 2127 623">
    <p class='ocr_par' dir='ltr' id='par_1_6' title="bbox 529 546 2127 623">
     <span class='ocr_line' id='line_1_6' title="bbox 529 546 2127 623; baseline -0.004 -14"><span class='ocrx_word' id='word_1_29' title='bbox 529 570 661 609; x_wconf 86' lang='lat' dir='ltr'><strong>num</strong></span> <span class='ocrx_word' id='word_1_30' title='bbox 692 552 1001 623; x_wconf 88' lang='lat' dir='ltr'><strong>episcopum</strong></span> <span class='ocrx_word' id='word_1_31' title='bbox 1023 551 1088 606; x_wconf 91' lang='lat' dir='ltr'><strong>ad</strong></span> <span class='ocrx_word' id='word_1_32' title='bbox 1106 550 1410 606; x_wconf 88' lang='lat' dir='ltr'><strong>Orientales</strong></span> <span class='ocrx_word' id='word_1_33' title='bbox 1429 550 1594 615; x_wconf 89' lang='lat' dir='ltr'><strong>misit,</strong></span> <span class='ocrx_word' id='word_1_34' title='bbox 1618 550 1778 620; x_wconf 83' lang='lat' dir='ltr'><strong>eique</strong></span> <span class='ocrx_word' id='word_1_35' title='bbox 1795 556 1910 603; x_wconf 84' lang='lat' dir='ltr'><strong>acta</strong></span> <span class='ocrx_word' id='word_1_36' title='bbox 1930 546 2127 603; x_wconf 70' lang='lat' dir='ltr'><strong>habitae</strong></span> 
     </span>
    </p>
   </div>
   <div class='ocr_carea' id='block_1_7' title="bbox 531 639 2126 716">
    <p class='ocr_par' dir='ltr' id='par_1_7' title="bbox 531 639 2126 716">
     <span class='ocr_line' id='line_1_7' title="bbox 531 639 2126 716; baseline -0.005 -12"><span class='ocrx_word' id='word_1_37' title='bbox 531 665 713 704; x_wconf 89' lang='lat' dir='ltr'><strong>coram</strong></span> <span class='ocrx_word' id='word_1_38' title='bbox 741 663 800 703; x_wconf 89' lang='lat' dir='ltr'><strong>se</strong></span> <span class='ocrx_word' id='word_1_39' title='bbox 829 656 954 702; x_wconf 91' lang='lat' dir='ltr'><strong>ante</strong></span> <span class='ocrx_word' id='word_1_40' title='bbox 982 646 1253 702; x_wconf 89' lang='lat' dir='ltr'><strong>biennium</strong></span> <span class='ocrx_word' id='word_1_41' title='bbox 1282 644 1500 716; x_wconf 71' lang='lat' dir='ltr'><strong>synodi,</strong></span> <span class='ocrx_word' id='word_1_42' title='bbox 1528 658 1650 698; x_wconf 90' lang='lat' dir='ltr'><strong>cum</strong></span> <span class='ocrx_word' id='word_1_43' title='bbox 1685 642 1878 698; x_wconf 82' lang='lat' dir='ltr'><strong>litteris</strong></span> <span class='ocrx_word' id='word_1_44' title='bbox 1909 650 2035 696; x_wconf 86' lang='lat' dir='ltr'><strong>tunc</strong></span> <span class='ocrx_word' id='word_1_45' title='bbox 2058 639 2126 696; x_wconf 86' lang='lat' dir='ltr'><strong>ad</strong></span> 
     </span>
    </p>
   </div>
   <div class='ocr_carea' id='block_1_8' title="bbox 529 739 2130 819">
    <p class='ocr_par' dir='ltr' id='par_1_8' title="bbox 529 739 2130 819">
     <span class='ocr_line' id='line_1_8' title="bbox 529 739 2130 819; baseline -0.007 -17"><span class='ocrx_word' id='word_1_46' title='bbox 529 746 775 819; x_wconf 83' lang='lat' dir='ltr'><strong>Illyricos</strong></span> <span class='ocrx_word' id='word_1_47' title='bbox 796 742 1018 815; x_wconf 76' lang='lat' dir='ltr'><strong>scriptis</strong></span> <span class='ocrx_word' id='word_1_48' title='bbox 1048 741 1367 813; x_wconf 88' lang='lat' dir='ltr'><strong>perferenda</strong></span> <span class='ocrx_word' id='word_1_49' title='bbox 1406 739 1575 795; x_wconf 90' lang='lat' dir='ltr'><strong>dedit.</strong></span> <span class='ocrx_word' id='word_1_50' title='bbox 1621 739 1756 794; x_wconf 87' lang='lat' dir='ltr'><strong>liinc</strong></span> <span class='ocrx_word' id='word_1_51' title='bbox 1782 753 1843 794; x_wconf 87' lang='lat' dir='ltr'><strong>ea</strong></span> <span class='ocrx_word' id='word_1_52' title='bbox 1890 743 2130 809; x_wconf 85' lang='lat' dir='ltr'><strong>synodus</strong></span> 
     </span>
    </p>
   </div>
   <div class='ocr_carea' id='block_1_9' title="bbox 530 831 2130 904">
    <p class='ocr_par' dir='ltr' id='par_1_9' title="bbox 530 831 2130 904">
     <span class='ocr_line' id='line_1_9' title="bbox 530 831 2130 904; baseline -0.006 -9"><span class='ocrx_word' id='word_1_53' title='bbox 530 840 675 895; x_wconf 89' lang='lat' dir='ltr'><strong>hunc</strong></span> <span class='ocrx_word' id='word_1_54' title='bbox 701 856 763 893; x_wconf 76' lang='lat' dir='ltr'><strong>ex</strong></span> <span class='ocrx_word' id='word_1_55' title='bbox 795 836 1075 893; x_wconf 84' lang='lat' dir='ltr'><strong>Holstenio</strong></span> <span class='ocrx_word' id='word_1_56' title='bbox 1111 835 1322 891; x_wconf 87' lang='lat' dir='ltr'><strong>titulum</strong></span> <span class='ocrx_word' id='word_1_57' title='bbox 1353 833 1513 888; x_wconf 84' lang='lat' dir='ltr'><strong>habet</strong></span> <span class='ocrx_word' id='word_1_58' title='bbox 1546 849 1561 888; x_wconf 74' lang='grc' dir='ltr'>ς</span> <span class='ocrx_word' id='word_1_59' title='bbox 1604 831 1914 904; x_wconf 77' lang='lat' dir='ltr'><strong>Exemplum</strong></span> <span class='ocrx_word' id='word_1_60' title='bbox 1945 831 2130 902; x_wconf 79' lang='lat' dir='ltr'><strong>synodi</strong></span> 
     </span>
    </p>
   </div>
   <div class='ocr_carea' id='block_1_10' title="bbox 527 922 2130 1001">
    <p class='ocr_par' dir='ltr' id='par_1_10' title="bbox 527 922 2130 1001">
     <span class='ocr_line' id='line_1_10' title="bbox 527 922 2130 1001; baseline -0.004 -16"><span class='ocrx_word' id='word_1_61' title='bbox 527 930 716 985; x_wconf 81' lang='lat' dir='ltr'><strong>habin</strong></span> <span class='ocrx_word' id='word_1_62' title='bbox 746 922 924 986; x_wconf 60' lang='lat' dir='ltr'><strong>Romae</strong></span> <span class='ocrx_word' id='word_1_63' title='bbox 952 929 1314 1001; x_wconf 70' lang='lat' dir='ltr'><strong>rpiswporum</strong></span> <span class='ocrx_word' id='word_1_64' title='bbox 1341 926 1435 992; x_wconf 79' lang='grc'><strong>95,</strong></span> <span class='ocrx_word' id='word_1_65' title='bbox 1465 943 1528 981; x_wconf 77' lang='lat' dir='ltr'><strong>ex</strong></span> <span class='ocrx_word' id='word_1_66' title='bbox 1550 927 1799 993; x_wconf 87' lang='lat' dir='ltr'><strong>rescripto</strong></span> <span class='ocrx_word' id='word_1_67' title='bbox 1830 924 2130 994; x_wconf 89' lang='lat' dir='ltr'><strong>imperiali:</strong></span> 
     </span>
    </p>
   </div>
   <div class='ocr_carea' id='block_1_11' title="bbox 535 1016 2130 1088">
    <p class='ocr_par' dir='ltr' id='par_1_11' title="bbox 535 1016 2130 1088">
     <span class='ocr_line' id='line_1_11' title="bbox 535 1016 2130 1088; baseline -0.004 -11"><span class='ocrx_word' id='word_1_68' title='bbox 535 1023 784 1079; x_wconf 77' lang='lat' dir='ltr'><strong>Damasus</strong></span> <span class='ocrx_word' id='word_1_69' title='bbox 806 1064 820 1088; x_wconf 93' lang='lat'><strong>,</strong></span> <span class='ocrx_word' id='word_1_70' title='bbox 876 1022 1188 1077; x_wconf 72' lang='lat' dir='ltr'><strong>Valerianus</strong></span> <span class='ocrx_word' id='word_1_71' title='bbox 1210 1063 1224 1084; x_wconf 93' lang='lat'><strong>,</strong></span> <span class='ocrx_word' id='word_1_72' title='bbox 1266 1018 1595 1085; x_wconf 85' lang='lat' dir='ltr'><strong>Vitalianus,</strong></span> <span class='ocrx_word' id='word_1_73' title='bbox 1629 1021 1869 1087; x_wconf 82' lang='lat' dir='ltr'><strong>Auﬁdius</strong></span> <span class='ocrx_word' id='word_1_74' title='bbox 1890 1062 1904 1085; x_wconf 90' lang='lat'><strong>,</strong></span> <span class='ocrx_word' id='word_1_75' title='bbox 1945 1016 2130 1072; x_wconf 83' lang='lat' dir='ltr'><strong>Pacia-</strong></span> 
     </span>
    </p>
   </div>
   <div class='ocr_carea' id='block_1_12' title="bbox 531 1109 2133 1184">
    <p class='ocr_par' dir='ltr' id='par_1_12' title="bbox 531 1109 2133 1184">
     <span class='ocr_line' id='line_1_12' title="bbox 531 1109 2133 1184; baseline -0.006 -12"><span class='ocrx_word' id='word_1_76' title='bbox 531 1136 648 1182; x_wconf 85' lang='lat' dir='ltr'><strong>mts,</strong></span> <span class='ocrx_word' id='word_1_77' title='bbox 696 1116 902 1184; x_wconf 80' lang='lat' dir='ltr'><strong>Victor,</strong></span> <span class='ocrx_word' id='word_1_78' title='bbox 932 1114 1172 1181; x_wconf 66' lang='lat' dir='ltr'><strong>Priscus,</strong></span> <span class='ocrx_word' id='word_1_79' title='bbox 1208 1112 1582 1180; x_wconf 76' lang='lat' dir='ltr'><strong>Innocentius,</strong></span> <span class='ocrx_word' id='word_1_80' title='bbox 1615 1113 1920 1178; x_wconf 81' lang='lat' dir='ltr'><strong>Abnndius,</strong></span> <span class='ocrx_word' id='word_1_81' title='bbox 1962 1109 2133 1164; x_wconf 85' lang='lat' dir='ltr'><strong>Theo-</strong></span> 
     </span>
    </p>
   </div>
   <div class='ocr_carea' id='block_1_13' title="bbox 528 1208 2129 1282">
    <p class='ocr_par' dir='ltr' id='par_1_13' title="bbox 528 1208 2129 1282">
     <span class='ocr_line' id='line_1_13' title="bbox 528 1208 2129 1282; baseline -0.007 -13"><span class='ocrx_word' id='word_1_82' title='bbox 528 1213 700 1278; x_wconf 83' lang='lat' dir='ltr'><strong>dolus,</strong></span> <span class='ocrx_word' id='word_1_83' title='bbox 734 1221 779 1267; x_wconf 89' lang='lat' dir='ltr'><strong>et</strong></span> <span class='ocrx_word' id='word_1_84' title='bbox 812 1212 1014 1277; x_wconf 62' lang='lat' dir='ltr'><strong>ceteri,</strong></span> <span class='ocrx_word' id='word_1_85' title='bbox 1044 1212 1129 1282; x_wconf 85' lang='lat' dir='ltr'><strong>qui</strong></span> <span class='ocrx_word' id='word_1_86' title='bbox 1156 1209 1225 1263; x_wconf 90' lang='lat' dir='ltr'><strong>ad</strong></span> <span class='ocrx_word' id='word_1_87' title='bbox 1260 1210 1573 1264; x_wconf 87' lang='lat' dir='ltr'><strong>audiendam</strong></span> <span class='ocrx_word' id='word_1_88' title='bbox 1607 1208 1853 1263; x_wconf 75' lang='lat' dir='ltr'><strong>Auxentii</strong></span> <span class='ocrx_word' id='word_1_89' title='bbox 1882 1220 2093 1260; x_wconf 83' lang='lat' dir='ltr'><strong>causam</strong></span> <span class='ocrx_word' id='word_1_90' title='bbox 2112 1246 2129 1273; x_wconf 90' lang='lat'><strong>,</strong></span> 
     </span>
    </p>
   </div>
   <div class='ocr_carea' id='block_1_14' title="bbox 528 1300 2126 1381">
    <p class='ocr_par' dir='ltr' id='par_1_14' title="bbox 528 1300 2126 1381">
     <span class='ocr_line' id='line_1_14' title="bbox 528 1300 2126 1381; baseline -0.008 -18"><span class='ocrx_word' id='word_1_91' title='bbox 528 1306 980 1381; x_wconf 77' lang='lat' dir='ltr'><strong>exponendatnque</strong></span> <span class='ocrx_word' id='word_1_92' title='bbox 1023 1304 1178 1375; x_wconf 78' lang='lat' dir='ltr'><strong>ﬁdem</strong></span> <span class='ocrx_word' id='word_1_93' title='bbox 1227 1304 1283 1371; x_wconf 70' lang='lat' dir='ltr'><strong>in</strong></span> <span class='ocrx_word' id='word_1_94' title='bbox 1335 1301 1473 1358; x_wconf 88' lang='lat' dir='ltr'><strong>Urbe</strong></span> <span class='ocrx_word' id='word_1_95' title='bbox 1526 1300 1692 1356; x_wconf 83' lang='lat' dir='ltr'><strong>Roma</strong></span> <span class='ocrx_word' id='word_1_96' title='bbox 1735 1307 2126 1366; x_wconf 84' lang='lat' dir='ltr'><strong>convenerunt,</strong></span> 
     </span>
    </p>
   </div>
   <div class='ocr_carea' id='block_1_15' title="bbox 528 1390 2133 1471">
    <p class='ocr_par' dir='ltr' id='par_1_15' title="bbox 528 1390 2133 1471">
     <span class='ocr_line' id='line_1_15' title="bbox 528 1390 2133 1471; baseline -0.006 -17"><span class='ocrx_word' id='word_1_97' title='bbox 528 1400 783 1471; x_wconf 77' lang='lat' dir='ltr'><strong>episcopis</strong></span> <span class='ocrx_word' id='word_1_98' title='bbox 808 1397 1086 1451; x_wconf 82' lang='lat' dir='ltr'><strong>Cutltolicis</strong></span> <span class='ocrx_word' id='word_1_99' title='bbox 1118 1412 1209 1467; x_wconf 86' lang='lat' dir='ltr'><strong>per</strong></span> <span class='ocrx_word' id='word_1_100' title='bbox 1232 1394 1493 1450; x_wconf 77' lang='lat' dir='ltr'><strong>Orientem</strong></span> <span class='ocrx_word' id='word_1_101' title='bbox 1531 1394 1827 1448; x_wconf 79' lang='lat' dir='ltr'><strong>constitutis</strong></span> <span class='ocrx_word' id='word_1_102' title='bbox 1864 1394 1917 1446; x_wconf 86' lang='lat' dir='ltr'><strong>in</strong></span> <span class='ocrx_word' id='word_1_103' title='bbox 1951 1390 2133 1445; x_wconf 82' lang='lat' dir='ltr'><strong>Domi-</strong></span> 
     </span>
    </p>
   </div>
   <div class='ocr_carea' id='block_1_16' title="bbox 532 1484 2130 1559">
    <p class='ocr_par' dir='ltr' id='par_1_16' title="bbox 532 1484 2130 1559">
     <span class='ocr_line' id='line_1_16' title="bbox 532 1484 2130 1559; baseline -0.008 -9"><span class='ocrx_word' id='word_1_104' title='bbox 532 1511 598 1550; x_wconf 87' lang='lat' dir='ltr'><strong>no</strong></span> <span class='ocrx_word' id='word_1_105' title='bbox 628 1496 872 1549; x_wconf 83' lang='lat' dir='ltr'><strong>salutem.</strong></span> <span class='ocrx_word' id='word_1_106' title='bbox 899 1494 976 1545; x_wconf 83' lang='lat' dir='ltr'><strong>Ac</strong></span> <span class='ocrx_word' id='word_1_107' title='bbox 1006 1493 1057 1545; x_wconf 91' lang='lat' dir='ltr'><strong>in</strong></span> <span class='ocrx_word' id='word_1_108' title='bbox 1082 1491 1186 1544; x_wconf 85' lang='lat' dir='ltr'><strong>line</strong></span> <span class='ocrx_word' id='word_1_109' title='bbox 1218 1490 1335 1544; x_wconf 75' lang='lat' dir='ltr'><strong>haec</strong></span> <span class='ocrx_word' id='word_1_110' title='bbox 1357 1488 1597 1544; x_wconf 83' lang='lat' dir='ltr'><strong>clausula</strong></span> <span class='ocrx_word' id='word_1_111' title='bbox 1630 1487 1873 1559; x_wconf 77' lang='lat' dir='ltr'><strong>apposita</strong></span> <span class='ocrx_word' id='word_1_112' title='bbox 1897 1484 2130 1549; x_wconf 69' lang='lat' dir='ltr'><strong>legitur:</strong></span> 
     </span>
    </p>
   </div>
   <div class='ocr_carea' id='block_1_17' title="bbox 538 1580 2130 1659">
    <p class='ocr_par' dir='ltr' id='par_1_17' title="bbox 538 1580 2130 1659">
     <span class='ocr_line' id='line_1_17' title="bbox 538 1580 2130 1659; baseline -0.006 -16"><span class='ocrx_word' id='word_1_113' title='bbox 538 1586 653 1659; x_wconf 79' lang='lat' dir='ltr'><strong>Ego</strong></span> <span class='ocrx_word' id='word_1_114' title='bbox 699 1587 928 1642; x_wconf 85' lang='lat' dir='ltr'><strong>Sabinus</strong></span> <span class='ocrx_word' id='word_1_115' title='bbox 973 1584 1221 1638; x_wconf 84' lang='lat' dir='ltr'><strong>diaconus</strong></span> <span class='ocrx_word' id='word_1_116' title='bbox 1255 1581 1659 1638; x_wconf 81' lang='lat' dir='ltr'><strong>Mediolanensis</strong></span> <span class='ocrx_word' id='word_1_117' title='bbox 1699 1582 1762 1635; x_wconf 83' lang='lat' dir='ltr'><strong>de</strong></span> <span class='ocrx_word' id='word_1_118' title='bbox 1806 1580 2130 1647; x_wconf 82' lang='lat' dir='ltr'><strong>authentico,</strong></span> 
     </span>
    </p>
   </div>
   <div class='ocr_carea' id='block_1_18' title="bbox 531 1672 2135 1750">
    <p class='ocr_par' dir='ltr' id='par_1_18' title="bbox 531 1672 2135 1750">
     <span class='ocr_line' id='line_1_18' title="bbox 531 1672 2135 1750; baseline -0.005 -13"><span class='ocrx_word' id='word_1_119' title='bbox 531 1698 595 1737; x_wconf 76' lang='lat' dir='ltr'><strong>es</strong></span> <span class='ocrx_word' id='word_1_120' title='bbox 639 1681 776 1734; x_wconf 88' lang='lat' dir='ltr'><strong>actis</strong></span> <span class='ocrx_word' id='word_1_121' title='bbox 816 1679 1022 1735; x_wconf 84' lang='lat' dir='ltr'><strong>scilicet</strong></span> <span class='ocrx_word' id='word_1_122' title='bbox 1063 1678 1130 1733; x_wconf 88' lang='lat' dir='ltr'><strong>ad</strong></span> <span class='ocrx_word' id='word_1_123' title='bbox 1180 1678 1383 1750; x_wconf 88' lang='lat' dir='ltr'><strong>Illyrici</strong></span> <span class='ocrx_word' id='word_1_124' title='bbox 1430 1677 1716 1746; x_wconf 78' lang='lat' dir='ltr'><strong>epiScOpos</strong></span> <span class='ocrx_word' id='word_1_125' title='bbox 1762 1686 1920 1729; x_wconf 89' lang='lat' dir='ltr'><strong>antea</strong></span> <span class='ocrx_word' id='word_1_126' title='bbox 1953 1672 2135 1729; x_wconf 82' lang='lat' dir='ltr'><strong>missis</strong></span> 
     </span>
    </p>
   </div>
   <div class='ocr_carea' id='block_1_19' title="bbox 2230 457 3777 532">
    <p class='ocr_par' dir='ltr' id='par_1_19' title="bbox 2230 457 3777 532">
     <span class='ocr_line' id='line_1_19' title="bbox 2230 457 3777 532; baseline 0.01 -20"><span class='ocrx_word' id='word_1_127' title='bbox 2230 457 2342 529; x_wconf 80' lang='lat' dir='ltr'><strong>Ego</strong></span> <span class='ocrx_word' id='word_1_128' title='bbox 2381 474 2510 514; x_wconf 87' lang='lat' dir='ltr'><strong>vero</strong></span> <span class='ocrx_word' id='word_1_129' title='bbox 2538 476 2645 516; x_wconf 91' lang='lat' dir='ltr'><strong>non</strong></span> <span class='ocrx_word' id='word_1_130' title='bbox 2687 460 2844 518; x_wconf 80' lang='lat' dir='ltr'><strong>facile</strong></span> <span class='ocrx_word' id='word_1_131' title='bbox 2888 463 3223 532; x_wconf 87' lang='lat' dir='ltr'><strong>admiserim,</strong></span> <span class='ocrx_word' id='word_1_132' title='bbox 3255 482 3381 524; x_wconf 88' lang='lat' dir='ltr'><strong>eum</strong></span> <span class='ocrx_word' id='word_1_133' title='bbox 3410 468 3678 525; x_wconf 80' lang='lat' dir='ltr'><strong>diaconum</strong></span> <span class='ocrx_word' id='word_1_134' title='bbox 3704 472 3777 528; x_wconf 79' lang='lat' dir='ltr'><strong>iter</strong></span> 
     </span>
    </p>
   </div>
   <div class='ocr_carea' id='block_1_20' title="bbox 2230 554 3779 635">
    <p class='ocr_par' dir='ltr' id='par_1_20' title="bbox 2230 554 3779 635">
     <span class='ocr_line' id='line_1_20' title="bbox 2230 554 3779 635; baseline 0.011 -29"><span class='ocrx_word' id='word_1_135' title='bbox 2230 564 2385 606; x_wconf 82' lang='lat' dir='ltr'><strong>Stlttttl</strong></span> <span class='ocrx_word' id='word_1_136' title='bbox 2419 568 2514 620; x_wconf 88' lang='lat' dir='ltr'><strong>per</strong></span> <span class='ocrx_word' id='word_1_137' title='bbox 2543 554 2815 625; x_wconf 81' lang='lat' dir='ltr'><strong>Illyricum</strong></span> <span class='ocrx_word' id='word_1_138' title='bbox 2846 556 3146 617; x_wconf 88' lang='lat' dir='ltr'><strong>instituisse</strong></span> <span class='ocrx_word' id='word_1_139' title='bbox 3175 578 3191 617; x_wconf 87' lang='lat'><strong>:</strong></span> <span class='ocrx_word' id='word_1_140' title='bbox 3223 578 3349 619; x_wconf 87' lang='lat' dir='ltr'><strong>nam</strong></span> <span class='ocrx_word' id='word_1_141' title='bbox 3378 565 3553 635; x_wconf 90' lang='lat' dir='ltr'><strong>primo</strong></span> <span class='ocrx_word' id='word_1_142' title='bbox 3584 566 3779 623; x_wconf 82' lang='lat' dir='ltr'><strong>terresni</strong></span> 
     </span>
    </p>
   </div>
   <div class='ocr_carea' id='block_1_21' title="bbox 2232 643 3781 730">
    <p class='ocr_par' dir='ltr' id='par_1_21' title="bbox 2232 643 3781 730">
     <span class='ocr_line' id='line_1_21' title="bbox 2232 643 3781 730; baseline 0.015 -35"><span class='ocrx_word' id='word_1_143' title='bbox 2232 643 2316 697; x_wconf 79' lang='lat' dir='ltr'><strong>via</strong></span> <span class='ocrx_word' id='word_1_144' title='bbox 2345 646 2630 715; x_wconf 89' lang='lat' dir='ltr'><strong>euntibus,</strong></span> <span class='ocrx_word' id='word_1_145' title='bbox 2678 648 2748 707; x_wconf 90' lang='lat' dir='ltr'><strong>ab</strong></span> <span class='ocrx_word' id='word_1_146' title='bbox 2771 650 3012 719; x_wconf 86' lang='lat' dir='ltr'><strong>Arianis,</strong></span> <span class='ocrx_word' id='word_1_147' title='bbox 3035 669 3065 709; x_wconf 87' lang='lat' dir='ltr'><strong>a</strong></span> <span class='ocrx_word' id='word_1_148' title='bbox 3095 656 3294 725; x_wconf 82' lang='lat' dir='ltr'><strong>quibus</strong></span> <span class='ocrx_word' id='word_1_149' title='bbox 3330 673 3434 728; x_wconf 89' lang='lat' dir='ltr'><strong>pro</strong></span> <span class='ocrx_word' id='word_1_150' title='bbox 3462 658 3647 728; x_wconf 79' lang='lat' dir='ltr'><strong>majori</strong></span> <span class='ocrx_word' id='word_1_151' title='bbox 3669 672 3781 730; x_wconf 64' lang='lat' dir='ltr'><strong>parte</strong></span> 
     </span>
    </p>
   </div>
   <div class='ocr_carea' id='block_1_22' title="bbox 2232 736 3781 813">
    <p class='ocr_par' dir='ltr' id='par_1_22' title="bbox 2232 736 3781 813">
     <span class='ocr_line' id='line_1_22' title="bbox 2232 736 3781 813; baseline 0.012 -21"><span class='ocrx_word' id='word_1_152' title='bbox 2232 736 2493 797; x_wconf 56' lang='lat' dir='ltr'><strong>Ecclesia</strong></span> <span class='ocrx_word' id='word_1_153' title='bbox 2529 743 2957 813; x_wconf 82' lang='lat' dir='ltr'><strong>occupabantur,</strong></span> <span class='ocrx_word' id='word_1_154' title='bbox 3004 736 3301 805; x_wconf 80' lang='lat' dir='ltr'><strong>timendum</strong></span> <span class='ocrx_word' id='word_1_155' title='bbox 3332 760 3498 807; x_wconf 85' lang='lat' dir='ltr'><strong>erat:</strong></span> <span class='ocrx_word' id='word_1_156' title='bbox 3546 753 3718 810; x_wconf 88' lang='lat' dir='ltr'><strong>deinde</strong></span> <span class='ocrx_word' id='word_1_157' title='bbox 3748 757 3781 811; x_wconf 84' lang='lat' dir='ltr'><strong>si</strong></span> 
     </span>
    </p>
   </div>
   <div class='ocr_carea' id='block_1_23' title="bbox 2233 832 3782 907">
    <p class='ocr_par' dir='ltr' id='par_1_23' title="bbox 2233 832 3782 907">
     <span class='ocr_line' id='line_1_23' title="bbox 2233 832 3782 907; baseline 0.009 -21"><span class='ocrx_word' id='word_1_158' title='bbox 2233 832 2459 903; x_wconf 65' lang='lat' dir='ltr'><strong>pedibu~</strong></span> <span class='ocrx_word' id='word_1_159' title='bbox 2486 850 2607 890; x_wconf 90' lang='lat' dir='ltr'><strong>eum</strong></span> <span class='ocrx_word' id='word_1_160' title='bbox 2637 836 2909 894; x_wconf 84' lang='lat' dir='ltr'><strong>Dorotheo</strong></span> <span class='ocrx_word' id='word_1_161' title='bbox 2939 840 3039 895; x_wconf 90' lang='lat' dir='ltr'><strong>iter</strong></span> <span class='ocrx_word' id='word_1_162' title='bbox 3073 840 3298 907; x_wconf 88' lang='lat' dir='ltr'><strong>fecerat,</strong></span> <span class='ocrx_word' id='word_1_163' title='bbox 3330 858 3433 898; x_wconf 91' lang='lat' dir='ltr'><strong>cur</strong></span> <span class='ocrx_word' id='word_1_164' title='bbox 3462 860 3567 898; x_wconf 87' lang='lat' dir='ltr'><strong>non</strong></span> <span class='ocrx_word' id='word_1_165' title='bbox 3595 854 3719 900; x_wconf 85' lang='lat' dir='ltr'><strong>recta</strong></span> <span class='ocrx_word' id='word_1_166' title='bbox 3736 845 3782 900; x_wconf 86' lang='lat' dir='ltr'><strong>ad</strong></span> 
     </span>
    </p>
   </div>
   <div class='ocr_carea' id='block_1_24' title="bbox 2232 925 3782 1010">
    <p class='ocr_par' dir='ltr' id='par_1_24' title="bbox 2232 925 3782 1010">
     <span class='ocr_line' id='line_1_24' title="bbox 2232 925 3782 1010; baseline 0.01 -30"><span class='ocrx_word' id='word_1_167' title='bbox 2232 925 2514 995; x_wconf 56' lang='lat' dir='ltr'><strong>Basiliam,</strong></span> <span class='ocrx_word' id='word_1_168' title='bbox 2542 938 2597 983; x_wconf 93' lang='lat' dir='ltr'><strong>et</strong></span> <span class='ocrx_word' id='word_1_169' title='bbox 2639 927 2972 999; x_wconf 70' lang='lat' dir='ltr'><strong>Caesaream,</strong></span> <span class='ocrx_word' id='word_1_170' title='bbox 3019 951 3142 1002; x_wconf 67' lang='lat' dir='ltr'><strong>qua:</strong></span> <span class='ocrx_word' id='word_1_171' title='bbox 3190 936 3362 1005; x_wconf 86' lang='lat' dir='ltr'><strong>prima</strong></span> <span class='ocrx_word' id='word_1_172' title='bbox 3414 938 3586 1010; x_wconf 78' lang='lat' dir='ltr'><strong>longa:</strong></span> <span class='ocrx_word' id='word_1_173' title='bbox 3610 938 3782 1005; x_wconf 64' lang='lat' dir='ltr'><strong>viat,et</strong></span> 
     </span>
    </p>
   </div>
   <div class='ocr_carea' id='block_1_25' title="bbox 2232 1018 3785 1097">
    <p class='ocr_par' dir='ltr' id='par_1_25' title="bbox 2232 1018 3785 1097">
     <span class='ocr_line' id='line_1_25' title="bbox 2232 1018 3785 1097; baseline 0.009 -24"><span class='ocrx_word' id='word_1_174' title='bbox 2232 1018 2436 1073; x_wconf 87' lang='lat' dir='ltr'><strong>laboris</strong></span> <span class='ocrx_word' id='word_1_175' title='bbox 2474 1021 2628 1090; x_wconf 84' lang='lat' dir='ltr'><strong>quies</strong></span> <span class='ocrx_word' id='word_1_176' title='bbox 2660 1023 2857 1085; x_wconf 87' lang='lat' dir='ltr'><strong>fuerat.</strong></span> <span class='ocrx_word' id='word_1_177' title='bbox 2887 1026 2982 1081; x_wconf 82' lang='lat' dir='ltr'><strong>sed</strong></span> <span class='ocrx_word' id='word_1_178' title='bbox 3014 1025 3083 1082; x_wconf 88' lang='lat' dir='ltr'><strong>ad</strong></span> <span class='ocrx_word' id='word_1_179' title='bbox 3110 1026 3499 1097; x_wconf 77' lang='lat' dir='ltr'><strong>Athanasium,</strong></span> <span class='ocrx_word' id='word_1_180' title='bbox 3540 1028 3733 1086; x_wconf 77' lang='lat' dir='ltr'><strong>divertit</strong></span> <span class='ocrx_word' id='word_1_181' title='bbox 3748 1040 3785 1087; x_wconf 84' lang='lat' dir='ltr'><strong>et</strong></span> 
     </span>
    </p>
   </div>
   <div class='ocr_carea' id='block_1_26' title="bbox 2236 1112 3786 1193">
    <p class='ocr_par' dir='ltr' id='par_1_26' title="bbox 2236 1112 3786 1193">
     <span class='ocr_line' id='line_1_26' title="bbox 2236 1112 3786 1193; baseline 0.007 -26"><span class='ocrx_word' id='word_1_182' title='bbox 2236 1112 2619 1169; x_wconf 76' lang='lat' dir='ltr'><strong>Alexandriam</strong></span> <span class='ocrx_word' id='word_1_183' title='bbox 2648 1116 2671 1169; x_wconf 74' lang='grc'><strong><em>2</em></strong></span> <span class='ocrx_word' id='word_1_184' title='bbox 2693 1115 2805 1173; x_wconf 83' lang='lat' dir='ltr'><strong>Nec</strong></span> <span class='ocrx_word' id='word_1_185' title='bbox 2825 1119 2970 1173; x_wconf 84' lang='lat' dir='ltr'><strong>aliud</strong></span> <span class='ocrx_word' id='word_1_186' title='bbox 2998 1121 3188 1175; x_wconf 82' lang='lat' dir='ltr'><strong>suadet</strong></span> <span class='ocrx_word' id='word_1_187' title='bbox 3218 1120 3474 1187; x_wconf 83' lang='lat' dir='ltr'><strong>Basilius,</strong></span> <span class='ocrx_word' id='word_1_188' title='bbox 3501 1136 3619 1178; x_wconf 86' lang='lat' dir='ltr'><strong>cum</strong></span> <span class='ocrx_word' id='word_1_189' title='bbox 3643 1136 3786 1193; x_wconf 81' lang='lat' dir='ltr'><strong>accep-</strong></span> 
     </span>
    </p>
   </div>
   <div class='ocr_carea' id='block_1_27' title="bbox 2236 1206 3785 1283">
    <p class='ocr_par' dir='ltr' id='par_1_27' title="bbox 2236 1206 3785 1283">
     <span class='ocr_line' id='line_1_27' title="bbox 2236 1206 3785 1283; baseline 0.005 -23"><span class='ocrx_word' id='word_1_190' title='bbox 2236 1215 2317 1260; x_wconf 87' lang='lat' dir='ltr'><strong>tas</strong></span> <span class='ocrx_word' id='word_1_191' title='bbox 2357 1208 2427 1261; x_wconf 86' lang='lat' dir='ltr'><strong>ab</strong></span> <span class='ocrx_word' id='word_1_192' title='bbox 2457 1206 2690 1280; x_wconf 80' lang='lat' dir='ltr'><strong>Illyricis</strong></span> <span class='ocrx_word' id='word_1_193' title='bbox 2716 1210 2972 1281; x_wconf 79' lang='lat' dir='ltr'><strong>episcOpis</strong></span> <span class='ocrx_word' id='word_1_194' title='bbox 3001 1212 3211 1267; x_wconf 83' lang='lat' dir='ltr'><strong>litteras</strong></span> <span class='ocrx_word' id='word_1_195' title='bbox 3257 1222 3527 1268; x_wconf 85' lang='lat' dir='ltr'><strong>memorat</strong></span> <span class='ocrx_word' id='word_1_196' title='bbox 3554 1229 3567 1266; x_wconf 90' lang='lat'><strong>:</strong></span> <span class='ocrx_word' id='word_1_197' title='bbox 3596 1228 3701 1267; x_wconf 84' lang='lat' dir='ltr'><strong>nam</strong></span> <span class='ocrx_word' id='word_1_198' title='bbox 3724 1214 3785 1283; x_wconf 81' lang='lat' dir='ltr'><strong>qui</strong></span> 
     </span>
    </p>
   </div>
   <div class='ocr_carea' id='block_1_28' title="bbox 2236 1299 3786 1377">
    <p class='ocr_par' dir='ltr' id='par_1_28' title="bbox 2236 1299 3786 1377">
     <span class='ocr_line' id='line_1_28' title="bbox 2236 1299 3786 1377; baseline 0.004 -22"><span class='ocrx_word' id='word_1_199' title='bbox 2236 1299 2314 1355; x_wconf 91' lang='lat' dir='ltr'><strong>illi</strong></span> <span class='ocrx_word' id='word_1_200' title='bbox 2343 1299 2449 1355; x_wconf 89' lang='lat' dir='ltr'><strong>sint</strong></span> <span class='ocrx_word' id='word_1_201' title='bbox 2477 1302 2624 1357; x_wconf 82' lang='lat' dir='ltr'><strong>rlare</strong></span> <span class='ocrx_word' id='word_1_202' title='bbox 2649 1302 2955 1374; x_wconf 74' lang='lat' dir='ltr'><strong>colligimus</strong></span> <span class='ocrx_word' id='word_1_203' title='bbox 2989 1320 3057 1359; x_wconf 80' lang='lat' dir='ltr'><strong>ex</strong></span> <span class='ocrx_word' id='word_1_204' title='bbox 3102 1304 3457 1374; x_wconf 88' lang='lat' dir='ltr'><strong>subscquenti</strong></span> <span class='ocrx_word' id='word_1_205' title='bbox 3494 1306 3701 1377; x_wconf 82' lang='lat' dir='ltr'><strong>epistola</strong></span> <span class='ocrx_word' id='word_1_206' title='bbox 3723 1307 3786 1373; x_wconf 76' lang='lat'><strong>91,</strong></span> 
     </span>
    </p>
   </div>
   <div class='ocr_carea' id='block_1_29' title="bbox 2236 1392 3787 1469">
    <p class='ocr_par' dir='ltr' id='par_1_29' title="bbox 2236 1392 3787 1469">
     <span class='ocr_line' id='line_1_29' title="bbox 2236 1392 3787 1469; baseline 0.002 -21"><span class='ocrx_word' id='word_1_207' title='bbox 2236 1392 2291 1451; x_wconf 88' lang='lat' dir='ltr'><strong>in</strong></span> <span class='ocrx_word' id='word_1_208' title='bbox 2315 1409 2417 1459; x_wconf 82' lang='lat' dir='ltr'><strong>qua</strong></span> <span class='ocrx_word' id='word_1_209' title='bbox 2446 1394 2649 1450; x_wconf 89' lang='lat' dir='ltr'><strong>mentio</strong></span> <span class='ocrx_word' id='word_1_210' title='bbox 2681 1394 2920 1465; x_wconf 88' lang='lat' dir='ltr'><strong>injicitur</strong></span> <span class='ocrx_word' id='word_1_211' title='bbox 2953 1397 3110 1451; x_wconf 89' lang='lat' dir='ltr'><strong>unius</strong></span> <span class='ocrx_word' id='word_1_212' title='bbox 3129 1395 3404 1452; x_wconf 68' lang='lat' dir='ltr'><strong>Valeriani</strong></span> <span class='ocrx_word' id='word_1_213' title='bbox 3429 1397 3787 1469; x_wconf 77' lang='lat' dir='ltr'><strong>Aquileiensis,</strong></span> 
     </span>
    </p>
   </div>
   <div class='ocr_carea' id='block_1_30' title="bbox 2236 1487 3786 1559">
    <p class='ocr_par' dir='ltr' id='par_1_30' title="bbox 2236 1487 3786 1559">
     <span class='ocr_line' id='line_1_30' title="bbox 2236 1487 3786 1559; baseline 0.003 -20"><span class='ocrx_word' id='word_1_214' title='bbox 2236 1504 2397 1558; x_wconf 85' lang='lat' dir='ltr'><strong>quem</strong></span> <span class='ocrx_word' id='word_1_215' title='bbox 2432 1487 2574 1542; x_wconf 79' lang='lat' dir='ltr'><strong>idem</strong></span> <span class='ocrx_word' id='word_1_216' title='bbox 2625 1487 2856 1543; x_wconf 87' lang='lat' dir='ltr'><strong>Basilius</strong></span> <span class='ocrx_word' id='word_1_217' title='bbox 2896 1489 3138 1544; x_wconf 86' lang='lat' dir='ltr'><strong>locorum</strong></span> <span class='ocrx_word' id='word_1_218' title='bbox 3191 1491 3547 1558; x_wconf 79' lang='lat' dir='ltr'><strong>proximitate</strong></span> <span class='ocrx_word' id='word_1_219' title='bbox 3586 1490 3786 1559; x_wconf 78' lang='lat' dir='ltr'><strong>deceptus</strong></span> 
     </span>
    </p>
   </div>
   <div class='ocr_carea' id='block_1_31' title="bbox 2238 1578 3785 1654">
    <p class='ocr_par' dir='ltr' id='par_1_31' title="bbox 2238 1578 3785 1654">
     <span class='ocr_line' id='line_1_31' title="bbox 2238 1578 3785 1654; baseline 0.003 -22"><span class='ocrx_word' id='word_1_220' title='bbox 2238 1578 2570 1651; x_wconf 80' lang='lat' dir='ltr'><strong>Illyricorum</strong></span> <span class='ocrx_word' id='word_1_221' title='bbox 2584 1582 2881 1653; x_wconf 82' lang='lat' dir='ltr'><strong>episcopum</strong></span> <span class='ocrx_word' id='word_1_222' title='bbox 2907 1592 3071 1637; x_wconf 85' lang='lat' dir='ltr'><strong>vocat.</strong></span> <span class='ocrx_word' id='word_1_223' title='bbox 3094 1581 3237 1638; x_wconf 80' lang='lat' dir='ltr'><strong>Fieri</strong></span> <span class='ocrx_word' id='word_1_224' title='bbox 3258 1584 3447 1654; x_wconf 86' lang='lat' dir='ltr'><strong>itaque</strong></span> <span class='ocrx_word' id='word_1_225' title='bbox 3470 1582 3623 1638; x_wconf 79' lang='lat' dir='ltr'><strong>facile</strong></span> <span class='ocrx_word' id='word_1_226' title='bbox 3642 1584 3785 1654; x_wconf 84' lang='lat' dir='ltr'><strong>potuit,</strong></span> 
     </span>
    </p>
   </div>
   <div class='ocr_carea' id='block_1_32' title="bbox 2239 1671 3789 1729">
    <p class='ocr_par' dir='ltr' id='par_1_32' title="bbox 2239 1671 3789 1729">
     <span class='ocr_line' id='line_1_32' title="bbox 2239 1671 3789 1729; baseline 0 -4"><span class='ocrx_word' id='word_1_227' title='bbox 2239 1680 2295 1725; x_wconf 92' lang='lat' dir='ltr'><strong>ut</strong></span> <span class='ocrx_word' id='word_1_228' title='bbox 2342 1671 2573 1727; x_wconf 88' lang='lat' dir='ltr'><strong>Sabinus</strong></span> <span class='ocrx_word' id='word_1_229' title='bbox 2606 1674 2779 1727; x_wconf 91' lang='lat' dir='ltr'><strong>iturus</strong></span> <span class='ocrx_word' id='word_1_230' title='bbox 2819 1672 2873 1727; x_wconf 88' lang='lat' dir='ltr'><strong>in</strong></span> <span class='ocrx_word' id='word_1_231' title='bbox 2897 1672 3194 1729; x_wconf 83' lang='lat' dir='ltr'><strong>‘Orientem</strong></span> <span class='ocrx_word' id='word_1_232' title='bbox 3243 1689 3313 1728; x_wconf 76' lang='lat' dir='ltr'><strong>ex</strong></span> <span class='ocrx_word' id='word_1_233' title='bbox 3349 1674 3567 1728; x_wconf 79' lang='lat' dir='ltr'><strong>Damasi</strong></span> <span class='ocrx_word' id='word_1_234' title='bbox 3595 1674 3789 1729; x_wconf 81' lang='lat' dir='ltr'><strong>mandato</strong></span> 
     </span>
    </p>
   </div>
   <div class='ocr_carea' id='block_1_33' title="bbox 534 1758 3790 1843">
    <p class='ocr_par' dir='ltr' id='par_1_33' title="bbox 534 1758 3790 1843">
     <span class='ocr_line' id='line_1_33' title="bbox 534 1758 3790 1843; baseline -0.004 -11"><span class='ocrx_word' id='word_1_235' title='bbox 534 1783 824 1843; x_wconf 74' lang='lat' dir='ltr'><strong>exceptum</strong></span> <span class='ocrx_word' id='word_1_236' title='bbox 855 1774 994 1829; x_wconf 84' lang='lat' dir='ltr'><strong>dedi.</strong></span> <span class='ocrx_word' id='word_1_237' title='bbox 1024 1771 1285 1830; x_wconf 89' lang='lat' dir='ltr'><strong>Sabinum</strong></span> <span class='ocrx_word' id='word_1_238' title='bbox 1319 1772 1461 1826; x_wconf 89' lang='lat' dir='ltr'><strong>hunc</strong></span> <span class='ocrx_word' id='word_1_239' title='bbox 1494 1768 1914 1825; x_wconf 78' lang='lat' dir='ltr'><strong>Mediolanensis</strong></span> <span class='ocrx_word' id='word_1_240' title='bbox 1942 1766 2134 1823; x_wconf 87' lang='lat' dir='ltr'><strong>Eccle-</strong></span> <span class='ocrx_word' id='word_1_241' title='bbox 2167 1758 2215 1819; x_wconf 91' lang='lat' dir='ltr'><strong>B</strong></span> <span class='ocrx_word' id='word_1_242' title='bbox 2240 1762 2543 1835; x_wconf 76' lang='lat' dir='ltr'><strong>Aquileiam</strong></span> <span class='ocrx_word' id='word_1_243' title='bbox 2571 1767 2869 1822; x_wconf 82' lang='lat' dir='ltr'><strong>accesserit</strong></span> <span class='ocrx_word' id='word_1_244' title='bbox 2911 1765 2977 1820; x_wconf 86' lang='lat' dir='ltr'><strong>ad</strong></span> <span class='ocrx_word' id='word_1_245' title='bbox 3009 1765 3355 1820; x_wconf 68' lang='lat' dir='ltr'><strong>Valerianum</strong></span> <span class='ocrx_word' id='word_1_246' title='bbox 3390 1766 3601 1836; x_wconf 86' lang='lat' dir='ltr'><strong>ipsum,</strong></span> <span class='ocrx_word' id='word_1_247' title='bbox 3637 1764 3790 1837; x_wconf 80' lang='lat' dir='ltr'><strong>quise-</strong></span> 
     </span>
    </p>
   </div>
   <div class='ocr_carea' id='block_1_34' title="bbox 534 1858 2143 1934">
    <p class='ocr_par' dir='ltr' id='par_1_34' title="bbox 534 1858 2143 1934">
     <span class='ocr_line' id='line_1_34' title="bbox 534 1858 2143 1934; baseline -0.007 -10"><span class='ocrx_word' id='word_1_248' title='bbox 534 1870 631 1924; x_wconf 77' lang='lat' dir='ltr'><strong>siae</strong></span> <span class='ocrx_word' id='word_1_249' title='bbox 661 1867 944 1923; x_wconf 82' lang='lat' dir='ltr'><strong>diaconum</strong></span> <span class='ocrx_word' id='word_1_250' title='bbox 977 1864 1117 1921; x_wconf 89' lang='lat' dir='ltr'><strong>forte</strong></span> <span class='ocrx_word' id='word_1_251' title='bbox 1151 1865 1411 1919; x_wconf 84' lang='lat' dir='ltr'><strong>Damasus</strong></span> <span class='ocrx_word' id='word_1_252' title='bbox 1431 1862 1606 1934; x_wconf 88' lang='lat' dir='ltr'><strong>probe</strong></span> <span class='ocrx_word' id='word_1_253' title='bbox 1633 1861 1908 1931; x_wconf 81' lang='lat' dir='ltr'><strong>cognitum</strong></span> <span class='ocrx_word' id='word_1_254' title='bbox 1939 1858 2143 1913; x_wconf 87' lang='lat' dir='ltr'><strong>habue-</strong></span> 
     </span>
    </p>
   </div>
   <div class='ocr_carea' id='block_1_35' title="bbox 537 1955 2144 2034">
    <p class='ocr_par' dir='ltr' id='par_1_35' title="bbox 537 1955 2144 2034">
     <span class='ocr_line' id='line_1_35' title="bbox 537 1955 2144 2034; baseline -0.009 -14"><span class='ocrx_word' id='word_1_255' title='bbox 537 1972 623 2022; x_wconf 89' lang='lat' dir='ltr'><strong>rat</strong></span> <span class='ocrx_word' id='word_1_256' title='bbox 650 1960 937 2019; x_wconf 83' lang='lat' dir='ltr'><strong>occasione</strong></span> <span class='ocrx_word' id='word_1_257' title='bbox 961 1960 1154 2034; x_wconf 76' lang='lat' dir='ltr'><strong>synodi</strong></span> <span class='ocrx_word' id='word_1_258' title='bbox 1189 1968 1378 2014; x_wconf 84' lang='lat' dir='ltr'><strong>contra</strong></span> <span class='ocrx_word' id='word_1_259' title='bbox 1405 1955 1733 2013; x_wconf 78' lang='lat' dir='ltr'><strong>Auxentium</strong></span> <span class='ocrx_word' id='word_1_260' title='bbox 1761 1965 1919 2009; x_wconf 88' lang='lat' dir='ltr'><strong>antea</strong></span> <span class='ocrx_word' id='word_1_261' title='bbox 1942 1967 2144 2010; x_wconf 78' lang='lat' dir='ltr'><strong>convo-</strong></span> 
     </span>
    </p>
   </div>
   <div class='ocr_carea' id='block_1_36' title="bbox 535 2044 2141 2118">
    <p class='ocr_par' dir='ltr' id='par_1_36' title="bbox 535 2044 2141 2118">
     <span class='ocr_line' id='line_1_36' title="bbox 535 2044 2141 2118; baseline -0.006 -8"><span class='ocrx_word' id='word_1_262' title='bbox 535 2065 692 2111; x_wconf 68' lang='lat' dir='ltr'><strong>caue.</strong></span> <span class='ocrx_word' id='word_1_263' title='bbox 738 2053 870 2109; x_wconf 91' lang='lat' dir='ltr'><strong>lluic</strong></span> <span class='ocrx_word' id='word_1_264' title='bbox 898 2052 1046 2109; x_wconf 89' lang='lat' dir='ltr'><strong>enim</strong></span> <span class='ocrx_word' id='word_1_265' title='bbox 1073 2051 1166 2107; x_wconf 92' lang='lat' dir='ltr'><strong>ille</strong></span> <span class='ocrx_word' id='word_1_266' title='bbox 1191 2048 1428 2105; x_wconf 72' lang='lat' dir='ltr'><strong>adfuisse</strong></span> <span class='ocrx_word' id='word_1_267' title='bbox 1460 2047 1661 2118; x_wconf 90' lang='lat' dir='ltr'><strong>potuit,</strong></span> <span class='ocrx_word' id='word_1_268' title='bbox 1699 2047 1779 2101; x_wconf 73' lang='lat' dir='ltr'><strong>vel</strong></span> <span class='ocrx_word' id='word_1_269' title='bbox 1808 2060 1933 2101; x_wconf 90' lang='lat' dir='ltr'><strong>cum</strong></span> <span class='ocrx_word' id='word_1_270' title='bbox 1969 2044 2141 2100; x_wconf 82' lang='lat' dir='ltr'><strong>Euse-</strong></span> 
     </span>
    </p>
   </div>
   <div class='ocr_carea' id='block_1_37' title="bbox 537 2137 2144 2214">
    <p class='ocr_par' dir='ltr' id='par_1_37' title="bbox 537 2137 2144 2214">
     <span class='ocr_line' id='line_1_37' title="bbox 537 2137 2144 2214; baseline -0.005 -14"><span class='ocrx_word' id='word_1_271' title='bbox 537 2147 629 2202; x_wconf 86' lang='lat' dir='ltr'><strong>bio</strong></span> <span class='ocrx_word' id='word_1_272' title='bbox 683 2144 1013 2201; x_wconf 83' lang='lat' dir='ltr'><strong>Vercellensi</strong></span> <span class='ocrx_word' id='word_1_273' title='bbox 1043 2186 1060 2211; x_wconf 96' lang='lat'><strong>,</strong></span> <span class='ocrx_word' id='word_1_274' title='bbox 1109 2142 1202 2214; x_wconf 88' lang='lat' dir='ltr'><strong>qui</strong></span> <span class='ocrx_word' id='word_1_275' title='bbox 1252 2140 1660 2197; x_wconf 86' lang='lat' dir='ltr'><strong>Catholicorum</strong></span> <span class='ocrx_word' id='word_1_276' title='bbox 1721 2137 2144 2194; x_wconf 77' lang='lat' dir='ltr'><strong>Mediolanensis</strong></span> 
     </span>
    </p>
   </div>
   <div class='ocr_carea' id='block_1_38' title="bbox 536 2231 2140 2306">
    <p class='ocr_par' dir='ltr' id='par_1_38' title="bbox 536 2231 2140 2306">
     <span class='ocr_line' id='line_1_38' title="bbox 536 2231 2140 2306; baseline -0.008 -7"><span class='ocrx_word' id='word_1_277' title='bbox 536 2240 799 2299; x_wconf 61' lang='lat' dir='ltr'><strong>Ecclesiae</strong></span> <span class='ocrx_word' id='word_1_278' title='bbox 839 2254 1024 2296; x_wconf 89' lang='lat' dir='ltr'><strong>curam</strong></span> <span class='ocrx_word' id='word_1_279' title='bbox 1072 2237 1279 2293; x_wconf 89' lang='lat' dir='ltr'><strong>interea</strong></span> <span class='ocrx_word' id='word_1_280' title='bbox 1311 2234 1540 2306; x_wconf 83' lang='lat' dir='ltr'><strong>agebat,</strong></span> <span class='ocrx_word' id='word_1_281' title='bbox 1588 2243 1682 2289; x_wconf 88' lang='lat' dir='ltr'><strong>aut</strong></span> <span class='ocrx_word' id='word_1_282' title='bbox 1729 2247 1853 2288; x_wconf 89' lang='lat' dir='ltr'><strong>cum</strong></span> <span class='ocrx_word' id='word_1_283' title='bbox 1884 2231 2140 2296; x_wconf 67' lang='lat' dir='ltr'><strong>Victore,</strong></span> 
     </span>
    </p>
   </div>
   <div class='ocr_carea' id='block_1_39' title="bbox 535 2323 2145 2408">
    <p class='ocr_par' dir='ltr' id='par_1_39' title="bbox 535 2323 2145 2408">
     <span class='ocr_line' id='line_1_39' title="bbox 535 2323 2145 2408; baseline -0.007 -18"><span class='ocrx_word' id='word_1_284' title='bbox 535 2353 695 2408; x_wconf 82' lang='lat' dir='ltr'><strong>quem</strong></span> <span class='ocrx_word' id='word_1_285' title='bbox 718 2335 1049 2391; x_wconf 83' lang='lat' dir='ltr'><strong>Placentime</strong></span> <span class='ocrx_word' id='word_1_286' title='bbox 1080 2347 1179 2404; x_wconf 91' lang='lat' dir='ltr'><strong>per</strong></span> <span class='ocrx_word' id='word_1_287' title='bbox 1211 2330 1329 2387; x_wconf 64' lang='lat' dir='ltr'><strong>haec</strong></span> <span class='ocrx_word' id='word_1_288' title='bbox 1372 2338 1616 2400; x_wconf 90' lang='lat' dir='ltr'><strong>tempora</strong></span> <span class='ocrx_word' id='word_1_289' title='bbox 1653 2325 1938 2399; x_wconf 69' lang='lat' dir='ltr'><strong>praefuisse</strong></span> <span class='ocrx_word' id='word_1_290' title='bbox 1958 2366 1975 2393; x_wconf 92' lang='lat'><strong>,</strong></span> <span class='ocrx_word' id='word_1_291' title='bbox 2001 2323 2145 2395; x_wconf 86' lang='lat' dir='ltr'><strong>apud</strong></span> 
     </span>
    </p>
   </div>
   <div class='ocr_carea' id='block_1_40' title="bbox 540 2429 1132 2503">
    <p class='ocr_par' dir='ltr' id='par_1_40' title="bbox 540 2429 1132 2503">
     <span class='ocr_line' id='line_1_40' title="bbox 540 2429 1132 2503; baseline -0.01 -15"><span class='ocrx_word' id='word_1_292' title='bbox 540 2430 847 2503; x_wconf 77' lang='lat' dir='ltr'><strong>Ugltellinm</strong></span> <span class='ocrx_word' id='word_1_293' title='bbox 884 2429 1132 2501; x_wconf 79' lang='lat' dir='ltr'><strong>legimus.</strong></span> 
     </span>
    </p>
   </div>
   <div class='ocr_carea' id='block_1_41' title="bbox 612 2508 2147 2594">
    <p class='ocr_par' dir='ltr' id='par_1_41' title="bbox 612 2508 2147 2594">
     <span class='ocr_line' id='line_1_41' title="bbox 612 2508 2147 2594; baseline -0.01 -14"><span class='ocrx_word' id='word_1_294' title='bbox 612 2525 669 2580; x_wconf 87' lang='lat' dir='ltr'><strong>Si</strong></span> <span class='ocrx_word' id='word_1_295' title='bbox 704 2527 883 2594; x_wconf 86' lang='lat' dir='ltr'><strong>itaque</strong></span> <span class='ocrx_word' id='word_1_296' title='bbox 926 2522 1129 2578; x_wconf 81' lang='lat' dir='ltr'><strong>Meletii</strong></span> <span class='ocrx_word' id='word_1_297' title='bbox 1158 2532 1379 2576; x_wconf 84' lang='lat' dir='ltr'><strong>causam</strong></span> <span class='ocrx_word' id='word_1_298' title='bbox 1424 2515 1692 2586; x_wconf 76' lang='lat' dir='ltr'><strong>excipias,</strong></span> <span class='ocrx_word' id='word_1_299' title='bbox 1745 2512 1814 2569; x_wconf 89' lang='lat' dir='ltr'><strong>de</strong></span> <span class='ocrx_word' id='word_1_300' title='bbox 1861 2526 1963 2582; x_wconf 93' lang='lat' dir='ltr'><strong>qua</strong></span> <span class='ocrx_word' id='word_1_301' title='bbox 2012 2508 2147 2564; x_wconf 84' lang='lat' dir='ltr'><strong>nihil</strong></span> 
     </span>
    </p>
   </div>
   <div class='ocr_carea' id='block_1_42' title="bbox 540 2602 2145 2674">
    <p class='ocr_par' dir='ltr' id='par_1_42' title="bbox 540 2602 2145 2674">
     <span class='ocr_line' id='line_1_42' title="bbox 540 2602 2145 2674; baseline -0.01 -2"><span class='ocrx_word' id='word_1_302' title='bbox 540 2628 668 2672; x_wconf 90' lang='lat' dir='ltr'><strong>tunc</strong></span> <span class='ocrx_word' id='word_1_303' title='bbox 696 2614 978 2671; x_wconf 76' lang='lat' dir='ltr'><strong>deﬁnitum</strong></span> <span class='ocrx_word' id='word_1_304' title='bbox 1017 2620 1266 2674; x_wconf 81' lang='lat' dir='ltr'><strong>constat,</strong></span> <span class='ocrx_word' id='word_1_305' title='bbox 1302 2608 1499 2663; x_wconf 89' lang='lat' dir='ltr'><strong>Basilio</strong></span> <span class='ocrx_word' id='word_1_306' title='bbox 1527 2607 1579 2660; x_wconf 92' lang='lat' dir='ltr'><strong>iu</strong></span> <span class='ocrx_word' id='word_1_307' title='bbox 1611 2605 1823 2660; x_wconf 63' lang='lat' dir='ltr'><strong>ceteris</strong></span> <span class='ocrx_word' id='word_1_308' title='bbox 1855 2602 2145 2657; x_wconf 81' lang='lat' dir='ltr'><strong>Damasum</strong></span> 
     </span>
    </p>
   </div>
   <div class='ocr_carea' id='block_1_43' title="bbox 540 2697 2143 2769">
    <p class='ocr_par' dir='ltr' id='par_1_43' title="bbox 540 2697 2143 2769">
     <span class='ocr_line' id='line_1_43' title="bbox 540 2697 2143 2769; baseline -0.007 -4"><span class='ocrx_word' id='word_1_309' title='bbox 540 2709 945 2764; x_wconf 87' lang='lat' dir='ltr'><strong>obsecundasse</strong></span> <span class='ocrx_word' id='word_1_310' title='bbox 968 2705 1117 2761; x_wconf 74' lang='lat' dir='ltr'><strong>vides</strong></span> <span class='ocrx_word' id='word_1_311' title='bbox 1148 2723 1162 2759; x_wconf 88' lang='lat'><strong>:</strong></span> <span class='ocrx_word' id='word_1_312' title='bbox 1192 2702 1327 2759; x_wconf 82' lang='lat' dir='ltr'><strong>Nam</strong></span> <span class='ocrx_word' id='word_1_313' title='bbox 1354 2711 1408 2757; x_wconf 88' lang='lat' dir='ltr'><strong>et</strong></span> <span class='ocrx_word' id='word_1_314' title='bbox 1442 2701 1674 2769; x_wconf 78' lang='lat' dir='ltr'><strong>legatum</strong></span> <span class='ocrx_word' id='word_1_315' title='bbox 1706 2698 1772 2753; x_wconf 87' lang='lat' dir='ltr'><strong>ad</strong></span> <span class='ocrx_word' id='word_1_316' title='bbox 1807 2697 2143 2766; x_wconf 80' lang='lat' dir='ltr'><strong>Orientales,</strong></span> 
     </span>
    </p>
   </div>
   <div class='ocr_carea' id='block_1_44' title="bbox 539 2782 2149 2871">
    <p class='ocr_par' dir='ltr' id='par_1_44' title="bbox 539 2782 2149 2871">
     <span class='ocr_line' id='line_1_44' title="bbox 539 2782 2149 2871; baseline -0.007 -12"><span class='ocrx_word' id='word_1_317' title='bbox 539 2812 597 2859; x_wconf 80' lang='lat' dir='ltr'><strong>et</strong></span> <span class='ocrx_word' id='word_1_318' title='bbox 621 2816 739 2858; x_wconf 83' lang='lat' dir='ltr'><strong>aeta</strong></span> <span class='ocrx_word' id='word_1_319' title='bbox 771 2782 967 2855; x_wconf 53' lang='lat' dir='ltr'><strong>habita:</strong></span> <span class='ocrx_word' id='word_1_320' title='bbox 993 2815 1022 2853; x_wconf 88' lang='lat' dir='ltr'><strong>a</strong></span> <span class='ocrx_word' id='word_1_321' title='bbox 1048 2814 1110 2855; x_wconf 88' lang='lat' dir='ltr'><strong>se</strong></span> <span class='ocrx_word' id='word_1_322' title='bbox 1138 2796 1330 2871; x_wconf 70' lang='lat' dir='ltr'><strong>synodi</strong></span> <span class='ocrx_word' id='word_1_323' title='bbox 1363 2796 1539 2862; x_wconf 87' lang='lat' dir='ltr'><strong>misit,</strong></span> <span class='ocrx_word' id='word_1_324' title='bbox 1580 2794 1773 2863; x_wconf 77' lang='lat' dir='ltr'><strong>quibus</strong></span> <span class='ocrx_word' id='word_1_325' title='bbox 1802 2792 2149 2848; x_wconf 81' lang='lat' dir='ltr'><strong>Aritninense</strong></span> 
     </span>
    </p>
   </div>
   <div class='ocr_carea' id='block_1_45' title="bbox 541 2885 2149 2961">
    <p class='ocr_par' dir='ltr' id='par_1_45' title="bbox 541 2885 2149 2961">
     <span class='ocr_line' id='line_1_45' title="bbox 541 2885 2149 2961; baseline -0.005 -11"><span class='ocrx_word' id='word_1_326' title='bbox 541 2895 833 2950; x_wconf 77' lang='lat' dir='ltr'><strong>conciliuzn</strong></span> <span class='ocrx_word' id='word_1_327' title='bbox 857 2909 1107 2948; x_wconf 81' lang='lat' dir='ltr'><strong>eVersum</strong></span> <span class='ocrx_word' id='word_1_328' title='bbox 1133 2905 1379 2961; x_wconf 84' lang='lat' dir='ltr'><strong>prorsus.</strong></span> <span class='ocrx_word' id='word_1_329' title='bbox 1409 2890 1833 2960; x_wconf 76' lang='lat' dir='ltr'><strong>abrogatmnque</strong></span> <span class='ocrx_word' id='word_1_330' title='bbox 1853 2902 1883 2941; x_wconf 89' lang='lat' dir='ltr'><strong>a</strong></span> <span class='ocrx_word' id='word_1_331' title='bbox 1906 2885 2149 2942; x_wconf 77' lang='lat' dir='ltr'><strong>sciuisse</strong></span> 
     </span>
    </p>
   </div>
   <div class='ocr_carea' id='block_1_46' title="bbox 541 2982 2145 3060">
    <p class='ocr_par' dir='ltr' id='par_1_46' title="bbox 541 2982 2145 3060">
     <span class='ocr_line' id='line_1_46' title="bbox 541 2982 2145 3060; baseline -0.008 -15"><span class='ocrx_word' id='word_1_332' title='bbox 541 2997 795 3045; x_wconf 72' lang='lat' dir='ltr'><strong>con~tare</strong></span> <span class='ocrx_word' id='word_1_333' title='bbox 826 2997 1029 3060; x_wconf 87' lang='lat' dir='ltr'><strong>posset,</strong></span> <span class='ocrx_word' id='word_1_334' title='bbox 1060 2995 1221 3056; x_wconf 89' lang='lat' dir='ltr'><strong>atque</strong></span> <span class='ocrx_word' id='word_1_335' title='bbox 1250 2983 1370 3039; x_wconf 71' lang='lat' dir='ltr'><strong>hzrc</strong></span> <span class='ocrx_word' id='word_1_336' title='bbox 1405 2996 1664 3054; x_wconf 65' lang='lat' dir='ltr'><strong>praeterea</strong></span> <span class='ocrx_word' id='word_1_337' title='bbox 1695 2998 1817 3037; x_wconf 89' lang='lat' dir='ltr'><strong>cum</strong></span> <span class='ocrx_word' id='word_1_338' title='bbox 1860 2982 2145 3051; x_wconf 70' lang='lat' dir='ltr'><strong>praestitit,</strong></span> 
     </span>
    </p>
   </div>
   <div class='ocr_carea' id='block_1_47' title="bbox 544 3070 2147 3148">
    <p class='ocr_par' dir='ltr' id='par_1_47' title="bbox 544 3070 2147 3148">
     <span class='ocr_line' id='line_1_47' title="bbox 544 3070 2147 3148; baseline -0.007 -10"><span class='ocrx_word' id='word_1_339' title='bbox 544 3097 608 3139; x_wconf 86' lang='lat' dir='ltr'><strong>ea</strong></span> <span class='ocrx_word' id='word_1_340' title='bbox 636 3096 734 3137; x_wconf 85' lang='lat' dir='ltr'><strong>sua</strong></span> <span class='ocrx_word' id='word_1_341' title='bbox 774 3082 1103 3136; x_wconf 87' lang='lat' dir='ltr'><strong>auctoritate</strong></span> <span class='ocrx_word' id='word_1_342' title='bbox 1136 3076 1421 3148; x_wconf 69' lang='lat' dir='ltr'><strong>praeStitit,</strong></span> <span class='ocrx_word' id='word_1_343' title='bbox 1461 3086 1517 3131; x_wconf 91' lang='lat' dir='ltr'><strong>ut</strong></span> <span class='ocrx_word' id='word_1_344' title='bbox 1571 3075 1714 3129; x_wconf 89' lang='lat' dir='ltr'><strong>idetn</strong></span> <span class='ocrx_word' id='word_1_345' title='bbox 1767 3071 1999 3128; x_wconf 86' lang='lat' dir='ltr'><strong>Basilius</strong></span> <span class='ocrx_word' id='word_1_346' title='bbox 2031 3070 2147 3129; x_wconf 83' lang='lat' dir='ltr'><strong>fieri</strong></span> 
     </span>
    </p>
   </div>
   <div class='ocr_carea' id='block_1_48' title="bbox 2243 1855 3786 1929">
    <p class='ocr_par' dir='ltr' id='par_1_48' title="bbox 2243 1855 3786 1929">
     <span class='ocr_line' id='line_1_48' title="bbox 2243 1855 3786 1929; baseline -0.001 -16"><span class='ocrx_word' id='word_1_347' title='bbox 2243 1857 2454 1913; x_wconf 88' lang='lat' dir='ltr'><strong>cundus</strong></span> <span class='ocrx_word' id='word_1_348' title='bbox 2506 1858 2575 1913; x_wconf 90' lang='lat' dir='ltr'><strong>ab</strong></span> <span class='ocrx_word' id='word_1_349' title='bbox 2629 1858 2820 1913; x_wconf 88' lang='lat' dir='ltr'><strong>eodem</strong></span> <span class='ocrx_word' id='word_1_350' title='bbox 2875 1859 3107 1913; x_wconf 83' lang='lat' dir='ltr'><strong>Datnaso</strong></span> <span class='ocrx_word' id='word_1_351' title='bbox 3154 1858 3209 1912; x_wconf 91' lang='lat' dir='ltr'><strong>in</strong></span> <span class='ocrx_word' id='word_1_352' title='bbox 3254 1859 3567 1929; x_wconf 64' lang='lat' dir='ltr'><strong>synodicae,</strong></span> <span class='ocrx_word' id='word_1_353' title='bbox 3612 1874 3714 1929; x_wconf 73' lang='lat' dir='ltr'><strong>qua:</strong></span> <span class='ocrx_word' id='word_1_354' title='bbox 3743 1855 3786 1911; x_wconf 71' lang='lat' dir='ltr'><strong>al</strong></span> 
     </span>
    </p>
   </div>
   <div class='ocr_carea' id='block_1_49' title="bbox 2244 1951 3788 2025">
    <p class='ocr_par' dir='ltr' id='par_1_49' title="bbox 2244 1951 3788 2025">
     <span class='ocr_line' id='line_1_49' title="bbox 2244 1951 3788 2025; baseline -0.001 -17"><span class='ocrx_word' id='word_1_355' title='bbox 2244 1951 2549 2009; x_wconf 86' lang='lat' dir='ltr'><strong>Orientales</strong></span> <span class='ocrx_word' id='word_1_356' title='bbox 2590 1952 2901 2022; x_wconf 89' lang='lat' dir='ltr'><strong>ferebatur,</strong></span> <span class='ocrx_word' id='word_1_357' title='bbox 2954 1953 3200 2025; x_wconf 75' lang='lat' dir='ltr'><strong>epistola:</strong></span> <span class='ocrx_word' id='word_1_358' title='bbox 3248 1954 3509 2025; x_wconf 75' lang='lat' dir='ltr'><strong>exetnplo</strong></span> <span class='ocrx_word' id='word_1_359' title='bbox 3558 1952 3788 2020; x_wconf 80' lang='lat' dir='ltr'><strong>inscriptus</strong></span> 
     </span>
    </p>
   </div>
   <div class='ocr_carea' id='block_1_50' title="bbox 2244 2044 3786 2117">
    <p class='ocr_par' dir='ltr' id='par_1_50' title="bbox 2244 2044 3786 2117">
     <span class='ocr_line' id='line_1_50' title="bbox 2244 2044 3786 2117; baseline -0.001 -16"><span class='ocrx_word' id='word_1_360' title='bbox 2244 2055 2380 2111; x_wconf 86' lang='lat' dir='ltr'><strong>erat,</strong></span> <span class='ocrx_word' id='word_1_361' title='bbox 2415 2061 2479 2101; x_wconf 88' lang='lat' dir='ltr'><strong>ac</strong></span> <span class='ocrx_word' id='word_1_362' title='bbox 2509 2063 2717 2117; x_wconf 77' lang='lat' dir='ltr'><strong>mang</strong></span> <span class='ocrx_word' id='word_1_363' title='bbox 2747 2056 3011 2117; x_wconf 61' lang='lat' dir='ltr'><strong>praeterea</strong></span> <span class='ocrx_word' id='word_1_364' title='bbox 3056 2048 3107 2101; x_wconf 93' lang='lat' dir='ltr'><strong>in</strong></span> <span class='ocrx_word' id='word_1_365' title='bbox 3148 2045 3448 2104; x_wconf 87' lang='lat' dir='ltr'><strong>Occidente</strong></span> <span class='ocrx_word' id='word_1_366' title='bbox 3485 2046 3626 2102; x_wconf 85' lang='lat' dir='ltr'><strong>urbis</strong></span> <span class='ocrx_word' id='word_1_367' title='bbox 3652 2044 3786 2101; x_wconf 79' lang='lat' dir='ltr'><strong>Eccle-</strong></span> 
     </span>
    </p>
   </div>
   <div class='ocr_carea' id='block_1_51' title="bbox 2244 2138 3790 2210">
    <p class='ocr_par' dir='ltr' id='par_1_51' title="bbox 2244 2138 3790 2210">
     <span class='ocr_line' id='line_1_51' title="bbox 2244 2138 3790 2210; baseline -0.003 -16"><span class='ocrx_word' id='word_1_368' title='bbox 2244 2140 2338 2195; x_wconf 81' lang='lat' dir='ltr'><strong>sia:</strong></span> <span class='ocrx_word' id='word_1_369' title='bbox 2394 2149 2645 2210; x_wconf 60' lang='lat' dir='ltr'><strong>prteerat,</strong></span> <span class='ocrx_word' id='word_1_370' title='bbox 2708 2148 2803 2194; x_wconf 90' lang='lat' dir='ltr'><strong>aut</strong></span> <span class='ocrx_word' id='word_1_371' title='bbox 2856 2138 3092 2209; x_wconf 87' lang='lat' dir='ltr'><strong>aliquam</strong></span> <span class='ocrx_word' id='word_1_372' title='bbox 3144 2139 3306 2194; x_wconf 87' lang='lat' dir='ltr'><strong>aliam</strong></span> <span class='ocrx_word' id='word_1_373' title='bbox 3350 2138 3426 2195; x_wconf 92' lang='lat' dir='ltr'><strong>ob</strong></span> <span class='ocrx_word' id='word_1_374' title='bbox 3491 2145 3790 2201; x_wconf 65' lang='lat' dir='ltr'><strong>causamn</strong></span> 
     </span>
    </p>
   </div>
   <div class='ocr_carea' id='block_1_52' title="bbox 2248 2227 3788 2304">
    <p class='ocr_par' dir='ltr' id='par_1_52' title="bbox 2248 2227 3788 2304">
     <span class='ocr_line' id='line_1_52' title="bbox 2248 2227 3788 2304; baseline -0.003 -17"><span class='ocrx_word' id='word_1_375' title='bbox 2248 2232 2374 2288; x_wconf 91' lang='lat' dir='ltr'><strong>inde</strong></span> <span class='ocrx_word' id='word_1_376' title='bbox 2428 2248 2499 2289; x_wconf 80' lang='lat' dir='ltr'><strong>ex</strong></span> <span class='ocrx_word' id='word_1_377' title='bbox 2553 2232 2738 2304; x_wconf 90' lang='lat' dir='ltr'><strong>aliquo</strong></span> <span class='ocrx_word' id='word_1_378' title='bbox 2790 2232 3066 2289; x_wconf 79' lang='lat' dir='ltr'><strong>Dalmatia:</strong></span> <span class='ocrx_word' id='word_1_379' title='bbox 3118 2242 3208 2287; x_wconf 82' lang='lat' dir='ltr'><strong>aut</strong></span> <span class='ocrx_word' id='word_1_380' title='bbox 3258 2232 3434 2287; x_wconf 71' lang='lat' dir='ltr'><strong>Istria:</strong></span> <span class='ocrx_word' id='word_1_381' title='bbox 3480 2241 3632 2303; x_wconf 91' lang='lat' dir='ltr'><strong>portu</strong></span> <span class='ocrx_word' id='word_1_382' title='bbox 3678 2227 3788 2283; x_wconf 84' lang='lat' dir='ltr'><strong>lacile</strong></span> 
     </span>
    </p>
   </div>
   <div class='ocr_carea' id='block_1_53' title="bbox 2248 2326 3787 2397">
    <p class='ocr_par' dir='ltr' id='par_1_53' title="bbox 2248 2326 3787 2397">
     <span class='ocr_line' id='line_1_53' title="bbox 2248 2326 3787 2397; baseline -0.006 -13"><span class='ocrx_word' id='word_1_383' title='bbox 2248 2329 2411 2384; x_wconf 90' lang='lat' dir='ltr'><strong>etiam</strong></span> <span class='ocrx_word' id='word_1_384' title='bbox 2450 2327 2665 2383; x_wconf 77' lang='lat' dir='ltr'><strong>solvere</strong></span> <span class='ocrx_word' id='word_1_385' title='bbox 2706 2327 3087 2383; x_wconf 77' lang='lat' dir='ltr'><strong>Alexandriam</strong></span> <span class='ocrx_word' id='word_1_386' title='bbox 3133 2326 3326 2397; x_wconf 87' lang='lat' dir='ltr'><strong>potuit,</strong></span> <span class='ocrx_word' id='word_1_387' title='bbox 3357 2340 3543 2396; x_wconf 88' lang='lat' dir='ltr'><strong>neque</strong></span> <span class='ocrx_word' id='word_1_388' title='bbox 3575 2338 3694 2394; x_wconf 83' lang='lat' dir='ltr'><strong>opus</strong></span> <span class='ocrx_word' id='word_1_389' title='bbox 3718 2330 3787 2389; x_wconf 86' lang='lat' dir='ltr'><strong>est,</strong></span> 
     </span>
    </p>
   </div>
   <div class='ocr_carea' id='block_1_54' title="bbox 2250 2418 3785 2491">
    <p class='ocr_par' dir='ltr' id='par_1_54' title="bbox 2250 2418 3785 2491">
     <span class='ocr_line' id='line_1_54' title="bbox 2250 2418 3785 2491; baseline -0.006 -13"><span class='ocrx_word' id='word_1_390' title='bbox 2250 2429 2309 2478; x_wconf 88' lang='lat' dir='ltr'><strong>ut</strong></span> <span class='ocrx_word' id='word_1_391' title='bbox 2330 2422 2401 2479; x_wconf 91' lang='lat' dir='ltr'><strong>ob</strong></span> <span class='ocrx_word' id='word_1_392' title='bbox 2427 2421 2568 2478; x_wconf 70' lang='lat' dir='ltr'><strong>hanc</strong></span> <span class='ocrx_word' id='word_1_393' title='bbox 2606 2436 2822 2477; x_wconf 84' lang='lat' dir='ltr'><strong>causam</strong></span> <span class='ocrx_word' id='word_1_394' title='bbox 2854 2422 3024 2491; x_wconf 89' lang='lat' dir='ltr'><strong>prima</strong></span> <span class='ocrx_word' id='word_1_395' title='bbox 3051 2421 3154 2474; x_wconf 88' lang='lat' dir='ltr'><strong>sub</strong></span> <span class='ocrx_word' id='word_1_396' title='bbox 3188 2419 3421 2473; x_wconf 86' lang='lat' dir='ltr'><strong>Damaso</strong></span> <span class='ocrx_word' id='word_1_397' title='bbox 3452 2418 3785 2490; x_wconf 83' lang='lat' dir='ltr'><strong>synodus,cu-</strong></span> 
     </span>
    </p>
   </div>
   <div class='ocr_carea' id='block_1_55' title="bbox 2245 2508 3787 2590">
    <p class='ocr_par' dir='ltr' id='par_1_55' title="bbox 2245 2508 3787 2590">
     <span class='ocr_line' id='line_1_55' title="bbox 2245 2508 3787 2590; baseline -0.006 -18"><span class='ocrx_word' id='word_1_398' title='bbox 2245 2518 2334 2590; x_wconf 89' lang='lat' dir='ltr'><strong>jus</strong></span> <span class='ocrx_word' id='word_1_399' title='bbox 2364 2519 2478 2573; x_wconf 64' lang='lat' dir='ltr'><strong>haec</strong></span> <span class='ocrx_word' id='word_1_400' title='bbox 2503 2518 2735 2589; x_wconf 85' lang='lat' dir='ltr'><strong>epistola</strong></span> <span class='ocrx_word' id='word_1_401' title='bbox 2762 2528 3032 2590; x_wconf 87' lang='lat' dir='ltr'><strong>superest,</strong></span> <span class='ocrx_word' id='word_1_402' title='bbox 3053 2515 3122 2571; x_wconf 87' lang='lat' dir='ltr'><strong>ab</strong></span> <span class='ocrx_word' id='word_1_403' title='bbox 3151 2530 3317 2581; x_wconf 89' lang='lat' dir='ltr'><strong>anno,</strong></span> <span class='ocrx_word' id='word_1_404' title='bbox 3350 2514 3443 2569; x_wconf 91' lang='lat' dir='ltr'><strong>cui</strong></span> <span class='ocrx_word' id='word_1_405' title='bbox 3471 2530 3589 2571; x_wconf 89' lang='lat' dir='ltr'><strong>eam</strong></span> <span class='ocrx_word' id='word_1_406' title='bbox 3616 2508 3787 2582; x_wconf 73' lang='lat' dir='ltr'><strong>illigari-</strong></span> 
     </span>
    </p>
   </div>
   <div class='ocr_carea' id='block_1_56' title="bbox 2252 2618 2790 2674">
    <p class='ocr_par' dir='ltr' id='par_1_56' title="bbox 2252 2618 2790 2674">
     <span class='ocr_line' id='line_1_56' title="bbox 2252 2618 2790 2674; baseline 0.002 -9"><span class='ocrx_word' id='word_1_407' title='bbox 2252 2626 2393 2674; x_wconf 88' lang='lat' dir='ltr'><strong>tnus,</strong></span> <span class='ocrx_word' id='word_1_408' title='bbox 2426 2618 2790 2666; x_wconf 83' lang='lat' dir='ltr'><strong>removeatur.</strong></span> 
     </span>
    </p>
   </div>
   <div class='ocr_carea' id='block_1_57' title="bbox 2320 2697 3787 2775">
    <p class='ocr_par' dir='ltr' id='par_1_57' title="bbox 2320 2697 3787 2775">
     <span class='ocr_line' id='line_1_57' title="bbox 2320 2697 3787 2775; baseline -0.009 -16"><span class='ocrx_word' id='word_1_409' title='bbox 2320 2702 2552 2759; x_wconf 86' lang='lat' dir='ltr'><strong>Sabinus</strong></span> <span class='ocrx_word' id='word_1_410' title='bbox 2592 2704 2772 2775; x_wconf 84' lang='lat' dir='ltr'><strong>itaque</strong></span> <span class='ocrx_word' id='word_1_411' title='bbox 2827 2718 2952 2758; x_wconf 91' lang='lat' dir='ltr'><strong>cum</strong></span> <span class='ocrx_word' id='word_1_412' title='bbox 2996 2701 3269 2759; x_wconf 89' lang='lat' dir='ltr'><strong>Dorotheo</strong></span> <span class='ocrx_word' id='word_1_413' title='bbox 3336 2700 3570 2757; x_wconf 82' lang='lat' dir='ltr'><strong>diacono</strong></span> <span class='ocrx_word' id='word_1_414' title='bbox 3613 2697 3787 2754; x_wconf 76' lang='lat' dir='ltr'><strong>Alenu-</strong></span> 
     </span>
    </p>
   </div>
   <div class='ocr_carea' id='block_1_58' title="bbox 2250 2787 3788 2869">
    <p class='ocr_par' dir='ltr' id='par_1_58' title="bbox 2250 2787 3788 2869">
     <span class='ocr_line' id='line_1_58' title="bbox 2250 2787 3788 2869; baseline -0.008 -17"><span class='ocrx_word' id='word_1_415' title='bbox 2250 2796 2426 2853; x_wconf 87' lang='lat' dir='ltr'><strong>driam</strong></span> <span class='ocrx_word' id='word_1_416' title='bbox 2458 2798 2685 2867; x_wconf 86' lang='lat' dir='ltr'><strong>appulit,</strong></span> <span class='ocrx_word' id='word_1_417' title='bbox 2718 2796 2907 2869; x_wconf 88' lang='lat' dir='ltr'><strong>primis</strong></span> <span class='ocrx_word' id='word_1_418' title='bbox 2952 2798 3115 2866; x_wconf 85' lang='lat' dir='ltr'><strong>hujus</strong></span> <span class='ocrx_word' id='word_1_419' title='bbox 3142 2796 3265 2850; x_wconf 90' lang='lat' dir='ltr'><strong>anni</strong></span> <span class='ocrx_word' id='word_1_420' title='bbox 3321 2794 3601 2853; x_wconf 87' lang='lat' dir='ltr'><strong>mensibus</strong></span> <span class='ocrx_word' id='word_1_421' title='bbox 3626 2789 3710 2863; x_wconf 75' lang='lat' dir='ltr'><strong>(lt),</strong></span> <span class='ocrx_word' id='word_1_422' title='bbox 3733 2787 3788 2842; x_wconf 85' lang='lat' dir='ltr'><strong>lit-</strong></span> 
     </span>
    </p>
   </div>
   <div class='ocr_carea' id='block_1_59' title="bbox 2252 2883 3785 2962">
    <p class='ocr_par' dir='ltr' id='par_1_59' title="bbox 2252 2883 3785 2962">
     <span class='ocr_line' id='line_1_59' title="bbox 2252 2883 3785 2962; baseline -0.007 -17"><span class='ocrx_word' id='word_1_423' title='bbox 2252 2900 2510 2962; x_wconf 89' lang='lat' dir='ltr'><strong>terasque</strong></span> <span class='ocrx_word' id='word_1_424' title='bbox 2538 2907 2568 2946; x_wconf 87' lang='lat' dir='ltr'><strong>a</strong></span> <span class='ocrx_word' id='word_1_425' title='bbox 2619 2891 2851 2946; x_wconf 88' lang='lat' dir='ltr'><strong>Damaso</strong></span> <span class='ocrx_word' id='word_1_426' title='bbox 2891 2890 3076 2946; x_wconf 87' lang='lat' dir='ltr'><strong>attulit</strong></span> <span class='ocrx_word' id='word_1_427' title='bbox 3113 2887 3448 2954; x_wconf 76' lang='lat' dir='ltr'><strong>Athanasio,</strong></span> <span class='ocrx_word' id='word_1_428' title='bbox 3485 2903 3517 2943; x_wconf 85' lang='lat' dir='ltr'><strong>a</strong></span> <span class='ocrx_word' id='word_1_429' title='bbox 3554 2902 3652 2957; x_wconf 89' lang='lat' dir='ltr'><strong>quo</strong></span> <span class='ocrx_word' id='word_1_430' title='bbox 3675 2883 3785 2938; x_wconf 87' lang='lat' dir='ltr'><strong>etiam</strong></span> 
     </span>
    </p>
   </div>
   <div class='ocr_carea' id='block_1_60' title="bbox 2254 2976 3785 3059">
    <p class='ocr_par' dir='ltr' id='par_1_60' title="bbox 2254 2976 3785 3059">
     <span class='ocr_line' id='line_1_60' title="bbox 2254 2976 3785 3059; baseline -0.008 -20"><span class='ocrx_word' id='word_1_431' title='bbox 2254 2986 2439 3040; x_wconf 58' lang='lat' dir='ltr'><strong>missa:</strong></span> <span class='ocrx_word' id='word_1_432' title='bbox 2469 2984 2536 3038; x_wconf 88' lang='lat' dir='ltr'><strong>ad</strong></span> <span class='ocrx_word' id='word_1_433' title='bbox 2581 2983 2841 3038; x_wconf 84' lang='lat' dir='ltr'><strong>Basilium</strong></span> <span class='ocrx_word' id='word_1_434' title='bbox 2874 2992 3019 3049; x_wconf 91' lang='lat' dir='ltr'><strong>sunt,</strong></span> <span class='ocrx_word' id='word_1_435' title='bbox 3061 2997 3185 3059; x_wconf 73' lang='lat' dir='ltr'><strong>qua:</strong></span> <span class='ocrx_word' id='word_1_436' title='bbox 3213 2984 3280 3036; x_wconf 86' lang='lat' dir='ltr'><strong>ad</strong></span> <span class='ocrx_word' id='word_1_437' title='bbox 3310 2996 3438 3037; x_wconf 90' lang='lat' dir='ltr'><strong>eum</strong></span> <span class='ocrx_word' id='word_1_438' title='bbox 3492 2976 3785 3050; x_wconf 86' lang='lat' dir='ltr'><strong>pertinebant,</strong></span> 
     </span>
    </p>
   </div>
   <div class='ocr_carea' id='block_1_61' title="bbox 2255 3068 3787 3150">
    <p class='ocr_par' dir='ltr' id='par_1_61' title="bbox 2255 3068 3787 3150">
     <span class='ocr_line' id='line_1_61' title="bbox 2255 3068 3787 3150; baseline -0.005 -18"><span class='ocrx_word' id='word_1_439' title='bbox 2255 3077 2519 3150; x_wconf 82' lang='lat' dir='ltr'><strong>Synodicu</strong></span> <span class='ocrx_word' id='word_1_440' title='bbox 2540 3078 2743 3132; x_wconf 76' lang='lat' dir='ltr'><strong>scilicet</strong></span> <span class='ocrx_word' id='word_1_441' title='bbox 2764 3075 2993 3131; x_wconf 81' lang='lat' dir='ltr'><strong>Romani</strong></span> <span class='ocrx_word' id='word_1_442' title='bbox 3022 3077 3260 3142; x_wconf 89' lang='lat' dir='ltr'><strong>concilii,</strong></span> <span class='ocrx_word' id='word_1_443' title='bbox 3289 3091 3410 3148; x_wconf 64' lang='lat' dir='ltr'><strong>quae</strong></span> <span class='ocrx_word' id='word_1_444' title='bbox 3429 3079 3499 3133; x_wconf 88' lang='lat' dir='ltr'><strong>ab</strong></span> <span class='ocrx_word' id='word_1_445' title='bbox 3513 3089 3577 3131; x_wconf 91' lang='lat' dir='ltr'><strong>eo</strong></span> <span class='ocrx_word' id='word_1_446' title='bbox 3600 3068 3787 3129; x_wconf 77' lang='lat' dir='ltr'><strong>Occidet-</strong></span> 
     </span>
    </p>
   </div>
   <div class='ocr_carea' id='block_1_62' title="bbox 541 3150 3786 3247">
    <p class='ocr_par' dir='ltr' id='par_1_62' title="bbox 541 3150 3786 3247">
     <span class='ocr_line' id='line_1_62' title="bbox 541 3150 3786 3247; baseline -0.006 -17"><span class='ocrx_word' id='word_1_447' title='bbox 541 3184 805 3247; x_wconf 86' lang='lat' dir='ltr'><strong>oportere</strong></span> <span class='ocrx_word' id='word_1_448' title='bbox 847 3184 1151 3228; x_wconf 88' lang='lat' dir='ltr'><strong>monuerat.</strong></span> <span class='ocrx_word' id='word_1_449' title='bbox 1197 3171 1334 3227; x_wconf 83' lang='lat' dir='ltr'><strong>ﬂinc</strong></span> <span class='ocrx_word' id='word_1_450' title='bbox 1362 3168 1725 3241; x_wconf 52' lang='lat' dir='ltr'><strong>cosaprobare</strong></span> <span class='ocrx_word' id='word_1_451' title='bbox 1753 3181 1858 3221; x_wconf 90' lang='lat' dir='ltr'><strong>non</strong></span> <span class='ocrx_word' id='word_1_452' title='bbox 1904 3178 2148 3237; x_wconf 89' lang='lat' dir='ltr'><strong>possum,</strong></span> <span class='ocrx_word' id='word_1_453' title='bbox 2179 3150 2226 3216; x_wconf 86' lang='lat' dir='ltr'>C</span> <span class='ocrx_word' id='word_1_454' title='bbox 2258 3173 2442 3228; x_wconf 71' lang='lat' dir='ltr'><strong>ratium</strong></span> <span class='ocrx_word' id='word_1_455' title='bbox 2494 3171 2716 3238; x_wconf 84' lang='lat' dir='ltr'><strong>dicitur,</strong></span> <span class='ocrx_word' id='word_1_456' title='bbox 2752 3186 2816 3227; x_wconf 87' lang='lat' dir='ltr'><strong>ac</strong></span> <span class='ocrx_word' id='word_1_457' title='bbox 2859 3170 3219 3243; x_wconf 88' lang='lat' dir='ltr'><strong>quorumdam</strong></span> <span class='ocrx_word' id='word_1_458' title='bbox 3273 3179 3536 3242; x_wconf 66' lang='lat' dir='ltr'><strong>prmterea</strong></span> <span class='ocrx_word' id='word_1_459' title='bbox 3567 3183 3627 3224; x_wconf 78' lang='lat' dir='ltr'><strong>es</strong></span> <span class='ocrx_word' id='word_1_460' title='bbox 3668 3160 3786 3220; x_wconf 79' lang='lat' dir='ltr'><strong>Gallia</strong></span> 
     </span>
    </p>
   </div>
   <div class='ocr_carea' id='block_1_63' title="bbox 545 3261 2150 3342">
    <p class='ocr_par' dir='ltr' id='par_1_63' title="bbox 545 3261 2150 3342">
     <span class='ocr_line' id='line_1_63' title="bbox 545 3261 2150 3342; baseline -0.006 -17"><span class='ocrx_word' id='word_1_461' title='bbox 545 3274 636 3342; x_wconf 89' lang='lat' dir='ltr'><strong>qui</strong></span> <span class='ocrx_word' id='word_1_462' title='bbox 668 3278 855 3339; x_wconf 89' lang='lat' dir='ltr'><strong>putant</strong></span> <span class='ocrx_word' id='word_1_463' title='bbox 897 3265 1231 3322; x_wconf 87' lang='lat' dir='ltr'><strong>Dorotheum</strong></span> <span class='ocrx_word' id='word_1_464' title='bbox 1266 3266 1489 3320; x_wconf 85' lang='lat' dir='ltr'><strong>ltomam</strong></span> <span class='ocrx_word' id='word_1_465' title='bbox 1527 3261 1815 3319; x_wconf 80' lang='lat' dir='ltr'><strong>advenisse</strong></span> <span class='ocrx_word' id='word_1_466' title='bbox 1853 3261 1957 3316; x_wconf 89' lang='lat' dir='ltr'><strong>sub</strong></span> <span class='ocrx_word' id='word_1_467' title='bbox 1984 3261 2150 3315; x_wconf 88' lang='lat' dir='ltr'><strong>linem</strong></span> 
     </span>
    </p>
   </div>
   <div class='ocr_carea' id='block_1_64' title="bbox 545 3354 2154 3439">
    <p class='ocr_par' dir='ltr' id='par_1_64' title="bbox 545 3354 2154 3439">
     <span class='ocr_line' id='line_1_64' title="bbox 545 3354 2154 3439; baseline -0.008 -19"><span class='ocrx_word' id='word_1_468' title='bbox 545 3363 908 3439; x_wconf 60' lang='lat' dir='ltr'><strong>praecedentis</strong></span> <span class='ocrx_word' id='word_1_469' title='bbox 935 3363 1085 3427; x_wconf 88' lang='lat' dir='ltr'><strong>anni,</strong></span> <span class='ocrx_word' id='word_1_470' title='bbox 1117 3376 1351 3431; x_wconf 89' lang='lat' dir='ltr'><strong>cumque</strong></span> <span class='ocrx_word' id='word_1_471' title='bbox 1376 3375 1439 3414; x_wconf 88' lang='lat' dir='ltr'><strong>ea</strong></span> <span class='ocrx_word' id='word_1_472' title='bbox 1481 3358 1722 3430; x_wconf 87' lang='lat' dir='ltr'><strong>synodus</strong></span> <span class='ocrx_word' id='word_1_473' title='bbox 1741 3396 1758 3423; x_wconf 91' lang='lat'><strong>,</strong></span> <span class='ocrx_word' id='word_1_474' title='bbox 1787 3371 1889 3426; x_wconf 88' lang='lat' dir='ltr'><strong>qua</strong></span> <span class='ocrx_word' id='word_1_475' title='bbox 1932 3354 2154 3411; x_wconf 76' lang='lat' dir='ltr'><strong>Auxen-</strong></span> 
     </span>
    </p>
   </div>
   <div class='ocr_carea' id='block_1_65' title="bbox 550 3446 2150 3524">
    <p class='ocr_par' dir='ltr' id='par_1_65' title="bbox 550 3446 2150 3524">
     <span class='ocr_line' id='line_1_65' title="bbox 550 3446 2150 3524; baseline -0.011 -7"><span class='ocrx_word' id='word_1_476' title='bbox 550 3462 656 3519; x_wconf 88' lang='lat' dir='ltr'><strong>tius</strong></span> <span class='ocrx_word' id='word_1_477' title='bbox 685 3460 976 3515; x_wconf 87' lang='lat' dir='ltr'><strong>damnatus</strong></span> <span class='ocrx_word' id='word_1_478' title='bbox 1015 3467 1130 3524; x_wconf 78' lang='lat' dir='ltr'><strong>est,</strong></span> <span class='ocrx_word' id='word_1_479' title='bbox 1158 3456 1245 3511; x_wconf 86' lang='lat' dir='ltr'><strong>vel</strong></span> <span class='ocrx_word' id='word_1_480' title='bbox 1285 3453 1463 3509; x_wconf 89' lang='lat' dir='ltr'><strong>adhuc</strong></span> <span class='ocrx_word' id='word_1_481' title='bbox 1490 3458 1815 3522; x_wconf 80' lang='lat' dir='ltr'><strong>congregata</strong></span> <span class='ocrx_word' id='word_1_482' title='bbox 1846 3448 2018 3515; x_wconf 86' lang='lat' dir='ltr'><strong>foret,</strong></span> <span class='ocrx_word' id='word_1_483' title='bbox 2064 3446 2150 3502; x_wconf 81' lang='lat' dir='ltr'><strong>vel</strong></span> 
     </span>
    </p>
   </div>
   <div class='ocr_carea' id='block_1_66' title="bbox 545 3540 2156 3624">
    <p class='ocr_par' dir='ltr' id='par_1_66' title="bbox 545 3540 2156 3624">
     <span class='ocr_line' id='line_1_66' title="bbox 545 3540 2156 3624; baseline -0.011 -16"><span class='ocrx_word' id='word_1_484' title='bbox 545 3553 707 3624; x_wconf 88' lang='lat' dir='ltr'><strong>paulo</strong></span> <span class='ocrx_word' id='word_1_485' title='bbox 731 3560 894 3618; x_wconf 89' lang='lat' dir='ltr'><strong>ante,</strong></span> <span class='ocrx_word' id='word_1_486' title='bbox 925 3565 1085 3620; x_wconf 88' lang='lat' dir='ltr'><strong>quam</strong></span> <span class='ocrx_word' id='word_1_487' title='bbox 1111 3565 1179 3604; x_wconf 92' lang='lat' dir='ltr'><strong>eo</strong></span> <span class='ocrx_word' id='word_1_488' title='bbox 1210 3546 1526 3609; x_wconf 81' lang='lat' dir='ltr'><strong>adveniret,</strong></span> <span class='ocrx_word' id='word_1_489' title='bbox 1558 3544 1823 3600; x_wconf 86' lang='lat' dir='ltr'><strong>dissoluta</strong></span> <span class='ocrx_word' id='word_1_490' title='bbox 1867 3549 2034 3607; x_wconf 79' lang='lat' dir='ltr'><strong>esset,</strong></span> <span class='ocrx_word' id='word_1_491' title='bbox 2080 3540 2156 3609; x_wconf 85' lang='lat' dir='ltr'><strong>ip-</strong></span> 
     </span>
    </p>
   </div>
   <div class='ocr_carea' id='block_1_67' title="bbox 549 3633 2155 3701">
    <p class='ocr_par' dir='ltr' id='par_1_67' title="bbox 549 3633 2155 3701">
     <span class='ocr_line' id='line_1_67' title="bbox 549 3633 2155 3701; baseline -0.008 -2"><span class='ocrx_word' id='word_1_492' title='bbox 549 3660 670 3701; x_wconf 89' lang='lat' dir='ltr'><strong>sum</strong></span> <span class='ocrx_word' id='word_1_493' title='bbox 715 3642 913 3698; x_wconf 87' lang='lat' dir='ltr'><strong>demde</strong></span> <span class='ocrx_word' id='word_1_494' title='bbox 945 3641 1106 3697; x_wconf 87' lang='lat' dir='ltr'><strong>rebus</strong></span> <span class='ocrx_word' id='word_1_495' title='bbox 1146 3639 1402 3696; x_wconf 84' lang='lat' dir='ltr'><strong>celeriter</strong></span> <span class='ocrx_word' id='word_1_496' title='bbox 1427 3636 1693 3693; x_wconf 77' lang='lat' dir='ltr'><strong>confectis</strong></span> <span class='ocrx_word' id='word_1_497' title='bbox 1730 3636 1925 3691; x_wconf 89' lang='lat' dir='ltr'><strong>iterum</strong></span> <span class='ocrx_word' id='word_1_498' title='bbox 1952 3633 2155 3687; x_wconf 54' lang='lat' dir='ltr'><strong>disces-</strong></span> 
     </span>
    </p>
   </div>
   <div class='ocr_carea' id='block_1_68' title="bbox 546 3724 2156 3802">
    <p class='ocr_par' dir='ltr' id='par_1_68' title="bbox 546 3724 2156 3802">
     <span class='ocr_line' id='line_1_68' title="bbox 546 3724 2156 3802; baseline -0.007 -11"><span class='ocrx_word' id='word_1_499' title='bbox 546 3736 688 3791; x_wconf 87' lang='lat' dir='ltr'><strong>sisse</strong></span> <span class='ocrx_word' id='word_1_500' title='bbox 713 3749 836 3790; x_wconf 89' lang='lat' dir='ltr'><strong>cum</strong></span> <span class='ocrx_word' id='word_1_501' title='bbox 865 3733 1091 3795; x_wconf 85' lang='lat' dir='ltr'><strong>Sabino,</strong></span> <span class='ocrx_word' id='word_1_502' title='bbox 1134 3732 1223 3802; x_wconf 88' lang='lat' dir='ltr'><strong>qui</strong></span> <span class='ocrx_word' id='word_1_503' title='bbox 1253 3732 1397 3787; x_wconf 86' lang='lat' dir='ltr'><strong>circa</strong></span> <span class='ocrx_word' id='word_1_504' title='bbox 1429 3729 1635 3785; x_wconf 87' lang='lat' dir='ltr'><strong>Pascha</strong></span> <span class='ocrx_word' id='word_1_505' title='bbox 1681 3727 1843 3795; x_wconf 84' lang='lat' dir='ltr'><strong>hujus</strong></span> <span class='ocrx_word' id='word_1_506' title='bbox 1895 3725 2023 3781; x_wconf 90' lang='lat' dir='ltr'><strong>anni</strong></span> <span class='ocrx_word' id='word_1_507' title='bbox 2063 3724 2156 3779; x_wconf 56' lang='lat' dir='ltr'><strong>lite</strong></span> 
     </span>
    </p>
   </div>
   <div class='ocr_carea' id='block_1_69' title="bbox 552 3816 2154 3888">
    <p class='ocr_par' dir='ltr' id='par_1_69' title="bbox 552 3816 2154 3888">
     <span class='ocr_line' id='line_1_69' title="bbox 552 3816 2154 3888; baseline -0.007 -5"><span class='ocrx_word' id='word_1_508' title='bbox 552 3837 698 3884; x_wconf 78' lang='lat' dir='ltr'><strong>teras</strong></span> <span class='ocrx_word' id='word_1_509' title='bbox 719 3825 1019 3884; x_wconf 84' lang='lat' dir='ltr'><strong>Athanasio</strong></span> <span class='ocrx_word' id='word_1_510' title='bbox 1043 3823 1391 3879; x_wconf 75' lang='lat' dir='ltr'><strong>Alexandria:</strong></span> <span class='ocrx_word' id='word_1_511' title='bbox 1418 3820 1670 3877; x_wconf 86' lang='lat' dir='ltr'><strong>reddidit.</strong></span> <span class='ocrx_word' id='word_1_512' title='bbox 1706 3818 1973 3888; x_wconf 77' lang='lat' dir='ltr'><strong>Quidquid</strong></span> <span class='ocrx_word' id='word_1_513' title='bbox 2007 3816 2154 3873; x_wconf 87' lang='lat' dir='ltr'><strong>enim</strong></span> 
     </span>
    </p>
   </div>
   <div class='ocr_carea' id='block_1_70' title="bbox 553 3910 2153 3986">
    <p class='ocr_par' dir='ltr' id='par_1_70' title="bbox 553 3910 2153 3986">
     <span class='ocr_line' id='line_1_70' title="bbox 553 3910 2153 3986; baseline -0.006 -11"><span class='ocrx_word' id='word_1_514' title='bbox 553 3920 621 3984; x_wconf 75' lang='lat' dir='ltr'><strong>sit</strong></span> <span class='ocrx_word' id='word_1_515' title='bbox 671 3920 740 3975; x_wconf 91' lang='lat' dir='ltr'><strong>de</strong></span> <span class='ocrx_word' id='word_1_516' title='bbox 771 3926 1038 3986; x_wconf 78' lang='lat' dir='ltr'><strong>tempore.</strong></span> <span class='ocrx_word' id='word_1_517' title='bbox 1088 3932 1194 3983; x_wconf 85' lang='lat' dir='ltr'><strong>quo</strong></span> <span class='ocrx_word' id='word_1_518' title='bbox 1250 3914 1511 3970; x_wconf 83' lang='lat' dir='ltr'><strong>diaconus</strong></span> <span class='ocrx_word' id='word_1_519' title='bbox 1566 3912 1658 3968; x_wconf 90' lang='lat' dir='ltr'><strong>ille</strong></span> <span class='ocrx_word' id='word_1_520' title='bbox 1700 3911 1927 3967; x_wconf 75' lang='lat' dir='ltr'><strong>Bootam</strong></span> <span class='ocrx_word' id='word_1_521' title='bbox 1977 3910 2153 3977; x_wconf 81' lang='lat' dir='ltr'><strong>venit,</strong></span> 
     </span>
    </p>
   </div>
   <div class='ocr_carea' id='block_1_71' title="bbox 548 4002 2154 4082">
    <p class='ocr_par' dir='ltr' id='par_1_71' title="bbox 548 4002 2154 4082">
     <span class='ocr_line' id='line_1_71' title="bbox 548 4002 2154 4082; baseline -0.006 -16"><span class='ocrx_word' id='word_1_522' title='bbox 548 4020 711 4082; x_wconf 72' lang='lat' dir='ltr'><strong>atque</strong></span> <span class='ocrx_word' id='word_1_523' title='bbox 742 4009 868 4064; x_wconf 89' lang='lat' dir='ltr'><strong>inde</strong></span> <span class='ocrx_word' id='word_1_524' title='bbox 893 4010 1026 4063; x_wconf 86' lang='lat' dir='ltr'><strong>abiit</strong></span> <span class='ocrx_word' id='word_1_525' title='bbox 1053 4024 1175 4062; x_wconf 88' lang='lat' dir='ltr'><strong>cum</strong></span> <span class='ocrx_word' id='word_1_526' title='bbox 1206 4006 1428 4073; x_wconf 77' lang='lat' dir='ltr'><strong>Sabino,</strong></span> <span class='ocrx_word' id='word_1_527' title='bbox 1461 4005 1604 4077; x_wconf 89' lang='lat' dir='ltr'><strong>quod</strong></span> <span class='ocrx_word' id='word_1_528' title='bbox 1634 4005 1772 4060; x_wconf 84' lang='lat' dir='ltr'><strong>bene</strong></span> <span class='ocrx_word' id='word_1_529' title='bbox 1803 4002 2154 4058; x_wconf 79' lang='lat' dir='ltr'><strong>Constitntutn</strong></span> 
     </span>
    </p>
   </div>
   <div class='ocr_carea' id='block_1_72' title="bbox 548 4096 2156 4175">
    <p class='ocr_par' dir='ltr' id='par_1_72' title="bbox 548 4096 2156 4175">
     <span class='ocr_line' id='line_1_72' title="bbox 548 4096 2156 4175; baseline -0.006 -15"><span class='ocrx_word' id='word_1_530' title='bbox 548 4112 714 4175; x_wconf 90' lang='lat' dir='ltr'><strong>puto,</strong></span> <span class='ocrx_word' id='word_1_531' title='bbox 756 4103 803 4157; x_wconf 90' lang='lat' dir='ltr'><strong>si</strong></span> <span class='ocrx_word' id='word_1_532' title='bbox 833 4100 1075 4174; x_wconf 81' lang='lat' dir='ltr'><strong>synodus</strong></span> <span class='ocrx_word' id='word_1_533' title='bbox 1099 4100 1274 4171; x_wconf 77' lang='lat' dir='ltr'><strong>aliqua</strong></span> <span class='ocrx_word' id='word_1_534' title='bbox 1310 4110 1434 4155; x_wconf 88' lang='lat' dir='ltr'><strong>tunc</strong></span> <span class='ocrx_word' id='word_1_535' title='bbox 1461 4098 1647 4154; x_wconf 76' lang='lat' dir='ltr'><strong>Ruttttc</strong></span> <span class='ocrx_word' id='word_1_536' title='bbox 1676 4096 1974 4152; x_wconf 74' lang='lat' dir='ltr'><strong>habebatur</strong></span> <span class='ocrx_word' id='word_1_537' title='bbox 1996 4137 2010 4161; x_wconf 90' lang='lat'><strong>,</strong></span> <span class='ocrx_word' id='word_1_538' title='bbox 2038 4111 2156 4166; x_wconf 64' lang='lat' dir='ltr'><strong>qua:</strong></span> 
     </span>
    </p>
   </div>
   <div class='ocr_carea' id='block_1_73' title="bbox 548 4191 2157 4256">
    <p class='ocr_par' dir='ltr' id='par_1_73' title="bbox 548 4191 2157 4256">
     <span class='ocr_line' id='line_1_73' title="bbox 548 4191 2157 4256; baseline -0.005 0"><span class='ocrx_word' id='word_1_539' title='bbox 548 4216 708 4256; x_wconf 88' lang='lat' dir='ltr'><strong>causa</strong></span> <span class='ocrx_word' id='word_1_540' title='bbox 737 4206 822 4254; x_wconf 64' lang='lat' dir='ltr'><strong>est</strong></span> <span class='ocrx_word' id='word_1_541' title='bbox 859 4212 959 4254; x_wconf 89' lang='lat' dir='ltr'><strong>cur</strong></span> <span class='ocrx_word' id='word_1_542' title='bbox 994 4197 1254 4252; x_wconf 87' lang='lat' dir='ltr'><strong>Damasus</strong></span> <span class='ocrx_word' id='word_1_543' title='bbox 1295 4211 1402 4250; x_wconf 89' lang='lat' dir='ltr'><strong>non</strong></span> <span class='ocrx_word' id='word_1_544' title='bbox 1432 4194 1638 4250; x_wconf 88' lang='lat' dir='ltr'><strong>litteras</strong></span> <span class='ocrx_word' id='word_1_545' title='bbox 1663 4192 1730 4249; x_wconf 89' lang='lat' dir='ltr'><strong>ad</strong></span> <span class='ocrx_word' id='word_1_546' title='bbox 1759 4191 2063 4248; x_wconf 82' lang='lat' dir='ltr'><strong>Orientales</strong></span> <span class='ocrx_word' id='word_1_547' title='bbox 2090 4207 2157 4248; x_wconf 77' lang='lat' dir='ltr'><strong>ex</strong></span> 
     </span>
    </p>
   </div>
   <div class='ocr_carea' id='block_1_74' title="bbox 550 4285 2156 4363">
    <p class='ocr_par' dir='ltr' id='par_1_74' title="bbox 550 4285 2156 4363">
     <span class='ocr_line' id='line_1_74' title="bbox 550 4285 2156 4363; baseline -0.004 -15"><span class='ocrx_word' id='word_1_548' title='bbox 550 4294 653 4349; x_wconf 87' lang='lat' dir='ltr'><strong>hac</strong></span> <span class='ocrx_word' id='word_1_549' title='bbox 696 4294 807 4362; x_wconf 81' lang='lat' dir='ltr'><strong>ipsa</strong></span> <span class='ocrx_word' id='word_1_550' title='bbox 857 4289 1069 4363; x_wconf 76' lang='lat' dir='ltr'><strong>synodo</strong></span> <span class='ocrx_word' id='word_1_551' title='bbox 1093 4329 1107 4353; x_wconf 90' lang='lat'><strong>,</strong></span> <span class='ocrx_word' id='word_1_552' title='bbox 1139 4290 1233 4345; x_wconf 87' lang='lat' dir='ltr'><strong>sed</strong></span> <span class='ocrx_word' id='word_1_553' title='bbox 1266 4287 1575 4358; x_wconf 81' lang='lat' dir='ltr'><strong>exemplum</strong></span> <span class='ocrx_word' id='word_1_554' title='bbox 1611 4285 1985 4341; x_wconf 86' lang='lat' dir='ltr'><strong>tantummodo</strong></span> <span class='ocrx_word' id='word_1_555' title='bbox 2014 4286 2156 4342; x_wconf 88' lang='lat' dir='ltr'><strong>litte-</strong></span> 
     </span>
    </p>
   </div>
   <div class='ocr_carea' id='block_1_75' title="bbox 551 4380 2161 4455">
    <p class='ocr_par' dir='ltr' id='par_1_75' title="bbox 551 4380 2161 4455">
     <span class='ocr_line' id='line_1_75' title="bbox 551 4380 2161 4455; baseline -0.002 -16"><span class='ocrx_word' id='word_1_556' title='bbox 551 4400 730 4440; x_wconf 89' lang='lat' dir='ltr'><strong>rarum</strong></span> <span class='ocrx_word' id='word_1_557' title='bbox 759 4385 826 4439; x_wconf 87' lang='lat' dir='ltr'><strong>ad</strong></span> <span class='ocrx_word' id='word_1_558' title='bbox 853 4384 1093 4455; x_wconf 72' lang='lat' dir='ltr'><strong>illyricOs</strong></span> <span class='ocrx_word' id='word_1_559' title='bbox 1115 4391 1271 4439; x_wconf 88' lang='lat' dir='ltr'><strong>antea</strong></span> <span class='ocrx_word' id='word_1_560' title='bbox 1293 4387 1618 4454; x_wconf 81' lang='lat' dir='ltr'><strong>scriptarum</strong></span> <span class='ocrx_word' id='word_1_561' title='bbox 1649 4380 1852 4438; x_wconf 87' lang='lat' dir='ltr'><strong>Sabino</strong></span> <span class='ocrx_word' id='word_1_562' title='bbox 1880 4380 2161 4451; x_wconf 74' lang='lat' dir='ltr'><strong>perferen-</strong></span> 
     </span>
    </p>
   </div>
   <div class='ocr_carea' id='block_1_76' title="bbox 550 4476 2158 4545">
    <p class='ocr_par' dir='ltr' id='par_1_76' title="bbox 550 4476 2158 4545">
     <span class='ocr_line' id='line_1_76' title="bbox 550 4476 2158 4545; baseline -0.002 -12"><span class='ocrx_word' id='word_1_563' title='bbox 550 4478 679 4533; x_wconf 90' lang='lat' dir='ltr'><strong>dum</strong></span> <span class='ocrx_word' id='word_1_564' title='bbox 732 4477 981 4532; x_wconf 87' lang='lat' dir='ltr'><strong>dederit?</strong></span> <span class='ocrx_word' id='word_1_565' title='bbox 1028 4495 1095 4532; x_wconf 88' lang='lat' dir='ltr'><strong>an</strong></span> <span class='ocrx_word' id='word_1_566' title='bbox 1148 4477 1451 4535; x_wconf 83' lang='lat' dir='ltr'><strong>Sozomcno</strong></span> <span class='ocrx_word' id='word_1_567' title='bbox 1497 4476 1658 4545; x_wconf 86' lang='lat' dir='ltr'><strong>forte,</strong></span> <span class='ocrx_word' id='word_1_568' title='bbox 1704 4492 1767 4531; x_wconf 87' lang='lat' dir='ltr'><strong>ac</strong></span> <span class='ocrx_word' id='word_1_569' title='bbox 1813 4476 2158 4532; x_wconf 86' lang='lat' dir='ltr'><strong>Theodoreto</strong></span> 
     </span>
    </p>
   </div>
   <div class='ocr_carea' id='block_1_77' title="bbox 2257 3256 3785 3338">
    <p class='ocr_par' dir='ltr' id='par_1_77' title="bbox 2257 3256 3785 3338">
     <span class='ocr_line' id='line_1_77' title="bbox 2257 3256 3785 3338; baseline -0.009 -17"><span class='ocrx_word' id='word_1_570' title='bbox 2257 3268 2668 3338; x_wconf 83' lang='lat' dir='ltr'><strong>episeoporum,</strong></span> <span class='ocrx_word' id='word_1_571' title='bbox 2720 3280 2787 3320; x_wconf 89' lang='lat' dir='ltr'><strong>ac</strong></span> <span class='ocrx_word' id='word_1_572' title='bbox 2832 3263 3123 3319; x_wconf 84' lang='lat' dir='ltr'><strong>Valeriani&#39;</strong></span> <span class='ocrx_word' id='word_1_573' title='bbox 3156 3264 3525 3335; x_wconf 87' lang='lat' dir='ltr'><strong>Aquileiensis</strong></span> <span class='ocrx_word' id='word_1_574' title='bbox 3572 3256 3785 3331; x_wconf 72' lang='lat' dir='ltr'><strong>episnolas.</strong></span> 
     </span>
    </p>
   </div>
   <div class='ocr_carea' id='block_1_78' title="bbox 2256 3351 3786 3429">
    <p class='ocr_par' dir='ltr' id='par_1_78' title="bbox 2256 3351 3786 3429">
     <span class='ocr_line' id='line_1_78' title="bbox 2256 3351 3786 3429; baseline -0.011 -13"><span class='ocrx_word' id='word_1_575' title='bbox 2256 3360 2338 3416; x_wconf 85' lang='lat' dir='ltr'><strong>An</strong></span> <span class='ocrx_word' id='word_1_576' title='bbox 2375 3361 2635 3415; x_wconf 82' lang='lat' dir='ltr'><strong>Damasus</strong></span> <span class='ocrx_word' id='word_1_577' title='bbox 2667 3370 2862 3429; x_wconf 65' lang='lat' dir='ltr'><strong>praeter</strong></span> <span class='ocrx_word' id='word_1_578' title='bbox 2881 3356 3198 3429; x_wconf 87' lang='lat' dir='ltr'><strong>synodicam</strong></span> <span class='ocrx_word' id='word_1_579' title='bbox 3228 3356 3401 3421; x_wconf 87' lang='lat' dir='ltr'><strong>illam,</strong></span> <span class='ocrx_word' id='word_1_580' title='bbox 3432 3355 3567 3412; x_wconf 85' lang='lat' dir='ltr'><strong>alias</strong></span> <span class='ocrx_word' id='word_1_581' title='bbox 3586 3351 3786 3420; x_wconf 75' lang='lat' dir='ltr'><strong>adjuntc-</strong></span> 
     </span>
    </p>
   </div>
   <div class='ocr_carea' id='block_1_79' title="bbox 2257 3441 3782 3518">
    <p class='ocr_par' dir='ltr' id='par_1_79' title="bbox 2257 3441 3782 3518">
     <span class='ocr_line' id='line_1_79' title="bbox 2257 3441 3782 3518; baseline -0.006 -11"><span class='ocrx_word' id='word_1_582' title='bbox 2257 3452 2326 3507; x_wconf 88' lang='lat' dir='ltr'><strong>rit</strong></span> <span class='ocrx_word' id='word_1_583' title='bbox 2354 3451 2421 3507; x_wconf 89' lang='lat' dir='ltr'><strong>ad</strong></span> <span class='ocrx_word' id='word_1_584' title='bbox 2460 3450 2710 3506; x_wconf 88' lang='lat' dir='ltr'><strong>eumdem</strong></span> <span class='ocrx_word' id='word_1_585' title='bbox 2742 3450 2998 3505; x_wconf 82' lang='lat' dir='ltr'><strong>Basiliam</strong></span> <span class='ocrx_word' id='word_1_586' title='bbox 3029 3441 3260 3505; x_wconf 73' lang='lat' dir='ltr'><strong>litteras&#39;</strong></span> <span class='ocrx_word' id='word_1_587' title='bbox 3289 3447 3539 3518; x_wconf 87' lang='lat' dir='ltr'><strong>privatim</strong></span> <span class='ocrx_word' id='word_1_588' title='bbox 3589 3443 3782 3511; x_wconf 69' lang='lat' dir='ltr'><strong>scriptas.</strong></span> 
     </span>
    </p>
   </div>
   <div class='ocr_carea' id='block_1_80' title="bbox 2257 3538 3783 3601">
    <p class='ocr_par' dir='ltr' id='par_1_80' title="bbox 2257 3538 3783 3601">
     <span class='ocr_line' id='line_1_80' title="bbox 2257 3538 3783 3601; baseline -0.006 -3"><span class='ocrx_word' id='word_1_589' title='bbox 2257 3558 2504 3601; x_wconf 89' lang='lat' dir='ltr'><strong>asserere</strong></span> <span class='ocrx_word' id='word_1_590' title='bbox 2551 3559 2658 3598; x_wconf 89' lang='lat' dir='ltr'><strong>non</strong></span> <span class='ocrx_word' id='word_1_591' title='bbox 2697 3544 2871 3598; x_wconf 88' lang='lat' dir='ltr'><strong>ausim</strong></span> <span class='ocrx_word' id='word_1_592' title='bbox 2897 3561 2911 3598; x_wconf 90' lang='lat'><strong>:</strong></span> <span class='ocrx_word' id='word_1_593' title='bbox 2937 3557 3035 3598; x_wconf 90' lang='lat' dir='ltr'><strong>cur</strong></span> <span class='ocrx_word' id='word_1_594' title='bbox 3077 3542 3222 3599; x_wconf 90' lang='lat' dir='ltr'><strong>enim</strong></span> <span class='ocrx_word' id='word_1_595' title='bbox 3264 3557 3372 3597; x_wconf 87' lang='lat' dir='ltr'><strong>non</strong></span> <span class='ocrx_word' id='word_1_596' title='bbox 3411 3556 3506 3598; x_wconf 91' lang='lat' dir='ltr'><strong>eas</strong></span> <span class='ocrx_word' id='word_1_597' title='bbox 3550 3538 3783 3594; x_wconf 61' lang='lat' dir='ltr'><strong>illereeett</strong></span> 
     </span>
    </p>
   </div>
   <div class='ocr_carea' id='block_1_81' title="bbox 2256 3628 3787 3706">
    <p class='ocr_par' dir='ltr' id='par_1_81' title="bbox 2256 3628 3787 3706">
     <span class='ocr_line' id='line_1_81' title="bbox 2256 3628 3787 3706; baseline -0.006 -13"><span class='ocrx_word' id='word_1_598' title='bbox 2256 3637 2457 3693; x_wconf 90' lang='lat' dir='ltr'><strong>suisset</strong></span> <span class='ocrx_word' id='word_1_599' title='bbox 2482 3637 2623 3691; x_wconf 90' lang='lat' dir='ltr'><strong>inter</strong></span> <span class='ocrx_word' id='word_1_600' title='bbox 2656 3643 2906 3703; x_wconf 63' lang='lat' dir='ltr'><strong>caeteras,</strong></span> <span class='ocrx_word' id='word_1_601' title='bbox 2935 3651 3068 3706; x_wconf 89' lang='lat' dir='ltr'><strong>quas</strong></span> <span class='ocrx_word' id='word_1_602' title='bbox 3107 3650 3166 3690; x_wconf 91' lang='lat' dir='ltr'><strong>se</strong></span> <span class='ocrx_word' id='word_1_603' title='bbox 3204 3637 3483 3706; x_wconf 83' lang='lat' dir='ltr'><strong>accepisse</strong></span> <span class='ocrx_word' id='word_1_604' title='bbox 3511 3632 3580 3686; x_wconf 91' lang='lat' dir='ltr'><strong>ait</strong></span> <span class='ocrx_word' id='word_1_605' title='bbox 3611 3628 3787 3700; x_wconf 71' lang='lat' dir='ltr'><strong>ejusse-</strong></span> 
     </span>
    </p>
   </div>
   <div class='ocr_carea' id='block_1_82' title="bbox 2258 3717 3788 3801">
    <p class='ocr_par' dir='ltr' id='par_1_82' title="bbox 2258 3717 3788 3801">
     <span class='ocr_line' id='line_1_82' title="bbox 2258 3717 3788 3801; baseline -0.005 -17"><span class='ocrx_word' id='word_1_606' title='bbox 2258 3729 2408 3785; x_wconf 88' lang='lat' dir='ltr'><strong>neris</strong></span> <span class='ocrx_word' id='word_1_607' title='bbox 2454 3729 2718 3800; x_wconf 84' lang='lat' dir='ltr'><strong>epistolas</strong></span> <span class='ocrx_word' id='word_1_608' title='bbox 2762 3728 2836 3801; x_wconf 81' lang='grc' dir='ltr'><strong>(ε)</strong></span> <span class='ocrx_word' id='word_1_609' title='bbox 2869 3745 2990 3784; x_wconf 91' lang='lat' dir='ltr'><strong>cum</strong></span> <span class='ocrx_word' id='word_1_610' title='bbox 3023 3727 3305 3783; x_wconf 82' lang='lat' dir='ltr'><strong>Romanus</strong></span> <span class='ocrx_word' id='word_1_611' title='bbox 3358 3728 3638 3797; x_wconf 88' lang='lat' dir='ltr'><strong>episcopus</strong></span> <span class='ocrx_word' id='word_1_612' title='bbox 3667 3717 3788 3788; x_wconf 72' lang='lat' dir='ltr'><strong>primo</strong></span> 
     </span>
    </p>
   </div>
   <div class='ocr_carea' id='block_1_83' title="bbox 2258 3816 3786 3889">
    <p class='ocr_par' dir='ltr' id='par_1_83' title="bbox 2258 3816 3786 3889">
     <span class='ocr_line' id='line_1_83' title="bbox 2258 3816 3786 3889; baseline -0.005 -11"><span class='ocrx_word' id='word_1_613' title='bbox 2258 3823 2381 3879; x_wconf 86' lang='lat' dir='ltr'><strong>loco</strong></span> <span class='ocrx_word' id='word_1_614' title='bbox 2429 3824 2706 3889; x_wconf 85' lang='lat' dir='ltr'><strong>collocari,</strong></span> <span class='ocrx_word' id='word_1_615' title='bbox 2741 3839 2804 3880; x_wconf 88' lang='lat' dir='ltr'><strong>ac</strong></span> <span class='ocrx_word' id='word_1_616' title='bbox 2860 3825 3149 3879; x_wconf 85' lang='lat' dir='ltr'><strong>memorari</strong></span> <span class='ocrx_word' id='word_1_617' title='bbox 3183 3821 3488 3878; x_wconf 77' lang='lat' dir='ltr'><strong>debuisset?</strong></span> <span class='ocrx_word' id='word_1_618' title='bbox 3516 3816 3659 3876; x_wconf 86' lang='lat' dir='ltr'><strong>Aliud</strong></span> <span class='ocrx_word' id='word_1_619' title='bbox 3696 3821 3786 3867; x_wconf 66' lang='lat' dir='ltr'><strong>vero</strong></span> 
     </span>
    </p>
   </div>
   <div class='ocr_carea' id='block_1_84' title="bbox 2257 3901 3785 3977">
    <p class='ocr_par' dir='ltr' id='par_1_84' title="bbox 2257 3901 3785 3977">
     <span class='ocr_line' id='line_1_84' title="bbox 2257 3901 3785 3977; baseline -0.005 -5"><span class='ocrx_word' id='word_1_620' title='bbox 2257 3918 2471 3973; x_wconf 82' lang='lat' dir='ltr'><strong>videtur</strong></span> <span class='ocrx_word' id='word_1_621' title='bbox 2502 3917 2633 3972; x_wconf 88' lang='lat' dir='ltr'><strong>tuihi</strong></span> <span class='ocrx_word' id='word_1_622' title='bbox 2662 3918 3011 3973; x_wconf 82' lang='lat' dir='ltr'><strong>statuendum</strong></span> <span class='ocrx_word' id='word_1_623' title='bbox 3064 3931 3186 3971; x_wconf 91' lang='lat' dir='ltr'><strong>cum</strong></span> <span class='ocrx_word' id='word_1_624' title='bbox 3216 3914 3536 3977; x_wconf 79' lang='lat' dir='ltr'><strong>Athanasio,</strong></span> <span class='ocrx_word' id='word_1_625' title='bbox 3564 3911 3667 3967; x_wconf 82' lang='lat' dir='ltr'><strong>sive</strong></span> <span class='ocrx_word' id='word_1_626' title='bbox 3702 3901 3785 3976; x_wconf 64' lang='lat' dir='ltr'><strong>quia</strong></span> 
     </span>
    </p>
   </div>
   <div class='ocr_carea' id='block_1_85' title="bbox 2257 3997 3785 4069">
    <p class='ocr_par' dir='ltr' id='par_1_85' title="bbox 2257 3997 3785 4069">
     <span class='ocr_line' id='line_1_85' title="bbox 2257 3997 3785 4069; baseline -0.003 -9"><span class='ocrx_word' id='word_1_627' title='bbox 2257 4007 2489 4066; x_wconf 82' lang='lat' dir='ltr'><strong>Sabinus</strong></span> <span class='ocrx_word' id='word_1_628' title='bbox 2515 4008 2713 4064; x_wconf 89' lang='lat' dir='ltr'><strong>dimitti</strong></span> <span class='ocrx_word' id='word_1_629' title='bbox 2739 4008 2806 4065; x_wconf 91' lang='lat' dir='ltr'><strong>ad</strong></span> <span class='ocrx_word' id='word_1_630' title='bbox 2837 4025 2961 4064; x_wconf 89' lang='lat' dir='ltr'><strong>eum</strong></span> <span class='ocrx_word' id='word_1_631' title='bbox 2992 4024 3098 4069; x_wconf 86' lang='lat' dir='ltr'><strong>non</strong></span> <span class='ocrx_word' id='word_1_632' title='bbox 3121 4009 3310 4064; x_wconf 89' lang='lat' dir='ltr'><strong>debuit</strong></span> <span class='ocrx_word' id='word_1_633' title='bbox 3332 4008 3453 4063; x_wconf 89' lang='lat' dir='ltr'><strong>sine</strong></span> <span class='ocrx_word' id='word_1_634' title='bbox 3491 4003 3687 4066; x_wconf 75' lang='lat' dir='ltr'><strong>litteris,</strong></span> <span class='ocrx_word' id='word_1_635' title='bbox 3709 3997 3785 4052; x_wconf 62' lang='lat' dir='ltr'><strong>sive</strong></span> 
     </span>
    </p>
   </div>
   <div class='ocr_carea' id='block_1_86' title="bbox 2258 4093 3783 4172">
    <p class='ocr_par' dir='ltr' id='par_1_86' title="bbox 2258 4093 3783 4172">
     <span class='ocr_line' id='line_1_86' title="bbox 2258 4093 3783 4172; baseline -0.005 -16"><span class='ocrx_word' id='word_1_636' title='bbox 2258 4102 2384 4172; x_wconf 90' lang='lat' dir='ltr'><strong>quia</strong></span> <span class='ocrx_word' id='word_1_637' title='bbox 2414 4101 2645 4157; x_wconf 82' lang='lat' dir='ltr'><strong>Dantaso</strong></span> <span class='ocrx_word' id='word_1_638' title='bbox 2670 4103 2920 4172; x_wconf 82' lang='lat' dir='ltr'><strong>cognitus</strong></span> <span class='ocrx_word' id='word_1_639' title='bbox 2967 4118 3030 4157; x_wconf 89' lang='lat' dir='ltr'><strong>ac</strong></span> <span class='ocrx_word' id='word_1_640' title='bbox 3070 4101 3357 4157; x_wconf 88' lang='lat' dir='ltr'><strong>familiaris</strong></span> <span class='ocrx_word' id='word_1_641' title='bbox 3408 4100 3573 4157; x_wconf 87' lang='lat' dir='ltr'><strong>fuisse</strong></span> <span class='ocrx_word' id='word_1_642' title='bbox 3613 4093 3783 4149; x_wconf 77' lang='lat' dir='ltr'><strong>videtur.</strong></span> 
     </span>
    </p>
   </div>
   <div class='ocr_carea' id='block_1_87' title="bbox 2210 4180 3784 4266">
    <p class='ocr_par' dir='ltr' id='par_1_87' title="bbox 2210 4180 3784 4266">
     <span class='ocr_line' id='line_1_87' title="bbox 2210 4180 3784 4266; baseline -0.004 -17"><span class='ocrx_word' id='word_1_643' title='bbox 2210 4257 2223 4265; x_wconf 39' lang='grc' dir='ltr'><strong><em>ο</em></strong></span> <span class='ocrx_word' id='word_1_644' title='bbox 2260 4196 2379 4249; x_wconf 87' lang='lat' dir='ltr'><strong>sive</strong></span> <span class='ocrx_word' id='word_1_645' title='bbox 2421 4193 2565 4264; x_wconf 87' lang='lat' dir='ltr'><strong>quod</strong></span> <span class='ocrx_word' id='word_1_646' title='bbox 2610 4194 2832 4266; x_wconf 89' lang='lat' dir='ltr'><strong>scriptis</strong></span> <span class='ocrx_word' id='word_1_647' title='bbox 2880 4194 2946 4249; x_wconf 90' lang='lat' dir='ltr'><strong>ad</strong></span> <span class='ocrx_word' id='word_1_648' title='bbox 2992 4194 3280 4251; x_wconf 89' lang='lat' dir='ltr'><strong>Damasum</strong></span> <span class='ocrx_word' id='word_1_649' title='bbox 3311 4209 3342 4248; x_wconf 89' lang='lat' dir='ltr'><strong>a</strong></span> <span class='ocrx_word' id='word_1_650' title='bbox 3390 4191 3587 4249; x_wconf 85' lang='lat' dir='ltr'><strong>Basilio</strong></span> <span class='ocrx_word' id='word_1_651' title='bbox 3626 4180 3784 4242; x_wconf 74' lang='lat' dir='ltr'><strong>litteris.</strong></span> 
     </span>
    </p>
   </div>
   <div class='ocr_carea' id='block_1_88' title="bbox 2258 4284 3783 4359">
    <p class='ocr_par' dir='ltr' id='par_1_88' title="bbox 2258 4284 3783 4359">
     <span class='ocr_line' id='line_1_88' title="bbox 2258 4284 3783 4359; baseline -0.004 -16"><span class='ocrx_word' id='word_1_652' title='bbox 2258 4303 2394 4358; x_wconf 84' lang='lat' dir='ltr'><strong>quas</strong></span> <span class='ocrx_word' id='word_1_653' title='bbox 2435 4288 2816 4358; x_wconf 74' lang='lat' dir='ltr'><strong>exuendimus,</strong></span> <span class='ocrx_word' id='word_1_654' title='bbox 2861 4304 2989 4344; x_wconf 89' lang='lat' dir='ltr'><strong>suas</strong></span> <span class='ocrx_word' id='word_1_655' title='bbox 3038 4290 3179 4344; x_wconf 88' lang='lat' dir='ltr'><strong>alter</strong></span> <span class='ocrx_word' id='word_1_656' title='bbox 3233 4300 3453 4359; x_wconf 81' lang='lat' dir='ltr'><strong>rogatus</strong></span> <span class='ocrx_word' id='word_1_657' title='bbox 3506 4284 3783 4356; x_wconf 73' lang='lat' dir='ltr'><strong>adjnuseral.</strong></span> 
     </span>
    </p>
   </div>
   <div class='ocr_carea' id='block_1_89' title="bbox 2259 4377 3783 4457">
    <p class='ocr_par' dir='ltr' id='par_1_89' title="bbox 2259 4377 3783 4457">
     <span class='ocr_line' id='line_1_89' title="bbox 2259 4377 3783 4457; baseline -0.009 -16"><span class='ocrx_word' id='word_1_658' title='bbox 2259 4388 2374 4441; x_wconf 85' lang='lat' dir='ltr'><strong>sive</strong></span> <span class='ocrx_word' id='word_1_659' title='bbox 2400 4385 2632 4454; x_wconf 88' lang='lat' dir='ltr'><strong>denique</strong></span> <span class='ocrx_word' id='word_1_660' title='bbox 2659 4387 2782 4457; x_wconf 86' lang='lat' dir='ltr'><strong>quia</strong></span> <span class='ocrx_word' id='word_1_661' title='bbox 2807 4387 2892 4440; x_wconf 82' lang='lat' dir='ltr'><strong>vix</strong></span> <span class='ocrx_word' id='word_1_662' title='bbox 2924 4386 3036 4441; x_wconf 80' lang='lat' dir='ltr'><strong>ﬁeri</strong></span> <span class='ocrx_word' id='word_1_663' title='bbox 3062 4396 3263 4457; x_wconf 89' lang='lat' dir='ltr'><strong>potest,</strong></span> <span class='ocrx_word' id='word_1_664' title='bbox 3284 4385 3415 4457; x_wconf 86' lang='lat' dir='ltr'><strong>quin</strong></span> <span class='ocrx_word' id='word_1_665' title='bbox 3445 4380 3647 4455; x_wconf 83' lang='lat' dir='ltr'><strong>aliquod</strong></span> <span class='ocrx_word' id='word_1_666' title='bbox 3667 4377 3783 4432; x_wconf 81' lang='lat' dir='ltr'><strong>etiam</strong></span> 
     </span>
    </p>
   </div>
   <div class='ocr_carea' id='block_1_90' title="bbox 2265 4473 3784 4551">
    <p class='ocr_par' dir='ltr' id='par_1_90' title="bbox 2265 4473 3784 4551">
     <span class='ocr_line' id='line_1_90' title="bbox 2265 4473 3784 4551; baseline -0.006 -18"><span class='ocrx_word' id='word_1_667' title='bbox 2265 4480 2488 4535; x_wconf 68' lang='lat' dir='ltr'><strong>missum</strong></span> <span class='ocrx_word' id='word_1_668' title='bbox 2524 4478 2703 4534; x_wconf 74' lang='lat' dir='ltr'><strong>eidem</strong></span> <span class='ocrx_word' id='word_1_669' title='bbox 2728 4477 2890 4535; x_wconf 77' lang='lat' dir='ltr'><strong>fuerit</strong></span> <span class='ocrx_word' id='word_1_670' title='bbox 2919 4479 2986 4534; x_wconf 89' lang='lat' dir='ltr'><strong>ad</strong></span> <span class='ocrx_word' id='word_1_671' title='bbox 3039 4494 3150 4546; x_wconf 85' lang='lat' dir='ltr'><strong>res,</strong></span> <span class='ocrx_word' id='word_1_672' title='bbox 3183 4496 3303 4551; x_wconf 56' lang='lat' dir='ltr'><strong>quae</strong></span> <span class='ocrx_word' id='word_1_673' title='bbox 3362 4489 3486 4533; x_wconf 89' lang='lat' dir='ltr'><strong>tunc</strong></span> <span class='ocrx_word' id='word_1_674' title='bbox 3531 4473 3784 4545; x_wconf 69' lang='lat' dir='ltr'><strong>agebantur.</strong></span> 
     </span>
    </p>
   </div>
   <div class='ocr_carea' id='block_1_91' title="bbox 552 4541 3783 4643">
    <p class='ocr_par' dir='ltr' id='par_1_91' title="bbox 552 4541 3783 4643">
     <span class='ocr_line' id='line_1_91' title="bbox 552 4541 3783 4643; baseline -0.002 -16"><span class='ocrx_word' id='word_1_675' title='bbox 552 4571 981 4627; x_wconf 86' lang='lat' dir='ltr'><strong>Occidentalium</strong></span> <span class='ocrx_word' id='word_1_676' title='bbox 1014 4572 1204 4642; x_wconf 76' lang='lat' dir='ltr'><strong>magis,</strong></span> <span class='ocrx_word' id='word_1_677' title='bbox 1237 4588 1396 4643; x_wconf 89' lang='lat' dir='ltr'><strong>quam</strong></span> <span class='ocrx_word' id='word_1_678' title='bbox 1423 4569 1777 4628; x_wconf 88' lang='lat' dir='ltr'><strong>Orientalium</strong></span> <span class='ocrx_word' id='word_1_679' title='bbox 1809 4587 1896 4627; x_wconf 91' lang='lat' dir='ltr'><strong>res</strong></span> <span class='ocrx_word' id='word_1_680' title='bbox 1926 4572 2156 4643; x_wconf 68' lang='lat' dir='ltr'><strong>cognitae</strong></span> <span class='ocrx_word' id='word_1_681' title='bbox 2183 4541 2238 4603; x_wconf 77' lang='lat' dir='ltr'><strong>D</strong></span> <span class='ocrx_word' id='word_1_682' title='bbox 2264 4575 2628 4629; x_wconf 90' lang='lat' dir='ltr'><strong>necessarium</strong></span> <span class='ocrx_word' id='word_1_683' title='bbox 2666 4575 3165 4630; x_wconf 89' lang='lat' dir='ltr'><strong>commonitorium.</strong></span> <span class='ocrx_word' id='word_1_684' title='bbox 3201 4574 3335 4630; x_wconf 88' lang='lat' dir='ltr'><strong>Hinc</strong></span> <span class='ocrx_word' id='word_1_685' title='bbox 3384 4570 3613 4629; x_wconf 87' lang='lat' dir='ltr'><strong>substitit</strong></span> <span class='ocrx_word' id='word_1_686' title='bbox 3640 4560 3783 4621; x_wconf 69' lang='lat' dir='ltr'><strong>Medi&quot;-</strong></span> 
     </span>
    </p>
   </div>
   <div class='ocr_carea' id='block_1_92' title="bbox 553 4663 2159 4737">
    <p class='ocr_par' dir='ltr' id='par_1_92' title="bbox 553 4663 2159 4737">
     <span class='ocr_line' id='line_1_92' title="bbox 553 4663 2159 4737; baseline 0.001 -20"><span class='ocrx_word' id='word_1_687' title='bbox 553 4663 728 4728; x_wconf 88' lang='lat' dir='ltr'><strong>fuere,</strong></span> <span class='ocrx_word' id='word_1_688' title='bbox 762 4663 1150 4732; x_wconf 87' lang='lat' dir='ltr'><strong>utsynodicam</strong></span> <span class='ocrx_word' id='word_1_689' title='bbox 1180 4663 1397 4735; x_wconf 89' lang='lat' dir='ltr'><strong>quidem</strong></span> <span class='ocrx_word' id='word_1_690' title='bbox 1428 4664 1702 4735; x_wconf 82' lang='lat' dir='ltr'><strong>legerent,</strong></span> <span class='ocrx_word' id='word_1_691' title='bbox 1731 4680 1851 4734; x_wconf 73' lang='lat' dir='ltr'><strong>qua:</strong></span> <span class='ocrx_word' id='word_1_692' title='bbox 1883 4664 1948 4719; x_wconf 90' lang='lat' dir='ltr'><strong>ad</strong></span> <span class='ocrx_word' id='word_1_693' title='bbox 1984 4666 2159 4737; x_wconf 84' lang='lat' dir='ltr'><strong>illyri-</strong></span> 
     </span>
    </p>
   </div>
   <div class='ocr_carea' id='block_1_93' title="bbox 553 4755 2153 4826">
    <p class='ocr_par' dir='ltr' id='par_1_93' title="bbox 553 4755 2153 4826">
     <span class='ocr_line' id='line_1_93' title="bbox 553 4755 2153 4826; baseline 0.003 -17"><span class='ocrx_word' id='word_1_694' title='bbox 553 4768 649 4810; x_wconf 89' lang='lat' dir='ltr'><strong>cos</strong></span> <span class='ocrx_word' id='word_1_695' title='bbox 679 4755 880 4823; x_wconf 87' lang='lat' dir='ltr'><strong>scripta</strong></span> <span class='ocrx_word' id='word_1_696' title='bbox 917 4764 1029 4819; x_wconf 91' lang='lat' dir='ltr'><strong>est,</strong></span> <span class='ocrx_word' id='word_1_697' title='bbox 1068 4771 1187 4826; x_wconf 71' lang='lat' dir='ltr'><strong>qua:</strong></span> <span class='ocrx_word' id='word_1_698' title='bbox 1214 4772 1346 4812; x_wconf 84' lang='lat' dir='ltr'><strong>vero</strong></span> <span class='ocrx_word' id='word_1_699' title='bbox 1374 4755 1567 4811; x_wconf 87' lang='lat' dir='ltr'><strong>eodem</strong></span> <span class='ocrx_word' id='word_1_700' title='bbox 1599 4766 1843 4826; x_wconf 90' lang='lat' dir='ltr'><strong>tempore</strong></span> <span class='ocrx_word' id='word_1_701' title='bbox 1869 4757 1934 4812; x_wconf 90' lang='lat' dir='ltr'><strong>ad</strong></span> <span class='ocrx_word' id='word_1_702' title='bbox 1967 4756 2153 4814; x_wconf 81' lang='lat' dir='ltr'><strong>Orien—</strong></span> 
     </span>
    </p>
   </div>
   <div class='ocr_carea' id='block_1_94' title="bbox 554 4846 2160 4921">
    <p class='ocr_par' dir='ltr' id='par_1_94' title="bbox 554 4846 2160 4921">
     <span class='ocr_line' id='line_1_94' title="bbox 554 4846 2160 4921; baseline 0.001 -18"><span class='ocrx_word' id='word_1_703' title='bbox 554 4848 684 4903; x_wconf 80' lang='lat' dir='ltr'><strong>tales</strong></span> <span class='ocrx_word' id='word_1_704' title='bbox 722 4846 883 4901; x_wconf 85' lang='lat' dir='ltr'><strong>allata</strong></span> <span class='ocrx_word' id='word_1_705' title='bbox 923 4848 1203 4915; x_wconf 88' lang='lat' dir='ltr'><strong>asseritur,</strong></span> <span class='ocrx_word' id='word_1_706' title='bbox 1231 4849 1369 4903; x_wconf 85' lang='lat' dir='ltr'><strong>clam</strong></span> <span class='ocrx_word' id='word_1_707' title='bbox 1400 4848 1522 4903; x_wconf 85' lang='lat' dir='ltr'><strong>illos</strong></span> <span class='ocrx_word' id='word_1_708' title='bbox 1552 4848 1752 4903; x_wconf 81' lang='lat' dir='ltr'><strong>fuerit?</strong></span> <span class='ocrx_word' id='word_1_709' title='bbox 1778 4847 1847 4904; x_wconf 85' lang='lat' dir='ltr'><strong>At</strong></span> <span class='ocrx_word' id='word_1_710' title='bbox 1876 4849 2160 4921; x_wconf 89' lang='lat' dir='ltr'><strong>inquiunt,</strong></span> 
     </span>
    </p>
   </div>
   <div class='ocr_carea' id='block_1_95' title="bbox 555 4938 2157 5012">
    <p class='ocr_par' dir='ltr' id='par_1_95' title="bbox 555 4938 2157 5012">
     <span class='ocr_line' id='line_1_95' title="bbox 555 4938 2157 5012; baseline 0 -17"><span class='ocrx_word' id='word_1_711' title='bbox 555 4938 793 5000; x_wconf 87' lang='lat' dir='ltr'><strong>Sabinus</strong></span> <span class='ocrx_word' id='word_1_712' title='bbox 818 4940 1079 4994; x_wconf 88' lang='lat' dir='ltr'><strong>diaconus</strong></span> <span class='ocrx_word' id='word_1_713' title='bbox 1108 4955 1201 5006; x_wconf 86' lang='lat' dir='ltr'><strong>per</strong></span> <span class='ocrx_word' id='word_1_714' title='bbox 1238 4939 1509 5012; x_wconf 85' lang='lat' dir='ltr'><strong>Illyricum</strong></span> <span class='ocrx_word' id='word_1_715' title='bbox 1554 4941 1657 4995; x_wconf 88' lang='lat' dir='ltr'><strong>iter</strong></span> <span class='ocrx_word' id='word_1_716' title='bbox 1702 4940 1897 4996; x_wconf 87' lang='lat' dir='ltr'><strong>fecisse</strong></span> <span class='ocrx_word' id='word_1_717' title='bbox 1938 4940 2157 5008; x_wconf 90' lang='lat' dir='ltr'><strong>debuit,</strong></span> 
     </span>
    </p>
   </div>
   <div class='ocr_carea' id='block_1_96' title="bbox 555 5036 2159 5108">
    <p class='ocr_par' dir='ltr' id='par_1_96' title="bbox 555 5036 2159 5108">
     <span class='ocr_line' id='line_1_96' title="bbox 555 5036 2159 5108; baseline 0.001 -17"><span class='ocrx_word' id='word_1_718' title='bbox 555 5037 823 5108; x_wconf 84' lang='lat' dir='ltr'><strong>siquidem</strong></span> <span class='ocrx_word' id='word_1_719' title='bbox 862 5036 1068 5091; x_wconf 89' lang='lat' dir='ltr'><strong>litteras</strong></span> <span class='ocrx_word' id='word_1_720' title='bbox 1094 5036 1162 5092; x_wconf 82' lang='lat' dir='ltr'><strong>ab</strong></span> <span class='ocrx_word' id='word_1_721' title='bbox 1201 5051 1387 5092; x_wconf 90' lang='lat' dir='ltr'><strong>eorum</strong></span> <span class='ocrx_word' id='word_1_722' title='bbox 1421 5037 1660 5095; x_wconf 89' lang='lat' dir='ltr'><strong>locorum</strong></span> <span class='ocrx_word' id='word_1_723' title='bbox 1692 5036 1962 5107; x_wconf 90' lang='lat' dir='ltr'><strong>episcopis</strong></span> <span class='ocrx_word' id='word_1_724' title='bbox 2010 5036 2159 5092; x_wconf 76' lang='lat' dir='ltr'><strong>Basi-</strong></span> 
     </span>
    </p>
   </div>
   <div class='ocr_carea' id='block_1_97' title="bbox 554 5127 2159 5200">
    <p class='ocr_par' dir='ltr' id='par_1_97' title="bbox 554 5127 2159 5200">
     <span class='ocr_line' id='line_1_97' title="bbox 554 5127 2159 5200; baseline -0.001 -16"><span class='ocrx_word' id='word_1_725' title='bbox 554 5128 631 5184; x_wconf 89' lang='lat' dir='ltr'><strong>lio</strong></span> <span class='ocrx_word' id='word_1_726' title='bbox 665 5127 933 5193; x_wconf 87' lang='lat' dir='ltr'><strong>reddidit,</strong></span> <span class='ocrx_word' id='word_1_727' title='bbox 968 5128 1058 5199; x_wconf 89' lang='lat' dir='ltr'><strong>qui</strong></span> <span class='ocrx_word' id='word_1_728' title='bbox 1089 5137 1371 5199; x_wconf 88' lang='lat' dir='ltr'><strong>propterea</strong></span> <span class='ocrx_word' id='word_1_729' title='bbox 1404 5128 1510 5183; x_wconf 90' lang='lat' dir='ltr'><strong>illis</strong></span> <span class='ocrx_word' id='word_1_730' title='bbox 1540 5128 1789 5200; x_wconf 89' lang='lat' dir='ltr'><strong>privatim</strong></span> <span class='ocrx_word' id='word_1_731' title='bbox 1833 5143 1893 5185; x_wconf 88' lang='lat' dir='ltr'><strong>se</strong></span> <span class='ocrx_word' id='word_1_732' title='bbox 1925 5129 2159 5199; x_wconf 84' lang='lat' dir='ltr'><strong>rescrip-</strong></span> 
     </span>
    </p>
   </div>
   <div class='ocr_carea' id='block_1_98' title="bbox 557 5210 2155 5294">
    <p class='ocr_par' dir='ltr' id='par_1_98' title="bbox 557 5210 2155 5294">
     <span class='ocr_line' id='line_1_98' title="bbox 557 5210 2155 5294; baseline 0.001 -16"><span class='ocrx_word' id='word_1_733' title='bbox 557 5223 696 5279; x_wconf 89' lang='lat' dir='ltr'><strong>sisse</strong></span> <span class='ocrx_word' id='word_1_734' title='bbox 744 5224 821 5276; x_wconf 89' lang='lat' dir='ltr'><strong>ait</strong></span> <span class='ocrx_word' id='word_1_735' title='bbox 847 5220 968 5294; x_wconf 85' lang='lat' dir='ltr'><strong>(o):</strong></span> <span class='ocrx_word' id='word_1_736' title='bbox 1020 5237 1179 5292; x_wconf 88' lang='lat' dir='ltr'><strong>quam</strong></span> <span class='ocrx_word' id='word_1_737' title='bbox 1212 5236 1342 5276; x_wconf 83' lang='lat' dir='ltr'><strong>vero</strong></span> <span class='ocrx_word' id='word_1_738' title='bbox 1368 5221 1526 5276; x_wconf 88' lang='lat' dir='ltr'><strong>aliam</strong></span> <span class='ocrx_word' id='word_1_739' title='bbox 1558 5222 1629 5277; x_wconf 92' lang='lat' dir='ltr'><strong>ob</strong></span> <span class='ocrx_word' id='word_1_740' title='bbox 1677 5236 1897 5277; x_wconf 78' lang='lat' dir='ltr'><strong>causam</strong></span> <span class='ocrx_word' id='word_1_741' title='bbox 1950 5222 2017 5277; x_wconf 90' lang='lat' dir='ltr'><strong>ad</strong></span> <span class='ocrx_word' id='word_1_742' title='bbox 2062 5210 2155 5279; x_wconf 68' lang='lat' dir='ltr'><strong>cas</strong></span> 
     </span>
    </p>
   </div>
   <div class='ocr_carea' id='block_1_99' title="bbox 553 5315 2152 5386">
    <p class='ocr_par' dir='ltr' id='par_1_99' title="bbox 553 5315 2152 5386">
     <span class='ocr_line' id='line_1_99' title="bbox 553 5315 2152 5386; baseline 0.002 -18"><span class='ocrx_word' id='word_1_743' title='bbox 553 5315 803 5386; x_wconf 78' lang='lat' dir='ltr'><strong>regiones</strong></span> <span class='ocrx_word' id='word_1_744' title='bbox 831 5327 1144 5386; x_wconf 78' lang='lat' dir='ltr'><strong>penetrasse</strong></span> <span class='ocrx_word' id='word_1_745' title='bbox 1176 5315 1369 5386; x_wconf 87' lang='lat' dir='ltr'><strong>potuit,</strong></span> <span class='ocrx_word' id='word_1_746' title='bbox 1402 5324 1644 5384; x_wconf 67' lang='lat' dir='ltr'><strong>quaman</strong></span> <span class='ocrx_word' id='word_1_747' title='bbox 1665 5315 1979 5385; x_wconf 86' lang='lat' dir='ltr'><strong>synodicam</strong></span> <span class='ocrx_word' id='word_1_748' title='bbox 2010 5316 2152 5371; x_wconf 85' lang='lat' dir='ltr'><strong>illam</strong></span> 
     </span>
    </p>
   </div>
   <div class='ocr_carea' id='block_1_100' title="bbox 556 5404 2150 5479">
    <p class='ocr_par' dir='ltr' id='par_1_100' title="bbox 556 5404 2150 5479">
     <span class='ocr_line' id='line_1_100' title="bbox 556 5404 2150 5479; baseline 0.003 -20"><span class='ocrx_word' id='word_1_749' title='bbox 556 5404 785 5463; x_wconf 81' lang='lat' dir='ltr'><strong>Romani</strong></span> <span class='ocrx_word' id='word_1_750' title='bbox 813 5408 1027 5465; x_wconf 91' lang='lat' dir='ltr'><strong>concilii</strong></span> <span class='ocrx_word' id='word_1_751' title='bbox 1057 5406 1342 5479; x_wconf 90' lang='lat' dir='ltr'><strong>epistolam</strong></span> <span class='ocrx_word' id='word_1_752' title='bbox 1367 5407 1541 5478; x_wconf 90' lang='lat' dir='ltr'><strong>primo</strong></span> <span class='ocrx_word' id='word_1_753' title='bbox 1566 5406 1632 5463; x_wconf 88' lang='lat' dir='ltr'><strong>ad</strong></span> <span class='ocrx_word' id='word_1_754' title='bbox 1663 5407 1784 5462; x_wconf 87' lang='lat' dir='ltr'><strong>illos</strong></span> <span class='ocrx_word' id='word_1_755' title='bbox 1818 5407 2004 5476; x_wconf 83' lang='lat' dir='ltr'><strong>ferret,</strong></span> <span class='ocrx_word' id='word_1_756' title='bbox 2039 5416 2150 5463; x_wconf 91' lang='lat' dir='ltr'><strong>tum</strong></span> 
     </span>
    </p>
   </div>
   <div class='ocr_carea' id='block_1_101' title="bbox 632 5565 2159 5639">
    <p class='ocr_par' dir='ltr' id='par_1_101' title="bbox 632 5565 2159 5639">
     <span class='ocr_line' id='line_1_101' title="bbox 632 5565 2159 5639; baseline 0.001 -21"><span class='ocrx_word' id='word_1_757' title='bbox 632 5568 711 5639; x_wconf 84' lang='grc' dir='ltr'><strong>(α)</strong></span> <span class='ocrx_word' id='word_1_758' title='bbox 754 5567 867 5639; x_wconf 64' lang='lat' dir='ltr'><strong>Nos</strong></span> <span class='ocrx_word' id='word_1_759' title='bbox 904 5571 1043 5625; x_wconf 85' lang='lat' dir='ltr'><strong>nacti</strong></span> <span class='ocrx_word' id='word_1_760' title='bbox 1071 5570 1348 5624; x_wconf 86' lang='lat' dir='ltr'><strong>diaconum</strong></span> <span class='ocrx_word' id='word_1_761' title='bbox 1373 5566 1627 5639; x_wconf 71' lang='lat' dir='ltr'><strong>Sabinum</strong></span> <span class='ocrx_word' id='word_1_762' title='bbox 1650 5566 1844 5621; x_wconf 76' lang='lat' dir='ltr'><strong>abillis</strong></span> <span class='ocrx_word' id='word_1_763' title='bbox 1872 5565 2159 5639; x_wconf 60' lang='lat' dir='ltr'><strong>(Occidens</strong></span> 
     </span>
    </p>
   </div>
   <div class='ocr_carea' id='block_1_102' title="bbox 561 5634 2149 5712">
    <p class='ocr_par' dir='ltr' id='par_1_102' title="bbox 561 5634 2149 5712">
     <span class='ocr_line' id='line_1_102' title="bbox 561 5634 2149 5712; baseline 0.001 -23"><span class='ocrx_word' id='word_1_764' title='bbox 561 5634 779 5712; x_wconf 61' lang='lat' dir='ltr'><strong>talibus)</strong></span> <span class='ocrx_word' id='word_1_765' title='bbox 816 5642 1025 5696; x_wconf 85' lang='lat' dir='ltr'><strong>missum</strong></span> <span class='ocrx_word' id='word_1_766' title='bbox 1057 5641 1355 5712; x_wconf 79' lang='lat' dir='ltr'><strong>scripsimus</strong></span> <span class='ocrx_word' id='word_1_767' title='bbox 1380 5638 1450 5694; x_wconf 86' lang='lat' dir='ltr'><strong>ad</strong></span> <span class='ocrx_word' id='word_1_768' title='bbox 1495 5637 1771 5712; x_wconf 80' lang='lat' dir='ltr'><strong>Illyricos,</strong></span> <span class='ocrx_word' id='word_1_769' title='bbox 1791 5649 1835 5692; x_wconf 86' lang='lat' dir='ltr'><strong>et</strong></span> <span class='ocrx_word' id='word_1_770' title='bbox 1863 5634 1933 5712; x_wconf 70' lang='lat' dir='ltr'><strong>ad</strong></span> <span class='ocrx_word' id='word_1_771' title='bbox 1976 5634 2149 5712; x_wconf 64' lang='lat' dir='ltr'><strong>italiae</strong></span> 
     </span>
    </p>
   </div>
   <div class='ocr_carea' id='block_1_103' title="bbox 558 5709 2150 5790">
    <p class='ocr_par' dir='ltr' id='par_1_103' title="bbox 558 5709 2150 5790">
     <span class='ocr_line' id='line_1_103' title="bbox 558 5709 2150 5790; baseline 0.002 -30"><span class='ocrx_word' id='word_1_772' title='bbox 558 5717 604 5760; x_wconf 82' lang='lat' dir='ltr'><strong>et</strong></span> <span class='ocrx_word' id='word_1_773' title='bbox 626 5710 810 5790; x_wconf 71' lang='lat' dir='ltr'><strong>Gallice</strong></span> <span class='ocrx_word' id='word_1_774' title='bbox 831 5714 1112 5790; x_wconf 70' lang='lat' dir='ltr'><strong>episcopos,</strong></span> <span class='ocrx_word' id='word_1_775' title='bbox 1150 5709 1475 5790; x_wconf 56' lang='lat' dir='ltr'><strong>etguosddnt</strong></span> <span class='ocrx_word' id='word_1_776' title='bbox 1498 5711 1774 5790; x_wconf 40' lang='grc' dir='ltr'><strong>ακρῳ-(λαὶ</strong></span> <span class='ocrx_word' id='word_1_777' title='bbox 1814 5709 2051 5781; x_wconf 79' lang='lat' dir='ltr'><strong>privatim</strong></span> <span class='ocrx_word' id='word_1_778' title='bbox 2079 5709 2150 5763; x_wconf 83' lang='lat' dir='ltr'><strong>ad</strong></span> 
     </span>
    </p>
   </div>
   <div class='ocr_carea' id='block_1_104' title="bbox 561 5781 1807 5858">
    <p class='ocr_par' dir='ltr' id='par_1_104' title="bbox 561 5781 1807 5858">
     <span class='ocr_line' id='line_1_104' title="bbox 561 5781 1807 5858; baseline 0.003 -26"><span class='ocrx_word' id='word_1_779' title='bbox 561 5793 654 5833; x_wconf 84' lang='lat' dir='ltr'><strong>nos</strong></span> <span class='ocrx_word' id='word_1_780' title='bbox 680 5781 876 5836; x_wconf 84' lang='lat' dir='ltr'><strong>litteras</strong></span> <span class='ocrx_word' id='word_1_781' title='bbox 906 5781 1171 5841; x_wconf 82' lang='lat' dir='ltr'><strong>dederant.</strong></span> <span class='ocrx_word' id='word_1_782' title='bbox 1198 5781 1369 5858; x_wconf 42' lang='lat' dir='ltr'><strong>E&#39;piSt.</strong></span> <span class='ocrx_word' id='word_1_783' title='bbox 1403 5783 1499 5852; x_wconf 78' lang='lat'><strong>89,</strong></span> <span class='ocrx_word' id='word_1_784' title='bbox 1531 5784 1599 5840; x_wconf 86' lang='lat' dir='ltr'><strong>ad</strong></span> <span class='ocrx_word' id='word_1_785' title='bbox 1624 5781 1807 5839; x_wconf 84' lang='lat' dir='ltr'><strong>Melet.</strong></span> 
     </span>
    </p>
   </div>
   <div class='ocr_carea' id='block_1_105' title="bbox 2260 4645 3785 4739">
    <p class='ocr_par' dir='ltr' id='par_1_105' title="bbox 2260 4645 3785 4739">
     <span class='ocr_line' id='line_1_105' title="bbox 2260 4645 3785 4739; baseline -0.001 -15"><span class='ocrx_word' id='word_1_786' title='bbox 2260 4667 2499 4724; x_wconf 86' lang='lat' dir='ltr'><strong>lauensis</strong></span> <span class='ocrx_word' id='word_1_787' title='bbox 2543 4669 2630 4723; x_wconf 91' lang='lat' dir='ltr'><strong>hic</strong></span> <span class='ocrx_word' id='word_1_788' title='bbox 2673 4667 2935 4723; x_wconf 83' lang='lat' dir='ltr'><strong>diaconus</strong></span> <span class='ocrx_word' id='word_1_789' title='bbox 2974 4668 3167 4739; x_wconf 76' lang='lat' dir='ltr'><strong>aliquo</strong></span> <span class='ocrx_word' id='word_1_790' title='bbox 3188 4669 3447 4735; x_wconf 89' lang='lat' dir='ltr'><strong>temporis</strong></span> <span class='ocrx_word' id='word_1_791' title='bbox 3491 4662 3654 4735; x_wconf 87' lang='lat' dir='ltr'><strong>spatio</strong></span> <span class='ocrx_word' id='word_1_792' title='bbox 3686 4645 3785 4723; x_wconf 68' lang='grc' dir='ltr'><strong>τινυά</strong></span> 
     </span>
    </p>
   </div>
   <div class='ocr_carea' id='block_1_106' title="bbox 2263 4742 3784 4826">
    <p class='ocr_par' dir='ltr' id='par_1_106' title="bbox 2263 4742 3784 4826">
     <span class='ocr_line' id='line_1_106' title="bbox 2263 4742 3784 4826; baseline -0.009 -10"><span class='ocrx_word' id='word_1_793' title='bbox 2263 4760 2640 4826; x_wconf 85' lang='lat' dir='ltr'><strong>Athanasium,</strong></span> <span class='ocrx_word' id='word_1_794' title='bbox 2672 4771 2782 4816; x_wconf 88' lang='lat' dir='ltr'><strong>tum</strong></span> <span class='ocrx_word' id='word_1_795' title='bbox 2812 4759 3007 4815; x_wconf 88' lang='lat' dir='ltr'><strong>deinde</strong></span> <span class='ocrx_word' id='word_1_796' title='bbox 3029 4758 3334 4817; x_wconf 64' lang='lat' dir='ltr'><strong>Caesaream</strong></span> <span class='ocrx_word' id='word_1_797' title='bbox 3363 4756 3579 4815; x_wconf 87' lang='lat' dir='ltr'><strong>accessit</strong></span> <span class='ocrx_word' id='word_1_798' title='bbox 3595 4750 3653 4808; x_wconf 88' lang='lat' dir='ltr'><strong>ad</strong></span> <span class='ocrx_word' id='word_1_799' title='bbox 3677 4742 3784 4803; x_wconf 61' lang='lat' dir='ltr'><strong>Basi&#39;</strong></span> 
     </span>
    </p>
   </div>
   <div class='ocr_carea' id='block_1_107' title="bbox 2263 4843 3783 4926">
    <p class='ocr_par' dir='ltr' id='par_1_107' title="bbox 2263 4843 3783 4926">
     <span class='ocr_line' id='line_1_107' title="bbox 2263 4843 3783 4926; baseline -0.012 -18"><span class='ocrx_word' id='word_1_800' title='bbox 2263 4853 2417 4915; x_wconf 85' lang='lat' dir='ltr'><strong>lium.</strong></span> <span class='ocrx_word' id='word_1_801' title='bbox 2450 4856 2536 4925; x_wconf 90' lang='lat' dir='ltr'><strong>qui</strong></span> <span class='ocrx_word' id='word_1_802' title='bbox 2565 4863 2849 4924; x_wconf 83' lang='lat' dir='ltr'><strong>propterea</strong></span> <span class='ocrx_word' id='word_1_803' title='bbox 2872 4855 3120 4909; x_wconf 87' lang='lat' dir='ltr'><strong>solatium</strong></span> <span class='ocrx_word' id='word_1_804' title='bbox 3148 4853 3365 4926; x_wconf 87' lang='lat' dir='ltr'><strong>aliquod</strong></span> <span class='ocrx_word' id='word_1_805' title='bbox 3414 4852 3612 4923; x_wconf 85' lang='lat' dir='ltr'><strong>cepisse</strong></span> <span class='ocrx_word' id='word_1_806' title='bbox 3647 4843 3706 4897; x_wconf 89' lang='lat' dir='ltr'><strong>ait</strong></span> <span class='ocrx_word' id='word_1_807' title='bbox 3734 4847 3783 4891; x_wconf 80' lang='lat' dir='ltr'><strong>et</strong></span> 
     </span>
    </p>
   </div>
   <div class='ocr_carea' id='block_1_108' title="bbox 2266 4927 3779 5018">
    <p class='ocr_par' dir='ltr' id='par_1_108' title="bbox 2266 4927 3779 5018">
     <span class='ocr_line' id='line_1_108' title="bbox 2266 4927 3779 5018; baseline -0.007 -16"><span class='ocrx_word' id='word_1_808' title='bbox 2266 4946 2675 5002; x_wconf 81' lang='lat' dir='ltr'><strong>Occidentalium</strong></span> <span class='ocrx_word' id='word_1_809' title='bbox 2723 4947 2938 5016; x_wconf 90' lang='lat' dir='ltr'><strong>litteris,</strong></span> <span class='ocrx_word' id='word_1_810' title='bbox 2974 4947 3122 5003; x_wconf 80' lang='lat' dir='ltr'><strong>velut</strong></span> <span class='ocrx_word' id='word_1_811' title='bbox 3148 4964 3268 5018; x_wconf 66' lang='lat' dir='ltr'><strong>qua:</strong></span> <span class='ocrx_word' id='word_1_812' title='bbox 3295 4955 3453 5003; x_wconf 60' lang='lat' dir='ltr'><strong>rectae</strong></span> <span class='ocrx_word' id='word_1_813' title='bbox 3490 4953 3657 4998; x_wconf 89' lang='lat' dir='ltr'><strong>eorum</strong></span> <span class='ocrx_word' id='word_1_814' title='bbox 3676 4927 3779 4989; x_wconf 60' lang='lat' dir='ltr'><strong>ﬁdei:</strong></span> 
     </span>
    </p>
   </div>
   <div class='ocr_carea' id='block_1_109' title="bbox 2265 5030 3779 5113">
    <p class='ocr_par' dir='ltr' id='par_1_109' title="bbox 2265 5030 3779 5113">
     <span class='ocr_line' id='line_1_109' title="bbox 2265 5030 3779 5113; baseline -0.01 -18"><span class='ocrx_word' id='word_1_815' title='bbox 2265 5047 2321 5095; x_wconf 88' lang='lat' dir='ltr'><strong>et</strong></span> <span class='ocrx_word' id='word_1_816' title='bbox 2346 5039 2560 5094; x_wconf 77' lang='lat' dir='ltr'><strong>invictae</strong></span> <span class='ocrx_word' id='word_1_817' title='bbox 2602 5041 2651 5094; x_wconf 92' lang='lat' dir='ltr'><strong>in</strong></span> <span class='ocrx_word' id='word_1_818' title='bbox 2696 5056 2759 5096; x_wconf 88' lang='lat' dir='ltr'><strong>ea</strong></span> <span class='ocrx_word' id='word_1_819' title='bbox 2790 5041 3071 5096; x_wconf 90' lang='lat' dir='ltr'><strong>retinenda</strong></span> <span class='ocrx_word' id='word_1_820' title='bbox 3115 5040 3427 5113; x_wconf 69' lang='lat' dir='ltr'><strong>concordia:</strong></span> <span class='ocrx_word' id='word_1_821' title='bbox 3472 5030 3779 5113; x_wconf 75' lang='lat' dir='ltr'><strong>argumentqu</strong></span> 
     </span>
    </p>
   </div>
   <div class='ocr_carea' id='block_1_110' title="bbox 2264 5107 3778 5201">
    <p class='ocr_par' dir='ltr' id='par_1_110' title="bbox 2264 5107 3778 5201">
     <span class='ocr_line' id='line_1_110' title="bbox 2264 5107 3778 5201; baseline -0.006 -17"><span class='ocrx_word' id='word_1_822' title='bbox 2264 5138 2468 5198; x_wconf 88' lang='lat' dir='ltr'><strong>essent,</strong></span> <span class='ocrx_word' id='word_1_823' title='bbox 2493 5129 2747 5201; x_wconf 86' lang='lat' dir='ltr'><strong>additque</strong></span> <span class='ocrx_word' id='word_1_824' title='bbox 2774 5132 3027 5187; x_wconf 89' lang='lat' dir='ltr'><strong>solatium</strong></span> <span class='ocrx_word' id='word_1_825' title='bbox 3047 5107 3178 5187; x_wconf 83' lang='lat' dir='ltr'><strong>illud</strong></span> <span class='ocrx_word' id='word_1_826' title='bbox 3205 5142 3419 5187; x_wconf 90' lang='lat' dir='ltr'><strong>auctum</strong></span> <span class='ocrx_word' id='word_1_827' title='bbox 3447 5124 3628 5185; x_wconf 89' lang='lat' dir='ltr'><strong>deinde</strong></span> <span class='ocrx_word' id='word_1_828' title='bbox 3644 5107 3778 5176; x_wconf 65' lang='lat' dir='ltr'><strong>Sabini</strong></span> 
     </span>
    </p>
   </div>
   <div class='ocr_carea' id='block_1_111' title="bbox 2262 5222 3215 5298">
    <p class='ocr_par' dir='ltr' id='par_1_111' title="bbox 2262 5222 3215 5298">
     <span class='ocr_line' id='line_1_111' title="bbox 2262 5222 3215 5298; baseline 0.008 -22"><span class='ocrx_word' id='word_1_829' title='bbox 2262 5222 2474 5279; x_wconf 88' lang='lat' dir='ltr'><strong>diaconi</strong></span> <span class='ocrx_word' id='word_1_830' title='bbox 2500 5224 2731 5281; x_wconf 89' lang='lat' dir='ltr'><strong>adventu</strong></span> <span class='ocrx_word' id='word_1_831' title='bbox 2753 5223 2855 5298; x_wconf 73' lang='grc' dir='ltr'><strong>(ό).</strong></span> <span class='ocrx_word' id='word_1_832' title='bbox 3208 5225 3215 5232; x_wconf 79' lang='grc'><em>’</em></span> 
     </span>
    </p>
   </div>
   <div class='ocr_carea' id='block_1_112' title="bbox 2331 5297 3773 5392">
    <p class='ocr_par' dir='ltr' id='par_1_112' title="bbox 2331 5297 3773 5392">
     <span class='ocr_line' id='line_1_112' title="bbox 2331 5297 3773 5392; baseline -0.008 -19"><span class='ocrx_word' id='word_1_833' title='bbox 2331 5316 2396 5373; x_wconf 87' lang='lat' dir='ltr'><strong>ll.</strong></span> <span class='ocrx_word' id='word_1_834' title='bbox 2436 5318 2516 5374; x_wconf 84' lang='lat' dir='ltr'><strong>Ad</strong></span> <span class='ocrx_word' id='word_1_835' title='bbox 2546 5320 2641 5375; x_wconf 90' lang='lat' dir='ltr'><strong>has</strong></span> <span class='ocrx_word' id='word_1_836' title='bbox 2680 5334 2860 5376; x_wconf 85' lang='lat' dir='ltr'><strong>autem</strong></span> <span class='ocrx_word' id='word_1_837' title='bbox 2894 5319 3182 5392; x_wconf 81' lang='lat' dir='ltr'><strong>synodicas</strong></span> <span class='ocrx_word' id='word_1_838' title='bbox 3216 5318 3423 5374; x_wconf 88' lang='lat' dir='ltr'><strong>litteras</strong></span> <span class='ocrx_word' id='word_1_839' title='bbox 3454 5310 3657 5387; x_wconf 84' lang='lat' dir='ltr'><strong>lllyricis</strong></span> <span class='ocrx_word' id='word_1_840' title='bbox 3695 5297 3773 5370; x_wconf 72' lang='lat' dir='ltr'><strong>pri&#39;</strong></span> 
     </span>
    </p>
   </div>
   <div class='ocr_carea' id='block_1_113' title="bbox 2261 5403 3772 5482">
    <p class='ocr_par' dir='ltr' id='par_1_113' title="bbox 2261 5403 3772 5482">
     <span class='ocr_line' id='line_1_113' title="bbox 2261 5403 3772 5482; baseline -0.02 -9"><span class='ocrx_word' id='word_1_841' title='bbox 2261 5426 2429 5479; x_wconf 85' lang='lat' dir='ltr'><strong>mum,</strong></span> <span class='ocrx_word' id='word_1_842' title='bbox 2458 5419 2567 5468; x_wconf 89' lang='lat' dir='ltr'><strong>tum</strong></span> <span class='ocrx_word' id='word_1_843' title='bbox 2593 5412 2790 5470; x_wconf 90' lang='lat' dir='ltr'><strong>deinde</strong></span> <span class='ocrx_word' id='word_1_844' title='bbox 2832 5412 3200 5470; x_wconf 87' lang='lat' dir='ltr'><strong>Orientalibus</strong></span> <span class='ocrx_word' id='word_1_845' title='bbox 3226 5412 3525 5482; x_wconf 84' lang='lat' dir='ltr'><strong>inscriptas,</strong></span> <span class='ocrx_word' id='word_1_846' title='bbox 3562 5413 3610 5460; x_wconf 92' lang='lat' dir='ltr'><strong>et</strong></span> <span class='ocrx_word' id='word_1_847' title='bbox 3644 5403 3772 5453; x_wconf 78' lang='lat' dir='ltr'><strong>trans-</strong></span> 
     </span>
    </p>
   </div>
   <div class='ocr_carea' id='block_1_114' title="bbox 2335 5557 3321 5653">
    <p class='ocr_par' dir='ltr' id='par_1_114' title="bbox 2335 5557 3321 5653">
     <span class='ocr_line' id='line_1_114' title="bbox 2335 5557 3321 5653; baseline 0.002 -30"><span class='ocrx_word' id='word_1_848' title='bbox 2335 5568 2413 5653; x_wconf 59' lang='lat' dir='ltr'><strong>ib)</strong></span> <span class='ocrx_word' id='word_1_849' title='bbox 2444 5557 2560 5653; x_wconf 47' lang='lat' dir='ltr'><strong>fit.</strong></span> <span class='ocrx_word' id='word_1_850' title='bbox 2594 5569 2785 5653; x_wconf 70' lang='lat' dir='ltr'><strong>Basil.,</strong></span> <span class='ocrx_word' id='word_1_851' title='bbox 2808 5586 2933 5653; x_wconf 66' lang='lat' dir='ltr'><strong>cap.</strong></span> <span class='ocrx_word' id='word_1_852' title='bbox 2960 5570 3054 5641; x_wconf 74' lang='lat'><strong>2‘2,</strong></span> <span class='ocrx_word' id='word_1_853' title='bbox 3085 5585 3235 5628; x_wconf 90' lang='lat' dir='ltr'><strong>num.</strong></span> <span class='ocrx_word' id='word_1_854' title='bbox 3267 5570 3321 5626; x_wconf 79' lang='lat'><strong>5.</strong></span> 
     </span>
    </p>
   </div>
   <div class='ocr_carea' id='block_1_115' title="bbox 2328 5640 2897 5786">
    <p class='ocr_par' dir='ltr' id='par_1_115' title="bbox 2328 5640 2897 5786">
     <span class='ocr_line' id='line_1_115' title="bbox 2328 5640 2897 5786; baseline 0.009 -93"><span class='ocrx_word' id='word_1_855' title='bbox 2328 5640 2403 5786; x_wconf 44' lang='lat' dir='ltr'><strong>zz?</strong></span> <span class='ocrx_word' id='word_1_856' title='bbox 2444 5640 2565 5728; x_wconf 49' lang='lat' dir='ltr'><strong>V‘itl.</strong></span> <span class='ocrx_word' id='word_1_857' title='bbox 2594 5640 2762 5711; x_wconf 67' lang='lat' dir='ltr'><strong>Epist.</strong></span> <span class='ocrx_word' id='word_1_858' title='bbox 2806 5640 2897 5700; x_wconf 56' lang='lat'><strong>89;</strong></span> 
     </span>
     <span class='ocr_line' id='line_1_116' title="bbox 2388 5711 2738 5786; baseline 0.009 -20"><span class='ocrx_word' id='word_1_859' title='bbox 2388 5711 2410 5785; x_wconf 92' lang='lat'><strong>)</strong></span> <span class='ocrx_word' id='word_1_860' title='bbox 2456 5714 2624 5786; x_wconf 70' lang='lat' dir='ltr'><strong>Eptst.</strong></span> <span class='ocrx_word' id='word_1_861' title='bbox 2649 5712 2738 5771; x_wconf 87' lang='lat'><strong>90.</strong></span> 
     </span>
    </p>
   </div>
  </div>
