3998 6346
247 283 323 339 153
1575 284 1813 342 PROLEt

1917 288 2107 346 dENA.
3398 295 3506 354 154

236 403 426 468 missas,
460 413 669 473 aperte,
705 403 759 458 ni
807 403 983 470 fallor,
1020 403 1358 461 Sozomentts
1388 405 1630 476 reSpicit,
1683 420 1804 461 cum
1833 417 1886 474 Α

236 497 308 559 ait,
335 499 766 553 controversiain
799 498 972 564 illam,
1008 514 1127 568 qum
1147 500 1257 568 jam
1302 499 1510 568 pridem
1565 499 1806 569 agitabaL

237 599 318 654 tur,
349 588 540 644 Utrum
578 591 816 660 Spiritus
857 600 1078 646 sanctus
1111 591 1252 645 Patri
1286 599 1341 646 et
1385 592 1523 646 Filio
1575 593 1810 648 consub-

233 681 484 734 stantialis
532 681 842 736 censendus
876 693 1053 749 esset,
1085 683 1288 752 judicio
1335 683 1592 737 Romana.-
1625 683 1811 738 Eccle-

231 771 704 836 siicterminatam,
747 789 810 828 ac
841 774 1118 828 deﬁnitam
1167 774 1462 843 quiet-ise
1511 777 1692 829 statim
1747 791 1810 831 ac

231 865 479 923 Romanus
501 872 770 942 episcopus
797 870 859 924 de
888 886 948 923 ea
969 871 1156 924 certior
1178 872 1346 941 [actus
1379 871 1586 940 scripsit
1615 871 1681 923 ad
1708 869 1810 924 Ec-

232 963 387 1016 clesias
441 962 670 1018 Orientis
714 964 933 1029 litteras,
971 974 1023 1016 ut
1047 981 1150 1017 una
1193 981 1311 1017 cum
1364 965 1736 1020 sacerdotibus.
1763 973 1811 1019 et

230 1056 462 1123 episcoiiis
511 1055 927 1111 Occidentalibus
955 1054 1287 1122 Trinitatem,
1315 1066 1364 1111 et
1391 1055 1808 1110 consubstantia-

111 1157 116 1162 ’
194 1151 309 1205 "lem
332 1167 463 1214 esse,
511 1161 558 1205 et
614 1150 779 1223 gloria
810 1153 1061 1222 (aqualem
1119 1152 1472 1205 existimarent
1496 1150 1597 1222 (a).
1655 1151 1810 1217 Quod

234 1241 449 1312 proiecto
480 1244 858 1312 gravissimum
888 1253 973 1297 est
1001 1245 1264 1313 supremi,
1291 1259 1353 1297 ac
1399 1243 1811 1299 irreformabilis

235 1337 577 1392 Romanorum
628 1335 941 1404 pontiﬁcum
999 1336 1050 1390 in
1095 1336 1276 1389 causis
1311 1335 1434 1390 lidei
1487 1317 1810 1390 deﬁniendis

236 1428 392 1498 judicii
422 1435 801 1498 argumentum
838 1419 937 1497 (ὁ).
957 1426 1095 1482 Sunt
1122 1429 1211 1494 qtti
1244 1426 1346 1483 hoc
1376 1427 1572 1482 factum
1593 1427 1811 1482 Liberio

237 1522 512 1578 attribuunt
532 1566 544 1586 ,
571 1537 636 1575 eo
665 1522 806 1592 quod
827 1523 1076 1592 sequenti
1111 1522 1309 1577 deinde
1337 1524 1514 1592 capite
1546 1523 1662 1592 ejus
1691 1523 1808 1576 obi-

239 1629 342 1678 tum,
373 1634 434 1670 ac
492 1617 702 1671 Damasi
746 1616 1068 1671 electionem
1127 1616 1463 1672 Sozomcnus
1507 1627 1722 1671 narret:
1757 1625 1813 1672 at

239 1714 276 1769 in
297 1713 594 1769 Sozometto
623 1712 820 1766 frustra
850 1726 998 1779 same
1025 1728 1230 1777 rerum,
1259 1728 1322 1768 ac
1367 1713 1626 1783 temporis
1666 1711 1811 1766 ordi-

1987 409 2076 470 Ill.
2117 411 2222 468 Sed
2255 419 2313 468 ut
2338 412 2389 468 in
2431 413 2570 468 viam
2600 423 2866 482 revertar,
2903 415 3133 472 Basilius
3155 415 3394 488 acceptis
3422 415 3510 473 lit-

1911 505 2078 568 teris,
2126 506 2534 562 rescribendum
2593 510 2803 564 censuit
2861 509 3060 576 triplici
3113 509 3343 580 epistola
3391 508 3499 580 (ά),

1911 614 2140 668 quarum
2170 600 2340 670 prima
2387 600 2743 655 Sanctissimis
2784 600 3033 673 fratribus
3087 599 3506 656 Occidentalibus

1911 693 2180 764 episcopis,
2238 694 2410 748 altera
2445 691 2718 748 Valeriano
2771 693 3123 762 Aquileiensi,
3174 693 3330 748 tertia
3379 706 3511 748 vero

1909 785 1977 838 ad
2009 785 2171 841 Italos
2195 796 2239 840 et
2269 785 2448 841 Gallos
2479 786 2737 857 inscripta
2759 795 2861 841 est.
2894 787 2965 842 At
2990 802 3113 858 quae
3147 785 3499 842 Occidentali-

1910 878 2003 932 bus
2052 879 2390 946 inscribitur,
2433 894 2496 934 ac
2540 879 2748 949 privato
2780 879 2962 934 Basilii
3029 879 3246 935 nomine
3285 886 3508 936 exarata

1912 980 2018 1036 est,
2051 971 2115 1026 ad
2149 970 2310 1027 ltalos
2335 983 2390 1027 et
2415 971 2618 1035 Gallos,
2647 986 2770 1043 quae
2796 987 2926 1028 vero
2946 971 3015 1026 ad
3053 971 3222 1027 Italos
3250 983 3298 1026 et
3329 970 3507 1028 Gallos

1912 1065 2124 1120 titulttm
2173 1066 2358 1132 habet,
2414 1069 2800 1137 communique
2862 1066 3090 1121 aliorum
3144 1065 3504 1122 Orientalium

1913 1159 2134 1214 nomine
2161 1159 2361 1229 scripta
2383 1171 2464 1216 cst
2487 1159 2555 1214 ad
2585 1158 2974 1226 Occidentales,
2999 1171 3052 1216 et
3074 1159 3359 1214 Damasum
3387 1173 3513 1228 prr-

1911 1252 2068 1318 tinet,
2096 1268 2390 1324 errareque
2421 1253 2642 1319 factum,
2676 1263 2734 1308 ut
2755 1269 2914 1310 secus
2943 1267 3005 1308 ac
3027 1254 3311 1322 oportebat
3337 1253 3504 1309 incri-

1912 1345 2166 1402 bercntnr
2188 1345 2281 1419 (e).
2307 1345 2510 1402 Omnes
2533 1346 2757 1415 Sabino,
2789 1346 2944 1417 cujus
2973 1347 3136 1402 etiam
3162 1348 3214 1402 in
3258 1347 3322 1402 iis
3355 1361 3509 1403 men-

1913 1442 1988 1495 tio
2019 1450 2123 1508 est,
2151 1451 2278 1496 tunc
2310 1442 2362 1496 in
2393 1439 2745 1497 Occidentem
2789 1457 3078 1497 reversuro
3103 1441 3312 1498 traditae
3356 1450 3504 1508 sunt,

1913 1543 1972 1586 ut
2021 1532 2400 1588 redderentur.
2441 1533 2683 1604 Utraque
2710 1533 2798 1589 illa
2843 1534 3101 1589 Romamn
3151 1532 3267 1604 ejus
3316 1532 3512 1605 synodi

1913 1624 2380 1696 deﬁnitiones-que,
2414 1628 2780 1697 scriptamque
2810 1626 2877 1680 ab
2903 1641 2965 1682 ea
2989 1624 3276 1696 epistolam
3301 1625 3505 1692 laudat,

1914 1726 1969 1772 et
2015 1717 2446 1787 complectitur:
2494 1727 2551 1772 at
2590 1718 2842 1785 Basilius,
2887 1733 3008 1772 cum
3052 1717 3200 1772 Italis
3251 1726 3306 1772 et
3341 1715 3512 1772 Gallis

239 1824 336 1864 nem
360 1822 592 1879 quieras,
643 1822 800 1878 quem
830 1807 882 1860 in
925 1805 1027 1861 hoc
1067 1808 1334 1876 prmcipue
1364 1807 1483 1860 loco
1529 1806 1803 1861 inversum
1837 1807 1883 1866 Β
1912 1809 2120 1872 scribit,
2157 1825 2342 1866 eorum
2377 1826 2567 1880 preces
2614 1826 2882 1882 opemque
2929 1809 3234 1876 desiderat,
3270 1815 3328 1862 ttt
3363 1806 3507 1878 apud

237 1903 376 1957 fuisse
402 1901 755 1972 apertissime
785 1908 999 1954 rmtstat
1035 1919 1048 1955 :
1082 1901 1313 1971 quaestio
1359 1901 1502 1956 enim
1549 1901 1617 1956 de
1670 1900 1805 1954 divi-

239 1999 377 2052 nitate
403 1997 572 2050 sancti
612 1985 1002 2065 Spiritus'ante
1031 1995 1314 2050 duodecim
1368 1995 1586 2050 circiter
1632 2009 1805 2049 annos

237 2089 399 2168 agitari
426 2099 708 2158 coeperat:
741 2098 794 2142 at
817 2104 937 2143 cum
969 2088 1343 2144 Macedoniani
1376 2088 1443 2141 ab
1472 2087 1709 2154 Arionis,
1752 2093 1809 2142 et

239 2184 432 2240 Valente
460 2183 639 2237 vexati
664 2181 962 2236 Catholicis
993 2184 1044 2236 in
1089 2184 1324 2250 speciem
1355 2197 1475 2236 sese
1522 2180 1803 2250 adjunxis-

235 2275 621 2342 sent,,h:eresis
669 2275 762 2330 illa
808 2285 934 2329 tunc
964 2274 1284 2330 delitescere
1342 2275 1518 2343 potius
1553 2273 1604 2329 in
1654 2282 1808 2328 tene-

236 2369 351 2432 hris,
382 2385 534 2438 quam
577 2369 819 2440 extingui
852 2367 967 2421 visa
991 2378 1091 2422 est.
1121 2368 1254 2424 llinc
1290 2367 1508 2434 factum,
1547 2376 1603 2421 ιιι
1653 2367 1809 2421 Libe-

233 2463 331 2516 rius
359 2478 385 2516 a
413 2463 578 2516 tribus
612 2463 716 2516 illis
746 2462 1131 2532 Lampsacenus
1154 2460 1346 2531 synodi
1375 2461 1561 2529 legatis
1585 2458 1809 2512 minime

233 2555 446 2624 petierit,
467 2566 520 2608 ut
547 2554 883 2608 divinitatem
912 2555 1081 2608 sancti
1112 2553 1346 2623 Spiritus
1365 2563 1552 2621 aperte
1585 2551 1808 2622 proﬁte-

232 2658 420 2712 rentur,
444 2647 533 2700 sed
566 2646 671 2702 ﬁde
699 2657 904 2701 tanttun
937 2646 1154 2700 Nictena
1185 2656 1478 2701 contentus
1505 2645 1622 2700 fuit.
1654 2645 1808 2699 Tunc

229 2739 397 2810 itaque
432 2747 591 2808 caput
635 2739 886 2793 attollere
915 2754 1106 2793 rursus
1157 2739 1343 2808 ccepit,
1390 2749 1669 2808 postquam
1723 2752 1810 2791 res

227 2847 360 2902 pene
387 2835 710 2904 compositas
746 2835 797 2888 in
844 2832 1138 2888 Thiaitensi
1174 2833 1384 2905 synodo
1417 2833 1630 2902 triginta
1679 2846 1812 2901 qua-

227 2936 346 2982 tuor
374 2930 606 3001 episcopi
654 2945 684 2983 a
726 2928 952 2999 reliquis
980 2928 1289 2982 secessione
1325 2926 1460 2980 facta
1496 2926 1811 2996 perturbas-

223 3030 340 3074 sent
365 3019 454 3092 (c),
479 3036 614 3088 aptis
645 3037 878 3091 namque
923 3019 1038 3076 fuit.
1063 3029 1120 3074 ttt
1156 3021 1350 3072 iterum
1382 3027 1714 3088 serpentem,
1747 3032 1811 3071 ac

221 3115 391 3183 palam
438 3116 788 3186 prodeuntem
840 3115 1092 3170 haeresim
1142 3116 1402 3169 Damasus
1452 3114 1656 3184 judicio
1707 3129 1808 3168 suo

1909 1893 2212 1958 Orientales
2257 1918 2468 1973 qucque
2497 1903 2666 1959 libere
2720 1902 2954 1972 proferri
3016 1902 3189 1971 possit
3232 1898 3364 1955 bona
3405 1899 3504 1955 illa

1911 1994 2130 2050 Patrum
2179 1997 2557 2068 promulgatio,
2626 1996 2871 2062 infantem
2920 1993 3029 2048 Arii
3084 1992 3319 2048 lueresim
3357 2007 3502 2048 ever-

1909 2101 2044 2154 tens,
2081 2089 2340 2144 Ecclesias
2389 2106 2506 2145 vero
2549 2091 2601 2145 in
2652 2107 2777 2144 sana
2829 2089 3066 2143 doctrina
3099 2087 3401 2154 (edi/icans,
3451 2088 3507 2142 in

1910 2200 2008 2252 qua
2051 2180 2100 2234 F
2103 2184 2249 2236 ilium
2289 2183 2436 2237 Patri
2467 2183 2953 2238 consubstantialem
2988 2181 3322 2251 conﬁtemur,
3355 2188 3508 2250 atque

1911 2275 2142 2344 Spiritus
2187 2285 2393 2330 sanctus
2443 2276 2557 2344 pari
2600 2275 2793 2328 honore
2831 2273 2984 2328 simul
3011 2282 3060 2327 et
3097 2280 3426 2335 numeratur,
3462 2279 3511 2325 et

1911 2371 2164 2426 adoratur
2194 2387 2212 2424 :
2251 2380 2306 2424 ut
2349 2386 2500 2441 quam
2546 2369 2684 2424 vobis
2725 2367 2974 2422 Dominus
3004 2367 3145 2420 dedit
3177 2381 3271 2438 pro
3302 2363 3510 2419 veritate

1912 2465 2196 2520 liberta'em
2223 2506 2236 2526 ,
2280 2474 2326 2518 et
2355 2465 2407 2517 in
2434 2463 2621 2518 dicina:
2647 2461 2992 2524 salutat-isque
3020 2457 3288 2514 Trinitatis
3309 2460 3512 2526 confes-

1911 2559 2054 2612 sione
2097 2558 2452 2629 gloriationem
2471 2597 2486 2621 ,
2518 2559 2650 2608 hanc
2669 2595 2682 2619 ,
2710 2564 2758 2609 et
2785 2553 2931 2608 nobis
2971 2568 3061 2624 per
3086 2561 3277 2606 vestras
3304 2564 3508 2619 preces,

1913 2670 2158 2723 Opemque
2197 2662 2416 2706 oestrum
2448 2652 2720 2723 largiatur.
2751 2647 2884 2703 Cum
2932 2663 3062 2702 vero
3092 2643 3508 2712 Occidentales,
3580 2673 3585 2680 ι

1916 2748 2236 2806 Damasum.
2269 2748 2476 2801 scilicet
2514 2755 2851 2814 cmlcrnsqne
2879 2743 2979 2797 sub
3007 2749 3073 2797 eo
3102 2742 3362 2796 collectos
3393 2738 3514 2808 epi-

1913 2856 2111 2912 scopos
2133 2841 2428 2911 alloquitur
2457 2839 2732 2895 communi
2763 2839 2982 2893 nomine
3003 2879 3018 2902 ,
3045 2836 3164 2906 ejus
3185 2849 3407 2905 cperam
3429 2841 3515 2888 at-

1914 2951 2018 3004 que
2065 2935 2442 2989 auctmitatem
2495 2933 2778 3004 postulat,
2831 2941 2992 3001 atque
3046 2938 3238 2998 aptat,
3294 2937 3353 2983 ut
3403 2942 3512 2982 non

1918 3046 2056 3084 unus
2081 3071 2096 3094 ,
2144 3040 2233 3083 aut
2265 3029 2404 3084 alter
2431 3071 2444 3094 ,
2488 3038 2546 3082 ιιι
2574 3037 2729 3083 antea
2750 3069 2764 3093 ,
2795 3027 2888 3082 sed
2924 3025 3106 3095 plures
3133 3041 3197 3080 ex
3227 3024 3512 3092 episcopo-

1916 3141 2036 3180 rum
2083 3133 2262 3188 ccetu,
2307 3140 2371 3178 ac
2406 3123 2552 3178 nulla
2599 3122 2916 3190 interposita
2962 3135 3113 3175 mora
3155 3119 3206 3173 iu
3233 3119 3512 3173 Orientem

221 3207 598 3274 proscriberet,
651 3209 736 3262 eui
763 3207 990 3278 proinde
1027 3207 1245 3261 attribui
1285 3206 1466 3271 debet,
1517 3205 1658 3275 quod
1713 3205 1810 3260 So-

1920 3218 2128 3287 Iegatos
2165 3218 2365 3281 mittat,
2394 3217 2516 3287 quia
2540 3215 2796 3271 celeritate
2822 3231 2951 3282 cpus
2982 3223 3054 3266 est
3085 3212 3155 3266 ad
3183 3228 3288 3274 eos,
3319 3211 3408 3280 qui
3428 3227 3517 3264 su-

219 3313 470 3354 xomenus
508 3300 573 3354 ad
627 3299 828 3354 Liberii
879 3311 1118 3368 tempora
1144 3341 1157 3362 ,
1195 3308 1549 3368 prteposterc,
1586 3307 1641 3351 ιιι
1668 3299 1807 3353 Con-

218 3395 440 3449 stantius
457 3397 554 3460 ait,
587 3396 839 3449 retulisse
863 3395 1097 3450 videtur.
1134 3393 1189 3448 ld
1225 3411 1374 3460 vero,
1408 3410 1568 3464 quam
1602 3404 1807 3448 certum

217 3488 318 3555 sit,
354 3489 500 3545 facile
530 3489 923 3559 deprehendet,
951 3490 1042 3560 qui
1071 3489 1282 3543 Damasi
1316 3489 1522 3542 litteras
1571 3503 1691 3542 cum
1745 3486 1810 3541 iis

217 3584 474 3650 (auferat,
523 3599 646 3654 qua:
683 3593 796 3638 tum
825 3583 1162 3639 Sozomenus
1194 3582 1409 3646 scribit,
1445 3591 1553 3636 tum
1585 3591 1810 3648 przeter-

219 3690 281 3730 εει
323 3675 730 3731 Valentinianus
793 3677 1091 3744 imperator
1135 3675 1200 3729 ad
1235 3676 1463 3728 Asianos
1503 3675 1810 3744 episcopos,

220 3783 282 3822 ac
337 3769 554 3824 Basilius
604 3770 669 3824 ad
720 3769 1101 3824 Occidentales
1149 3767 1426 3837 respondit
1477 3775 1598 3836 post
1635 3767 1811 3820 illasa

223 3861 418 3917 Sabino
439 3873 708 3934 acceptas.
746 3863 798 3918 Id
827 3864 992 3926 enim,
1029 3862 1169 3932 quod
1196 3861 1530 3915 Soziimenus
1559 3876 1588 3913 a
1617 3859 1813 3913 Ruina-

224 3974 291 4013 no
336 3963 589 4031 episc0po
637 3959 703 4013 ad
744 3957 985 4015 Orientis
1045 3957 1318 4011 Ecclesias
1367 3963 1498 4008 tunc
1551 3954 1812 4023 scriptum

225 4052 385 4108 fuisse
429 4054 650 4118 indicat,
676 4053 728 4107 in
778 4051 930 4106 hisce
959 4050 1175 4106 Damasi
1209 4049 1402 4102 litteris
1429 4063 1535 4101 non
1583 4046 1817 4100 obscure

228 4144 429 4216 legitur.
450 4146 730 4217 Siquidem
758 4154 1039 4216 postquam
1062 4145 1148 4198 hic
1171 4143 1414 4214 pontifex
1457 4141 1675 4194 Nicmna
1725 4155 1814 4210 sy-

233 4242 366 4294 nodo
390 4241 669 4298 deiinitunt
705 4241 870 4294 fuisse
900 4239 1134 4298 dixerat,
1183 4235 1414 4300 Patrem,
1441 4233 1653 4292 Filium.
1686 4232 1814 4300 Spi-

233 4333 464 4407 ritumqne
486 4344 748 4399 sanctum,
787 4334 942 4386 unius
975 4330 1217 4394 Deitatis,
1245 4330 1397 4382 unius
1425 4329 1646 4391 virtutis,
1668 4326 1816 4379 unius

235 4428 416 4497 ﬁgurae,
458 4430 609 4483 unius
657 4428 800 4482 credi
859 4436 1093 4500 aportere
1139 4424 1474 4489 substantiw;
1533 4433 1644 4476 tum
1699 4421 1816 4475 ha-c

235 4521 370 4576 addit
399 4541 410 4574 :
442 4524 691 4578 Concinat
726 4539 845 4594 ergo
884 4539 996 4576 cum
1029 4519 1264 4574 omnibus
1294 4517 1390 4570 Dei
1438 4515 1806 4578 sacerdotibus,

237 4623 277 4665 et
302 4625 467 4672 vestris:
493 4617 751 4671 sententia
769 4614 1047 4670 Charitatis
1077 4629 1094 4666 :
1125 4613 1175 4666 in
1202 4628 1300 4681 qua
1329 4627 1415 4663 vos
1456 4609 1610 4678 ﬁxos,
1663 4621 1815 4676 atque
1845 4601 1892 4661 Ι)

239 4706 479 4775 ﬁrmatos,
523 4717 577 4762 ut
630 4708 754 4762 bene
784 4707 1064 4772 credimus,
1095 4707 1166 4758 ita
1216 4707 1369 4757 etiam
1415 4719 1508 4756 nos
1557 4700 1816 4753 vobiscum

242 4815 356 4859 recte
381 4808 585 4868 sentire,
621 4805 812 4861 debetis
834 4804 1110 4876 reciprocis
1143 4801 1448 4856 Sanctitatis
1477 4808 1655 4853 vestra:
1676 4798 1813 4852 litte-

240 4901 302 4954 ris
325 4904 619 4974 approbare.
689 4902 827 4956 Hinc
871 4899 1282 4955 Valentinianus
1336 4897 1629 4950 ltomanam
1674 4895 1814 4949 hanc

241 4996 479 5064 synodum
531 4997 686 5066 sequi
731 5010 790 5050 se
830 4995 1106 5063 professus
1162 4991 1230 5046 ad
1271 4991 1504 5046 Asianos
1546 4989 1621 5042 ait
1655 5007 1667 5042 :
1701 4986 1813 5041 Nos

241 5100 340 5140 vero
385 5088 594 5162 perinde
631 5088 879 5143 sentimus
920 5103 980 5141 ac
1015 5085 1223 5157 synodi,
1281 5092 1390 5137 tum
1443 5096 1555 5151 qua:
1613 5080 1813 5144 Roma’,

244 5190 332 5233 tum
350 5199 455 5251 qua:
482 5184 536 5236 in
570 5181 760 5236 Galliis
785 5191 1009 5236 recenter
1042 5180 1192 5249 facta:
1218 5188 1529 5238 sunt,unam
1557 5173 1808 5227 eantdenp

241 5289 324 5342 que
348 5277 684 5330 substantiam
719 5274 891 5329 Patris
909 5316 921 5338 ,
947 5283 994 5328 et
1025 5273 1180 5338 Filii,
1209 5283 1253 5326 et
1281 5272 1509 5343 Spiritus
1559 5267 1723 5322 sancti
1764 5267 1816 5320 in

242 5367 382 5422 tribus
425 5385 532 5423 esse
573 5368 847 5440 personis;
896 5381 960 5421 ac
1000 5365 1298 5438 Illyricana:
1343 5361 1534 5434 synodi
1577 5357 1815 5428 episcopi

243 5461 506 5517 anathema
529 5462 596 5518 iis
623 5460 831 5524 dicunt,
858 5460 946 5530 qui
976 5475 1080 5514 non
1113 5458 1379 5524 sentiunt,
1405 5471 1466 5510 ac
1499 5452 1817 5525 praedicant,

243 5555 704 5611 consubstantialem
731 5571 842 5609 esse
859 5554 1184 5609 Trinitatem.

307 5693 378 5761 (α)
417 5695 661 5761 Sozam,
685 5694 781 5750 lib.
805 5709 880 5758 vr,
911 5707 1030 5760 cap.
1055 5690 1148 5745 9.2.

309 5757 378 5908 ξω
417 5767 534 5849 Vid.
568 5757 692 5852 0rs.
726 5757 921 5848 mimi,
949 5757 1044 5819 lib.
1070 5778 1108 5827 ι,
1141 5777 1261 5834 cap.
1296 5761 1350 5828 8,
1380 5766 1480 5814 art.
1519 5757 1568 5812 i.

333 5843 376 5908 c)
413 5837 536 5896 th.
566 5838 678 5898 Vit.
714 5838 907 5907 Bast,
939 5851 1060 5907 cap.
1096 5833 1183 5891 l8.

333 5843 376 5908 ε)
413 5837 536 5896 Vid.
566 5838 678 5898 Vit.
714 5837 907 5907 BasiL,
939 5851 1060 5907 cap.
1096 5833 1183 5891 18.

1913 3320 2124 3382 persunt
2163 3308 2469 3370 servandos,
2500 3317 2545 3361 et
2578 3307 2800 3377 plurimn
2845 3305 3091 3359 Fratrum
3121 3303 3424 3371 prementia,
3459 3309 3515 3356 ut

1913 3402 2098 3473 synodi
2127 3418 2398 3455 numerum
2429 3401 2689 3471 expleant,
2718 3409 2773 3454 ut
2801 3416 2900 3453 non
2926 3397 3091 3452 solum
3116 3413 3178 3451 ea:
3201 3411 3398 3460 eorum,
3427 3393 3514 3463 qui

1914 3511 2000 3550 eos
2040 3495 2267 3550 miserint
2301 3495 2551 3565 gravitate
2589 3503 2637 3546 et
2685 3493 2972 3563 majestate,
3005 3489 3095 3545 sed
3138 3488 3290 3543 etiam
3330 3504 3395 3543 ex
3421 3503 3515 3542 suo

1915 3589 2147 3656 ipsorum
2193 3603 2407 3641 numero
2447 3587 2646 3658 pondus
2677 3594 2725 3638 et
2751 3583 3105 3638 auctoritatem
3133 3583 3202 3636 ad
3230 3597 3309 3635 res
3343 3595 3515 3635 emen-

1917 3679 2118 3734 dandas
2151 3678 2495 3748 Itabeunt,qui
2525 3688 2572 3731 et
2603 3677 2756 3748 ﬁdem
2785 3693 2816 3730 a
2845 3675 3090 3731 Patribus
3114 3673 3302 3729 nostris
3331 3674 3385 3726 iu
3416 3670 3518 3726 Ni—

1917 3789 2059 3828 cwna
2090 3774 2434 3842 conscriptam
2477 3773 2788 3836 instaurettl,
2822 3781 2868 3825 et
2895 3769 3136 3848 Itwresim‘
3160 3765 3482 3840 proscribunt
3502 3805 3520 3832 ,

1919 3877 1963 3920 et
2010 3865 2260 3920 Ecclesiis
2306 3865 2585 3934 loquantur
2608 3863 2851 3934 paciﬁca,
2878 3879 2962 3916 eos
2987 3860 3075 3932 qui
3104 3861 3239 3914 idem
3268 3860 3516 3925 sentiunt,

1919 3957 1988 4009 ad
2033 3956 2364 4010 concordiam
2402 3955 2748 4016 adducentes;
2779 3969 2900 4021 qua:
2929 3961 3198 4022 postrema
3227 3950 3293 4003 ad
3315 3948 3516 4004 Melctii

1920 4067 2165 4116 causam,
2209 4060 2262 4105 et
2295 4050 2664 4104 Antioeltenos
2692 4050 2982 4119 pertinent,
3014 4061 3174 4116 quam
3201 4059 3391 4099 rursus
3419 4043 3522 4097 Da-

1922 4159 2072 4198 maso
2117 4143 2342 4197 Basilius
2363 4185 2375 4206 ,
2422 4157 2746 4212 quantquattt
2775 4140 3111 4194 subobscure
3130 4181 3143 4201 ,
3167 4136 3520 4192 commenda-

1923 4247 2028 4293 tam
2061 4237 2208 4306 cupit
2233 4255 2246 4290 :
2273 4245 2383 4290 tum
2415 4235 2500 4290 his
2523 4237 2736 4290 tandem
2763 4235 2940 4290 verbis
2962 4234 3206 4303 epistola:
3229 4234 3388 4286 linem
3415 4231 3518 4285 im-

1923 4333 2074 4402 ponit
2104 4349 2115 4384 :
2153 4330 2347 4385 Revera
2377 4332 2511 4384 enim
2537 4329 2692 4384 laude
2718 4329 2929 4398 dignum
2954 4339 3049 4392 est,
3080 4325 3216 4396 quod
3241 4343 3270 4380 a
3295 4325 3521 4379 Domino

1921 4427 2097 4497 pietati
2129 4438 2308 4478 vestrm
2336 4423 2514 4476 datum
2548 4432 2642 4486 est,
2674 4419 3020 4474 adulterinum
3049 4419 3253 4488 quidem
3279 4434 3310 4470 a
3337 4417 3520 4484 probo,

1921 4535 1982 4572 ac
2013 4533 2142 4583 puro
2173 4517 2480 4578 discernere,
2533 4511 2750 4566 Patrum
2780 4527 2897 4565 vero
2919 4509 3076 4579 ﬁdem
3099 4510 3206 4564 sine
3229 4509 3337 4564 ulla
3367 4508 3524 4564 dissi-

1922 4598 2199 4665 mulatione
2225 4609 2526 4682 prtedicare,
2554 4625 2705 4675 quam
2741 4607 2946 4679 quidem
2975 4616 3021 4660 et
3049 4622 3142 4660 nos
3168 4605 3484 4674 suscepimus
3502 4645 3516 4671 ,

1920 4705 2320 4776 agnovimusque
2356 4703 2652 4772 apostolicis
2673 4701 3102 4778 notissignatam,
3131 4699 3278 4770 eique
3322 4707 3378 4752 ut
3419 4714 3521 4753 ca:-

1921 4799 2044 4852 teris
2069 4797 2306 4850 omnibus
2328 4837 2342 4861 ,
2369 4811 2482 4866 qua:
2507 4797 2560 4848 in
2586 4796 2831 4866 synodico
2857 4794 3072 4862 scripto,
3098 4792 3341 4848 canonice
3361 4809 3423 4846 ac
3451 4793 3526 4846 le-

1922 4894 2098 4962 gitime
2137 4899 2331 4944 statuta
2367 4899 2504 4955 sunt,
2532 4889 2859 4942 assentimur.
2887 4887 3096 4956 Quibus
3128 4887 3308 4942 Basilii
3342 4884 3523 4942 verbis

1925 4991 2178 5038 accurate
2217 4983 2500 5052 perpensis
2539 4984 2619 5035 vir
2658 4981 2994 5035 clarissimus
3034 4979 3238 5048 Joseph
3269 4977 3524 5048 Angusti-

1927 5091 2027 5130 nus
2065 5075 2187 5129 Orsi
2237 5086 2384 5130 recte
2420 5075 2614 5128 iterum
2647 5073 2898 5136 coniicit,
2942 5089 3006 5128 ex
3039 5071 3225 5127 Basilii
3253 5069 3522 5126 sententia

1925 5182 2280 5237 supremum,
2313 5181 2376 5221 ac
2421 5165 2818 5222 irreformahile
2847 5166 3076 5220 Ruinani
3108 5163 3378 5236 pontiﬁcis
3403 5177 3526 5217 esse

1923 5263 2206 5333 judicium.
2252 5261 2384 5316 Nam
2427 5261 2472 5316 si
2510 5261 2622 5321 ille,
2658 5261 2744 5315 tibi
2784 5260 3009 5330 cpistola
3045 5258 3235 5331 synodi
3266 5257 3524 5311 Romanae

1927 5355 2327 5411 Ariminensem
2368 5355 2629 5410 irritantis
2671 5353 2879 5410 reddita
2904 5364 3008 5418 est,
3039 5366 3156 5405 eam
3190 5349 3370 5404 statim
3403 5362 3524 5403 sus-

1926 5452 2103 5519 cepit,
2154 5451 2314 5520 eique
2355 5451 2738 5505 iucunctanter
2766 5461 3019 5502 assensus
3049 5453 3162 5508 est,
3195 5441 3370 5497 nullas
3399 5456 3530 5497 cen-

1926 5545 2039 5600 suit
2067 5544 2414 5599 Ariminense
2448 5543 2737 5599 concilium
2780 5541 2982 5596 habere
3027 5535 3170 5592 vires
3210 5550 3386 5608 posse,
3423 5534 3548 5618 lto-_

2027 5680 2082 5754 ά)
2121 5681 2459 5754 ΫίᾶηΕιιὶςι.
2491 5681 2580 5746 89,
2720 5676 2938 5754 9I,_92_.

2027 5682 2082 5754 ά)
2121 5682 2246 5738 Vid.
2282 5682 2459 5752 Epist.
2491 5682 2580 5746 89,
2604 5682 2693 5739 90.
2720 5682 2812 5742 9i,
2845 5682 2938 5734 92.

2003 5682 2076 5827 ie)
2117 5753 2225 5810 Vit.
2253 5753 2440 5824 Basil.,
2459 5767 2579 5824 cap.
2608 5751 2701 5820 22,
2722 5766 2778 5806 n.
2805 5748 2864 5817 4,
2895 5751 2950 5806 5.
