3998 6346
515 185 626 256 iss

1703 182 2017 241 SANCTUS
2060 183 2134 240 DA

2237 184 2383 243 tsus
2423 185 2623 243 PAPA.
3680 201 3765 257 εδδ

517 317 679 360 manu
715 306 972 378 pontifice
1009 308 1338 363 decernente
1360 348 1373 370 ,
1403 321 1466 361 ac
1495 305 1784 378 synodice,
1811 303 2073 361 canonice
2095 345 2111 371 ,
2138 305 2189 368 Α
2217 313 2336 375 ptas
2379 306 2592 362 recitat.
2626 306 2740 362 Hoc
2769 305 2982 362 Baronii
3006 307 3210 362 dictmn
3243 305 3579 374 Gotofredus,
3607 325 3662 366 ac
3687 313 3770 367 Pa-

516 405 573 453 et
611 397 855 472 legitime
898 399 1172 471 iudicante
1211 400 1309 472 (α).
1345 398 1545 470 Siquis
1587 409 1768 453 autem
1801 395 1897 452 has
1925 396 2113 452 Basilii

519 491 730 550 litteras
743 509 867 550 cum
897 495 964 550 iis
985 494 1252 558 conferat,
1280 509 1413 566 quas
1434 493 1769 549 Athanasius
1790 493 1855 547 ad
1878 493 2033 561 Afros
2061 500 2118 548 et

519 586 587 641 ad
624 587 909 657 Epictetum
956 587 1122 647 dedit.
1155 587 1317 644 facile
1343 587 1620 657 conjiciet,
1649 603 1740 643 eas
1766 603 1979 653 omnes,
2007 601 2116 641 uno

520 681 820 752 eodemque
849 697 986 752 pene
1009 690 1253 751 tempore
1281 679 1534 752 scriptas,
1562 693 1680 746 post
1708 691 1983 746 acceptam
2011 678 2117 734 sci-

522 772 870 828 llci-tallatam
895 773 1160 838 aSabino,
1189 775 1424 837 Damasi,
1453 784 1907 843 casterorumqtte,
1930 773 2020 843 qui
2049 770 2117 826 ad

519 864 639 934 ejus
657 865 946 920 cauciliutn
975 878 1375 930 convenerant,
1406 867 1786 937 episcnporttm
1810 867 2117 933 epistolam.

524 957 659 1014 Hinc
697 968 926 1030 uterque
970 959 1330 1029 frequentiam
1365 961 1508 1015 illius
1539 959 1749 1015 concilii
1785 957 1991 1024 laudat,
2023 957 2122 1013 ob-

521 1061 902 1122 servatumque
958 1053 1079 1108 fidei
1126 1054 1450 1118 catholica},
1501 1053 1932 1110 Occidentalium
1984 1067 2120 1108 con-

523 1162 686 1202 sensu
741 1147 1092 1203 concordiam
1148 1149 1377 1202 Damaso
1415 1149 1747 1218 gratulatur,
1795 1159 2120 1217 quamquam

525 1249 789 1311 praeterea
839 1241 1171 1295 Athanasius
1209 1243 1514 1309 scripserit,
1558 1239 1744 1294 mirari
1788 1255 1847 1294 se
1889 1254 1988 1293 cur
2017 1239 2127 1290 An-

523 1335 738 1388 xentius
770 1333 1057 1388 damnatus
1083 1333 1219 1403 jam,
1245 1333 1614 1404 dejectusque,
1643 1348 1704 1386 ac
1723 1341 1800 1385 tot
1825 1329 2125 1386 sceleribus

523 1425 816 1490 obnoxius,
849 1425 1236 1480 Mediolnnensi
1269 1426 1528 1480 Ecclesiae
1549 1467 1564 1491 ,
1595 1435 1654 1479 ut
1696 1424 1949 1488 vidimus,
1976 1423 2128 1476 incu-

525 1517 656 1574 bare
705 1529 987 1589 pergeret,
1036 1533 1098 1574 ea
1139 1519 1351 1574 scilicet
1397 1519 1464 1575 de
1499 1535 1558 1574 re
1585 1535 1614 1573 a
1645 1518 1844 1574 Sabino
1884 1517 2126 1589 ejusdem

528 1614 790 1671 Ecclesiae
815 1615 1046 1672 diacono
1079 1625 1206 1672 tunc
1234 1618 1436 1672 certior
1465 1615 1659 1670 factus.

2214 399 2332 469 gius
2385 400 2605 456 mininte
2655 401 2917 471 probant,
2967 415 3291 473 quamquam
3345 401 3485 455 nulla
3525 403 3680 458 solida
3704 421 3772 461 ra-

2218 493 2384 548 tioue.
2431 493 2562 548 Nam
2614 495 2756 563 quod
2787 494 2937 549 aiunt
2965 495 3066 561 illi,
3099 511 3160 549 ea
3194 511 3317 566 quae
3338 494 3406 549 de
3433 496 3660 552 moribus
3683 499 3774 555 Ma-

2218 584 2553 641 nichaeorum
2579 585 2911 662 Augustinus
2934 598 3115 642 narrat
3145 587 3306 656 longe
3339 596 3458 654 post
3485 587 3650 642 datam
3674 605 3772 645 eam

2220 679 2419 750 legem,
2453 679 2584 734 nihil
2613 696 2900 734 connnnne
2926 697 3045 734 eum
3081 681 3193 751 ipsa
3227 679 3447 746 habere,
3471 679 3652 736 falsum
3675 699 3778 754 pro-

2221 773 2360 830 fl'ClO
2402 781 2503 827 est.
2554 773 2880 844 Augustinus
2921 773 3063 828 enim
3090 789 3210 844 quas
3237 783 3441 838 narrat,
3474 789 3572 828 non
3597 790 3654 829 ea
3679 792 3779 829 nar-

2224 879 2304 920 rat
2331 881 2391 920 se
2425 867 2586 920 veluti
2626 874 2893 937 praesente
2936 865 3074 920 facta
3097 907 3110 928 ,
3137 863 3233 919 sed
3271 865 3428 935 longe
3466 875 3612 919 antea
3643 881 3777 935 quam

2221 961 2448 1016 Romam
2484 963 2600 1030 ipse
2642 961 2949 1015 accederet.
2985 963 3064 1014 An
3098 977 3228 1014 vero
3250 959 3557 1015 domesticas
3585 960 3677 1014 illa:
3711 978 3782 1017 se-

2223 1055 2478 1119 ditiones,
2529 1071 2557 1109 a
2588 1055 2782 1125 quibus
2824 1053 2984 1111 Urbis
3010 1056 3162 1125 quies
3205 1055 3582 1108 detrimentum
3618 1069 3782 1125 capere

2225 1161 2456 1220 poterat,
2476 1164 2595 1218 quae
2617 1148 2708 1202 diu
2730 1159 2881 1202 antei
2911 1164 2975 1202 ac
2996 1165 3138 1216 saepe
3161 1148 3415 1203 excitatae
3440 1145 3638 1200 fuerant
3668 1148 3781 1202 nihil

2227 1243 2292 1298 ad
2327 1245 2736 1313 imperatorem,
2767 1242 2900 1297 nihil
2925 1241 2990 1296 ad
3021 1241 3179 1298 Urbis
3208 1240 3518 1311 praefectum
3549 1241 3784 1311 pertinere

2227 1353 2386 1410 posse
2405 1337 2746 1404 videbantur,
2769 1347 2824 1391 ut
2849 1337 2911 1391 iis
2937 1335 3229 1408 aliquando
3257 1333 3650 1391 occurreretur?
3669 1334 3783 1403 Quid

2229 1449 2360 1488 νιξΓο
2409 1444 2695 1503 praeterea,
2728 1432 2773 1485 si
2805 1431 3050 1486 dicamus
3077 1430 3252 1502 legem
3283 1431 3428 1484 illam
3470 1429 3621 1483 latam
3647 1427 3785 1483 fuisse

2229 1527 2490 1582 suadente
2540 1527 2792 1591 Damaso,
2842 1533 2898 1580 ut
2946 1523 3138 1580 Sirit-io
3190 1522 3455 1578 suadente
3502 1521 3786 1578 Gotofredus

2231 1622 2393 1676 latam
2437 1629 2626 1674 contra
2679 1617 2900 1674 eosdem
2942 1619 3272 1673 Manichreos
3314 1626 3499 1672 censet
3531 1617 3686 1686 legem
3709 1615 3783 1681 90,

601 1709 718 1778 Quo
740 1725 885 1764 anno
916 1711 1118 1780 scripta
1153 1711 1267 1766 haec
1292 1712 1464 1766 altera
1487 1711 1552 1764 ad
1589 1711 1875 1764 Damasum
1898 1706 2125 1778 epistola
2158 1706 2206 1766 B
2232 1716 2355 1770 eod.
2391 1713 2473 1769 tit.
2517 1712 2626 1768 Cur
2677 1712 2858 1783 itaque
2897 1711 3036 1767 hanc
3088 1728 3191 1781 ego
3239 1711 3472 1766 Damaso
3511 1709 3783 1774 attributam,

525 1800 726 1868 fuerit,
765 1819 832 1857 ex
880 1802 1090 1860 duabus
1130 1804 1273 1858 notis
1301 1801 1462 1859 facile
1508 1802 1854 1873 cognoscitur
1886 1818 1899 1856 :
1927 1801 2124 1868 altera,

530 1894 677 1966 quod
707 1894 905 1950 Meletii
936 1895 1282 1958 Antiocheni,
1316 1898 1511 1960 altera,
1539 1895 1682 1966 quod
1704 1893 1945 1949 Anthimi
1969 1893 2128 1948 Thia-

533 1987 717 2043 nensis
752 2003 948 2044 nomen
983 1989 1202 2059 praefert
1229 2007 1241 2042 :
1279 1989 1416 2044 alter
1445 1987 1590 2044 enim
1623 1988 1860 2042 nondum
1893 1987 2129 2056 pnlsnsa

533 2083 665 2138 sede
691 2083 1024 2140 Antiochena
1055 2083 1253 2152 fuerat,
1281 2085 1423 2155 quod
1449 2085 1551 2140 hoc
1573 2100 1715 2138 anno
1738 2081 1958 2148 accidit,
1982 2090 2132 2152 post-

533 2193 694 2246 quam
719 2177 915 2235 Valens
943 2180 1282 2235 Antiochiam
1305 2181 1563 2236 accessit:
1589 2179 1744 2234 alteri
1774 2188 1952 2232 autem
1984 2177 2131 2232 nulla

532 2273 710 2330 adhuc
757 2288 880 2328 cum
922 2273 1122 2331 Basilio
1168 2274 1419 2330 siumltas
1469 2276 1848 2330 intercesserat
1893 2273 1964 2328 ob
1995 2272 2134 2342 Cap-

534 2365 814 2439 padociam
844 2368 896 2422 in
929 2367 1066 2424 duas
1101 2369 1407 2438 provincias
1429 2369 1678 2432 divisam,
1711 2368 1854 2438 quod
1882 2367 1982 2422 hoc
2013 2367 2133 2437 ipso

537 2460 740 2528 pariter
783 2475 927 2515 anno
973 2459 1193 2528 factum,
1226 2477 1554 2532 quamquam
1601 2462 1779 2516 serius
1809 2461 2040 2515 lortasse
2069 2474 2133 2514 ac

535 2555 784 2610 nonnulli
815 2563 1022 2626 putant.
1054 2557 1237 2627 Itaque
1275 2557 1508 2610 Sabinus
1540 2556 1641 2610 hoc
1672 2553 1860 2610 eodem
1890 2565 2134 2622 tempore

535 2645 601 2701 ad
631 2648 917 2702 Damasum
935 2648 1096 2702 rediit
1116 2664 1237 2702 cum
1263 2647 1412 2702 hisce
1429 2648 1649 2711 litteris,
1669 2663 1695 2699 a
1721 2646 1920 2701 Basilio
1942 2643 2135 2702 Orien-

541 2740 728 2795 talium
757 2741 989 2796 aliorum
1046 2745 1266 2797 nomine
1293 2743 1534 2812 scriptis,
1565 2742 1745 2812 eique,
1770 2757 1876 2812 quo
1903 2740 2022 2795 loco
2050 2754 2137 2795 res

537 2843 723 2891 essent
775 2843 885 2889 tum
923 2835 1218 2891 Orientalis
1263 2837 1564 2901 universas,
1614 2843 1726 2890 tum
1781 2833 2135 2891 Antiocheam

541 2927 829 2992 Ecclesiae,
869 2929 1138 2998 exposuit.
1170 2929 1433 2984 Baronius
1466 2931 1647 3000 itaque
1674 2929 1854 2998 lapsus
1877 2935 1982 2992 est,
2009 2942 2134 2982 cum

539 3021 661 3076 illas
682 3022 749 3077 ab
776 3022 966 3077 eodem
996 3021 1196 3078 Basilio
1225 3023 1290 3078 ad
1319 3024 1604 3090 Damasum
1636 3023 1841 3078 litteras
1866 3019 1969 3076 hoc
1993 3034 2137 3075 anno

2228 1823 2446 1862 causam
2472 1808 2677 1874 accipe.
2704 1805 3123 1860 Prmchtinatus
3149 1806 3349 1858 asserit
3374 1803 3643 1856 Damasum
3663 1801 3786 1854 dam—

2233 1916 2390 1958 nasse.
2416 1897 2757 1952 Palernianos
2784 1898 3066 1952 haereticos
3089 1897 3140 1951 in
3157 1895 3368 1950 scelere
3392 1895 3789 1962 detectos,atque

2232 1991 2282 2046 id
2316 1990 2696 2046 Valentiniano
2733 1989 2920 2058 Majori
2971 1988 3355 2054 denuntiasse,
3384 1986 3500 2056 ejus
3525 1987 3630 2039 ltzec
3654 1982 3786 2038 verba

2234 2084 2476 2140 referens
2503 2102 2515 2137 :
2549 2083 2696 2138 Scire
2726 2083 2959 2136 volumus
2987 2082 3228 2153 pietatem
3259 2090 3512 2142 vestram,
3556 2075 3789 2130 Venustia-

2231 2198 2324 2234 nos
2366 2181 2417 2233 in
2460 2180 2650 2234 scelere
2691 2178 2986 2251 turpissimo
3025 2181 3250 2230 delectos
3291 2175 3354 2228 ab
3392 2173 3661 2242 apostolica
3695 2167 3787 2223 sede

2233 2291 2342 2328 esse
2370 2273 2640 2326 (inauratos
2671 2273 2773 2344 (ά).
2827 2269 3028 2326 Dehinc
3077 2269 3230 2324 addit
3268 2281 3456 2323 contra
3511 2282 3599 2321 eos
3649 2266 3789 2333 legem

2235 2376 2420 2436 postea
2441 2364 2732 2436 prodiisse,
2756 2375 2808 2419 ut
2832 2363 3154 2433 ubicumque
3173 2373 3358 2417 essent
3378 2360 3592 2428 reperti,
3611 2356 3784 2411 vindice

2233 2458 2411 2529 gladio
2449 2461 2850 2529 plecterentur,
2880 2456 3023 2528 quod
3052 2458 3310 2510 statuitur
3339 2455 3391 2508 in
3414 2453 3592 2508 eadem
3625 2452 3722 2519 lege
3743 2449 3784 2512 5.

2235 2556 2301 2610 dc
2334 2555 2532 2610 llaeret.
2565 2572 2577 2606 :
2615 2551 2982 2618 Venustianos,
3007 2550 3183 2606 dictos
3205 2552 3368 2605 etiam
3399 2545 3713 2602 Paternianos
3735 2556 3785 2597 ex

2236 2649 2540 2720 Augustino
2583 2656 2817 2715 constat,
2858 2655 2912 2702 at
2937 2646 3138 2710 nullus,
3164 2644 3309 2716 quod
3335 2659 3435 2714 ego
3459 2645 3634 2706 sciam,
3656 2653 3791 2707 expo-

2238 2747 2346 2798 suit
2382 2759 2478 2798 cnr
2517 2753 2804 2812 utrumque
2844 2740 2948 2795 hoc
2987 2755 3181 2796 nomen
3232 2740 3341 2794 illis
3383 2739 3600 2794 inditum
3630 2732 3787 2790 luerit.

2238 2837 2369 2892 Nam
2401 2835 2541 2908 quod
2586 2837 2795 2891 [laneus
2822 2835 3167 2890 Calvinianns
3198 2835 3403 2905 inquit,
3431 2830 3791 2888 Paternianosa

2241 2933 2473 2988 Paterno
2497 2930 2693 2996 dictos,
2726 2945 2848 2984 cum
2877 2945 2974 2985 nos
2996 2929 3111 3000 ejus
3141 2929 3399 2996 hominis,
3435 2927 3668 2998 patriam,
3689 2929 3793 2975 reta-

2241 3036 2366 3092 tem,
2403 3035 2562 3098 atque
2587 3027 2715 3093 alia,
2739 3041 2860 3095 qua:
2887 3024 2953 3079 ad
2979 3040 3096 3080 eam
3119 3039 3233 3078 rem
3269 3024 3556 3095 pertinent,
3587 3020 3794 3088 ignorare

539 3117 770 3184 scriptas
825 3125 1012 3185 putat,
1065 3132 1184 3187 quae
1237 3116 1513 3171 Maritimis
1562 3117 1812 3188 episcopis
1858 3115 2130 3185 inscripta:
2157 3098 2202 3161 (ἶ
2244 3119 2496 3189 patiatur,
2531 3119 2684 3172 nauci
2717 3130 2817 3184 est,
2855 3127 2911 3172 ut
2937 3117 3039 3172 hoc
3061 3117 3226 3171 etiam
3250 3115 3394 3188 quod
3425 3111 3792 3170 Venustianosa

538 3217 686 3274 sunt,
711 3222 912 3278 easque
942 3209 1158 3264 Petrum
1185 3209 1363 3265 Basilii
1397 3209 1612 3264 fratrem
1643 3209 1868 3264 Romam
1892 3208 2138 3264 attulisse

537 3301 746 3355 censet.
789 3300 923 3355 Nam
969 3301 1016 3356 si
1043 3303 1163 3371 quis
1191 3318 1284 3357 eas
1314 3311 1520 3358 attente
1558 3304 1718 3372 legat,
1760 3301 1916 3358 facile
1943 3300 2140 3370 dijudi-

543 3394 690 3447 cabit
733 3394 931 3450 missas
975 3410 1099 3450 esse
1146 3397 1212 3450 ad
1261 3398 1548 3467 episcopos
1590 3395 1815 3466 alicujus
1846 3394 2139 3466 provincia:

541 3503 648 3543 non
698 3491 885 3558 procul
931 3505 958 3543 a
997 3491 1198 3547 Basilio
1227 3493 1432 3561 posita),
1465 3493 1553 3563 qui
1601 3506 1724 3546 sese
1748 3506 1777 3544 a
1809 3489 2042 3545 fraterna
2077 3490 2143 3544 il—

543 3582 646 3636 lius
676 3584 1059 3638 communione
1086 3581 2138 3654 sejunxerantcaluutniishaireticornm

541 3675 766 3741 inducti,
793 3689 998 3746 quosve
1024 3675 1126 3731 sibi
1161 3677 1519 3731 reconciliare
1547 3663 1644 3746 pro
1665 3676 1859 3730 eximia
1888 3690 1981 3729 sua
2014 3673 2142 3730 cita-

542 3769 702 3822 ritate
732 3768 817 3822 hic
839 3775 1010 3837 optat.
1031 3765 1279 3838 Nuperns
1296 3767 1470 3822 editor
1489 3755 2000 3837 ejusepistolarnm,
2023 3774 2144 3838 post

543 3867 830 3914 accuratas
865 3857 1002 3915 alios
1039 3859 1284 3926 criticos,
1337 3857 1624 3914 Maritlmos
1656 3860 1776 3914 illos
1798 3861 1961 3914 fuisse
1994 3869 2143 3929 putat

543 3951 756 4020 aliquos
778 3949 1018 4008 Ponticas
1039 3954 1593 4024 diwcesisepiscopos
1631 3953 1730 4025 (ὁ),
1767 3954 1968 4023 cuiego
1987 3952 2142 4009 facile

543 4047 834 4110 assentior,
879 4048 1002 4118 quia
1041 4063 1162 4102 cum
1195 4046 1262 4101 iis
1295 4049 1363 4101 ita
1395 4045 1625 4101 Basilius
1654 4047 1792 4117 agit,
1819 4055 1877 4102 ttt
1906 4058 1959 4102 et
1988 4062 2140 4102 suam

545 4151 669 4208 erga
699 4137 823 4194 illos
847 4139 1176 4207 singularem
1213 4138 1534 4194 charitatem
1570 4139 1840 4204 ostendat,
1869 4149 1923 4196 et
1955 4155 2145 4211 quam-

547 4230 669 4286 dam
701 4233 866 4287 etiam
889 4249 1004 4287 sua:
1032 4235 1294 4288 adversus
1318 4233 1440 4287 illos
1474 4232 1775 4301 potestatis,
1800 4231 2146 4303 etdignitatis

543 4324 812 4382 rationem
834 4325 1058 4392 habeat;
1079 4343 1198 4398 qua:
1217 4325 1460 4398 profecto
1477 4325 1747 4382 scribendi
1765 4327 1902 4382 ratio
1928 4326 2146 4398 episco-

547 4433 710 4488 pum,
743 4421 832 4486 qui
879 4422 1164 4476 Damasum
1207 4423 1537 4492 alloquitur,
1587 4420 1809 4476 minime
1848 4421 2140 4477 decuisset.

2241 3213 2453 3274 Venere
2482 3211 2756 3266 derivatos
2787 3211 2916 3265 velit
2947 3207 3042 3283 (e).
3071 3209 3227 3278 Quod
3258 3209 3324 3263 ad
3357 3223 3469 3262 rem
3500 3206 3694 3263 attinet,
3718 3197 3796 3251 ali-

2239 3321 2398 3375 quam
2453 3321 2520 3359 ex
2564 3303 2985 3359 Manichaeorum
3041 3302 3172 3357 hcce
3230 3309 3432 3358 sectam
3481 3293 3794 3355 Vennstianos

2241 3397 2406 3454 fuisse
2431 3407 2665 3470 oportet,
2699 3405 2812 3452 tttm
2843 3396 2988 3467 quod
3019 3395 3311 3452 inferiores
3337 3392 3574 3463 corporis
3598 3396 3752 3454 partes
3771 3394 3793 3432 a

2241 3493 2458 3548 diabolo
2505 3491 2674 3547 factas
2712 3491 3018 3558 crederent,
3045 3499 3156 3544 tum
3189 3488 3338 3560 quod
3372 3482 3708 3559 impurissime
3734 3475 3794 3527 νὶ-

2243 3595 2447 3650 vorent,
2478 3602 2598 3656 quia
2619 3595 2744 3640 sunt.
2775 3583 3056 3640 manifesta
3086 3581 3468 3639 Manichzeismi
3499 3579 3792 3648 argumenta.

2246 3681 2358 3735 lloc
2382 3679 2547 3748 liquet
2571 3693 2634 3732 ex
2667 3677 2966 3750 Augustino
2994 3678 3092 3747 (f),
3127 3676 3216 3746 qui
3246 3679 3360 3731 hare
3387 3673 3591 3728 Juliano
3611 3677 3796 3732 respon-

2243 3772 2322 3829 dit
2356 3791 2369 3828 :
2397 3774 2504 3830 Sed
2541 3771 2883 3838 Patet-niani,
2932 3774 3100 3843 inquis
3149 3774 3228 3842 (g)
3262 3772 3510 3839 iidemque
3540 3753 3796 3819 Venustiani

2245 3867 2471 3920 hwrrtici
2518 3867 2712 3921 similes
2743 3864 3080 3929 Manichwis,
3115 3863 3294 3917 dicunt
3328 3880 3359 3915 α
3385 3858 3562 3914 lumbis
3586 3844 3796 3923 usquead

2246 3961 2421 4030 pedes,
2452 3959 2713 4013 diabolum
2737 3959 2916 4030 fecisse
2939 3973 3124 4026 corpus
3148 3955 3393 4017 hominis,
3423 3948 3689 4020 superiores
3707 3951 3796 3992 vero

2246 4061 2415 4122 partes
2465 4049 2628 4106 Deum
2653 4091 2668 4117 ,
2692 4049 2825 4104 velut
2882 4065 3040 4114 supra
3079 4048 3238 4101 basim
3267 4047 3489 4115 aliquant
3517 4037 3790 4129 collocasse}

2245 4147 2544 4213 adduntque
2573 4144 2703 4200 nihil
2723 4144 2785 4199 ab
2808 4144 3028 4198 hontinis
3048 4141 3216 4197 studio
3244 4138 3454 4210 requiri,
3478 4147 3622 4205 quam
3645 4135 3691 4180 ut
3708 4137 3797 4213 aut-

2247 4258 2348 4306 ma,
2379 4256 2535 4310 quam
2555 4241 2608 4292 in
2627 4239 2910 4300 stomacho,
2933 4247 2980 4290 et
3001 4236 3166 4306 capite
3185 4232 3417 4286 habitare
3433 4229 3621 4284 dicunt,
3643 4209 3798 4310 tttttttdtl

2247 4347 2474 4393 servetur
2497 4377 2510 4398 ,
2543 4333 2727 4408 pultem
2761 4348 2872 4386 vere
2897 4373 2910 4397 ,
2940 4331 2984 4383 si
3012 4329 3243 4382 omnium
3269 4325 3580 4398 flagitiorum
3601 4308 3797 4368 sordibus

2249 4428 2569 4493 obliniatur;
2611 4425 2756 4478 aiunt
2787 4423 2855 4476 ad
2898 4439 3047 4477 suam
3091 4437 3193 4475 non
3223 4419 3474 4492 pertinere
3507 4422 3684 4464 curam.
3713 4437 3756 4453 ο·
3784 4433 3794 4447 ·

617 4509 706 4566 ιν.
737 4513 1146 4570 Valentinianus
1169 4485 1430 4572 liueatino
1459 4518 1629 4586 legem
1661 4515 1809 4571 dedit
1830 4515 2146 4585 inscriptam
2176 4485 2224 4545 D
2253 4521 2390 4590 quod
2414 4536 2506 4590 ego
2528 4485 2580 4572 in
2606 4519 2733 4572 libro
2759 4533 2871 4570 meo
2899 4516 3064 4588 posui,
3101 4485 3250 4585 longe
3270 4513 3424 4567 distat
3445 4505 3504 4560 ub
3529 4503 3632 4557 istis
3652 4494 3799 4590 Pater-

551 4603 797 4674 Ampelio
825 4605 887 4662 P.
923 4607 987 4663 U.
1019 4619 1212 4664 eontra
1236 4609 1561 4664 Manicltmos
1594 4608 1690 4681 (ε).
1724 4609 1990 4665 Baronius
2023 4610 2149 4665 huic
2253 4614 2440 4676 nianis,
2470 4611 2559 4666 seu
2606 4609 2949 4664 Venustianis.
3002 4605 3114 4679 Ego
3145 4605 3422 4660 secundum
3451 4591 3727 4654 catholicam
3753 4581 3800 4646 β’

549 4699 657 4770 legi
685 4715 901 4756 causam
919 4702 1147 4778 dedisse
1178 4713 1367 4760 censet
1397 4704 1684 4766 factiones,
1709 4720 1770 4758 ac
1796 4705 2002 4769 turbas,
2029 4719 2150 4773 quas
2251 4708 2389 4774 dem,
2419 4716 2579 4762 totum
2607 4705 2862 4759 hominem
2890 4712 3051 4757 totam
3086 4700 3282 4754 scilicet
3316 4697 3553 4753 animam,
3581 4684 3798 4778 talenti!”

551 4794 621 4850 ab
661 4794 761 4850 hac
792 4796 1026 4852 colluvie
1067 4814 1213 4866 saepe
1255 4797 1500 4852 excitatae
1543 4797 1741 4854 Urbem
1791 4799 1960 4868 ipsam
1986 4813 2152 4853 vexa—
2251 4820 2439 4872 corpus
2482 4801 2590 4854 Deo
2615 4817 2831 4864 εαηιηιο,
2872 4808 2918 4852 et
2947 4813 3062 4851 vero
3086 4796 3256 4849 tribuo
3277 4771 3797 4872 Creatori;diaboluttl:

913 4850 916 4851 ν
1005 4850 1018 4852 _
1555 4850 1738 4854 _,_--,,
1792 4850 1836 4868 γ
2252 4850 2437 4872 ην,
2482 4850 2583 4854 -,,
2881 4850 2912 4852 η
2955 4850 2962 4851 ,

552 4893 684 4950 bant
709 4935 723 4960 ,
766 4908 966 4964 easque
996 4895 1064 4951 ab
1093 4896 1397 4965 Augustino
1433 4895 1678 4965 pluribus
1709 4893 1760 4948 in
1785 4893 1918 4950 locis
1942 4893 2150 4950 descri-
2254 4904 2424 4949 autem
2455 4893 2587 4955 dico,
2615 4893 2915 4952 humanam,
2939 4888 3017 4943 vel
3042 4887 3238 4958 aliquid
3265 4889 3377 4958 ejus
3402 4895 3498 4934 non
3522 4879 3714 4928 creasse,
3733 4850 3801 4912 8εά

649 5005 703 5062 ai
737 5007 891 5062 Tom.
923 5023 983 5072 tt,
1016 5008 1106 5062 lib.
1140 5025 1197 5073 ιι,
1231 5024 1351 5078 cap.
1385 5009 1439 5076 5,
1465 5017 1568 5063 art.
1602 5011 1653 5064 l.

651 5079 711 5218 bi
745 5078 853 5134 Vit.
891 5079 1074 5145 Basil,
1108 5095 1224 5150 cztp.
1262 5082 1351 5135 55.

653 5170 680 5207 c
741 5150 875 5206 Cod.
902 5152 1134 5218 Tlteod.,
1165 5153 1201 5206 Ι.
1233 5151 1286 5217 5,
1319 5151 1350 5206 d

653 5150 711 5218 cl
741 5150 875 5206 Cod.
902 5152 1134 5220 Tlteod.,
1165 5153 1201 5206 Ι.
1233 5151 1286 5217 5,
1319 5151 1386 5206 de
1419 5150 1618 5206 Hzeret.

651 5223 710 5294 d)
737 5223 878 5280 Hier.
911 5225 1002 5281 85.

656 5299 701 5358 ei
745 5297 824 5352 Ad
866 5312 986 5366 cap.
1016 5294 1086 5351 85
1119 5294 1401 5366 Augustin.
1429 5294 1501 5366 de
1522 5294 1663 5366 Hrer.

631 5364 700 5440 (ί)
739 5364 1173 5440 Ουηινξιίῃιίθη,
1195 5365 1288 5420 Μ).
1313 5381 1368 5440 _v_,
1405 5382 1458 5440 η,
1487 5365 1589 5432 26,
1619 5365 1763 5440 edit.
1784 5364 1888 5440 an,

751 5439 947 5494 Marius
970 5439 1284 5512 Victorinus
1313 5437 1791 5512 libellumscripsit
1815 5452 1842 5488 a
1867 5433 2158 5512 Sirtnondo

557 5506 759 5580 editum
805 5524 911 5566 tom
961 5511 979 5566 l
1027 5510 1216 5577 Opem,
1265 5525 1316 5579 p.
1349 5506 1501 5580 ΞΜἈ
1534 5507 1667 5562 Ven.
1712 5508 1868 5572 edit.,
1896 5509 2158 5580 adversus

519 5591 534 5600 ‘
560 5578 822 5638 Iustinum
872 5583 1246 5648 lilanirhmnm,
1271 5578 1432 5650 quem
1467 5578 1753 5632 Romanum
1781 5591 1952 5633 vocat.
1989 5578 2157 5647 llujos

562 5653 724 5726 igitur
746 5655 1088 5726 propudiosa:
1115 5661 1277 5709 sectae
1304 5651 1596 5726 choragum
1621 5651 1960 5726 illutn‘fnisse
1984 5650 2155 5726 eonji:

561 5720 688 5794 cio;
717 5720 812 5783 cur
841 5729 984 5784 enim
1014 5742 1123 5799 prae
1147 5725 1361 5784 caeteris
1390 5720 1694 5781 Victorinus
1740 5721 1889 5780 illum
1919 5720 2160 5794 peteret?

2249 5009 2515 5065 Caeterum
2548 5007 2712 5062 fuisse
2741 5008 2887 5062 illum
2921 5019 2986 5059 ex
3018 5004 3119 5058 hoc
3150 4976 3802 5072 Μειιιίυὴίωηιζη,ῙδῗθῗιΙξΫῖ

2264 5084 2462 5164 minent
2503 5081 2808 5150 Colligimus
2853 5092 2916 5130 ex
2951 5073 3301 5164 hisejttsdem
3337 5058 3601 5164 Victnriltﬂi.
3618 5049 3803 5164 V313;

2267 5151 2430 5207 Deum
2473 5155 2866 5218 omnipotentem
2896 5147 3213 5220 conditorem
3235 5155 3373 5220 tuum
3402 5132 3698 5220 [uicarius-Ill.

2820 5199 2888 5274 i
2902 5199 3037 5273 enim
3060 5199 3304 5286 templum
3325 5199 3415 5269 Dei
3430 5223 3526 5263 non
3540 5199 3802 5287 coniugali:

2265 5314 2360 5369 que
2373 5267 2591 5370 :pim‘tns
2616 5294 2790 5364 ejusin
2816 5290 2960 5345 nobis
2980 5301 3052 5344 est
3070 5305 3086 5352 ;
3107 5267 3284 5381 sirejn‘s
3305 5267 3802 5381 Sftltuti.‘tfl:?li‘::lfblg

2265 5343 2464 5434 ἶαιιιιῧ,
2489 5343 2683 5431 animii,
2718 5375 2762 5418 et
2787 5377 3022 5448 corpore;
3043 5371 3092 5416 et
3121 5343 3350 5446 estlillud
3370 5359 3556 5448 vetui-".1
3560 5343 3768 5448 Ξηξαῗίες

2265 5403 2464 5434 outuua,
2489 5403 2683 5431 uuuuu,
2718 5403 2760 5418 ιι
2787 5403 2861 5418 ινα
2879 5403 3018 5432 μνιν,
3043 5403 3091 5416 ν·
3121 5403 3191 5415 νυν
3222 5403 3347 5413 ..συ-ν-
3371 5403 3431 5409 v—~
3538 5403 3547 5411 1

2265 5459 2375 5494 cum
2407 5450 2582 5495 sancto
2609 5454 2696 5491 ore
2715 5436 2995 5508 prolatum,
3020 5433 3192 5508 omnia
3215 5435 3267 5484 in
3286 5403 3752 5508 omni?”

2267 5479 2374 5525 των·
2407 5479 2580 5522 Nam"
2609 5479 2694 5518 νγ
2715 5479 2994 5517 νην-,πεπνπ
3396 5499 3402 5506 .
3637 5479 3665 5531 α

2267 5522 2428 5581 igitur
2447 5528 2493 5564 st
2511 5512 2794 5581 haereticos
2827 5508 2946 5561 illos
2965 5497 3482 5581 Justtntarwsabotllo
3495 5498 3665 5581 iuge“

2269 5555 2493 5637 libra-rii-
2512 5555 2615 5650 Im}
2667 5580 2875 5634 facilem
2904 5591 3146 5650 errorem
3182 5570 3506 5628 Venuslianos
3525 5555 3695 5614 em‘cer

2269 5648 2622 5711 Maniclneum
2649 5651 2797 5708 illum
2824 5649 2918 5706 alii
2943 5648 3154 5706 Iustum
3183 5653 3393 5702 vocant.

3697 5532 3798 5596 inti
