3998 6346
232 233 302 288 ιιι
1603 218 2148 278 PROLEGOMENA.
2225 289 2232 294 _

879 343 1015 413 quod
1051 341 1094 395 si
1121 355 1304 411 parum
1331 349 1402 392 est
1423 379 1438 404 ,
1472 352 1583 392 ecce
1611 335 1800 389 damno
1830 341 1883 401 Α
1910 333 2078 389 fuisse
2109 335 2547 408 llieronymianae
2577 334 3028 406 peregrinationis
3067 333 3354 389 terminum
3387 352 3398 386 :
3433 331 3506 386 si-

226 348 398 401 tutiasse
442 356 702 400 naturam.
735 384 746 398 .
779 385 790 397 .
823 384 832 396 .

223 451 257 495 et
273 439 644 494 anathematizo
671 452 733 491 ea
752 452 866 508 qttte
886 433 1230 489 Paternianos
1249 439 1300 485 et
1332 427 1669 484 Venustianos
1689 443 1804 482 sen-

221 535 292 590 tire
312 533 495 588 dixisti
515 577 529 597 ,
562 534 702 587 addo
733 533 887 586 etiam
920 528 1260 584 Manicha’os.
1293 523 1657 580 Venustianos
1705 521 1807 576 ita-

223 645 301 699 que
323 645 351 681 a
388 628 624 684 Damaso
645 627 930 681 damnatos
963 621 1367 678 Valentinianus
1395 618 1657 684 coercuit,
1689 618 1806 687 lege

220 723 435 794 generali
485 723 587 776 lata
637 726 824 775 contra
867 715 1222 780 Maniclttros,
1255 730 1483 784 quorum
1512 710 1806 781 appellatio

221 831 383 872 Omnes
416 831 484 869 ex
516 814 710 869 infecta
741 811 921 866 radice
949 809 1235 878 pestiferos
1257 805 1502 861 surculos
1529 802 1804 872 complec-

220 909 431 967 teltatur.
468 908 600 962 Hinc
620 904 896 962 Gutfridus
925 901 1283 960 Viterbiensis
1310 897 1390 972 (τι)
1421 900 1561 952 hunc
1583 895 1804 968 pontiﬁ-

221 1021 315 1062 cem
328 1003 658 1059 ManicltmOs
677 1000 1000 1055 detestatum
1020 995 1255 1066 scripsit.
1273 994 1484 1048 Damasi
1499 989 1804 1059 exemplum

224 1098 391 1153 deinde
435 1095 608 1150 secuti
648 1093 892 1158 Siricius,
927 1106 989 1146 ac
1020 1091 1129 1146 Leo
1156 1089 1375 1159 Magnus
1398 1130 1411 1152 ,
1440 1094 1552 1140 tum
1577 1084 1676 1154 ipsi
1711 1098 1806 1154 per

225 1208 299 1257 se,
330 1201 442 1244 tum
473 1203 569 1257 per
602 1188 954 1256 imperatores
982 1183 1084 1238 hoc
1118 1181 1350 1236 infamiae
1381 1195 1569 1250 genus,
1604 1176 1804 1230 nedum

226 1284 277 1339 ab
308 1281 587 1348 Ecclesiae,
625 1296 810 1336 verum
841 1277 1001 1333 etiam
1024 1294 1051 1330 ει
1079 1273 1404 1347 Reipublicae
1436 1286 1664 1343 corpore
1691 1271 1806 1341 eje-

227 1387 412 1435 uerunt.

801 1485 1030 1544 CAPUT
1072 1485 1206 1541 Vlll.

268 1611 380 1679 375,
411 1609 620 1666 DAIASI
652 1607 708 1674 8,
735 1605 1171 1662 Vsnsnrttusaus
1198 1613 1323 1658 suo.
1365 1613 1416 1656 tv
1445 1611 1512 1654 ar
1539 1595 1758 1652 VsLerts

819 1717 941 1757 AUG.
975 1716 1026 1754 IV
1057 1711 1200 1754 C058.

232 1819 265 1874 l.
299 1817 551 1872 Damasus
601 1816 798 1871 litteras
844 1829 876 1868 ιι
906 1813 1103 1868 Sabino
1141 1811 1327 1865 allatas
1353 1808 1422 1862 ad
1449 1807 1704 1862 Basiliam
1733 1823 1814 1861 re-

289 1911 414 1964 mitti
443 1919 594 1963 curat
636 1925 726 1984 per
757 1907 1033 1978 Eeagriunt
1069 1904 1461 1968 Antiochenam,
1505 1881 1812 1972 atquezlias

282 2007 432 2078 juxta
456 2004 816 2075 pra-scriptam
844 1999 1025 2056 Roma:
1045 1997 1320 2068 formulam
1343 1995 1529 2049 scribi:
1551 2009 1650 2063 quo
1675 2010 1811 2048 anno

294 2097 544 2168 Euagrius
569 2097 624 2149 in
655 2093 916 2149 Orientem
943 2090 1172 2146 redierit.
1197 2090 1261 2144 ll.
1284 2088 1390 2143 Cur
1421 2086 1602 2142 Basilii
1631 2087 1814 2141 littera:

295 2191 517 2246 Damaso
542 2205 646 2244 non
673 2187 992 2258 placuerint,
1020 2185 1203 2255 quidue
1251 2185 1305 2236 in
1355 2181 1464 2236 illis
1495 2180 1814 2235 desiderasse

291 2286 522 2339 rideatur
545 2283 571 2338 ?
593 2281 681 2337 Ill.
705 2281 835 2346 Quae
860 2279 1090 2344 eiusdem
1113 2275 1445 2345 Basilii,quat
1469 2273 1678 2328 Eusebii
1705 2273 1805 2328 Sa-

292 2376 541 2431 mosaleni
559 2415 576 2441 ,
606 2375 695 2444 qui
719 2374 982 2429 consultare
1008 2389 1038 2425 a
1068 2369 1261 2424 Basilio
1283 2372 1471 2439 fuerat,
1493 2366 1559 2420 de
1578 2365 1727 2420 rebus
1746 2365 1810 2419 ab

293 2467 517 2539 Evagrio
566 2478 685 2520 tunc
728 2465 1027 2535 postulatis,
1071 2462 1320 2517 sententia
1354 2460 1554 2530 fuerit?
1597 2457 1687 2513 IV.
1737 2457 1813 2513 De

295 2560 566 2616 Athanasii
596 2560 756 2624 obitu,
782 2557 927 2613 Petri
945 2555 1288 2612 Alexandrini
1309 2554 1575 2620 electione,
1607 2557 1817 2626 ejusque

289 2654 355 2710 ad
389 2651 585 2708 Urbem
627 2656 771 2724 fuga.

287 2788 327 2843 l.
368 2787 590 2843 Litterae
648 2801 781 2856 quas
823 2799 851 2838 a
890 2781 1093 2838 Basilio
1130 2780 1412 2836 communi
1457 2777 1815 2834 Orientalium

223 2884 436 2936 nomine
486 2879 739 2951 scriptas,
773 2879 1004 2935 Sabinus
1047 2877 1099 2930 in
1136 2875 1486 2931 Occidentem
1534 2874 1814 2940 retulerat,

228 2973 450 3028 Dantaso
494 2983 602 3026 ιιοιι
640 2972 980 3042 placuerunt.
1015 2969 1068 3024 Id
1098 2977 1310 3024 constat
1340 2983 1403 3022 ex
1433 2966 1611 3020 Basilii
1649 2965 1817 3035 ipsius

223 3067 439 3136 epistola
469 3065 536 3120 ad
589 3064 884 3118 Eusebium
918 3061 1333 3118 Samosatenum
1368 3057 1473 3114 hoc
1503 3074 1643 3112 anno
1673 3056 1816 3122 data,

3395 183 3501 272 tas

1911 427 2130 496 quidem
2166 427 2240 481 ait
2263 428 2350 482 hic
2373 428 2426 482 in
2453 427 2683 499 epistola
2717 427 2806 482 illa
2832 425 2897 481 ad
2923 425 3199 491 Ruﬁnum,
3228 425 3282 479 in
3311 425 3509 480 incerto

1907 521 2333 594 peregrinationis
2351 522 2563 584 erranti,
2589 539 2704 575 cum
2725 520 2972 587 Thracia,
2998 517 3215 584 Pontus,
3234 518 3502 588 Bithynia,

1909 625 2170 686 totumque
2201 613 2438 679 Galatiae,
2495 624 2543 667 et
2573 611 2921 683 Cappadocia!
2945 614 3058 676 iter,
3083 623 3130 666 et
3159 612 3359 684 fervido
3382 609 3510 664 Cili-

1907 724 2022 762 cum
2069 717 2206 762 terra
2258 709 2491 778 fregisset
2517 716 2664 773 testu,
2693 707 2850 777 Syria
2889 707 3022 760 velut
3065 707 3344 775 ﬁdissimus
3375 719 3509 758 nau-

1909 802 2058 871 frago
2087 813 2267 882 portus
2317 800 2541 855 occurrit
2571 797 2664 870 (ε).
2716 797 2784 854 At
2813 800 2856 852 si
2904 799 3029 865 ille,
3079 813 3224 853 anno
3263 798 3368 854 570
3416 805 3510 852 aut

1910 898 2107 965 altero,
2167 898 2220 952 in
2271 895 2548 953 Orientem
2600 895 2752 958 abiit,
2802 894 2943 966 quod
2989 894 3117 949 huic
3170 905 3283 948 toto
3324 891 3508 948 itineri

1910 993 2250 1051 conﬁciendo
2325 1003 2536 1063 tempus
2603 989 3002 1046 attribuemns?
3068 977 3158 1046 Αιῖ
3215 1003 3346 1044 vero
3407 988 3509 1043 sub

1910 1089 2035 1142 anni
2083 1087 2182 1143 571
2236 1086 2395 1141 linem
2427 1127 2442 1151 ,
2499 1093 2592 1139 aut
2642 1083 2815 1139 altero
2872 1082 3102 1149 saltem,
3165 1081 3509 1137 Antiochiam

1915 1183 2097 1238 venire
2125 1197 2230 1236 ttun
2261 1177 2466 1250 potuit?
2494 1181 2562 1234 At
2585 1177 2851 1248 Evagrius
2905 1177 2957 1230 in
2988 1192 3049 1231 ea
3110 1175 3242 1231 urbe
3289 1175 3506 1244 agebat,

1913 1286 2200 1346 antequam
2241 1274 2598 1345 l‘lteronymus
2649 1271 2715 1326 ad
2765 1269 3111 1325 solitudinem
3157 1284 3309 1323 suam
3359 1281 3513 1322 sece-

1911 1370 2084 1425 deret.
2131 1368 2268 1422 Hiuc
2307 1366 2590 1422 Florentio
2642 1365 2908 1419 monacho
2953 1363 3141 1418 scribit
3172 1363 3285 1433 ipse
3322 1362 3392 1417 de
3423 1375 3504 1427 se,

1910 1463 2214 1534 magistrum
2249 1460 2396 1532 pueri
2425 1459 2536 1524 tui,
2602 1457 2666 1510 de
2729 1473 2827 1528 quo
2874 1456 3113 1528 dignatus
3157 1471 3209 1508 cs
3257 1454 3509 1520 scribere,

1912 1571 2047 1626 swpe
2118 1551 2373 1624 Euagrius
2442 1551 2704 1624 presbyter
2731 1593 2746 1618 ,
2816 1549 2935 1602 dum
2999 1548 3166 1602 adhuc
3227 1547 3510 1602 Antiocltite

1915 1666 2112 1712 essent,
2181 1664 2261 1701 me
2311 1655 2559 1719 prtesente
2615 1644 2862 1714 corripuit
2937 1642 3051 1715 (f).
3101 1639 3510 1696 Observandum

1837 1742 1888 1802 B
1918 1758 2047 1798 vero
2095 1752 2354 1813 praeterea
2409 1749 2525 1805 est,
2569 1736 2850 1808 epistolam
2909 1735 3056 1790 illam
3100 1734 3324 1788 omnino
3373 1731 3512 1788 scri-

1920 1847 2062 1908 ptam
2083 1878 2096 1902 ,
2128 1833 2414 1905 antequam
2446 1833 2670 1888 Ruﬁnus
2703 1828 3085 1885 Alexandriam
3115 1825 3422 1892 accederet,
3458 1831 3516 1880 ut

1917 1947 1982 1986 ex
2051 1927 2165 2001 ejus
2220 1937 2425 1984 tantum
2475 1927 2705 1981 lectione
2753 1933 2937 1994 aperte
2980 1928 3212 1977 constat.
3277 1919 3332 1978 Si
3384 1931 3515 1974 vero

1919 2025 2186 2090 Melania,
2240 2023 2325 2078 cui
2381 2024 2606 2078 Ruﬁnus
2663 2017 2964 2091 Spiritualis
3013 2017 3106 2071 vite
3153 2029 3338 2071 comes
3383 2011 3514 2068 ade-

1919 2130 2020 2183 tat,
2054 2137 2143 2174 sea:
2173 2120 2438 2184 dumtaxat
2471 2131 2688 2171 menses
2719 2117 2771 2168 in
2813 2111 3050 2184 Egypto
3081 2107 3279 2165 mansit
3456 2105 3516 2161 Si

1920 2225 2177 2287 pra-terea
2221 2229 2314 2270 eos
2344 2213 2535 2282 partim
2570 2204 2825 2280 transegit
2869 2210 2968 2263 sub
2993 2203 3310 2270 Athanasio,
3345 2217 3374 2256 a
3409 2216 3518 2273 quo

1918 2309 2117 2364 celebri
2145 2309 2292 2361 ovina
2330 2307 2462 2379 pelle
2485 2304 2682 2358 donata
2732 2312 2814 2357 est
2863 2300 2962 2372 (It),
3019 2298 3207 2367 partim
3240 2296 3340 2351 sub
3366 2295 3521 2350 initio

1921 2403 2086 2466 Petri,
2121 2398 2394 2454 Athanasii
2451 2397 2810 2464 successoris,
2869 2402 3137 2463 motaeque
3185 2390 3252 2444 ab
3301 2387 3519 2444 Ariauis

1919 2495 2332 2568 persecutionis,
2363 2493 2519 2563 cujus
2549 2491 2636 2546 illa
2665 2507 2788 2562 pars
2811 2489 2906 2544 fuit
2931 2489 2993 2560 (i)
3014 2531 3028 2554 ,
3054 2485 3273 2559 Egypli
3301 2489 3533 2538 monas-'

1922 2590 2052 2646 teria
2086 2589 2317 2644 circuire
2351 2602 2454 2641 non
2503 2583 2696 2658 potuit,
2747 2583 2849 2638 nisi
2895 2597 3026 2650 uno,
3079 2589 3170 2634 aut
3202 2577 3372 2632 altero
3403 2585 3520 2630 lan-

1919 2691 2030 2738 ttnn
2055 2682 2294 2752 ejusdem
2325 2679 2718 2752 persecutionis
2746 2691 2954 2740 mense,
2982 2689 3155 2746 eoque
3181 2673 3364 2738 elapso
3397 2669 3522 2724 Hie-

1921 2777 2246 2844 rosolymam
2279 2789 2467 2829 versus
2496 2772 2723 2826 solvisse
2755 2768 2934 2824 debuit
2961 2786 2973 2821 :
2999 2777 3050 2820 at
3090 2781 3211 2820 cum
3247 2763 3519 2831 Hierony-

1921 2885 2044 2925 mus
2072 2867 2361 2923 solitudine
2391 2881 2485 2919 sua
2509 2865 2620 2934 jam
2652 2861 2942 2926 frueretur,
2972 2866 3031 2914 ut
3059 2873 3124 2913 ex
3153 2858 3268 2928 ejus
3297 2853 3363 2909 ad
3404 2851 3519 2906 Ru-

1922 2963 2085 3017 ﬁnum
2118 2961 2342 3032 cpistola
2389 2964 2601 3014 Constat
2627 2956 2726 3029 (j),
2783 2969 2888 3021 quo
2921 2959 3076 3022 pacto
3121 2945 3521 3020 Cappadociam

1923 3065 2050 3110 tunc
2101 3053 2359 3124 temporis
2403 3063 2718 3120 peragrasse
2772 3063 2893 3100 cum
2929 3043 3159 3115 Evagrio
3191 3041 3379 3112 potuit,
3431 3037 3523 3109 qui

223 3130 340 3230 quae
379 3161 454 3214 sic
499 3161 576 3213 ait
610 3177 623 3212 :
655 3156 929 3228 Presbyter
977 3152 1234 3226 Euagrius
1281 3152 1585 3221 Pompeiani
1633 3151 1815 3204 Antio-
1843 3137 1888 3202 C
1924 3147 2036 3202 ﬁeri
2079 3145 2272 3201 deinde
2303 3152 2499 3214 potest,
2533 3151 2586 3196 ut
2641 3140 2920 3210 Evagrius,
2953 3136 3041 3208 qui
3085 3134 3386 3190 Antiochia:
3409 3130 3518 3202 jam

224 3255 414 3307 cltensis
452 3253 619 3323 ﬁlius,
651 3255 736 3321 qui
771 3251 1029 3322 quondam
1075 3251 1129 3303 in
1165 3248 1493 3302 Occidentem
1518 3263 1632 3300 cum
1666 3246 1818 3300 beato

227 3343 442 3401 Eusebio
486 3349 752 3418 profectus
781 3347 974 3414 fuerat,
1009 3341 1174 3396 Roma
1205 3359 1339 3396 nunc
1370 3342 1524 3404 rcuit,
1577 3350 1750 3411 petens
1787 3357 1822 3395 a

228 3440 367 3495 nobis
393 3441 684 3511 epistolam,
713 3440 781 3492 ad
806 3437 1012 3492 verbum
1033 3437 1146 3508 ipsa
1169 3437 1278 3495 illa.
1311 3451 1426 3506 qute
1448 3434 1510 3488 ab
1531 3436 1604 3488 eis
1627 3433 1820 3505 scripta

231 3545 340 3588 sunt
381 3536 717 3589 continentem
749 3534 946 3604 (nostra
986 3543 1157 3585 autem
1183 3530 1327 3584 nobis
1359 3539 1494 3585 retro
1539 3531 1734 3592 retulit,
1769 3539 1822 3584 ut

231 3626 348 3679 viris
394 3627 496 3680 illis
541 3623 956 3680 accuratioribus
996 3641 1098 3677 non
1127 3621 1404 3695 placentia)
1429 3633 1472 3676 et
1518 3622 1825 3695 legationem

231 3721 444 3790 aliquant
472 3737 562 3789 per
587 3721 722 3774 viros
751 3726 1053 3788 prtestantes
1077 3717 1308 3770 celeriter
1355 3717 1507 3783 mitti,
1539 3727 1590 3770 ut
1623 3715 1821 3787 specio-

233 3831 335 3867 sam
376 3815 451 3869 illi
493 3814 813 3869 occasionem
851 3812 1072 3866 habeant
1109 3827 1202 3865 nos
1233 3810 1484 3864 invisendi
1536 3809 1633 3881 (b).
1687 3809 1824 3865 Sunt

236 3909 318 3976 qui
345 3926 403 3962 ex
444 3907 549 3964 hoc
579 3909 701 3962 luco
751 3915 1010 3976 arguunt,
1059 3905 1346 3975 Evagrium
1391 3903 1642 3958 invisisse
1672 3903 1826 3958 Basi-

238 4000 378 4069 lium,
406 4018 523 4057 cum
552 4005 619 4056 ab
637 4000 929 4056 Occidente
953 3999 1143 4066 redux,
1167 4007 1221 4053 et
1243 3998 1574 4070 Hieronymo
1602 4012 1821 4064 comes,

242 4107 329 4162 per
353 4095 729 4166 Cappadociam
758 4094 1188 4163 peregrinaretur,
1215 4101 1376 4160 atque
1405 4101 1690 4161 antequam
1717 4092 1828 4166 An-

245 4187 501 4251 tiochiam,
525 4184 672 4240 unde
701 4201 822 4240 cum
854 4185 1087 4240 Eusebio
1112 4180 1450 4238 Vercelleusi
1473 4157 1821 4248 discesserat,

247 4279 422 4335 iterum
443 4296 498 4335 se
521 4278 796 4334 redderet.
825 4275 895 4332 At
917 4277 1031 4332 haec
1054 4275 1240 4346 Opinio
1263 4277 1352 4329 vix
1382 4273 1600 4344 probari
1627 4281 1822 4343 potest.

249 4369 366 4428 Nam
386 4373 427 4428 si
463 4371 727 4443 Evagrius
759 4383 904 4426 retro
933 4369 1077 4435 tulit,
1107 4385 1168 4423 ac
1197 4367 1394 4424 Basilio
1423 4367 1674 4432 reddidit,
1706 4383 1828 4438 qua:

252 4465 330 4522 ille
357 4483 443 4537 per
466 4466 728 4524 Sabinum
764 4465 986 4519 Romam
1017 4463 1217 4532 scripta
1251 4463 1492 4527 miserat,
1527 4459 1571 4514 si
1591 4459 1828 4516 Sabinus

1924 3237 2106 3296 sedem
2131 3238 2512 3300 collocaverat,
2541 3243 2698 3304 atque
2717 3231 2982 3299 hospitem
3013 3227 3396 3296 Hieronymum
3425 3221 3524 3276 ali-

1924 3343 2055 3405 quot
2100 3335 2290 3387 saltent
2347 3343 2562 3383 menses
2603 3325 2918 3388 retinuerat,
2977 3331 3265 3389 antequam
3299 3315 3364 3370 ad
3397 3329 3518 3369 ere-

1927 3443 2071 3481 ιιιιιιιι
2103 3425 2438 3480 secessisset.
2467 3421 2632 3476 Roma
2661 3430 2785 3472 tunc
2814 3415 3029 3470 venisse
3049 3413 3278 3473 dicatur,
3308 3423 3428 3462 cum
3455 3406 3522 3461 ad

1925 3491 2179 3573 Basiliuui
2207 3515 2435 3570 acceSsit
2463 3509 2563 3566 ltoc
2590 3506 2971 3564 scilicetannol
2991 3499 3208 3559 Certum
3230 3501 3432 3571 itaque,
3461 3498 3516 3553 ni

1925 3611 2099 3673 fallor,
2137 3618 2418 3676 ratumque
2446 3615 2549 3669 est,
2585 3599 2871 3672 Evagriutn
2901 3597 3003 3652 hoc
3032 3597 3136 3650 iter
3167 3592 3230 3647 ad
3264 3591 3516 3647 Basiliutn

1927 3702 2241 3767 instituisse,
2278 3717 2388 3754 uno
2421 3707 2624 3753 tantum
2657 3696 2828 3764 jussu,
2877 3689 3236 3758 mandataque
3289 3680 3522 3738 Damasi.

1929 3795 2156 3852 Basilius
2206 3807 2386 3848 autem
2419 3834 2433 3858 ,
2491 3806 2612 3844 cum
2663 3803 2788 3843 eum
2843 3784 3009 3840 Roma
3058 3792 3184 3834 tunc
3217 3776 3522 3833 venientettt

1929 3867 2185 3958 scripsit;
2221 3896 2309 3940 aut
2351 3885 2605 3955 ignorans
2649 3879 2888 3947 scripsit,
2944 3883 3035 3928 aut
3064 3871 3242 3927 Romae
3281 3868 3524 3932 notnine,

1931 3981 2220 4036 Damasum
2269 3979 2570 4034 Romanum
2602 3975 2936 4044 episc0pum,
2990 3983 3018 4021 a
3058 3982 3166 4035 quo
3212 3966 3408 4020 missus
3440 3961 3528 4015 ille

1929 4077 2125 4142 fuerat,
2151 4071 2434 4134 intellexit,
2469 4081 2559 4124 aut
2582 4069 2642 4125 τὸ
2672 4069 2780 4123 νὺν.
2813 4062 2954 4118 idem
2980 4059 3144 4123 valet,
3173 4073 3234 4110 ae
3266 4050 3527 4124 particula

1931 4166 2040 4237 οὖν,
2069 4177 2126 4224 ut
2147 4183 2290 4239 saepe
2317 4167 2475 4230 solet,
2499 4178 2561 4218 ac
2585 4169 2762 4216 rectus
2786 4157 2887 4212 hoc
2915 4156 3055 4213 loco,
3079 4161 3529 4219 consequensqne

1931 4265 2190 4322 orationis
2215 4237 2350 4316 ordo
2378 4255 2649 4330 postulare
2675 4253 2888 4306 videtur
2919 4266 2932 4303 :
2966 4242 3226 4314 Evagrius
3252 4241 3394 4298 enim
3416 4237 3526 4307 jam

1931 4357 2022 4413 diu
2066 4365 2220 4410 antea
2269 4351 2455 4408 sedem
2501 4343 2796 4402 Antiochia:
2825 4341 3202 4399 constituerat,
3233 4331 3528 4388 amiCnrum

1934 4454 2140 4508 litteras
2187 4445 2254 4504 ab
2295 4445 2586 4502 Occidente
2631 4437 2902 4508 accipiens
2950 4449 3014 4489 ac
3055 4430 3294 4488 vicissim
3342 4423 3530 4482 distri-

251 4573 374 4614 anno
401 4563 580 4633 elapso
603 4560 714 4630 jam
749 4567 1004 4627 provecto
1041 4555 1105 4611 ad
1138 4558 1423 4610 Datnasutn
1457 4555 1728 4609 rediturus
1756 4569 1826 4610 ex
1853 4531 1908 4594 Ι)
1935 4549 2122 4602 buens.

251 4649 574 4722 Orientein
600 4653 861 4718 solverat,
910 4651 1029 4705 ﬁeri
1061 4667 1167 4705 non
1211 4657 1406 4720 potest,
1444 4657 1501 4702 ut
1544 4661 1669 4703 tunc
1718 4649 1826 4718 pri-

252 4761 376 4801 mum
416 4749 586 4804 Roma
628 4747 842 4803 venisse
882 4745 1112 4810 dicatur,
1145 4743 1248 4798 hoc
1281 4743 1490 4798 scilicet
1518 4757 1684 4808 anno,
1718 4757 1826 4812 quo

249 4855 275 4893 ιι
299 4840 482 4898 Basilio
506 4844 658 4896 visus
711 4849 815 4896 est.
871 4839 1147 4910 Siquidem
1183 4838 1570 4909 llieronymns,
1619 4837 1702 4891 cui
1737 4853 1828 4890 eo—

249 4949 348 4990 mes
374 4936 533 4991 ﬁtisse
565 4933 826 4998 creditur,
856 4943 980 4986 ante
1004 4930 1282 4994 Ruﬁnum,
1318 4939 1374 4982 ut
1406 4931 1519 4996 ipse
1541 4928 1731 4998 probat
1753 4929 1830 4983 ci-

245 5025 352 5084 dem
389 5025 585 5084 Ruﬁtto
611 5027 855 5083 scribens
884 5027 977 5096 (c),
1009 5024 1238 5078 Ruﬁnus
1265 5031 1445 5076 autem
1471 5023 1521 5075 in
1551 5022 1827 5077 Orientem

245 5137 371 5179 anno
398 5125 499 5182 57!
539 5123 812 5194 proiectus
840 5121 1015 5176 luerat
1043 5117 1146 5190 (ά),
1177 5125 1337 5184 atque
1362 5117 1671 5186 insequenti
1703 5109 1830 5172 Ale-

244 5219 504 5274 xandriam
533 5207 836 5287 appulerat.
862 5213 948 5268 Me
974 5227 1080 5268 non
1103 5209 1232 5265 latet
1258 5207 1494 5281 Syriam,
1523 5209 1826 5264 extremum

307 5345 378 5416 (ιι)
412 5347 467 5402 In
499 5344 876 5416 Chron.7part.
907 5354 1018 5416 xvi.

309 5410 382 5485 (ὅ)
421 5417 596 5487 Epist.
631 5410 756 5487 158,
786 5413 919 5466 alias
940 5410 993 5465 8.

313 5481 380 5556 fr)
423 5481 592 5556 Epist.
627 5487 682 5551 ὅ,
715 5485 912 5538 Veron.
944 5481 1078 5556 edit.
1135 5551 1166 5556 __
1764 5547 1789 5556 Δ
1829 5523 1836 5528 .

310 5547 383 5685 id)
417 5547 749 5643 fontem-de
782 5555 982 5638 Set-int.
1012 5551 1190 5623 Aqui].
1216 5550 1418 5636 libatv,
1441 5563 1566 5634 cap.
1601 5565 1638 5615 ι,
1671 5565 1727 5604 ιι.
1757 5547 1822 5612 ﬁt

247 5628 310 5683 Ba
338 5631 508 5685 lertntt
539 5631 755 5685 Fratres
786 5644 836 5681 tn
857 5624 1086 5681 Observ.
1115 5624 1182 5678 ad
1207 5622 1384 5680 Norts.
1417 5622 1514 5678 ltb.
1538 5637 1575 5685 ι,
1604 5635 1723 5685 cap.
1758 5621 1822 5685 Ξῖ

249 5621 508 5686 thllerinii
539 5631 755 5686 Fratres
786 5629 836 5681 in
857 5621 1092 5681 ObservI
1115 5624 1182 5678 ad
1207 5622 1384 5680 Naris.
1417 5622 1514 5678 lib.
1538 5637 1575 5690 ι,
1604 5635 1723 5694 cap.
1758 5621 1827 5694 εδ

249 5701 314 5756 cl.
344 5700 567 5757 Vsllars.
589 5701 696 5754 Vit.
727 5698 974 5761 Hieron.,
1003 5711 1121 5766 cap.
1150 5695 1242 5751 29.

317 5772 379 5844 (ε)
419 5775 514 5846 Ep.
544 5776 601 5844 ὅ,
632 5769 754 5830 Ver.
781 5769 913 5829 edit.
939 5779 1072 5828 tom.
1098 5767 1141 5824 l.

2003 4641 2071 4698 ll.
2135 4635 2241 4695 Sed
2273 4642 2330 4690 ut
2360 4635 2414 4689 in
2447 4631 2586 4686 viam
2617 4625 2860 4693 redeam,
2886 4638 2984 4679 cur
3015 4621 3276 4676 Damasus
3311 4613 3532 4686 legatio-

1934 4753 2058 4792 nem
2084 4751 2147 4790 ex
2175 4727 2557 4804 praestantibus
2583 4723 2841 4794 dignitate
2867 4719 2994 4774 viris
3021 4714 3377 4785 compositam
3412 4723 3535 4780 pos-

1937 4828 2187 4884 tularerit
2207 4868 2221 4893 ,
2251 4825 2393 4880 ratio
2425 4822 2644 4876 minime
2671 4818 2901 4872 obseura
2931 4821 3049 4869 est:
3081 4810 3155 4865 ita
3184 4809 3328 4865 enim
3361 4804 3534 4872 major

1930 4922 2278 4994 apudnmnes
2296 4915 2469 4972 futura
2497 4923 2614 4968 erat
2641 4927 2824 4967 rerum
2853 4905 3184 4978 agendarum
3215 4897 3530 4962 auctoritas,

1932 5026 2304 5088 prtetereaque
2331 5025 2522 5067 recens
2536 5017 2656 5065 erat
2677 5003 2984 5085 exemplum
3015 5000 3397 5068 Lampsacenus:
3439 5006 3533 5064 sy-

1933 5087 2082 5176 nodi,
2115 5126 2235 5180 quae
2265 5112 2568 5178 praecipuos
2599 5102 2885 5170 epi5t:0pos
2925 5097 2990 5152 ad
3015 5095 3289 5151 Liberium
3327 5087 3535 5158 legatos

1933 5179 2176 5261 miserat;
2207 5199 2340 5256 Cum
2368 5209 2548 5253 autem
2577 5204 2788 5265 optaret
2817 5189 2930 5256 ille,
2961 5198 3019 5243 ut
3044 5203 3105 5243 ea
3129 5183 3382 5240 celeriter
3408 5179 3535 5236 mit-

2005 5329 2076 5406 (ί)
2123 5327 2294 5406 Epist.
2325 5323 2539 5406 5_.__Ver._
2567 5320 2724 5385 edit.,
2755 5328 2810 5406 et
2913 5311 3076 5406 Praef.
3110 5312 3163 5367 in
3189 5307 3439 5366 Abdiam.

2005 5387 2072 5474 ('g'
2130 5387 2318 5454 ritum.
2353 5396 2489 5451 Hist.
2527 5395 2662 5448 laus.
2691 5405 2810 5460 cap.
2842 5387 2964 5443 ιιι.

2011 5401 2092 5544 (hi
2116 5469 2419 5544 il‘alladtin
2453 5464 2644 5521 Parad.
2673 5460 2954 5544 Her._cap.

2037 5455 2092 5536 iri
2137 5469 2338 5524 Pallad.
2367 5470 2419 5521 in
2453 5464 2644 5521 Parad.
2673 5455 2954 5536 Her._cat_).
3104 5525 3139 5536 __
3226 5523 3269 5536 η
3310 5523 3324 5536 ε
3445 5522 3457 5534 ⁸

2006 5523 2290 5624 ὺλίιιυιιη.
2337 5541 2430 5624 lib.
2461 5553 2536 5605 ιι,
2561 5551 2680 5608 cap.
2710 5535 2768 5600 Ξ,
2800 5533 2868 5601 5;
2902 5523 2960 5587 Β.
2989 5525 3202 5584 Psulin.
3226 5523 3347 5581 Not.
3373 5523 3534 5594 epist.

1932 5613 2024 5682 29,
2054 5613 2261 5669 Veron.
2293 5613 2425 5672 edit.

2017 5686 2091 5764 (j)
2121 5683 2188 5756 ὅ,
2223 5685 2423 5744 Veron.
2455 5679 2589 5744 edit.
