3998 6346
521 237 628 295 159
1711 231 2026 294 SANCTUS
2065 229 2124 288 Di

2228 227 2390 288 ιευδ
2427 229 2631 290 PAPA.
3697 239 3786 300 160

517 365 761 426 teretur,
809 357 936 416 hinc
977 357 1096 432 ejus
1141 355 1570 430 deprehenditur
1614 369 1742 428 erga
1789 351 2112 410 catholicam
2143 351 2190 414 Α
2219 349 2630 404 accusationibus
2657 349 2710 404 in
2739 333 3044 424 quamquam
3071 363 3460 426 praeoccupatus
3483 357 3570 410 sit.
3599 357 3786 416 Interea

521 449 844 522 religionem
867 495 882 518 ,
909 463 1074 524 atque
1098 453 1358 508 unitatem
1389 451 1648 516 studium,
1675 451 1832 520 eique
1871 457 2120 518 propter-

523 559 588 600 ea
639 561 748 600 non
789 561 902 602 rem
942 547 1112 616 ipsam
1151 561 1180 600 a
1219 545 1420 602 Basilio
1465 543 1832 617 pr0positam,
1865 541 1960 596 sed
2005 555 2122 593 mo-

521 639 650 696 dum
683 639 842 708 forte,
877 655 984 712 quo
1013 655 1134 696 eam
1168 641 1362 698 conﬁci
1381 651 1636 710 oportere
1665 645 1978 700 censuerat,
2009 635 2120 690 dis-

523 733 796 804 plicuisse.
826 733 964 790 llinc
987 733 1279 806 Evagrius,
1303 735 1391 790 cui
1411 731 1716 790 Antiochiae
1735 729 2116 796 commoranti,

519 839 586 882 ac
615 825 863 880 lattiiliari
893 841 1024 892 suo,
1061 825 1324 882 Damasus
1359 827 1482 896 ipse
1519 825 1850 898 agendarum
1891 833 1948 879 et
1985 821 2120 878 scri-

521 919 820 978 bendarum
853 939 1032 978 rerum
1063 925 1538 980 commonitorium
1569 927 1822 988 miserat,
1861 922 2116 978 Basilium

519 1017 676 1086 petiit
693 1059 708 1086 ,
737 1027 795 1072 ut
819 1017 944 1073 alite
971 1018 1166 1075 litterae
1189 1027 1650 1090 compellerentur
1671 1018 1724 1074 id
1747 1017 2114 1080 continentes,

517 1109 661 1180 quod
685 1109 984 1166 dictaverat
1011 1111 1154 1168 idem
1185 1111 1464 1168 Romanus
1493 1111 1752 1182 pomifer.
1779 1111 1848 1164 At
1867 1109 1994 1182 quid
2017 1109 2120 1164 hoc

517 1213 670 1270 erat,
699 1201 842 1274 quod
883 1203 1116 1260 Damaso
1143 1205 1454 1274 diSplicuit,
1497 1205 1624 1276 quid
1663 1203 1864 1270 Optavit
1899 1203 1992 1258 ille
2015 1243 2030 1268 ,
2065 1211 2118 1258 ut

517 1297 570 1350 in
602 1295 724 1352 aliis
755 1295 956 1354 litteris
985 1299 1420 1368 exprimeretur?
1449 1298 1580 1354 Mitti
1610 1297 1828 1368 quidem
1851 1339 1866 1366 ,
1899 1298 1944 1350 si
1973 1293 2118 1350 divi-

519 1405 652 1446 nare
693 1391 858 1456 licet.
905 1391 1119 1448 videtur
1167 1393 1396 1447 Damaso
1435 1409 1542 1446 nou
1587 1391 1854 1462 placuisse
1891 1391 2116 1444 nimium

517 1497 646 1552 erga
693 1481 962 1538 Meletium
1010 1483 1284 1550 studium,
1325 1485 1466 1556 quod
1507 1483 1740 1540 Basilius
1783 1481 2116 1548 Athanasio,

513 1573 811 1648 itidemque
845 1575 1140 1642 Dorotheo,
1173 1587 1284 1632 tum
1313 1577 1516 1632 Sabino
1547 1577 1650 1648 ipsi
1683 1577 1734 1632 in
1765 1573 2120 1632 Occidentem

515 1667 766 1722 redeunti
805 1677 996 1736 aperte
1037 1669 1392 1738 explicuerat.
1437 1669 1672 1726 Videbat
1721 1669 1864 1726 enim
1913 1677 2120 1725 tantam

517 1773 642 1814 esse
683 1759 784 1814 viri
826 1759 986 1830 hujus
1019 1761 1374 1832 dignitatem,
1417 1771 1581 1834 atque
1619 1763 2030 1830 auctoritatem,
2061 1771 2124 1818 ut
2151 1758 2198 1820 Β

517 1855 622 1912 nisi
651 1855 916 1928 tantisper
941 1873 972 1913 a
997 1857 1266 1914 sententia
1291 1859 1402 1930 jam
1431 1859 1776 1932 prmjudicata
1803 1861 2115 1924 decederet.

519 1947 588 2004 iis
609 1965 730 2020 qua:
761 1948 904 2006 forte
945 1967 1046 2024 pro
1085 1953 1422 2010 reStituenda
1463 1955 1815 2010 Antiocheam
1857 1953 2118 2010 Ecclesia:

517 2043 760 2112 unitate,
795 2059 860 2098 ac
889 2047 1284 2118 tranquillitate
1317 2049 1606 2102 meditatus
1635 2051 1750 2118 ipse
1777 2049 1982 2116 fuerat,
2013 2049 2120 2104 im-

521 2137 836 2206 pedimento
863 2155 986 2196 esse
1017 2149 1236 2212 posset;
1263 2141 1498 2212 ideoque
1526 2143 1748 2212 Optabat
1773 2185 1786 2208 ,
1815 2149 1876 2198 ut
1905 2143 2120 2196 litteras

521 2227 716 2284 iterum
759 2233 1024 2289 scriberet
1067 2235 1447 2302 continentes,
1490 2237 1632 2306 quod
1675 2237 1792 2306 ipse
1833 2235 2122 2306 praescrip-

522 2337 708 2392 serat,
752 2325 802 2380 id
847 2343 1040 2397 nempe
1061 2371 1076 2396 ,
1117 2329 1260 2400 quod
1285 2329 1352 2384 ad
1379 2345 1500 2384 eum
1533 2333 1692 2386 linem
1725 2319 1937 2384 facilius
1965 2343 2118 2386 assc-

519 2417 793 2488 quendum
815 2458 830 2484 ,
855 2429 1038 2492 aptum
1061 2435 1184 2478 esse
1211 2423 1592 2488 intellexerat;
1617 2433 1670 2478 et
1695 2433 1750 2476 ut
1778 2439 1900 2478 cum
1927 2421 2117 2478 iisdem

517 2511 714 2568 litteris
745 2513 846 2568 viri
879 2515 1224 2572 mitterentur
1263 2517 1526 2588 dignitate
1565 2519 1848 2588 praecipui.
1885 2518 1996 2573 lloc
2019 2561 2034 2584 ,
2067 2517 2120 2574 ni

523 2605 708 2672 fallor,
741 2623 851 2662 nou
883 2607 1118 2664 obscure
1157 2609 1432 2680 colligitur
1457 2627 1524 2666 ex
1567 2613 1633 2666 iis
1654 2651 1669 2676 ,
1701 2627 1820 2682 qtae
1863 2611 2122 2682 EvagriuS

529 2697 594 2752 ad
622 2697 880 2754 Basilium
924 2701 1178 2771 scripsit,
1219 2711 1502 2774 postquam
1541 2705 1608 2758 ah
1647 2719 1714 2759 eo
1755 2703 2118 2772 discesserat,

525 2802 688 2862 atque
719 2793 1062 2850 Antiochiam
1095 2811 1348 2854 reversus
1377 2799 1570 2853 fuerat.
1615 2799 1798 2854 Primo
1833 2799 1978 2854 enim
2025 2815 2120 2870 pa-

519 2901 640 2942 cem
661 2929 674 2952 ,
709 2897 870 2960 atque
903 2891 1164 2946 unitatem
1195 2891 1440 2962 impense
1471 2891 1652 2947 laudat
1675 2935 1688 2958 ,
1723 2909 1786 2948 ac
1823 2895 2120 2948 schismata

521 2987 578 3034 et
601 2977 1228 3052 divisinncs‘vitupcrat:
1255 2983 1454 3040 deinde
1483 2983 1739 3040 Basilimn
1769 2987 2036 3052 hortatur,
2065 2997 2122 3040 ut

523 3087 616 3128 eas
645 3073 714 3128 ab
747 3073 992 3130 Ecclesia
1021 3073 1362 3132 Autiochena
1393 3087 1642 3132 amoveat
1669 3121 1683 3142 ,
1717 3093 2012 3148 pacemque
2043 3079 2124 3134 in-

2225 443 2352 497 ltittc
2389 443 2576 498 inferri
2617 453 2824 514 potest,
2869 445 3154 500 Damasum
3195 451 3626 506 communiOncm
3655 467 3784 510 suam

2223 533 2446 590 minime
2487 537 2826 594 concessisse
2871 547 2984 594 tum
3029 541 3282 608 Meletio,
3333 551 3448 598 tum
3497 543 3704 599 Paulino
3729 547 3786 602 ad

2223 625 2327 682 hoc
2365 643 2532 700 usque
2580 639 2826 700 tempus,
2869 631 2966 686 Sed
3007 649 3119 686 rem
3163 633 3428 706 integram
3469 651 3678 694 servare
3709 655 3788 696 vo-

2221 721 2424 788 luisse,
2459 738 2526 778 ne
2561 739 2720 778 unam
2761 741 2826 780 ex
2869 727 3222 784 Antiocheam
3267 729 3524 786 Ecclesia:
3567 731 3786 802 partibus

2223 813 2538 886 prmferens,
2563 817 2784 872 alteram
2815 815 3134 886 offenderet,
3159 831 3320 891 atque
3349 822 3421 876 ita
3439 837 3586 892 spem
3601 841 3788 882 onmem

2223 909 2683 966 reconciliationis
2733 913 3090 968 excluderet:
3141 930 3316 985 neque
3365 917 3509 970 enim
3557 917 3790 974 credibile

2221 1013 2341 1068 est,
2377 1003 2664 1070 Evagriutn
2699 1019 2812 1058 rem
2859 1015 3058 1060 tantam
3101 1007 3218 1062 sine
3263 1007 3480 1062 Damasi
3515 1007 3688 1078 jussu,
3719 1025 3790 1066 ar-

2221 1111 2466 1164 canaque
2517 1095 2770 1150 mandato
2821 1097 3040 1167 aggredi
3093 1097 3354 1154 voluisse.
3407 1099 3626 1155 Accedit
3669 1101 3790 1171 quod

2223 1189 2481 1260 Evagrins
2511 1187 2654 1256 ipse.
2691 1187 2780 1258 qui
2813 1189 3014 1244 Basilio
3055 1193 3308 1262 praesenti
3351 1205 3508 1248 antea
3555 1209 3788 1263 promise-

2221 1291 2338 1346 rat,
2389 1281 2910 1335 communicaturum
2955 1297 3014 1338 se
3055 1299 3176 1338 cum
3219 1283 3420 1340 Meletii
3461 1285 3689 1356 partibus
3719 1301 3792 1342 or-

2223 1379 2508 1446 tlnnloxis,
2561 1383 2740 1436 statim
2789 1397 2850 1436 ac
2899 1383 3242 1438 Antiochiam
3297 1383 3496 1450 rediit,
3541 1383 3792 1454 promissis

2223 1475 2446 1532 minime
2475 1479 2664 1540 stetit;
2695 1493 2761 1532 an
2803 1493 2934 1532 vero
2977 1478 3320 1549 promisisset
3363 1493 3424 1532 sc
3463 1481 3794 1534 coruinuuica-

2223 1575 2564 1622 turum-cum
2607 1567 2858 1634 Melctio.
2901 1571 2946 1624 si
2994 1571 3258 1626 Damasus
3289 1585 3414 1626 cum
3459 1571 3672 1625 Paulino
3695 1571 3787 1640 jam

2221 1671 2378 1714 antea
2409 1661 2908 1718 cummunicasset?

2299 1755 2382 1810 Ill.
2413 1757 2590 1812 Causa
2617 1757 2828 1829 itaque,
2857 1775 2956 1816 cur
2985 1759 3215 1814 Damaso
3243 1775 3354 1814 non
3385 1759 3688 1830 placuerant
3709 1759 3792 1816 Ba-

2221 1851 2330 1908 silii
2357 1853 2552 1908 littera:
2587 1869 2682 1924 per
2710 1855 2966 1910 Sabinum
2999 1853 3260 1920 redditae,
3303 1863 3360 1910 et
3397 1871 3496 1908 cur
3535 1853 3620 1908 ille
3657 1855 3792 1908 itera-

2223 1957 2328 2000 tam
2359 1947 2728 2002 honestiorem
2759 1948 3082 2020 legationem
3113 1957 3363 2018 peteret,
3399 1963 3506 2004 non
3531 1947 3630 2002 alia
3657 1947 3790 2002 fuisse

2222 2039 2454 2104 videtur,
2481 2055 2640 2112 quam
2669 2041 2866 2096 ardens
2889 2043 3056 2112 ipsius
3079 2041 3414 2098 desiderium
3441 2041 3786 2097 reconciliandi

2221 2135 2578 2192 Antiocheam
2625 2135 2884 2192 Ecclesia:
2921 2137 3292 2204 orthotloxos,
3325 2149 3490 2206 atque
3521 2135 3636 2190 ideo
3667 2135 3788 2190 Basi-

2227 2231 2358 2288 limn
2389 2231 2686 2286 abducendi
2719 2233 2788 2286 ab
2816 2233 2962 2288 omni
2991 2233 3171 2288 studio
3201 2233 3468 2304 partium,
3501 2241 3558 2286 nt
3579 2247 3642 2288 eo
3667 2231 3790 2300 adju-

2227 2335 2344 2382 torc
2377 2329 2552 2396 potius
2583 2343 2744 2399 quam
2779 2329 3086 2384 adversario
3113 2339 3360 2384 uteretur
3389 2345 3404 2382 :
3435 2337 3592 2398 atque
3617 2341 3722 2380 euut
3745 2325 3786 2378 in

2225 2419 2384 2474 linem
2419 2421 2706 2490 Evagrium
2753 2423 2818 2476 ad
2867 2437 2990 2476 cuin
3041 2423 3218 2484 misit,
3267 2437 3382 2492 quo
3425 2419 3542 2492 ejus
3583 2417 3786 2472 animant

2225 2521 2576 2582 perteutaret.
2621 2513 2850 2569 Basilius
2899 2523 3076 2569 tamen
3125 2515 3360 2584 Evagrio
3401 2513 3500 2582 ipsi
3553 2521 3670 2564 tunc
3721 2522 3790 2562 re-

2223 2621 2484 2676 sponsum
2517 2607 2762 2672 distulit,
2797 2617 2854 2662 ut
2901 2608 3046 2676 prius
3077 2607 3378 2661 Eusebium
3415 2607 3786 2658 SamOsatenum

2227 2715 2464 2772 prteSens
2493 2702 2819 2766 consuleret,
2853 2699 2994 2772 quod
3029 2699 3222 2754 deinde
3283 2699 3570 2770 quominus
3599 2693 3786 2754 laceret,

2225 2797 2384 2866 longa
2419 2795 2734 2850 inﬁrmitate
2761 2795 3052 2862 detentus,
3085 2809 3146 2849 ea
3177 2795 3292 2862 ipsa
3323 2807 3480 2864 quam
3527 2789 3668 2844 initio
3701 2799 3788 2840 me-

2227 2887 2430 2943 moravi
2450 2929 2464 2953 ,
2495 2887 2724 2958 epistola
2755 2889 2983 2958 qua-rit.
3015 2885 3140 2956 quid
3173 2885 3240 2942 de
3273 2885 3436 2940 rebus
3467 2882 3534 2938 ab
3569 2895 3628 2936 eo
3667 2892 3790 2950 preso

2225 2981 2414 3052 bytero
2443 2981 2730 3050 [impositis
2751 3023 2766 3047 ,
2797 2979 3229 3036 constituendum
3261 2985 3504 3032 censeat.

2297 3071 2566 3128 Eusebius
2595 3089 2660 3128 ex
2697 3083 2846 3142 parte
2885 3073 3073 3126 saltem
3119 3071 3340 3142 Evagrii
3381 3067 3653 3124 consilium
3691 3077 3790 3134 prn-

525 3177 610 3222 tcr
639 3167 974 3224 orthodoxos
997 3169 1272 3240 conciliet,
1309 3181 1366 3224 ut
1401 3171 1490 3240 qui
1531 3173 1764 3226 maxime
1795 3171 2022 3228 idoneus
2053 3171 2122 3226 sit
2149 3157 2194 3220 C
2227 3165 2386 3222 bassc
2417 3167 2564 3221 visus
2589 3175 2690 3220 est.
2743 3165 2944 3222 Scribit
2983 3167 3124 3220 enim
3175 3165 3410 3220 Basilius
3451 3161 3653 3218 Meletio
3689 3169 3789 3212 tunc

521 3259 590 3314 ad
631 3261 682 3316 id
729 3263 1118 3330 praestandum.
1153 3263 1288 3334 Quia
1319 3279 1448 3320 vero
1479 3265 1656 3338 aliqua
1691 3267 1838 3336 pacis
1871 3267 2124 3322 ineundae

523 3357 664 3411 ratio
691 3359 962 3428 proposita
995 3357 1134 3414 forte
1159 3359 1230 3414 ab
1259 3359 1490 3430 Evagrio
1519 3357 1730 3424 fuerat,
1763 3375 1922 3432 quam
1950 3374 2126 3432 neque

525 3449 756 3506 Basilius
785 3467 883 3522 pro
909 3467 1010 3508 suo
1037 3453 1090 3507 in
1115 3453 1388 3510 Mcletimn
1421 3453 1638 3522 studio,
1669 3453 2126 3522 neque'Melctius

525 3559 626 3614 pro
651 3559 747 3598 sua
774 3545 1038 3616 dignitate
1061 3545 1350 3600 admittere
1393 3561 1562 3617 posse
1587 3547 1968 3602 existimabant
1987 3589 2002 3612 ,
2037 3561 2124 3600 re-

534 3633 768 3704 apondct
799 3651 860 3690 ea
893 3636 960 3691 tle
991 3651 1052 3692 re
1079 3653 1138 3692 se
1167 3637 1382 3692 Meletio
1405 3639 1760 3710 scripturum,
1781 3639 1980 3694 deinde
2011 3639 2126 3692 lucc

527 3727 682 3782 addit
698 3743 718 3784 ι
745 3727 896 3784 Nihil
923 3741 1092 3784 tamen
1113 3741 1351 3798 exspecto
1374 3749 1436 3788 ea:
1449 3733 1629 3788 litteris
1641 3735 1864 3806 alicujus
1887 3733 2128 3788 momenti

527 3833 858 3886 eventurum.
891 3833 995 3878 tum
1027 3826 1122 3878 viri
1155 3825 1400 3895 (Meletii)
1425 3837 1722 3882 accuratam
1749 3829 1936 3896 agendi
1967 3829 2128 3882 ratio-

531 3932 644 3970 nem
669 3916 1002 3970 considerans
1020 3959 1034 3984 ,
1061 3927 1170 3972 tum
1196 3919 1364 3992 ipsam
1391 3921 1679 3976 litterarum
1705 3931 1980 3976 naturam:
2005 3923 2128 3994 quia

531 4025 633 4063 non
661 4009 792 4064 solet
826 4011 1042 4065 idoneus
1077 4027 1186 4066 esse
1215 4011 1283 4066 ad
1320 4013 1460 4066 clare
1505 4015 1916 4082 persuadendum
1959 4032 2150 4070 sermo.

527 4101 878 4158 transmissus.
916 4101 1054 4158 Nunt
1087 4103 1252 4158 multa
1278 4121 1410 4172 Opus
1439 4115 1514 4160 est
1543 4107 1734 4172 dicere,
1766 4123 1826 4162 ac
1855 4109 2016 4162 multa
2051 4110 2126 4162 vi-

527 4193 700 4247 cissim
717 4191 921 4260 audire,
953 4205 998 4250 et
1018 4211 1134 4266 qua:
1155 4195 1468 4267 objiciuntur
1489 4198 1762 4266 solvenda;
1783 4207 1832 4254 et
1857 4201 2130 4269 inferenda

529 4303 648 4360 quo:
671 4287 1010 4358 suﬂ'nlciunt;
1031 4307 1252 4362 quorum
1279 4291 1412 4346 nihil
1443 4303 1606 4362 potest
1645 4293 1934 4348 litterarum
1963 4311 2128 4349 sermo

531 4383 690 4449 iners,
712 4395 758 4438 et
773 4383 1014 4440 inanimis
1039 4385 1092 4440 in
1119 4385 1298 4440 charta
1309 4389 1588 4460 projectus.
1617 4384 1978 4441 Verumtamen
1993 4387 2130 4456 quod

523 4479 640 4549 jam
679 4479 822 4546 dixi,
865 4481 1082 4536 scribere
1109 4499 1210 4536 non
1237 4482 1484 4554 gravabor
1517 4480 1616 4556 (α).
1649 4483 1924 4552 Agebatur
1949 4483 2128 4554 itaque

535 4568 604 4624 de
633 4583 692 4624 rc
715 4571 890 4640 aliqua
924 4575 1244 4640 permolesta
1275 4575 1510 4636 lllcletio.
1537 4581 1596 4628 et
1623 4593 1744 4646 quae
1765 4592 1906 4646 a-gre
1931 4577 2042 4642 illi,
2068 4591 2132 4632 ac
2159 4557 2212 4617 D

535 4663 704 4718 multo
725 4679 848 4720 cum
875 4665 1060 4720 labore
1087 4667 1298 4722 suaderi
1329 4669 1417 4722 vix
1449 4679 1652 4736 posset.
1673 4669 1808 4736 Quia
1839 4685 1966 4724 vero
1991 4671 2130 4724 lira-

530 4757 682 4828 grius
731 4758 955 4814 minime
983 4761 1298 4830 ignorabat,
1341 4761 1600 4816 Basilium
1656 4777 1760 4816 non
1796 4763 1934 4816 bene
1965 4763 2130 4816 allec-

533 4861 647 4906 tmn
673 4866 804 4922 erga
827 4851 1104 4908 Paulinum
1123 4895 1138 4920 ,
1171 4853 1223 4908 in
1252 4869 1412 4922 quem
1439 4853 1696 4908 Damasus
1727 4853 2092 4924 propendebrit
2115 4895 2130 4920 ,

533 4947 746 5018 hocque
777 4947 854 5002 illi
887 4947 1024 5002 forte
1064 4949 1516 5018 exprobraverat,
1553 4947 1720 5004 veluti
1763 4947 1946 5004 l'utnro
1986 4947 2134 5018 pacis

531 5049 818 5110 sequestro
859 5041 1082 5098 minime
1109 5057 1404 5114 congruum
1431 5041 1650 5112 subjicit
1681 5041 1808 5098 ille:
1844 5041 1994 5098 Scias
2033 5057 2130 5096 an-

533 5145 632 5192 tem
663 5139 825 5210 frater
851 5154 966 5193 uere
993 5139 1394 5211 religiosissime.
1422 5153 1470 5196 et
1503 5141 1646 5196 nobis
1672 5143 2126 5208 desiderotissime,

532 5229 732 5284 nullam
761 5231 887 5286 mihi
915 5233 1309 5302 cuquuoquam
1327 5275 1340 5296 ,
1377 5233 1472 5288 Dei
1500 5236 1670 5306 gratia
1691 5277 1704 5296 ,
1737 5235 1992 5305 privatum
2019 5253 2132 5291 esse

533 5325 946 5390 contentionem,
985 5341 1146 5396 neque
1184 5327 1320 5382 enim
1363 5329 1569 5382 memini
1605 5345 1684 5384 me
1727 5329 1928 5384 curiose
1963 5329 2133 5400 inqui-

533 5430 646 5472 rere
671 5417 910 5484 crimina,
937 5417 1356 5490 quibusquisque
1381 5421 1630 5478 obnoxius
1655 5431 1728 5476 est
1743 5463 1760 5490 ,
1791 5429 1882 5476 aut
1909 5421 2134 5478 dicitur:

533 5525 694 5580 quare
717 5513 792 5568 sic
817 5527 906 5568 vos
929 5513 1195 5570 attendere
1219 5515 1484 5570 sentcntiae
1511 5529 1636 5570 mete
1659 5515 1890 5570 conuenit
1905 5557 1920 5580 ,
1949 5523 2005 5568 ut
2041 5514 2136 5570 Ito-

535 5605 722 5672 minis,
749 5607 838 5677 qui
877 5607 1010 5664 nihil
1045 5625 1110 5664 ex
1151 5611 1490 5682 propensionc
1527 5609 1700 5680 facere
1735 5613 1936 5682 possit,
1977 5625 2138 5682 neque

605 5718 686 5864 zu;
721 5719 894 5804 Epist.
927 5721 1064 5788 l56,
1093 5723 1228 5804 alias
1255 5723 1388 5780 542.

633 5793 660 5846 ιι
713 5789 890 5863 Epist.
921 5791 1048 5864 120,
1080 5795 1216 5855 altas
1245 5795 1334 5854 58.

633 5789 684 5864 ιι)
713 5789 890 5863 Epist.
921 5791 1048 5864 120,
1080 5793 1216 5855 alias
1245 5795 1334 5854 ss.

2226 3263 2402 3320 exsuli
2447 3279 2506 3319 se
2535 3265 2809 3334 accepisse
2841 3263 3044 3318 litteras
3071 3267 3139 3318 ah
3165 3261 3426 3334 episcopo
3451 3259 3784 3316 Samo~ateno.

2227 3375 2342 3424 ante
2371 3359 2712 3428 pra’cipinnt,
2749 3367 2806 3412 ut
2845 3375 3027 3412 rursus
3071 3357 3326 3412 scribatur
3367 3355 3434 3410 ad
3481 3347 3789 3407 Occidentales

2229 3455 2292 3508 de
2319 3453 2464 3508 rebus
2493 3453 2800 3525 quibusdam
2829 3453 3188 3508 ecclesiasticis
3207 3495 3220 3518 ,
3253 3471 3318 3506 ac
3349 3451 3486 3506 velle
3515 3449 3652 3502 illum
3681 3455 3789 3512 pra:-

2229 3557 2376 3604 terea
2401 3587 2414 3614 ,
2445 3555 2502 3600 ut
2533 3563 2560 3600 a
2595 3562 2653 3602 se
2679 3545 2906 3616 epistola
2935 3545 3250 3600 cliornietur
3275 3545 3346 3600 ab
3371 3541 3608 3598 omnibus
3629 3533 3788 3591 deinde

2229 3640 2786 3696 conuuuuicatorilius
2827 3637 3234 3694 subseriln-nda.
3279 3639 3350 3694 At
3393 3637 3527 3690 lninc
3565 3647 3592 3686 a
3627 3645 3678 3684 se
3715 3642 3790 3680 cu-

2231 3752 2344 3792 ram
2385 3735 2726 3806 depreCatur,
2769 3745 2822 3790 et
2866 3735 2916 3788 in
2961 3733 3230 3788 Melctiuni
3273 3734 3452 3802 ipsum
3493 3727 3686 3796 rejieit,
3719 3717 3786 3776 cui

2231 3841 2514 3900 propterea
2571 3831 3020 3886 COIlttllClllal‘illtll
3077 3843 3268 3884 eorum
3305 3870 3321 3896 ,
3383 3840 3502 3896 (μιω
3561 3815 3786 3876 East-hius

2231 3925 2514 3980 sciibcnda
2547 3933 2832 3980 censuerat
2855 3965 2870 3990 ,
2907 3938 3002 3992 per
3033 3923 3436 3976 sanctissimtnn
3465 3919 3674 3972 alterum
3703 3911 3788 3964 An-

2231 4017 2494 4073 tinchcna:
2537 4017 2793 4072 Ecclesiae
2835 4033 2900 4068 ex
2947 4015 3142 4070 Meletii
3187 4015 3430 4084 partibus
3461 4007 3786 4080 presbyterum

2231 4113 2414 4168 mittit.
2445 4111 2716 4166 Caeterum
2749 4109 2980 4180 spondet
3011 4123 3131 4164 sese
3167 4121 3222 4164 et
3263 4105 3708 4176 subsutiplurum,
3743 4103 3784 4146 et

2231 4215 2584 4268 curaturum,
2617 4214 2674 4258 ιιι
2702 4221 2728 4258 a
2763 4203 2982 4274 reliquis
3025 4201 3252 4270 cpistola
3293 4197 3718 4256 subscriberetur.
3743 4193 3787 4238 Ill

2231 4301 2322 4354 ille
2363 4299 2454 4368 qui
2501 4299 2672 4352 iturus
2717 4305 2863 4352 esset
2909 4295 2960 4350 in
3003 4295 3388 4360 Occidentem,
3433 4303 3548 4346 cum
3585 4278 3784 4380 omnium

2231 4393 2718 4463 subscriptionibus
2749 4391 3122 4462 proﬁciscatur
3145 4389 3242 4462 (ι).
3271 4389 3398 4444 ΙΙωο
3421 4385 3600 4442 eadem
3627 4377 3786 4444 repetil

2235 4489 2286 4542 in
2319 4487 2422 4542 alia
2453 4487 2518 4542 ad
2551 4485 2800 4542 Clltlltit'm
2833 4483 3100 4540 Melctium
3131 4483 3362 4552 cpistola
3407 4479 3626 4546 scripta.
3667 4471 3784 4538 905“

2236 4599 2396 4655 quam
2441 4581 2643 4638 certior
2685 4581 2906 4634 elfectus
2941 4579 3114 4634 fuerat
3143 4577 3394 4634 eumdem
3435 4565 3784 4655 sanctis~inttllll

2236 4653 2376 4748 apud
2411 4677 2560 4732 illum
2593 4673 2800 4748 versari
2833 4672 2928 4746 (c).
2979 4675 3108 4728 ltum
3153 4689 3282 4726 vero
3313 4673 3382 4726 de
3421 4665 3668 4736 legatione
3703 4653 3781 4704 hac

2237 4769 2496 4826 mittenda
2530 4767 2763 4822 Basilius
2783 4809 2796 4832 ,
2831 4765 3098 4820 Eusebius
3127 4781 3190 4820 ac
3221 4763 3464 4820 Meletius
3491 4749 3780 4812 deliberant,

2239 4871 2384 4917 totus
2411 4859 2618 4916 efﬂuxit
2647 4873 2820 4914 annus
2841 4901 2856 4924 ,
2901 4857 3190 4928 nullusque
3231 4857 3450 4912 Romam
3489 4855 3568 4906 est
3601 4843 3780 4898 missus-

2239 4953 2376 5010 Hinc
2423 4953 2650 5008 Basilius
2695 4955 2811 5020 ipse
2855 4949 3089 5006 Eusebio
3133 4949 3448 5020 legationem
3498 4945 3671 4996 iterum
3709 4941 3781 5020 ιπ-

2239 5047 2382 5118 genti
2415 5045 2606 5102 scribit
2631 5085 2643 5097 .
2679 5019 2883 5098 Mittere
2911 5053 3080 5096 autem
3110 5043 3161 5094 in
3197 5039 3548 5094 Occidentem.
3579 5027 3653 5122 ait
3677 5019 3778 5122 ille.

2239 5141 2366 5194 mihi
2415 5155 2626 5210 prorsus
2665 5135 2978 5208 impossibile
3025 5143 3132 5198 est.
3181 5133 3430 5186 nemiuem
3469 5107 3782 5218 haben"..de

2237 5249 2390 5290 neum
2415 5205 2482 5288 nd
2515 5233 2608 5286 hoc
2635 5231 2994 5286 ministerium.
3043 5227 3194 5294 Quod
3219 5227 3264 5282 si
3293 5227 3404 5296 quis
3443 5235 3504 5274 ea:
3539 5205 3776 5302 fratribus.

2237 5333 2326 5404 qui
2355 5329 2498 5400 apud
2524 5344 2610 5382 vos
2641 5335 2760 5380 sunt
2781 5367 2796 5390 ,
2835 5323 3185 5378 Erclesinrum
3215 5339 3370 5376 causa
3409 5313 3615 5404 laborent
3649 5309 3780 5404 surget:

2241 5396 2360 5496 pere
2391 5396 2562 5488 uolet,
2613 5423 2657 5476 is
2695 5421 2788 5474 scit
2821 5415 3196 5488 proculdubio,
3239 5415 3308 5469 ad
3343 5426 3464 5482 quos
3499 5396 3780 5496 profecturus

2239 5493 2308 5574 sit
2327 5557 2342 5580 ,
2373 5523 2420 5570 et
2447 5515 2516 5568 ad
2545 5529 2694 5582 quem
2723 5513 2876 5582 ﬁnem
2897 5553 2912 5578 ,
2945 5519 2998 5566 et
3019 5525 3234 5580 quorum
3273 5509 3336 5563 sit
3375 5498 3546 5560 litteris
3584 5493 3776 5582 contttlu'

2205 5575 2490 5674 'nicndus,
2531 5575 2578 5661 et
2621 5575 3042 5680 quo-libuergo'
3081 5605 3218 5662 enim
3253 5597 3486 5674 conjectis
3527 5591 3576 5646 in
3623 5575 3775 5636 Urbem

2321 5721 2396 5796 (c)
2427 5721 2605 5794 Epist.
2639 5721 2766 5780 tes.
