3998 6346
479 305 585 367 165

1698 307 2012 368 sanares
2050 307 2378 369 DAMASUS
2416 293 2620 366 PAPA.

3661 317 3677 369 l
3689 315 3746 372 6-4

474 429 620 484 illius
643 470 656 490 .
687 427 744 482 in
781 443 884 500 qua
924 426 1154 501 degimus
1189 425 1524 499 afflictionis,
1553 428 1691 499 quod
1720 446 1810 484 nec
1851 431 2071 502 facultas
2099 430 2144 489 Α
2177 425 2406 482 Basilius
2435 437 2546 483 tum
2579 441 2675 498 per
2705 425 2962 484 Sabinum
2987 436 3144 486 antea
3175 426 3508 496 scripserat,
3543 437 3601 485 ut
3619 430 3750 487 vide-

477 521 684 592 quidem
727 522 875 576 nobis
923 532 994 576 est
1037 521 1236 575 itineris
1276 521 1607 592 suscipiendi.
1643 520 1844 576 Etenim
1896 523 1938 576 si
1964 522 2077 586 quis

476 611 556 666 vel
575 611 868 666 brevissimo
886 619 1110 683 tempore
1128 611 1350 682 abfuerit
1372 653 1388 680 ,
1420 613 1638 667 traditos
1686 613 1940 684 relinquet
1988 629 2080 682 po-

475 705 629 773 pulos
654 702 1015 758 insidiantibus
1040 704 1142 775 (a).
1178 705 1258 759 An
1289 718 1419 760 vero
1451 705 1787 760 manifestior
1829 721 1950 762 esse
1981 721 2074 775 po-

478 806 584 850 test
609 796 674 850 ad
700 798 800 850 hoc
829 798 1037 867 Evagrii
1067 797 1354 852 consilium
1381 797 1603 852 allusio‘.’
1628 798 1760 853 Cum
1789 813 1917 854 vero
1944 798 2080 852 Eva-

479 891 628 960 grius
649 889 908 944 Basiliam
938 889 1007 946 de
1035 891 1135 945 bac
1166 891 1424 946 mittenda
1466 892 1730 962 legatione
1783 893 2082 948 monuisset

476 997 621 1037 anno
646 983 857 1051 elapso,
892 1000 958 1037 an
987 983 1196 1039 litteras
1219 984 1316 1039 has
1337 1027 1352 1050 ,
1382 1002 1501 1056 qua:
1527 1000 1595 1042 eo
1621 988 1951 1056 respiciunt,
1980 987 2083 1041 dil-

473 1076 712 1131 l'erentus
760 1077 826 1129 ad
856 1091 1055 1130 annum
1087 1077 1193 1133 376
1213 1120 1225 1140 ,
1267 1089 1323 1132 ut
1355 1094 1527 1148 nuper
1574 1079 1690 1134 viro
1715 1080 1873 1134 alicui
1923 1081 2083 1135 docto

478 1169 653 1224 visum
671 1168 790 1224 fuit.
814 1170 1282 1242 Postquamigitur
1315 1172 1546 1228 Basilius
1577 1154 1792 1228 causam
1812 1173 2082 1244 hancgra-

473 1260 747 1315 vissimam
773 1262 915 1316 Italis
941 1270 997 1317 et
1019 1263 1238 1318 ballicis
1261 1265 1532 1333 episcoius
1554 1267 1766 1336 aperuit
1793 1307 1807 1330 ,
1840 1280 1936 1320 cur
1966 1265 2083 1334 plu-

475 1369 590 1419 res,
620 1354 764 1425 iique
785 1355 1046 1418 dignitate
1070 1366 1394 1427 praestantes
1415 1358 1512 1412 viri
1543 1358 1692 1412 missi
1717 1373 1824 1412 non
1852 1359 2081 1423 fuerant,

478 1455 590 1502 tum
625 1451 740 1504 haec
769 1448 950 1504 addit:
984 1447 1158 1504 Unum
1203 1452 1436 1506 misimus
1467 1454 1573 1507 vice
1598 1451 1916 1520 multorum,
1961 1453 2104 1506 reli-'

477 1541 868 1612 giosisss’mnm,
921 1559 984 1596 ac
1020 1541 1408 1599 dilectissimum
1457 1549 1669 1616 fratrem
1699 1558 1930 1601 nostrum
1975 1545 2087 1601 Do-

476 1633 712 1687 rotbeum
733 1633 1196 1707 compresbyterum
1221 1679 1234 1702 ,
1257 1639 1345 1709 qui
1365 1648 1413 1691 et
1436 1655 1776 1708 quwcumque
1797 1638 2086 1710 effugerunt

480 1727 676 1781 litteras
704 1737 936 1795 nostras,
965 1747 1058 1784 sua
1084 1730 1247 1798 ipsius
1293 1733 1585 1787 narratione
1629 1743 1791 1802 potest
1817 1732 2084 1805 supplere,

483 1837 600 1875 cum
629 1823 801 1876 omnia
837 1833 1104 1879 assecutus
1127 1825 1190 1878 sit
1211 1837 1450 1881 accurate
1469 1869 1482 1890 ,
1506 1837 1554 1881 et
1583 1826 1826 1898 defensor
1849 1828 1915 1881 sit
1940 1836 2092 1882 recta:
2122 1831 2170 1891 Β

481 1915 621 1984 fidei.
649 1913 802 1969 Hunc
814 1917 1147 1981 suscipientes
1167 1919 1216 1971 in
1235 1936 1375 1988 pace,
1395 1919 1626 1972 celeriter
1641 1919 2093 1986 dintittite,bonum

486 2009 631 2064 nobis
642 2013 880 2064 nuntium
893 2008 1188 2077 offerentem
1201 2013 1361 2066 studii
1373 2014 1520 2066 vestri
1546 2012 1615 2066 ad
1637 2015 1820 2080 fratres
1841 2013 2096 2083 adjuvan-

483 2101 595 2157 dos.
621 2103 677 2158 In
700 2119 761 2158 ea
790 2119 940 2170 vero,
973 2103 1592 2173 qute,0ccidentalibus,
1613 2105 1839 2159 Damaso
1860 2085 2091 2174 scilicet,

483 2211 673 2253 eorum
718 2197 994 2271 corypheo
1012 2198 1283 2254 reddenda
1305 2198 1498 2261 fuerat,
1518 2199 1773 2264 breviori,
1793 2209 1844 2253 et
1862 2198 2092 2269 graviori

483 2299 699 2346 exarata
716 2276 873 2363 stylo,
891 2291 1194 2346 Orientales
1223 2292 1485 2348 auxilium
1505 2291 1712 2362 jamdiu
1737 2292 1803 2346 ab
1827 2290 2096 2348 Occiden-

485 2385 679 2439 talibus
691 2401 753 2440 es
763 2392 1030 2456 pectatum
1053 2387 1245 2440 iterum
1262 2386 1554 2456 postulant;
1571 2401 1635 2440 ex
1645 2387 1958 2455 positisque,
1974 2385 2098 2456 qui-

482 2474 579 2532 bus
593 2475 855 2532 Catholici
869 2479 1200 2533 vexabantur
1215 2479 1484 2548 procellis,
1497 2477 1840 2542 obsecramus,
1854 2478 2026 2545 aiunt,
2042 2484 2097 2530 ut

483 2569 562 2624 vel
600 2587 735 2624 nunc
763 2573 970 2625 tandem
997 2571 1272 2642 porrigatis
1295 2588 1506 2626 manum
1538 2572 1888 2626 Orientalibus
1915 2568 2099 2624 Eccle-

481 2663 572 2716 siis
580 2666 698 2735 jam
723 2665 773 2718 in
798 2682 962 2736 genua
983 2664 1265 2732 inclinatis,
1286 2676 1331 2720 et
1351 2667 1584 2733 mittatis,
1605 2668 1692 2738 qui
1715 2666 2100 2722 admoneantde

483 2765 755 2812 reservatis
781 2759 842 2812 ob
876 2759 1014 2814 mala
1044 2778 1140 2832 pro
1185 2759 1389 2817 Christo
1417 2761 1635 2816 tolerata
1674 2763 1903 2836 praemiis
1929 2777 1946 2815 :
1977 2760 2100 2815 Non

486 2851 624 2905 enim
673 2863 874 2908 tantum
902 2868 1147 2910 consueta
1175 2857 1340 2910 oratio
1378 2856 1584 2927 efficere
1605 2898 1618 2920 ,
1651 2868 1903 2926 quantum
1951 2871 2100 2927 pere-

481 2948 632 3018 grina
654 2963 751 3003 vox
769 2950 896 3004 solet
934 2948 1120 3016 aﬁ'crre
1139 2952 1347 3018 solatii,
1392 2952 1673 3019 prcesertim
1701 2953 1764 3006 ab
1805 2949 2100 3004 hominibus

482 3042 688 3095 veniens
731 3043 912 3109 ubique
959 3044 1413 3116 praeclarissimam
1457 3046 1512 3098 in
1545 3054 1739 3115 partem
1786 3041 1882 3097 Dei
1929 3039 2101 3117 gratia

482 3136 698 3209 c0gnitis
717 3153 736 3190 :
762 3137 855 3192 sed
885 3148 1083 3206 praeter
1131 3137 1270 3191 hanc
1295 3151 1513 3191 causam
1547 3138 1706 3192 aliam
1728 3136 1968 3202 addunt,
1995 3152 2100 3206 qua

484 3230 656 3300 magis
702 3229 1077 3287 Occidentales
1134 3231 1434 3301 permoveri
1503 3231 1770 3299 debeant,
1809 3248 1928 3302 qua:
1973 3247 2094 3286 cum
2124 3225 2169 3288 C

486 3326 652 3381 claris
680 3327 859 3382 verbis
907 3328 1131 3382 minime
1175 3342 1438 3398 expressa
1469 3328 1577 3392 sit,
1633 3325 1815 3380 nullus
1863 3325 2091 3393 dubito,

489 3422 622 3492 quin
650 3421 702 3476 in
732 3422 1154 3478 commonitorio
1180 3437 1364 3477 rerum
1395 3437 1424 3475 a
1450 3418 1724 3475 Dorotheo
1753 3418 2094 3490 explicanda-

485 3530 608 3569 rum
627 3515 898 3584 descripta
928 3513 1304 3579 iuerit:Apud
1345 3530 1481 3579 nos,
1533 3513 1820 3581 inquiunt,
1866 3509 2100 3580 suntqui

490 3606 670 3676 gloria
689 3607 948 3660 desiderio
970 3647 984 3670 ,
1011 3616 1056 3660 et
1081 3608 1305 3662 maxime
1327 3614 1578 3661 evertente
1600 3606 1802 3660 animos
1845 3601 2096 3657 Christia-

490 3715 675 3753 norum
699 3708 929 3767 tumore,
958 3695 1255 3766 effutierunt
1293 3697 1633 3770 quorumdam
1668 3697 1940 3751 novitatem
1986 3704 2099 3770 vet;—

491 3791 672 3845 boruns
700 3791 836 3845 unde
889 3791 1136 3846 Ecclesite
1162 3767 1416 3861 quassata:
1439 3832 1454 3858 ,
1483 3791 1634 3862 quasi
1683 3806 1810 3844 vasa
1857 3767 2096 3854 ᾳυωάιῖιῖι

494 3885 680 3940 luxata
699 3885 1000 3956 influentem
1031 3886 1324 3941 hmeticam
1377 3883 1724 3954 corruptelam
1769 3889 2093 3951 receperunt.

498 3963 608 4033 Sed
638 3993 726 4032 vos
751 4018 766 4044 ,
799 3993 830 4032 ο
851 3977 1172 4032 dilectissimi
1201 3977 1347 4032 nobis
1371 4019 1386 4043 ,
1417 3994 1478 4030 ac
1500 3975 1806 4046 θριαιὶεείΜί
1829 4017 1844 4038 ,
1894 3973 2097 4027 sancia-

495 4087 612 4125 rum
663 4070 868 4142 quidem
909 4072 1022 4126 sitis
1068 4071 1282 4134 medici,
1322 4085 1566 4124 sanorum
1615 4085 1732 4122 vero
1773 4067 2093 4132 hortatores,

493 4165 640 4238 quod
660 4176 911 4238 ingratum
941 4176 1014 4220 est
1042 4207 1058 4228 ,
1085 4167 1154 4218 ad
1183 4167 1454 4219 sanitatem
1499 4171 1796 4216 revocantes
1817 4202 1830 4224 ,
1863 4168 1915 4214 et
1958 4158 2097 4226 quod

494 4275 684 4314 sanum
702 4259 974 4314 incitantes
1005 4258 1073 4311 ad
1093 4259 1354 4330 pietatem.
1385 4256 1498 4311 Hoc
1525 4264 1707 4310 tamen
1735 4255 1855 4310 loco
1886 4252 2092 4322 Apolli-

495 4353 707 4406 narium
737 4362 878 4408 tecto
909 4353 1126 4407 nomine
1157 4353 1446 4406 indicatum
1477 4359 1608 4420 puto
1629 4392 1643 4413 ,
1684 4350 1853 4420 iisque
1892 4346 2094 4402 colori-

497 4445 600 4499 bus
619 4445 997 4500 adumbratam
1025 4486 1038 4509 ,
1073 4455 1358 4514 propterea
1405 4442 1554 4512 quod
1575 4443 1692 4512 ejus
1729 4453 1854 4496 tunc
1884 4441 2024 4494 fama
2050 4438 2095 4493 si

494 4552 601 4591 non
630 4536 870 4606 integra,
897 4538 1088 4591 saltem
1119 4551 1223 4590 non
1253 4551 1474 4606 prorsus
1518 4535 1656 4590 mala
1691 4535 1983 4590 Ferebatur.

562 4629 626 4684 ll.
666 4629 930 4682 Damasus
981 4628 1066 4683 bis
1105 4628 1208 4684 sibi
1255 4630 1480 4684 redditis
1523 4645 1553 4683 ο
1599 4629 1872 4684 θονοιιιεο
1901 4615 2174 4683 litterisD

495 4723 762 4798 synodum
793 4733 1072 4778 convocat.
1098 4722 1230 4792 Ejus
1262 4723 1477 4776 unicum
1509 4720 1869 4792 fragmentum
1898 4736 2094 4790 super-

497 4831 612 4885 est,
647 4817 789 4890 quod
837 4816 1146 4872 Holstenius
1179 4817 1230 4870 in
1262 4816 1436 4871 lucem
1476 4816 1730 4886 protulit,
1761 4829 1824 4870 ac
1875 4829 1971 4867 nos
2001 4828 2102 4868 suo

497 4915 622 4970 loco
640 4909 1046 4968 collocaviutus.
1071 4907 1188 4964 Hoc
1216 4919 1396 4965 autem
1425 4923 1618 4963 ornnes
1649 4917 1778 4962 tunc
1809 4909 1857 4960 in
1880 4905 2101 4962 Oriente

497 5015 812 5079 grassantes
841 5005 1086 5059 haereses
1121 5003 1446 5075 proscriptae
1473 5011 1634 5068 sunt,
1663 5001 1962 5057 Sabelliana
1991 5000 2100 5054 sci-

496 5102 659 5170 licet,
687 5109 744 5157 et
775 5098 1115 5164 Photiniana,
1143 5097 1369 5161 Ariana,
1395 5095 1508 5151 sive
1536 5094 1889 5161 Eunomiana,
1922 5093 2104 5155 Ρηειι-Δ

499 5194 961 5252 matomacborum
991 5232 1006 5258 ,
1064 5200 1124 5247 et
1168 5189 1718 5261 Apollinaristarum',
1767 5201 2094 5257 quamquam

498 5294 768 5365 posterior
811 5292 926 5347 haec
956 5290 1062 5346 levi
1106 5289 1330 5344 brachio
1361 5289 1522 5358 petita
1552 5296 1635 5344 est
1654 5328 1676 5354 ,
1703 5301 1766 5342 ac
1797 5285 1959 5340 veluti
2013 5282 2094 5338 l'u-

497 5386 770 5457 gientibus
793 5385 957 5440 armis
982 5425 1013 5452 ,.
1031 5381 1162 5453 quia
1210 5381 1446 5437 nondum
1475 5379 1652 5452 palam
1683 5385 1958 5448 eruperat.
1991 5376 2100 5431 Eas

498 5495 690 5537 omnes
715 5495 824 5535 una
857 5478 1237 5551 episcoporum
1279 5474 1705 5530 Occidentalium
1737 5474 2096 5528 consensione

499 5573 801 5629 concidisse
831 5572 1092 5630 Damasus
1131 5569 1236 5636 ait,
1272 5567 1450 5625 veluti
1471 5563 1688 5622 Hierico
1713 5563 1986 5622 communi
2013 5561 2095 5616 ls-

498 5667 808 5724 raelitarum
831 5683 964 5724 voce
979 5665 1338 5733 conclamata,
1363 5661 1618 5736 prolapsa
1661 5667 1766 5718 est.
1799 5657 1934 5726 Quia
1966 5671 2108 5714 vero--

576 5781 653 5926 (ag
691 5780 793 5863 Ep.
821 5780 928 5838 245
948 5822 963 5845 .
995 5797 1052 5838 n.
1086 5781 1140 5838 5.

577 5852 626 5926 (ὁ
681 5852 852 5925 Epist.
886 5851 1008 5910 129.

503 5903 518 5924 ί
577 5851 652 5926 (b)
681 5851 852 5925 Epist.
886 5851 1008 5910 129.

2181 527 2304 574 rent
2328 518 2740 585 Occidentales,
2791 519 3109 591 quibuscum
3175 521 3611 577 communionem
3676 522 3756 577 ba-

2182 610 2313 667 bere
2367 627 2462 668 eos
2509 621 2822 683 oporteret,
2884 623 2993 667 tum
3049 613 3246 668 iterum
3302 629 3398 683 per
3451 613 3754 670 Dorotbeum

2184 707 2554 778 presbyterum
2597 705 2894 762 monendos
2939 717 3263 774 censuerat,
3300 723 3368 762 ne
3415 706 3531 762 sine
3573 707 3756 779 judicio

2181 801 2466 869 reciperent
2513 799 2897 854 communiones
2937 817 3000 854 ea:
3043 798 3256 854 Oriente
3302 800 3608 854 venientium
3661 799 3759 873 (b),

2187 896 2306 950 ideo
2354 896 2610 949 Damasus
2656 907 2777 966 post
2809 911 2926 950 eam
2961 895 3085 952 ﬁdei
3116 895 3380 950 ectbesim
3432 895 3577 949 addit
3608 911 3619 947 :
3655 893 3762 949 Hac

2185 998 2289 1052 est,
2323 993 2511 1062 fratres
2551 990 2906 1051 dilectissimi,
2949 994 3077 1057 fides
3127 999 3342 1054 nostra,
3387 1006 3534 1060 quam
3578 990 3763 1059 quisque

2185 1083 2437 1154 sequitur,
2466 1093 2638 1138 noster
2667 1094 2742 1137 est
2770 1084 3031 1156 particeps
3053 1125 3067 1149 ,
3115 1085 3195 1137 Itis
3247 1101 3341 1138 nos
3382 1086 3766 1138 communionem

2187 1174 2371 1229 damus
2401 1191 2420 1230 :
2451 1191 2516 1232 ex
2567 1191 2674 1247 quo
2703 1177 2981 1232 observari
3035 1184 3212 1244 potest
3256 1191 3570 1232 concessam
3619 1192 3645 1231 a
3676 1176 3768 1232 Ro-

2188 1284 2350 1323 mano
2373 1269 2647 1339 pontiﬁce,
2673 1281 2762 1323 aut
2788 1279 3032 1339 negatam
3063 1271 3531 1336 communionem,
3555 1269 3766 1325 habitam

2187 1361 2386 1431 ubique
2416 1377 2512 1432 pro
2537 1364 2654 1431 lege
2679 1362 2862 1418 fuisse.
2896 1362 3102 1418 Monuit
3132 1363 3334 1419 deinde
3357 1363 3684 1430 Orientales,
3712 1382 3768 1420 ne

2189 1461 2432 1510 canones
2463 1455 2515 1510 in
2546 1455 2870 1510 clericorum
2901 1456 3339 1513 ordinationibus
3370 1458 3764 1527 negligi-rentur,

2190 1564 2328 1603 neve
2359 1564 2546 1601 eorum
2596 1548 3104 1618 prtcvaricatoribus
3137 1550 3298 1604 facile
3341 1549 3644 1604 communio
3680 1550 3766 1603 im-

2192 1641 2519 1710 pertiretur,
2555 1654 2616 1694 ac
2647 1648 2759 1694 tum
2808 1641 3019 1696 litteras
3065 1642 3134 1695 ita
3167 1641 3451 1696 concludit
3495 1658 3506 1694 :
3546 1640 3769 1697 Ceterum

2189 1734 2328 1803 quod
2351 1733 2420 1787 ad
2446 1737 2777 1788 removendos
2803 1746 2986 1790 vestra:
3007 1736 3297 1790 dilectionis
3322 1747 3522 1806 spectat
3550 1736 3766 1810 injurias,

2197 1844 2288 1881 nec
2318 1830 2478 1899 frater
2507 1837 2678 1881 noster
2709 1825 3000 1882 Dorotlteus
3032 1829 3299 1899 presbyter
3326 1831 3588 1900 explicare
3616 1828 3768 1882 omnia

2197 1921 2436 1974 vivaciter
2465 1921 2840 1988 praetermittit,
2873 1937 2965 1974 nec
3004 1922 3146 1976 nisus
3177 1923 3373 1990 nastri,
3421 1931 3474 1975 ut
3513 1922 3616 1993 ipse
3650 1921 3769 1976 testis

2198 2023 2305 2077 est,
2334 2012 2625 2083 defuerunt.
2660 2014 2866 2080 Quibus
2912 2013 3130 2084 quidem
3171 2015 3356 2070 verbis
3409 2015 3766 2084 intelligimus,

2198 2105 2489 2160 Damasum
2535 2122 2657 2160 cum
2700 2106 2910 2176 synodo
2952 2107 3184 2178 aliquam
3234 2118 3574 2178 pertentasse
3615 2106 3766 2172 viam,

2198 2215 2299 2272 qua
2326 2199 2691 2256 Orientalibus
2718 2202 2922 2257 auxilio
2963 2217 3084 2257 esse
3117 2211 3364 2272 possent.

2273 2296 2364 2349 Ill.
2397 2297 2507 2350 Cur
2534 2312 2662 2352 vero
2702 2296 2841 2352 hanc
2872 2296 3138 2369 synodum
3175 2297 3434 2368 praesenti
3463 2311 3602 2351 anno
3637 2308 3771 2348 coac-

2201 2400 2307 2445 tam
2340 2389 2604 2456 dicamns,
2646 2389 2802 2444 obvia
2838 2390 3098 2459 profecto,
3129 2405 3192 2446 ac
3214 2397 3366 2446 certa
3393 2399 3500 2455 est,
3544 2391 3598 2442 ni’
3619 2387 3768 2451 fallor,

2199 2485 2355 2540 ratio.
2387 2483 2690 2538 Dorotlteus
2714 2485 2858 2539 enim
2881 2527 2895 2550 ,
2929 2487 3018 2554 qui
3053 2484 3264 2540 litteras
3304 2484 3647 2539 Orientalium
3684 2479 3772 2534 Ro-

2201 2596 2341 2634 mani
2386 2579 2672 2645 attulerat,
2705 2593 2888 2633 secum
2923 2579 3108 2634 retulit
3137 2578 3460 2650 synodicum
3491 2578 3772 2640 decretum,

2200 2689 2264 2728 ac
2291 2686 2549 2742 responsa
2573 2671 2638 2726 ad
2664 2672 2993 2735 Orientales,
3027 2683 3082 2726 ut
3113 2687 3179 2727 ex
3213 2671 3380 2726 modo
3413 2669 3645 2725 recitatis
3672 2681 3770 2720 ver-

2202 2767 2284 2821 bis
2312 2773 2543 2820 Constat.
2573 2764 2805 2819 Litteras
2836 2779 2968 2819 vero
2994 2763 3355 2819 Orientalium
3388 2764 3488 2817 hoc
3515 2763 3624 2831 ipso
3647 2771 3766 2812 anno

2205 2858 2424 2911 ineunte
2450 2858 2680 2922 scriptas
2714 2855 3094 2925 probavimus,
3132 2865 3242 2909 tuin
3277 2855 3401 2925 quia
3435 2853 3486 2907 in
3529 2852 3593 2905 iis
3615 2855 3772 2919 aperta

2203 2952 2399 3006 allusio
2430 2949 2485 3004 lit
2525 2949 2590 3004 ad
2629 2965 2713 3014 ea,
2745 2965 2866 3019 qua:
2898 2949 3188 3019 Evagrium
3233 2950 3379 3003 inter
3402 2988 3418 3013 ,
3451 2955 3503 3002 et
3546 2941 3770 3000 Basilium

2207 3058 2313 3098 non
2360 3042 2526 3095 multo
2555 3050 2712 3096 antea
2747 3050 2971 3095 tractata
3021 3040 3231 3095 fuerant
3255 3083 3270 3107 ,
3317 3049 3428 3094 tum
3467 3039 3584 3106 quia
3610 3035 3774 3090 Orien-

2213 3139 2351 3192 tales
2384 3136 2481 3206 ipsi
2507 3177 2521 3201 ,
2554 3151 2677 3190 cum
2705 3135 2828 3190 illas
2858 3135 3194 3201 scriberent,
3225 3135 3416 3201 aiunt,
3449 3145 3638 3186 annum
3669 3139 3770 3181 esse

2203 3233 2408 3288 tertium
2455 3232 2739 3298 decimum,
2771 3248 2835 3286 ex
2869 3248 2976 3300 quo
3023 3231 3348 3286 lnerclicnm
3399 3229 3451 3283 in
3494 3223 3770 3282 Catltolicos

2197 3325 2398 3381 bellum
2447 3333 2696 3380 exortum
2731 3323 2940 3389 fuerat,
2988 3323 3081 3394 qui
3109 3325 3152 3378 si
3185 3333 3506 3379 numeretur
3548 3333 3577 3373 a
3616 3326 3772 3387 perse-

2195 3419 2412 3474 cutione
2457 3428 2575 3487 post
2611 3415 3276 3487 Constantinopolitanum
3309 3415 3620 3470 Arianorum
3662 3421 3772 3463 con-

2196 3513 2380 3567 cilium
2411 3519 2608 3582 coepta,
2642 3525 2742 3564 nos
2772 3509 2838 3564 ad
2869 3509 2972 3564 boc
3008 3518 3220 3580 tempus
3251 3508 3478 3564 omnino
3505 3503 3671 3566 ducit,
3697 3496 3768 3552 cui

2198 3612 2467 3675 praeterea
2508 3611 2706 3658 caetera
2752 3601 2970 3666 omnia,
3015 3618 3136 3672 qua:
3181 3601 3233 3656 in
3283 3601 3386 3655 bac
3429 3594 3643 3669 epistola
3683 3587 3772 3645 212

2197 3706 2249 3752 et
2297 3694 2404 3750 243
2450 3693 2866 3759 describuntur,
2901 3693 3034 3748 mire
3081 3692 3420 3748 conveniunt
3470 3687 3566 3759 (τ).
3600 3685 3771 3752 Quam-

2197 3804 2357 3859 quam
2385 3791 2528 3842 enim
2554 3786 2655 3842 sub
2678 3786 2911 3853 Juliano,
2945 3801 3007 3840 ac
3038 3785 3236 3840 deinde
3263 3785 3370 3842 sub
3399 3781 3672 3839 Joviniano
3698 3787 3771 3828 ca-

2200 3883 2386 3938 tholici
2418 3881 2657 3952 episcopi
2704 3879 2913 3936 reversi
2941 3887 3124 3935 essent
3164 3881 3229 3934 ad
3277 3881 3440 3936 sed‘es
3469 3888 3587 3934 suas
3608 3916 3620 3938 ,
3649 3869 3766 3925 alter

2199 3987 2402 4040 tamen,
2433 3991 2554 4031 cum
2587 3974 2659 4029 ita
2688 3973 2904 4030 Arianis
2930 3982 3116 4044 aperte
3144 3972 3358 4029 faveret
3377 4015 3390 4036 ,
3424 3979 3481 4025 ut
3502 3983 3600 4023 non
3625 3960 3770 4018 mullo

2181 4056 2394 4124 'melius
2435 4075 2621 4123 essent
2682 4064 3088 4122 Catltol‘icorum
3142 4081 3270 4130 res,
3316 4079 3474 4136 quam
3517 4059 3610 4114 sub
3647 4053 3768 4108 Con—

2199 4161 2398 4217 stantio
2421 4202 2435 4226 ,
2467 4160 2606 4215 alter
2635 4174 2766 4214 vero
2798 4169 2914 4227 post
2948 4173 3149 4228 paucos
3195 4158 3262 4212 ab
3312 4155 3537 4226 imperio
3581 4153 3767 4205 menses

2199 4255 2452 4319 obiisset,
2485 4253 2789 4324 persecutio
2820 4253 2905 4306 vix
2933 4253 3232 4324 interrupta
3268 4252 3437 4306 videri
3477 4251 3689 4318 poterat.
3711 4239 3768 4292 At

2198 4359 2388 4404 contra
2435 4349 2478 4402 si
2521 4363 2694 4402 annos
2735 4345 2994 4401 tredecim
3043 4360 3074 4398 a
3134 4345 3378 4400 Valentis
3424 4333 3766 4413 persecutiOIle

2199 4461 2483 4502 numerare
2511 4444 2760 4500 volumus
2787 4486 2802 4508 ,
2836 4443 2987 4514 quod
3014 4442 3218 4512 placuit
3245 4439 3498 4510 scriptori
3529 4432 3651 4487 Viue
3678 4426 3762 4480 Ba-

2199 4540 2336 4606 silii,
2370 4555 2492 4594 cum
2519 4554 2581 4594 ea
2609 4554 2711 4592 non
2735 4538 2964 4607 creperit
2985 4544 3111 4590 ante
3141 4549 3344 4590 annum
3377 4531 3501 4595 567,
3529 4536 3579 4581 ut
3599 4517 3766 4590 Positis

2203 4636 2392 4707 probat
2417 4678 2432 4702 ,
2464 4636 2577 4689 sive
2604 4643 2726 4687 ante
2754 4647 2951 4686 annum
2980 4629 3088 4686 365
3117 4671 3131 4696 ,
3162 4640 3216 4683 ut
3249 4621 3372 4683 aliis
3397 4625 3631 4679 videtur,

2205 4703 2466 4800 iemporis
2498 4736 2620 4782 nota
2655 4742 2752 4781 nos
2793 4725 3031 4780 traheret
3055 4724 3120 4778 ad
3150 4739 3353 4779 annum
3383 4719 3486 4776 578
3527 4725 3612 4770 aut
3637 4703 3762 4768 380.

2204 4821 2344 4892 quod
2372 4821 2564 4875 falsum
2593 4818 2792 4890 oppido
2816 4829 2920 4873 est.

2279 4911 2365 4968 IV.
2395 4911 2475 4968 Ad
2509 4911 2649 4966 hanc
2690 4912 2867 4980 itaque
2900 4908 3166 4981 synodum
3218 4916 3349 4977 puto
3392 4898 3575 4961 referri
3627 4895 3765 4981 posse

2205 5006 2378 5074 legem
2400 5003 2472 5059 20
2493 5003 2628 5058 Cod.
2660 5001 2868 5057 Tlteod.
2899 4980 2994 5056 lib.
3029 5015 3080 5055 xu
3115 5001 3200 5054 tit.
3232 4997 3328 5066 36,
3370 5013 3470 5069 qna
3503 4980 3764 5074 Cecropius

2207 5114 2234 5151 a
2267 5097 2496 5151 concilio
2524 5097 2858 5165 septuaginta
2889 5094 3270 5164 episcOporum
3303 5094 3580 5145 damnatus
3616 5093 3643 5131 3
3676 5069 3762 5124 Va‘

2204 5190 2502 5246 lentiniano
2530 5189 2748 5252 dicitur,
2797 5196 2960 5257 atque
2989 5186 3056 5239 ad
3092 5183 3407 5254 praefectura
3444 5174 3594 5235 Urbis
3620 5167 3759 5221 abes

2202 5282 2478 5338 sententia
2541 5295 2840 5351 provocans
2867 5320 2883 5346 ,
2934 5278 3242 5349 pecuniaria
3284 5290 3438 5348 penna
3485 5265 3758 5325 mulctatus.

2202 5377 2311 5433 Lex
2347 5376 2436 5430 illa
2467 5375 2592 5428 data
2623 5386 2704 5429 est
2740 5371 3125 5427 Valentiniano
3154 5371 3219 5426 N.
3272 5371 3333 5426 Β.
3369 5369 3440 5424 Ρ..
3477 5371 3535 5418 et~
3574 5355 3762 5409 Victam

2201 5485 2346 5526 coss.
2375 5509 2391 5536 ,
2422 5483 2566 5523 anno
2610 5468 2817 5523 scilicet
2846 5467 2950 5523 369
2975 5510 2989 5535 ,
3027 5483 3120 5522 vin
3150 5466 3232 5522 Id.
3261 5465 3403 5531 Jul.;
3451 5464 3624 5514 contra
3651 5453 3756 5500 cum

2204 5561 2464 5631 inscripta
2508 5559 2580 5614 sit
2615 5558 2839 5614 Claudio
2868 5558 2930 5613 P.
2967 5557 3030 5613 ν.
3059 5561 3286 5629 ejusque
3325 5555 3534 5614 Urbana
3561 5537 3756 5631 puere?

2205 5663 2334 5710 tura
2354 5625 2476 5708 eum
2523 5653 2580 5708 in
2619 5667 2818 5708 annum
2863 5651 3021 5708 cadat
3065 5625 3174 5709 ἐπι
3199 5625 3327 5725 id),
3359 5662 3461 5723 quo
3503 5642 3629 5698 banc
3667 5625 3754 5687 θυι)

2269 5771 2351 5917 fc;
2377 5771 2502 5858 νίς.
2531 5770 2746 5856 Tillem.
2773 5769 2830 5830 in
2861 5770 3052 5838 Basil.,
3083 5779 3202 5828 not.
3224 5771 3316 5829 67.

2292 5845 2328 5899 ά
2380 5843 2600 5902 Bstnss.
2629 5851 2789 5916 epist.
2822 5843 2911 5910 l9,
2934 5857 2990 5913 p.
3020 5839 3112 5900 45.

2292 5839 2351 5915 'd)
2380 5843 2600 5902 Bsinss.
2629 5845 2789 5916 epist.
2822 5843 2911 5910 l9,
2934 5857 2990 5913 p.
3020 5839 3112 5900 45.
