3998 6350
100 304 221 364 1θό

1498 307 2040 367 PROLEGOMENA.

3317 310 3422 375 166

91 422 358 480 Damaso
386 424 656 498 synodum
695 422 935 480 habitam
977 423 1236 486 dicimus,
1273 420 1460 478 vitium
1509 423 1562 479 in
1589 439 1722 480 con-
1752 440 1803 500 Α
1829 424 2186 481 Luciferianis
2228 427 2329 481 sub
2359 428 2745 499 imperatorum
2785 428 2964 486 edicto
2992 429 3057 485 ad
3086 429 3424 502 Simplicium

93 518 356 575 sulatum
389 521 677 587 irrepsisse
692 520 936 576 dicamus
958 528 1188 593 oportet.
1212 518 1364 587 Quod
1398 520 1441 574 si
1462 535 1644 587 error,
1668 531 1725 576 ut

94 613 235 667 aliis
269 616 449 685 magis
480 614 688 683 placet,
720 613 775 669 in
818 616 1166 684 inscriptione
1202 612 1354 678 latet,
1386 629 1450 670 ac
1471 614 1725 684 Olybrius

102 708 245 764 loco
278 707 496 764 Claudii
530 709 873 779 reponendus
899 719 1011 774 est,
1041 709 1333 776 Cecropius
1359 722 1389 762 a
1426 710 1592 777 prima
1623 708 1725 763 sub

100 800 363 857 Damaso
394 801 629 875 synodo,
664 818 805 855 anno
828 803 1037 857 scilicet
1056 802 1162 856 396
1184 844 1198 861 ,
1232 802 1516 856 damnatus
1551 799 1723 857 videri

100 899 344 965 poterit.
379 896 500 965 Ipsa
532 912 659 951 vero
705 895 791 951 lex
821 896 1073 967 praefecto
1113 895 1269 953 Urbis
1316 897 1568 968 inscripta
1618 914 1723 953 non

94 987 354 1043 obscure
407 987 641 1051 indicat,
674 989 1134 1043 verosimillimam
1195 1004 1316 1044 esse
1364 992 1576 1044 Barnnii
1611 990 1722 1065 (a),

96 1078 462 1151 aliorumque
492 1081 861 1150 conjecturam
891 1080 1320 1136 existimantium
1341 1124 1355 1147 ,
1405 1082 1723 1154 Cecropium

98 1173 267 1229 illum
297 1176 369 1229 ab
404 1175 720 1247 episcopatu
748 1175 1051 1246 depositum
1079 1218 1093 1241 ,
1126 1178 1266 1245 quod
1299 1175 1497 1233 Ursino
1543 1179 1728 1232 adhae-

101 1268 271 1324 serit.
311 1267 687 1323 Factiosorum
714 1269 857 1324 enim
885 1270 1076 1323 horum
1113 1268 1391 1324 hominum
1433 1280 1724 1325 contuma-

101 1359 191 1413 cia
217 1401 234 1423 ,
268 1375 335 1415 ac
376 1361 646 1429 protervia
692 1375 836 1430 sirpe
868 1361 1067 1415 factum
1096 1371 1210 1425 est,
1246 1369 1304 1415 ut
1329 1364 1723 1432 imperatores,

108 1451 440 1523 Urbanique
456 1452 667 1522 judices
686 1451 811 1507 huic
834 1455 908 1508 rei
938 1469 1058 1508 sese
1086 1453 1393 1509 immiscere
1416 1454 1723 1519 debuerint,

106 1561 446 1616 quamquam
477 1547 527 1602 id
574 1547 1047 1603 schismaticorum
1081 1548 1225 1603 malo
1255 1564 1471 1620 semper
1514 1550 1728 1606 accide-

113 1640 228 1706 rit,
263 1648 324 1694 ut
353 1642 460 1709 iam
491 1639 644 1706 dixi,
676 1648 837 1712 atque
866 1641 1058 1697 iterum
1094 1642 1290 1696 dicam.

194 1732 267 1787 ν.
310 1733 421 1788 lloe
463 1748 606 1788 anno
647 1734 849 1789 vicario
900 1733 1061 1791 Urbis
1110 1733 1359 1791 Ursicino
1412 1735 1724 1806 Simplicius

1828 522 1953 576 dato
1979 522 2357 591 comprehensi
2391 524 2560 583 videri
2593 533 2860 595 poterant.
2902 525 3183 580 Novatiani
3223 528 3424 597 quippe

1830 632 1937 670 non
1963 632 2120 672 secus
2159 634 2221 673 ac
2254 619 2370 673 Don
2393 619 2552 674 .tista}
2578 662 2590 679 .
2625 623 3057 691 anabaptismum
3093 621 3427 688 proﬁteban-

1830 717 1938 775 tur,
1968 719 2130 778 atque
2158 723 2303 766 arcta
2343 723 2459 767 erat
2490 713 2632 766 inter
2657 729 2753 767 eos
2782 714 3128 784 conjunctio,
3157 726 3210 769 ut
3244 730 3311 770 ex
3341 714 3429 770 ln-

1831 805 2065 858 nocentii
2116 805 2307 859 litteris
2334 805 2401 877 (ί)
2446 816 2656 873 Constat
2703 815 2864 878 atque
2918 825 2986 864 cx
3034 810 3341 879 Cypriano,
3375 817 3430 865 et

1829 893 2229 951 Atnbrosiastro
2261 896 2377 969 (g):
2409 914 2566 966 quam
2619 898 2858 966 profecu)
2904 900 3149 955 hmresitn
3195 901 3432 957 Hilarius

1832 985 2295 1043 Luciferianorum
2337 990 2601 1045 diacmius
2644 991 2784 1046 inter
2842 1007 2969 1049 suos
3013 1008 3227 1063 quoque
3271 990 3430 1047 inve-

1830 1090 2013 1144 xerat,
2062 1087 2119 1134 ιιι
2165 1080 2350 1135 Roma:
2382 1080 2636 1146 haberet,
2666 1083 2861 1152 quibus
2896 1099 3019 1140 cum
3049 1084 3433 1140 communione

1825 1172 1979 1243 jungi
2013 1182 2216 1243 posset.
2257 1174 2520 1231 Damasus
2553 1177 2731 1246 itaque
2764 1178 2976 1233 videtur
3001 1192 3194 1236 auctor
3228 1183 3393 1235 fuisse
3414 1221 3431 1246 ,

1832 1274 1888 1318 ut
1920 1264 2320 1320 Valentinianus
2343 1307 2357 1332 ,
2389 1276 2444 1322 et
2473 1268 2765 1324 Gratianus
2799 1270 2936 1324 ltanc
2975 1282 3164 1327 Contra
3197 1271 3434 1341 rebapti~

1830 1366 2016 1412 tantes
2062 1359 2233 1430 legent
2284 1362 2534 1426 ferrent,
2580 1372 2741 1430 atque
2770 1364 2835 1415 ad
2887 1363 3224 1433 Simplicium
3267 1365 3431 1423 Urbis

1832 1454 2093 1507 vieariutn
2120 1454 2430 1521 mitterent,
2461 1465 2517 1509 ιιι
2540 1455 2741 1526 junctis
2778 1457 3001 1520 viribus,
3034 1473 3097 1513 ac
3120 1461 3429 1529 sententiis,

1831 1547 2078 1616 religioni
2110 1548 2511 1604 consuleretur.
2548 1548 2681 1605 Hinc
2704 1550 3028 1606 Lucileriani
3063 1550 3350 1609 FauStinus
3377 1564 3435 1610 et

1830 1638 2175 1696 Marcellinus
2198 1653 2521 1709 queruntur,
2558 1643 2844 1698 Datnasom
2869 1643 3041 1713 ipSnm
3068 1656 3275 1714 accepta
3308 1664 3433 1701 auc.

1831 1734 2035 1788 toritate
2062 1736 2222 1806 regali
2250 1734 2530 1790 catholicos
2562 1740 2885 1809 presbyteros
2912 1778 2925 1801 ,
2958 1748 3006 1791 et
3039 1738 3197 1792 laicos
3222 1738 3426 1793 ittsecu.

121 1841 415 1882 successor
441 1839 521 1882 est
550 1828 705 1883 datus
757 1827 857 1897 (ὁ).
911 1827 1199 1883 Gratianus
1245 1829 1403 1898 hujus
1458 1829 1720 1900 Simplicii
1756 1842 1801 1903 Β
1831 1837 1938 1881 tum
1958 1870 1975 1899 ,
2005 1830 2058 1882 in
2090 1829 2327 1884 exsilium
2368 1831 2599 1895 misisse;
2627 1829 2791 1886 Urbis
2821 1840 3000 1885 autem
3030 1831 3241 1900 judices
3270 1846 3432 1886 accu-

129 1922 385 1975 tneminit
412 1922 463 1975 in
492 1923 748 1989 rescripto
769 1921 834 1974 ad
868 1922 1178 1991 Aquilinum
1208 1924 1490 1985 vicarium,
1521 1923 1587 1977 de
1616 1939 1724 1993 quo

130 2013 337 2068 iterum
368 2028 466 2068 suo
493 2014 627 2079 loco,
659 2024 819 2084 atque
848 2014 896 2069 ei
929 2016 1152 2069 missum
1199 2030 1228 2068 a
1258 2030 1316 2070 se
1347 2017 1581 2070 edictum
1612 2020 1723 2081 ait,

124 2125 243 2179 quo
288 2108 591 2180 jubebatur,
616 2121 669 2164 ut
692 2127 885 2167 omnes.
914 2113 1000 2183 qui
1024 2113 1209 2182 impios
1247 2122 1403 2167 coetus
1445 2114 1723 2183 profanata

119 2204 379 2275 religione
422 2214 700 2272 tentarent,
742 2206 811 2260 ad
850 2208 1179 2261 centesimum
1216 2208 1279 2261 ab
1328 2206 1466 2262 Urbe
1508 2208 1728 2262 milliare

116 2298 541 2367 expellerentur,
594 2298 680 2351 ubi
729 2299 965 2368 pertinax
1010 2300 1158 2369 furor
1218 2299 1280 2353 ab
1343 2299 1729 2372 obst'quentibus

117 2391 401 2446 destitutus
422 2435 435 2457 ,
466 2393 519 2446 in
557 2396 671 2466 ejus
695 2395 969 2465 perniciem
997 2405 1195 2459 rueret,
1227 2396 1315 2464 qui
1342 2395 1483 2448 solus
1514 2404 1724 2448 erraret.

121 2485 216 2539 llis
243 2486 410 2555 igitur
435 2489 553 2555 ejus
579 2487 826 2557 rescripti
856 2487 1036 2541 verbis
1058 2531 1071 2554 ,
1108 2487 1248 2557 quod
1290 2488 1569 2557 Simplicio
1601 2497 1729 2541 tunc

124 2579 289 2634 Urbis
314 2579 519 2634 vicario
545 2582 946 2644 transmissum,
978 2589 1035 2635 et
1066 2581 1130 2632 ad
1159 2578 1527 2635 Valentiniani
1559 2579 1730 2649 impe-

122 2672 266 2726 rium
302 2673 557 2740 pertinet,
589 2672 1036 2742 rebaptizantium
1066 2673 1307 2727 omnium
1340 2682 1518 2726 sectas
1543 2671 1726 2741 desig-

121 2770 283 2819 natas
324 2765 690 2835 intelligamus
740 2780 963 2819 necesse
986 2772 1099 2827 est,
1148 2766 1270 2832 quia
1320 2763 1731 2820 Valentinianus

125 2864 302 2926 pater,
330 2860 377 2909 si
401 2870 517 2918 eos,
549 2868 599 2909 et
627 2855 949 2910 Manichreos
978 2856 1216 2924 excipias
1242 2854 1457 2910 cmteris
1479 2856 1732 2909 omnibus

123 2947 265 3017 quod
295 2948 475 3001 animo
497 2946 830 3015 imbibissent,
859 2947 1064 3002 colendi
1105 2944 1390 3000 libertatem
1413 2957 1572 3001 antea
1601 2961 1733 3001 con-

121 3052 377 3097 cesserat
413 3039 507 3113 (c).

194 3134 342 3190 Sunt
385 3134 569 3201 itaque
612 3130 715 3186 viri
743 3131 919 3196 docti,
951 3131 1041 3201 qni
1069 3131 1134 3185 ad
1167 3131 1307 3185 hunc
1347 3145 1546 3185 annum
1594 3129 1735 3184 refe-

124 3233 276 3292 runt,
307 3240 434 3295 qua:
466 3223 755 3279 Faustinus
777 3232 831 3278 et
853 3223 1194 3278 Marcellinus
1218 3237 1414 3277 vesana
1444 3222 1641 3291 capita,
1668 3237 1736 3276 ex

129 3316 352 3372 Damasi
393 3317 651 3371 mandato
692 3325 840 3386 gesta
890 3315 1059 3371 fuisse
1097 3323 1321 3370 narrant
1346 3322 1536 3370 contra
1581 3314 1739 3369 Luci-

131 3411 396 3466 feriano‘s.
427 3411 538 3465 Hac
565 3411 708 3465 enim
740 3411 860 3479 lege
902 3411 1161 3467 Damasus
1191 3425 1353 3481 agere
1375 3451 1389 3475 ,
1430 3426 1526 3480 per
1553 3408 1740 3465 Eccle-

132 3507 230 3561 siae
258 3504 608 3561 defensorem
656 3507 862 3576 yotuit,
901 3521 968 3559 ne
997 3502 1465 3560 Luciferianornm
1493 3546 1509 3570 ,
1552 3519 1616 3560 ac
1655 3518 1741 3559 re-

133 3601 529 3671 baptizantium
561 3610 732 3655 costus
755 3599 976 3663 ﬁerent,
1006 3609 1165 3669 atque
1189 3598 1309 3661 hac,
1340 3599 1550 3667 aliaque
1602 3597 1743 3651 forte

138 3694 509 3750 Valentiniani
538 3692 928 3748 constitutione
955 3701 1143 3747 contra
1188 3691 1590 3760 rebaptizantes
1626 3692 1744 3759 epi-

136 3802 336 3857 scapos
379 3786 525 3841 edita
560 3784 642 3858 (ἀ)
670 3799 860 3840 curare
899 3792 958 3838 ιιι
993 3784 1243 3838 Aurelius
1278 3768 1751 3837 Luciferianorum

139 3891 269 3934 tunc
312 3881 366 3933 in
418 3876 566 3933 Urbe
625 3876 1149 3946 pseudoepiscopus,
1212 3875 1380 3929 veluti
1439 3873 1745 3930 sacerdotio

141 3971 399 4042 indignus
428 3971 537 4024 alio
565 3969 966 4023 amandaretur.

214 4065 372 4120 Hanc
398 4078 529 4118 vero
550 4060 917 4132 conjecturam
960 4058 1284 4114 conﬁrmare
1320 4058 1537 4114 videtur
1563 4057 1747 4113 Theo-

145 4159 357 4230 phanes
381 4199 398 4225 ,
430 4172 552 4212 eum
582 4157 771 4212 scribit
817 4155 883 4210 ad
932 4169 1131 4209 annum
1171 4153 1369 4207 divinae
1416 4151 1749 4207 incarnatio-

146 4224 231 4307 nis
255 4224 389 4317 3'77,
427 4250 717 4304 Damasum
742 4248 1104 4304 Sabbatianns
1132 4247 1200 4299 ab
1225 4245 1472 4301 Ecclesia
1496 4245 1746 4316 ejecisse.

147 4353 343 4405 Annus
386 4348 532 4404 enim
573 4346 665 4402 illo
701 4344 839 4416 apud
872 4342 1266 4399 Alexandrinos
1293 4384 1306 4405 ,
1340 4341 1532 4410 incipit
1581 4357 1608 4393 a
1650 4339 1749 4394 ka-

145 4444 329 4499 lendis
352 4442 662 4497 Decembris
688 4443 812 4494 anni
832 4439 961 4505 574,
991 4445 1047 4491 ιιι
1068 4438 1229 4490 etiam
1254 4435 1448 4505 Pagius
1478 4441 1631 4488 notat
1653 4434 1750 4505 (e).

149 4535 345 4590 Nullos
374 4536 476 4590 sub
523 4535 753 4589 Damaso
783 4532 1140 4587 Sabbatianos
1185 4529 1351 4583 fuisse
1379 4538 1591 4581 certntn
1622 4537 1704 4580 est
1733 4542 1748 4580 :

1830 1931 1983 1988 sant,
2015 1921 2159 1993 quod
2209 1924 2596 1991 imperatorum
2630 1922 2801 1993 legem
2838 1938 3119 1992 perperam
3168 1923 3437 1995 interpre-

1832 2016 1960 2081 tati,
1992 2016 2220 2070 [laniaso
2250 2017 2370 2086 ipso
2404 2017 2629 2072 nimium
2659 2017 3115 2088 obsequerentur.

1902 2107 2213 2174 Caeterum,
2245 2120 2300 2161 ιιι
2354 2110 2468 2178 ipse
2515 2124 2834 2180 Cognoscas,
2886 2109 3257 2182 deliniasque,
3314 2124 3437 2181 qua:

1832 2200 2190 2257 aniferianis
2212 2203 2572 2258 schismaticis
2597 2205 2680 2257 his
2707 2205 3040 2277 presbyteris
3058 2246 3072 2268 ,
3098 2221 3218 2261 cum
3246 2206 3440 2261 Dama-

1832 2307 1985 2357 sum,
2009 2294 2254 2363 aliosque
2293 2296 2536 2364 egregios
2581 2295 2882 2349 oatliolicos
2918 2298 3203 2365 episcopos
3230 2297 3441 2353 calum-

1834 2385 1940 2439 niis
1970 2398 2283 2456 aspergunt,
2318 2387 2452 2440 fides
2482 2387 2666 2440 haberi
2696 2388 2881 2454 possit,
2919 2405 3026 2442 uno
3056 2389 3157 2443 hoc
3189 2404 3297 2458 pra?
3330 2405 3440 2445 Cte-

1835 2478 1964 2534 teris
1989 2481 2238 2549 exetnplo
2260 2491 2537 2535 ostensmn
2566 2495 2649 2535 eo.
2688 2481 2921 2535 Maximo
2952 2491 3069 2549 post
3093 2482 3441 2537 Ariminense

1834 2573 2124 2627 concilium
2153 2574 2221 2625 ab
2249 2573 2377 2628 sede
2406 2574 2581 2644 pulsi»,
2609 2572 2887 2627 Zosimum
2912 2574 2980 2628 ab
3007 2572 3220 2628 Arianis
3244 2575 3439 2629 subro—

1835 2676 2015 2735 gatum
2040 2674 2310 2727 asserunt,
2344 2682 2504 2733 quem
2549 2675 2808 2736 przeterea
2841 2660 3252 2736 ltouoris‘gratia
3287 2663 3355 2721 ad
3384 2680 3445 2721 se

1837 2758 2143 2811 venientem
2177 2774 2204 2811 a
2236 2756 2484 2812 Lucifero
2515 2773 2581 2811 ex
2611 2756 2833 2811 Oriente
2866 2756 3062 2811 reduce
3096 2772 3205 2811 non
3240 2757 3445 2811 admis-

1838 2866 1953 2906 sum
1987 2851 2154 2907 aiunt.
2190 2854 2258 2907 At
2304 2854 2448 2907 hunc
2480 2851 2768 2905 Maximum
2802 2895 2814 2915 ,
2847 2850 3231 2920 Zosimumquc
3258 2892 3273 2917 ,
3305 2851 3448 2908 inter

1837 2946 2222 3016 Neapolitanos
2250 2945 2535 3015 episcopos
2567 2946 2618 2999 in
2666 2945 2940 2999 Chronico
2969 2944 3196 3000 Joannis
3222 2944 3447 2999 Diaconi

1839 3041 2053 3109 alioque
2083 3058 2110 3093 a
2141 3040 2434 3094 Blancbino
2455 3040 2601 3095 edito
2634 3038 2830 3093 frustra
2858 3053 3093 3109 quaeras.
3115 3040 3256 3107 Quin
3285 3055 3445 3104 vero,

1840 3134 1884 3187 si
1913 3133 2031 3201 ejus
2058 3133 2309 3187 ecclesia:
2343 3136 2708 3188 monumentis
2738 3133 2870 3187 titles
2892 3141 2994 3197 est,
3017 3134 3196 3186 nullus
3225 3132 3452 3187 omnino

1762 3243 1808 3304 ρ
1847 3227 1994 3280 locus
2042 3226 2149 3279 illis
2196 3241 2317 3281 esse
2370 3226 2601 3295 poterit;
2639 3242 2760 3280 nam
2811 3225 3064 3288 Severus,
3117 3226 3201 3279 cui
3259 3226 3452 3280 scribit

1844 3320 2162 3374 Ambrosius
2187 3321 2470 3389 epistolam
2501 3322 2591 3386 59,
2618 3330 2672 3374 et
2700 3319 2854 3389 cujus
2885 3319 3025 3388 apud
3056 3318 3447 3391 Symmachum

1845 3415 2048 3469 mentio
2076 3429 2198 3467 cum
2231 3414 2388 3469 laude
2414 3422 2497 3466 est
2524 3412 2626 3483 (It),
2653 3412 3039 3481 Episcopatum
3066 3411 3212 3464 illum
3249 3410 3452 3478 tenuit,

1845 3520 1909 3561 ac
1960 3515 2147 3559 sancte
2209 3504 2614 3558 administravit
2667 3506 2735 3559 ab
2788 3520 2930 3558 anno
2981 3505 3173 3558 saltent
3225 3503 3333 3557 542
3379 3500 3449 3557 ad

1855 3614 1942 3652 an.
1959 3598 2084 3653 587.
2103 3596 2235 3651 llinc
2260 3600 2340 3651 vir
2360 3595 2732 3650 clar.Alexius
2761 3595 3119 3667 Symmachus
3144 3593 3451 3650 Mazoebius

1847 3690 1898 3744 in
1954 3700 2066 3744 not.
2123 3690 2504 3743 eruditissimis
2548 3688 2613 3742 ad
2664 3699 2816 3743 vetns
2865 3702 3230 3742 marmoreum
3281 3686 3450 3759 Neap.

1847 3781 1997 3837 Eccl.
2028 3781 2434 3840 Kalendariutn,
2465 3781 2537 3836 ad
2563 3781 2705 3836 diem
2738 3780 2803 3837 2i
2851 3776 3132 3837 Februarii
3166 3789 3313 3835 recte
3340 3778 3457 3833 col-

1849 3878 1964 3948 ligit
1993 3878 2133 3931 inter
2161 3876 2369 3930 fabulas
2398 3875 2548 3945 rejici
2582 3886 2838 3945 oportere
2867 3873 3279 3944 Neapolitanum
3304 3870 3458 3928 Ursi-

1847 3971 1954 4026 cini
1984 3972 2377 4039 episcnpatum,
2400 3984 2560 4032 quem
2586 3968 2658 4022 cl.
2686 3967 3011 4023 Mnratorius
3038 3977 3164 4020 ante
3191 3965 3452 4021 Severum

1850 4064 2028 4134 ipsum
2067 4063 2120 4117 in
2168 4061 2313 4117 uotis
2358 4062 2425 4115 ad
2454 4060 2701 4130 ejusdem
2732 4059 2958 4115 Joannis
2984 4058 3197 4113 diaCoui
3227 4057 3461 4112 Chroni-

1850 4172 1952 4213 Cnn
1982 4199 1996 4223 ,
2026 4157 2297 4211 collocare
2325 4156 2472 4207 visus
2504 4152 2700 4207 fuerat.
2752 4152 3090 4220 Quamquam
3120 4148 3318 4204 deinde
3351 4162 3460 4203 non

1851 4248 2010 4305 video
2032 4292 2047 4317 ,
2076 4266 2172 4304 cur
2202 4249 2311 4302 alio
2362 4248 2481 4300 loco
2513 4242 2792 4299 Zosimum
2847 4243 3026 4307 hunc,
3058 4252 3112 4295 et
3166 4238 3462 4293 Maximum

1852 4342 1993 4397 inter
2023 4339 2264 4410 ejusdem
2298 4338 2459 4393 Urbis
2507 4338 2795 4405 epi~copos
2837 4349 3122 4389 recensere
3152 4331 3243 4386 ille
3275 4339 3466 4401 potue-

1853 4433 1944 4495 rit,
1975 4446 2181 4502 eosque
2228 4430 2527 4486 Ecclesiant
2577 4429 2724 4483 illam
2783 4428 2853 4482 ab
2898 4442 3042 4483 anno
3096 4424 3205 4482 359
3254 4424 3321 4479 ad
3368 4440 3468 4479 an-

1855 4542 1984 4581 num
2032 4526 2136 4580 ὅθι
2177 4523 2590 4578 administrasse
2621 4520 2904 4591 scripserit
2935 4520 2997 4591 (i)
3030 4534 3169 4589 quos
3216 4534 3371 4589 teque
3400 4532 3465 4574 ac
3506 4502 3515 4511 ’

156 4632 260 4684 hoc
288 4631 492 4698 quippe
522 4643 716 4681 nomen
743 4623 915 4678 audiri
945 4624 1110 4693 empit
1160 4632 1281 4690 post
1315 4619 1519 4673 nbittnn
1567 4617 1745 4672 Tlteo-
1783 4630 1829 4691 ι)
1858 4619 2167 4675 Ursicinum
2200 4619 2436 4676 Severus
2464 4630 2590 4672 tunc
2618 4616 2736 4686 ejus
2764 4615 2926 4671 Urbis
2952 4617 3243 4687 episcopus
3265 4614 3461 4684 rejicit.

158 4721 298 4777 dosii
327 4721 531 4791 Magni,
564 4735 685 4775 cum
711 4716 1000 4773 Sabbatius
1040 4732 1066 4766 a
1097 4712 1410 4768 Novatianis
1439 4710 1754 4765 secessione

159 4815 326 4880 facta,
356 4825 557 4870 sectam
585 4810 825 4867 condidit
858 4810 925 4862 ab
961 4823 1029 4863 en
1059 4807 1292 4870 dictam;
1341 4819 1405 4859 ex
1434 4819 1542 4873 quo
1567 4811 1755 4871 aperte

158 4908 494 4979 colligimus,
536 4898 821 4975 septimum
880 4898 1465 4968 Constantinopolitani
1509 4910 1756 4952 tecuine-

163 5002 270 5056 nici
295 4999 510 5055 concilii
536 5011 798 5053 canonem
824 5036 839 5060 ,
875 4996 926 5048 in
956 5009 1066 5064 quo
1094 5005 1350 5062 expressa
1389 4989 1753 5045 Sabbatiano-

165 5110 285 5148 rum
317 5092 521 5146 mentio
546 5098 659 5155 est,
688 5088 912 5142 alterius
931 5089 999 5141 ab
1021 5086 1113 5139 illo
1135 5083 1431 5154 temporis,
1460 5093 1514 5136 et
1539 5079 1758 5136 concilii

165 5203 312 5244 esse.
342 5186 664 5240 Novatisnos
706 5182 887 5251 itaque
913 5195 1103 5236 omnes
1128 5221 1144 5245 ,
1175 5180 1279 5235 sub
1318 5193 1380 5232 ea
1420 5190 1552 5231 voce
1580 5174 1763 5230 Theo-

167 5281 381 5350 phanes
416 5277 697 5347 intelligit,
736 5289 939 5343 eosque
967 5273 1036 5327 ab
1066 5271 1306 5327 Ecvlesia
1339 5270 1602 5324 Damasus
1636 5282 1761 5337 pro-

172 5372 461 5443 scripsisse
509 5371 715 5442 potuit,
765 5367 930 5424 veluti
973 5365 1067 5438 qui
1106 5380 1230 5420 cum
1276 5362 1651 5421 Montensibus
1696 5375 1760 5416 ac

245 5491 329 5563 (α)
361 5490 514 5563 Anno
858 5556 873 5563 _
969 5554 987 5563 -
1017 5553 1033 5563 .
1350 5548 1412 5563 ....

250 5493 303 5563 (α
361 5491 514 5546 Anno
539 5491 665 5546 569.
1402 5550 1412 5561 .

250 5491 329 5637 (bl
360 5561 571 5637 G_othol‘.
595 5556 898 5637 ,_Cbronol.
922 5554 988 5611 ad
1017 5553 1161 5609 hunc
1183 5544 1651 5618 ann.,'l‘tllem.de
1663 5545 1769 5603 Va-

180 5632 372 5693 leu'ti’n.
397 5633 416 5688 1
435 5675 449 5701 ,
479 5643 579 5688 art.
607 5632 701 5688 29.

278 5708 344 5834 c2)
667 5702 770 5761 Th.
799 5704 873 5788 de
903 5702 1050 5759 Her.
1079 5769 1092 5783 θ

495 5815 508 5828 .
602 5778 744 5832 teod.
776 5776 870 5830 ltb.
903 5786 1023 5834 va,
1056 5778 1091 5825 ιι

374 5775 508 5833 Cod.
538 5776 744 5832 Tlteod.
776 5776 870 5830 lib.
903 5786 1023 5837 va,
1056 5769 1139 5825 tit.
1169 5766 1232 5835 6,
1262 5765 1296 5821 1.
1334 5780 1371 5821 t.

259 5846 334 5923 (ej
368 5846 450 5904 Ad
477 5861 597 5903 ann.
628 5847 756 5917 373,
785 5862 840 5902 ιι.
869 5846 924 5900 2.

2506 4773 2735 4831 CAPUT
2774 4774 2842 4830 X.

1967 4870 2095 4938 575,
2136 4869 2344 4925 Daust
2382 4869 2484 4932 10,
2529 4882 2657 4924 νοεῖ
2694 4881 3047 4922 (ιοτιδιιιΑτ-υιι
3088 4864 3360 4921 Canum

2367 4978 2495 5020 suo.
2539 4978 2597 5016 ιιι
2634 4976 2705 5016 s'r
2744 4960 2979 5026 Equrru.

1862 5081 1905 5138 Ι.
1952 5081 2027 5137 De
2065 5081 2220 5136 Vitali
2255 5081 2643 5151 Apollinarisla,
2676 5082 2888 5152 ejusque
2910 5077 2978 5131 ad
3009 5074 3195 5132 Urbem
3224 5088 3429 5126 accessu
3449 5114 3465 5140 ,

1935 5186 1983 5231 et
2025 5175 2299 5230 accedendi
2347 5191 2505 5229 causa
2533 5172 2635 5227 :de
2683 5173 2804 5242 ﬁdei
2839 5170 3068 5243 formula
3113 5167 3176 5221 ab
3205 5183 3262 5221 eo
3298 5165 3472 5220 oblata

1935 5268 2186 5334 Damaso,
2211 5278 2258 5324 et
2302 5268 2660 5322 communione
2689 5282 2780 5333 per
2812 5265 3053 5335 fraudem
3075 5267 3296 5323 extorta,
3320 5274 3383 5311 ac
3409 5258 3474 5311 de

1932 5364 2094 5418 tribus
2139 5364 2202 5418 ab
2247 5363 2425 5418 eodem
2460 5361 2690 5416 Damaso
2732 5360 2938 5433 scriptis
2980 5374 3043 5413 ea
3087 5353 3356 5408 occasione
3402 5350 3472 5406 ad

1971 5477 2025 5550 Ι)
2053 5480 2210 5549 Apud
2241 5480 2428 5536 Const.
2455 5494 2544 5547 ep.
2577 5478 2717 5550 5,}.
2746 5476 2809 5543 2,
2830 5492 2916 5545 ep.
2943 5474 3001 5539 2,
3031 5490 3086 5550 ιι,
3121 5471 3212 5550 μ.

1971 5478 2025 5550 f)
2053 5480 2210 5549 Apud
2241 5480 2428 5536 Const.
2455 5494 2544 5547 ep.
2577 5478 2636 5544 5,
2661 5493 2717 5532 ιι.
2746 5478 2809 5543 2,
2830 5492 2916 5545 ep.
2943 5478 3001 5539 2,
3031 5490 3086 5528 ιι,
3124 5478 3212 5525 11.
3343 5541 3357 5553 .

1944 5478 2021 5624 lg)
2054 5548 2917 5624 Cyprian.,_epist._ad_lubente...
2940 5561 2995 5603 ιι
3027 5546 3082 5608 8;
3105 5542 3472 5603 Ambsosutst.

1872 5622 1927 5678 in
1948 5618 2069 5693 cap.
2102 5618 2308 5691 i'epist.
2336 5618 2479 5693 Had
2506 5618 2754 5676 Corinth.

1948 5691 2029 5766 (It)
2061 5695 2233 5766 Epist.
2267 5691 2597 5766 5t,lib_._vn.
2639 5758 2730 5766 --Δ
2822 5765 2825 5766 ν
2909 5755 2924 5766 _
2964 5754 3014 5766 __
3051 5753 3069 5766 _
3155 5751 3187 5766 ﬂ

1947 5753 2023 5836 (η’
2042 5753 2297 5821 Ad.Non.
2327 5753 2527 5834 Aprilis
2556 5777 2609 5831 p.
2632 5758 2755 5828 188,
2780 5765 2839 5817 σι
2858 5755 2927 5815 ad
2958 5754 3021 5815 11
3044 5753 3213 5824 Junii,
3242 5763 3373 5814 ιοιιι.
3412 5754 3476 5813 ll.
