3998 6346
507 241 616 302 167

1751 241 2064 302 SANC'I'US
2103 241 2286 302 DAMA
2297 245 2428 306 SUS
2467 245 2666 306 PAPA.

3689 263 3774 322 l68

579 367 870 424 Paulinum
889 365 1264 424 Antiochenam
1305 363 1538 436 epistolis
1581 365 1774 438 agitur.
1805 367 1868 422 Il.
1915 367 2112 422 Harum
2139 369 2192 428 Α
2219 368 2336 420 nius
2355 367 2424 422 ait
2441 369 2528 438 (ἑ),
2553 385 2618 424 ex
2641 367 2812 438 ipsius
2837 367 3054 424 ofﬁcina
3077 369 3357 440 prodierit.
3381 371 3514 428 Hinc
3531 372 3774 436 Nestor-ins

579 471 834 530 postrema
853 461 984 514 inter
1008 459 1299 516 Catholicos
1329 457 1674 512 Antiocltenos
1703 471 1870 512 motus
1891 459 2104 522 excitat,

577 553 668 624 qui
711 553 1002 622 referuntur
1039 568 1102 606 ea;
1133 549 1352 606 Basilio.
1401 551 1488 606 111.
1531 549 1824 606 Dorotlteus
1868 551 1932 605 de
1959 553 2110 606 tertio

581 645 818 702 Romano
846 645 1030 700 itinere
1055 643 1116 699 ob
1151 661 1264 698 eam
1295 661 1506 698 causam
1535 645 1756 716 cogitat,
1785 661 1846 697 ac
1881 643 2110 698 eumdem

579 735 836 794 Basiliam
891 737 1133 792 consulit.
1175 735 1266 792 IV.
1315 737 1728 808 Simpltciauus,
1787 735 1876 806 qui
1929 735 2114 788 deinde

577 831 848 886 Ambrosio
897 831 1176 898 successit,
1213 829 1462 896 Romana:
1515 827 1762 883 Ecclesia:
1811 827 2113 900 presbyter;

575 921 840 978 Bai-anius
869 933 1252 996 propugnator.

573 1015 618 1073 l.
655 1017 868 1072 Damasi
897 1017 1094 1072 litterae
1123 1057 1140 1082 ,
1167 1027 1394 1083 quorum
1437 1011 1720 1068 dumtaxat
1755 1011 2114 1084 fragmentum

503 1123 752 1180 superest
777 1109 956 1184 (a),ac
991 1109 1296 1166 Dorotheus
1317 1109 1487 1165 redux
1517 1107 1876 1164 Orientalium
1906 1108 2118 1176 episco—

503 1223 696 1282 porum
725 1207 938 1262 animos
967 1211 1290 1284 erexerunt,
1321 1203 1392 1256 ob
1423 1201 1704 1268 auxilium,
1737 1199 1892 1270 cujus
1921 1199 2114 1253 Roma-

505 1317 610 1359 nus
657 1299 934 1374 pontifex,
964 1313 1030 1356 ac
1065 1296 1382 1369 congregati
1427 1295 1668 1366 episcopi
1713 1303 1822 1348 tum
1863 1307 1923 1348 re
1953 1293 2068 1360 ipsa
2103 1333 2118 1356 ,

507 1395 686 1467 quoad
709 1402 982 1464 poterant,
1015 1401 1126 1448 tum
1159 1391 1364 1456 verbis,
1389 1403 1452 1444 ac
1477 1388 1680 1458 prolixa
1711 1386 2006 1440 voluntatis
2026 1385 2120 1438 de-

503 1489 810 1544 claratione
855 1501 1006 1558 spem
1037 1487 1297 1540 fecerant.
1327 1481 1382 1538 Id
1427 1480 1701 1552 colligitur
1745 1495 1816 1534 ex
1849 1481 1932 1534 'iis
1957 1521 1972 1544 ,
1999 1492 2121 1548 quae

503 1579 740 1636 Basilius
781 1587 910 1634 tunc
939 1577 1158 1647 scripsit
1203 1575 1272 1630 ad
1311 1575 1662 1646 presbyteros
1693 1569 2068 1627 Antiochcnos
2101 1612 2118 1638 ,

503 1673 574 1732 ad
595 1673 870 1746 Pelagium
911 1671 1324 1736 Laudicensem,
1357 1679 1414 1726 et
1439 1667 1618 1724 Vitum
1643 1669 1974 1724 Charrorum
2003 1665 2122 1738 epi-

2211 461 2414 534 Cyrillo
2439 463 2752 532 exprobrat,
2777 463 2920 536 quod
2971 467 3284 520 testimonio
3311 465 3498 522 Vitalis
3539 471 3776 539 Apollina-

2213 557 2380 622 ristae,
2413 557 2562 612 velut
2586 557 2808 612 alterius
2833 561 2900 612 ab
2929 559 3021 612 illo
3051 557 3263 618 Vitalis.
3297 575 3426 614 usus
3445 560 3512 614 sit
3535 561 3628 634 (j).
3655 563 3776 620 Vita-

2213 647 2282 704 Iis
2309 649 2450 704 enim
2487 665 2590 704 non
2623 665 2784 706 secus
2811 665 2874 706 ac
2903 649 2998 704 alii
3023 649 3141 720 ejus
3167 659 3332 706 sectte
3360 651 3618 718 homines,
3641 655 3776 712 ratio-

2215 743 2298 798 nis
2317 785 2332 804 ,
2363 743 2566 798 mentis
2589 785 2603 808 ,
2633 754 2688 798 et
2730 759 2922 800 sensus
2951 759 3114 806 voce.
3145 759 3304 814 quem
3345 743 3559 800 Christo
3581 745 3778 804 Domino

2215 833 2516 890 concedere
2545 835 2848 902 videbatur,
2873 835 3014 890 aliud
3045 837 3172 890 nihil
3197 835 3486 902 intellexit,
3511 835 3778 908 Epiphanio

2211 935 2354 984 teste
2379 969 2394 992 ,
2429 944 2588 998 quant
2633 927 2872 982 divinum
2915 927 3090 998 ipsum
3125 927 3402 994 Verbum,
3433 929 3568 1000 quod
3615 931 3778 986 mentis

2217 1021 2496 1090 suppleret
2527 1021 2690 1074 vices.
2723 1021 2856 1076 Cum
2885 1021 3066 1092 itaque
3089 1021 3220 1078 fides
3257 1023 3392 1090 haec,
3425 1037 3580 1094 quam
3607 1023 3780 1094 scripto

2219 1115 2513 1178 obtulerat,
2545 1113 2716 1184 prima
2743 1112 2922 1170 fronte
2951 1129 3104 1178 sana,
3129 1131 3190 1170 ac
3213 1127 3358 1170 recta
3383 1115 3494 1170 visa
3523 1127 3670 1178 esset,
3701 1117 3782 1172 Da-

2225 1221 2408 1262 masus
2437 1223 2586 1274 cum,
2617 1205 2792 1276 quoad
2825 1207 3008 1262 Itonia:
3039 1205 3137 1262 fuit
3167 1207 3234 1263 ad
3263 1209 3682 1264 communionem
3705 1211 3782 1266 ad-

2225 1299 2401 1364 mi~it;
2431 1301 2572 1370 quod
2599 1309 2870 1354 versutum
2901 1303 3194 1372 nequitiam
3246 1313 3416 1374 atque
3461 1303 3680 1360 abditam
3699 1345 3713 1372 ,
3739 1315 3784 1360 et

2221 1395 2486 1448 occultam
2519 1393 2764 1448 fraudem
2797 1395 2896 1450 sub
2929 1395 2996 1450 iis
3027 1395 3286 1450 latentem
3315 1397 3496 1452 verbis
3524 1437 3538 1462 ,
3563 1405 3678 1452 tunc
3703 1401 3784 1452 mi-

2223 1487 2372 1541 nime
2399 1485 2846 1556 deprehendisset
2875 1505 2888 1540 :
2921 1497 2977 1540 at
3009 1503 3107 1558 pro
3157 1503 3224 1544 eo
3251 1531 3264 1554 ,
3291 1489 3436 1558 quod
3479 1491 3542 1544 ad
3581 1491 3780 1546 futurum

2225 1589 2464 1650 tempus,
2497 1589 2553 1638 et
2597 1582 2894 1638 Ecclesium
2923 1583 3320 1638 Antiochenam
3365 1585 3580 1648 attinet,
3605 1585 3786 1656 scripsit

2225 1673 2456 1730 Paulino
2475 1719 2489 1738 ,
2521 1685 2577 1730 ut
2606 1675 2698 1730 ille
2723 1717 2738 1742 ,
2761 1677 2848 1732 cui
2895 1691 2955 1732 ea
2997 1677 3335 1744 exploratior
3377 1695 3496 1734 esse
3523 1679 3783 1746 debuerat,

507 1783 732 1840 scopum
763 1765 862 1840 (ὁ).
897 1765 1096 1822 Verum
1127 1765 1288 1836 paulo
1331 1775 1452 1832 post
1496 1771 1702 1817 mutata
1728 1775 1912 1816 rerum
1957 1759 2120 1814 facies
2149 1766 2199 1828 B
2225 1781 2440 1822 causam
2467 1771 2768 1838 expediret,
2801 1785 2860 1826 se
2889 1781 3062 1824 ratum
3091 1771 3422 1836 habiturum,
3449 1771 3684 1842 quidquid
3711 1785 3786 1841 op-

509 1871 616 1928 est,
639 1861 709 1917 ob
735 1875 798 1916 ea
823 1875 944 1932 qua:
977 1869 1228 1916 recenter
1257 1855 1562 1912 Antiochia:
1589 1853 1948 1924 contigerant.
1977 1851 2124 1906 Vita-

507 1955 578 2012 lis
623 1955 908 2026 presbyter
949 1967 1014 2009 ex
1045 1951 1250 2008 Meletii
1273 1951 1420 2006 clero
1451 1947 1658 2016 fuerat,
1687 1951 1778 2020 qui
1816 1963 1938 2002 cum
1980 1961 2124 2018 aegre

513 2049 682 2106 ferret
703 2051 988 2120 praelatum
1007 2045 1110 2102 sibi
1141 2043 1484 2108 Flavianum,
1507 2051 1757 2096 causatus
1787 2055 1848 2096 se
1877 2051 2123 2094 contem-

511 2143 626 2216 ptui
653 2143 722 2200 ab
753 2141 846 2198 illo
869 2142 1134 2210 habitum,
1157 2139 1226 2196 ad
1257 2137 1650 2210 Apollinarium
1682 2151 1742 2192 se
1767 2135 2068 2202 transtulit,
2093 2149 2124 2190 a

513 2253 622 2310 quo
662 2235 912 2309 regendis
949 2235 1049 2303 iis,
1073 2247 1209 2306 quos
1247 2233 1346 2288 sibi
1391 2231 1444 2286 in
1489 2245 1554 2286 ea
1596 2229 1730 2286 urbe
1779 2227 2124 2298 adiunxerat,

513 2331 838 2402 praepositus
877 2337 962 2386 cst
987 2327 1084 2402 (c).
1111 2325 1384 2384 Credibile
1413 2335 1498 2382 est
1525 2341 1636 2380 rem
1665 2338 1864 2380 omnen
1893 2321 2126 2378 delatam

501 2409 750 2482 'Damaso
767 2423 1182 2494 perPaulinum,
1199 2421 1386 2494 augeri
1408 2419 1620 2476 scilicet
1641 2417 1944 2474 Antiochia:
1963 2417 2129 2486 Apol-

515 2517 702 2576 Iinarii
731 2528 964 2586 sectam,
995 2517 1122 2572 huic
1150 2530 1324 2586 nuper
1359 2511 1656 2570 accessisse
1687 2509 1918 2566 Vitalem
1949 2507 2128 2578 magni

519 2613 578 2670 in
605 2631 668 2668 ea
697 2613 834 2670 urbe
865 2613 1132 2678 uontinis,
1160 2619 1322 2676 atque
1347 2607 1498 2664 illum
1524 2608 1592 2662 ab
1627 2605 1820 2662 eodem
1849 2605 2132 2676 Apollina-

521 2689 859 2776 rio'agendis
889 2703 1264 2760 baarelicorum
1307 2691 1608 2774 synaxibtts
1635 2697 1910 2753 admotum
1935 2737 1950 2762 ,
1977 2695 2130 2750 Ihaud

521 2801 720 2870 exiguo
762 2797 1030 2854 damnatae
1081 2797 1152 2853 ab
1191 2793 1592 2860 Alexandrina,
1625 2799 1682 2850 et
1721 2791 1966 2848 Rottiana
2005 2799 2132 2846 ante

523 2901 642 2949 acta
663 2891 876 2964 synodo
899 2891 1124 2948 hatresis
1153 2889 1408 2962 praesidio
1427 2931 1442 2954 ,
1477 2899 1530 2944 ct
1563 2885 1846 2942 catholicas
1877 2883 2002 2939 Iidei
2039 2883 2132 2940 de-

520 2985 800 3044 trimento.
845 2985 1017 3056 Quam
1053 2985 1198 3042 enim
1231 2983 1394 3038 aliam
1437 2994 1634 3050 przeter
1663 2979 1804 3036 hanc
1841 2978 2132 3036 aﬂ'eremus

525 3083 705 3152 magni
735 3081 878 3138 illius
898 3081 1084 3152 ,_quod
1107 3093 1399 3152 utrumque
1425 3077 1755 3144 obtinuerat,
1779 3075 1988 3132 dissidii
2005 3089 2132 3130 cau-

2229 1863 2418 1916 tintuttt
2469 1861 2772 1918 censuiSSet
2805 1905 2820 1928 ,
2880 1873 3042 1934 atque
3089 1879 3182 1920 eas
3235 1863 3444 1920 litteras
3483 1863 3634 1920 Vitali
3685 1871 3788 1918 tunc

2227 1957 2447 2012 abeunti
2493 1957 2732 2024 tradidit,
2773 1967 2830 2012 ut
2887 1958 2964 2014 illi
3015 1949 3394 2016 redderentur.
3429 1959 3620 2016 Verum
3660 1959 3786 2030 paulo

2229 2059 2350 2120 post
2389 2049 2507 2116 ejus
2529 2049 2595 2104 ab
2637 2049 2780 2106 Urbe
2829 2049 3160 2120 discessum,
3195 2053 3404 2120 scripto
3447 2055 3632 2109 iterum
3667 2051 3786 2106 brevi

2229 2139 2478 2212 epistolio
2517 2157 2612 2212 per
2661 2143 2972 2198 Petronium
3019 2145 3400 2217 presbyterum
3432 2144 3708 2210 afferenda,
3731 2143 3790 2198 sia

2229 2235 2498 2308 gnificavit
2531 2235 2766 2305 aliquent
2795 2239 3078 2294 subortnm
3097 2241 3196 2294 sibi
3233 2241 3370 2296 inea
3397 2257 3456 2296 re
3477 2241 3786 2311 scrupulum;

2229 2337 2284 2383 at
2305 2331 2427 2398 quia
2453 2329 2648 2386 deinde
2675 2331 2939 2402 praevidit,
2967 2331 3084 2388 fore
3109 2343 3166 2388 ιιι
3195 2333 3454 2389 Paulinus
3477 2335 3542 2390 ob
3561 2349 3666 2388 eam
3689 2347 3790 2386 cau-

2229 2435 2344 2476 sam
2373 2423 2582 2478 consilii
2615 2423 2856 2479 incertus
2885 2423 3014 2478 nihil
3037 2435 3220 2496 ageret
3243 2427 3474 2490 interea,
3499 2441 3560 2480 ac
3585 2439 3790 2482 remem-

2231 2531 2356 2572 netu
2407 2517 2698 2582 detineret,
2729 2533 3008 2590 quousque
3057 2519 3180 2574 alia:
3227 2519 3404 2574 allatas
3431 2529 3608 2576 essent
3641 2534 3667 2572 a
3703 2517 3792 2572 [lo-

2231 2627 2391 2668 mano
2419 2613 2674 2684 pontifice
2699 2613 2914 2680 litterm,
2939 2615 3136 2682 quibus
3157 2627 3224 2668 eo
3247 2613 3410 2668 dubio
3435 2613 3788 2674 absolveretur;

2232 2721 2302 2760 ne
2331 2713 2544 2778 tempus
2573 2707 2766 2761 frustra
2803 2705 3130 2768 traheretur,
3157 2719 3222 2760 ac
3251 2721 3322 2762 nc
3347 2705 3550 2768 Vitatis,
3575 2705 3794 2758 aliorum-

2231 2818 2338 2872 que
2385 2801 2450 2858 ad
2497 2803 2794 2858 Ecclesium
2825 2803 3160 2858 venientium
3205 2801 3452 2873 receptio
3499 2803 3682 2856 diutius
3713 2797 3792 2852 dif-

2233 2895 2358 2950 ferri
2399 2905 2622 2966 posset,
2653 2895 2794 2950 hanc
2839 2895 3180 2952 Antiocheno
3237 2895 3480 2966 prarsuli,
3509 2911 3622 2966 qua
3665 2891 3790 2948 tertia

2233 2999 2338 3056 εει,
2385 2987 2668 3060 epistolam
2715 2989 2970 3058 scripsit,
3021 3003 3124 3060 qua
3167 2989 3334 3044 veluti
3383 2989 3608 3060 quodam
3647 2999 3790 3042 rerum

2235 3083 2562 3152 agendarum
2621 3083 3038 3137 commonitorio
3089 3081 3436 3138 conditiones
3503 3081 3708 3152 adjicit,
3743 3091 3792 3130 ac

524 3191 640 3234 sam
683 3175 792 3248 (tl)?
821 3175 1048 3232 Romam
1087 3175 1272 3246 itaque
1303 3173 1494 3228 Vitalis
1523 3171 1788 3236 accessit,
1817 3177 1878 3224 ut
1917 3186 1978 3224 se
2011 3185 2134 3240 pur-
2159 3159 2205 3224 Ο
2239 3189 2300 3228 ex
2313 3187 2550 3244 prcSSam
2581 3173 2636 3228 in
2667 3189 2728 3228 ea
2759 3173 2882 3228 ﬁdei
2921 3173 3206 3228 formulam
3237 3173 3316 3244 (lt)
3359 3173 3558 3240 mittit,
3583 3189 3674 3226 nou
3711 3177 3792 3224 tatu

523 3281 680 3344 garet
704 3313 718 3334 .
749 3279 876 3327 ante
917 3279 1112 3344 Sponte
1149 3284 1246 3326 sua
1265 3311 1280 3334 ,
1311 3284 1378 3322 an
1409 3281 1538 3324 vero
1577 3267 1812 3330 accitus,
1843 3265 2134 3320 obscurum

523 3371 630 3422 est.
671 3363 1048 3421 Tillemontius
1089 3361 1246 3418 illum
1289 3368 1486 3431 sponte
1515 3375 1612 3414 sua
1659 3357 1956 3414 accessisse
1985 3363 2138 3428 putat

525 3470 584 3516 ut
611 3459 1052 3516 communionem
1073 3497 1090 3523 ,
1119 3471 1280 3526 quam
1311 3453 1514 3510 frustra
1545 3471 1574 3508 a
1607 3453 1834 3508 Paulino
1863 3457 2136 3521 rogitare-

527 3563 638 3620 rat,
665 3567 696 3608 a
729 3553 958 3606 Damaso
985 3551 1262 3606 obtineret
1289 3547 1384 3622 (ε).
1414 3549 1485 3603 At
1511 3561 1634 3601 cum
1665 3545 1804 3601 idem
1839 3545 2134 3608 Damasus,

527 3654 585 3702 ut
607 3643 980 3701 Nazianzenus
1005 3643 1099 3704 ait,
1129 3641 1252 3712 ﬁdei
1277 3641 1346 3694 ab
1363 3655 1430 3695 eo
1449 3637 1840 3708 professionem
1869 3635 2132 3706 exegerit,

525 3753 650 3795 cum
695 3749 956 3808 praeterea
993 3737 1051 3792 iu
1089 3749 1156 3792 eo
1185 3733 1370 3790 libello
1393 3747 1598 3805 ,‘quem
1639 3733 1890 3788 Pontifici
1915 3734 2138 3792 ἀπαιτη-

525 3833 628 3894 Oti;
677 3831 896 3898 obtulit,
927 3827 982 3884 id
1009 3837 1134 3900 agat
1172 3827 1492 3894 dumtaxat,
1513 3837 1676 3898 atque
1703 3827 1756 3882 in
1787 3829 1891 3882 hoc
1921 3828 2132 3882 incuru-

527 3925 641 3996 bat,
669 3937 726 3982 ut
749 3923 1068 3996 Apollinarii
1092 3921 1344 3979 haeresim
1367 3923 1595 3978 alienam
1619 3939 1646 3976 a
1674 3939 1734 3978 se
1759 3921 1940 3986 faciat,
1967 3935 2134 3992 seque

531 4019 602 4076 ab
629 4034 694 4076 ea
737 4017 1050 4090 suspicione
1073 4015 1292 4082 liberet,
1324 4015 1479 4072 facile
1507 4013 1810 4086 colligimus
1829 4055 1846 4082 ,
1871 4031 1993 4070 eum
2027 4031 2132 4070 non

527 4129 723 4188 sponte
769 4111 1026 4180 sua,sed
1071 4112 1570 4176 accitum,tantum
1620 4093 1922 4166 coniecisse
1971 4109 2132 4164 viam.

525 4209 762 4284 Cyrillus
799 4207 1208 4266 Alexandrinus
1246 4205 1538 4278 quamdam
1569 4205 1692 4260 ﬁdei
1731 4203 2132 4262 confessionem

524 4306 720 4362 recitat
749 4303 936 4362 Vitalis
957 4303 1200 4376 episcOpi
1227 4301 1312 4360 his
1337 4311 1656 4374 conceptam
1681 4301 1860 4356 verbis
1885 4317 1898 4356 :
1931 4300 2136 4380 Siquis

523 4397 712 4452 dixerit
741 4397 1044 4466 Dominum,
1075 4415 1138 4452 ac
1169 4395 1496 4454 Saluatorem
1525 4405 1780 4460 nostrum,
1805 4395 1894 4466 qui
1921 4411 1984 4450 ea:
2011 4395 2138 4466 Spi-

495 4487 628 4544 'ritu
659 4497 858 4558 sancto,
881 4501 928 4546 et
971 4489 1144 4546 Maria
1178 4489 1394 4564 Virgine
1435 4489 1718 4544 secundum
1745 4503 1954 4544 carnem
1984 4495 2134 4542 natus

521 4589 618 4648 est,
651 4583 846 4648 animo,
877 4593 968 4638 aut
1009 4591 1176 4638 mente
1195 4625 1211 4650 ,
1235 4553 1326 4639 aut
1353 4585 1572 4650 ratione,
1607 4591 1694 4636 aut
1735 4597 1887 4638 sensu
1915 4581 2134 4636 destitu-
2161 4553 2214 4614 D

527 4671 638 4732 tum
665 4691 793 4742 esse,
823 4679 1098 4732 anathema
1125 4677 1193 4732 sit
1215 4676 1311 4750 (Γ).

599 4769 852 4826 Petavius
887 4769 1058 4826 haeret
1087 4785 1155 4824 an
1179 4785 1302 4827 eam
1327 4769 1486 4826 Vitali
1515 4779 1706 4826 nostro
1741 4767 2000 4824 attribuat
2029 4767 2130 4842 (g).

441 4865 454 4879 '
525 4859 730 4920 Verum
767 4861 814 4918 si
843 4863 964 4934 quis
991 4877 1112 4919 eam
1141 4863 1278 4932 piis,
1309 4875 1372 4918 ac
1395 4877 1580 4918 veram
1611 4861 1770 4916 fidem
1799 4861 2132 4932 spirantibus

523 4955 858 5014 dictionibus
881 4955 1246 5026 conscriptam
1281 4955 1496 5018 videat,
1521 4955 1566 5010 si
1597 4953 1718 5025 quis
1749 4969 1869 5010 eam
1901 4969 2024 5009 cum
2053 4953 2134 5008 al-

525 5057 640 5108 tera
671 5047 953 5114 conferat,
983 5061 1142 5118 quam
1171 5048 1238 5104 ab
1265 5047 1456 5104 eodem
1479 5045 1634 5102 Vitali
1663 5060 1972 5117 expressam
2005 5045 2132 5116 Epi-

523 5141 758 5230 phanius
787 5143 1018 5214 retulit(
1047 5141 1126 5216 lt),
1159 5143 1246 5199 vix
1273 5141 1624 5210 dubitaverit,
1656 5143 1787 5214 quin
1809 5153 1868 5198 ut
1897 5141 2132 5216 Lequie-

625 5271 686 5330 αὶ
711 5269 831 5325 Vid.
859 5277 1000 5340 post.
1033 5269 1192 5340 epist.
1221 5269 1276 5340 li,
1305 5283 1454 5340 num.
1485 5269 1540 5324 I.

627 5342 678 5414 ὁ)
715 5343 818 5414 Ep.
843 5337 972 5408 2'55,
998 5339 1134 5414 254,
1158 5337 1302 5405 255;
1333 5337 1440 5414 Vit.
1469 5339 1660 5408 BasiI.,
1707 5353 1828 5410 cap.
1857 5337 1952 5407 56,
1985 5355 2038 5395 ιι.
2071 5339 2126 5397 6.

623 5413 674 5480 c)
705 5411 922 5470 Stizom.
958 5413 1050 5468 lib.
1089 5427 1168 5478 vr,
1197 5427 1314 5480 cap.
1347 5411 1440 5466 25.

623 5483 680 5556 ἀ)
709 5485 824 5541 Vid.
859 5483 1080 5556 Epitth.,
1115 5483 1258 5556 liter.
1291 5483 1382 5550 77,
1407 5499 1554 5556 nutu.
1585 5483 1678 5538 20.

629 5553 678 5628 ε)
705 5559 780 5612 Ite
809 5553 1008 5628 Apoll"
1039 5565 1144 5610 art.
1173 5553 1228 5616 9,
1263 5553 1538 5628 tom.7V_ll.

631 5621 676 5699 f)
709 5629 784 5700 Ad
813 5621 947 5700 Reg.
967 5621 1087 5698 cap.
1121 5628 1212 5690 10,
1241 5635 1374 5700 ton}:
1409 5626 1494 5680 Vl.

603 5697 684 5768 (ς)
707 5697 1052 5754 ΤΙιμιιΙξιιιιιιζ
1081 5715 1150 5758 Iv.
1178 5701 1270 5754 lib.
1301 5697 1394 5768 Vl,
1423 5713 1542 5772 cap.
1573 5699 1626 5768 l,
1659 5697 1688 5772 §
1719 5697 1804 5756 18.

603 5769 688 5845 (lt)
721 5771 864 5828 Hier.
891 5771 982 5842 77,
1009 5787 1078 5829 ex
1108 5787 1258 5828 num.
1280 5771 1372 5828 20.
1605 5811 1610 5816 .

847 5811 864 5828 Ι
901 5811 917 5826 υ
937 5811 982 5842 Ι.
1009 5811 1078 5829 νιι
1108 5811 1258 5828 ΙΙΙΙΙΙΙΟ
1281 5811 1372 5828 ’νο
1605 5811 1610 5816 ¹

2239 3269 2350 3334 tibi,
2383 3277 2442 3324 ut
2475 3269 2552 3324 ait
2599 3269 2880 3334 Damasus,
2915 3270 3004 3338 qui
3045 3269 3278 3340 ejusdem
3319 3269 3440 3338 ﬁdei
3485 3265 3794 3322 communione

2237 3363 2472 3429 sociaris,
2495 3379 2650 3432 quam
2672 3362 2752 3414 Itis
2777 3401 2790 3426 ,
2821 3361 2908 3432 qui
2945 3361 3000 3414 in
3039 3377 3098 3416 ea
3127 3361 3518 3424 subscribentes,
3553 3359 3652 3422 tibi,
3675 3356 3792 3410 idest
3829 3343 3842 3362 ⁸

2237 3455 2382 3510 nobis
2407 3471 2498 3524 per
2528 3464 2574 3508 te
2598 3453 2850 3508 voluerint
2875 3453 3084 3508 sociari.
3119 3453 3254 3508 Hinc
3291 3469 3420 3510 vero
3445 3448 3755 3520 intelligimus
3777 3485 3790 3512 ,

2239 3547 2530 3602 Damasum
2560 3561 2680 3602 cum
2715 3545 2830 3601 haec
2869 3547 3158 3609 scriberet,
3191 3547 3458 3602 incertum
3491 3556 3705 3616 prorsus,
3727 3547 3792 3592 at-

2237 3656 2343 3712 que
2369 3639 2422 3694 in
2449 3639 2826 3709 expectatione
2855 3638 3024 3694 futuri
3051 3639 3358 3696 Antiochia:
3387 3649 3602 3694 eventus
3621 3635 3788 3690 fuisse:

2237 3737 2588 3808 quamobrem
2629 3735 3110 3792 auathematismum
3131 3735 3310 3800 illum,
3343 3751 3450 3806 quo
3469 3733 3790 3788 Nazianzenus

2237 3833 2538 3902 captiosum
2569 3829 2690 3884 fidei
2719 3844 2748 3882 a
2779 3827 2978 3884 Vitalio
3003 3827 3200 3884 oblatio
3233 3827 3480 3884 libellum
3507 3837 3726 3882 eversum
3747 3823 3792 3872 et

2245 3926 2518 3981 sublatum
2547 3933 2623 3978 ait
2651 3923 2742 3998 (ι),
2773 3921 2940 3978 alium
2977 3939 3100 3980 esse
3137 3923 3206 3978 ab
3251 3937 3322 3978 eo
3347 3963 3364 3990 ,
3393 3923 3484 3994 qui
3517 3921 3612 3974 hac
3631 3913 3788 3974 eadem

2238 4021 2466 4092 epistola
2509 4019 2850 4090 exprimitur,
2882 4027 3042 4089 atque
3089 4017 3198 4072 alio
3243 4025 3490 4086 tempore
3531 4008 3788 4086 promulga-

2237 4123 2372 4180 tum,
2397 4123 2674 4184 postquam
2697 4111 2904 4166 scilicet
2925 4111 3190 4166 intellexit
3215 4109 3444 4166 Vitalem
3469 4107 3632 4178 ipsum
3659 4111 3788 4170 atque

2239 4203 2672 4278 Apollinariauos
2720 4203 2776 4258 in
2806 4203 3050 4274 priStinis
3091 4211 3340 4274 perstare
3383 4193 3786 4271 expositionibus,

2239 4313 2304 4354 ac
2351 4306 2632 4370 postquam
2665 4295 2854 4350 rectius
2881 4295 3092 4350 edoctus
3119 4335 3134 4360 ,
3167 4292 3350 4348 fucuut
3397 4293 3498 4350 sibi
3529 4291 3704 4346 factum
3727 4282 3790 4338 vi-

2238 4391 2336 4458 dit,
2369 4401 2424 4447 et
2451 4389 2752 4462 permoleste
2777 4389 2916 4454 tulit,
2943 4395 3004 4442 ut
3031 4387 3172 4444 idem
3217 4388 3382 4442 etiam
3413 4387 3479 4442 de
3505 4400 3562 4442 se
3603 4379 3788 4438 Nazian—

2241 4499 2406 4542 zenus
2433 4483 2626 4556 inquit.

2313 4577 2376 4632 Il.
2409 4577 2520 4634 llac
2549 4578 2726 4648 itaque
2753 4575 2968 4632 Damasi
2995 4575 3062 4630 ad
3093 4575 3378 4632 Paulinum
3399 4571 3638 4646 epistola,
3657 4577 3786 4638 quam

2241 4669 2482 4728 secundo
2523 4669 2644 4724 loco
2689 4683 2790 4738 ego
2835 4683 3118 4736 recenseo,
3171 4667 3372 4724 factum
3417 4675 3520 4734 est,
3567 4672 3618 4718 ut
3655 4669 3786 4714 causa

2241 4765 2414 4837 ipsum
2449 4765 2592 4820 inter
2631 4778 2694 4820 ac
2739 4763 3010 4822 Melctium
3053 4763 3146 4820 diu
3199 4763 3422 4836 agitata,
3465 4760 3688 4818 confecta
3711 4751 3788 4806 ali-

2239 4857 2458 4928 quando
2481 4856 2592 4912 visa
2617 4855 2796 4923 fuerit,
2829 4867 2888 4911 ut
2911 4855 3092 4912 statim
3123 4855 3324 4912 dicam.
3351 4855 3460 4912 Cur
3487 4867 3610 4910 vero
3629 4849 3786 4906 Dama-

2238 4965 2332 5006 sus
2365 4949 2596 5006 Paulino
2643 4951 2822 5020 potius
2857 4966 3018 5020 quam
3059 4949 3276 5006 Melctio
3323 4941 3784 5004 communicandum

2237 5047 2550 5114 censuerit,
2601 5049 2782 5120 plures
2859 5055 3028 5114 sunt,
3077 5063 3142 5104 ac
3187 5047 3514 5120 gravissima:
3563 5041 3780 5100 rationes.

2239 5143 2437 5208 Prima,
2473 5143 2614 5212 quod
2639 5143 2832 5200 Vitalis
2889 5143 3172 5216 presbyter
3209 5157 3240 5198 a
3287 5143 3540 5200 Flaviano
3577 5143 3786 5196 contem-

2309 5271 2374 5344 (i)
2403 5271 2628 5326 Dissert.
2657 5271 2712 5336 2,
2747 5270 2776 5344 ς
2801 5273 2856 5326 7.

2306 5335 2378 5414 (j)
2411 5344 2636 5410 Epistol.
2671 5335 2774 5407 15,“
2783 5345 2920 5413 apud
2941 5343 3076 5412 Lup.
3105 5343 3170 5400 ad
3195 5343 3396 5412 Ephes.
3419 5339 3616 5398 Concil.
3643 5335 3780 5414 Oper:

2233 5409 2369 5468 toni.
2407 5409 2492 5470 VII
2519 5433 2532 5468 :
2561 5427 2634 5469 est
2665 5409 2850 5470 Vitatis
2871 5417 2956 5486 qui
2983 5409 3299 5472 orthodoxus
3329 5415 3703 5486 [uitepiscopun
3723 5409 3782 5456 est

2231 5494 2280 5540 et
2317 5487 2452 5542 alius
2489 5487 2712 5556 Vitalis,
2735 5489 2824 5558 qui
2863 5483 2926 5542 ab
2957 5485 3115 5560 impio
3149 5490 3248 5560 fuit
3287 5483 3598 5562 Apollinario
3633 5487 3782 5535 conse-

2232 5571 2432 5615 oratus.

2303 5629 2380 5774 Ek)
2417 5629 2534 5684 Vid.
2557 5645 2644 5702 cp.
2668 5631 2723 5686 ‘2.

2336 5701 2383 5774 ι)
2405 5701 2532 5760 Vid.
2551 5703 2723 5760 Naxia:

2336 5701 2383 5774 t)
2405 5701 2532 5760 Vid.
2551 5701 3005 5776 Nazianz.,epist.
3033 5705 3070 5762 2
3089 5748 3106 5776 ,
3136 5705 3206 5764 ad
3229 5701 3452 5764 Cledon.
