3998 6350
138 251 233 308 169

1503 254 1875 316 PROLEGOM
1884 259 1971 316 EN
1978 261 2014 316 Α
2029 305 2038 317 .

3302 281 3403 337 170

128 367 237 438 ptui
266 365 475 423 habitus
508 366 701 424 llleletii
731 369 1095 425 communioni
1139 370 1570 438 renuntiaverat,
1603 380 1703 430 nec
1731 378 1781 439 Α
1808 376 1916 430 lino
1964 380 2027 432 ab
2058 378 2332 437 Occidente
2375 383 2572 441 litteras
2622 389 2865 456 quasdam
2911 392 3065 447 veluti
3122 398 3400 470 cujusdam

128 463 260 519 alter
283 462 881 532 supereratAntiochia:
909 464 1208 521 catholicus
1234 464 1545 536 episcopus,
1570 484 1704 537 quo-

129 571 244 612 cum
283 571 403 628 spes
454 566 601 615 esset
628 568 690 613 ut
735 558 1135 616 communicare
1163 560 1342 623 vellet,
1369 575 1530 631 quam
1563 560 1704 616 Pau-

125 650 278 707 linus.
306 651 571 719 Secunda,
614 653 757 722 quod
812 653 1080 721 Meletius,
1110 654 1201 725 qui
1251 654 1412 726 longe
1456 654 1644 711 aberat
1671 670 1702 711 a

125 760 218 801 suo
252 760 430 817 grege,
461 747 513 801 in
557 747 814 803 exsilium
861 748 1069 819 pulsus,
1097 747 1417 820 gravissimo
1445 748 1569 806 huic
1607 765 1703 807 ne-

123 838 259 911 gotio
281 853 361 907 ea,
389 854 493 911 qua
541 854 638 910 par
657 849 792 908 erat,
825 840 1099 912 diligentia
1146 842 1486 912 expediendo
1508 843 1703 900 adesse

125 946 224 986 non
274 940 494 1001 poterat.
554 931 774 998 Tertia,
824 933 948 1005 quia
996 932 1249 990 Paulinus
1315 945 1524 1004 contra,
1584 943 1704 991 erat

126 1025 405 1083 Antiochiae
435 1041 695 1098 prtesens,
721 1038 778 1084 et
804 1035 952 1084 recte
981 1026 1104 1083 ﬁdei
1135 1028 1370 1084 studium
1402 1044 1514 1100 pra:
1539 1043 1599 1085 se
1617 1038 1701 1085 ιιι-

127 1121 253 1177 lerat
276 1122 328 1177 in
353 1137 413 1177 ea
434 1121 587 1187 urbe,
622 1137 888 1194 suumque
936 1124 1175 1193 regimen
1206 1123 1438 1179 Damaso
1460 1123 1570 1192 jam
1599 1138 1700 1194 ap-

126 1216 450 1289 probaverat.
487 1218 642 1274 Illum
696 1218 781 1273 his
869 1217 1166 1275 rationibus
1218 1217 1533 1274 inclinatum
1586 1218 1697 1289 jam

128 1328 244 1385 erga
288 1312 599 1380 Paulinum,
656 1326 973 1383 promovere
1038 1313 1199 1368 etiam
1251 1320 1542 1382 potuerunt
1587 1322 1698 1367 tum

130 1404 414 1475 exemplum
452 1403 758 1469 Athanasii,
791 1404 883 1475 qui
931 1404 1110 1477 quoad
1163 1404 1315 1469 vixit.
1361 1402 1702 1473 communio-

130 1512 242 1554 nem
267 1513 382 1553 cum
411 1513 475 1554 eo
503 1496 844 1553 retinendam
866 1497 1102 1563 censuit,
1139 1506 1251 1552 tum
1281 1496 1565 1553 consilium
1596 1494 1701 1551 Pe-

134 1590 194 1645 tri
219 1588 546 1646 Alexandrini
568 1588 687 1661 ejus
715 1587 964 1659 discipuli
992 1602 1056 1644 ac
1100 1589 1455 1653 successoris,
1485 1586 1576 1659 qui
1605 1602 1701 1658 per

135 1682 183 1738 id
208 1690 403 1751 tempus
423 1680 604 1737 Roma:
645 1680 877 1747 aderat;
921 1691 1033 1736 tum
1083 1680 1246 1736 etiam
1294 1679 1434 1735 haud
1476 1679 1703 1735 laudan-

1806 469 2121 542 principatus
2178 481 2421 529 tesseram
2470 478 2655 534 allatas
2701 480 2883 549 fuisse,
2934 469 3189 558 valdeque
3224 488 3402 557 efferri

1770 594 1773 597 -
1804 560 1964 630 huius
1994 567 2153 632 partis
2180 566 2349 633 duces,
2382 577 2427 622 et
2455 571 2674 641 gloriari
2700 572 2763 629 de
2793 573 2998 641 litteris,
3031 578 3216 632 deinde
3241 581 3395 635 etiam

1803 653 1959 723 fidem
2011 672 2317 727 praponere,
2348 676 2407 714 ac
2443 678 2504 717 ea
2533 663 2825 721 conditione
2870 680 3078 739 paratos
3127 688 3235 727 esse
3280 691 3397 729 cum

1804 755 1983 801 nostra
2043 748 2276 805 Ecclesia
2338 757 2584 828 conjungi
2638 757 2770 831 (lt).
2830 761 2911 815 An
2967 778 3094 817 vero
3158 767 3397 835 apertius

1803 837 2069 910 designari
2095 853 2366 913 poterant,
2416 863 2536 916 qua:
2572 847 2838 907 Damasus
2858 852 2924 907 ad
2954 854 3235 912 Paulinum
3258 860 3398 915 scri-

1803 942 2004 1003 pserat,
2030 950 2094 991 ac
2119 936 2233 1007 ipsa
2288 938 2590 996 litterarum
2648 944 2832 1010 verba,
2864 963 2984 1016 qua:
3012 964 3042 1004 a
3074 952 3228 1008 nobis
3261 954 3402 1010 reci-

1802 1033 1909 1082 tata
1934 1035 2081 1095 sunt,
2105 1028 2301 1085 clarius
2341 1033 2611 1103 exprimi?
2634 1037 2715 1091 An
2744 1053 2872 1093 vero
2899 1055 3004 1096 non
3051 1043 3115 1097 iis
3143 1044 3401 1102 Paulinus

1801 1120 2071 1191 quoddam
2102 1123 2271 1178 veluti
2325 1127 2641 1196 apostolicae
2670 1133 3064 1189 communionis
3099 1136 3149 1190 in
3177 1136 3401 1195 Oriente

1801 1210 2103 1282 symbolum
2153 1232 2215 1271 ac
2251 1227 2415 1288 caput
2448 1224 2899 1293 constituebatur,
2957 1243 3076 1281 cum
3134 1229 3398 1289 Damasus

1801 1304 1955 1360 illum
1985 1322 2087 1363 suo
2115 1310 2235 1366 loco
2258 1316 2430 1383 ponit,
2450 1324 2613 1386 atque
2634 1332 2749 1381 eos,
2780 1319 2870 1390 qui
2898 1320 3124 1378 Paulino
3151 1340 3399 1381 commu-

1801 1399 2100 1459 nieaverint
2135 1446 2150 1473 ,
2220 1422 2405 1463 secum
2471 1412 2852 1469 communione
2919 1413 3139 1485 junctus
3188 1418 3403 1475 censeri

1796 1491 1951 1564 jubet
1975 1495 2000 1550 τ

1876 1586 1988 1644 Has
2026 1598 2205 1645 autem
2260 1590 2471 1650 litteras
2521 1596 2624 1652 hoc
2666 1611 2809 1653 anno
2838 1612 2867 1652 a
2901 1599 3132 1655 Damaso
3173 1601 3405 1671 scriptas

1803 1684 2024 1741 omnino
2068 1684 2235 1743 fuisse
2295 1689 2487 1759 probat
2537 1694 2977 1752 accuratissimus
3036 1695 3170 1752 Vitae
3222 1697 3408 1754 Basilii

143 1773 235 1828 dus
274 1772 460 1829 Meletii
506 1773 557 1828 in
601 1771 900 1828 Ecclesiam
959 1772 1695 1843 Antiochenamingressus,
1729 1767 2038 1847 Bscriptor
2070 1819 2085 1844 ,
2136 1794 2338 1851 easque
2386 1782 2656 1840 immerito
2700 1802 2730 1840 a
2784 1788 2955 1843 sodali
3006 1805 3107 1847 suo
3156 1792 3215 1845 ἰ).
3242 1791 3406 1848 Petro

149 1866 534 1937 frequentesque
559 1866 673 1939 ejus
699 1867 769 1923 de
808 1866 1047 1924 Ecclesia
1078 1868 1146 1923 ad
1173 1867 1470 1925 Ecclesiam
1504 1868 1700 1940 migra-

146 1961 329 2026 tiones,
353 1976 652 2031 quamquam
702 1959 899 2015 deinde
952 1976 1071 2017 eam
1120 1970 1301 2016 notam
1346 1962 1469 2016 vilic
1503 1960 1704 2016 sancti-

144 2062 246 2110 tate
296 2068 357 2111 ac
381 2053 494 2110 ﬁdei
538 2054 846 2127 integritate
894 2048 1137 2110 cluisset.
1189 2053 1552 2120 Quamobrem
1594 2069 1701 2108 non

138 2146 285 2219 longe
325 2163 352 2202 a
411 2148 708 2205 temeritate
750 2148 974 2209 abeunt,
1002 2146 1096 2218 qui
1128 2146 1375 2218 injuriam
1431 2144 1643 2202 Meletio
1672 2161 1704 2202 a

136 2244 346 2300 Damaso
370 2243 586 2312 factam,
618 2244 775 2314 eique
800 2259 910 2315 prie
940 2243 1166 2299 Paulino
1195 2242 1494 2299 Ecclesiam
1515 2242 1707 2298 Antio-

132 2336 340 2394 chenam
362 2336 653 2408 adjudicari
674 2336 931 2393 debuisse
953 2335 1216 2392 scribunt.

196 2430 485 2487 Dorotlieus
542 2430 722 2503 itaque
762 2430 1079 2503 presbyter,
1124 2430 1215 2501 qui
1269 2430 1554 2488 commode
1605 2430 1708 2487 sub

131 2524 473 2581 antecedentis
520 2524 647 2581 anni
677 2534 994 2582 autumnum
1043 2540 1294 2583 reversus
1314 2527 1382 2581 ab
1398 2524 1544 2583 Urbe
1587 2525 1706 2582 fne-

132 2625 228 2683 rat,
255 2632 314 2674 ac
342 2619 608 2691 legatione
652 2620 742 2675 illa
770 2619 1018 2677 conlecta
1045 2618 1346 2676 Antiochiae
1369 2621 1704 2689 substiterat,

130 2707 363 2765 Basilium
390 2710 536 2768 illico
588 2711 657 2768 de
705 2713 792 2780 iis,
818 2728 938 2783 quae
966 2712 1041 2769 ibi
1068 2711 1385 2784 agebantur,
1417 2713 1707 2770 certiorem

129 2799 280 2858 fecit:
312 2805 521 2861 venisse
571 2804 780 2861 scilicet
822 2806 893 2862 ab
916 2804 1210 2861 Occidente
1252 2804 1483 2875 litteras,
1512 2806 1709 2878 quibus

130 2894 336 2953 Paulino
388 2898 735 2971 episcopatus
807 2897 1146 2969 adjttdicatus
1199 2897 1417 2965 fuerat,
1492 2898 1709 2969 illisque

130 2998 371 3058 praterea
408 2991 607 3047 litteris
654 2990 1003 3048 Paulinianos
1030 2991 1127 3058 uti,
1157 3000 1215 3048 ut
1253 2992 1564 3048 Terentium
1610 2992 1710 3048 du-

129 3098 233 3139 cem
279 3084 344 3141 ad
390 3086 829 3158 conjunctionem
868 3101 989 3142 cum
1021 3085 1324 3142 Meletianis
1370 3094 1708 3158 pertractan-

1803 1869 2122 1928 Constantio
2153 1874 2346 1931 referri
2375 1875 2441 1931 ad
2470 1893 2600 1933 ann.
2634 1879 2739 1936 578
2761 1879 2852 1952 (c).
2887 1884 3260 1954 Argumentis,
3287 1901 3410 1956 qua:

1807 1963 1888 2017 vir
1912 1962 2258 2020 doctissimus
2283 1966 2459 2035 allert,
2494 1972 2753 2026 nonnulla
2777 1990 2877 2044 ego
2905 1985 3107 2029 tantum
3130 1976 3403 2047 adjiciam,

1807 2064 1977 2112 utres
2008 2058 2231 2113 omnino
2259 2068 2402 2115 certa
2434 2061 2604 2118 videri
2648 2066 2836 2133 possit.
2869 2065 3107 2122 Primum
3130 2079 3235 2135 est,
3265 2068 3408 2140 quod

1806 2149 1987 2203 statim
2017 2164 2081 2205 ac
2134 2150 2437 2208 Dorotheus
2464 2154 2532 2209 ab
2580 2155 2874 2212 Occidente
2922 2173 3174 2216 reversus
3213 2170 3318 2226 est,
3346 2176 3412 2218 ac

1810 2238 2016 2296 litteras
2051 2243 2229 2298 attulit
2282 2243 2649 2301 Orientalibus
2703 2248 2992 2318 episcOpis,
3054 2252 3286 2307 Basilius
3312 2269 3406 2308 ex-

1809 2332 2012 2389 sultare
2068 2335 2270 2404 potius,
2312 2351 2375 2392 ac
2418 2337 2653 2394 fructum
2701 2340 2932 2412 aliquem
2961 2359 3028 2398 ex
3053 2360 3113 2399 ea
3139 2346 3409 2415 legatione

1808 2439 2006 2496 capere
2034 2427 2181 2483 visus
2226 2438 2340 2485 est:
2365 2446 2433 2485 an
2459 2447 2588 2487 vero
2614 2432 2667 2487 id
2710 2432 2824 2489 ﬁeri
2850 2438 3136 2505 potuisset,
3170 2438 3214 2493 si
3244 2439 3411 2496 Mele-

1812 2520 1943 2574 tium
1974 2530 2103 2575 ante
2135 2521 2239 2578 hoc
2294 2534 2504 2594 tempus
2555 2542 2653 2595 spe
2695 2543 2791 2582 sua
2831 2529 3006 2598 palam
3035 2529 3305 2601 dejectnm
3336 2533 3414 2588 vi-

1810 2611 2018 2668 disset?
2050 2614 2251 2670 Deinde
2278 2629 2400 2671 cum
2450 2617 2715 2674 Damasus
2761 2621 2825 2675 ad
2860 2621 3141 2677 Paulinum
3170 2624 3412 2695 scripsit,

1813 2702 2002 2760 Vitatis
2033 2706 2268 2762 nondum
2293 2706 2470 2763 fuerat
2498 2709 2777 2765 ordinatus
2806 2713 3114 2785 episc0ptts,
3141 2717 3263 2787 quia
3287 2732 3411 2773 eum

1813 2797 1935 2854 loco
1965 2798 2056 2855 lilii
2089 2799 2273 2868 habet,
2299 2818 2363 2858 ac
2389 2802 2535 2859 illum
2579 2820 2647 2861 eo
2671 2809 2889 2863 nomine
2920 2810 2972 2864 in
2999 2810 3228 2879 epistola
3260 2827 3412 2867 com-

1812 2892 1995 2961 pellat,
2026 2910 2355 2966 quamquatn
2384 2897 2628 2955 Norisius
2654 2900 2798 2956 aliud
2840 2917 3006 2974 agens
3050 2904 3209 2961 aliter
3228 2921 3418 2963 sense-

1811 2986 1881 3041 rit
1909 2986 2011 3058 (d).
2043 2985 2149 3043 Sed
2195 3004 2257 3044 ea
2298 2989 2558 3061 dignitate
2602 3002 2793 3050 auctus
2837 2996 3041 3052 nefarie
3068 2997 3244 3055 fuerat
3272 3017 3418 3058 anno

1812 3078 1939 3145 576,
1992 3096 2100 3149 quo
2141 3082 2470 3153 colloquium
2525 3100 2647 3140 cum
2692 3086 2994 3158 Epiphanio
3034 3091 3242 3161 ltahuit,
3268 3096 3415 3165 quod

128 3175 238 3235 dam
290 3189 690 3251 permoverent.
716 3180 948 3237 Basilius
1006 3180 1171 3253 igitur
1223 3189 1334 3235 tum
1364 3178 1577 3235 Meletio
1606 3179 1702 3235 de-
1732 3164 1778 3228 C
1813 3172 1903 3228 ille
1923 3176 2115 3230 recitat
2146 3175 2237 3246 (ε).
2282 3176 2409 3232 Haec
2456 3178 2634 3250 itaque
2688 3180 2914 3250 epistola
2963 3184 3161 3255 scripta
3210 3164 3417 3253 est,eo

128 3272 371 3330 nuntiavit
395 3291 509 3331 rem
536 3290 782 3343 omnem,
815 3284 930 3331 tum
968 3273 1226 3331 Terentio
1252 3273 1433 3330 statim
1464 3267 1705 3343 scripsit,

130 3381 190 3423 ne
212 3382 322 3426 sese
348 3368 499 3426 daret
530 3370 761 3425 omnino
788 3368 942 3424 alteri
973 3367 1135 3439 parti,
1169 3366 1263 3423 sed
1296 3382 1409 3423 rem
1441 3366 1705 3438 integram

128 3459 190 3515 ad
225 3460 407 3518 Mcletii
454 3462 693 3519 reditum
740 3468 1007 3518 servaret.
1051 3459 1132 3515 Ex
1162 3458 1229 3514 iis
1259 3468 1459 3524 autem,
1490 3475 1610 3530 quae
1639 3458 1706 3514 ad

128 3558 389 3625 utrumque
429 3553 666 3621 scribit,
697 3550 905 3622 liquido
957 3559 1188 3613 constat,
1242 3559 1353 3606 tum
1398 3550 1482 3622 agi
1515 3552 1602 3607 hic
1640 3550 1709 3608 de

127 3638 323 3711 litteris,
341 3660 473 3717 quas
504 3643 773 3701 Damasus
829 3646 883 3700 itt
940 3642 1134 3700 Vitalis
1162 3644 1378 3714 negotio
1433 3644 1499 3699 ad
1532 3644 1710 3701 Pauli-

128 3753 239 3793 num
264 3737 505 3805 dederat,
528 3747 649 3796 tum
679 3747 805 3794 ante
832 3737 936 3794 hoc
986 3745 1200 3809 tempus
1244 3738 1378 3792 alias
1426 3738 1602 3793 nullas
1640 3738 1709 3794 ad

128 3845 236 3887 eum
290 3834 540 3905 scriptas.
575 3830 686 3889 Sed
732 3830 1017 3888 audiamus
1067 3831 1359 3887 Basilium:
1400 3830 1597 3888 Rumor
1642 3831 1711 3886 ad

128 3941 209 3981 nos
233 3929 453 4000 peruenit
480 3927 682 3984 versari
706 3937 752 3983 te
777 3925 1065 3981 Antiochia:
1085 3965 1104 3994 ,
1156 3935 1203 3980 et
1231 3941 1346 3996 quia
1375 3926 1428 3979 in
1471 3924 1710 3980 manibus

125 4032 229 4075 sunt
275 4024 479 4097 negotia
507 4039 630 4078 cum
654 4021 868 4077 summis
914 4021 1244 4091 potestatibus
1290 4021 1650 4075 administrare
1691 4035 1713 4075 :

127 4124 295 4180 printer
315 4115 450 4171 hunc
496 4130 763 4170 rumorem
790 4114 925 4169 illud
949 4120 1102 4169 etiam
1123 4114 1434 4185 accepimus,
1460 4123 1651 4169 stantes
1678 4129 1712 4167 a

128 4201 335 4263 Paulino
362 4210 553 4280 fratres
578 4207 835 4263 nonnulla
876 4216 1045 4261 tecum
1091 4207 1340 4261 disserere
1393 4206 1455 4260 de
1496 4209 1713 4279 conjun-

127 4301 278 4357 ctione
321 4303 590 4359 nobiscum
644 4302 895 4368 ineunda,
922 4301 978 4356 id
1001 4311 1076 4356 est
1113 4317 1227 4355 cum
1252 4301 1336 4365 iis,
1364 4300 1451 4369 qui
1488 4309 1606 4353 sunt
1649 4316 1715 4354 ea:

129 4404 256 4463 parte
283 4397 504 4453 hominis
556 4395 659 4451 Dei
702 4394 900 4450 Meletii
943 4394 1193 4467 episcOpi,
1219 4410 1347 4463 quos
1376 4392 1527 4447 etiam
1547 4402 1597 4447 et
1628 4390 1714 4446 lit-

1812 3267 2132 3322 intertnedio
2156 3276 2423 3340 tempore,
2446 3273 2590 3341 quod
2620 3270 2688 3328 ab
2718 3274 2836 3345 ejus
2860 3276 2928 3331 ab
2966 3276 3111 3333 Urlte
3134 3279 3309 3335 reditu
3339 3281 3409 3336 ad

1811 3374 2011 3414 annum
2050 3360 2156 3415 576
2210 3361 2418 3430 lapsum
2474 3363 2668 3420 fuerat.
2699 3366 2885 3421 Tertio
2930 3384 3051 3424 cum
3083 3370 3275 3427 littera:
3308 3372 3415 3429 illa:

1811 3452 2153 3508 Antiochiam
2204 3454 2425 3525 perlata:
2466 3468 2612 3526 sunt,
2637 3470 2692 3514 et
2732 3460 2933 3532 vulgari
2971 3474 3182 3534 coaptat,
3210 3465 3414 3521 Teren-

1814 3548 1920 3604 tius
1948 3548 2080 3615 dux,
2108 3550 2198 3619 qui
2255 3550 2482 3620 publicis
2534 3554 2679 3608 curis
2735 3555 3166 3623 valedixerat,ut
3218 3560 3412 3617 anima:

1811 3650 2051 3701 vacaret.
2095 3640 2163 3696 ad
2209 3642 2421 3713 negotia
2462 3644 2657 3701 iterum
2717 3646 2898 3702 redire
2946 3660 3185 3715 coactus,
3212 3652 3413 3709 Basilio

1811 3739 1974 3800 teste,
2005 3748 2127 3789 cum
2159 3735 2389 3791 summis
2430 3738 2789 3807 potestatibus
2826 3743 3209 3807 rempublicam
3241 3746 3415 3800 admi—

1814 3825 2076 3883 ttistrobat
2102 3830 2153 3883 in
2180 3828 2370 3884 eadem
2420 3830 2572 3884 urbe.
2609 3831 2967 3901 Qttzerendum
2998 3835 3178 3907 itaque
3199 3846 3413 3908 tempus

1813 3929 1919 3988 est,
1954 3938 2062 3993 quo
2085 3921 2175 3977 ille
2196 3921 2312 3978 otio
2334 3938 2393 3978 se
2416 3938 2479 3980 ac
2500 3924 2663 3996 quieti
2692 3925 2923 3993 dederit,
2956 3936 3066 3983 tum
3090 3945 3198 4000 quo
3224 3930 3288 3984 ad
3318 3946 3414 3987 nea

1811 4012 1955 4084 gotia
1985 4014 2292 4071 accesserit.
2319 4015 2474 4070 Aliud
2507 4032 2637 4073 vero
2666 4034 2772 4074 non
2804 4021 3056 4081 occurrit.
3076 4038 3237 4093 quam
3270 4023 3412 4092 quod

1813 4106 1955 4163 inter
1979 4124 2176 4163 annum
2200 4109 2307 4165 575
2326 4120 2380 4165 et
2401 4109 2504 4165 575
2533 4111 2767 4166 medium
2792 4125 2893 4167 eat.
2922 4112 3078 4168 Anno
3107 4116 3249 4170 enim
3279 4118 3407 4183 575,

1813 4203 2048 4273 negotiis
2093 4202 2244 4257 illuni
2301 4203 2577 4259 vacavisse
2633 4215 2848 4260 constat
2870 4222 2933 4261 ex
2970 4207 3149 4262 Basilii
3181 4210 3410 4277 epistola

1813 4297 1881 4353 ad
1934 4312 2056 4354 eum
2104 4313 2172 4353 ex
2202 4299 2459 4353 Armenia
2492 4298 2688 4367 scripta
2730 4296 2822 4371 (f).
2860 4299 3013 4354 Putat
3037 4308 3215 4356 autem
3242 4302 3411 4359 Tille-

1815 4390 2055 4445 montius
2097 4390 2200 4448 hoc
2226 4389 2345 4460 ipso
2393 4400 2638 4459 tempore
2680 4391 2867 4447 ducem
2910 4392 3059 4449 illum
3095 4393 3146 4449 in
3181 4394 3409 4453 lberiam

129 4495 248 4542 teras
303 4491 459 4545 audio
508 4505 649 4547 nunc
697 4504 1124 4546 occmenrsuuu
1179 4486 1513 4557 circumferre
1540 4528 1555 4553 ,
1598 4500 1777 4563 quie_
1820 4488 2042 4543 missum
2082 4486 2367 4543 duodecim
2396 4489 2697 4560 legionibus
2728 4493 3098 4563 praepositum,
3133 4498 3414 4554 tttSauro-

128 4581 459 4652 episcopatum
512 4583 657 4637 urbis
700 4581 1030 4638 Antiochena:
1070 4582 1168 4653 ipsi
1206 4582 1514 4647 attribuunt,
1550 4557 1790 4636 Mele-D
1817 4580 2038 4635 matium
2082 4581 2134 4636 in
2183 4597 2405 4652 regnum
2452 4557 2786 4640 restitueret.
2838 4585 2919 4642 Bc
2959 4587 3141 4659 itaque
3184 4591 3411 4649 feliciter

131 4670 242 4725 tium
288 4690 405 4730 vero
443 4679 770 4747 frustrantur
815 4673 917 4747 (α).
976 4673 1164 4730 Nullas
1213 4676 1396 4745 itaque
1435 4683 1563 4729 ante
1610 4672 1713 4730 hoc
1814 4671 2083 4738 confecta,
2115 4686 2179 4727 ac
2207 4671 2433 4729 devictis
2462 4674 2505 4729 si
2532 4676 2621 4745 qtti
2651 4674 2883 4743 fuerant,
2904 4676 3148 4734 hostibus
3186 4697 3308 4737 cum
3336 4698 3408 4739 ex

134 4773 327 4837 tempus
372 4784 403 4824 a
450 4769 690 4825 Damaso
755 4769 963 4825 litteras
1009 4769 1306 4825 Pauliniani
1366 4777 1709 4840 acceperant,
1814 4765 2070 4822 Armenia
2098 4765 2461 4832 Antiochiam,
2518 4765 2606 4821 tibi
2636 4766 2832 4823 Valens
2874 4767 3058 4825 sedem
3090 4771 3413 4838 ﬁxerat.re-

131 4873 255 4929 quas
277 4863 714 4930 circumferrem,
748 4863 1220 4936 adjudicatumque
1250 4862 1474 4918 Paulino
1500 4862 1714 4933 episco—
1814 4873 2006 4914 versus
2050 4865 2217 4926 esset,
2258 4858 2325 4912 ad
2366 4859 2535 4914 otium
2582 4860 2832 4926 secessit,
2871 4870 3019 4919 ratus
3045 4879 3104 4919 se
3127 4875 3407 4935 contemp-

133 4964 297 5023 patum
349 4958 671 5028 probarent.
701 4955 810 5013 Cur
854 4974 983 5014 vero
1009 4956 1236 5013 Basilius
1290 4956 1451 5021 dicat,
1490 4955 1714 5010 Paulino
1816 4961 1927 5007 tum
1974 4951 2044 5005 ab
2086 4966 2153 5007 eo
2208 4951 2556 5022 imperatore,
2600 4953 2691 5024 qui
2718 4954 2818 5009 sibi
2873 4958 3032 5011 anxie
3089 4960 3289 5027 petenti
3343 4974 3415 5017 ne

132 5050 428 5108 attributum
454 5053 653 5108 iisdem
694 5053 890 5109 litteris
916 5053 1308 5124 episcopatum,
1365 5050 1718 5121 intelligimus
1821 5061 1981 5101 unam
2011 5044 2228 5116 quidem
2264 5045 2549 5102 ecclesiam
2592 5061 2691 5118 pro
2732 5046 3012 5104 catholicis
3043 5064 3412 5120 concesserat,

134 5155 192 5196 ex
236 5143 337 5213 his,
365 5161 487 5217 quae
539 5144 735 5201 eodem
793 5155 1037 5214 tempore
1067 5145 1135 5201 ad
1160 5145 1433 5201 Meletiuin
1483 5141 1715 5198 scribit:
1819 5140 1948 5211 quin
2006 5141 2185 5211 potius
2242 5140 2485 5196 libellum
2531 5138 2718 5198 ab'eo
2758 5142 2999 5199 oblatum
3056 5146 3414 5216 laceraverat,

134 5228 399 5307 Postquam
418 5239 723 5309 redivimus,
751 5255 816 5294 ea:
864 5239 1108 5294 imbribus
1135 5247 1182 5292 et
1224 5238 1467 5292 molestiis
1494 5236 1718 5309 plurima
1821 5250 1981 5306 quem
2007 5233 2291 5291 Terentius
2313 5235 2366 5290 in
2388 5234 2554 5291 frusta
2584 5236 2911 5306 discerptum
2940 5251 3061 5294 cum
3085 5239 3420 5313 collegisset,

133 5323 417 5395 inﬁrmitate
445 5329 690 5396 collecta,
728 5330 902 5385 statim
941 5347 1033 5385 nos
1079 5329 1143 5384 ab
1171 5330 1378 5385 Oriente
1406 5326 1719 5401 (Antiochia
1825 5329 2010 5387 llabeo
2060 5330 2277 5400 inquit,
2324 5330 2469 5401 quod
2526 5332 2675 5401 petii.
2707 5331 2995 5403 Egregium
3041 5332 3144 5389 hoc
3192 5334 3412 5408 factum,

136 5421 339 5496 nempe)
351 5426 540 5481 littera:
563 5433 893 5498 exceperunt,
923 5424 1106 5497 quibus
1134 5422 1544 5498 signiﬁcabatur,
1576 5420 1721 5476 Ραη·
1822 5424 1968 5498 quod
1990 5424 2365 5483 Tlteodoretus
2403 5435 2589 5483 narrat
2614 5424 2717 5500 (g),
2738 5425 2932 5499 Pagius
2961 5426 3157 5484 merito
3184 5428 3419 5489 collocat

224 5585 875 5732 :ﬂmma

1925 5607 1951 5644 e
2001 5588 2143 5643 Haer.
2172 5588 2265 5654 77,
2297 5601 2417 5660 cap.
2449 5586 2541 5643 ΞΟ.

1899 5586 1973 5732 ξιξ
1993 5660 2114 5732 Vld.
2150 5662 2310 5731 epist.
2339 5660 2432 5732 99,
2456 5657 2597 5730 apud
2618 5655 2703 5713 BB

224 5657 273 5723 lt)
296 5658 394 5727 Ep.
414 5659 548 5723 216,
564 5659 699 5714 alias
729 5658 857 5714 272.

225 5726 269 5803 c)_
292 5730 446 5803 'l_‘om.
482 5731 722 5803 Ill,‘cap.
754 5731 845 5796 55,
874 5746 938 5803 in.
964 5731 1020 5787 6.
1407 5798 1475 5803 __

1899 5657 1968 5732 (Γ)
1993 5660 2114 5715 Vld.
2150 5662 2310 5731 epist.
2339 5657 2432 5724 99,
2456 5657 2597 5730 apud
2618 5657 2725 5713 BB.

1906 5734 1985 5803 l9)
2005 5731 2219 5801 Lib.tv,
2247 5747 2369 5803 cap.
2402 5731 2493 5787 52.

226 5799 278 5873 d)
305 5801 533 5861 Dissert.
562 5800 634 5856 de
658 5798 829 5857 sanet.
861 5802 1021 5858 Siric.
1054 5815 1207 5875 oper.
1241 5809 1375 5862 tom.
1406 5798 1501 5857 IV.

552 5895 833 5961 PATBOL.
877 5894 1057 5961 X111.
2705 5936 2709 5940 ~
2831 5884 2873 5944 θ
