3998 6346
585 265 682 319 171

1750 259 2064 318 SANCTUS
2104 259 2428 319 DAMASUS
2466 262 2665 320 PAPA.
3724 278 3803 338 l'li

578 383 649 439 ad
680 395 879 436 annum
906 380 1012 436 573
1039 376 1137 452 (a).
1191 379 1249 433 Si
1278 378 1458 448 itaque
1498 393 1565 434 eo
1609 394 1755 432 anno
1776 379 1887 450 jam
1920 389 2178 449 provecto
2203 381 2252 442 A
2282 380 2523 439 ordinari
2562 398 2624 441 se
2669 380 2859 455 passus
2885 394 2986 450 est,
3017 400 3077 441 ea
3119 385 3324 457 adjecta
3354 390 3657 463 conditione,
3676 406 3724 453 ut
3756 401 3805 455 li-

580 476 809 532 sccessit
837 473 944 529 dux
980 472 1066 527 ille
1094 470 1158 525 ad
1199 470 1398 535 otium,
1425 470 1493 526 ad
1538 472 1715 527 aulam
1755 484 1811 528 et
1854 473 2067 544 negotia
2092 474 2180 528 vix

582 570 765 626 redire
796 568 966 636 potuit
1009 574 1134 621 ante
1164 574 1504 636 sequentem,
1528 582 1759 637 eumque
1786 567 1853 621 ad
1876 567 2038 624 linem
2061 582 2183 624 ver-

586 671 785 718 tentem
830 673 1029 713 annum
1061 676 1076 713 :
1120 672 1183 712 ac
1215 657 1445 730 proinde
1492 658 1709 725 litterae,
1739 675 1862 730 quae
1891 676 1919 714 a
1950 661 2181 715 Damaso

585 754 928 811 Antiochiam
950 760 1235 816 venerant,
1254 751 1509 808 Terentio
1531 753 1722 809 iterum
1751 767 1815 809 ac
1834 754 1996 825 paulo
2020 764 2179 808 antea

583 848 812 920 negotiis
836 846 1079 909 admoto,
1105 854 1258 901 extra
1289 846 1453 915 hunc,
1500 845 1583 901 de
1609 860 1714 917 quo
1743 846 1953 918 agimus
1976 858 2178 903 annum

581 940 931 1011 praetergredi
958 954 1065 994 non
1097 948 1341 1010 possunt.

652 1034 742 1090 ΙΙΙ.
796 1031 1099 1088 Dorotheus
1145 1031 1352 1103 itaque,
1392 1032 1480 1088 cui
1531 1048 1635 1089 non
1673 1047 1832 1089 secus
1873 1048 1937 1089 ac
1978 1032 2180 1089 Basilio

580 1125 778 1181 Meletii
805 1140 967 1181 causa
996 1124 1148 1180 cordi
1178 1123 1373 1192 fuerat,
1402 1140 1523 1181 cum
1582 1126 1698 1181 lucc
1749 1126 1986 1197 scripsit,
2014 1125 2181 1195 signi-

581 1217 760 1273 ﬁcavit
789 1217 951 1273 etiam
998 1216 1099 1271 sibi
1131 1216 1184 1271 in
1226 1216 1409 1271 animo
1435 1231 1557 1272 esse
1583 1216 1809 1271 Romam
1832 1217 2024 1273 iterum
2053 1232 2180 1287 pro-

579 1310 771 1378 ﬁcisci,
797 1318 851 1365 ut
880 1324 1000 1365 eam
1044 1308 1274 1377 scilicet,
1314 1310 1508 1379 quibus
1540 1318 1721 1379 posset
1743 1310 2043 1366 rationibus
2064 1318 2180 1366 tue-

578 1415 749 1473 retur,
796 1404 1110 1476 rogavitque
1159 1411 1217 1458 ut
1283 1401 1603 1475 Gregorium
1644 1403 1948 1475 Nyssenum
1979 1401 2046 1457 ad
2076 1402 2179 1458 hoc

577 1499 683 1556 iter
721 1514 905 1554 secum
948 1496 1350 1569 suscipiendum
1398 1497 1721 1566 impelleret.
1779 1497 1903 1551 Haec
1970 1512 2036 1552 ex
2059 1496 2178 1566 ipso

578 1592 782 1648 Basilio
813 1592 1073 1647 discimus
1104 1590 1204 1663 (b),
1250 1591 1341 1661 qui
1382 1591 1659 1660 rescripsit
1703 1590 1806 1646 iter
1829 1589 1960 1645 illud
1984 1590 2177 1660 hyeme

577 1688 799 1743 omnino
833 1686 1025 1743 conﬁci
1055 1701 1161 1742 non
1194 1700 1377 1756 posse,
1404 1700 1467 1740 ac
1508 1685 1623 1739 vias
1651 1699 1840 1740 omnes
1889 1690 2174 1755 praeterea,

2282 476 2471 534 herum
2500 480 2601 535 sibi
2632 478 2775 535 foret
2804 480 2965 537 eundi
3009 496 3117 551 quo
3142 483 3303 539 vellet
3330 482 3427 556 (f),
3455 500 3514 542 ac
3540 486 3601 543 de
3619 503 3672 545 se
3694 490 3805 548 idem

2282 571 2483 628 factum
2535 573 2733 629 asserit
2776 583 2996 630 sanctus
3041 575 3293 632 Paulinus
3323 576 3566 648 Nolanus,
3612 588 3717 637 eum
3756 585 3806 641 ad

2281 664 2540 723 Severum
2593 667 2708 723 haec
2738 668 2927 724 scribit
2955 668 3078 742 (g):
3122 666 3199 725 Ea
3243 672 3521 729 conditione
3564 676 3613 731 in
3636 679 3809 735 ecclesia

2284 757 2654 815 Barcinonensi
2690 763 2978 817 consecrari
2997 764 3251 819 adductus
3270 780 3401 832 sum,
3428 775 3481 821 ut
3506 767 3599 840 ipsi
3627 771 3811 828 ecclesia

2282 865 2385 905 non
2414 852 2679 923 alligarer,
2702 852 2758 908 in
2786 854 3070 911 sacerdotio
3095 863 3291 910 tantum
3328 855 3551 926 Domini,
3577 875 3667 914 non
3690 862 3812 917 etiam

2283 944 2338 998 in
2387 946 2559 1000 locum
2601 947 2827 1003 ecclesiis
2866 945 3133 1004 dedicatus
3155 965 3174 1017 ;
3196 949 3334 1020 quod
3357 964 3473 1006 cum
3494 951 3644 1008 abbas
3670 953 3810 1010 Flori-

2281 1036 2385 1095 dus
2428 1039 2724 1108 retulisset,
2755 1048 2905 1099 recte
2951 1041 3115 1098 etiam
3169 1043 3386 1112 adjecit,
3432 1044 3564 1100 inter
3588 1045 3737 1115 priora
3759 1046 3811 1103 li-

2283 1130 2428 1186 herae
2457 1130 2813 1189 ordinationis
2842 1134 3091 1204 exempla
3124 1133 3312 1190 referri
3343 1147 3581 1207 oportere
3601 1136 3691 1206 (lt).
3707 1136 3810 1193 Cum

2282 1222 2465 1293 itaque
2491 1223 2874 1293 Simplicianus
2922 1224 3111 1282 Romae
3144 1228 3510 1300 presbyterum
3538 1239 3715 1301 ageret,
3739 1246 3815 1287 an-

2282 1325 2501 1388 tequam
2545 1317 2907 1375 Mediolanum
2958 1320 3283 1387 accederet,
3310 1320 3561 1377 Romana":
3604 1323 3813 1379 Ecclesiae

2281 1411 2568 1483 presbyter
2611 1411 2733 1482 jure
2763 1411 3066 1485 meritoque
3107 1428 3135 1468 a
3166 1414 3398 1471 Baronio
3423 1410 3589 1472 dictus
3622 1416 3814 1473 est.Cur

2283 1518 2413 1560 vero
2439 1520 2469 1559 a
2513 1504 2746 1562 Damaso
2797 1506 3154 1564 Mediolanum
3198 1507 3397 1564 missus
3425 1508 3620 1565 censeri
3641 1509 3811 1578 debeat,

2281 1600 2479 1670 duplex
2501 1611 2586 1657 est
2616 1602 2755 1657 ratio
2779 1617 2795 1668 ;
2817 1603 2990 1659 altera
3036 1602 3180 1674 quod
3212 1604 3506 1677 presbyteri
3533 1608 3639 1660 sine
3658 1602 3813 1659 fortna-

2281 1692 2352 1747 tis
2381 1708 2445 1748 ac
2494 1695 2663 1750 invito
2689 1695 2945 1767 episcOpo
2989 1696 3247 1753 deserere
3273 1697 3550 1754 stationem
3581 1712 3674 1752 non
3696 1704 3814 1765 pote-

578 1795 700 1851 quae
726 1777 1253 1849 ConstantinOpolim
1291 1778 1573 1841 ducerent,
1605 1776 1867 1832 militibus
1910 1776 2183 1846 intercep-
2211 1782 2259 1845 B
2287 1795 2448 1853 rant;
2479 1788 2648 1843 altera
2676 1788 2820 1860 quod
2869 1789 3135 1846 Damasus
3165 1789 3437 1846 Ambrosii
3479 1789 3814 1846 ordinationem

579 1883 663 1931 tas
705 1889 827 1930 esse
852 1891 868 1941 ;
898 1888 1004 1944 quo
1050 1872 1396 1944 intelligimus
1418 1870 1516 1927 bas
1558 1872 1764 1926 litteras
1799 1870 2027 1941 scriptas
2058 1883 2184 1925 esse

577 1976 840 2025 autumno
894 1968 1150 2024 inchoato
1182 1970 1294 2037 jam
1335 1975 1390 2021 et
1416 1965 1693 2020 inclinato.
1726 1963 1883 2031 Quod
1932 1963 1978 2018 si
2008 1964 2182 2019 Doro-

576 2064 735 2121 theus
766 2064 1110 2133 navigatione
1139 2062 1215 2117 uti
1239 2060 1391 2128 velit,
1430 2074 1537 2115 non
1582 2068 1740 2130 negat
1771 2057 2025 2126 Basilius,
2049 2058 2181 2128 quin

580 2169 793 2229 tempus
845 2156 1078 2213 abeundi
1128 2154 1472 2221 commodum,
1515 2163 1569 2209 et
1612 2161 1976 2223 opportunum
2008 2152 2099 2219 sit,
2128 2159 2184 2207 et

574 2252 703 2323 quin
754 2250 937 2305 statim
982 2252 1164 2315 abeat,
1188 2246 1483 2303 dummodo
1524 2244 1821 2316 Gregorius
1869 2243 2038 2301 l‘rater
2069 2252 2181 2300 tum

577 2342 1017 2415 navigationem,
1067 2352 1179 2395 tum
1236 2339 1561 2411 legationem
1612 2354 1718 2393 non
1763 2344 1998 2393 recuset.
2049 2335 2183 2404 Qum

571 2435 766 2492 deinde
813 2432 963 2489 addit
1016 2432 1084 2489 de
1105 2431 1530 2488 Occidentalium
1579 2430 1892 2499 supercilio,
1941 2431 2181 2485 animum

572 2530 813 2602 produnt
837 2530 908 2585 ob
936 2528 1132 2584 Meletii
1160 2542 1375 2582 causam
1400 2525 1789 2591 exulceratum,
1812 2539 1876 2580 ac
1900 2524 2183 2580 sanctissi-

579 2639 726 2679 mum
758 2622 1056 2692 caeteroqui
1085 2620 1260 2674 virum
1291 2618 1495 2689 aliquid
1520 2617 1741 2672 humani
1774 2632 2009 2687 passum.
2044 2617 2178 2673 Nam

576 2721 812 2773 Damaso
862 2716 1060 2771 fastum
1112 2728 1328 2768 omnem
1365 2751 1382 2780 ,
1437 2726 1502 2767 ac
1547 2711 1892 2781 supercilium
1943 2709 2181 2767 abfuisse

576 2809 829 2880 probant,
860 2816 972 2863 tum
998 2805 1117 2877 ejus
1138 2803 1360 2875 scripta,
1383 2819 1508 2875 qua:
1527 2811 1750 2859 exstant
1769 2802 1837 2857 ad
1867 2802 2176 2868 Paulinum,

573 2902 962 2974 Hieronymum
995 2908 1157 2970 atque
1185 2896 1623 2962 Acltolium,tum
1655 2894 2017 2967 Hieronymus
2038 2896 2179 2966 ipse,

571 2994 665 3065 qui
689 2992 959 3049 mitissimi
985 3008 1109 3049 eum
1151 2991 1352 3062 ingenii
1382 2990 1558 3045 virum
1586 2989 1866 3059 praedicat.

648 3086 737 3143 ιγ.
768 3085 1058 3141 Annalium
1090 3100 1287 3156 parens
1316 3082 1385 3139 ad
1430 3082 1575 3138 hunc
1619 3096 1819 3136 annum
1848 3080 1926 3154 (c)
1960 3080 2019 3138 S.
2045 3078 2179 3137 Aln-

2283 1880 2719 1950 conlirmaveral,
2772 1897 2941 1953 quare
2980 1883 3145 1939 etiam
3199 1899 3297 1955 per
3324 1882 3820 1953 Simplicianum,cu-

2279 1970 2369 2043 jus
2417 1972 2697 2041 sanctitas,
2738 1974 3008 2043 doctrina,
3040 1991 3105 2033 ac
3134 1992 3256 2031 cum
3289 1977 3570 2033 Ambrosio
3595 1974 3819 2031 familiari-

2285 2075 2368 2122 tas
2419 2076 2697 2138 perspecta
2743 2078 2882 2135 erat,
2914 2084 3109 2126 cavere
3135 2070 3343 2135 debuit,
3367 2087 3434 2127 ne
3463 2070 3559 2126 sub
3586 2082 3708 2125 novo
3730 2068 3818 2139 epi-

2285 2173 2450 2230 scopo
2500 2162 2601 2216 etsi
2657 2161 3009 2233 integerrimo
3064 2162 3118 2217 in
3178 2164 3351 2219 sacris
3381 2172 3553 2219 tamen
3578 2161 3821 2219 canonibus

2285 2255 2524 2311 nondum
2554 2256 2841 2324 instructo,
2868 2256 3073 2329 aliquid
3119 2257 3433 2315 detrimenti
3454 2265 3659 2329 caperet
3687 2254 3822 2312 eccle-

2283 2346 2499 2403 siastica
2524 2348 2827 2418 disciplina.
2858 2350 2989 2405 Erat
3014 2351 3163 2407 enim
3216 2351 3487 2421 praecipua
3527 2362 3664 2417 cura,
3691 2356 3736 2401 ut
3758 2360 3824 2401 re-

2284 2453 2417 2496 cens
2445 2441 2702 2509 ordinati,
2737 2442 2828 2498 vel
2856 2442 3163 2511 ordinandi,
3196 2445 3268 2501 ab
3296 2443 3362 2500 iis
3406 2444 3591 2515 quibus
3615 2442 3824 2497 suberant

2284 2542 2341 2590 et
2365 2549 2395 2589 a
2418 2537 2536 2616 suis
2573 2538 3053 2593 consecratoribus
3092 2536 3511 2603 instruerentur,
3558 2542 3615 2591 ac
3663 2533 3825 2602 scripto

2284 2645 2431 2700 smpe
2479 2631 2641 2686 etiam
2673 2631 2984 2702 acciperent
3033 2632 3346 2703 regularum
3397 2628 3823 2688 ecclesiasticarum

2284 2722 2529 2778 codicem
2568 2723 2653 2796 (ί).
2693 2721 2969 2779 Ambrosii
3007 2739 3138 2780 vero
3166 2723 3559 2779 ordinationem
3586 2736 3614 2776 a
3639 2721 3825 2775 Damaso

2287 2827 2453 2869 causa
2477 2814 2689 2885 cognita
2712 2816 3085 2871 conﬁrmatam
3119 2814 3290 2872 fuisse
3319 2821 3530 2871 constat
3551 2828 3612 2870 ex
3637 2811 3824 2867 Ambro-

2284 2907 2368 2962 sio
2399 2907 2540 2977 ipso,
2568 2909 2659 2979 qui
2690 2909 2808 2965 haec
2855 2910 2922 2965 ad
2946 2909 3328 2966 Vercellenses
3372 2909 3618 2979 scripsit:
3646 2903 3826 2960 Ordina-

2286 3000 2476 3056 tionem
2500 3017 2667 3057 meum
2690 3001 3048 3060 Occidentales
3074 3006 3306 3078 episcopi
3323 3018 3545 3072 semoto,
3587 3000 3825 3057 (Mentula

2285 3104 2455 3149 autem
2498 3098 2733 3169 exemmo
2774 3100 3058 3169 probarunt
3094 3096 3190 3171 (ί).
3225 3099 3341 3156 Hoc
3368 3107 3544 3154 autem
3568 3096 3629 3151 ad
3656 3092 3827 3148 ordina-

576 3177 782 3243 brosio,
811 3179 900 3249 qui
951 3178 1051 3233 sub
1076 3176 1281 3233 exitum
1338 3172 1694 3244 praecedentis
1728 3171 1852 3226 anni
1882 3187 1948 3228 ex
1977 3172 2114 3227 laico
2134 3184 2177 3228 et

2298 3186 2437 3241 rium
2466 3187 2694 3243 Romani
2720 3168 2957 3261 episcopi
2998 3193 3085 3261 jus
3104 3168 3244 3247 tunc
3271 3191 3591 3262 pertinuisse
3608 3183 3828 3254 colligitur

574 3270 850 3343 ne0pltyto
877 3270 1155 3325 ordinatus
1178 3266 1353 3324 fuerat
1372 3265 1787 3323 Mediolanensis
1807 3265 2115 3337 episcopus,
2144 3279 2177 3319 a

574 3362 809 3421 Damaso
860 3364 1085 3419 missum
1129 3361 1319 3418 scribit
1346 3358 1755 3431 Simplicianttm
1786 3358 2046 3414 Romanae
2074 3356 2178 3414 Ec-

572 3460 754 3517 clesiae
795 3459 1197 3531 presbyterum,
1228 3456 1507 3512 doctorem
1536 3465 1593 3511 et
1638 3458 1984 3511 monitorem.
2014 3452 2179 3509 Tille-

576 3552 816 3609 montius
870 3550 971 3606 hac
1000 3549 1069 3606 de
1096 3564 1157 3605 re
1188 3548 1361 3619 majus
1389 3547 1610 3618 aliquod
1637 3547 2007 3603 testimonium
2029 3561 2179 3617 quaa-

574 3645 685 3710 rit;
716 3658 840 3699 nam
884 3643 1058 3715 primo
1084 3643 1350 3697 incertum
1399 3654 1519 3695 esse
1563 3641 1660 3707 ait,
1689 3654 1757 3693 an
1786 3637 2177 3709 Simplicianus

575 3737 836 3794 Romanae
856 3737 1113 3793 Ecclesiae
1137 3735 1418 3807 presbyter
1447 3733 1628 3799 fuerit.
1658 3748 1781 3789 cum
1813 3741 2020 3788 tantum
2046 3747 2178 3788 con-

574 3842 701 3897 stet,
727 3830 879 3887 illum
910 3831 1012 3886 sub
1037 3826 1353 3885 Constantio
1396 3826 1573 3897 egisse
1601 3825 1810 3892 Romae,
1860 3840 1925 3881 ac
1950 3824 2179 3881 Victori-

574 3942 704 3983 num
726 3924 795 3982 ad
826 3925 1129 3982 Christiana
1161 3937 1315 3978 sacra
1344 3922 1647 3978 traduxisse
1673 3920 1774 3976 sub
1800 3919 2036 3987 Juliano,
2062 3928 2173 3977 tum

574 4018 725 4074 illum
757 4016 1041 4074 Mediolani
1098 4015 1266 4070 fuisse
1295 4014 1397 4069 sub
1450 4013 1739 4069 Ambrosio
1785 4012 2061 4083 episcOpo,
2094 4022 2176 4069 at-

576 4127 681 4183 que
706 4110 775 4166 ab
808 4124 875 4166 eo
922 4110 1089 4178 patris
1131 4105 1427 4179 spiritualis
1457 4106 1576 4161 loco
1604 4105 1844 4161 habitum
1871 4105 2176 4175 Augustino

572 4212 748 4271 teste;
775 4212 832 4259 at
885 4201 1012 4258 inde
1047 4199 1327 4257 contendit
1368 4215 1476 4254 non
1521 4198 1689 4263 ellici,
1723 4214 1846 4255 eum
1878 4212 1909 4252 a
1946 4199 2175 4254 Damaso

572 4296 702 4353 illuc
754 4295 1003 4364 missum,
1034 4302 1197 4365 atque
1243 4308 1367 4349 eum
1424 4293 1478 4347 in
1504 4292 1688 4359 linem,
1717 4308 1879 4364 quem
1911 4292 2174 4349 Baronius

572 4399 839 4446 memorat
868 4390 973 4463 (ά).
1031 4388 1228 4445 Verum
1284 4403 1409 4444 cum
1457 4386 1841 4459 Simplicianus
1888 4387 2174 4459 presbyter

573 4484 772 4547 fuerit,
824 4497 947 4537 cum
997 4481 1322 4537 Ambrosius
1373 4490 1634 4550 praeterea
1684 4495 1808 4536 eum
1857 4480 1979 4535 loco
2007 4482 2174 4550 patris

2285 3279 2463 3347 exiis,
2483 3296 2601 3351 quae
2614 3280 2889 3339 disserunt
2914 3282 3238 3339 Baccbinius
3262 3298 3330 3340 ac
3355 3282 3585 3341 Joannes
3610 3273 3827 3335 Antanius

2285 3370 2538 3440 Blancus,
2566 3374 2658 3445 qui
2684 3374 2917 3432 conferri
2953 3383 3208 3447 poterunt
3235 3375 3341 3450 (Ic).

2907 3509 3138 3569 CAPUT
3176 3502 3272 3569 XI.

2283 3606 2420 3673 576,
2469 3607 2675 3664 Dum
2709 3607 2795 3677 ll,
2844 3606 3057 3665 Vanus
3107 3623 3233 3667 suo.
3269 3624 3305 3665 v
3359 3624 3426 3667 er
3465 3610 3830 3663 VALENTIMANUS

2937 3721 3060 3762 ΑΗΕ.
3089 3718 3234 3764 COSS.

2282 3813 2325 3871 1.
2372 3815 2663 3872 Dorotheus
2698 3817 2918 3874 Romam
2946 3821 3203 3889 profectus
3228 3834 3350 3873 cum
3376 3817 3683 3875 sanctissimo
3699 3812 3827 3866 altero

2354 3909 2685 3967 Antiochena:
2719 3910 2969 3968 Εοσιρδὶαι
3010 3912 3307 3984 presbytero
3359 3913 3553 3969 litteras
3595 3906 3728 3977 affert
3778 3900 3830 3956 ad

2350 4002 2643 4060 Damasum
2676 4024 2709 4060 a
2758 4004 2956 4061 Basilio
3004 4017 3053 4061 et
3095 4005 3452 4062 Orientalibus
3485 4005 3713 4075 scriptas.
3742 4009 3828 4067 4““

2353 4099 2743 4167 expenduntur,
2786 4116 2846 4154 ac
2873 4109 2981 4155 tota
3009 4098 3299 4155 Damasum
3328 4102 3460 4156 inter
3482 4108 3527 4157 et
3550 4088 3829 4153 Basiliam“

2353 4200 2509 4263 gesta:
2535 4194 2692 4247 series
2721 4194 3022 4263 exponitur.
3074 4192 3140 4248 Il.
3184 4191 3339 4248 Idem
3383 4192 3614 4265 pontifex
3637 4200 3736 4243 cum
3764 4197 3829 4251 ‘9‘

2353 4285 2514 4349 nodo,
2543 4286 2628 4338 cui
2662 4283 2848 4340 Petrus
2883 4284 3267 4341 Alexandrinus
3303 4285 3514 4352 aderat,
3546 4270 3829 4349 moremgeril

2354 4373 2699 4431 Orientalium
2726 4379 2876 4443 votis,
2908 4394 2969 4433 ac
2993 4379 3060 4433 iis
3088 4379 3340 4447 rescribit,
3364 4379 3513 4447 citius
3541 4387 3651 4431 tunc
3668 4369 3829 4437 εστίριίε

2349 4471 2614 4541 synodica
2641 4475 2986 4545 fragmentum
3014 4473 3291 4528 adducitur
3310 4515 3325 4540 ,
3348 4483 3397 4530 et
3444 4470 3725 4543 explicatur.
3758 4456 3826 4517 ΙΙΙ.

570 4576 870 4647 spiritualis
892 4575 1165 4640 habuerit,
1196 4575 1314 4629 sive
1345 4574 1489 4644 quod
1506 4590 1628 4630 eum
1656 4573 1845 4628 Romae
1887 4573 2173 4629 instruxis-
2198 4568 2251 4629 Β
2350 4562 2469 4618 Hac
2496 4565 2673 4620 eadem
2710 4567 2909 4637 synodo
2947 4568 3180 4622 damnati
3209 4567 3563 4639 Apollinarim
3613 4571 3657 4617 ει
3690 4557 3828 4613 Τίπιθ·

573 4678 677 4734 sel,
709 4669 821 4723 sive
843 4667 912 4724 ob
955 4667 1115 4720 aliam
1172 4680 1414 4731 causam,
1446 4681 1568 4719 eum
1603 4666 1976 4737 presbyterum
2007 4666 2175 4722 fuisse

572 4772 792 4833 oportet
835 4762 993 4832 longe
1044 4768 1170 4816 ante
1222 4760 1614 4815 ordinationem
1662 4759 1968 4828 Ambrosii,
2027 4762 2171 4832 quod

571 4857 955 4917 Tillemontius
1006 4855 1121 4926 ipse
1176 4869 1283 4909 non
1341 4862 1522 4923 negat.
1573 4851 1764 4908 Nullus
1814 4863 1994 4909 autem
2044 4863 2172 4911 tunc

572 4952 857 5025 presbyter
908 4964 1028 5005 esse
1060 4956 1292 5019 poterat,
1324 4949 1413 5018 qui
1447 4963 1554 5002 non
1582 4955 1734 5002 certo
1780 4946 1898 5002 loco
1926 4947 2042 5003 sive
2080 4963 2174 5005 ec-

570 5044 751 5101 clesia:
773 5041 1191 5107 adscriberetur,
1221 5055 1381 5110 quem
1427 5041 1683 5110 episcopo
1724 5040 1893 5095 invito
1915 5039 2172 5097 deserere

566 5153 677 5195 non
710 5144 940 5207 poterat,
973 5144 1031 5189 ut
1059 5132 1162 5188 alio
1211 5131 1487 5204 migraret.
1522 5132 1657 5188 Rem
1700 5132 2036 5188 notissimam
2085 5141 2170 5188 at-

566 5216 733 5304 quea
781 5228 1141 5286 Thomassino
1184 5225 1399 5295 egregie
1447 5234 1827 5294 pertractatam
1866 5225 1940 5295 (ε)
1971 5225 2169 5282 iterum

566 5342 675 5383 non
702 5340 876 5398 agam.
920 5323 1058 5379 Hinc
1106 5320 1515 5390 Hieronymusa
1542 5319 1770 5376 Paulino
1824 5320 2168 5380 Antiocheno

639 5446 719 5517 (a)
749 5446 829 5503 Ad
854 5459 987 5517 ann.
1017 5441 1139 5509 575,
1184 5455 1240 5495 ιι.
1277 5440 1333 5494 5.

637 5515 717 5587 (b)
750 5520 849 5587 Ep.
871 5515 999 5570 2l5.

664 5581 713 5652 ei
746 5581 889 5643 Ann.
920 5587 1046 5652 575,
1077 5600 1131 5638 ιι.
1153 5581 1243 5636 22.

664 5608 689 5643 c
746 5593 889 5643 Ann.
920 5592 1046 5652 375,
1077 5600 1131 5638 ιι.
1153 5592 1243 5636 22.

744 5661 818 5715 ne
849 5657 1122 5731 Ambros,
1143 5662 1247 5710 art.
1275 5653 1540 5731 10,_ac_de
1565 5651 1839 5731 S_implic.,
1875 5662 1916 5711 t.
1948 5654 2017 5712 X.

637 5724 711 5799 (ἐ)
736 5730 889 5783 Tom.
918 5728 985 5791 ιι,
999 5726 1146 5799 ιιιω
1176 5740 1299 5781 cum
1318 5724 1724 5799 pluribus'seq.

639 5737 689 5797 (ε
736 5732 889 5783 Tom.
918 5732 1093 5791 ll,lib.
1128 5743 1146 5782 ι
1176 5740 1299 5781 cum
1330 5732 1397 5795 plt

639 5732 711 5874 (fg
736 5800 857 5855 Bar.
895 5813 1019 5853 ann.
1065 5797 1194 5865 378,
1221 5814 1275 5854 ιι.
1307 5796 1397 5854 65.

2354 4658 2522 4711 tlteus.
2552 4657 2640 4713 ιν.
2681 4657 2757 4713 De
2788 4658 2984 4714 Meletii
3013 4661 3206 4731 agitata
3224 4676 3401 4715 coram
3430 4656 3649 4713 Damaso
3674 4663 3826 4709 eam.

2352 4751 2563 4821 ejusque
2605 4750 2747 4821 apud
2796 4766 2913 4806 eum
2955 4752 3248 4824 pontiﬁcem
3286 4762 3454 4819 statu,
3478 4760 3523 4806 et
3567 4744 3679 4821 quid
3704 4743 3755 4796 de
3783 4750 3828 4838 eo

2338 4842 2590 4913 ponti/ica:
2635 4845 2887 4911 senserit;
2915 4844 3179 4916 Dupinius
3214 4847 3487 4918 refellitur.
3521 4842 3581 4899 V.
3612 4838 3825 4905 Ληοηνυῑι

2350 4934 2837 4993 Amstelodamensis
2866 4948 2955 4993 aut
2984 4938 3115 4994 mira
3141 4937 3591 5003 inconsiderantia,
3619 4938 3698 4988 aut
3721 4922 3828 4980 Μία

2352 5028 2506 5099 fides.
2800 5036 2805 5039 “

2351 5142 2392 5198 Ι.
2436 5144 2729 5214 Gregorius
2763 5146 3074 5221 Nyssenus,
3103 5163 3265 5220 quem
3289 5148 3392 5204 sibi
3421 5146 3625 5205 socium
3643 5128 3827 5207 adjullﬂi

2281 5233 2590 5293 Dormbeus
2639 5248 2941 5309 optaverat,
2993 5239 3065 5297 de
3111 5240 3360 5297 Romano
3414 5240 3602 5296 itinere
3644 5226 3828 5288 minime

2278 5329 2522 5400 cogitare
2546 5330 2694 5387 visus
2722 5342 2830 5400 est,
2861 5334 2978 5390 sive
3003 5334 3147 5406 quod
3177 5334 3538 5401 recusaverit,
3574 5329 3682 5385 sive
3708 5314 3825 5394 quod

2271 5420 2289 5429 ’
2350 5450 2785 5594 (gngJNe‘r.
2816 5455 2947 5511 edit.

2351 5524 2407 5594 (lt
2448 5523 2579 5594 ιιιι).
2616 5540 2725 5591 XIX,
2755 5541 2876 5594 cap.
2918 5529 2947 5584 5

2460 5523 2579 5596 Lib.
2616 5540 2725 5596 XIX,
2755 5541 2876 5596 cap.
2918 5529 3008 5584 57.

2439 5665 2676 5753 ἕρκβδν.
2701 5669 2841 5753 atad
2880 5670 2987 5753 8.8-

2375 5524 2433 5602 ιι)
2460 5524 2579 5606 Lib.
2616 5540 2725 5591 XIX,
2755 5541 2876 5596 cap.
2918 5529 3008 5584 57.
3250 5604 3253 5605 ν

2369 5611 2389 5679 ι⁹
2446 5593 2565 5649 th.
2610 5595 2885 5662 Quesnell.
2919 5599 2988 5656 ad
3016 5599 3076 5658 S.
3109 5598 3418 5671 Leon.,{ep.
3445 5594 3530 5653 ιθ.

2439 5665 3012 5819 EDg.lgor?!.ml)lui(t§r.B
3056 5783 3095 5811 .,
3144 5763 3197 5817 p.
3246 5759 3302 5812 ιι,
3334 5754 3454 5814 cap.
3506 5736 3530 5794 Ε

2414 5844 2431 5861 .
2462 5806 2555 5861 ltb.
2588 5822 2651 5861 ιι.
2677 5824 2798 5861 can.
2842 5813 2894 5861 ί.
2940 5813 2970 5861 ι
2998 5759 3097 5861 ΨΒ.

2442 5736 2517 5819 Bg
2552 5738 2699 5794 Eccl.
2737 5736 2891 5819 Hier.
2921 5742 3095 5819 Qrig.,
3144 5763 3197 5817 p.
3246 5759 3302 5812 ιι,
3334 5754 3454 5814 cap.
3506 5736 3682 5811 {cum
3725 5739 3816 5795 εει·

2414 5759 2538 5865 "iii.
2552 5759 2891 5884 “tua”:
2921 5759 3095 5887 κίεις

2414 5844 2431 5877 s
2541 5845 2555 5864 ο
2632 5849 2651 5881 ι
2783 5849 2798 5869 ο
2872 5842 2895 5884 λι
3085 5850 3098 5870 ά
