3998 6350
153 250 275 306 175
1554 236 2089 297 ΡιιοιιεθοιιΕΝΑ.
3363 241 3465 299 174

143 381 288 423 eum
320 365 434 421 alia
463 364 716 437 negotia,
748 376 812 419 ac
839 362 1032 432 quibus
1062 359 1216 431 paulo
1242 363 1360 428 post
1389 362 1617 411 vexatus
1646 354 1766 421 fuit,
1796 360 1851 421 Α
1872 356 2117 427 adeoque
2143 356 2421 426 praeclaris
2445 357 2641 414 sinceri
2671 370 2799 428 erga
2825 355 3128 412 Romanum
3157 357 3467 427 pontiﬁcem

147 459 505 514 Arianorum
543 456 952 527 persecutiones
981 451 1332 508 detinuerint.
1364 448 1433 502 At
1468 447 1774 503 Dorotbeus
1877 449 2125 519 obsequii
2149 451 2632 522 significationibus
2660 450 2859 507 referta
2885 462 2995 519 est,
3025 461 3083 507 ut
3123 452 3469 509 verissimum

151 552 317 622 ipse,
366 551 458 606 eoi
515 550 893 605 sanctissimus
939 548 1075 601 alter
1112 543 1469 599 Antiochense
1519 540 1776 596 Ecclesiae

153 648 463 719 presbyter
488 645 746 701 comitem
774 658 896 699 sese
925 641 1215 707 obtulerat,
1250 636 1378 692 illud
1405 634 1628 707 urgebat
1655 633 1780 689 dili-

151 749 369 813 genter
404 743 567 810 eique
597 753 722 794 sese
750 737 971 806 parabat
1000 735 1142 789 circa
1186 732 1345 801 hujus
1380 729 1507 784 anni
1538 728 1773 784 initium.

155 833 297 889 Haec
327 838 589 886 constant
620 845 686 886 ex
719 828 903 885 Basilii
927 826 1154 897 epistola
1179 824 1247 879 ad
1277 824 1566 878 Eusebium
1591 823 1782 876 Samo-

157 934 429 981 satenum
451 966 466 989 ,
498 923 656 993 cujus
681 924 796 976 liazc
823 928 949 975 sunt
978 919 1139 974 verba
1162 935 1175 970 :
1209 915 1289 971 De
1312 917 1461 970 rebus
1483 924 1651 969 autem
1681 913 1782 968 Oc-

157 1018 521 1075 cidentalibus
553 1016 701 1086 prius
725 1016 835 1083 ipse
861 1011 1118 1078 didicisti,
1149 1018 1393 1064 narrante
1422 1011 1594 1062 omnia
1623 1010 1782 1078 fratre

160 1111 483 1177 Dorotheo,
522 1109 606 1163 cui
648 1108 828 1177 quales
866 1107 1051 1160 danda:
1091 1120 1268 1159 rursus
1309 1104 1493 1158 litterae
1536 1100 1784 1155 abeunti?

165 1203 431 1258 Fortasse
453 1202 591 1257 enim
616 1216 670 1254 se
696 1200 897 1253 itineris
924 1200 1115 1252 socium
1134 1199 1319 1270 jungel
1348 1198 1539 1268 Optimo
1566 1196 1785 1249 sanctis-

165 1297 307 1350 simo
327 1337 343 1361 ,
371 1295 461 1363 qui
490 1308 681 1364 ntagno
710 1293 857 1345 ardet
886 1292 1078 1356 studio,
1117 1306 1178 1344 ac
1225 1290 1483 1343 Orientem
1522 1296 1782 1360 peragrat,

168 1398 218 1444 et
267 1386 336 1441 ab
386 1385 757 1457 iusignioribus
802 1384 1205 1454 quibuscumque
1277 1383 1678 1454 subscriptiones
1739 1388 1789 1435 et

1878 543 1971 609 sit,
2001 543 2143 614 quod
2170 559 2396 615 magnus
2422 544 2687 599 Baronius
2711 544 2781 615 (c)
2811 545 2908 611 ait,
2936 556 3151 602 sanctos
3173 549 3319 599 viros
3348 545 3468 615 capi

1880 636 2112 692 humana
2144 639 2322 710 aliqua
2352 639 2517 694 animi
2543 640 2947 709 perturbatione
2971 639 3259 709 aliquando
3286 655 3468 711 posse,

1882 730 2108 786 minime
2148 738 2328 785 autem
2370 729 2622 786 detineri.
2670 732 2795 800 Agit
2829 732 3009 801 itaque
3034 733 3268 789 Damaso
3296 736 3473 805 primo

1881 824 2003 880 loco
2027 825 2229 894 gratias
2249 867 2264 890 ,
2291 825 2362 879 ob
2404 840 2522 881 eam
2543 866 2559 891 ,
2589 841 2748 893 quam
2776 825 2979 883 fecerat
3024 827 3077 883 in
3108 832 3475 887 anterioribus

1881 917 2107 987 alicujus
2128 919 2315 973 auxilii
2341 932 2515 989 spem,
2545 934 2872 989 operamque
2898 922 3066 988 illam,
3095 939 3254 994 quam
3280 942 3477 996 posue-

1882 1022 1986 1077 rat,
2020 1029 2087 1067 ne
2114 1028 2175 1066 ea
2224 1012 2598 1067 frustraretur.
2651 1012 2764 1068 line
2811 1014 2954 1070 enim
3008 1018 3270 1086 pertinet,
3303 1032 3477 1089 eoque

1884 1104 2104 1176 respicit
2146 1106 2249 1159 hoc
2290 1106 2409 1172 ejus
2440 1105 2684 1175 epistolae
2728 1105 2985 1162 initium:
3038 1108 3292 1166 Dominus
3336 1111 3479 1166 Deus

1884 1207 2088 1261 noster,
2132 1197 2184 1250 in
2223 1212 2374 1265 quem
2418 1198 2770 1268 speravimus,
2807 1208 3001 1252 tantam
3028 1201 3208 1269 cuique
3256 1211 3480 1257 vestrum

1885 1290 2106 1360 gratiam
2134 1289 2418 1360 largiatur,
2450 1298 2505 1342 ut
2532 1290 2601 1343 ad
2634 1292 2953 1360 propositam
2977 1307 3117 1357 spem
3148 1295 3476 1362 perreniatis,

1885 1392 2077 1453 quanto
2113 1382 2212 1449 ipsi
2258 1382 2446 1452 gaudio
2490 1382 2649 1436 corda
2690 1394 2866 1436 nostra
2895 1384 3230 1453 implevistis,
3273 1396 3379 1440 tum
3419 1400 3484 1441 ea:

172 1482 431 1556 epistolas
450 1480 649 1551 colligit
672 1477 773 1551 (η).
805 1477 1259 1532 Accuratissimus
1282 1475 1542 1547 postremi
1564 1488 1787 1544 operum
1888 1474 2351 1541 commiseratione,
2371 1490 2526 1545 quam
2552 1477 2795 1529 teruntnis
2820 1477 3011 1530 nostris
3038 1477 3388 1543 impendistis,
3424 1489 3484 1531 ut

176 1577 315 1630 tomi
349 1574 560 1641 editor,
591 1574 683 1643 qui
713 1573 784 1628 ab
816 1572 919 1625 hoc
946 1586 1092 1626 anno
1134 1578 1386 1625 numerat
1418 1570 1652 1640 primum
1684 1568 1793 1623 Do-
1888 1570 2060 1624 induti
2104 1572 2299 1624 viscera
2336 1570 2735 1637 misericordiae,
2778 1571 3204 1641 quemadmodum
3250 1574 3485 1645 prwdicti

178 1669 364 1726 rothei
409 1667 717 1739 presbyteri
757 1664 1063 1719 Romanum
1097 1664 1232 1728 iter,
1285 1663 1627 1733 primamque
1670 1662 1790 1731 ejus
1892 1663 1985 1716 viri
2013 1664 2446 1717 annuntiaverunt
2475 1665 2642 1730 nobis,
2678 1664 2984 1720 Dorotlieus
3010 1664 3219 1720 scilicet
3244 1665 3313 1721 ab
3338 1665 3487 1721 Urbe

183 1765 252 1819 ad
289 1765 573 1817 Damasum
602 1761 928 1830 legationem
949 1800 963 1823 ,
995 1758 1112 1811 haec
1135 1758 1296 1811 allata
1328 1757 1491 1811 verba
1513 1757 1786 1824 interpre-
1817 1750 1863 1811 Β
1893 1765 2018 1811 tunc
2046 1756 2211 1812 redux
2235 1798 2249 1823 ,
2293 1764 2350 1811 et
2389 1757 2479 1827 qui
2509 1757 2742 1812 comites
2770 1757 2818 1812 ei
2868 1758 3103 1812 fuerant.
3162 1758 3492 1828 Quapropter

192 1867 360 1923 tatur,
391 1871 454 1912 ac
478 1857 522 1910 si
553 1854 781 1909 Basilius
807 1861 1023 1923 quaerat
1053 1868 1168 1922 qua:
1186 1866 1369 1905 rursus
1396 1851 1583 1904 danda:
1603 1850 1787 1903 littera:
1887 1864 2070 1905 rursus
2099 1854 2249 1904 etiam
2277 1865 2367 1923 per
2388 1851 2622 1917 dilectos,
2649 1858 2697 1905 et
2722 1852 3025 1913 salutamus,
3050 1861 3097 1905 et
3126 1850 3486 1919 adhortamur,

198 1951 481 2006 Dorntheo
501 1992 515 2016 ,
557 1964 657 2003 non
690 1949 756 2002 ad
786 1947 1020 2012 Urbem,
1055 1946 1150 2002 sed
1183 1947 1234 2000 in
1266 1944 1546 2001 Orientem
1579 1943 1787 1997 abeunti
1890 1944 2016 1997 utsi
2049 1942 2296 1997 Dominus
2324 1943 2531 2015 quidem
2560 1944 2861 2011 facultatem
2900 1944 3039 1999 vobis
3068 1944 3266 2000 dederit
3292 1946 3362 1999 ad
3398 1962 3490 2001 nos

195 2058 263 2098 ex
296 2042 657 2110 Cappadocia,
689 2051 783 2095 aut
822 2042 932 2094 alio
973 2038 1334 2109 Cappadocia:
1368 2038 1598 2093 finitimo
1641 2036 1784 2102 loco,

188 2136 256 2189 ad
286 2151 449 2205 quem
477 2134 564 2188 ille
596 2133 737 2189 forte
768 2134 987 2189 venisse
1011 2142 1223 2202 poterat
1251 2134 1320 2185 ab
1349 2130 1605 2195 Eusebio,
1629 2143 1791 2199 quem

187 2229 490 2291 inviseret,
548 2227 719 2282 redux
768 2227 862 2299 (b).
911 2224 980 2281 At
1030 2227 1075 2281 si
1133 2228 1255 2294 quis
1303 2224 1591 2294 epistolam
1642 2222 1789 2277 illam

183 2333 399 2379 attento
439 2324 623 2377 animo
652 2323 875 2393 legerit,
927 2319 1085 2375 facile
1122 2318 1530 2389 deprehendet,
1573 2332 1641 2370 eo
1671 2317 1793 2370 loco

185 2416 452 2472 sciscitari
488 2416 640 2469 illum
661 2455 676 2479 ,
710 2413 840 2485 quid
874 2414 1069 2467 iterum
1103 2410 1453 2466 scribendum
1484 2423 1580 2478 per
1619 2407 1792 2461 Doro-

186 2514 371 2566 theum
401 2511 630 2565 Romam
658 2523 782 2563 eum
810 2507 1157 2561 sanctissimo
1189 2505 1594 2574 profecturum;
1628 2499 1796 2569 siqni-

185 2606 306 2660 dem
330 2604 518 2658 statim
544 2604 913 2673 prosequitur,
934 2614 1048 2669 qua!
1068 2601 1227 2669 igitur
1254 2613 1343 2665 per
1368 2600 1505 2670 ipsos
1526 2594 1795 2650 scribenda

184 2698 315 2761 sint,
357 2706 451 2750 aut
479 2696 735 2765 quomodo
766 2710 886 2748 cum
928 2693 1271 2749 scribentibus
1317 2692 1534 2745 consilia
1579 2691 1798 2760 conjun-

186 2789 376 2863 genda,
415 2789 657 2859 equidem
695 2788 900 2842 dubito.
946 2788 1052 2841 Sed
1090 2787 1136 2839 si
1182 2786 1283 2838 cito
1323 2784 1582 2854 reperias,
1613 2782 1699 2851 qui
1730 2781 1798 2834 ad

187 2897 277 2935 nos
304 2880 714 2953 proﬁciscantur
733 2921 748 2945 ,
776 2879 920 2933 nobis
948 2893 1205 2947 exponere
1233 2891 1335 2930 non
1370 2875 1600 2944 graveris
1625 2888 1642 2927 :
1673 2872 1800 2926 mihi

187 2977 319 3029 enim
346 2974 490 3027 venit
516 2974 570 3025 in
596 2981 815 3026 mentem
839 2971 973 3026 illud
1006 2969 1269 3024 Diomedis
1292 2982 1568 3039 usurpare,
1600 2967 1799 3020 utinam

189 3079 431 3137 precatus
458 3082 563 3119 non
591 3081 723 3119 esses
745 3107 758 3127 ,
792 3066 1067 3135 quoniam,
1110 3064 1297 3130 inquit,
1327 3061 1405 3115 vir
1423 3071 1498 3115 est
1526 3060 1794 3129 superbus.

1892 2036 2282 2106 proﬁciscendi,
2317 2052 2379 2090 ne
2406 2037 2680 2108 pigremini
2725 2053 2819 2091 nos
2847 2038 3082 2104 invisere,
3120 2079 3133 2094 .
3167 2080 3179 2092 .
3208 2079 3220 2092 .
3257 2039 3410 2104 Quod
3449 2041 3494 2095 si

1894 2129 2055 2183 bonus
2067 2130 2251 2215 ‘Deus,
2283 2147 2345 2183 ac
2371 2132 2576 2207 sapiens
2601 2131 2718 2185 vita
2745 2142 2936 2187 nostra:
2962 2134 3253 2187 moderator
3278 2136 3375 2189 hoc
3404 2135 3494 2189 be-

1895 2225 2135 2294 neficium
2155 2225 2209 2277 in
2237 2224 2382 2278 aliud
2408 2234 2606 2295 tempus
2626 2235 2867 2290 reservat,
2896 2228 3074 2282 saltem
3099 2229 3241 2282 nobis
3270 2228 3493 2293 scribite,

1895 2332 2224 2387 quacumque
2243 2334 2273 2371 a
2304 2316 2441 2372 vobis
2462 2320 2616 2374 scribi
2636 2321 2778 2376 decet
2809 2322 2876 2375 ad
2902 2320 3126 2375 solamen
3154 2323 3493 2393 afflictarum,

1897 2419 1944 2464 et
1972 2411 2275 2465 erectionem
2311 2415 2689 2481 confractorum
2715 2456 2728 2470 .
2765 2456 2777 2468 .
2805 2456 2818 2468 .
2852 2430 2945 2470 nec
2973 2415 3186 2469 aliunde
3206 2417 3497 2483 expectatio

1895 2502 2010 2556 ulla
2033 2505 2238 2569 auxilii,
2260 2507 2359 2559 nisi
2381 2506 2631 2562 Dominus
2653 2524 2742 2578 per
2768 2523 2878 2571 vos,
2895 2525 2926 2561 a
2951 2508 3135 2579 quibus
3157 2508 3355 2564 sincere
3369 2509 3471 2563 coli
3485 2540 3501 2552 -

1900 2602 2004 2659 tur,
2029 2597 2223 2651 miserit
2247 2599 2512 2654 medelam.
2534 2600 2670 2655 Tum
2688 2599 2883 2655 deinde
2898 2617 3010 2655 rem
3029 2602 3362 2672 aggreditur,
3379 2617 3501 2657 cau-

1899 2702 2095 2759 sasque
2121 2691 2484 2762 gravissimas,
2501 2693 2572 2748 ob
2599 2709 2734 2765 quas
2764 2695 3076 2762 apostolicze
3098 2696 3246 2751 sedis
3266 2695 3503 2752 auctori-

1903 2790 2067 2837 tatem
2099 2783 2391 2854 efﬂagitat,
2423 2801 2485 2841 ac
2514 2801 2682 2857 pauca
2704 2789 2772 2842 de
2799 2787 2996 2844 Ariana
3024 2789 3217 2844 haeresi
3241 2790 3406 2845 veluti
3437 2790 3507 2846 ab

1900 2876 2162 2933 Ecclesiae
2188 2893 2420 2951 corpore
2448 2882 2688 2935 abscissa
2714 2923 2728 2945 ,
2765 2892 2926 2953 atque
2959 2881 3084 2937 ideo
3105 2884 3284 2937 minus
3307 2882 3373 2938 ad
3403 2898 3503 2939 no-

1903 2972 2134 3025 cendum
2175 2982 2298 3042 apta
2330 2988 2451 3027 cum
2497 2974 2801 3042 attigisset,
2849 2975 2920 3029 ita
2953 2976 3164 3045 pergit:
3201 2975 3304 3044 Qui
3329 2986 3503 3031 autem

1903 3064 2037 3136 pelle
2082 3066 2231 3119 ovina
2276 3066 2444 3120 induti
2473 3078 2621 3129 sunt,
2655 3083 2716 3120 ac
2764 3071 2984 3140 speciem
3020 3069 3260 3123 blandam
3304 3086 3413 3139 pra:
3451 3086 3506 3124 se

191 3158 397 3214 Etenim
433 3160 477 3212 si
507 3160 652 3213 nobis
678 3159 911 3230 placetur
942 3157 1193 3210 Dominus
1212 3197 1225 3220 ,
1256 3171 1475 3225 quonam
1503 3155 1608 3208 alio
1635 3154 1802 3206 admi—
1826 3152 1872 3216 C
1906 3160 2078 3227 ferunt
2101 3173 2161 3210 ac
2186 3157 2369 3222 lenem,
2410 3159 2547 3212 intus
2573 3174 2692 3213 vero
2722 3159 2977 3214 dilaniant
3004 3160 3284 3214 crudeliter
3304 3158 3499 3215 Christi

191 3255 359 3308 niculo
388 3250 732 3323 indigemus?
763 3251 862 3307 Sin
889 3262 1059 3305 autem
1087 3259 1372 3320 perseverat
1401 3250 1479 3309 ira
1502 3247 1624 3313 Dei,
1647 3247 1799 3316 quale

191 3346 331 3400 nobis
352 3345 663 3418 praesidium
686 3345 953 3412 supercilii
983 3340 1334 3397 Occidentalis
1353 3342 1378 3394 ?
1400 3341 1608 3396 lleccns
1629 3339 1799 3394 animi

193 3439 345 3495 dolor
382 3438 465 3494 ob
508 3440 790 3509 praelatum
834 3437 1057 3493 Meletio
1098 3436 1418 3501 Paulinum,
1463 3433 1577 3488 haec
1621 3448 1651 3487 a
1680 3434 1800 3488 viro

198 3533 546 3589 sanctissimo
569 3531 787 3587 duriora
811 3531 1113 3601 expreSsit;
1147 3541 1201 3585 at
1222 3547 1286 3584 ex
1312 3529 1380 3583 iis
1403 3536 1587 3599 aperte
1609 3527 1798 3598 liquet,

197 3628 263 3683 de
290 3628 625 3697 quibusnam
657 3627 856 3681 litteris
884 3626 1163 3680 Duratheo
1203 3625 1402 3679 dandis
1425 3664 1438 3689 ,
1481 3638 1657 3695 quove
1684 3622 1803 3693 ejus

202 3721 394 3777 itinere
422 3730 562 3776 tunc
593 3719 825 3775 Basilius
852 3728 1059 3789 ageret.
1106 3718 1327 3773 Minime
1360 3719 1540 3787 itaque
1580 3731 1804 3771 necesse

204 3824 305 3878 est,
332 3825 390 3870 ut
408 3813 754 3870 Dorotbeum
779 3814 977 3882 ipsum,
1006 3813 1299 3868 Eusebium
1332 3813 1383 3866 in
1412 3811 1637 3866 Ttn-acia
1668 3811 1803 3881 Scy-

206 3909 315 3963 this
342 3910 483 3964 forte
505 3907 836 3977 prosimiore
848 3908 1189 3962 exsulantem
1212 3906 1513 3962 accessisse
1536 3905 1802 3968 dicamus,

208 4011 265 4055 ut
294 4002 367 4055 illi
414 3998 858 4056 Occidentalium
898 4014 1082 4055 rerum
1114 4007 1315 4054 statum
1369 4012 1606 4067 praesens
1635 4010 1806 4066 expo-

211 4102 397 4161 neret,
431 4093 579 4162 quod
627 4090 812 4147 facere
864 4107 962 4162 per
1009 4092 1295 4159 epistolam
1351 4088 1509 4146 facile
1554 4100 1805 4160 poterat:

210 4196 586 4258 praetereaque
607 4186 829 4241 minime
845 4185 1108 4242 credibile
1122 4195 1225 4251 est,
1254 4185 1628 4255 presbyterum
1657 4184 1807 4238 illum

214 4277 410 4335 Meletii
438 4293 687 4345 causam,
715 4278 769 4333 in
812 4294 914 4344 eo,
946 4277 1089 4347 quod
1127 4279 1455 4348 scripserat,
1493 4275 1810 4330 discrimine

215 4370 520 4426 Antiochiae
562 4370 792 4441 positam
838 4369 1097 4424 deserere
1129 4367 1404 4433 voluisse,
1435 4376 1495 4422 ut
1538 4367 1639 4422 iter
1678 4366 1811 4421 nihil

218 4463 584 4532 profuturum,
614 4462 732 4519 sive
764 4463 817 4517 in
845 4461 1158 4528 Thraciam,
1190 4463 1306 4517 sive
1330 4462 1387 4516 in
1416 4459 1810 4530 Cappadociam

1903 3264 2128 3322 gregem,
2157 3259 2205 3303 et
2228 3258 2536 3320 propterea,
2568 3252 2707 3320 quod
2728 3267 2792 3305 ea:
2814 3250 2961 3305 nobis
2985 3252 3151 3306 exorti
3178 3261 3320 3315 sunt,
3348 3252 3504 3320 facile

1903 3343 2177 3411 perniciem
2198 3344 2428 3413 inferunt
2449 3343 2864 3415 simplicioribus,
2881 3344 2934 3396 hi
2951 3352 3087 3406 sunt,
3110 3344 3200 3412 qui
3219 3343 3504 3396 molestiam

1904 3434 2167 3502 exhibent,
2187 3452 2247 3489 ac
2266 3452 2401 3507 aegre
2428 3437 2580 3491 vitari
2609 3449 2840 3506 possunt.
2870 3435 2983 3493 Nos
2994 3452 3238 3509 rogamus
3257 3444 3313 3490 ut
3334 3446 3505 3491 vestra

1904 3529 2175 3600 diligentia
2191 3531 2426 3586 omnibus
2449 3530 2711 3587 ORIENTIS
2732 3529 2979 3587 Ecclestis
3001 3531 3267 3586 denuntiet
3291 3572 3303 3584 .
3324 3570 3337 3585 .
3356 3570 3369 3584 .
3396 3529 3507 3584 Ne-

1905 3637 2046 3676 cesse
2069 3632 2142 3677 est
2166 3634 2336 3677 autem
2372 3623 2557 3678 horam
2586 3624 2891 3677 nominatim
2922 3624 3230 3685 meminisse,
3255 3633 3312 3678 ut
3332 3633 3380 3677 et
3406 3624 3507 3693 ipsi

1906 3720 2227 3787 cognoscatis
2239 3720 2438 3787 eos,qui
2452 3719 2628 3773 turbas
2641 3720 2781 3791 apud
2794 3736 2887 3773 nos
2900 3728 3310 3790 movent,eosque
3321 3720 3509 3774 nostris

1908 3807 2157 3864 Ecclesiis
2186 3825 2516 3868 IANIFBSTOS
2555 3813 2722 3883 facite.
2767 3811 3006 3867 Primum
3035 3812 3175 3866 inter
3201 3826 3295 3866 eos
3326 3812 3506 3866 locum

1908 3903 2149 3972 assignat
2184 3903 2466 3959 iiusthatio
2496 3904 2828 3969 Sehasteno,
2859 3905 3090 3960 alterum
3132 3901 3507 3972 Apollinario;

1910 3995 2103 4068 hisque
2128 3998 2347 4054 tandem
2370 3999 2654 4055 Paulinum
2677 4000 2940 4072 atljungit,
2960 4014 3285 4071 quamquam
3311 3999 3509 4054 minori

1910 4088 2055 4145 hunc
2095 4106 2217 4146 cum
2268 4092 2559 4158 libertate,
2608 4108 2670 4148 ac
2699 4093 2849 4147 velut
2898 4092 3256 4148 subdubitans
3305 4099 3508 4162 tangat.

1912 4184 2259 4241 Eusthatium
2280 4187 2459 4255 itaque
2481 4197 2595 4256 post
2614 4197 2873 4259 acceptam
2895 4187 3073 4242 Romae
3092 4186 3314 4240 Patrum
3331 4184 3506 4254 ﬁdem,

1910 4289 1967 4336 et
1989 4280 2054 4335 ad
2083 4281 2524 4335 communionem
2553 4281 2848 4335 admissum
2869 4322 2882 4345 ,
2917 4296 3058 4335 nunc
3084 4281 3227 4335 inter
3252 4294 3349 4334 eos
3388 4293 3512 4336 esse

1913 4373 2016 4441 ait,
2049 4373 2141 4444 qui
2187 4372 2650 4427 consubstantiale
2694 4371 3089 4439 condemnant,
3123 4387 3187 4426 ac
3216 4372 3408 4428 ducem
3450 4385 3512 4428 se

1914 4466 2159 4535 przrbere
2179 4463 2804 4520 Pneumatomachorum
2832 4463 3089 4519 haeresis:
3114 4462 3511 4534 Apollinarium

220 4554 556 4621 institueret,
591 4556 824 4627 hyemali
867 4555 1212 4626 potissimum
1261 4566 1526 4625 tempore,
1558 4554 1701 4625 quod
1750 4554 1815 4608 iis
1841 4558 1895 4622 Ι)
1918 4574 2070 4624 vero,
2101 4558 2479 4629 intemperanti
2501 4557 2774 4613 scribendi
2808 4557 3066 4614 facilitate
3098 4573 3278 4623 usum,
3311 4572 3374 4614 ac
3405 4571 3514 4612 non

222 4648 275 4702 iu
302 4649 435 4704 locis
466 4648 819 4720 perdifficile,
867 4664 930 4704 ac
958 4649 1463 4719 perincommodum
1503 4663 1626 4704 esse
1654 4648 1812 4714 solet,

224 4739 431 4808 quodve
460 4740 575 4811 jam
608 4756 779 4812 prope
805 4742 1017 4810 aderat,
1049 4757 1174 4799 cum
1202 4742 1437 4797 Basilius
1460 4742 1526 4796 ad
1550 4756 1671 4796 eum
1700 4742 1812 4795 An-

227 4832 438 4889 tiochiae
466 4846 713 4906 agentem
743 4836 1055 4906 rescripsit,
1088 4847 1147 4892 ut
1174 4836 1441 4907 superiori
1469 4836 1644 4905 capite
1676 4834 1817 4890 vidi-

228 4938 367 4979 mus.
395 4925 615 4982 Certum
672 4928 854 4998 itaque
896 4938 1182 4999 ratumque
1209 4931 1308 4993 sit,
1337 4930 1597 4984 Basiliam
1642 4929 1814 4997 ipsum

233 5017 331 5073 hoc
357 5020 510 5088 loco,
541 5021 610 5076 ab
640 5022 876 5079 Eusebio
920 5039 1166 5093 quzcrere
1186 5065 1201 5091 ,
1246 5040 1367 5095 quae
1414 5039 1602 5079 rursus
1626 5022 1818 5078 dandas

228 5107 421 5167 litterae
447 5112 739 5179 Dorotlteo,
763 5115 817 5170 in
843 5114 1213 5185 Occidentem,
1240 5115 1386 5172 unde
1414 5131 1518 5172 non
1548 5116 1640 5171 diu
1661 5125 1820 5171 antea

232 5201 546 5268 advenerat.
579 5207 774 5262 iterum
808 5208 1052 5264 abeunti.

303 5292 366 5348 ll.
406 5296 553 5352 Abiit
583 5299 746 5368 igitur
788 5300 1093 5356 Dorotbeus
1146 5302 1434 5373 presbyter
1477 5302 1670 5358 iterato
1716 5302 1823 5357 Ro-

239 5399 400 5453 mam,
429 5403 724 5459 secumque
752 5391 874 5447 tulit
897 5391 1182 5461 epistolam
1211 5394 1570 5449 Orientalium
1602 5396 1824 5451 nomine

241 5491 270 5532 a
296 5478 494 5538 Basilio
517 5484 805 5554 scriptam,
832 5486 889 5542 in
923 5486 1094 5542 veten'
1133 5489 1373 5544 editione
1400 5489 1469 5542 7s
1487 5526 1506 5555 ,
1534 5488 1589 5543 in
1618 5504 1823 5560 nupera

243 5568 363 5628 265.
418 5573 546 5631 Hice
595 5591 724 5633 vero
775 5579 1033 5646 lenitate,
1084 5589 1244 5651 atque
1295 5580 1604 5639 humilitate
1657 5590 1824 5650 tanta,

315 5692 391 5837 (ag
428 5696 559 5763 279,
588 5697 720 5753 alias
748 5701 836 5757 10.

317 5763 368 5837 (b
430 5767 541 5825 Vit.
568 5768 760 5837 Basil.,
789 5787 836 5831 οε

317 5763 391 5837 (ὁ)
430 5767 541 5825 Vit.
568 5768 760 5841 Basil.,
789 5786 910 5845 cap.
939 5773 1029 5841 ss,
1061 5788 1210 5832 num.
1240 5774 1295 5830 6.

1914 4650 2100 4720 petitis
2117 4666 2181 4706 ex
2206 4651 2486 4720 Scriptura
2511 4649 2938 4720 probationibus,
2959 4650 3052 4705 sed
3078 4649 3328 4705 humanis
3351 4648 3517 4705 ratio-

1919 4743 2079 4799 nibus
2108 4743 2383 4810 innixum,
2418 4744 2472 4799 in
2494 4745 2675 4799 varios
2703 4758 2917 4799 errores
2947 4743 3154 4813 lapsum
3187 4758 3331 4810 esse,
3365 4743 3417 4797 in
3452 4742 3518 4797 iis

1919 4845 2258 4913 praesertim,
2292 4858 2412 4912 quae
2442 4843 2510 4899 de
2551 4843 2927 4899 lncarnatione
2958 4842 3286 4905 tradiderat,
3318 4849 3375 4895 ut
3400 4840 3516 4910 jam

1919 4938 2098 5008 pauci,
2124 4938 2215 5008 qui
2260 4939 2328 4993 ab
2357 4953 2423 4994 eo
2460 4937 2663 5007 scripta
2709 4938 2988 5009 legerant,
3036 4937 3268 5006 priscam
3295 4933 3519 5006 pietatis

1927 5028 2155 5085 formam
2196 5040 2500 5085 servarent.
2529 5030 2774 5102 Denique
2813 5028 2956 5100 quod
2984 5028 3049 5083 ad
3083 5028 3362 5083 Paulinum
3391 5027 3519 5081 atti-

1927 5132 2041 5189 net,
2073 5122 2189 5178 hmc
2217 5138 2384 5193 pauca
2411 5124 2693 5179 dumtaxat
2717 5124 2921 5179 scribit.
2950 5103 3204 5176 Paulinus
3226 5130 3398 5174 utrum
3426 5119 3525 5172 alio

1930 5216 2055 5287 quid
2105 5227 2151 5271 et
2195 5219 2330 5271 circa
2381 5216 2759 5271 ordinationem
2805 5213 3193 5285 reprehensioni
3243 5209 3524 5264 obnoxium

1932 5310 2134 5374 habeat,
2162 5312 2263 5382 ipsi
2295 5311 2547 5365 dixeritis.
2583 5309 2695 5364 Nos
2717 5325 2842 5363 sane
2862 5320 3075 5360 mmrore
3100 5303 3254 5374 oﬁicit
3272 5344 3285 5367 ,
3310 5302 3527 5372 quodin

1934 5400 2171 5460 Marcelli
2202 5402 2446 5474 dogmata
2483 5403 2796 5472 propendet,
2835 5414 2897 5453 ac
2934 5396 3077 5450 illius
3103 5403 3381 5449 sectatores
3418 5393 3530 5448 sine

1933 5494 2230 5551 discrimine
2275 5496 2344 5550 ad
2395 5512 2542 5551 suam
2589 5493 2997 5551 communionem
3044 5486 3271 5541 admittit
3312 5500 3331 5540 :
3380 5485 3527 5557 quod

1935 5594 2114 5644 tamen
2155 5604 2261 5645 non
2306 5588 2399 5645 diu
2426 5597 2613 5659 postea
2642 5588 2712 5644 ab
2753 5583 2948 5643 eodem
2987 5579 3154 5635 etiam
3184 5578 3415 5648 Basilio,
3468 5594 3529 5635 re

2011 5707 2087 5780 (ο)
2127 5710 2210 5769 Ad
2238 5726 2365 5769 ann.
2393 5709 2519 5777 372,
2549 5721 2699 5765 num.
2726 5706 2782 5760 2.
2802 5714 2807 5769 ς
