3998 6350
523 195 627 254 I75

1683 190 2000 253 seuerus
2038 193 2370 256 nauasus
2407 192 2607 254 PAPA.
3702 205 3786 260 ns

518 310 720 369 melius
746 320 1013 381 perpensa
1051 320 1117 365 ac
1140 306 1385 380 cognita,
1418 306 1621 364 factum
1666 308 1834 366 fuisse
1863 310 1970 367 alio
1993 310 2115 368 loco
2143 314 2192 375 Α
2221 311 2350 368 tium
2399 312 2794 377 Sebasteuum,
2845 309 3089 383 aliosque
3140 312 3693 383 Pneumatomachos,
3736 335 3788 375 ac

515 403 869 478 probavimus
908 402 1004 474 (α).
1056 401 1216 457 Scitis
1263 401 1397 456 enim
1446 417 1589 470 spem
1636 411 1863 456 nostram
1914 420 2115 458 omnem

520 500 679 556 everti
703 497 939 553 Marcelli
968 498 1222 569 dogmate,
1253 495 1390 568 quod
1416 512 1575 567 neque
1601 494 1647 548 F
1650 496 1799 552 ilium
1824 504 1877 551 in
1908 499 2116 570 propria

521 592 789 664 bypostasi
807 590 1097 661 conﬁtetur,
1120 588 1211 644 sed
1236 590 1500 660 prolatum
1520 605 1649 654 esse,
1674 600 1721 645 et
1746 608 1926 645 rursus
1947 608 2115 647 rever—

519 700 637 740 sum
656 700 763 739 esse
788 682 857 738 ad
878 700 1011 747 eum,
1043 699 1107 737 ea:
1145 700 1244 753 quo
1269 693 1605 754 processerat.
1633 683 1840 753 Quibus
1871 682 2116 739 Romano

518 778 757 848 pontiﬁci
786 777 1154 844 denuntiatis,
1199 778 1446 847 epistula:
1478 778 1637 834 linem
1684 778 1968 849 imponens
1997 778 2116 836 haec

516 872 593 928 ait
617 889 632 926 :
661 873 703 926 Α
733 871 872 927 vobis
893 881 949 927 ut
982 872 1169 926 horum
1197 888 1377 926 curam
1397 872 1715 944 suscipiatis,
1744 872 2110 943 efﬁagitamus.

515 964 823 1035 Suscipietis
844 975 1037 1031 autem,
1058 965 1104 1019 si
1127 964 1362 1019 omnibus
1378 963 1604 1019 Orientis
1631 963 1875 1019 Ecclesiis
1894 964 2116 1019 scribere

512 1072 616 1111 non
637 1056 944 1128 gravemini,
972 1073 1056 1112 eos
1082 1056 1171 1125 qui
1198 1054 1309 1110 lucc
1338 1056 1617 1127 depravaut
1635 1098 1650 1123 ,
1688 1057 1743 1111 si
1761 1060 2113 1130 corrigantur,

511 1152 859 1206 admittendos
889 1151 958 1206 ad
982 1151 1389 1206 communionem
1418 1166 1437 1206 :
1480 1152 1563 1206 sin
1591 1160 1759 1206 autem
1787 1151 2118 1223 pertinaciter

508 1244 821 1299 novitatibus
862 1242 1128 1299 adhterere
1170 1244 1457 1312 voluerint,
1511 1244 1573 1299 ab
1621 1243 1869 1300 Ecclesiis
1911 1242 2116 1297 abscin-

513 1337 731 1395 dandos.

579 1432 710 1489 Haec
758 1432 942 1506 itaque
990 1447 1173 1489 rerum
1222 1433 1363 1489 inter
1414 1432 1705 1489 Damasum
1751 1442 1806 1489 et
1852 1433 2116 1490 Basilium

510 1540 785 1600 gestarum
805 1568 821 1593 ,
853 1536 909 1591 et
938 1526 1242 1584 litterarum
1276 1528 1400 1583 hinc
1430 1527 1556 1583 inde
1583 1528 1907 1599 scriptarum
1943 1529 2116 1585 series

512 1612 619 1679 est.
670 1621 903 1677 Basilius
945 1636 1092 1677 anno
1127 1623 1223 1678 571
1262 1622 1594 1678 Dorotlieum
1639 1622 1924 1677 diaconum
1973 1622 2119 1693 legat

2222 404 2624 462 Marcelliannm
2680 403 2911 476 dogma,
2962 405 3118 476 cujus
3170 405 3430 462 Paulinus
3482 408 3789 467 insimulatus

2218 496 2412 559 fuerat,
2439 496 2701 554 brevibus
2726 512 2849 555 sese
2876 497 3117 565 expedit,
3151 499 3252 553 bac
3277 502 3551 571 proposita
3581 501 3696 559 ﬁdei
3722 520 3791 559 rc-

2215 590 2341 662 gula
2372 608 2384 644 :
2409 589 2479 646 Ut
2504 590 2639 644 enim
2668 588 2874 645 Nicteni
2914 591 3121 646 concilii
3159 593 3316 662 ﬁdem
3346 593 3689 649 inviolabilem
3720 614 3792 668 per

2219 681 2391 736 omnia
2417 683 2717 748 retinemus,
2743 683 2853 737 sine
2881 685 3209 741 simulatione
3236 687 3526 753 verborum,
3551 700 3641 743 aut
3670 701 3790 745 seats

2214 788 2491 846 corrupto,
2532 777 2676 831 nullo
2706 776 2859 831 modo
2901 777 3163 848 Spiritum
3201 790 3438 835 sanctum
3476 798 3791 851 separamus,

2214 867 2306 923 sed
2333 871 2611 940 perfectam
2639 868 2693 922 in
2722 869 2960 924 omnibus
2978 911 2992 935 ,
3025 872 3235 936 virtute,
3270 873 3496 939 honore,
3524 877 3789 948 majestate,

2216 960 2406 1014 deitate
2427 977 2543 1014 cum
2568 959 2728 1015 Patre
2757 975 3158 1017 conveneramur
3186 975 3233 1018 et
3263 963 3438 1029 Filio;
3468 967 3643 1035 itaque
3669 967 3793 1021 etiam

2217 1053 2587 1122 plenitudinem
2618 1053 2716 1111 Dei
2751 1054 2921 1120 Verbi,
2952 1073 3055 1112 non
3095 1058 3358 1126 prolativi,
3385 1060 3476 1115 sed
3500 1062 3633 1125 nati,
3664 1078 3795 1131 neque

2213 1147 2270 1202 in
2300 1147 2457 1204 Patre
2480 1152 2812 1218 remanentis,
2840 1161 2895 1205 ut
2921 1167 3023 1206 non
3052 1152 3139 1223 sit,
3168 1154 3260 1209 sed
3287 1170 3353 1209 ea;
3375 1165 3573 1210 teterno
3599 1157 3651 1209 in
3673 1168 3794 1212 cter-

2216 1258 2338 1296 uum
2377 1243 2768 1313 subsistentem,
2798 1248 3113 1318 perfectum,
3148 1246 3204 1300 id
3242 1258 3317 1302 est
3350 1249 3611 1321 integrum
3651 1248 3793 1303 homi-

2216 1352 2330 1391 nem
2376 1340 2748 1406 assumpsisse,
2798 1339 2854 1393 id
2904 1349 2978 1395 est
3026 1341 3253 1396 salvasse
3300 1343 3640 1412 conﬁdimus.
3687 1343 3793 1399 Nam

2214 1429 2359 1500 quod
2402 1430 2471 1485 ad
2511 1431 2754 1502 ejusdem
2786 1432 2993 1488 Paulini
3025 1433 3425 1493 ordinationem
3461 1437 3691 1505 attinet,
3728 1436 3796 1493 cui

2216 1522 2451 1579 Basilius
2490 1523 2695 1592 aliquid
2735 1524 2851 1579 vitii
2895 1525 3203 1596 obiecerat,
3243 1542 3368 1584 cum
3404 1544 3525 1585 eam
3561 1529 3796 1586 Damasus

2212 1615 2417 1687 judicio
2447 1633 2548 1674 suo
2570 1617 2682 1689 jam
2712 1619 3085 1689 probavisset,
3139 1637 3249 1678 non
3288 1631 3408 1679 erat
3459 1638 3563 1680 cur
3609 1623 3796 1696 aliquod

509 1718 579 1774 ad
623 1718 977 1787 apostolicam
1023 1716 1210 1773 sedem
1242 1732 1365 1774 cum
1407 1717 1634 1787 epistola
1672 1718 1726 1773 in
1756 1731 1962 1787 nupera
1993 1715 2110 1771 edi-
2142 1711 2192 1773 B
2219 1710 2419 1768 addere
2450 1727 2677 1769 necesse
2700 1722 2866 1770 esset.

510 1810 661 1867 tione
690 1810 780 1867 70.
817 1810 1091 1867 Reserihit
1130 1810 1395 1866 Damasus
1430 1824 1576 1865 anno
1604 1808 1852 1878 sequenti
1883 1823 1980 1879 per
2017 1805 2117 1863 Sa-

509 1901 699 1959 binum
732 1902 1020 1959 diaconum
1052 1902 1472 1959 Mediolanensis
1501 1900 1793 1968 Ecclesiae,
1827 1901 1894 1954 ad
1924 1900 2118 1957 Orien-

509 1996 650 2052 tales
676 1996 921 2051 missum.
962 1995 1195 2052 Basilius
1229 1994 1421 2051 eodem
1456 1995 1575 2062 ipso
1598 2008 1743 2049 anno
1771 1993 1961 2049 scribit
1989 2009 2115 2048 rur-

508 2103 604 2146 sus
648 2088 932 2160 epistolam
974 2088 1079 2154 90,
1123 2103 1356 2158 eamque
1402 2087 1607 2144 Sabino
1661 2088 1713 2142 in
1765 2086 2113 2142 Occidentem

507 2182 750 2239 redituro
782 2182 1062 2239 ferendam
1091 2182 1203 2238 dat.
1236 2183 1370 2238 Cum
1410 2197 1473 2238 ea
1513 2181 1655 2238 forte
1689 2196 1795 2237 non
1823 2180 2118 2251 placuisset

508 2277 773 2346 Damaso,
818 2276 960 2333 idem
992 2275 1343 2334 Caesariensis
1388 2276 1585 2347 prmsul
1635 2274 1848 2347 Evagrii
1895 2273 2117 2330 monitis

506 2373 776 2431 excitatus
802 2372 992 2429 scribit
1032 2372 1227 2430 iterum
1255 2386 1400 2427 anno
1425 2370 1533 2427 574
1569 2370 1824 2434 ineunte,
1853 2369 2118 2440 epistolas

504 2466 615 2523 242
650 2476 705 2522 et
732 2466 866 2533 243,
897 2480 1100 2537 easque
1141 2464 1261 2520 tulit
1308 2464 1362 2519 in
1409 2463 1760 2519 Occidentem
1806 2461 2118 2517 Dorotheus

506 2557 794 2629 presbyter
825 2574 840 2609 :
878 2556 1183 2621 eodemque
1229 2570 1374 2610 anno
1412 2554 1478 2609 ad
1517 2552 1822 2609 Orientales
1867 2551 2123 2607 rescribit

505 2650 776 2706 Damasus
798 2664 895 2720 per
916 2648 1095 2719 ipsum
1128 2646 1483 2710 Dorotheum,
1510 2655 1567 2700 ut
1586 2653 1797 2700 constat
1825 2659 1890 2699 ex
1917 2642 2117 2697 Dama-

506 2745 667 2802 siano
695 2744 876 2818 primo
905 2744 1242 2817 fragmento,
1275 2752 1437 2815 atque
1476 2757 1542 2799 ex
1583 2742 1685 2797 bac
1717 2740 1886 2812 ipsius
1929 2739 2116 2795 Basilii

507 2838 580 2895 ad
601 2839 889 2894 Damasum
911 2837 1137 2907 epistola
1156 2837 1286 2894 263.
1307 2836 1434 2893 Haec
1449 2849 1580 2892 vero
1601 2834 1706 2890 hoc
1726 2848 1870 2889 anno
1888 2835 2114 2905 scripta,

508 2930 855 3001 Damasoqne
885 2945 983 3002 per
1010 2930 1211 2986 dictum
1243 2928 1579 2985 Dorotheum
1611 2926 1844 2989 reddita,
1873 2925 2116 2981 omnium

507 3032 789 3103 postrema
818 3032 933 3091 est,
979 3024 1141 3092 eique
1176 3021 1245 3077 ab
1286 3021 1478 3078 eodem
1520 3021 1750 3076 llamaso
1794 3032 2115 3089 responsum

2290 1803 2446 1860 Nunc
2475 1821 2606 1861 vero
2633 1804 2854 1862 minime
2891 1806 3115 1865 difﬁcile
3141 1818 3226 1866 est
3254 1817 3500 1867 statuere
3541 1810 3665 1881 ejus
3691 1825 3797 1868 cou-

2218 1897 2327 1955 cilii
2370 1907 2604 1971 tempus.
2638 1898 2771 1956 Nam
2799 1901 2845 1956 si
2885 1898 2989 1958 hoc
3014 1918 3157 1958 anno
3198 1903 3436 1960 nondum
3463 1916 3723 1974 provecto
3742 1904 3801 1960 ci-

2220 2002 2328 2049 tata
2358 1993 2543 2050 Basilii
2573 1993 2805 2066 epistola
2826 1996 3026 2067 scripta
3050 2005 3155 2064 est,
3179 1996 3246 2052 ad
3272 1997 3523 2053 eumdem
3556 1998 3797 2070 profecto,

2217 2093 2313 2141 aut
2338 2085 2405 2141 ad
2433 2087 2717 2157 sequentis
2760 2087 3005 2157 initium,
3041 2098 3154 2144 tum
3200 2089 3305 2145 hoc
3332 2088 3699 2161 fragmentum
3736 2105 3800 2145 re-

2216 2177 2347 2236 ferri
2388 2177 2583 2246 debet,
2632 2191 2740 2236 tum
2773 2196 2834 2236 ea
2878 2182 3154 2254 synodus,
3182 2184 3266 2238 cui
3297 2198 3329 2239 a
3358 2199 3445 2239 me
3475 2183 3796 2240 adscribitur.

2220 2271 2334 2329 lloc
2356 2272 2511 2329 facile
2542 2285 2803 2344 praeterea
2831 2273 3181 2345 dijudicabit.
3220 2279 3310 2349 qui
3343 2278 3638 2348 epistolam
3680 2279 3798 2334 illam

2218 2379 2339 2421 cum
2382 2365 2575 2422 eodem
2623 2365 2926 2439 fragmento
2953 2369 3230 2433 conferat,
3267 2370 3642 2442 observetque
3669 2373 3798 2426 abeo

2221 2457 2321 2513 tria
2351 2458 2438 2512 illa
2466 2458 2699 2527 conﬁci,
2739 2476 2859 2531 qua:
2885 2460 3114 2518 Basilius
3139 2478 3170 2518 a
3219 2462 3450 2519 Damaso
3480 2465 3798 2535 potissimum

2219 2551 2609 2621 postulaverat.
2642 2551 2883 2608 Accedat
2920 2554 3142 2625 insuper
3182 2556 3426 2612 Socratis
3457 2556 3798 2614 testimonium

2219 2643 2553 2710 scribentis,
2611 2644 2830 2700 Petrum
2902 2646 3327 2705 Alexandrinum
3385 2649 3453 2704 ad
3519 2650 3799 2707 Ecclesiae

2218 2738 2503 2807 suamjam
2530 2753 2831 2808 reversum,
2856 2754 2979 2795 cum
3003 2740 3203 2798 Valens
3225 2742 3515 2801 Antiochia
3540 2745 3800 2802 discedere

2218 2839 2441 2887 coactus
2483 2839 2598 2900 est,
2634 2833 2807 2888 iturus
2840 2847 3035 2891 contra
3064 2835 3273 2892 Gothos
3302 2836 3405 2911 (b),
3447 2853 3597 2894 anno
3623 2838 3800 2894 scilicet

2219 2926 2323 2981 577
2351 2927 2461 2996 jam
2488 2926 2555 2982 ad
2587 2926 2748 2983 tinem
2787 2929 3048 2985 inclinato
3077 2931 3177 3003 (c).
3211 2931 3267 2988 Si
3302 2946 3434 2988 vero
3460 2931 3605 2989 idem
3638 2933 3800 2989 Petrus

2219 3018 2619 3076 Alexandrinus
2645 3022 2721 3077 illi
2748 3022 2957 3094 synodo
2986 3024 3188 3093 adluit,
3239 3041 3469 3083 necesse
3498 3037 3612 3096 est,
3659 3039 3713 3083 ut
3737 3029 3801 3083 in-

507 3114 679 3172 fuisse
705 3124 919 3172 constat
948 3114 1181 3187 longiori
1205 3113 1432 3185 epistola
1461 3111 1744 3186 synodica,
1772 3110 1927 3181 cujus
1956 3109 2116 3165 dum-
2143 3109 2189 3175 C
2222 3112 2486 3168 termedio
2508 3111 2612 3168 hoc
2639 3126 2907 3185 tempore,
2938 3124 3101 3186 atque
3127 3115 3252 3173 ideo
3271 3118 3354 3173 vel
3380 3117 3486 3175 hoc
3512 3120 3636 3191 ipso
3661 3134 3796 3185 anno,

505 3217 659 3268 taxat
701 3209 1062 3283 fragmentum
1112 3210 1343 3267 alterum
1393 3208 1462 3264 ab
1512 3206 1796 3263 llolstenio
1839 3214 2113 3261 servatum

505 3312 793 3376 superest,
822 3304 969 3377 quod
1015 3318 1244 3361 numero
1272 3302 1514 3360 secundo
1542 3317 1573 3357 a
1620 3300 1797 3374 primo
1825 3299 2117 3372 distingui-

509 3413 653 3454 mus.
685 3396 965 3466 Duplicem
990 3411 1093 3469 ego
1112 3394 1255 3452 hanc
1274 3394 1543 3468 synodum
1572 3393 1774 3466 colligo
1798 3388 1887 3450 ex
1930 3396 2116 3448 mutua

509 3491 797 3560 utriusque
842 3491 1129 3562 fragmenti
1169 3491 1479 3547 collatione.
1518 3488 1579 3546 ln
1627 3490 1802 3561 primo
1845 3488 2118 3560 siquidem

517 3584 783 3640 Damasus
818 3583 1062 3652 pontifex
1093 3584 1315 3639 multam
1343 3584 1510 3641 futuri
1550 3583 1733 3639 auxilii
1756 3582 2120 3639 Orientalibus

514 3691 669 3749 spem
711 3675 871 3740 facit,
903 3676 976 3731 ob
1003 3691 1164 3744 quam
1196 3676 1380 3732 Basilii
1408 3677 1623 3732 animus
1651 3675 1878 3732 miriﬁce
1902 3686 2120 3733 erectus

517 3780 625 3837 est,
647 3779 704 3827 et
723 3770 972 3827 exultare
994 3771 1163 3838 visus,
1189 3780 1250 3827 ut
1276 3781 1492 3829 constat
1510 3788 1576 3830 ex
1594 3772 1711 3844 ejus
1735 3772 1965 3844 epistola
1985 3772 2117 3842 255,

514 3865 645 3933 254,
674 3865 805 3923 255.
840 3864 899 3921 In
927 3866 1105 3921 altero
1138 3865 1342 3921 nullum
1373 3866 1487 3937 spei
1521 3867 1698 3921 locum
1727 3865 1839 3921 dat.
1870 3866 2003 3922 Nam
2040 3876 2121 3921 ta-

518 3957 681 4015 metsi
724 3957 1158 4029 sapientissimus
1206 3957 1449 4028 pontifex
1495 3956 1781 4027 episcopos
1815 3956 2122 4014 Orientales

516 4061 701 4111 certos
730 4067 852 4109 esse
875 4051 1067 4123 jubeat
1088 4091 1105 4119 ,
1138 4065 1261 4108 esse
1285 4065 1345 4107 se
1376 4066 1475 4123 pro
1504 4050 1762 4106 membris
1792 4050 2084 4107 sollicitum
2104 4092 2120 4117 ,

517 4156 707 4219 aperte
738 4157 918 4203 tamen
948 4144 1171 4214 fatetur,
1201 4143 1408 4201 nullum
1436 4141 1581 4199 aliud
1616 4158 1854 4215 praesens
1898 4143 2124 4217 refrige-

515 4242 656 4298 rium
688 4240 968 4313 expectari
991 4254 1023 4295 a
1068 4254 1129 4296 se
1168 4253 1360 4311 posse,
1392 4253 1553 4310 quam
1582 4236 1729 4311 quod
1762 4253 1828 4295 ex
1856 4248 2042 4295 mutua
2067 4237 2123 4294 in

518 4334 807 4391 retinenda
852 4334 958 4390 ﬁde
1006 4332 1329 4402 concordia,
1376 4332 1499 4405 capi
1548 4340 1778 4405 poterat.
1833 4332 1892 4390 Si
1941 4332 2124 4404 itaque

520 4428 642 4485 ﬁeri
682 4443 791 4484 non
820 4437 1028 4499 potest,
1062 4437 1121 4483 ut
1168 4427 1285 4485 haec
1314 4429 1457 4485 inter
1485 4444 1546 4485 se
1573 4428 1846 4484 contraria
1866 4470 1881 4495 ,
1912 4427 2125 4499 sibique

2215 3205 2301 3261 vel
2327 3205 2434 3260 alio
2463 3205 2705 3262 nondum
2735 3206 2923 3264 adulto
2950 3208 3253 3265 confectam
3277 3209 3428 3266 illam
3453 3212 3729 3279 dicamus,
3752 3224 3800 3266 ac

2218 3307 2484 3368 praeterea
2504 3314 2693 3355 errare
2714 3300 2859 3367 illos,
2884 3301 2972 3371 qui
2994 3301 3307 3369 concilium,
3329 3303 3382 3359 in
3403 3319 3515 3375 quo
3536 3304 3799 3360 damnatus

2217 3393 2588 3465 Apollinarius
2627 3411 2751 3453 cum
2797 3394 3084 3453 Timotheo
3126 3395 3263 3467 fuit,
3307 3397 3362 3453 in
3391 3412 3598 3454 annum
3644 3396 3801 3455 confe-

2218 3501 2346 3545 runt
2366 3491 2496 3547 578.

2291 3581 2381 3639 IV.
2439 3582 2745 3641 Fatendum
2796 3586 3014 3659 quidem
3069 3597 3189 3657 est,
3242 3604 3315 3648 ex
3371 3590 3474 3648 hoc
3525 3590 3800 3663 tragmeuto

2220 3674 2552 3745 Apollinaris
2574 3693 2796 3747 nomen,
2825 3694 2890 3737 ac
2910 3681 3180 3739 Timothei
3209 3684 3260 3739 in
3284 3697 3347 3739 ea
3369 3685 3583 3758 synodo
3605 3686 3802 3741 damna-

2223 3777 2335 3823 tum
2365 3768 2556 3837 fuisse,
2588 3772 2813 3829 minime
2838 3774 3058 3844 probari
3079 3791 3265 3848 posse,
3286 3778 3384 3834 sed
3406 3778 3527 3850 ejus
3546 3780 3800 3837 dumtaxat

2221 3858 2446 3929 impium
2471 3860 2662 3935 dogma
2687 3867 3082 3937 proscriptum;
3111 3878 3168 3924 at
3190 3868 3292 3926 hoc
3316 3869 3515 3928 validis
3541 3886 3800 3945 argumen-

2224 3955 2293 4009 tis
2321 3954 2541 4013 aliunde
2569 3958 2752 4029 petitis
2775 3962 3082 4019 conﬁcitur.
3119 3964 3277 4020 Enim
3308 3980 3437 4023 vero
3465 3967 3594 4038 quin
3636 3969 3800 4024 Dama-

2223 4059 2317 4102 sus
2366 4047 2419 4102 in
2467 4050 2734 4118 concilio,
2786 4053 2874 4109 cui
2927 4053 3119 4111 Petrus
3169 4055 3579 4116 Alexandrinus
3623 4058 3798 4123 adfuit,

2224 4148 2513 4213 utrumque
2538 4142 2909 4215 damnaverit,
2936 4148 3217 4222 graduque
3257 4154 3522 4223 moverit,
3548 4168 3701 4211 nemo
3721 4152 3800 4208 du-

2225 4232 2513 4301 bitaverit,
2547 4237 2641 4308 qui
2668 4238 2912 4311 ejusdem
2944 4242 3158 4299 Damasi
3186 4245 3255 4301 ad
3284 4245 3590 4307 Orientales
3619 4249 3799 4321 episto-

2224 4325 2334 4383 lam
2380 4338 2596 4385 sextam
2642 4332 2859 4403 legerit.
2893 4335 3006 4393 Hoc
3034 4346 3302 4408 praeterea
3339 4352 3530 4411 aperte
3571 4346 3795 4399 asserunt

2229 4419 2456 4478 Ruﬁnus
2489 4422 2596 4495 (ά),
2630 4424 2968 4485 Sozomenus
2990 4429 3085 4505 (e),
3107 4446 3171 4487 ac
3197 4432 3442 4506 episcopi
3465 4436 3703 4493 nonnulli
3744 4434 3790 4489 in

520 4533 831 4593 repugnans
869 4520 1042 4577 οηιίο
1083 4520 1155 4575 ab
1200 4537 1306 4576 una
1359 4522 1659 4593 eademque
1700 4521 1930 4595 εγηοάο,
1964 4534 2124 4595 θυμω
2149 4513 2205 4575 D
2228 4512 2422 4569 litteris
2447 4515 2514 4570 ad
2546 4514 2745 4573 Rufum
2774 4518 3317 4581 Thessalonicensem
3347 4526 3619 4599 Ephesino
3642 4525 3799 4585 conci-

520 4626 633 4668 uno
684 4611 985 4683 eodemque
1016 4620 1261 4681 tempore
1288 4612 1528 4683 profecta
1551 4614 1643 4680 sit,
1669 4628 1860 4669 eorum
1892 4614 2123 4670 alterum

519 4702 946 4775 fragmenturum
987 4702 1057 4758 ad
1095 4719 1291 4770 unam,
1336 4703 1569 4761 alterum
1614 4720 1743 4760 vero
1782 4705 1851 4760 ad
1897 4706 2125 4763 alteram

525 4796 796 4867 pertineat
825 4809 1049 4853 necesse
1074 4805 1191 4862 est,
1222 4795 1458 4867 primum
1490 4796 1698 4852 scilicet
1726 4796 1795 4852 ad
1822 4812 1974 4859 eam.
2005 4814 2126 4869 quas

525 4904 671 4945 anno
691 4888 797 4945 574
826 4898 1155 4960 congregata
1184 4886 1387 4951 fuerat,
1418 4903 1483 4944 ac
1510 4887 1710 4944 Basilio
1753 4899 2004 4961 pergrata
2030 4904 2122 4946 ac-

526 4982 677 5048 cidit,
705 4982 933 5038 alterum
965 4995 1094 5037 vero
1122 4980 1189 5036 ad
1213 4997 1352 5047 eam,
1384 4980 1455 5038 de
1480 4996 1584 5053 qua
1618 4997 1760 5037 nunc
1781 4984 2011 5054 agimus.

598 5075 685 5132 Ill.
732 5075 995 5131 Damasus
1026 5073 1190 5146 igitur
1222 5075 1307 5129 his
1334 5076 1573 5145 acceptis
1600 5091 1630 5130 a
1669 5076 1869 5133 Basilio
1896 5077 2121 5145 litteris,

524 5178 819 5227 convocata
847 5166 1087 5241 synodo,
1119 5167 1207 5222 cui
1237 5166 1431 5223 Petrus
1470 5167 1871 5223 Alexandrinus
1917 5167 2121 5236 adfuit,

523 5277 590 5319 ac
620 5262 926 5319 Dorotheus
955 5260 1240 5331 presbyter
1258 5259 1614 5318 Orientalium
1648 5261 1887 5334 legatus,
1920 5263 2123 5333 Apolli-

523 5356 737 5411 narium
758 5369 880 5411 cum
901 5352 1190 5409 Timotheo
1210 5352 1506 5421 damnavit,
1530 5362 1910 5427 umentemque
1932 5371 2120 5413 eorum

522 5447 776 5505 hazresim
796 5447 866 5503 ab
887 5445 1131 5503 Ecclesia
1149 5447 1487 5520 proscripsit.
1510 5447 1628 5517 Quo
1650 5464 1779 5506 vero
1800 5448 1868 5506 ad
1889 5447 2122 5508 Eustha-

620 5585 675 5671 φὶ)
708 5585 836 5671 Χῖα.
867 5600 989 5657 cap.
1022 5586 1075 5643 6.

620 5587 675 5660 a)
712 5587 836 5671 vid.
867 5600 989 5657 cap.
1022 5587 1075 5643 6.

704 5659 823 5789 ξῑῖῘῖ
850 5659 1237 5804 ἶξέξέῖἱιῗιῖῐη.
1264 5727 1393 5804 578,
1419 5746 1572 5793 num.
1602 5727 1656 5806 δ,
1686 5732 1743 5793 ε.

2228 4608 2303 4665 lio
2330 4609 2549 4666 insertis
2575 4611 2671 4684 (f).
2705 4613 2779 4671 At
2802 4624 3090 4689 utrumque
3117 4618 3169 4673 in
3194 4619 3299 4677 hoc
3323 4622 3465 4693 ipso,
3494 4624 3565 4680 de
3585 4638 3686 4696 quo
3703 4620 3798 4693 agi-

2228 4719 2378 4770 mus,
2425 4706 2658 4763 concilio
2684 4707 3030 4779 damnatum,
3089 4712 3367 4783 graduque
3417 4726 3621 4773 motum
3662 4712 3796 4772 etab

2228 4797 2471 4855 Ecclesia
2505 4800 2805 4871 projectum
2824 4845 2839 4871 ,
2870 4819 2941 4861 ex
2971 4804 3173 4863 Basilio
3198 4807 3256 4863 ni
3278 4808 3458 4876 fallor,
3482 4811 3795 4867 manifestum

2228 4890 2307 4945 ﬁt.
2340 4890 2525 4963 Neque
2563 4894 2707 4950 enim
2734 4895 3104 4968 Apollinarius
3152 4902 3400 4959 meritam
3431 4903 3572 4961 hanc
3606 4913 3795 4961 senteno

2230 4983 2359 5038 tiam
2404 5000 2594 5056 passus
2634 4988 2841 5057 fuerat,
2885 5005 3009 5047 cum
3040 4992 3182 5049 idem
3215 4992 3444 5052 Basilius
3482 5012 3602 5054 eum
3630 4992 3796 5051 detulit

2226 5076 2294 5133 ad
2315 5081 2670 5149 apostolicam
2691 5084 2901 5155 sedem,
2924 5085 3187 5159 petiitque
3210 5097 3316 5145 tam
3338 5092 3500 5147 anxie
3519 5100 3576 5146 ut
3595 5091 3792 5146 damna-

2225 5179 2397 5225 retur.
2444 5171 2581 5229 Hinc
2610 5176 2664 5231 in
2705 5175 2900 5232 litteris
2936 5178 3003 5232 ad
3037 5179 3408 5252 Patrophilum
3434 5180 3679 5255 Egensis
3706 5179 3794 5235 Ec-

2224 5262 2408 5320 clesiae
2436 5265 2750 5339 episcopum
2778 5269 2925 5326 circa
2954 5270 3060 5328 hoc
3088 5281 3302 5345 tempus
3330 5274 3583 5347 scriptis,
3612 5270 3793 5344 Apolli-

2225 5360 2436 5415 narium
2463 5361 2539 5416 ait
2560 5377 2621 5418 se
2653 5379 2763 5419 non
2800 5365 3003 5423 habere
3034 5366 3308 5425 inimicum
3327 5411 3341 5435 ,
3369 5383 3682 5443 quamquam
3705 5376 3790 5420 nec

2223 5450 2297 5509 ita
2327 5454 2565 5510 amicum
2594 5453 2813 5527 habeat,
2844 5468 2904 5515 ut
2932 5459 3052 5531 ejus
3081 5460 3136 5518 in
3161 5477 3221 5520 se
3249 5465 3611 5523 accusationes
3641 5455 3790 5519 susci-

2288 5591 2373 5734 (d;
2414 5592 2532 5673 Lib.
2558 5608 2641 5661 xt,
2671 5610 2795 5667 cap.
2818 5596 2910 5655 20.

2296 5663 2347 5734 (e
2410 5665 2529 5721 Lib.
2564 5682 2637 5734 vr,
2671 5683 2793 5734 cap.
2820 5669 2910 5725 25.

2296 5663 2370 5739 (e)
2410 5665 2529 5721 Lib.
2564 5682 2637 5735 vr,
2671 5663 2793 5739 cap.
2820 5669 2913 5725 25.

2290 5733 2360 5811 (I')
2399 5738 2567 5797 Couc.
2597 5733 2896 5799 Venfedit.
2922 5750 3055 5802 tom.
3090 5742 3178 5818 lll,
3209 5760 3266 5819 p.
3302 5744 3460 5805 l27l.
