3998 6350
156 333 262 388 177

1519 323 2057 383 PROLEGOMENA.

3363 323 3470 383 H8

156 448 309 518 piat,
342 460 471 503 cum
499 446 679 519 potius
708 447 850 512 sint,
883 461 1002 517 qua:
1035 444 1086 499 in
1115 456 1181 501 eo
1215 440 1579 513 reprehendat
1624 457 1761 497 non-
1791 448 1841 508 Α
1871 441 2262 512 impudentiam
2286 441 2352 499 iis
2375 449 2559 498 notam
2592 441 2812 509 laceret,
2839 440 2977 498 alter
2998 448 3057 497 ut
3079 454 3174 498 eos
3200 440 3469 510 laudaret,

156 542 320 597 nullis
354 542 514 598 lectis
558 543 723 611 ipsius
771 541 923 596 libris
950 541 1051 611 (a).
1085 538 1283 594 Contra
1313 552 1441 592 vero
1481 537 1766 605 Apollina-

155 637 296 694 rium
345 652 448 706 pro
477 635 733 692 haeretico
754 677 768 701 ,
804 635 1149 704 projectoqne
1193 632 1382 686 habuit
1412 630 1478 685 ab
1506 630 1766 687 Ecclesia:

153 746 414 802 corpore,
444 732 626 786 statim
653 745 715 786 ac
744 731 1044 785 Dorotheus
1072 729 1137 782 ab
1171 727 1311 784 Urbe
1343 726 1522 793 rediit,
1557 727 1766 781 attulit-

151 839 262 896 que
287 824 608 896 synodicam
638 824 781 878 illam
827 822 1035 876 Damasi
1058 820 1368 891 epistolam.
1398 819 1597 875 Scribit
1618 819 1764 874 enim

151 919 220 974 ad
254 908 580 991 Eulogium,
612 916 977 973 Alexandrum
1018 926 1071 970 et
1116 913 1622 986 Harpocrationem,
1672 929 1767 969 ex-

152 1014 304 1070 sules
335 1028 439 1083 pro
467 1012 571 1067 ﬁde
617 1011 937 1081 episcopos,
967 1008 1034 1064 de
1060 1009 1255 1079 quibus
1300 1009 1406 1062 alio
1436 1008 1555 1062 loco
1586 1017 1762 1062 actum

153 1125 181 1162 a
211 1107 372 1164 nobis
395 1115 498 1173 est,
535 1120 737 1176 eosque
765 1103 966 1172 laudat,
997 1103 1139 1173 quod
1171 1100 1502 1172 Apollinaris
1524 1114 1765 1154 comnm-

153 1202 376 1256 nionem
412 1199 711 1269 rejeceranl
735 1239 749 1262 ,
778 1206 940 1266 atque
978 1196 1246 1261 hortatur,
1290 1204 1344 1247 ut
1371 1210 1486 1247 eum
1519 1204 1764 1248 conentur

154 1297 220 1349 ad
250 1296 375 1348 bene
405 1292 742 1347 constitutum
776 1288 1022 1344 Ecclesia:
1049 1289 1282 1342 ordinem
1312 1289 1582 1351 reducere,
1622 1287 1766 1356 eique

156 1390 356 1461 fortiter
374 1397 527 1442 recta
557 1386 680 1454 ﬁdei
706 1384 949 1456 dogmata
981 1391 1270 1454 praponant
1292 1423 1306 1447 ,
1347 1391 1401 1435 ut
1433 1382 1574 1436 illius
1593 1397 1765 1434 emen-

159 1484 300 1538 datio
331 1482 609 1552 manifcsta
645 1481 768 1549 ﬁat,
801 1497 861 1533 ac
901 1478 1146 1547 fratribus
1176 1479 1456 1532 innotescat
1487 1478 1630 1532 illius
1660 1493 1765 1547 pae-

159 1577 375 1630 nitentia
402 1574 498 1645 (b).
529 1571 636 1627 Cur
664 1587 794 1627 vero
835 1571 941 1626 alia
968 1571 1036 1627 de
1062 1569 1396 1640 Apollinario
1436 1577 1561 1623 ante
1591 1569 1763 1623 Doro-

164 1670 272 1727 thei
303 1671 428 1735 iter,
459 1667 563 1723 alia
594 1681 724 1722 vero
756 1677 876 1736 post
909 1665 1025 1735 ejus
1069 1665 1301 1721 reditum
1345 1664 1546 1719 Basilio
1575 1679 1760 1731 mens,

169 1765 464 1835 agendique
508 1763 645 1818 ratio
691 1760 860 1816 fuisse
890 1762 1096 1831 potuit,
1145 1775 1302 1831 quam
1335 1761 1456 1831 quia
1491 1767 1611 1829 post
1639 1775 1760 1815 eam

1871 537 2014 608 quod
2042 551 2231 592 eorum
2257 538 2691 592 communionem
2721 545 2906 606 aperte
2929 535 3249 606 rejecerant.

1944 631 2006 685 V.
2043 632 2249 686 Praeter
2277 633 2413 696 hate,
2444 647 2563 699 quat
2592 629 2823 686 feliciter
2877 628 3123 685 confecta
3168 629 3320 698 vidit,
3367 629 3473 686 Do-

1870 724 2120 779 rotheum
2149 741 2253 778 non
2287 724 2592 794 neglexisse
2619 724 2860 794 episcopi
2889 725 2970 779 sui
3005 723 3202 779 Meletii
3222 738 3468 794 causam,

1872 825 1983 871 tum
2016 816 2314 872 verisimile
2344 829 2449 883 est,
2480 826 2591 871 tum
2615 817 2845 872 Basilius
2874 818 3061 888 probat
3093 818 3148 873 in
3181 819 3368 874 eadem
3400 817 3468 874 ad

1869 913 2084 967 Petrum
2113 912 2536 967 Alexandrinum
2565 912 2817 982 epistola,
2844 914 2974 983 quin
3010 914 3196 982 potius
3228 930 3348 969 eam
3375 928 3469 970 ve-

1871 1007 2217 1071 hementiori,
2251 1022 2410 1077 quam
2435 1006 2574 1061 forte
2605 1021 2699 1076 par
2726 1017 2842 1061 erat
2871 1048 2884 1070 ,
2937 1008 3116 1062 studio
3155 1008 3223 1062 ab
3262 1023 3328 1062 eo
3358 1015 3469 1061 tra-

1867 1110 2067 1156 ctatam
2099 1100 2360 1157 discimus
2383 1117 2450 1156 ex
2480 1102 2563 1156 his
2602 1100 2844 1170 ejusdem
2873 1100 3054 1156 Basilii
3086 1101 3265 1157 verbis
3295 1120 3306 1154 :
3354 1100 3470 1157 Nos

1867 1204 2038 1250 autem
2066 1197 2118 1248 in
2148 1197 2411 1250 tristitiam
2452 1195 2668 1266 conjecit
2713 1195 2874 1264 frater
2927 1204 3097 1249 noster
3148 1194 3466 1263 Dorotlteus,

1867 1291 2004 1360 quod
2032 1301 2086 1344 ut
2114 1291 2224 1361 ipse
2250 1291 2524 1360 scripsisti,
2555 1305 2661 1343 non
2689 1290 2861 1343 omnia
2892 1290 3070 1363 leniter
3106 1300 3153 1343 et
3206 1299 3469 1344 mansuete

1867 1386 2054 1441 dixerit
2079 1386 2319 1457 dignitati
2349 1396 2469 1440 tute.
2526 1383 2583 1439 Is
2627 1400 2858 1439 reversus
2879 1384 3002 1437 mihi
3043 1385 3292 1450 narravit,
3344 1399 3471 1454 quos

1866 1473 2041 1533 corant
2067 1477 2296 1532 Damaso
2349 1477 2778 1533 reverendissimo
2813 1477 3051 1548 episcopo
3074 1492 3188 1529 cum
3215 1487 3303 1530 tua
3336 1491 3471 1545 prte-

1865 1575 2057 1626 stantia
2078 1589 2356 1638 sermones,
2393 1572 2792 1643 disputationes,
2821 1569 3097 1635 habuisset,
3135 1586 3195 1624 ac
3237 1570 3468 1624 dolorem

1867 1668 1993 1720 milii
2014 1666 2282 1734 afferebat,
2311 1683 2430 1720 cum
2460 1666 2647 1719 diceret
2677 1674 2974 1718 numeratos
3003 1663 3057 1715 in
3075 1661 3280 1716 Arionis
3308 1662 3469 1732 fuisse

1866 1763 2280 1833 religiosissimos
2309 1767 2499 1828 fratres
2521 1760 2898 1814 comntiuistros
2947 1766 3149 1811 nostros
3201 1755 3468 1810 Meletium

177 1856 434 1930 synodum
475 1856 648 1911 nullus
688 1863 973 1924 supererat
1016 1853 1083 1910 de
1128 1853 1370 1924 ejusdem
1416 1852 1765 1910 damnatione
1795 1855 1841 1916 B
1871 1869 1916 1911 et
1943 1855 2244 1910 Eusebium.
2279 1855 2442 1910 Forte
2474 1855 2651 1925 itaque
2682 1869 2805 1910 cum
2841 1853 3143 1907 Dorothens
3168 1850 3468 1905 vehemen-

180 1951 478 2022 ambigendi
499 1950 679 2006 locus?

250 2045 385 2103 Huic
404 2048 574 2115 itaque
595 2045 826 2102 concilio
850 2055 1045 2116 praeter
1067 2045 1287 2101 Petrum
1315 2045 1759 2112 Alexandrinum,

177 2155 238 2195 ac
283 2139 603 2195 Dorotlteum
653 2141 1025 2212 presbyterum
1069 2138 1423 2194 Orientalium
1472 2143 1758 2210 episcopo-

171 2246 286 2286 rum
319 2231 533 2285 nontine
563 2240 808 2300 agentem
829 2272 842 2298 ,
877 2230 1194 2286 Timotheus
1222 2230 1461 2286 adfuisse
1487 2231 1676 2286 debuit
1698 2247 1765 2287 eo

169 2326 394 2390 missus,
442 2335 497 2380 ut
531 2325 859 2396 Apollinaris
889 2341 1105 2381 causam
1143 2335 1384 2381 tueretur
1417 2324 1512 2398 (c).
1561 2327 1630 2380 At
1675 2323 1764 2380 hic

169 2418 327 2474 etiam
361 2435 482 2474 cum
516 2421 772 2490 magistro
802 2435 900 2473 suo
947 2420 1267 2487 damnatus,
1312 2428 1370 2473 ut
1401 2420 1453 2473 itt
1484 2419 1760 2475 Orientem

169 2511 344 2579 rediit,
377 2512 725 2567 simulatione
766 2513 911 2566 omni
953 2513 1220 2583 deposita,
1245 2512 1296 2566 in
1325 2522 1569 2582 apertum
1601 2512 1764 2567 furto-

168 2621 388 2678 sumque
404 2605 642 2661 schisma
665 2607 926 2676 prorupit.
944 2622 1006 2661 ac
1028 2607 1244 2662 Petrum
1265 2606 1512 2662 eumdem
1531 2606 1764 2662 Alexan-

168 2698 406 2765 drinum,
439 2699 695 2753 Basiliam
722 2709 1016 2769 praeterea,
1049 2699 1410 2771 Epiphanium
1433 2743 1449 2768 ,
1494 2716 1558 2756 ac
1585 2701 1764 2756 Pauli—

169 2807 288 2845 num
321 2791 762 2847 anathematizare
799 2807 960 2846 ausus
989 2801 1107 2859 est,
1140 2792 1275 2847 alios
1317 2794 1526 2848 scilicet
1568 2803 1623 2848 ut
1665 2793 1764 2850 Sa-

169 2883 455 2952 bellianOs,
503 2884 638 2940 alios
677 2900 855 2940 autem
902 2895 961 2940 ut
1003 2885 1325 2951 Tritheitas,
1369 2896 1426 2941 ut
1469 2903 1569 2958 ego
1612 2897 1760 2958 puto,

168 2992 284 3034 cum
317 2979 714 3050 Apollinariani
755 2981 823 3036 de
854 2991 998 3036 recta
1032 2995 1145 3052 pra:
1175 2983 1388 3036 caeteris
1422 2983 1472 3036 in
1503 2983 1764 3037 Trinitate

171 3070 273 3128 fide
301 3088 423 3130 sese
448 3073 733 3141 eﬂ'errent,
758 3085 919 3145 atque
948 3076 1049 3130 alia
1093 3076 1237 3130 ttulla
1271 3075 1563 3144 excogitari
1594 3077 1766 3146 possit

168 3179 345 3231 causa,
374 3181 474 3221 cur
497 3166 643 3221 viros
667 3165 788 3222 illos
811 3167 1185 3222 sanctissimos
1206 3177 1365 3237 atque
1389 3169 1765 3238 integerrimas

1869 1949 1972 2004 tior
1993 1959 2159 2013 esset,
2187 1964 2344 2019 quam
2376 1948 2694 2010 deceret.ac
2721 1945 2918 2001 Meletii
2950 1960 3058 2014 pra:
3086 1942 3295 1998 Paulini
3321 1956 3475 1998 com-

1867 2046 2176 2100 munionem
2234 2043 2571 2099 retinendam
2627 2041 3024 2106 contenderet,
3092 2037 3326 2103 Petrus,
3376 2034 3472 2107 qui

1866 2138 2147 2194 Athanasii
2175 2138 2414 2208 vestigiis
2442 2137 2711 2192 inhatrens
2737 2152 2766 2190 a
2799 2135 3020 2190 Paulino
3050 2132 3249 2199 stabat,
3302 2141 3361 2186 ut
3383 2130 3468 2186 di-

1867 2232 2159 2301 Sputatoris
2187 2231 2582 2287 vehementiam
2631 2229 2966 2297 retunderet,
3019 2227 3223 2298 objecit
3271 2228 3467 2283 iterum

1869 2336 1978 2382 tum
2009 2335 2273 2381 retentam
2306 2341 2334 2380 a
2362 2325 2578 2380 Meletio
2605 2336 2658 2380 et
2687 2323 2922 2380 Eusebio
2954 2338 3076 2378 cum
3119 2321 3337 2386 Acacio,
3379 2329 3465 2376 at-

1866 2436 1971 2491 que
2001 2420 2215 2474 Arianis
2265 2422 2610 2485 societatem;
2658 2425 2769 2472 tum
2817 2425 3096 2486 pra'terea,
3144 2414 3288 2485 quod
3341 2429 3464 2468 cum

1867 2514 2206 2570 hommusion
2235 2514 2576 2584 praeferrent,
2611 2513 2678 2567 ab
2708 2512 2990 2567 homousio
3032 2509 3288 2566 recedere
3313 2507 3470 2563 vide-

1867 2620 2077 2673 rentur,
2106 2617 2268 2676 atque
2291 2607 2356 2662 ad
2385 2608 2616 2662 Arianos
2640 2607 2786 2679 ipsos
2837 2605 3089 2660 transire.
3146 2604 3273 2659 Haec
3320 2606 3468 2658 enim
3558 2631 3563 2635 -

1867 2718 1986 2774 qute
2011 2712 2138 2757 tunc
2166 2702 2393 2757 invaluit
2431 2701 2688 2772 SIISpiCiO,
2721 2701 2979 2771 deinceps
3009 2699 3167 2754 etiam
3219 2697 3309 2753 diu
3337 2713 3467 2767 per-

1868 2799 2052 2854 multis
2083 2799 2342 2864 ltaesit,ac
2366 2799 2752 2871 Hieronymum
2784 2798 3014 2859 induxit.
3038 2808 3093 2852 ut
3128 2797 3180 2852 in
3194 2795 3468 2853 Chronico

1868 2892 2152 2959 scriberet,
2180 2890 2535 2957 Meletium,in
2559 2891 2894 2948 Antiocltena
2920 2890 3151 2961 synodo,
3176 2890 3466 2956 homonsio,

1867 3002 2197 3055 anomaeoque
2245 2989 2458 3059 rejecto,
2505 2983 2729 3038 medium
2787 2985 2919 3040 inter
2970 2986 3079 3037 ha’c
3132 2983 3470 3046 ltontteusiou,

1870 3077 2304 3134 Macedonianum
2333 3079 2520 3152 dogma
2549 3079 2882 3133 vindicavisse
2911 3095 2929 3132 :
2983 3092 3046 3132 ac
3072 3091 3288 3132 causam
3319 3073 3473 3129 dedit

1871 3171 2008 3228 libro
2031 3173 2169 3227 inter
2199 3172 2476 3226 Athanasii
2509 3187 2670 3241 opera
2706 3174 2990 3240 impresso,
3037 3169 3126 3241 qui
3157 3166 3470 3223 inscribitur

169 3264 646 3318 excomtnunicare
690 3278 857 3318 ausus
903 3263 1085 3319 fuerit.
1134 3263 1305 3333 Hujus
1352 3265 1429 3319 rei
1480 3265 1633 3319 testis
1682 3256 1838 3321 estC
1873 3263 2137 3336 Refutatio
2178 3263 2466 3334 hypocrisis
2519 3262 2736 3326 Meletii,
2766 3273 2816 3317 et
2869 3261 3078 3316 Eusebii
3114 3257 3465 3325 Samosateni,

169 3353 352 3410 Petrus
390 3357 512 3427 ipse
553 3355 606 3411 in
639 3357 862 3427 epistola
895 3358 964 3410 ad
1003 3359 1297 3429 episcOpos,
1333 3360 1682 3430 presbyteros,
1719 3372 1766 3415 et

171 3448 403 3504 diaconos
443 3465 543 3522 pro
591 3467 705 3504 vera
753 3451 854 3519 ﬁde
897 3451 950 3505 in
997 3451 1178 3505 exsilio
1227 3454 1558 3520 constitutos,
1615 3454 1767 3524 cujus

172 3538 527 3612 fragmentum
575 3542 862 3599 Facuttdus
894 3544 976 3616 (d)
1024 3544 1235 3600 recitat.
1285 3548 1368 3599 An
1412 3562 1541 3602 vero
1584 3546 1768 3601 Timo-

170 3635 319 3692 theus
345 3638 395 3692 id
422 3637 652 3693 sceleris
681 3653 845 3694 ausus
870 3639 972 3703 sit,
1009 3649 1289 3710 postquam
1315 3640 1455 3694 idem
1486 3641 1676 3695 Petrus
1697 3641 1764 3696 ad

171 3729 461 3785 Ecclesiam
494 3745 648 3786 suam
682 3746 937 3787 reversus
980 3730 1183 3798 fuerat,
1227 3746 1293 3786 an
1338 3747 1468 3788 vero
1496 3748 1618 3787 cum
1652 3749 1766 3787 mo-

170 3839 275 3878 ram
309 3825 500 3880 Romae
526 3825 703 3880 adhuc
737 3828 1006 3892 traheret,
1055 3827 1218 3880 statui
1248 3840 1351 3880 non
1382 3835 1579 3894 potest.
1610 3827 1765 3894 Quod

169 3917 419 3976 aflirmari
467 3936 498 3975 a
529 3936 615 3976 me
642 3935 801 3990 posse
833 3929 983 3990 puto,
1015 3920 1140 3974 illud
1185 3929 1302 3987 est,
1349 3919 1449 3974 hoc
1479 3921 1763 3989 accidisse,

170 4022 446 4080 postquam
479 4011 814 4081 Epiphanius
836 4027 959 4066 cum
997 4011 1152 4066 Vitali
1180 4012 1482 4066 Antiochiae
1510 4027 1767 4083 congres-

170 4116 257 4156 sus
287 4103 486 4172 fuerat,
520 4104 587 4158 ab
623 4119 799 4175 eoque
831 4105 1216 4175 Apolliuarista
1247 4106 1462 4160 detecto
1483 4148 1496 4173 ,
1530 4122 1650 4162 sese
1680 4122 1767 4162 se-

171 4208 478 4266 paraverat,
512 4213 574 4252 ac
605 4210 884 4270 postquam
917 4199 1146 4253 Basilius
1185 4200 1251 4252 ad
1283 4200 1468 4255 sedem
1511 4202 1767 4270 apostoli-

171 4303 282 4343 cam
311 4292 708 4361 Apollinariunt
737 4292 1024 4358 detulerat,
1051 4293 1402 4363 damnarique
1424 4294 1762 4350 obtinuerat:

175 4397 341 4452 neque
371 4385 518 4438 enim
547 4394 664 4439 erat
691 4377 850 4440 causa
871 4428 884 4450 ,
928 4400 1026 4440 cur
1054 4387 1116 4440 iis
1143 4399 1270 4440 ante
1302 4386 1403 4440 hoc
1434 4396 1645 4456 tempus
1675 4403 1768 4442 ve-

176 4489 331 4529 sanus
361 4477 524 4531 homo
555 4479 840 4533 anathenta
863 4479 1069 4533 diceret
1100 4496 1114 4532 :
1147 4479 1358 4533 videtur
1389 4489 1569 4534 tamen
1601 4495 1764 4535 vero-

177 4566 396 4622 similius
417 4611 432 4633 ,
481 4568 595 4625 hate
625 4586 653 4624 a
683 4570 968 4625 Timotheo
999 4581 1304 4641 perpetrata
1352 4570 1580 4640 flagitia,
1619 4582 1767 4643 post-

1869 3367 1916 3411 et
1942 3357 2197 3410 sociorum
2217 3359 2461 3410 adversus
2490 3354 3105 3410 Consubstantialitatem.

1940 3453 2010 3509 At
2034 3453 2296 3506 Damasus
2323 3466 2408 3518 ea,
2437 3467 2538 3522 qua
2565 3449 2822 3519 praeditus
2849 3458 2965 3503 erat
2991 3446 3275 3517 sapientia,
3305 3454 3469 3515 atque

1867 3544 2032 3598 animi
2062 3544 2391 3610 constantia,
2446 3543 2577 3597 nihil
2623 3542 2860 3596 decessit
2904 3556 2932 3594 a
2984 3549 3246 3610 concepta
3297 3537 3469 3593 semel

1869 3639 2201 3710 definitaque
2221 3639 2516 3693 sententia.
2534 3636 2720 3705 Neque
2751 3637 2895 3692 enim
2909 3634 3289 3691 ecclesiasticae
3308 3632 3469 3687 disci-

1869 3734 2030 3805 plina:
2051 3734 2188 3788 ratio
2205 3734 2525 3803 patiebatur,
2545 3729 2988 3797 ut'Paulinus,qui
3007 3728 3238 3800 legitime
3251 3727 3471 3781 ordina-

1870 3837 1958 3884 tus
1975 3828 2237 3893 fuerat,ac
2253 3827 2398 3882 nulla
2414 3842 2649 3897 unquam
2671 3821 3471 3887 hiereticorum,contmunione

1870 3936 1929 3976 se
1962 3922 2251 3991 polluerat,
2271 3921 2359 3992 qui
2388 3935 2585 3990 magno
2610 3921 2790 3974 animo
2813 3932 3114 3989 magnaque
3140 3913 3468 3980 constantia,

1869 4029 2046 4083 neque
2077 4012 2341 4075 Valentis,
2375 4028 2547 4083 neque
2576 4013 2900 4067 Arianorum
2934 4011 3095 4066 minis
3120 4010 3466 4080 perterritus,

1869 4109 2193 4164 catholicam
2248 4107 2408 4163 fidem
2463 4108 2636 4177 palam
2697 4108 2973 4175 professus
3032 4106 3234 4172 fuerat,
3309 4120 3470 4174 quem

1871 4203 2230 4274 Hieronymus
2258 4203 2620 4267 confessorem,
2651 4199 2875 4254 Rufinus
2915 4199 3080 4253 virum
3123 4207 3376 4263 sanctum,
3409 4213 3473 4250 ac

1871 4313 1963 4363 per
1990 4298 2162 4350 omnia
2193 4295 2478 4349 sacerdotio
2510 4295 2721 4365 dignum
2751 4292 3010 4363 appellat,
3063 4291 3474 4360 postltalterctur

1870 4391 2108 4458 Meletio,
2135 4392 2223 4460 qui
2250 4388 2642 4444 Antiochenam
2669 4386 2966 4440 Ecclesiam
2994 4385 3158 4440 veluti
3190 4383 3469 4454 pratmium

1870 4484 2114 4541 criminis
2140 4484 2470 4547 obtinuerat,
2499 4495 2826 4551 quamquam
2871 4495 3058 4534 eorum
3104 4477 3349 4534 societati
3385 4491 3475 4532 re-

1871 4577 2192 4632 nuntiasset.
2219 4573 2420 4630 Contra
2445 4589 2594 4635 vero,
2616 4585 2776 4644 atque
2801 4573 2872 4628 ob
2899 4572 3038 4627 hanc
3065 4587 3306 4636 causam,
3329 4567 3478 4640 quod

179 4673 328 4727 quam
372 4663 566 4717 Petrus
601 4662 980 4719 Alexandriam
1026 4678 1274 4718 reversus
1304 4663 1600 4720 Romanam
1629 4665 1768 4722 hanc
1791 4647 1845 4709 Ῑ)
1874 4672 2004 4728 Ario
2031 4668 2318 4724 anathema
2350 4668 2595 4732 dixisset,
2626 4681 2691 4722 ac
2722 4680 2820 4736 pro
2843 4681 2967 4720 vera
3021 4664 3125 4719 fide
3165 4662 3318 4720 exsul
3345 4673 3472 4716 tunc

181 4754 435 4821 synodum
455 4797 469 4820 ,
518 4765 573 4810 ut
602 4755 825 4812 Ruﬁnus
855 4759 960 4822 ait,
995 4759 1385 4823 conﬁrmaverat
1405 4801 1420 4825 ,
1472 4774 1769 4831 eorumque

184 4844 556 4905 haereticorum
605 4851 1008 4906 damnationem
1059 4852 1332 4922 episcOpis
1382 4863 1437 4907 et
1501 4853 1762 4910 Ecclesiis

183 4941 276 4993 sub
299 4956 356 4996 se
384 4944 574 5013 positis
601 4944 1032 5000 dcuuntiaverat.
1070 4946 1434 5015 Apollinarius
1461 4950 1604 5002 enim
1628 4949 1772 5020 ejus-

183 5047 281 5102 que
309 5037 531 5092 asseclze
550 5081 564 5105 ,
599 5048 725 5094 tunc
753 5054 999 5108 quierere
1026 5039 1114 5108 qui
1143 5039 1244 5094 sibi
1285 5042 1768 5109 communicarent,

185 5139 360 5184 contra
415 5132 684 5203 pratcipua
733 5133 1120 5188 catholicorum
1170 5135 1546 5203 episcoporum
1597 5137 1771 5205 capita

185 5221 473 5277 calumnias
501 5241 700 5291 serere,
737 5241 800 5282 ac
826 5227 1197 5282 dissensiones
1227 5227 1445 5298 ubique,
1475 5239 1528 5283 et
1554 5229 1773 5286 scissio—

187 5327 276 5368 nes
304 5315 658 5374 Ecclesiarum
691 5321 928 5375 excitare
967 5329 1275 5390 coeperunt,
1311 5335 1374 5374 ac
1402 5320 1604 5375 nefaria
1627 5337 1775 5391 quae-

189 5420 304 5475 que,
330 5410 530 5479 pudore
559 5413 706 5468 omni
729 5414 997 5485 deposito,
1042 5413 1265 5468 audere.
1298 5414 1433 5469 Hinc
1474 5415 1674 5486 quippe
1701 5416 1778 5471 fa-

191 5510 361 5570 ctum,
403 5515 461 5560 ut
501 5508 640 5564 idetn
683 5509 908 5575 Petrus,
941 5519 995 5566 et
1025 5509 1291 5575 Basilius,
1326 5526 1434 5565 uno
1477 5511 1776 5583 eodemque

195 5605 429 5666 tempore
457 5602 642 5658 iisdem
676 5605 933 5659 exsulibus
975 5603 1230 5674 episcopis
1273 5604 1600 5669 scriberent,
1639 5605 1777 5662 alter

196 5698 252 5744 ut
276 5707 536 5750 summam
585 5696 854 5752 Timothei
899 5698 1238 5766 aliorumque
1268 5697 1771 5766 Apollinaristarum

263 5810 340 5883 (ᾳ)
376 5810 548 5883 Epist.
577 5815 704 5883 2M,
729 5815 860 5871 alias
889 5815 982 5871 82.

266 5880 345 5949 (δ)
380 5880 550 5954 Epist.
573 5880 699 5956 265,
721 5895 878 5944 antea
900 5885 1027 5944 293.

1872 4777 2036 4828 esset.
2056 4783 2174 4839 qua:
2202 4782 2231 4820 a
2259 4766 2417 4820 Petro
2448 4763 2817 4820 Alexandrino
2842 4771 2967 4815 tunc
2992 4761 3127 4815 forte
3158 4760 3320 4814 illata:
3348 4763 3477 4811 sunt

1871 4869 2089 4914 veteres
2117 4858 2547 4921 criminatioiies,
2593 4854 2816 4909 minime
2843 4853 3161 4917 effecerunt,
3215 4851 3341 4921 quin
3371 4849 3474 4901 Da-

1876 4967 2059 5008 masus
2086 4968 2209 5007 cum
2241 4950 2464 5014 Basilio,
2493 4949 2718 5018 aliisque
2749 4946 2946 5001 Meletii
2987 4956 3040 5000 et
3080 4941 3298 5000 Eusebii
3324 4954 3475 4995 com-

1877 5043 2301 5100 municatoribus
2351 5040 2664 5095 societatem
2711 5052 2988 5093 sacrorum
3049 5050 3291 5096 servans,
3348 5046 3476 5085 cum

1874 5138 2066 5196 eodem
2118 5138 2281 5192 etiam
2329 5134 2544 5189 Meletio
2597 5131 3034 5186 communionem
3089 5124 3474 5197 mysteriorum

1878 5245 2158 5287 sacrorum
2193 5228 2471 5283 retineret.
2503 5224 2639 5281 Hinc
2677 5225 3005 5278 Dorotlieum
3049 5220 3226 5290 ipsum
3252 5223 3308 5270 et
3350 5229 3475 5269 san-

1879 5326 2175 5381 ctissimum
2199 5321 2602 5378 Meletianarum
2652 5321 2881 5390 partium
2914 5313 3258 5385 presbyteros
3305 5308 3479 5363 semel

1883 5421 2188 5485 iterumque
2226 5416 2294 5472 ad
2319 5432 2379 5472 se
2402 5417 2598 5471 missos
2655 5408 3060 5483 perhumaniter
3107 5404 3364 5472 suscepit,
3413 5415 3481 5457 ac

1884 5514 1950 5569 ad
1973 5528 2128 5570 sacra
2155 5511 2337 5566 omnia
2364 5510 2602 5564 admisit.
2639 5505 2862 5560 Habitus
2887 5501 3065 5568 itaque
3091 5496 3335 5551 Meletius
3380 5509 3482 5564 pro

1883 5610 2153 5665 catholico
2183 5609 2440 5678 episcopo
2468 5605 2588 5670 fuit,
2620 5610 2676 5655 at
2729 5597 2949 5652 minime
2999 5607 3118 5646 cum
3150 5604 3217 5644 eo
3248 5591 3379 5645 inita
3425 5599 3484 5646 et

1884 5711 2094 5758 retenta
2118 5709 2264 5756 arcta
2297 5699 2385 5754 illa
2400 5691 2730 5768 conjunctio,
2749 5701 2814 5742 ac
2838 5684 3073 5742 fraterna
3095 5682 3351 5752 Charitas,
3374 5696 3482 5752 qua

1951 5819 2028 5890 (ε)
2067 5816 2191 5890 _V_i_d-
2217 5830 2336 5886 εει)-
2365 5815 2456 5870 92-

1958 5885 2039 5962 (ἁ)
2066 5887 2185 5942 Lib.
2220 5885 2294 5954 tv,
2325 5901 2442 5956 cap.
2469 5885 2523 5939 2.
