3998 6350
499 287 644 382 ’179

1703 312 2019 372 SANCTUS
2061 309 2386 370 DAHASUS
2424 309 2622 368 PAPA.

3717 307 3800 366 Illo

542 437 880 504 fruebantur,
910 435 1001 506 qui
1030 433 1181 504 plena
1203 431 1433 488 Romani
1455 432 1698 502 episcopi
1743 431 2128 486 communione
2151 430 2208 494 Α
2233 431 2317 486 sio
2347 429 2652 499 postulans
2707 436 2767 482 ut
2796 429 2862 484 ad
2897 427 3183 482 Damasum
3211 426 3328 497 ipse
3355 424 3647 489 scriberet,
3681 438 3803 495 peie-

543 532 768 588 minime
787 527 1077 592 carebant,
1105 536 1268 595 atque
1309 524 1426 581 huic
1473 539 1594 582 cum
1637 524 1896 582 Flaviano
1935 522 2135 578 Mcletii

541 639 856 682 successore
908 619 1097 692 agendi
1147 619 1288 674 ratio
1334 634 1366 674 a
1415 619 1544 674 sede
1585 617 1883 688 apostolica
1935 614 2135 671 deinde

543 718 709 776 etiam
741 725 948 772 servata
973 722 1086 779 est,
1137 711 1314 766 donec
1339 725 1462 766 cum
1491 724 1683 766 eorum
1730 709 1929 775 altero,
1991 715 2137 764 tran-
2177 738 2182 744 -

545 809 808 876 sactione,
864 807 931 864 de
981 821 1085 877 qua
1130 804 1328 862 redibit
1370 819 1574 869 sermo,
1622 817 1744 858 cum
1786 801 1960 856 altero
2008 813 2139 856 vero

543 904 844 975 Theophila
859 900 1263 967 Alexandrino,
1296 908 1351 956 et
1400 897 1789 970 Chrysostomo
1828 895 2138 952 conciliato-

542 1001 716 1064 ribus,
738 997 1110 1054 controversia
1142 994 1303 1050 linem
1341 992 1547 1048 habuit.
1593 992 1731 1048 Hinc
1779 1005 1908 1046 vero
1953 990 2139 1060 liquet,

542 1105 707 1164 quam
734 1089 909 1144 fallaci
954 1087 1302 1159 captiosaque
1338 1085 1550 1142 ratione
1592 1094 1812 1140 utantur
1859 1083 2139 1153 Dupinius,

543 1183 744 1255 aliique
773 1181 893 1254 ejus
921 1179 1119 1251 ingenii
1153 1179 1421 1244 homines,
1449 1179 1540 1249 qui
1572 1177 1676 1234 hoc
1701 1175 1900 1232 Meletii
1939 1186 1992 1232 et
2019 1175 2145 1234 Fla-

542 1276 689 1334 viani
717 1274 970 1344 exemplo
998 1271 1315 1338 abutuntur,
1350 1271 1673 1342 utprohent,
1703 1270 1755 1326 in
1780 1269 2025 1347 Ecclesia
2054 1284 2160 1344 ca-_

440 1384 442 1386 '
545 1367 743 1424 tholica
775 1381 897 1422 esse
949 1379 1109 1430 posse
1157 1363 1486 1436 aliquando,
1545 1364 1636 1433 qui
1684 1372 1834 1418 extra
1883 1362 2146 1418 Romana:

545 1459 808 1516 Ecclesiae
831 1455 1271 1514 communionem
1292 1455 1379 1512 sit.
1409 1454 1541 1524 Qua:
1585 1455 1728 1512 enim
1776 1470 1901 1510 cum
1930 1453 2147 1509 Meletio

545 1562 602 1610 et
629 1551 886 1608 Flaviano
911 1564 1020 1608 non
1049 1547 1349 1604 habebatur
1377 1549 1708 1616 communio,
1739 1565 1844 1604 non
1867 1562 1932 1604 ea
1961 1562 2150 1604 sacro-

545 1663 672 1705 rum
698 1643 1080 1718 mysteriorum
1094 1643 1323 1716 privatio
1345 1641 1466 1710 luit,
1495 1641 1589 1698 sed
1619 1653 1783 1698 arcta:
1802 1641 1948 1698 illius
1969 1641 2148 1698 eccle-

548 1741 785 1798 siastica:
827 1738 1104 1796 societatis
1132 1747 1186 1796 et
1212 1737 1716 1804 conlmderatlonis,
1767 1751 1889 1808 qua:
1917 1737 2148 1808 presby-

553 1841 672 1890 tero
699 1847 822 1888 cum
845 1846 946 1888 suo
973 1829 1252 1901 episcOpo,
1280 1830 1538 1900 episeopo
1569 1843 1691 1884 cum
1715 1843 1828 1882 suae
1857 1827 2149 1898 provincia:

555 1927 861 1998 episcopis,
887 1941 952 1984 ac
965 1941 1086 1982 cum
1117 1925 1361 1980 Romano
1390 1923 1730 1994 potissimum
1752 1920 2148 1986 intercedebat,

555 2021 846 2092 disjunctio
876 2037 887 2074 :
923 2019 1222 2091 cujusmodi
1250 2026 1397 2086 sunt,
1438 2030 1621 2074 mutua
1653 2017 1913 2085 visitatio,
1946 2015 2150 2072 forma-

557 2122 733 2168 tarum
783 2127 852 2170 ac
874 2111 1440 2170 commondatitiarum
1468 2109 1876 2178 commercium,
1917 2110 1968 2164 in
2017 2123 2154 2164 con-

557 2205 696 2281 ciliis
721 2220 1029 2273 consessus,
1062 2220 1128 2261 ac
1152 2205 1254 2260 alia
1285 2220 1407 2276 quae
1453 2203 1523 2259 ad
1563 2211 1845 2262 externam
1893 2200 2155 2258 Ecclesiae
2243 2223 2260 2234 ι

553 2300 797 2372 politiam
824 2301 1075 2366 attinent,
1122 2314 1185 2356 ac
1235 2299 1428 2372 quibus
1475 2312 1685 2368 carere,
1734 2297 2050 2368 gravissima
2089 2293 2158 2350 iis

558 2394 895 2466 temporibus
948 2409 1105 2466 pmna
1145 2391 1624 2464 reputabatur(a).
1684 2390 1799 2446 Hoc
1845 2390 1991 2446 enim
2048 2396 2156 2456 est,

557 2488 700 2562 quod
731 2489 1064 2547 Sozomenus
1097 2486 1171 2560 (ὁ)
1202 2487 1336 2543 scite
1363 2487 1586 2552 indicat,
1617 2501 1742 2540 cum
1770 2487 1846 2548 ait
1891 2482 2162 2538 Occiden-

555 2584 698 2640 tales
742 2583 812 2640 ob
869 2581 1115 2638 Flaviani
1170 2581 1342 2651 ipsius
1409 2579 1813 2636 ordinationem
1881 2593 1992 2633 non
2041 2591 2160 2632 me-

560 2673 822 2732 diocrlter
847 2673 1176 2745 indignatos,
1223 2672 1291 2726 ad
1339 2670 1627 2726 Paulinum
1675 2670 1879 2742 quidem
1907 2679 2166 2740 tamquam

2238 534 2428 594 reique
2475 531 2537 578 ut
2583 522 2816 594 Legatos
2869 525 2921 578 in
2973 521 3251 578 Orientem
3327 523 3596 577 mitteret.
3641 520 3806 586 Quinto

2237 618 2550 676 Occidentis
2577 619 2862 690 episcopos
2899 618 3137 688 acceptis
3167 616 3353 672 Basilii
3397 615 3625 677 litteris,
3679 613 3809 669 lele-

2243 714 2374 768 tium
2405 723 2593 768 contra
2625 713 2839 767 Damasi
2867 713 3193 766 sententiam
3233 709 3552 779 praetulisse
3595 705 3806 762 Paulino.

2241 807 2406 863 Sexto
2429 806 2804 878 presbyterum
2849 803 3253 860 sanctissimum
3297 803 3369 858 ab
3405 799 3812 858 Occidentalibus

2243 899 2460 964 iisdem,
2485 900 2538 953 in
2570 898 2848 954 Orientem
2876 913 2998 952 cum
3029 895 3231 954 Sabino
3253 895 3491 964 aliisque
3513 893 3812 963 aliquotcle-

2243 993 2375 1050 ricis
2395 994 2634 1065 legatum
2692 995 2936 1048 missum.
2989 992 3120 1047 Haec
3167 991 3312 1047 enim
3361 989 3582 1054 omnia,
3609 1002 3723 1057 qua
3745 986 3814 1042 ille
3903 986 3905 1056 Τ

2245 1087 2455 1153 scribit,
2487 1101 2647 1157 quam
2679 1085 2816 1141 falsa
2845 1085 2980 1152 sint,
3031 1093 3144 1139 tum
3187 1099 3256 1138 ex
3301 1081 3580 1138 recensita
3625 1094 3658 1134 α
3693 1078 3815 1134 nobis
3904 1105 3905 1126 χ

2247 1199 2428 1239 rerum
2479 1191 2752 1254 gestarum
2795 1181 2939 1236 serie
2987 1188 3222 1243 constat,
3275 1187 3388 1232 tum
3433 1184 3704 1247 praeterea
3745 1187 3816 1227 nos

2247 1275 2466 1340 docent,
2491 1291 2610 1344 quae
2635 1274 2894 1344 deinceps
2929 1272 3228 1343 indiligenti
3277 1271 3422 1335 huic,
3473 1266 3722 1323 mendaci
3772 1281 3816 1321 ac

2249 1369 2458 1425 insulso
2493 1369 2746 1439 scriptori
2773 1367 2838 1423 in
2864 1365 3080 1422 ceteris
3127 1364 3288 1420 etiam
3313 1360 3454 1418 lides
3495 1358 3692 1415 haberi
3724 1369 3819 1428 pos-

2283 1463 2344 1519 it.
2823 1461 2852 1486 ’θ

2251 1471 2344 1519 mo
2855 1553 3085 1611 CAPUT
3121 1551 3235 1608 Ill.

2252 1685 2592 1753 377,Duasr
2619 1683 2985 1751 lemurum
3013 1698 3136 1740 suo.
3167 1697 3222 1736 tv
3247 1697 3316 1737 B’l‘
3344 1679 3688 1736 Manutianae
3712 1688 3818 1730 coss.
3904 1679 3905 1720 θ

2178 1829 2227 1890 Β
2255 1801 2300 1859 1.
2345 1798 2652 1871 Hieronymi
2698 1798 2766 1854 ad
2818 1795 3098 1853 Damasum
3165 1797 3229 1852 de
3287 1795 3450 1849 tribus
3505 1791 3824 1862 hypastasilm

2327 1893 2557 1966 epistolae
2608 1901 2963 1964 exponuntur,
3020 1901 3065 1945 et
3104 1891 3448 1962 explicantur.
3502 1885 3822 1955 Disquiritur.

2328 2003 2565 2062 quietiam
2597 1985 2752 2056 fuerit
2799 2000 2888 2055 per
2918 1982 2974 2038 id
3002 1992 3228 2052 tempus,
3261 1997 3322 2034 ac
3367 1991 3624 2050 praeterea
3651 1978 3701 2029 in
3727 1974 3825 2030 Con-

2334 2078 2789 2147 stantirwpolitano
2856 2075 3075 2129 concilio
3145 2072 3561 2129 recrudescentis
3609 2072 3714 2143 ejus
3753 2066 3824 2120 litis

2333 2189 2514 2228 causa.
2544 2169 2608 2224 Il.
2639 2167 2856 2223 Damasi
2894 2167 2963 2221 ad
2997 2165 3374 2237 Hieronymum
3423 2154 3824 2232 rescriptumlll.

2337 2265 2559 2334 Antiqua
2604 2261 3026 2332 Hieronymianaz
3070 2259 3299 2332 epistola:
3334 2257 3489 2311 lectio
3539 2255 3766 2309 retinetur
3796 2259 3825 2304 et

2336 2357 2606 2412 asseritur.
2635 2351 2726 2409 IV.
2753 2354 2832 2407 An
2871 2351 3219 2423 Hieronymus
3255 2347 3474 2404 Vitalem
3508 2363 3608 2418 pro
3627 2343 3826 2400 catholico

2337 2447 2568 2504 habuerit
2593 2447 2617 2499 ξ’
2641 2444 2710 2499 ν.
2747 2444 2931 2500 Petrus
2964 2443 3179 2498 Damasi
3222 2441 3406 2497 litteris
3443 2439 3517 2494 ad
3561 2437 3723 2495 sedem
3755 2450 3826 2488 m-

2343 2544 2542 2607 titutus,
2576 2539 2948 2594 Alexandriam
2973 2536 3128 2592 redit.

2343 2681 2386 2736 ι.
2426 2679 2662 2736 Sanctus
2701 2679 3088 2750 Hieronymus,
3109 2674 3204 2746 qui
3232 2675 3299 2729 ad
3323 2671 3611 2729 Chalcidis
3635 2680 3827 2725 eretriam

562 2766 860 2838 episcopum
889 2763 1174 2820 Antiochia
1193 2762 1464 2818 consuetas
1492 2763 1758 2832 scripsisse
1803 2761 2072 2834 epistolas,
2099 2762 2167 2816 ad

2274 2787 2399 2831 ante
2420 2775 2659 2846 quinque
2695 2772 2916 2828 circiter
2943 2785 3120 2826 unitos
3149 2784 3272 2824 sese
3293 2775 3612 2836 receperat,
3637 2760 3830 2818 celebres

2277 2870 2381 2924 hoc
2409 2881 2552 2922 anno
2577 2867 2786 2921 litteras
2817 2865 3045 2920 Damaso
3063 2861 3283 2932 scripsit
3321 2859 3394 2933 (e)
3417 2900 3432 2924 ,
3461 2857 3667 2929 quibus
3689 2851 3829 2924 quatit
3904 2851 3905 2912 ἦ

566 2953 882 3026 disiunctio,
937 2970 1057 3025 qua:
1083 2952 1374 3026 aliquando
1425 2951 1586 3008 latius
1625 2951 2032 3023 porrigebatur,
2077 2950 2167 3006 ali-

2276 2978 2347 3018 an
2376 2972 2488 3017 tres
2519 2961 2570 3016 in
2605 2960 2716 3016 Deo
2745 2961 3066 3030 hypostases
3095 2955 3340 3011 dicende
3377 2954 3490 3008 sint
3519 2995 3537 3018 ,
3567 2961 3626 3007 et
3653 2959 3827 3020 quocum

563 2858 880 2916 Flavianum
908 2875 1024 2916 vero
1047 2859 1244 2916 nullas.
1277 2857 1405 2914 Hazc
1434 2872 1564 2914 vero
1606 2867 1848 2914 externa:
1892 2857 2170 2912 societatis

569 3047 790 3120 quando
813 3047 1216 3120 angustioribus
1247 3048 1447 3105 ﬁnibus
1472 3049 1876 3112 coarctahatur,
1909 3062 2016 3101 non
2046 3061 2167 3120 pro-

2277 3055 2790 3114 communicandum
2821 3052 2922 3108 sibi
2953 3051 3256 3106 Antiochia:
3287 3049 3376 3105 sit.
3409 3046 3526 3103 Cur
3553 3062 3646 3102 eas
3673 3043 3827 3097 litteras

571 3142 816 3211 bibebat,
870 3143 1160 3216 quominus
1209 3143 1307 3210 illi,
1355 3142 1444 3214 qui
1487 3141 1561 3196 ita
1611 3142 1842 3196 abstenti
1893 3148 2096 3207 essent,
2123 3141 2175 3194 in
2282 3151 2692 3214 “manuum.”
2712 3147 3135 3202 οιιει-οίιιεωιιθ
3165 3143 3378 3208 saltem,
3415 3157 3546 3196 cum
3571 3140 3645 3195 ct.
3675 3135 3829 3192 Vallar-

569 3235 840 3304 ecclesiis,
894 3242 946 3292 in
993 3235 1191 3307 quibus
1254 3236 1321 3292 iis
1362 3238 1676 3290 communio
1718 3247 1977 3290 concessa
2031 3241 2172 3295 erat,
2201 3225 2248 3289 C
2281 3245 2364 3300 είο
2393 3243 2624 3312 scriptas
2649 3254 2900 3297 censeam
2933 3239 3070 3293 ratio
3089 3253 3158 3294 ex
3183 3235 3375 3292 iisdem
3395 3242 3638 3290 constat.
3669 3228 3828 3284 Frent-

571 3348 691 3387 cum
721 3331 842 3386 aliis
873 3331 1058 3398 etiam,
1091 3345 1214 3386 cum
1255 3329 1452 3400 quibus
1497 3340 1613 3388 erat
1661 3329 1849 3396 vetita,
1905 3329 2174 3398 εμὶδρομὶε
2277 3337 2525 3392 ιαιρηῑω
2555 3350 2678 3390 cum
2733 3333 3110 3389 scribebantur
3139 3374 3152 3396 ,
3196 3331 3328 3400 fulta
3357 3328 3544 3383 mundi
3588 3320 3826 3398 prasidiis,

572 3423 1061 3482 communicarent.
1088 3421 1226 3478 Hinc
1243 3420 1575 3496 Theophilus
1595 3423 2016 3486 Alexandrinus.
2047 3437 2173 3478 cum

574 3517 835 3574 Flaviano
864 3519 1003 3588 ipso,
1033 3532 1064 3570 a
1092 3531 1198 3586 quo
1225 3515 1494 3588 Egyptus
1515 3517 1782 3588 disjuncta
1823 3527 1939 3572 erat
1964 3516 2176 3588 synodo

576 3608 1190 3682 (Ζοιιεωηιὶηονοιὶιειιιίθ
1235 3609 1448 3666 cuidam
1493 3610 1685 3664 adesse
1735 3625 1840 3684 non
1886 3609 2170 3676 dubitavit,

579 3703 836 3774 nullaque
866 3712 952 3758 est
977 3703 1138 3767 ratio,
1189 3717 1288 3758 cur
1320 3700 1824 3773 Tillemontius(c),
1877 3702 2063 3758 mirari
2119 3716 2178 3756 se

578 3795 744 3862 dicat,
773 3795 1046 3866 quomodo
1073 3792 1204 3850 illud
1245 3793 1314 3848 ab
1343 3809 1408 3850 eo
1447 3794 1565 3849 ﬁeri
1597 3797 1852 3866 potuerit.
1905 3794 2177 3852 Cir-terum

577 3897 638 3942 ut
661 3888 880 3944 redeam
905 3888 1046 3944 unde
1076 3887 1426 3954 diverteram,
1475 3903 1597 3942 cum
1629 3888 1892 3944 Damasus
1920 3888 2176 3944 Dorothei

577 3996 864 4038 sermones
907 3992 964 4037 et
986 3981 1226 4038 acriores
1253 3979 1416 4036 etiam
1449 3979 2000 4052 diSputatioues,ipso
2031 3980 2181 4038 Basi-

577 4075 654 4131 lio
679 4082 838 4146 teste,
871 4075 1140 4146 patienter
1186 4073 1442 4142 audierit,
1493 4073 1714 4128 humani
1765 4074 1965 4146 aliquid
1992 4089 2182 4144 passus

577 4180 662 4226 est
695 4168 960 4226 Cassareae
1010 4169 1296 4242 episcopus
1339 4168 1579 4240 alioquin
1629 4170 2004 4228 sanctissimus
2057 4185 2182 4225 cum

577 4261 819 4334 scripsit,
852 4263 1041 4320 elatum
1067 4261 1248 4329 illum,
1277 4261 1579 4330 sublimem,
1607 4271 1655 4316 et
1699 4261 1857 4316 altius
1902 4263 2180 4328 sedentem,

579 4357 761 4411 audire
787 4373 889 4411 non
913 4372 1058 4428 posse
1080 4357 1347 4411 ueritatem
1375 4355 1516 4412 humi
1551 4355 1922 4426 praedicantem
1951 4355 2052 4429 (ά).

656 4445 744 4500 Vl.
780 4446 904 4502 Haec
931 4463 1060 4504 vero
1083 4463 1206 4503 cum
1234 4449 1305 4503 ita
1337 4449 1467 4516 sint,
1510 4464 1652 4504 nunc
1702 4450 1957 4521 anonymi
2007 4455 2185 4520 trans-

581 4536 724 4610 fugae
753 4537 867 4595 sive
888 4542 1194 4608 oscitantis,
1238 4542 1354 4597 sive
1371 4542 1509 4597 mala
1534 4541 1728 4600 iterum
1761 4541 1896 4597 lides
1919 4542 2183 4598 lectorum

2279 3431 2474 3488 Ariana
2511 3429 2711 3492 rabies;
2749 3442 2814 3481 ac
2860 3425 3254 3497 Hieronymus,
3304 3422 3526 3479 cuinam
3584 3413 3826 3474 Antioch!

2279 3523 2730 3585 communicaret,
2765 3521 3001 3576 incertus
3021 3561 3036 3584 ,
3068 3517 3396 3588 sequebatur
3441 3511 3720 3585 Egyptios
3745 3520 3828 3559 ιϐι-

2277 3615 2500 3685 fessores
2531 3614 2583 3668 in
2625 3612 2911 3667 Palaestina
2941 3611 3179 3671 exsulem
3209 3623 3345 3680 quos
3391 3608 3445 3662 in
3486 3603 3700 3661 Damasi
3722 3611 3826 3654 com-

2282 3709 2542 3762 munione
2573 3721 2695 3761 esse
2724 3711 2967 3767 noverat,
2991 3704 3060 3760 ab
3087 3704 3260 3774 iisque
3283 3701 3534 3758 Sanctum
3561 3695 3747 3755 Domini
3761 3705 3828 3746 et-

2282 3801 2520 3870 peieliat.
2554 3798 2623 3854 At
2651 3799 2777 3852 anni
2809 3797 3087 3866 sequentis
3118 3801 3358 3866 Augusto
3387 3809 3614 3858 mense,
3646 3785 3826 3844 Valentis

2283 3893 2434 3948 obitu
2465 3890 2662 3946 Ariona
2691 3889 2858 3944 rabies
2886 3889 3141 3959 prtesidiis
3169 3888 3281 3943 suis
3305 3887 3532 3942 omnino
3560 3881 3744 3941 decidit
3761 3889 3826 3930 uel:

2287 3985 2378 4040 ulli
2404 3984 2514 4053 jam
2538 3983 2770 4052 amplius
2821 3993 2980 4036 erant
3002 3980 3240 4052 Aigyptii
3267 3978 3616 4036 confessor-es
3639 3976 3687 4029 in
3709 3966 3822 4039 Syria

2285 4082 2527 4147 exsules,
2553 4097 2581 4134 a
2605 4079 2799 4152 quibus
2829 4079 3188 4149 Hieronymus
3236 4075 3492 4130 Sanctum
3537 4068 3733 4132 Domini
3762 4075 3824 4131 ρε-

2287 4185 2404 4232 tere
2429 4173 2662 4242 amplius
2690 4180 2896 4242 posset,
2921 4170 3174 4225 ouinibus
3195 4167 3360 4223 exilio
3375 4165 3592 4220 solutis.
3617 4163 3824 4218 Constan-

2289 4269 2428 4334 tius,
2460 4267 2552 4338 qui
2606 4265 2705 4320 bas
2747 4264 3062 4336 Hieronymi
3103 4261 3310 4316 litteras
3353 4261 3548 4314 iterum
3595 4258 3825 4323 impressas

2286 4363 2458 4426 dedit,
2489 4376 2691 4431 easque
2713 4374 2857 4414 anno
2893 4358 2998 4414 580
3022 4359 3134 4428 jam
3178 4355 3389 4410 labente
3415 4361 3663 4408 exaratas
3691 4349 3822 4415 putat.

2289 4455 2665 4526 Egyptiorum
2707 4452 3077 4508 conlessorum
3117 4447 3334 4504 nomine
3379 4446 3599 4501 Petrum
3645 4442 3823 4526 Alexan-

2289 4525 2504 4604 drinum
2543 4544 2812 4615 intelligit.
2847 4542 2920 4598 At
2951 4542 3039 4612 qui
3071 4539 3270 4596 iuerint
3301 4537 3412 4604 illi,
3441 4553 3511 4594 ex
3542 4531 3727 4590 Basilio
3750 4525 3823 4596 jam

589 4630 766 4686 oculis
795 4633 1114 4701 exponenda
1171 4643 1275 4688 est.
1310 4635 1406 4690 Hic
1448 4635 1610 4707 igitur
1659 4637 1836 4706 primo
1877 4637 1998 4692 loco
2048 4635 2186 4690 nihil
2213 4616 2266 4678 Ῑ)
2295 4639 2559 4705 vidimus,
2607 4638 2830 4708 ipseque
2871 4645 3132 4706 praeterea
3159 4632 3524 4702 Hieronymus
3560 4633 3730 4697 aperte
3759 4626 3826 4672 nos

589 4739 826 4794 unquam
849 4735 960 4780 tum
987 4723 1310 4794 Athanasio,
1358 4735 1467 4780 tum
1500 4727 1724 4795 Basilio,
1764 4743 1796 4782 a
1837 4727 2070 4782 Damaso
2093 4743 2182 4784 re-

583 4819 845 4890 scriptum
877 4819 1041 4875 luisse
1063 4820 1277 4889 asserit,
1301 4820 1414 4875 sive
1442 4819 1568 4890 quia
1601 4820 1781 4874 litibus
1831 4821 2066 4890 propriis
2094 4836 2185 4876 oc-

585 4911 948 4985 cupato,nihil
969 4923 1116 4970 esset
1142 4928 1278 4984 opus
1327 4912 1544 4981 alienis,
1596 4914 1714 4969 sive
1755 4914 1880 4984 quia
1915 4912 2092 4968 timuit
2121 4929 2188 4969 ne

585 5011 832 5067 Valentis
861 5007 1562 5081 imperatoris,_rebussuis
1598 5007 1733 5064 nihil
1771 5007 2108 5082 profuturam
2135 5009 2187 5062 in

585 5120 648 5162 se
673 5111 998 5176 provocaret
1019 5103 1176 5160 iram.
1212 5089 1464 5158 Secundo
1494 5101 1735 5167 litteras,
1797 5115 1932 5172 quas
1959 5099 2190 5156 Basilius

585 5199 911 5268 scripserat,
939 5196 1008 5250 ab
1038 5195 1266 5266 Evagrio
1295 5191 1636 5248 Autiocheno
1666 5202 1778 5248 tum
1804 5193 2027 5254 Romam
2061 5191 2194 5250 alla-

587 5298 695 5359 tas,
727 5301 840 5346 tum
873 5290 941 5345 ab
969 5288 1162 5345 eodem
1190 5286 1257 5344 ad
1291 5285 1546 5342 Basilium
1601 5286 1820 5342 relatas.
1851 5285 2037 5348 Tertio
2067 5286 2194 5342 hinc

569 5384 792 5446 ,factum
817 5386 913 5452 ait,
949 5393 1006 5440 ut
1025 5383 1258 5440 Basilius
1281 5397 1499 5438 onlnem
1523 5395 1644 5460 cum
1664 5379 1910 5438 Romano
1938 5381 2194 5454 episcopo

587 5478 896 5536 litterarum
919 5477 1374 5534 consuetudinem
1399 5475 1702 5546 abruperit.
1731 5475 1939 5544 Quarto
1967 5492 2036 5538 ne
2065 5476 2193 5546 quid

589 5573 950 5643 vero_interea
979 5572 1170 5644 religio
1199 5571 1788 5644 detriinentiﬁaperet,
1832 5570 1901 5626 ab
1945 5569 2190 5632 Athana-

663 5711 743 5786 (ρ)
771 5713 895 5769 Vid.
925 5712 1120 5769 Morio.
1143 5711 1374 5770 eset-cit.
1401 5711 1533 5786 l._tt,
1573 5723 1696 5784 cap.
1721 5711 1811 5781 l7,
1837 5711 1928 5782 l8,
1955 5710 2045 5770 l9.

693 5783 747 5856 ὁ)
771 5788 992 5842 Sozom.
1027 5786 1122 5842 lib.
1154 5803 1254 5855 vti,
1286 5799 1408 5855 cap.
1440 5783 1529 5840 11.

693 5785 747 5856 b)
771 5788 992 5842 Sozom.
1027 5786 1122 5842 lib.
1154 5803 1254 5855 vti,
1286 5799 1316 5840 c

667 5785 741 5942 ie)
769 5858 844 5914 De
871 5857 1114 5915 Flavian.
1138 5868 1242 5928 art.
1267 5857 1320 5914 7.

2293 4733 2472 4800 docet,
2491 4733 2582 4802 qui
2609 4731 2677 4787 ad
2707 4747 2801 4786 eos
2823 4729 2988 4786 veluti
3015 4728 3118 4785 sibi
3137 4727 3424 4783 viciniores
3453 4740 3550 4810 pro
3578 4727 3737 4810 sancto
3755 4709 3822 4764 Dr

2293 4829 2420 4881 mini
2446 4841 2658 4897 corpore
2687 4823 3002 4883 recurrebat
3029 4839 3042 4876 :
3073 4819 3427 4892 quamobrem
3454 4807 3542 4872 vix
3573 4825 3692 4885 puto
3715 4806 3823 4862 fore,

2296 4931 2354 4978 ut
2379 4919 2729 4976 Constantius
2766 4915 3268 4988 interpretationem
3299 4914 3437 4968 hanc
3463 4925 3636 4976 suam,
3657 4923 3682 4958 τι
3702 4901 3743 4954 Vi
3760 4909 3824 4965 σε·

2296 5015 2464 5072 nuina
2514 5013 2801 5069 verborum
2831 5019 2890 5066 et
2916 5020 3217 5081 temporum
3242 5008 3453 5062 ratione
3478 5005 3718 5061 alienam,
3739 5002 3824 5088 et“:

2297 5110 2426 5166 ditis
2449 5108 2664 5180 probet.
2712 5107 2819 5162 Cur
2857 5120 2989 5160 vero
3017 5113 3128 5160 tum
3159 5099 3452 5165 Meletiaui,
3486 5109 3595 5154 tum
3634 5086 3824 5147 Vitaliani

2297 5203 2562 5270 dicerent,
2589 5203 2782 5256 limere
2807 5215 2867 5255 se
2897 5200 3148 5263 Damaso,
3182 5212 3286 5251 non
3318 5208 3474 5249 secus
3504 5208 3568 5246 ac
3601 5183 3822 5270 Paulinus.

2297 5297 2438 5352 ratio
2459 5268 2682 5350 niinime
2709 5309 2740 5346 a
2773 5292 2934 5362 longe
2959 5289 3193 5362 petenda
3231 5295 3332 5352 est,
3377 5294 3438 5341 ut
3466 5285 3635 5340 visum
3659 5277 3740 5334 luit
3767 5268 3823 5323 ei-

2299 5389 2422 5448 dem
2462 5387 2578 5446 viro
2600 5385 2782 5450 docto,
2811 5384 3050 5455 opinanti
3081 5382 3468 5453 Hieronymum
3489 5374 3758 5448 respexisse
3776 5362 3825 5414 κ’

2300 5495 2421 5553 gem
2443 5479 2512 5536 de
2533 5476 2886 5534 restituendis
2915 5475 3152 5530 basilicis
3179 5489 3210 5529 a
3233 5472 3542 5530 Theodosio
3562 5467 3827 5553 latam?!“

2303 5550 2708 5640 lentionemque
2734 5569 2878 5628 inter
2904 5569 3202 5635 ueletiam,
3231 5567 3510 5624 Paulinum
3532 5606 3549 5633 ,
3579 5571 3632 5619 et
3659 5550 3822 5616 Villii“ll

2371 5712 2454 5783 (ά)
2491 5711 2592 5782 Ep.
2621 5709 2683 5766 ξι
2694 5709 2750 5783 5.

2373 5778 2446 5862 (ei
2486 5778 2658 5860 Epist.
2691 5781 2780 5851 15,
2803 5781 2890 5850 l6,
2913 5779 3044 5839 Ver.
3075 5778 3210 5848 edit,
