3998 6346
539 248 644 307 185

1711 243 2024 302 SANCTUS
2059 245 2385 305 DAMASUS
2425 248 2629 306 ΡΑΡΔ.

3700 262 3782 323 181

538 368 780 426 charitati
809 368 1214 435 posthabiturum
1235 365 1395 440 fuisse
1431 379 1492 420 ac
1518 363 1734 420 libenter
1777 373 2131 434 suscepturum
2155 363 2213 428 Α
2235 364 2390 419 sociis
2417 366 2794 423 criminantur?
2819 366 2881 424 Si
2903 367 3042 424 rivus
3066 368 3286 425 tenuiter
3312 370 3448 442 ﬂuit,
3470 385 3570 428 non
3593 384 3660 430 est
3680 377 3786 435 alvei

543 463 760 521 Paulini
781 463 996 533 plebem,
1028 478 1088 516 ac
1123 461 1340 526 clerum,
1370 458 1571 513 etiamsi
1614 473 1773 512 unam
1817 456 2136 528 hypostasim

543 558 889 612 admitterent.
937 553 1042 612 Sed
1069 551 1286 609 Paulini
1315 552 1595 606 amicorum
1631 550 1848 606 consilia
1873 549 2047 604 omnia
2075 564 2136 604 eo

540 650 861 720 spectabant,
883 656 938 700 ut
987 645 1248 701 Paulinus
1291 644 1499 700 excluso
1525 652 1706 698 sancto
1748 641 1956 698 Meletio
1995 642 2137 697 solus

542 738 830 794 Antiochia
857 747 1115 810 praesset.
1160 735 1286 792 Non
1306 736 1562 791 immerito
1588 752 1710 807 ergo
1753 751 1870 790 cum
1907 733 2138 789 Paulino

541 832 948 888 communionem
972 830 1260 886 ineundum
1281 829 1519 901 negabat,
1544 830 1734 900 quippe
1757 843 1874 883 cum
1890 827 2012 882 iniri
2037 842 2139 882 non

543 936 736 996 posset,
763 926 884 996 quin
927 924 1166 980 Meletius
1201 925 1520 998 rejiceretur,
1552 924 1639 991 qui
1681 925 1822 978 solus
1851 922 2140 976 Antiochia

540 1020 800 1092 legitimus
821 1028 930 1075 erat
957 1020 1229 1091 episcopus
1258 1017 1358 1092 (a).
1408 1018 1466 1073 ld
1493 1034 1602 1090 quo
1631 1033 1758 1089 erga
1785 1016 2138 1088 apostolicam

541 1115 728 1170 sedem
760 1129 825 1170 ac
855 1124 933 1169 tot
961 1115 1334 1169 sanctissimos
1379 1111 2003 1191 Occidentis'episcopos
2045 1111 2144 1167 ob-

541 1207 732 1278 sequio
779 1206 1052 1274 affirmet,
1086 1206 1354 1278 quibusve
1403 1217 1666 1277 praeterea
1707 1207 1975 1262 rationum
2023 1220 2142 1261 mo-

545 1302 744 1359 mentis
773 1303 889 1358 lucc
918 1302 1133 1374 probet,
1162 1302 1359 1359 viderit
1386 1301 1722 1358 clarissimus
1749 1311 1960 1356 auctor.
1985 1298 2141 1356 Nunc

542 1405 603 1451 ut
628 1411 696 1452 eo
727 1395 933 1465 redeat,
965 1397 1106 1453 unde
1155 1396 1453 1453 diverterat
1495 1396 1691 1462 oratio,
1724 1394 2015 1451 Flavianus
2077 1411 2142 1452 ac

543 1491 850 1560 Diodorus,
894 1493 1247 1547 Antiochenzn
1294 1491 1701 1547 Meletianorum
1749 1506 1846 1546 seu
1872 1490 2141 1561 Campen-

538 1585 678 1640 sium
707 1585 964 1642 Ecclesia:
989 1585 1177 1652 duces,
1203 1584 1384 1640 Basilii
1412 1585 1641 1651 litteras,
1664 1593 1826 1656 atque
1848 1585 2141 1640 auctorita-

543 1687 682 1744 tem,
715 1687 841 1733 tunc
869 1677 1063 1733 iterum
1093 1678 1379 1734 ostendere
1408 1686 1718 1743 cauerunt,
1753 1675 1963 1732 Paulini
1992 1691 2142 1732 asse-

541 1771 655 1826 clas
683 1771 910 1825 cauterio
937 1772 1147 1826 unionis
1171 1772 1398 1838 inurere,
1427 1769 1749 1826 Sabelliantc
1771 1768 1995 1826 luet-esis
2014 1785 2140 1826 reos

538 1865 847 1928 traducere,
879 1877 1042 1937 atque
1087 1880 1158 1922 eo
1189 1877 1344 1937 pacto
1374 1879 1504 1920 suos
1533 1879 1562 1919 a
1592 1863 1973 1935 conjunctione
2014 1879 2136 1920 cum

537 1957 606 2012 iis
637 1955 871 2013 ineunda
915 1959 1217 2013 deterrere.
1282 1957 1409 2013 Haec
1447 1972 1577 2012 vero
1607 1965 1912 2022 estcausa,
1947 1970 2044 2011 cur
2073 1971 2137 2013 ea

539 2051 822 2108 contentio
849 2051 1038 2106 iterata
1065 2050 1229 2106 fuerit
1256 2049 1309 2106 in
1350 2049 1953 2119 Constantinopolitano
2007 2064 2139 2104 con-

536 2144 662 2202 cilio
692 2155 817 2216 post
846 2143 1048 2200 Meletii
1097 2143 1344 2211 obitum,
1396 2141 1562 2198 veluti
1604 2141 1672 2197 ad
1729 2141 2014 2216 Paulinum
2067 2141 2137 2198 ab

538 2237 850 2307 cpiscOpatu
900 2235 1239 2292 Antiocheno
1290 2235 1686 2306 repelli-udum,
1723 2243 2028 2307 comparata
2082 2246 2138 2292 et

536 2330 590 2386 in
625 2331 812 2401 primis
837 2330 1266 2395 accommodata,
1286 2338 1346 2384 ut
1373 2328 1550 2400 colligi
1580 2336 1760 2400 potest
1796 2343 1862 2384 ex
1887 2326 2136 2400 Gregorii

533 2423 880 2478 valedictoria
908 2422 976 2478 ad
1001 2421 1104 2478 150
1132 2422 1322 2477 Patres
1349 2437 1363 2475 :
1399 2420 1674 2485 Desinant,
1719 2421 1793 2476 ait
1836 2419 1978 2476 enim
2001 2461 2018 2486 ,
2048 2421 2136 2490 qui

535 2515 601 2570 de
629 2515 709 2569 his
737 2517 873 2570 inter
892 2530 948 2569 se
969 2516 1302 2581 contendunt,
1340 2515 1582 2588 ineptire,
1604 2515 1817 2588 perinde
1856 2531 1917 2569 ac
1942 2515 1989 2570 si
2013 2515 2136 2581 ﬁdei

535 2619 728 2666 nostra
751 2613 916 2683 pietas
939 2612 996 2666 in
1023 2611 1335 2679 nominibus,
1367 2628 1468 2666 non
1499 2613 1554 2666 in
1580 2612 1731 2668 rebus
1771 2612 2133 2680 consistat....,

533 2704 660 2775 quid
689 2705 851 2774 igitur
869 2705 1010 2759 uobis
1037 2705 1338 2776 hypostases
1357 2702 1556 2772 uolunt,
1580 2715 1668 2760 aut
1691 2704 1830 2760 vobis
1860 2721 2093 2776 persona
2111 2705 2138 2759 .9

539 2795 805 2853 Nimirum
831 2797 931 2851 tria
965 2813 1094 2864 esse,
1131 2813 1247 2869 qua
1275 2796 1577 2852 dividantur
1615 2814 1719 2852 non
1754 2799 1954 2853 naturis
1980 2839 1995 2864 ,
2045 2797 2136 2852 sed

537 2890 935 2964 praprietatibus
973 2905 993 2944 :
1030 2891 1264 2960 optime;
1316 2906 1384 2944 an
1437 2890 1551 2961 ﬁeri
1590 2899 1757 2962 potest
1813 2901 1869 2944 ut
1924 2890 2135 2961 quidam

533 2985 701 3056 magis
723 2984 858 3038 inter
881 2999 992 3038 sese
1018 2983 1357 3047 concordent,
1393 2990 1546 3055 atque
1576 2984 1710 3038 idem
1739 2984 1936 3050 dicant,
1979 3000 2134 3054 quam

533 3094 652 3134 cum
677 3077 750 3132 ita
775 3077 1021 3143 sentiunt,
1074 3077 1276 3132 tametsi
1304 3077 1500 3148 alioqui
1547 3077 1764 3150 syllabis
1808 3077 2136 3151 discrepent?

2241 459 2418 530 culpa,
2446 461 2536 516 sed
2560 461 2738 532 fontis.
2770 461 3104 537 Hieronymo
3127 476 3392 536 praeterea
3415 467 3611 525 accedit
3639 473 3788 530 Acacii

2241 553 2429 609 Bercta
2468 553 2521 609 in
2549 554 2706 627 Syria
2737 557 2979 628 episcopi
3011 557 3402 626 testimonium,
3422 567 3487 616 ex
3506 575 3606 634 quo
3623 565 3788 623 scimus

2241 646 2524 704 Paulinum
2555 665 2584 704 a
2613 651 2786 707 tribus
2808 650 3056 709 dicendis
3077 653 3458 726 hypostasibus
3481 657 3788 728 abstinuisse,

2241 747 2302 794 ut
2327 740 2600 810 piissimos
2626 741 2933 800 Occidentis
2953 745 3240 817 episcopos
3263 756 3554 804 sectaretur
3573 749 3661 822 (c).
3679 749 3791 807 Cum

2243 831 2424 902 itaque
2456 832 2718 890 Damasus
2747 851 2774 889 a
2800 835 2970 892 tribus
2996 837 3242 894 dicendis
3268 838 3634 912 bypostasibus
3659 843 3794 898 absu-

2242 925 2444 992 nuerit,
2478 941 2703 998 magnus
2744 928 3012 986 Baronius
3060 930 3142 1001 (ά)
3183 932 3383 986 merito
3437 932 3792 992 'l‘heodoretum

2242 1015 2420 1085 rejicit
2449 1017 2802 1086 scribentem,
2827 1021 3046 1077 Meletio
3077 1037 3106 1076 a
3134 1022 3364 1094 Sapore,
3394 1025 3700 1082 Arianorum
3723 1043 3795 1087 ec-

2241 1109 2436 1164 clesias
2461 1109 2797 1180 adjudicatas
2835 1128 2899 1170 ea
2938 1113 3007 1170 de
3032 1129 3219 1182 causa,
3267 1117 3411 1187 quod
3441 1119 3682 1176 Damasus
3706 1137 3795 1178 non

2242 1218 2403 1260 secus
2431 1219 2496 1260 ac
2525 1205 2772 1262 Meletius
2799 1206 2933 1278 ipse,
2970 1223 3128 1264 unam
3159 1209 3446 1266 Trinitatis
3483 1211 3794 1270 substantiam

2243 1297 2531 1366 conﬁtens,
2563 1309 2672 1356 tres
2699 1299 3019 1372 bypOs-tases
3039 1301 3243 1358 diserte
3266 1303 3673 1378 prmdicaret(e).
3689 1305 3797 1364 Hinc

2243 1407 2364 1461 qua:
2407 1389 2460 1446 in
2489 1391 2612 1447 aliis
2643 1393 2861 1450 Damasi
2899 1395 2967 1450 ad
3015 1395 3304 1452 Paulinum
3358 1399 3550 1454 litteris
3578 1400 3792 1473 leguntur

2243 1485 2427 1552 verba,
2459 1502 2621 1541 unum
2645 1484 2814 1542 Deum
2853 1489 2907 1543 in
2937 1489 3097 1544 tribus
3125 1490 3496 1562 hypostasibus
3519 1492 3606 1565 (f),
3636 1510 3795 1566 purum

2244 1578 2486 1650 ejusdem
2503 1578 2827 1637 Theodoreti
2846 1590 3140 1652 putumque
3157 1583 3581 1641 additamentum
3597 1587 3795 1659 sapiunt,

2244 1687 2365 1742 qua:
2398 1682 2680 1744 propterea
2720 1688 2749 1727 a
2790 1673 2971 1731 latinis
3012 1676 3268 1731 omnibus
3305 1677 3686 1748 exemplaribus
3719 1680 3796 1734 ab-

2170 1768 2218 1828 B
2244 1773 2388 1822 sunt.
2421 1764 2532 1822 Nec
2558 1780 2690 1822 vero
2730 1765 2782 1821 id
2811 1765 3054 1823 insolens
3089 1767 3225 1824 huic
3267 1769 3517 1841 scriptori
3562 1780 3672 1826 est:
3698 1786 3795 1827 nam

2243 1873 2366 1913 cum
2399 1859 2450 1914 in
2472 1858 2760 1931 lllyricaua
2785 1859 3015 1930 synodo,
3049 1861 3204 1931 cujus
3238 1860 3370 1916 alibi
3405 1877 3435 1916 a
3462 1862 3607 1918 nobis
3631 1865 3796 1919 mentio

2241 1952 2379 2006 facta
2402 1960 2506 2015 est,
2528 1953 2837 2022 congregati
2863 1953 3120 2022 praesules
3140 1961 3333 2024 aperte
3359 1953 3582 2026 professi
3610 1956 3794 2012 fuissent

2241 2061 2363 2103 cum
2393 2045 2617 2118 reliquis
2638 2033 2890 2102 omnibus
2913 2047 3084 2102 Latini
3115 2048 3332 2120 imperii
3373 2049 3652 2120 episcopis,
3671 2067 3782 2104 eam-

2241 2140 2357 2196 dem
2383 2139 2718 2195 substantiam
2758 2138 2935 2194 Patris
2963 2150 3013 2195 et
3048 2139 3178 2196 Filii
3230 2151 3281 2197 et
3330 2141 3558 2212 Spiritus
3582 2143 3725 2196 sancti
3748 2143 3790 2196 in

2241 2233 2404 2288 tribus
2429 2249 2539 2290 esse
2588 2237 2839 2304 personis,
2861 2232 3272 2302 Theodoretus,
3304 2235 3396 2307 qui
3427 2250 3520 2292 eas
3541 2234 3723 2290 litteras
3745 2234 3786 2289 in

2241 2324 2491 2383 Gracum
2518 2340 2704 2382 versas
2730 2326 2924 2382 recitat
2951 2327 3050 2399 (g),
3074 2328 3258 2384 statim
3277 2327 3431 2384 addit
3453 2326 3587 2384 τοῦτ’
3605 2325 3722 2384 ἔστιν
3748 2328 3789 2383 ἕν

2239 2422 2382 2498 τρισὶ
2407 2419 2622 2481 τελείαις
2650 2419 3020 2488 ὐποστάσεσιν,
3049 2419 3194 2492 quod
3226 2420 3412 2479 itidem
3435 2431 3662 2494 apertum
3679 2419 3792 2490 ejus-

2240 2512 2364 2569 dem
2389 2514 2658 2585 glossema
2684 2523 2787 2570 est.

2311 2604 2402 2660 lll.
2428 2605 2743 2677 Priusquam
2773 2607 2842 2663 ab
2873 2606 2958 2664 his
2986 2607 3512 2681 Hieronymilitteris
3530 2607 3782 2674 discedam,

2241 2697 2417 2753 locum
2444 2713 2512 2754 ex
2543 2697 2610 2754 iis
2634 2697 2878 2767 aﬂ'eram,
2923 2701 3069 2772 quod
3111 2701 3265 2757 illum
3295 2702 3435 2758 haud
3465 2711 3601 2758 recte
3625 2701 3786 2772 saepius

2239 2800 2524 2862 acceptum
2553 2791 2781 2846 viderim
2808 2809 2823 2847 :
2854 2793 2930 2848 ait
2954 2792 3157 2864 itaque,
3186 2792 3370 2849 Trium
3399 2795 3709 2866 hypostaseon
3739 2792 3789 2847 at

2238 2885 2552 2942 Arianorum
2597 2887 2821 2960 prasule
2849 2897 2897 2944 et
2944 2886 3349 2960 Campensibus,
3391 2891 3634 2956 novellum
3669 2904 3696 2941 a
3729 2902 3791 2942 nte

2240 2979 2446 3034 homine
2474 2978 2712 3036 Romano
2741 2996 2924 3036 nomen
2951 2983 3194 3054 exigitur.
3228 2983 3368 3041 Sunt
3404 2984 3494 3056 qui
3520 2980 3789 3054 disjunctioo

2238 3087 2362 3127 nem
2389 3071 2538 3130 illam
2561 3083 2609 3128 et
2623 3073 2987 3137 ,omittendam
3015 3086 3297 3142 censeant,
3325 3092 3389 3134 ac
3411 3077 3507 3134 sub
3527 3076 3788 3132 Arianorum

533 3173 694 3230 Enim
719 3186 850 3228 vero
889 3171 976 3227 cui
1007 3170 1152 3227 bono
1193 3170 1566 3227 Nazianzenus
1611 3186 1727 3226 rem
1757 3171 1906 3227 illam
1933 3165 2135 3244 egissei
2161 3167 2206 3233 C
2241 3167 2462 3239 prasule
2488 3167 2760 3224 Meletium
2792 3185 2954 3224 unum
2985 3169 3300 3243 intelligunt
3326 3214 3343 3240 ,
3389 3171 3480 3243 qui
3519 3166 3786 3227 earumdem

529 3269 750 3334 iterum,
781 3268 826 3323 si
876 3282 983 3323 non
1013 3276 1170 3323 erant
1215 3267 1306 3338 qui
1359 3265 1606 3323 eamdem
1633 3277 1821 3323 contra
1850 3266 2132 3324 Paulinum

533 3363 843 3418 cantionem
875 3360 1068 3416 iterum
1096 3370 1354 3416 canerent
1374 3362 1400 3416 γ

602 3453 672 3511 11.
715 3453 854 3523 Quid
885 3455 1146 3510 Damasus
1199 3455 1530 3529 Hieronymo
1567 3455 1910 3526 responderit
1938 3496 1954 3520 ,
1983 3465 2135 3512 certo

533 3561 641 3604 non
672 3557 905 3611 constat,
931 3563 1053 3603 cum
1085 3548 1150 3605 ad
1179 3564 1280 3604 nos
1314 3549 1528 3605 Damasi
1567 3549 1764 3606 littera:
1795 3565 1902 3606 non
1946 3565 2137 3620 perve-

533 3642 735 3698 nerint.
769 3642 840 3698 At
864 3657 986 3697 cum
1031 3641 1122 3698 ille
1165 3643 1266 3697 sub
1294 3643 1453 3713 hujus
1481 3644 1609 3698 anni
1641 3643 1802 3698 finem
1827 3683 1842 3707 ,
1872 3651 1968 3698 aut
1997 3643 2134 3698 alte-

538 3734 657 3790 rius
683 3733 895 3789 initium
925 3733 1128 3790 scribat
1157 3734 1351 3789 iterum
1375 3735 1440 3789 ad
1465 3734 1702 3790 Marcum
1734 3735 2132 3808 presbyterum,

535 3825 860 3884 haereticum
902 3841 963 3882 se
1007 3826 1265 3896 judicari,
1315 3842 1637 3898 quamquam
1691 3827 1831 3884 idem
1861 3829 2040 3896 dicat,
2071 3845 2134 3886 ac

532 3918 742 3984 credat,
798 3919 946 3992 quod
997 3919 1257 3976 Damasus
1304 3931 1352 3976 et
1429 3921 1617 3978 Petrus
1661 3921 2043 3978 Alexandrinus
2078 3932 2136 3981 et

533 4012 784 4077 credunt,
819 4020 875 4068 et
893 4027 990 4069 ore
1025 4012 1370 4084 exprimunt,
1399 4029 1522 4069 cum
1555 4024 1814 4084 praeterea
1853 4017 2135 4088 presbyter

533 4116 566 4158 a
595 4101 824 4160 Paulino
854 4104 1196 4160 Antiocheno
1225 4103 1506 4160 ordinatus
1537 4104 1732 4161 deinde
1759 4104 1940 4173 fuerit,
1973 4107 2134 4179 idque

532 4211 634 4269 per
674 4197 790 4254 haec
837 4199 950 4269 ipsa
997 4207 1239 4268 tempora
1286 4198 1576 4270 contigerit
1619 4205 1678 4253 ut
1714 4198 1802 4254 cl.‘
1836 4197 2136 4257 Vallarsius

531 4289 733 4346 invicte
777 4290 972 4363 probat
1003 4290 1114 4365 (b);
1151 4290 1276 4347 hinc
1303 4301 1530 4362 apparet
1558 4300 1671 4346 tum
1722 4290 1919 4347 laetam
1975 4291 2054 4348 illi
2102 4307 2134 4348 a

532 4383 771 4440 Damaso
797 4383 1132 4452 facultatem,
1163 4385 1498 4458 hypostasim
1529 4399 1693 4441 uuam
1739 4398 1804 4440 ac
1847 4394 1959 4442 tres
2005 4400 2134 4458 per-

532 4491 698 4534 sonas
725 4479 1033 4547 protitendi,
1058 4487 1172 4534 tum
1224 4480 1622 4550 praescriptum,
1647 4485 1710 4534 ut
1732 4493 1858 4535 cum
1908 4479 2134 4536 Paulino

2241 3263 2564 3320 Arianorum
2585 3279 2749 3320 manu
2769 3275 2988 3321 evectus
3011 3265 3078 3321 ad
3099 3265 3420 3322 cathedram
3442 3263 3784 3322 Antiochenam

2239 3355 2414 3412 fuerat
2441 3375 2456 3413 :
2489 3357 2608 3412 aliis
2634 3373 2764 3415 vero
2791 3359 2991 3429 placet,
3023 3369 3082 3415 ut
3111 3361 3356 3431 legamus
3386 3358 3478 3415 sub
3518 3358 3784 3414 Arianorum

2239 3450 2386 3520 prole
2409 3448 2802 3520 Campensibus,
2846 3451 3100 3524 aiuntque
3145 3451 3474 3509 Meletianos
3511 3450 3786 3506 Arianorum

2241 3542 2448 3614 prolem
2480 3557 2586 3598 non
2608 3543 3023 3614 sine'probabili
3053 3543 3270 3601 ratione
3299 3561 3330 3600 a
3359 3545 3668 3616 Hieronymo
3702 3535 3786 3594 dici

2239 3650 2421 3708 posse.
2445 3635 2560 3708 Ego
2581 3653 2710 3694 vero
2731 3639 2948 3709 opinor,
2973 3638 3118 3694 aliud
3142 3639 3278 3696 nihil
3301 3640 3543 3696 eumdem
3566 3637 3786 3704 Hierony-

2239 3745 2386 3785 mum
2420 3729 2524 3786 hoc
2559 3731 2680 3788 loco
2719 3731 2878 3800 velle,
2907 3748 3068 3804 quam
3095 3733 3154 3788 se
3181 3749 3378 3790 revera
3418 3742 3525 3790 tum
3552 3731 3615 3787 ab
3631 3726 3785 3786 eodem

2237 3823 2564 3880 Arianorum
2594 3826 2848 3896 prasule,
2878 3825 2990 3882 sive
3010 3825 3244 3883 Euzoius
3269 3827 3359 3883 ille
3379 3826 3552 3896 fuerit,
3571 3823 3672 3879 sive
3704 3819 3786 3874 Do-

2239 3916 2482 3985 rotlteus,
2515 3927 2625 3974 tum
2663 3933 2693 3974 a
2719 3919 3130 3990 Campensibus,
3162 3919 3468 3976 Meletianis
3510 3917 3712 3980 scilicet,
3727 3909 3782 3966 ob

2237 4027 2358 4067 eam
2386 4027 2604 4068 causam
2633 4023 2881 4070 vexatum
2907 4035 2923 4082 ;
2948 4015 3176 4086 ideoque
3199 4014 3335 4070 nihil
3357 4030 3387 4070 a
3406 4011 3569 4068 veteri
3595 4006 3782 4065 lectione

2237 4107 2587 4165 movendum.
2627 4107 2816 4181 Neque
2841 4109 2984 4165 enim
3030 4109 3256 4166 minoris
3300 4109 3613 4166 Arianorum
3652 4111 3780 4172 quam

2237 4203 2643 4261 Meletianorum
2671 4204 2930 4259 intererat
2951 4212 3060 4260 tres
3081 4203 3403 4277 hypostases
3440 4201 3562 4267 dici,
3598 4201 3781 4263 eratque

2239 4313 2345 4354 una
2383 4296 2683 4369 eademque
2711 4297 2952 4352 omnium
2982 4311 3166 4365 causa,
3197 4309 3522 4368 quamquam
3548 4305 3645 4348 non
3667 4285 3780 4342 idem

2239 4394 2479 4449 omnium
2507 4392 2648 4448 finis.
2683 4391 2820 4448 Hinc
2851 4393 2904 4448 in
2947 4391 3053 4448 alia
3099 4391 3352 4463 epistola,
3385 4390 3670 4460 Campenses
3690 4391 3782 4434 tum

2241 4485 2578 4542 Tarsensibus
2609 4483 2864 4541 haereticis
2915 4485 3182 4555 copulatas
3209 4485 3308 4554 ait,
3355 4483 3477 4556 quia
3518 4477 3783 4538 Meletiana-

533 4570 1004 4627 communicaret:
1037 4587 1216 4643 neque
1260 4574 1405 4628 enim
1425 4614 1442 4639 ,
1485 4573 1577 4644 qui
1634 4570 1913 4628 Paulinum
1957 4573 2131 4644 ipsum
2160 4576 2216 4639 D
2240 4595 2358 4636 rum
2392 4580 2622 4650 partium
2654 4578 2843 4645 duces,
2873 4578 3020 4636 vires
3057 4593 3180 4635 cum
3209 4577 3479 4634 hat-elicis
3507 4568 3716 4632 Arianis,
3740 4568 3784 4618 ei

531 4664 778 4736 ignorare
816 4677 878 4720 se
915 4665 1079 4737 paulo
1109 4675 1268 4722 antea
1305 4667 1660 4737 profitebatur
1685 4683 1898 4724 sacram
1940 4668 2008 4724 ab
2037 4683 2134 4725 eo-

531 4753 660 4812 dem
690 4755 1088 4812 ordinationem
1115 4758 1416 4829 accepisset
1465 4759 1597 4814 eitra
1626 4758 1728 4814 sibi
1764 4760 2133 4830 praescriptam

491 4849 498 4856 ’
534 4865 565 4905 a
589 4849 838 4906 Romano
861 4849 1116 4921 pontifice
1145 4851 1340 4923 legem.
1360 4851 1561 4908 Eorum
1579 4853 1758 4923 itaque
1783 4853 2132 4922 sententiam,

534 4944 628 5016 qui
664 4945 952 5000 Damasum
985 4946 1322 5016 hypostaseos
1348 4961 1484 5003 voce
1529 4946 1597 5002 ad
1623 4945 1986 5019 designandas
2009 4963 2136 5019 per-

532 5054 699 5096 sonas
723 5055 878 5096 usum
903 5041 1193 5113 aliquando
1215 5041 1380 5099 fuisse
1399 5052 1673 5111 asserunt,
1699 5059 1986 5101 erroneam
2011 5060 2136 5103 esse

535 5140 753 5190 constat
794 5149 862 5190 ex
905 5133 1235 5208 Hieronymo
1277 5136 1440 5206 ipso:
1474 5137 1737 5208 siquidem
1786 5137 1853 5193 ad
1896 5137 2132 5195 Marcum

531 5227 916 5298 presbyterum
975 5226 1172 5284 deinde
1220 5227 1325 5285 ait:
1355 5227 1670 5285 Hareticum
1719 5245 1799 5285 me
1838 5246 1954 5285 cum
1983 5229 2134 5286 Occi-

532 5320 702 5389 dente,
745 5320 1044 5377 hareticum
1075 5337 1191 5376 cum
1241 5320 1494 5396 £gypto,
1537 5323 1592 5378 id
1621 5333 1696 5379 est
1723 5339 1841 5378 cum
1887 5322 2132 5392 Damaso,

531 5409 790 5487 Petroque
818 5416 1176 5473 condemnent.
1225 5415 1364 5483 Quid
1403 5433 1563 5474 unum
1604 5417 1864 5474 hominem
1903 5417 2134 5490 exceptis

605 5560 688 5636 (ᾳ)
728 5559 985 5636 PraefLad
1001 5570 1132 5619 tom.
1162 5561 1251 5632 111,
1288 5561 1317 5636 ί
1349 5562 1404 5619 5.

611 5632 692 5706 (by)
737 5631 839 5706 _Vit.
864 5633 1042 5706 Hier.,
1072 5650 1192 5706 cap.
1219 5631 1307 5692 ΗΣ

607 5703 877 5778 (ᾠξᾼριιά
903 5705 1091 5778 Cyrill.
1121 5703 1211 5778 ep.
1242 5707 1332 5765 13.
1373 5739 1379 5746 -

604 5771 805 5846 (α’)ξᾹίΙ
835 5771 965 5832 ειηηῖ
986 5778 1114 5846 378,
1145 5771 1296 5838 lium.
1330 5780 1420 5838 57.

2239 4673 2465 4729 consilia
2515 4672 2570 4727 in
2599 4686 2662 4728 ea
2691 4671 3042 4728 contentione
3082 4671 3494 4743 conjunxerant.
3546 4661 3782 4722 Falluﬂiu'

2240 4765 2424 4837 itaque
2445 4779 2570 4821 meo
2593 4764 2824 4836 judicio,
2855 4765 2949 4838 qui
2979 4766 3110 4821 cives
3138 4763 3415 4820 Tarsenses
3453 4757 3552 4818 hoc
3591 4757 3696 4813 loco
3727 4745 3782 4802 ab

2240 4858 2572 4930 Hieronymo
2625 4861 2894 4915 hareticos
2923 4860 3098 4916 dictos
3131 4868 3339 4930 putant,
3367 4872 3432 4914 ac
3461 4856 3512 4912 in
3557 4848 3698 4919 hujus
3719 4839 3780 4897 τοί

2240 4951 2604 5024 perquireuda
2655 4936 2816 5009 causa
2855 4952 3126 5009 laborant.
3182 4951 3484 5026 Campenses
3529 4944 3653 5002 enim
3689 4946 3783 4992 cum

2238 5045 2579 5104 Tarsensibus
2603 5047 2744 5103 idem
2779 5047 3135 5120 Hieronymus
3152 5047 3348 5119 jungit,
3391 5045 3508 5116 quia
3537 5034 3780 5096 Flavianus

2238 5149 2295 5196 et
2320 5140 2609 5208 Diodorus,
2637 5141 2726 5212 qui
2754 5139 2960 5197 Silvani
2998 5139 3282 5197 Tarsensis
3305 5133 3538 5210 episcopi
3571 5129 3780 5186 alumnus

2237 5231 2436 5303 fuerat,
2483 5235 2893 5292 Meletianarum
2922 5235 3154 5306 partium
3177 5233 3466 5293 Catholicis
3494 5217 3777 5297 coniunctim

2238 5341 2540 5401 praerant;
2575 5339 2801 5402 uterque
2837 5345 2968 5386 vero
2995 5345 3120 5387 cum
3171 5329 3420 5387 hareticis
3446 5321 3692 5396 copulatus
3710 5311 3778 5367 vi.

2237 5421 2357 5480 deri
2389 5434 2620 5495 poterat,
2651 5433 2764 5482 tum
2791 5424 2934 5498 quod
2963 5440 3124 5483 unam
3153 5440 3276 5482 cum
3318 5421 3527 5480 Arianis
3543 5409 3774 5472 eamdem-

2309 5571 2384 5709 ξε)
2421 5571 2541 5628 Lib.
2571 5587 2626 5635 v,
2657 5588 2778 5646 cap.
2810 5573 2864 5632 3.

2333 5643 2378 5709 f)
2416 5643 2571 5709 Apud
2595 5644 2864 5702 Theodor.

2333 5643 2379 5722 ο
2416 5643 2571 5722 ᾼριιά
2595 5643 2870 5722 Theudor.
2903 5645 3001 5706 lib.
3027 5662 3103 5722 Iv,
3131 5661 3254 5722 cap.
3287 5645 3341 5705 8ο

2308 5713 2387 5788 (9)
2425 5715 2544 5774 Lib.
2576 5732 2649 5788 tv,
2681 5733 2801 5792 cap.
2827 5717 2881 5777 8.
