3998 6346
218 281 311 339 185

1547 278 2079 366 pnocsconsut.

3368 293 3472 352 186

205 412 298 468 que
325 407 530 451 causam
561 392 615 448 in
645 391 816 449 tribus
843 392 1222 466 bypostasibus
1247 395 1384 451 tueri
1414 395 1764 464 videbantur,
1796 402 1850 462 Α
1875 399 2104 468 scriptas
2130 398 2293 457 fuisse
2319 408 2552 472 Oportet.
2583 402 2779 461 Earum
2829 407 3034 466 mentio
3069 417 3152 466 est
3184 417 3294 468 tum
3322 416 3465 486 apud

203 497 301 545 tum
346 486 502 559 quod,
539 485 985 560 Theodoreto(a)
1022 503 1087 544 ac
1127 487 1490 560 Philostorgio
1519 492 1766 558 testibus,

203 583 488 654 promiscua
519 591 638 636 erat
678 581 818 637 inter
845 581 1160 638 Meletianos
1196 592 1251 638 et
1281 583 1515 639 Arianos
1544 626 1557 650 ,
1591 600 1771 655 preca-

201 677 399 742 tionum,
451 675 787 745 hymnorum,
824 676 1274 741 consultationum,
1306 677 1624 748 aliorumque
1662 693 1772 730 om-

198 772 344 834 nium,
398 771 446 822 si
491 771 762 841 mysticum
805 771 1118 840 sacrificium
1171 771 1411 844 excipias
1442 814 1457 838 ,
1504 788 1770 827 sacrarunt

197 861 511 918 communio.
542 860 681 927 Quid
707 863 851 918 enim
893 862 1210 928 Tarsenses,
1241 864 1285 918 si
1317 864 1405 934 qui
1436 863 1574 918 forte
1602 863 1770 919 hatre-

197 955 302 1010 ticis
327 953 668 1010 adhaeserant
696 970 821 1011 cum
876 955 1231 1011 Antiochenis
1272 955 1587 1022 Catholicis,
1617 971 1769 1012 com-

196 1063 340 1104 mune
367 1047 626 1114 habuere,
652 1057 708 1104 ut
735 1063 830 1105 eos
876 1048 1237 1122 Hieronymus
1259 1049 1363 1104 hoc
1384 1051 1504 1105 loco
1527 1066 1638 1120 prae
1665 1065 1769 1106 ca:-

195 1143 307 1198 teris
319 1142 570 1198 omnibus
589 1157 877 1212 espressos
890 1144 1039 1198 velit.
1059 1143 1173 1199 Hoc
1195 1145 1387 1198 iterum
1409 1144 1768 1217 Hieronymus

192 1237 293 1307 ipse
330 1236 533 1293 indicat
562 1279 576 1304 ,
608 1237 660 1292 iu
698 1237 924 1306 epistola
957 1237 1024 1293 ad
1070 1238 1307 1292 Marcum
1348 1239 1719 1310 presbyterum
1748 1278 1764 1302 ,

189 1343 294 1384 cum
343 1329 440 1396 ait,
493 1328 807 1384 Sabelliame
875 1329 1156 1398 impietatis
1203 1346 1429 1402 arguor,
1490 1330 1767 1384 subsisten-

189 1431 268 1489 tes,
285 1438 452 1489 ueras,
487 1423 731 1494 integras,
757 1427 1110 1493 perfectasque
1126 1441 1372 1494 personas
1392 1425 1730 1496 pronuntians
1746 1441 1765 1479 .°

186 1518 223 1571 si
244 1517 300 1570 ab
327 1517 562 1581 Arianis,
587 1519 764 1572 merito
789 1534 803 1571 :
833 1518 877 1570 si
902 1517 966 1571 ab
985 1518 1284 1572 orthodoxis
1307 1561 1321 1584 ,
1349 1520 1436 1588 qui
1464 1518 1766 1592 hujusmodi

187 1619 384 1680 arguunt
433 1609 592 1679 ﬁdem
623 1652 638 1676 ,
681 1610 960 1664 orthodoxi
1004 1627 1112 1664 esse
1161 1611 1442 1666 desierunt.
1475 1611 1764 1682 Utramque

186 1703 309 1758 enim
333 1705 624 1760 factionem
659 1715 830 1772 notat,
866 1720 896 1758 a
921 1720 1024 1775 qua
1056 1705 1334 1762 molestias
1364 1706 1482 1761 illas
1511 1705 1652 1762 ferre
1673 1722 1766 1762 co-

1871 490 2150 549 Socratem
2178 534 2192 556 ,
2240 505 2350 550 tum
2395 497 2538 566 apud
2578 497 2937 558 Sozomeuum
2979 504 3052 577 (c)
3081 546 3094 571 ,
3137 508 3228 578 qui
3271 510 3463 567 eodem

1875 593 2150 655 tempore,
2194 602 2313 656 quae
2344 588 2558 645 illarum
2610 593 2688 646 vis
2716 605 2896 662 esset,
2943 612 3044 652 nos
3070 598 3306 668 docent,
3340 617 3463 659 cum

1872 694 2060 735 eorum
2101 680 2236 737 alter
2278 692 2333 738 et
2371 686 2852 746 consubstantialis
2895 691 3091 763 ﬁdem,
3127 704 3182 753 et
3217 697 3363 754 Petri
3409 700 3462 756 in

1871 773 2057 831 sedem
2105 777 2527 837 Alexandrinam
2586 784 2996 844 collocationem
3045 806 3061 856 ;
3131 792 3273 848 alter
3333 810 3462 851 vero

1872 867 2270 926 ordinationem
2301 888 2330 926 a
2365 874 2593 931 Damaso
2631 878 3003 936 conﬁrmatam
3049 883 3254 952 scribit,
3303 894 3465 959 atque

1872 959 1944 1015 ita
1979 969 2206 1034 uterque
2228 964 2366 1035 ejus,
2394 983 2512 1038 qua:
2540 968 2786 1026 Romano
2814 975 3051 1042 pontiﬁci
3080 977 3241 1046 inest,
3275 991 3461 1035 aucto-

1871 1054 2042 1110 ritatis
2071 1058 2344 1127 specimen
2366 1061 2653 1119 Damasum
2677 1063 2892 1122 dedisse
2918 1066 3137 1127 fatetur.
3192 1071 3306 1127 Huc
3328 1089 3460 1131 sane

1870 1152 2176 1220 respexisse
2210 1153 2378 1225 liquet
2409 1156 2728 1215 Eutheriqu
2753 1160 3142 1231 Thianeusem,
3185 1177 3238 1222 et
3278 1169 3461 1226 Hella-

1869 1241 2014 1298 dium
2043 1243 2366 1303 Tarsensem
2409 1253 2728 1325 episcopos,
2769 1256 2858 1326 qui
2893 1255 2964 1312 ita
2991 1258 3056 1314 ad
3084 1260 3296 1318 Xistum
3325 1266 3461 1322 scri-

1869 1337 2041 1394 bunt:
2093 1340 2162 1395 Et
2191 1343 2312 1396 olim
2355 1350 2546 1418 smptus
2574 1364 2637 1403 ex
2665 1349 2987 1407 Alexandria
3019 1357 3275 1413 hwreticis
3316 1360 3459 1414 ziza-

1869 1430 1970 1484 niis
2000 1432 2388 1504 insurgentibus
2427 1438 2629 1506 su/Tecit
2661 1451 2823 1497 vestra
2868 1447 3154 1515 apostolica
3190 1451 3334 1505 sedes
3372 1469 3464 1522 per

1867 1526 2165 1582 uniuersum
2202 1541 2402 1602 tempus
2451 1533 2591 1588 istud
2623 1577 2638 1603 ,
2690 1539 2760 1591 ad
2797 1540 3123 1595 mendacium
3157 1545 3458 1600 convincen-

1869 1619 2021 1687 dum,
2056 1622 2463 1697 impietatemque
2493 1629 2872 1699 reprimendum
2895 1675 2911 1702 ,
2944 1644 2992 1690 et
3021 1636 3323 1707 corrigenda
3347 1656 3460 1710 qua:

1865 1717 2208 1768 necessarium
2251 1718 2372 1788 fuit,
2412 1721 2846 1794 muniendumque
2887 1727 3058 1780 orbem
3090 1737 3345 1784 terrarum
3389 1731 3458 1785 ad

185 1794 406 1867 gebatur.
463 1795 599 1851 Hinc
627 1811 755 1852 vero
781 1797 963 1867 colligi
1004 1797 1164 1852 etiam
1207 1806 1393 1868 aperte
1419 1808 1616 1867 potest,
1650 1798 1757 1854 haec

1868 1809 2092 1879 gloriam
2119 1809 2338 1878 Christi,
2387 1823 2493 1869 tam
2520 1817 2612 1871 sub
2655 1820 2748 1873 illo
2778 1831 2854 1876 ter
2896 1821 3041 1879 beato
3082 1827 3322 1897 episcOpo
3355 1826 3460 1882 Da-

185 1889 474 1945 Autiochia:
497 1900 648 1961 gesta
682 1891 866 1956 fuisse,
887 1901 1174 1961 antequam
1204 1891 1452 1947 Meletius
1473 1908 1538 1948 eo
1570 1893 1760 1948 iterum

185 1995 413 2042 reversus
438 1990 610 2047 esset,
630 1991 791 2053 atque
814 1983 935 2038 ideo
957 1983 1054 2040 has
1081 1983 1360 2054 epistolas,
1385 1999 1450 2040 co
1471 2000 1629 2056 quem
1652 1984 1762 2041 dixi

184 2089 304 2129 anno
328 2074 571 2144 scriptas
597 2089 716 2130 esse
746 2085 1016 2144 Oportere.

239 2165 319 2221 IV.
358 2165 520 2222 Nunc
574 2171 926 2237 quaerendum
983 2179 1195 2238 restat,
1255 2185 1353 2226 cur
1399 2172 1758 2246 Hieronymus

187 2260 394 2317 Vitalem
426 2276 530 2334 pro
554 2261 826 2318 catholico
855 2263 1137 2332 habuerit,
1167 2275 1328 2335 atque
1359 2282 1484 2322 cum
1511 2276 1764 2324 numeret

183 2352 306 2409 inter
344 2356 662 2426 episcopos,
701 2357 790 2426 qui
819 2356 1048 2412 Damaso
1077 2359 1268 2414 tiwrere
1293 2375 1351 2415 se
1380 2359 1640 2415 dicerent.
1676 2361 1759 2414 An

181 2462 292 2502 vero
317 2448 572 2504 Romano
601 2449 844 2520 pontiﬁci
875 2451 1068 2506 Ita’rere
1097 2453 1428 2524 Hieronymo
1455 2454 1625 2509 videri
1669 2470 1762 2523 po-

182 2550 318 2609 terat,
366 2543 463 2614 qui
504 2544 836 2615 Apollinario
877 2546 1122 2616 parebat,
1172 2558 1332 2615 atque
1371 2548 1653 2604 ordinatus
1693 2549 1760 2606 ab

181 2633 258 2688 illo
314 2634 538 2702 fuerat,
605 2636 674 2692 ab
727 2636 969 2692 Ecclesia
1015 2637 1125 2708 jam
1173 2639 1456 2710 projecto?
1522 2639 1636 2712 Ego
1681 2640 1761 2696 sic

181 2727 451 2793 existimo,
496 2727 730 2785 Vitalem
771 2731 1078 2786 ordinatum
1113 2731 1182 2786 ab
1218 2734 1554 2803 Apollinario
1594 2735 1760 2790 fuisse

181 2837 270 2876 non
305 2823 402 2877 diu
439 2832 725 2894 postquam
763 2839 794 2878 a
823 2825 1054 2880 Damaso
1081 2825 1239 2881 rediit
1274 2843 1394 2881 cum
1419 2828 1760 2883 communio-

182 2917 251 2972 nis
284 2918 525 2984 litteris;
574 2918 736 2990 idque
762 2919 888 2976 dolo
927 2922 1092 2985 malo.
1139 2931 1300 2993 atque
1327 2939 1450 2979 eum
1490 2923 1543 2979 in
1571 2924 1756 2993 ﬁnem,

181 3026 237 3065 ne
269 3026 296 3065 a
322 3010 558 3066 Paulino
597 3014 715 3084 cogi
753 3024 937 3085 posset
975 3014 1043 3069 ad
1079 3015 1525 3072 subscribendum
1559 3019 1760 3073 formu-

180 3102 286 3170 lam,
327 3120 493 3176 quam
541 3105 621 3161 illi
657 3121 687 3160 a
719 3107 947 3164 Damaso
991 3112 1360 3165 transmissum
1395 3122 1640 3166 noverat.
1680 3111 1758 3167 Ne

181 3210 292 3252 vero
344 3197 667 3254 val’errimus

179 3290 449 3361 injiceret,
499 3293 782 3350 Paulinum
821 3295 1221 3352 Sabelliattismi
1263 3300 1510 3355 incusare
1539 3341 1552 3365 ,
1595 3313 1758 3371 atque

180 3385 277 3452 ejus
343 3388 778 3442 communionem
831 3389 1004 3459 palam
1057 3392 1274 3461 ejurare
1321 3392 1517 3448 deinde
1569 3399 1755 3466 coepit.

182 3473 304 3531 lieni
345 3489 528 3533 narrat
571 3479 902 3550 Epiphanius
955 3482 1068 3554 (ὁ),
1129 3483 1218 3554 qui
1252 3485 1598 3542 Antiochiam
1640 3503 1760 3545 sese

189 3574 476 3630 contulerat
520 3589 664 3630 anno
693 3577 821 3646 576,
864 3587 923 3632 ut
959 3589 1248 3648 utrumque
1287 3582 1432 3637 inter
1472 3598 1532 3638 se
1572 3585 1756 3639 conci-

183 3663 340 3723 liaret.
386 3667 594 3726 Interea
638 3686 766 3727 vero
824 3672 1190 3742 Apollinarius
1231 3691 1295 3732 ac
1332 3677 1648 3735 Timotheus
1689 3681 1758 3738 ab

184 3757 403 3816 Ecclesia
441 3763 632 3831 ejecti,
701 3781 765 3820 ac
812 3781 1001 3823 eorum
1042 3771 1481 3843 asseclarumque
1529 3775 1756 3832 haeresis

184 3867 208 3906 a
234 3855 450 3911 Damaso
496 3873 621 3914 cum
663 3858 907 3916 Romana
948 3863 1158 3936 synodo
1199 3869 1498 3938 proseripta
1533 3878 1635 3926 est.
1685 3870 1756 3924 At

186 3945 354 4004 Vitalis
381 3949 612 4007 Damaso
652 3967 774 4009 sese
813 3954 1024 4011 haerere
1057 3956 1300 4024 dicebat,
1347 3976 1455 4016 non
1499 3977 1658 4017 secus
1693 3977 1755 4018 ac

185 4038 446 4112 llelctius,
509 4060 573 4100 ac
611 4045 914 4114 Paulinus,
985 4049 1100 4104 sive
1141 4050 1266 4121 quia
1311 4052 1428 4122 ejus
1475 4055 1550 4108 rei
1612 4053 1753 4110 fama

185 4134 403 4191 nondum
431 4138 772 4216 Antiochiam
814 4152 1176 4210 pervenerat,
1227 4159 1349 4200 cum
1395 4145 1754 4218 Hieronymus

186 4228 446 4295 scriberet,
486 4233 603 4286 sive
638 4233 765 4303 quia
805 4234 1146 4301 nominatim,
1195 4244 1253 4290 ut
1292 4237 1498 4304 caeteri,
1531 4239 1754 4295 minime

186 4317 480 4390 damnatus,
526 4323 692 4379 fultus
753 4334 1018 4395 praetcrea
1063 4329 1462 4385 communionis
1509 4331 1706 4387 litteris
1735 4374 1750 4398 ,

184 4431 302 4487 quas
325 4421 446 4476 olim
477 4437 508 4475 a
535 4421 770 4478 Damaso
795 4425 1150 4494 surripuerat,
1176 4441 1239 4481 ac
1271 4427 1612 4484 simulatione
1642 4430 1750 4484 vir-

188 4512 298 4566 tutis
331 4523 381 4569 et
417 4515 700 4585 religionis
725 4557 740 4584 ,
794 4517 1194 4586 procatholico
1239 4533 1362 4574 sese
1401 4529 1646 4590 gereret,
1695 4530 1751 4577 et

1866 1917 2032 1968 ntaso,
2060 1921 2212 1975 quam
2239 1908 2473 1976 pluribus
2495 1913 2614 1968 aliis
2636 1913 2736 1986 ((1).
2767 1916 2894 1973 Haec
2919 1928 3098 1975 autem
3125 1937 3247 1978 cum
3277 1923 3459 1996 Lupus

1866 2007 2178 2054 annotasset
2225 2004 2500 2071 pertinere
2548 2007 2613 2062 ad
2647 2008 2795 2066 Petri
2826 2011 3174 2071 Alexandrini
3224 2017 3276 2073 in
3327 2018 3460 2076 sedc

1865 2091 2357 2162 conﬁrmationem,
2392 2098 2648 2170 Luciique
2675 2102 2862 2160 Ariani
2894 2106 3317 2177 damnationem,
3351 2111 3456 2166 Ba-

1866 2182 2038 2239 luzius
2063 2202 2185 2242 eum
2216 2203 2402 2246 errare
2432 2192 2786 2252 vehementer
2815 2200 3009 2269 inquit,
3040 2216 3162 2257 cum
3191 2204 3452 2261 Damasus

1865 2293 1971 2334 non
2021 2282 2169 2336 solus
2199 2326 2212 2350 ,
2274 2284 2367 2340 sed
2415 2301 2537 2341 cum
2586 2290 2820 2346 concilio
2850 2286 3018 2349 Italiae
3058 2304 3112 2350 et
3159 2297 3321 2353 totius
3349 2297 3454 2354 Oc-

1865 2375 2092 2432 cidentis
2121 2377 2344 2435 Lucium
2375 2380 2719 2439 damnaverit
2747 2385 2842 2458 (ε).
2902 2386 3056 2444 Unde
3083 2398 3262 2445 autem
3293 2406 3457 2463 syno-

1864 2469 1990 2524 dum
2024 2471 2165 2526 illam
2196 2472 2446 2531 Baluzius
2470 2490 2538 2532 ex
2568 2477 2821 2534 omnibus
2849 2478 3158 2536 Occidentis
3187 2482 3456 2555 episcopis

1863 2569 2142 2625 collectam
2203 2571 2422 2641 probet,
2477 2574 2590 2643 ipse
2644 2575 2886 2632 viderit:
2936 2593 3038 2649 ego
3069 2580 3214 2635 enim
3257 2593 3455 2651 praeter

1868 2661 2086 2718 Petrum
2122 2665 2296 2734 ipsum
2317 2706 2331 2730 ,
2365 2681 2432 2721 ex
2469 2667 2880 2735 suburbicariis,
2911 2679 3075 2742 atque
3106 2671 3192 2738 iis,
3225 2673 3316 2743 qui
3348 2673 3457 2728 Ro-

1863 2773 2023 2813 mano
2052 2761 2293 2830 pontiﬁci
2326 2771 2525 2832 przesto
2556 2777 2678 2819 esse
2708 2764 2905 2830 solent,
2935 2765 3208 2837 episcopis
3233 2781 3456 2837 compo-

1863 2851 2020 2908 sitam
2067 2853 2234 2911 l'uisse
2279 2855 2625 2912 crediderim.
2669 2856 2940 2914 Czeterum
2992 2861 3171 2930 inepta
3221 2875 3448 2931 prorsus

1863 2946 2174 3003 observatio
2217 2958 2333 3015 est,
2375 2965 2699 3022 quamquam
2750 2952 2878 3019 alii,
2928 2953 3020 3022 qui
3067 2968 3172 3008 non
3204 2969 3359 3025 sequo
3402 2955 3455 3009 in

1862 3040 2047 3097 sedem
2081 3043 2432 3114 apostolicam
2458 3043 2640 3100 animo
2668 3057 2814 3112 sunt,
2848 3063 2911 3102 ea
2943 3047 3015 3102 uti
3045 3049 3273 3104 soleant.
3316 3048 3451 3105 Nam

1861 3149 1982 3204 quae
2031 3134 2198 3190 fuerit
2243 3137 2298 3190 in
2330 3135 2570 3192 Romana
2620 3138 2831 3210 synodo
2874 3141 3252 3211 episcoporum
3283 3141 3451 3197 Italia:

727 3200 890 3258 homo
931 3203 1128 3258 malam
1175 3205 1244 3260 de
1291 3221 1352 3261 se
1394 3208 1755 3276 su3picionem

1866 3234 2158 3284 auctoritas
2178 3271 2193 3295 ,
2245 3231 2346 3301 ipsi
2376 3240 2563 3301 aperte
2591 3232 2862 3300 eitplicant
2885 3275 2900 3298 ,
2952 3242 3011 3289 ut
3040 3250 3200 3290 nemo
3229 3235 3452 3302 melius,

1859 3336 1981 3377 cum
2009 3322 2076 3376 ad
2104 3323 2335 3378 clericos
2390 3332 2446 3378 et
2510 3325 2806 3380 monachos
2836 3326 3138 3382 Orientales
3169 3328 3286 3382 hare
3314 3330 3453 3384 scri-

1859 3412 1993 3468 bunt
2036 3431 2048 3468 :
2109 3413 2319 3479 Quoties
2375 3416 2510 3470 intra
2555 3415 2767 3470 Italiam
2824 3428 3028 3490 prapter
3077 3419 3451 3476 ecclesiasticas

1857 3521 2062 3573 causas,
2098 3506 2354 3578 praecipue
2382 3507 2528 3576 ﬁdei,
2561 3509 2876 3580 colliguntur
2897 3507 3110 3564 Domini
3135 3512 3448 3578 sacerdotes,

1858 3598 2171 3652 consuetudo
2219 3600 2511 3666 retinetur,
2567 3611 2624 3654 ut
2677 3617 2936 3657 successor
2983 3604 3262 3673 prwsulum
3315 3605 3451 3662 sedis

1857 3694 2158 3764 apostolica:
2197 3710 2260 3747 ea:
2299 3711 2517 3764 persona
2561 3706 2858 3750 cunctorum
2895 3695 3067 3751 Italia:
3102 3699 3444 3766 sacerdotum,

1848 3791 2007 3862 juxta
2036 3788 2437 3842 sollicitudinem
2469 3789 2566 3842 sibi
2593 3789 2941 3844 Ecclesiarum
2977 3791 3205 3845 omnium
3246 3808 3450 3862 campe-

1858 3891 2045 3936 tentem
2092 3889 2273 3935 cuncta
2319 3882 2628 3948 constituat,
2680 3884 2768 3951 qui
2807 3893 2962 3951 caput
2991 3893 3062 3938 est
3090 3885 3315 3938 omnium
3347 3885 3443 3956 (Γ).

1857 3975 1989 4030 Nam
2023 3976 2110 4046 qui
2140 3985 2332 4030 cuncta
2365 3977 2678 4044 constituit,
2727 3979 2794 4032 ad
2835 3978 2986 4034 illum
3015 3993 3084 4034 ex
3111 3994 3298 4034 eorum
3331 3980 3448 4049 epi-

1857 4083 2151 4140 scoporum
2183 4070 2456 4126 sententia
2484 4073 2719 4143 pertinet
2747 4072 3064 4140 decernere,
3087 4073 3216 4145 quid
3245 4072 3449 4130 facien-

1857 4166 1984 4223 dum
2013 4167 2082 4224 ab
2111 4168 2232 4223 aliis
2259 4169 2348 4225 sit.

2454 4284 2681 4343 CAPUT
2719 4285 2858 4342 Xlll.

1855 4399 1990 4467 578,
2030 4399 2256 4468 Diuum
2305 4401 2404 4466 15,
2463 4399 2722 4456 VALENTI-1
2761 4416 2813 4456 vr
2868 4415 2937 4455 ετ
2978 4398 3382 4456 νΑιεΝτιΝιΑΝο
3414 4399 3450 4455 tt

2503 4495 2616 4548 AA.
2664 4508 2808 4549 coss.

188 4603 452 4665 Ecclesium
497 4611 730 4668 falleret.
792 4611 946 4667 Hunc
989 4613 1228 4682 proiecto
1264 4613 1446 4669 ludum
1491 4613 1749 4686 deinceps
1775 4604 1827 4664 D
1855 4606 1895 4663 Ι.
1923 4606 2183 4662 Gracchus
2248 4608 2346 4662 hoc
2387 4623 2520 4662 anno
2570 4608 2638 4663 Ρ.
2677 4607 2743 4663 Η.
2778 4607 2990 4663 Μὶιιινω
3037 4607 3282 4678 spelaeum
3333 4607 3450 4662 des-

189 4699 324 4755 etiam
381 4702 474 4758 diu
535 4703 734 4760 lusisse
789 4704 1050 4761 discimus
1091 4722 1156 4761 ex
1201 4707 1474 4764 Ambrosii
1518 4709 1746 4780 epistola

190 4795 241 4848 ad
263 4795 615 4854 Theodosium
644 4799 1028 4868 imperatorem
1051 4843 1066 4868 ,
1113 4811 1275 4872 atque.
1317 4817 1346 4854 a
1381 4802 1616 4858 secunda
1644 4804 1748 4858 Na-

189 4889 393 4947 zianzeni
422 4893 489 4948 ad
513 4893 833 4949 Cledouium
861 4909 996 4966 quas
1023 4894 1253 4964 expendi
1278 4894 1438 4950 diatr.
1463 4896 1520 4962 2,
1551 4898 1743 4970 cap.4;

187 4995 240 5037 ex
276 4985 436 5057 iisque
471 5002 578 5042 nou
621 4988 856 5043 obscure
880 4988 1185 5059 colligimus
1227 4990 1572 5045 valerrimum
1613 4993 1746 5048 illud

188 5092 318 5150 caput
342 5098 610 5154 nunquam
642 5081 812 5139 fuisse
836 5083 904 5138 ab
929 5084 1164 5140 Ecclesia
1197 5096 1385 5156 aperte
1415 5085 1743 5156 projectum,

187 5183 315 5246 atque
352 5179 489 5234 inter
531 5177 818 5234 harreticos
860 5179 1272 5250 proclamatum.

242 5267 294 5323 ν.
339 5270 579 5326 Diximus
619 5270 840 5328 Petrum
885 5272 1314 5330 Alexandrinum
1361 5274 1465 5331 hoc
1498 5290 1640 5333 anno
1679 5277 1745 5333 ad

184 5356 447 5420 Ecclesium
473 5379 630 5421 suam
654 5380 958 5422 reversum.
1001 5367 1186 5436 Itaque
1208 5369 1416 5425 litteras
1441 5370 1582 5435 illas,
1611 5386 1744 5443 quas

183 5466 204 5504 a
227 5453 437 5514 Damaso
459 5473 646 5516 secum
671 5460 870 5530 attulit,
895 5476 1125 5534 quisque
1150 5462 1452 5534 perierunt,
1476 5464 1579 5522 ltoc
1601 5482 1746 5524 anno

208 5613 310 5692 ⁸,(α)
347 5612 616 5692 Τιιεοάρτ;
654 5611 816 5680 Hist.,
859 5610 950 5681 3.,
982 5609 1076 5668 nn.
1111 5626 1172 5679 ιι,
1212 5626 1331 5685 cap.
1361 5595 1468 5682 at;
1515 5612 1745 5672 Phllost.

188 5680 271 5738 lib.
293 5680 376 5751 tu,
398 5701 518 5758 cap.
549 5684 640 5741 M.
936 5680 942 5681 ⁷
1279 5680 1295 5685 ’

252 5755 323 5842 φ)
360 5757 484 5842 Her.
516 5758 759 5842 cap.
790 5754 881 5812 20.
929 5828 999 5842 __
1055 5829 1140 5842 "ﬂ
1323 5828 1356 5842 ῃ

259 5825 321 5892 (ε)
361 5827 537 5899 Socr.,
563 5827 658 5889 lib.
688 5825 768 5897 iv,
791 5842 914 5900 cap.
929 5828 1021 5888 '57.
1053 5829 1298 5899 Sozam,
1323 5828 1418 5890 lib.
1436 5845 1511 5904 vt,
1531 5847 1649 5905 cap.
1664 5834 1754 5892 59.

1847 4773 1870 4783 _
1926 4704 2078 4769 truit,
2106 4719 2167 4758 ac
2195 4720 2308 4774 qua:
2335 4703 2549 4759 Damasi
2576 4705 2629 4758 in
2661 4722 2718 4760 ea
2748 4721 2804 4758 re
2844 4714 3036 4775 partes.
3061 4703 3124 4759 ll.
3161 4703 3449 4759 Romanum

1925 4795 2187 4864 quoddam
2208 4797 2501 4863 concilium,
2528 4800 2733 4870 ejusque
2758 4796 2826 4850 ad
2857 4795 3163 4850 Gratianum
3179 4841 3192 4864 ,
3223 4812 3336 4868 qua
3360 4812 3449 4850 ea:-

1923 4897 2030 4944 tant
2051 4890 2247 4945 litteras
2274 4891 2341 4945 ad
2370 4890 2507 4945 hunc
2535 4908 2728 4945 annum
2757 4907 2966 4947 erronee
2988 4891 3301 4962 consignari.

1923 5003 1965 5058 I.
2009 5003 2108 5059 Hic
2149 5019 2323 5059 annus
2365 5005 2546 5060 clarus
2585 5015 2667 5061 est
2712 5008 2765 5060 in
2812 5004 3178 5061 ecclesiastica
3222 5003 3444 5060 historia

1853 5096 1924 5152 ob
1954 5107 2160 5166 partam
2193 5097 2453 5154 Ecclesia:
2481 5113 2666 5169 pacem
2694 5097 2940 5154 Valentis
2966 5098 3134 5153 obitu.
3178 5095 3441 5152 Czeternm

1851 5191 1995 5262 quod
2027 5190 2091 5245 ad
2125 5191 2343 5247 Damasi
2393 5209 2480 5248 res
2511 5204 2686 5260 gestas
2715 5193 2930 5259 attinet,
2957 5195 3074 5262 ejus
3105 5191 3443 5262 potissimum

1851 5283 2030 5338 studio
2059 5283 2247 5341 referri
2283 5295 2486 5353 potest,
2519 5285 2661 5358 quod
2692 5285 3004 5352 Gracchus,
3033 5301 3147 5338 cum
3174 5284 3444 5357 prtefectu-

1850 5394 1960 5432 ram
1990 5388 2185 5449 gereret
2217 5377 2499 5448 Urbanam,
2519 5381 2759 5450 spelwum
2792 5381 3020 5444 Mil/me,
3045 5386 3090 5432 et
3116 5372 3289 5432 omnia
3318 5392 3443 5446 por-

1852 5479 2055 5528 tentosa
2084 5472 2402 5546 simulacra},
2451 5474 2636 5546 quibus
2663 5473 2836 5531 Corax
2861 5516 2877 5543 ,
2927 5471 3167 5544 Grypltus
3192 5512 3208 5538 ,
3257 5468 3442 5538 Miles,

1927 5619 2007 5695 (di
2051 5619 2188 5695 Dup.
2219 5622 2270 5678 in
2303 5621 2559 5695 Synodic.
2593 5637 2712 5694 cap.
2744 5623 2866 5677 117.

1937 5689 2014 5764 (c)
2055 5689 2282 5764 Collect.
2309 5689 2516 5750 Concil.
2546 5689 2698 5757 novi,
2730 5709 2784 5764 p.
2814 5693 2940 5758 817,
2973 5697 3089 5746 not.
3117 5708 3165 5746 c.

1935 5761 2255 5836 (nﬁoncil.
2290 5765 2448 5823 Rom.
2475 5783 2533 5835 u,
2557 5765 2657 5824 sub
2677 5761 2872 5836 Folio,
2893 5770 3069 5823 contr.
3094 5764 3257 5825 Acac.
3281 5761 3440 5823 Cone.

1860 5841 1992 5893 tom.
2018 5834 2086 5904 ν,
2116 5835 2254 5896 Ven.
2283 5837 2415 5896 edit.

3953 1915 3955 1972 ι
