3998 6346
562 227 666 287 I81

1799 235 2112 305 SANCTUS
2148 242 2470 308 Damasus
2507 248 2713 310 Papa.
3688 274 3768 330 tss

566 345 703 414 Leo,
739 347 960 417 Perses,
994 351 1204 420 Helias,
1253 354 1494 414 Bromius
1519 369 1665 430 pater
1693 362 2000 430 initiantur,
2031 363 2155 418 διώ-
2179 367 2232 428 Α
2257 373 2450 422 rentur
2483 365 2579 442 (ε).
2645 367 2782 426 Hinc
2821 385 2942 426 cum
2988 369 3339 448 Hieronymus
3382 379 3598 450 scribat,
3631 383 3768 444 Grac.

564 441 744 506 uertit,
783 441 935 515 [regit
954 485 970 509 ,
1003 447 1223 501 excussit
1261 447 1370 519 (α),
1403 449 1695 520 Baronius,
1728 465 1786 508 ut
1816 453 1919 510 hoc
1949 453 2152 511 factum

565 533 812 592 conforat
853 537 906 592 in
947 553 1150 596 annum
1197 541 1336 608 383,
1381 559 1490 614 quo
1516 543 1793 602 Gracchus
1841 548 1901 604 P.
1933 548 1992 604 Ρ.
2027 547 2150 615 fuit,

565 624 952 700 Hieronymum
999 647 1250 700 errasse,
1304 637 1675 708 urbanamque
1727 640 1847 696 loco
1887 644 2155 714 przetorim

571 722 940 791 praefecturam
969 728 1255 797 seripsisse
1284 740 1454 801 putat.
1514 735 1582 788 At
1605 733 1974 794 Gothofredus
1997 781 2010 804 ,
2054 739 2154 794 Pa-

565 817 680 883 gius
708 831 774 872 ac
803 817 1180 878 Tillcmontius
1226 838 1342 881 rem
1385 838 1606 884 narrant
1641 829 1707 886 ad
1745 845 1942 887 annum
1970 832 2076 889 576
2100 841 2156 890 et

565 895 692 974 377,
735 925 846 980 quo
871 911 1172 970 Gracchum
1213 919 1474 975 urbanam
1501 923 1746 979 eamdem
1779 925 2154 993 praefecturam

566 1001 802 1069 gessisse
839 1005 1100 1076 colligunt
1141 1023 1212 1064 ex
1253 1009 1464 1068 duabus
1491 1013 1569 1068 illi
1620 1015 1892 1088 inscriptis
1943 1015 2155 1087 legibus

566 1090 926 1150 Theodosiani
969 1093 1190 1156 Codicis
1225 1102 1328 1173 (ὁ).
1392 1101 1574 1160 Altera
1605 1109 1751 1162 enim
1782 1110 1907 1164 data
1940 1121 2025 1166 est
2049 1110 2157 1167 Va-

566 1187 712 1245 lente
740 1205 773 1244 v
804 1201 858 1247 et
883 1191 1262 1252 Valentiniano
1281 1199 1395 1254 AA.
1417 1215 1586 1268 coss.,
1618 1217 1761 1258 anno
1789 1204 1997 1261 scilicet
2023 1205 2152 1275 576;

567 1280 741 1336 altera
769 1299 896 1339 vero
925 1285 1188 1345 Gratiano
1216 1302 1444 1362 augusto
1474 1308 1525 1348 tv
1554 1305 1609 1349 et
1636 1294 1955 1354 Merobaude
1983 1313 2152 1366 coss.,

567 1391 709 1432 anno
737 1393 931 1451 nempe
960 1383 1096 1452 377,
1147 1385 1405 1458 aiuntque
1457 1403 1561 1444 non
1604 1391 1821 1449 obstare
1868 1393 1991 1450 huic
2032 1410 2158 1452 sen-

565 1472 751 1528 tentiae
776 1515 791 1539 ,
835 1476 980 1547 quod
1024 1488 1252 1552 utraque
1281 1483 1346 1538 ad
1378 1483 1681 1542 Gracchum
1712 1489 1772 1544 P.
1802 1489 1862 1545 P.
1894 1491 2155 1564 inscripta

566 1565 676 1618 sit:
726 1565 1130 1640 inscriptionem
1173 1575 1316 1631 enim
1361 1578 1414 1633 in
1446 1582 1643 1637 mendo
1671 1584 1873 1641 cubare
1906 1601 2153 1659 censent,

566 1669 793 1744 eamque
819 1664 1192 1748 corrigendam
1217 1682 1286 1724 ex
1316 1669 1515 1728 Codice
1541 1670 1900 1746 Justinianeo,
1933 1695 2039 1750 quo
2071 1683 2154 1737 lex

569 1741 659 1805 illa
691 1752 859 1821 prima
898 1755 962 1810 ad
993 1744 1266 1815 Grachum
1299 1761 1360 1817 P.
1398 1751 1460 1820 U.
1487 1767 1692 1822 directa
1735 1741 1970 1842 legitur';
2015 1773 2156 1844 quod
2187 1753 2234 1818 Β

569 1845 732 1903 etiam
764 1851 1022 1918 probatur
1057 1869 1123 1908 ex
1153 1871 1257 1912 ms.
1290 1855 1745 1933 Wurceburgensi
1779 1864 2161 1924 Theodosiano

568 1937 802 2010 Codice,
853 1947 943 2015 qui
997 1948 1070 2003 cl.
1119 1947 1332 2007 Rittero
1361 1963 1533 2021 teste,
1563 1957 1681 2014 loco
1709 1958 1770 2014 P.
1809 1960 1865 2015 P.
1901 1961 2064 2017 habet
2093 1962 2160 2018 ad

570 2031 875 2093 Gracchum
905 2037 966 2096 P.
1003 2040 1068 2098 U.
1139 2043 1209 2099 At
1257 2043 1536 2121 Philippus
1587 2066 1615 2104 a
1661 2031 1836 2111 Turre
1883 2056 2162 2113 Adriensis

570 2130 856 2202 cpiscopus
904 2135 1060 2205 cujus
1109 2151 1212 2208 ego
1265 2143 1586 2200 sententiam
1640 2161 1876 2218 sequor,
1929 2149 2162 2208 Gracchi

571 2223 946 2292 praefecturam
976 2230 1271 2302 urbanam,
1301 2248 1363 2290 ac
1387 2235 1594 2292 Mithrae
1621 2239 1893 2297 excidium
1924 2242 1989 2298 ad
2020 2245 2163 2302 hunc

567 2333 771 2376 annum
817 2333 1038 2379 revocat
1085 2325 1183 2400 (c).
1243 2327 1508 2386 Observat
1551 2334 1696 2389 enim
1742 2352 1884 2393 anno
1930 2339 2034 2396 576
2094 2355 2163 2396 co

567 2414 883 2484 magistratu
931 2415 1170 2476 functum
1211 2421 1376 2480 fuisse
1417 2424 1711 2496 Rutilium,
1773 2432 1860 2486 cui
1901 2431 1956 2486 in
2003 2433 2164 2489 Junio

569 2520 758 2562 mense
801 2507 926 2564 data
967 2520 1052 2568 est
1096 2513 1181 2569 lex
1209 2513 1246 2571 5
1275 2515 1344 2572 de
1371 2516 1475 2573 Off.
1533 2519 1593 2574 P.
1637 2520 1731 2588 U.,
1779 2538 1940 2593 quam
1981 2523 2164 2582 Codex

567 2593 938 2658 Justinianeus
981 2606 1193 2662 recitat.
1247 2609 1512 2680 Sequenti
1562 2623 1706 2668 anno
1749 2629 1812 2671 ac
1854 2626 1979 2686 post
2013 2617 2164 2673 Rull-

571 2707 699 2748 num
722 2735 738 2760 ,
788 2694 949 2752 Urbis
978 2700 1349 2768 praefecturam
1380 2701 1708 2760 Prohianum
1751 2706 2165 2766 administrasse

569 2795 784 2842 constat
826 2804 893 2845 ex
937 2789 1318 2849 Theodosiano
1366 2791 1568 2852 Codice
1608 2797 1644 2852 Ι.
1679 2800 1714 2855 3
1756 2800 1837 2854 tit.
1877 2801 1914 2855 2
1954 2801 2049 2856 lib.
2083 2817 2160 2869 Il,

569 2895 691 2950 qua:
738 2881 1041 2953 Septembri
1097 2902 1283 2944 mense
1325 2889 1451 2944 data
1506 2891 1727 2963 legitur.
1799 2895 2162 2962 Quamobrem

571 2989 710 3030 unus
737 2975 984 3034 Graccho
1011 2980 1164 3036 locus
1190 2992 1336 3038 esset
1361 3024 1377 3051 ,
1427 2985 1567 3040 inter
1591 2985 1908 3043 Januarium
1954 2990 2165 3046 scilicet

569 3078 628 3125 et
652 3070 1026 3142 Septembrem
1053 3091 1278 3140 ,menscs
1297 3119 1312 3145 ,
1362 3080 1504 3150 quod
1552 3080 1752 3137 idcirco
1780 3083 2160 3141 intermedium

2252 457 2411 512 chum
2460 461 2818 517 monstruosis
2861 462 3152 522 destructis
3200 469 3516 540 simulacris,
3561 471 3633 532 his
3656 481 3772 548 quasi

2253 554 2514 610 obsidibus
2557 557 2835 629 praemissis
2879 559 3231 631 impetravisse
3277 564 3561 638 baptismum
3597 569 3770 642 Christi,

2251 647 2412 704 facile
2449 651 2802 722 intelligimus
2851 651 2990 708 hanc
3042 655 3117 710 illi
3163 671 3192 710 a
3230 658 3446 713 Damaso
3492 663 3772 732 propositam

2253 741 2642 799 conditionem
2665 744 2830 802 fuisse
2875 763 2970 818 pro
3002 763 3068 805 eo
3099 753 3488 822 consequendo.
3537 753 3654 810 Nam
3677 772 3773 814 cum

2255 838 2509 905 praal'ecto
2542 835 2698 892 Urbis
2731 839 2870 895 inter
2899 849 3096 897 caetera
3123 883 3137 908 ,
3191 842 3432 898 ludorum
3457 859 3517 902 ac
3542 858 3773 918 spectacu-

2255 927 2428 982 lorum
2457 943 2586 984 cura
2631 945 2694 986 ac
2722 930 3009 1002 disciplina
3041 935 3394 999 incumberet,
3421 953 3532 1008 qua:
3550 937 3776 1011 Cypriane

2257 1029 2394 1082 teste
2421 1025 2488 1099 (Γ)
2517 1041 2638 1082 cum
2671 1028 2756 1083 vix
2796 1027 3116 1085 idololatria:
3165 1032 3390 1088 crimine
3451 1041 3538 1088 aut
3581 1036 3780 1105 periculo

2256 1133 2444 1176 carere
2475 1130 2695 1190 possent
2721 1164 2736 1188 ,
2781 1137 2904 1178 eum
2943 1135 3042 1194 pro
3073 1135 3291 1194 recepto
3320 1121 3566 1181 Ecclesia».
3607 1143 3734 1184 more
3757 1144 3779 1184 a

2258 1213 2525 1284 baptismo
2593 1215 2855 1285 repellere
2907 1216 3273 1285 videbantur;
3317 1235 3518 1290 aequum
3564 1220 3780 1290 proinde,

2257 1319 2319 1359 ac
2350 1321 2379 1360 e
2408 1305 2553 1362 bono
2581 1307 2858 1378 religionis
2890 1308 3102 1377 fuerat,
3133 1322 3190 1370 ut
3219 1322 3496 1381 antequam
3525 1314 3786 1369 admitteret

2258 1395 2324 1453 ad
2354 1397 2580 1468 gratiam
2601 1441 2614 1465 ,
2647 1404 2821 1470 majus
2848 1400 3068 1475 aliquod
3088 1445 3101 1469 ,
3154 1417 3218 1457 ac
3242 1404 3532 1460 constantis
3557 1406 3604 1460 in
3629 1420 3788 1476 propo-

2258 1493 2364 1548 sito
2403 1494 2693 1549 voluntatis
2744 1505 3121 1566 argumentum
3150 1539 3166 1564 ,
3219 1497 3474 1554 Damasus
3514 1498 3563 1552 in
3589 1499 3788 1554 Graccho

2258 1595 2547 1656 quaereret.
2579 1587 2695 1655 Quo
2724 1589 2844 1643 loco
2869 1587 3025 1645 Urbis
3055 1591 3288 1661 positum
3320 1600 3460 1646 esset
3485 1589 3673 1646 Mithrae
3694 1606 3792 1662 spe-

2260 1679 2442 1743 lit-um,
2468 1679 2610 1748 quod
2633 1679 2911 1737 Gracchus
2934 1680 3224 1750 destruxit,
3248 1684 3511 1739 afﬁrmare
3531 1686 3612 1738 vix
3632 1685 3788 1750 ausim,

2263 1790 2586 1846 quamquam
2619 1777 2839 1832 minime
2867 1777 3141 1844 dubitem,
3173 1779 3300 1849 quin
3331 1779 3542 1846 celebri,
3572 1789 3620 1834 et
3645 1777 3795 1849 prteri-

2265 1885 2392 1940 puo.
2425 1867 2588 1926 Forte
2615 1886 2744 1926 vero
2773 1872 2824 1925 in
2848 1870 3115 1942 Capitolio
3145 1871 3269 1940 ipso
3310 1883 3468 1943 atque
3497 1871 3544 1926 in
3575 1885 3631 1926 ea
3655 1878 3795 1940 parte,

2263 1978 2382 2032 qua:
2428 1963 2731 2034 aquilonem
2781 1973 3028 2034 spectat,
3083 1980 3191 2036 quo
3240 1963 3513 2020 Adriensis
3556 1964 3794 2034 episcopus

2264 2056 2677 2111 subterraneum
2717 2064 2992 2127 repertum
3035 2057 3324 2128 templum,
3355 2072 3416 2111 ac
3445 2055 3640 2111 Mithrae
3666 2055 3800 2109 simu.

2265 2147 2467 2204 lacrum
2498 2165 2562 2204 ex
2593 2147 2825 2205 Grntero
2857 2149 3018 2204 relert
3049 2149 3152 2223 (g),
3196 2165 3371 2220 eaque
3400 2149 3572 2204 omnia
3601 2151 3718 2203 utet
3738 2145 3800 2200 in-

2265 2242 2616 2312 scriptionem
2665 2256 2725 2297 se
2771 2239 2973 2297 vidisse
3005 2240 3265 2312 Ricquius
3301 2253 3354 2297 et
3381 2241 3650 2312 Pignorius
3685 2236 3801 2292 altit-

2267 2344 2417 2392 mant
2446 2334 2550 2409 (h).
2608 2336 2879 2391 Caeterum
2915 2336 3176 2390 Damasus
3227 2336 3368 2392 hanc
3406 2350 3436 2390 a
3465 2332 3689 2392 Graccho
3713 2344 3801 2386 rem

2268 2437 2472 2499 petere,
2502 2444 2565 2484 ac
2591 2427 2869 2485 Gracchus
2899 2443 2965 2484 eo
2993 2428 3202 2484 facilius
3229 2437 3490 2500 praestare
3514 2427 3695 2488 debuit,
3716 2434 3802 2480 tum

2267 2525 2408 2596 quod
2438 2523 2708 2580 Constans
2736 2539 2858 2579 aras
2882 2567 2896 2590 ,
2941 2531 3008 2580 et'
3041 2525 3180 2580 itlola
3215 2525 3405 2580 Romm
3436 2521 3628 2579 destrui
3659 2521 3802 2592 jusse-

2269 2631 2346 2675 rat
2377 2619 2464 2692 (i),
2497 2630 2605 2674 tmn
2631 2620 2772 2690 quod
2801 2618 3044 2675 Gentiles
3073 2621 3302 2675 Socrate
3328 2627 3463 2674 teste
3491 2617 3580 2689 (j),
3611 2611 3805 2670 Mithria-

2266 2710 2346 2768 cis
2390 2713 2560 2767 sacris
2589 2712 2655 2766 ad
2705 2711 2941 2782 magicas
2977 2718 3123 2765 artes
3152 2719 3208 2765 ct
3257 2710 3629 2765 divinationem
3653 2705 3806 2760 abute-

2268 2812 2497 2872 rentur,
2544 2817 2664 2876 qua:
2710 2803 3047 2875 gravissimis
3076 2802 3508 2858 Christianorum
3553 2800 3805 2870 principum

2267 2895 2744 2952 constitutionibus
2779 2895 3046 2966 prohibita
3079 2895 3296 2950 fuerant
3327 2894 3426 2965 (Is).
3473 2893 3600 2948 lliuc
3623 2891 3807 2946 Nazian-

2268 3005 2434 3046 zenus
2465 2990 2516 3044 in
2549 2988 2803 3045 Carmine
2832 2987 2899 3044 ad
2930 2989 3267 3056 Nemesium,
3303 2985 3529 3042 Mithrari
3562 2984 3662 3058 fani
3685 2979 3810 3038 scele-

2268 3101 2348 3150 ra,
2379 3084 2621 3154 orgiaque
2659 3081 2801 3136 haud
2828 3080 3158 3135 memoranda
3187 3092 3510 3146 execratur,
3540 3093 3598 3134 ac
3622 3075 3675 3132 S.
3701 3075 3809 3130 Pau-

570 3164 802 3232 spatinm
845 3163 1225 3223 Tillcmontius
1262 3170 1342 3224 illi
1382 3172 1626 3227 attribuit
1666 3174 1770 3245 (ά).
1839 3178 1908 3231 At
1953 3177 1997 3232 si
2033 3177 2165 3232 Pro-
2269 3178 2409 3232 linus
2439 3193 2534 3233 eos
2557 3177 2678 3247 jure
2705 3175 2902 3232 merito
2933 3177 3311 3246 perstringens
3337 3176 3412 3229 ait
3443 3191 3457 3228 :

570 3253 764 3311 bianns
792 3255 1038 3314 Graccho
1064 3271 1402 3319 successerat
1429 3265 1482 3318 in
1510 3265 1816 3334 Septembri
1845 3309 1859 3335 ,
1912 3279 1967 3324 ut
1999 3271 2164 3325 Tillc-

571 3349 810 3405 montius
839 3361 1008 3420 putat,
1023 3369 1130 3409 cur
1159 3354 1352 3412 iterum
1379 3357 1554 3414 eidem
1571 3358 1821 3416 Graccho
1845 3363 2161 3434 inscriptam

568 3444 799 3514 legimus
831 3449 885 3501 in
908 3447 1105 3505 Codice
1125 3450 1459 3508 Justinianeo
1483 3455 1679 3525 legem,
1703 3471 1766 3511 ne
1792 3457 1847 3511 in
1875 3473 1968 3513 sua
1997 3473 2156 3513 causa

569 3539 684 3608 quis
725 3541 924 3610 judicet
950 3584 964 3609 ,
1005 3543 1186 3598 datam
1227 3545 1332 3600 kal.
1386 3533 1714 3614 Decembris,
1740 3550 1967 3607 Valente
2007 3565 2058 3606 vt
2103 3563 2160 3608 et

579 3629 956 3686 Valentiniano
985 3649 1023 3688 tt
1051 3649 1194 3690 coss.
1213 3675 1230 3703 ,
1272 3652 1416 3693 anno
1443 3655 1638 3710 nempe
1669 3642 1795 3697 378.
1845 3643 2031 3699 Restat
2061 3644 2163 3699 ita-

569 3739 680 3794 que
725 3733 783 3778 ut
829 3723 1073 3782 dicamus
1115 3743 1357 3785 errorem
1387 3728 1572 3787 Codici
1613 3733 1953 3792 Jttstinianeo
1991 3737 2164 3808 irrep-

572 3817 712 3872 sisse
738 3835 750 3871 :
796 3827 852 3874 at
879 3833 976 3875 cur
1001 3835 1108 3875 non
1155 3823 1334 3894 potius
1362 3823 1548 3881 Codici
1578 3826 1959 3885 Theodosiano
1986 3831 2163 3886 conti-

571 3911 716 3980 gisse
757 3912 975 3982 potuit?
1032 3913 1088 3968 ω
1117 3929 1219 3986 ego
1243 3915 1501 3973 libentius
1550 3918 1778 3976 inducor
1819 3929 1881 3975 ut
1918 3921 2160 3989 credam,

569 4011 695 4077 quia
726 4021 828 4061 ms.
847 4007 1528 4082 Wurceburgensispodex
1557 4014 1732 4084 legem
1765 4015 1907 4070 illam
1937 4016 2164 4074 Valente

570 4111 624 4156 et
654 4100 1029 4159 Valentiniano
1058 4119 1201 4161 coss.
1237 4107 1429 4164 lectam
1464 4110 1558 4177 ait,
1591 4109 1686 4165 sed
1711 4111 2030 4166 consulatus
2069 4127 2166 4166 an-

573 4209 701 4249 num
732 4195 953 4252 silentio
991 4200 1272 4269 prmterit’,
1335 4216 1455 4272 quae
1500 4202 1724 4273 proinde
1769 4203 1834 4258 ad
1882 4212 2166 4274 utrumque

571 4288 760 4345 referri
821 4299 1048 4362 potest;
1101 4304 1262 4365 atque
1330 4294 1463 4351 nihil
1535 4295 1801 4366 impedit,
1873 4297 2166 4369 quominus

572 4377 850 4436 Gracchus
891 4384 1117 4456 implere
1155 4387 1385 4454 debeat,
1433 4406 1634 4446 annum
1681 4390 1866 4459 illum,
1910 4408 2016 4463 quo
2045 4389 2166 4448 nul-

572 4473 657 4529 lus
685 4477 825 4546 apud
857 4477 1170 4536 Panviuium
1205 4491 1257 4539 et
1284 4483 1640 4541 Blanchinum
1677 4486 1969 4556 praefectus
2005 4495 2162 4542 nota-

507 4585 510 4588 ’
575 4574 661 4622 tus
702 4568 922 4637 legitur.

643 4657 710 4713 ll.
751 4659 887 4716 liuic
935 4662 1114 4734 itaque
1160 4666 1376 4739 egregio
1423 4668 1690 4736 facinori,
1739 4671 1869 4742 quin
1904 4672 2165 4728 Damasus

573 4767 764 4807 manus
815 4753 1152 4825 admoverit,
1195 4773 1296 4831 ego
1341 4760 1565 4816 minime
1595 4761 1822 4828 dubito,
1872 4772 1990 4818 erat
2019 4764 2163 4819 enim

2329 3317 2453 3388 Quid
2478 3317 2603 3380 quod
2631 3323 2682 3365 et
2703 3316 2941 3388 Invictum
2964 3310 3717 3388 spelaeasob_autra_recondupt:

2328 3371 2585 3442 Quomque
2608 3384 2783 3442 tegunt
2806 3371 3042 3442 tenebris,
3062 3375 3249 3427 audent
3272 3377 3402 3426 hunc
3419 3377 3581 3426 dicere
3601 3371 3748 3424 solem.

2329 3444 2451 3502 Quis
2469 3440 2593 3491 celat
2617 3440 2806 3504 occulte
2831 3440 3012 3504 lucem,
3040 3442 3278 3504 sidusque
3301 3452 3582 3504 supernum.

2327 3499 2468 3558 Cclet
2493 3506 2543 3554 in
2567 3503 2792 3562 infernis,
2819 3503 2911 3554 nisi
2930 3515 3097 3552 rerum
3119 3499 3267 3554 causa
3293 3499 3524 3553 malarum
3554 3499 3638 3564 ll)?

2340 3633 2664 3689 Sirmondus
2731 3633 2784 3687 in
2844 3632 3018 3687 lucem
3085 3631 3313 3702 protulit
3372 3631 3594 3687 Romani
3641 3621 3812 3683 concilii

2267 3731 2478 3786 litteras
2524 3729 2814 3799 inscriptas
2861 3727 2925 3781 ad
2955 3725 3278 3781 Gratianum
3319 3738 3375 3783 et
3409 3722 3813 3782 Valentinianum,

2267 3839 2370 3878 nec
2399 3839 2504 3877 non
2528 3822 2770 3879 Gratiani
2798 3821 3040 3890 ejusdem
3068 3831 3123 3876 et
3148 3819 3518 3876 Valentiniani
3546 3816 3812 3883 rescriptum

2263 3918 2334 3970 ad
2367 3915 2672 3988 Aquilinum
2721 3915 2982 3969 vicarium
3008 3953 3024 3980 ,
3081 3914 3133 3968 in
3185 3927 3301 3984 quo
3357 3913 3546 3968 iisdem
3583 3909 3646 3964 de
3684 3906 3814 3962 rebus

2265 4010 2480 4079 agitur,
2525 4008 2594 4062 de
2623 4006 2820 4086 quibus
2853 4008 2904 4060 in
2957 4004 3202 4075 ejusdem
3246 4005 3467 4060 concilii
3515 3995 3808 4068 litten's(ttt).

2267 4103 2495 4174 Pagius,
2525 4100 2908 4157 Tillcmontius
2937 4114 3001 4154 ac
3029 4099 3215 4154 caeteri
3247 4099 3364 4154 fere
3391 4113 3581 4164 omnes
3609 4106 3707 4150 tum
3731 4091 3816 4145 lto-

2269 4213 2486 4254 manmn
2537 4195 2641 4251 hoc
2679 4196 2969 4252 concilium
2995 4233 3010 4262 ,
3061 4196 3408 4265 scriptaeque
3443 4191 3514 4247 ab
3537 4206 3600 4246 eo
3627 4189 3812 4245 litteras.

2269 4301 2381 4347 tum
2409 4289 2654 4347 Gratiani
2705 4288 3023 4356 rescriptum
3069 4287 3314 4342 referunt
3359 4283 3427 4341 ad
3469 4283 3814 4354 bunc,annum.

2269 4386 2414 4441 nulla
2435 4383 2545 4438 alia
2573 4395 2796 4453 prorsus
2824 4381 3056 4447 ratione,
3083 4377 3186 4434 nisi
3217 4380 3345 4448 quia
3367 4393 3491 4433 cum
3517 4377 3650 4432 nulla
3677 4379 3815 4436 neque

2269 4479 2322 4534 in
2353 4478 2583 4534 Romani
2623 4476 2854 4532 concilii
2890 4474 3123 4541 litteris,
3171 4489 3349 4542 neque
3381 4475 3434 4528 in
3481 4473 3815 4542 imperatorum

2190 4567 2243 4629 D
2268 4572 2532 4642 rescripto
2559 4578 2653 4625 aut
2673 4569 2918 4625 Valentis
2947 4576 3041 4622 aut
3067 4565 3365 4622 Theodosii
3393 4567 3595 4621 mentio
3619 4561 3717 4624 sit,
3747 4557 3810 4610 in-

2271 4662 2536 4719 termedio
2573 4659 2798 4732 proinde
2843 4670 3120 4728 tempore,
3171 4657 3318 4727 quod
3357 4659 3430 4712 ab
3456 4656 3666 4712 alterius
3697 4648 3816 4705 obitu

2269 4756 2335 4810 ad
2367 4755 2588 4810 alterius
2617 4753 2942 4810 electionem
2971 4750 3215 4821 elapsum
3246 4760 3332 4805 cst
3351 4789 3370 4818 ,
3423 4751 3538 4804 haec
3571 4742 3817 4813 contigisse

575 4846 819 4918 episcopi
876 4863 1071 4907 munus
1133 4860 1243 4909 tum
1311 4853 1638 4926 baptismum
1701 4853 1987 4920 conferre,
2055 4863 2168 4911 tum
2267 4860 2566 4920 oporteat;
2623 4863 2746 4918 quae
2797 4846 3068 4939 levissima
3114 4858 3338 4914 prorsus
3387 4843 3690 4913 conjectura
3729 4841 3814 4939 est.

570 4938 928 5009 baptizandus
965 4944 1198 5013 probare
1237 4961 1332 5018 per
1369 4946 1586 5018 aliquod
1633 4957 1726 5002 aut
1773 4956 2026 5018 tempus,
2073 4957 2168 5004 aut
2271 4961 2392 5000 nam
2440 4957 2616 5016 neque
2641 4944 2868 5011 semper
2913 4938 3156 4995 on'mium
3208 4939 3601 5008 imperatorum
3639 4938 3816 4988 nonum

567 5031 806 5103 factum,
857 5047 1146 5109 antequam
1191 5039 1226 5095 ii
1254 5039 1322 5095 ad
1359 5039 1611 5111 baptismi
1639 5039 1872 5111 gratiam
1916 5040 2168 5097 admitte-
2269 5040 2714 5112 exprimebautur
2759 5037 2816 5093 in
2863 5035 3060 5091 litteris
3086 5075 3100 5100 ,
3147 5048 3273 5105 quae
3315 5033 3385 5088 ad
3429 5047 3525 5088 eos
3552 5043 3645 5102 pro
3670 5034 3818 5082 rerum

636 5199 716 5290 ζει)
757 5203 904 5290 [lien
926 5206 1090 5290 epist.
1118 5209 1243 5275 107,
1265 5209 1409 5290 .Ver.
1437 5211 1570 5290 edit.
1643 5283 1674 5290 _
1991 5285 2002 5290 _
2065 5283 2131 5290 ___
2274 5284 2303 5290 _
2337 5214 2418 5284 (lt)
2456 5212 2634 5290 ιιὶίςκιζ
2655 5210 2732 5264 De
2755 5207 2990 5290 Capitol.
3019 5220 3138 5277 cap.
3166 5205 3275 5290 ﬁn;
3319 5205 3543 5278 Pignor.
3572 5201 3741 5262 adnot.
3768 5190 3818 5248 ad

663 5277 715 5354 ὁ)
751 5275 816 5354 Ξ..
849 5277 994 5333 unic.
1031 5280 1218 5354 libat,
1242 5282 1320 5336 tit.
1354 5281 1410 5347 2,
1431 5293 1482 5338 ct
1512 5284 1612 5354 leg.
1643 5283 1698 5351 5,
1729 5284 1823 5340 lib.
1855 5301 1932 5352 ts,
1965 5283 2154 5341 tit.55.

2265 5275 2472 5354 Cartar.
2503 5275 2762 5354 de'Deor.
2798 5275 3044 5354 imagin,
3081 5275 3288 5354 p_._506.

662 5346 712 5416 c)
751 5346 982 5404 Dissert.
1016 5349 1083 5407 de
1111 5351 1292 5408 Mithr.
1323 5346 1443 5424 cap.
1475 5346 1651 5412 ollim.
1685 5346 1695 5351 ’
1919 5346 1928 5352 ⁷

663 5417 722 5498 ά.)
759 5419 847 5498 Pe
871 5420 1127 5498 Gratiani.
1151 5433 1254 5479 art.
1286 5425 1340 5480 5.
1465 5479 1474 5488 ,

2365 5357 2410 5422 t')
2449 5353 2510 5408 L.
2545 5354 2578 5408 5
2605 5353 2673 5407 de
2704 5346 3067 5421 PaganfCOd.
3100 5349 3201 5404 Th.

2335 5353 2406 5498 li)
2449 5425 2564 5498 lgib-
2596 5439 2678 5498 "1»
2709 5421 2913 5498 eam
2964 5492 2987 5498 _

1029 5439 1128 5505 an_._
1151 5433 1254 5479 art.
1286 5425 1340 5480 5.
1465 5479 1474 5488 ,
1518 5498 1539 5505 Δ
1571 5500 1600 5505 _
1721 5501 1748 5505 __

2335 5425 2406 5505 (1)
2449 5425 2564 5505 [.‘ll’:
2596 5439 2678 5505 “1’
2709 5425 2913 5505 939;}?
2964 5492 2987 5505 .
3049 5502 3058 5505 _
3115 5492 3150 5505 ..

665 5419 722 5488 ά)
767 5419 847 5476 De
871 5420 1116 5478 Gratian.
1151 5433 1254 5479 art.
1286 5425 1340 5480 5.
1392 5419 1407 5424 ’
1465 5479 1474 5488 ,
2335 5419 2406 5500 (j)
2449 5425 2564 5507 Lib.
2596 5439 2678 5490 nt,
2709 5419 2828 5492 cap.
2858 5421 2913 5476 2.
3138 5493 3150 5505 Ο

665 5490 716 5582 εὶ
756 5490 1043 5582 Ξὲξξιξξιεηη-
1073 5495 1255 5582 liba“
1285 5511 1406 5582 εἶδον
1437 5514 1478 5561 ³ο
1515 5498 1687 5582 55.“
1716 5501 1770 5582 ὅ·
1936 5581 1941 5582 ν
2059 5573 2073 5582 .
2340 5499 2420 5582 (Α.)
2457 5496 2583 5582 Y'd-
2623 5495 2788 5582 V“'i‘:.
2813 5492 3214 5582 Ve"_l+_“"ll‘?.'
3240 5507 3473 5582 ".2999:
3503 5492 3646 5582 7:...
3710 5552 3763 5582 in

667 5549 728 5646 ι’).
754 5549 1029 5648 Cyprium
1054 5567 1122 5648 de
1151 5549 1397 5648 spéciaé.
1814 5573 2162 5648 spectaculum
2454 5549 2632 5648 Carm.
2693 5549 2870 5648 ultim.
2899 5579 3050 5648 vers.
3103 5564 3240 5648 11?,
3285 5549 3501 5648 Veron:
3543 5559 3685 5648 edi};
3710 5549 3821 5648 vis]?

572 5630 851 5693 simi—idolo-
873 5677 890 5703 ,
939 5639 1055 5709 quis
1083 5630 1237 5696 ludus
1265 5641 1376 5720 sine
1400 5630 1658 5718 sacriﬁcio
1678 5685 1694 5713 ,
1741 5630 1881 5720 quod
1905 5654 2161 5720 certamen
2269 5630 2660 5720 etiammvirum
2705 5638 2922 5720 doctum
2955 5635 3278 5716 Banuerium
3317 5634 3591 5706 Mitholog.
3627 5630 3714 5686 lib.
3743 5637 3818 5688 VII.

567 5715 672 5790 πονε
697 5718 1051 5790 euisceratam
1075 5711 1327 5787 mortuo?
1536 5709 1547 5718 ’
1681 5709 1692 5713 ⁷
1755 5709 1791 5753 “ι
2151 5711 2156 5726 ¹
2422 5711 2510 5790 l2,
2545 5709 2769 5790 tom._lll

648 5719 672 5758 tt
697 5718 1051 5767 consecratum
1075 5714 1327 5774 mortuo?
1539 5714 1546 5718 ’
1755 5714 1791 5753 “ι
2151 5714 2156 5726 ’

648 5771 727 5854 (9)
765 5776 898 5854 Cap-
931 5780 986 5840 ὃν
1197 5783 1199 5787 ’

2269 5714 2812 5870 φ’ξὲιῖἶρῗὲἓὸῗῗέί
2833 5779 2967 5844 Cod.
2995 5779 3205 5847 tam.
3232 5787 3369 5852 om.
3398 5779 3443 5854 t.
3473 5793 3530 5859 ρο
3552 5774 3672 5846 ωε.
