3998 6346
207 285 302 345 189

1556 286 2082 352 PROLBGOMENA.

3379 296 3483 355 190

204 403 603 474 opportunitate
631 403 1043 475 scribebantur,
1093 420 1269 477 neque
1298 407 1352 462 id
1384 421 1608 464 necesse
1637 408 1786 463 vide-
1820 415 1864 473 Α
1968 407 2046 462 De
2088 406 2245 485 hujus
2292 407 2474 481 synodi
2528 417 2756 480 tempore
2784 452 2798 478 ,
2833 418 2985 482 atque
3032 426 3167 467 anno
3216 414 3487 468 emortuali

206 498 393 563 batur,
449 510 570 550 cum
603 497 738 552 satis
787 509 933 554 esset
999 508 1060 555 ut
1102 499 1298 555 litterte
1324 542 1340 568 ,
1391 508 1488 556 aut
1525 500 1788 570 rescripta

203 604 385 646 eorum
418 589 722 663 principum
754 606 951 647 nomen
1003 591 1320 661 prtuferrent
1345 634 1359 659 ,
1404 607 1635 662 quorum
1675 600 1790 646 erat

202 682 266 737 iis
292 684 344 736 in
373 683 505 737 locis
534 684 843 754 imperium,
875 698 938 739 ac
967 694 1229 755 potestas,
1261 686 1401 756 quod
1433 685 1525 756 (ne
1551 700 1652 755 ego
1680 699 1787 739 non

200 778 504 833 necessario
552 778 741 834 labore
785 779 1081 849 defungar)
1130 795 1196 833 ex
1240 764 1567 851 Symmacho
1607 778 1787 848 colligi

202 878 394 940 potest.
446 870 651 925 Deinde
680 879 814 940 quot
840 879 965 925 sunt
996 872 1049 924 in
1077 871 1279 927 Codice
1302 870 1683 927 Theodosiano
1713 872 1791 926 Ie-

198 978 320 1035 ges,
353 979 415 1018 ac
442 965 617 1019 edicta
650 965 861 1034 publice
889 966 1114 1020 recitata
1141 1006 1155 1030 ,
1204 980 1324 1034 quae
1352 967 1515 1020 unius
1543 975 1632 1018 aut
1656 964 1789 1019 alte-

198 1061 310 1114 rius
337 1075 403 1115 ex
448 1060 871 1130 imperatoribus
904 1060 1121 1114 nomine
1163 1074 1310 1129 saepe
1349 1060 1615 1114 careant?
1656 1060 1787 1115 Per-

198 1161 377 1206 ourrat
452 1158 659 1205 tantum
731 1151 870 1222 apud
914 1151 1307 1207 Gothofredum
1380 1152 1787 1223 chronologiam

198 1245 376 1318 legum
404 1245 507 1299 sub
538 1232 916 1300 Valentiniano
936 1289 949 1313 ,
984 1246 1209 1301 Valente
1236 1261 1299 1303 ac
1324 1245 1586 1303 Gratiano
1614 1247 1786 1302 edita-

198 1355 312 1395 rum
340 1383 353 1405 ,
404 1339 688 1411 videatque
733 1339 974 1396 Reinesii
1024 1341 1309 1412 epistolam
1336 1342 1424 1408 19,
1477 1341 1571 1412 qui
1618 1356 1781 1412 quam

200 1432 530 1487 imbecillum
560 1435 629 1487 sit
660 1432 764 1487 hoc
807 1433 1137 1503 probationis
1184 1448 1387 1505 genus,
1441 1434 1780 1504 exploratum

202 1525 403 1582 habere
429 1527 606 1596 cupit.
637 1525 797 1581 Plura
828 1528 1007 1597 itaque
1038 1537 1182 1591 sunt,
1215 1543 1337 1598 quae
1367 1542 1454 1581 me
1484 1527 1786 1598 impellunt,

202 1630 256 1675 ut
282 1621 590 1676 Romanum
620 1622 724 1677 hoc
753 1622 1040 1677 concilium
1067 1623 1133 1677 ab
1161 1621 1261 1676 hoc
1292 1637 1435 1677 anno
1457 1638 1787 1691 removeam,

200 1723 356 1781 atque
388 1726 442 1770 ut
476 1716 530 1769 in
558 1716 702 1769 aliud
736 1724 950 1785 tempus
976 1714 1320 1770 transferam.
1358 1716 1615 1777 Primum,
1644 1716 1788 1786 quod

1965 501 2005 557 S
2015 543 2026 555 .
2059 499 2267 557 Basilii.

1963 657 2004 711 Ι.
2047 657 2212 714 Facta
2246 658 2456 729 itaque,
2490 667 2550 714 ut
2573 658 2846 732 diximus,
2880 660 3123 717 Gratiani
3151 660 3270 730 lege
3290 661 3484 717 catho-

1891 752 2009 808 licis
2037 752 2311 824 episcopis
2361 753 2429 808 ad
2476 753 2750 809 Ecclesias
2798 769 2925 809 suas
2976 755 3237 810 redeundi
3286 756 3482 825 copia,

1888 844 1946 902 S.
1976 846 2193 901 Meletio
2221 862 2283 901 ea
2324 846 2465 902 inter
2502 849 2705 916 primos
2738 846 2813 902 uti
2846 846 3025 913 licuit;
3052 848 3320 919 siquidem
3365 848 3482 919 ejus

1888 938 2062 996 exsilii
2091 940 2244 995 locus
2271 942 2417 996 circa
2437 939 2736 1010 Nicopolim
2764 943 2939 995 fuerat
2979 940 3256 997 Armeniae
3282 948 3485 997 metroo

1892 1036 2080 1105 polim,
2111 1050 2232 1106 qua:
2257 1033 2542 1091 Antiochia
2563 1052 2670 1091 non
2700 1037 2860 1107 longe
2880 1037 3087 1092 aberat.
3112 1036 3308 1093 Statim
3354 1052 3485 1093 vero

1889 1144 1953 1184 ac
1984 1119 2236 1184 reversus
2260 1138 2376 1195 est,
2405 1130 2714 1186 concordiae
2734 1130 2979 1196 studuit,
3010 1129 3395 1200 proposuitque
3416 1130 3483 1185 ad

1889 1238 2009 1278 eam
2055 1222 2431 1289 sarciendam,
2478 1234 2537 1278 ut
2578 1238 2772 1295 greges
2817 1224 2979 1280 ambo
3017 1225 3258 1294 episeopi
3291 1224 3487 1295 junge-

1890 1325 2043 1383 rent,
2083 1326 2248 1388 atque
2284 1318 2339 1373 in
2391 1334 2681 1373 commune
2722 1329 3044 1388 poscerent,
3089 1319 3204 1374 sive
3248 1326 3305 1373 ut
3335 1333 3484 1373 com-

1891 1411 2043 1468 muni
2068 1413 2392 1468 aucwritate
2415 1414 2716 1469 Ecclesiam
2740 1414 2890 1468 illam
2912 1412 3361 1468 administrarent
3385 1411 3480 1485 (e).

1888 1504 2041 1560 Hanc
2086 1505 2488 1572 conditionem,
2535 1521 2656 1561 cum
2700 1505 2909 1562 Paulini
2954 1520 3081 1576 pars
3120 1506 3316 1561 merito
3345 1507 3486 1575 reje-

1888 1599 2055 1655 cisset
2077 1641 2093 1665 ,
2119 1599 2221 1653 alia
2248 1598 2430 1655 oblata
2477 1609 2559 1657 est
2583 1640 2599 1667 ,
2631 1616 2750 1671 qua:
2792 1613 2915 1655 cum
2953 1600 3206 1654 omnibus
3243 1599 3483 1667 placuis-

1890 1703 2006 1758 set,
2056 1700 2325 1748 transacta
2365 1706 2456 1749 res
2486 1692 2623 1758 fuit,
2672 1708 2736 1750 ac
2772 1676 3016 1762 populus
3064 1692 3129 1747 ad
3176 1694 3481 1760 unitatem,

197 1810 278 1861 vix
322 1809 439 1863 ﬁeri
481 1808 653 1878 puum
677 1849 692 1873 ν
736 1816 795 1862 ,η
829 1782 936 1862 l5",
982 1809 1132 1864 brevi
1175 1808 1465 1863 ίηιεηδηο
1505 1782 1785 1878 ιθηιρδνίε,
1820 1801 1865 1861 Β
1892 1800 2281 1855 sacrorumque
2322 1788 2640 1842 societatem
2686 1783 2866 1841 rediit.
2896 1782 3148 1878 Conditio
3173 1800 3336 1851 vero,
3367 1793 3487 1853 quae

201 1902 332 1973 quod
383 1918 413 1957 a
446 1902 691 1958 Valentis
720 1901 875 1957 obitu
908 1901 975 1956 ad
1004 1900 1296 1956 Theodosii
1340 1899 1659 1957 electionem
1700 1903 1786 1956 in-

204 1997 462 2066 terjacet,
514 1996 817 2050 Romanum
858 1995 991 2053 illud
1030 1995 1317 2051 concilium
1349 1996 1611 2052 Gratiano
1653 1998 1788 2052 scri-

202 2092 355 2155 bere,
400 2104 463 2145 ac
490 2089 783 2146 Gratianus
822 2090 1126 2146 rescribere
1166 2092 1429 2160 potuerit,
1474 2100 1580 2145 tam
1626 2092 1786 2161 longe

210 2194 311 2239 tum
342 2186 590 2253 positus,
641 2200 703 2240 ac
727 2186 846 2240 aliis
886 2185 1058 2255 iisque
1096 2186 1430 2256 gravissimis
1475 2185 1784 2255 reipublic.e

209 2278 429 2349 negmiis
464 2277 755 2334 distentus.
808 2278 1061 2333 Prtelinm
1101 2280 1272 2346 enim,
1319 2294 1427 2349 quo
1463 2280 1656 2333 Valens
1694 2294 1784 2335 oc.

208 2373 399 2436 cubuit,
440 2372 531 2427 die
558 2372 595 2428 9
621 2372 847 2443 Augusti
894 2372 1084 2428 initum
1116 2383 1219 2437 est,
1256 2381 1311 2426 et
1350 2380 1584 2443 acceptae
1614 2372 1784 2428 cladis

204 2465 408 2520 nuntius
460 2466 526 2520 ad
572 2465 891 2523 Gratianum
935 2466 1149 2521 delatus
1188 2481 1219 2522 a
1250 2466 1467 2521 Victore
1507 2465 1643 2533 fuit,
1693 2468 1781 2537 qui

202 2558 315 2629 fuga
344 2560 586 2629 elapsus,
612 2575 707 2630 per
737 2559 1105 2615 Macedoniam
1137 2560 1205 2615 ad
1233 2577 1355 2615 ettm
1388 2576 1445 2615 se
1475 2568 1780 2630 receperat,

205 2650 253 2703 in
282 2650 432 2705 Dacia
463 2665 588 2706 cum
626 2653 874 2707 exercitu
919 2653 1173 2720 positum.
1225 2652 1494 2721 Quantum
1535 2669 1665 2707 vero
1696 2666 1784 2709 re-‘

201 2743 398 2797 siduum
429 2752 515 2799 est
547 2745 805 2815 temporis
833 2788 846 2809 ,
897 2754 958 2800 ut
986 2746 1208 2799 Romam
1250 2746 1317 2801 de
1348 2745 1591 2802 Valentis
1631 2746 1780 2802 obitu

203 2838 409 2891 nuntius
459 2837 685 2906 alieni,
722 2853 788 2895 ac
813 2838 1010 2894 deinde
1054 2855 1117 2895 ea
1167 2842 1382 2905 omnia,
1425 2855 1543 2911 qua:
1576 2843 1780 2911 reliqua

195 2938 335 2998 sunt,
372 2930 487 2986 fieri
530 2933 774 3002 potuisse
797 2934 1051 2988 credatur
1078 2944 1204 2988 ante
1227 2932 1518 2988 Theodosii
1550 2935 1777 2989 electio-

196 3038 338 3091 nem,
378 3040 497 3094 quae
525 3026 612 3081 die
648 3026 716 3082 16
742 3034 835 3081 aut
867 3026 936 3083 19
960 3026 1200 3082 Januarii
1241 3027 1620 3094 subsequentis
1651 3028 1781 3084 anni

194 3119 453 3189 publicata
487 3120 618 3175 est?
656 3120 907 3177 Secundo
930 3120 1220 3177 Gratianus
1251 3131 1371 3189 post
1402 3121 1637 3177 Valentis
1670 3123 1781 3178 cla-

191 3214 311 3267 dem
339 3230 456 3269 cum
488 3215 672 3270 Sirmii
706 3216 1067 3282 constitisset,
1102 3226 1404 3281 temporum
1453 3219 1779 3272 necessitate
1807 3200 1850 3261 (ἶ

192 3319 407 3363 coactus
427 3352 441 3370 ,
475 3309 651 3376 legem
682 3309 860 3375 dedit,
892 3326 997 3380 qua
1026 3309 1335 3365 Manichzeis
1356 3352 1371 3377 ,
1402 3308 1774 3376 Eunominnis,

192 3414 254 3453 ac
287 3399 619 3456 Pbotinianis
649 3402 888 3472 exceptis
912 3444 927 3469 ,
974 3404 1190 3458 caeteris
1216 3403 1605 3472 cujuscumque
1647 3405 1776 3458 reli-

194 3492 368 3561 gionis
399 3494 711 3549 hominibus
740 3496 1022 3564 permisit,
1076 3505 1133 3549 ut
1170 3510 1344 3549 secure
1379 3506 1427 3549 et
1465 3497 1620 3550 libere
1657 3513 1777 3551 con-

192 3593 365 3637 centus
393 3587 444 3638 in
489 3586 722 3640 ecclesiis
750 3587 983 3657 propriis
1007 3597 1235 3661 agerent.
1271 3588 1441 3656 Hujus
1468 3588 1600 3660 legis
1631 3591 1782 3645 testis

192 3686 270 3728 εει
304 3674 559 3732 Socrates
591 3679 699 3746 (τι),
740 3677 1075 3734 Sozomemts
1104 3677 1213 3752 (ὁ),
1265 3695 1327 3735 ac
1362 3680 1589 3746 Suidas,
1626 3681 1782 3753 cujus

192 3768 356 3823 verba
381 3769 743 3827 Gothofredus
795 3775 989 3828 recitat
1019 3773 1092 3845 (c)
1117 3813 1131 3837 ,
1181 3790 1505 3846 quamquam
1534 3791 1653 3831 eam
1696 3792 1784 3832 se-

193 3863 372 3928 quanti
409 3879 554 3918 anno
584 3866 688 3919 iter
716 3865 918 3921 faciens
938 3908 954 3932 ,
978 3868 1249 3922 Ambrosii
1272 3909 1285 3932 ,
1334 3878 1388 3923 ut
1426 3884 1522 3940 par
1550 3879 1634 3924 est
1658 3885 1780 3925 cre-

200 3953 363 4020 dcre,
387 3959 618 4013 consilio
647 3959 938 4014 obsecutus
970 3964 1308 4017 revocaverit
1338 3964 1439 4035 (ά).
1489 3965 1589 4031 Qui
1622 3965 1784 4036 igitur

200 4044 315 4102 ﬁeri
349 4052 534 4118 potuit,
565 4060 624 4105 ut
650 4051 812 4107 aliam
842 4052 968 4109 huic
994 4055 1215 4109 omnino
1233 4056 1559 4110 contrarium
1588 4057 1780 4112 eodem

197 4135 297 4193 hoc
338 4152 581 4213 tempore
609 4143 828 4200 dedisse
857 4145 1103 4200 videatur
1122 4147 1148 4200 τ
1202 4146 1334 4201 Nam
1379 4163 1499 4218 quae
1528 4147 1784 4221 Aquilino

196 4231 395 4289 vicario
420 4237 677 4308 inscripta
708 4247 815 4304 est,
840 4239 1072 4294 alteram
1101 4241 1244 4297 tollit
1268 4242 1509 4297 omnino.

266 4326 544 4385 Postremo
571 4347 752 4387 rerum
780 4332 986 4403 aliquot
1006 4341 1282 4404 gestarum
1321 4336 1496 4391 series
1518 4378 1532 4401 ,
1575 4352 1697 4408 quae
1726 4337 1781 4393 in

194 4417 310 4487 ejus
339 4423 552 4478 concilii
588 4424 819 4494 epistola
867 4434 1140 4491 narratur,
1187 4427 1412 4483 minime
1442 4429 1675 4499 patitur,
1728 4438 1787 4485 ut

196 4514 322 4571 illud
364 4519 462 4576 hoc
492 4536 638 4575 anno
680 4522 1013 4578 celebratum
1045 4526 1254 4579 censeri
1299 4525 1489 4596 possit.
1524 4525 1601 4581 Ne
1650 4542 1786 4581 vero

197 4607 302 4665 alio
335 4611 449 4669 loco
477 4614 621 4670 dicta
650 4616 1078 4686 repetam,vide,
1101 4619 1146 4672 si
1174 4617 1380 4688 placet,
1411 4617 1479 4673 ad
1501 4634 1631 4674 ann.
1659 4619 1728 4675 58

200 4714 318 4773 cap.
353 4704 434 4761 15.

787 4882 1018 4943 CAPUT
1058 4885 1196 4942 XIV.

330 4993 462 5063 379,
499 4996 706 5055 DAIASI
738 4998 806 5055 14
828 5042 844 5068 ,
873 4999 1111 5058 Ausomo
1142 5017 1212 5057 nr
1240 5001 1475 5059 OLYBBIO
1503 5018 1649 5061 coss.

208 5123 246 5180 Ι.
275 5131 635 5190 Antiochenam
682 5137 903 5192 schisma
948 5150 1129 5194 mutua
1174 5140 1307 5194 inter
1346 5151 1519 5212 partes
1579 5157 1794 5197 canun-

275 5227 409 5283 sione
442 5230 769 5298 depositum;
796 5232 1147 5288 Tlteodoretus
1177 5243 1403 5289 notatus.
1439 5234 1506 5290 ll.
1548 5234 1793 5307 Synodus

273 5320 359 5374 sub
391 5321 597 5378 Meletio
637 5324 921 5378 Antiochia;
960 5325 1132 5379 habita
1153 5342 1174 5392 ;
1205 5327 1329 5397 quid
1358 5339 1530 5381 actum
1570 5328 1624 5383 in
1673 5328 1790 5399 illa,

274 5414 638 5485 deﬁnitumque
664 5416 840 5487 fuerit.
892 5419 1021 5473 Acta
1050 5420 1118 5473 ad
1150 5418 1431 5476 Damasum
1472 5424 1650 5477 missa.
1698 5422 1790 5477 Ill.

274 5551 344 5626 (α)
380 5554 501 5626 Lib.
530 5571 585 5619 v,
618 5571 739 5625 cap.
766 5555 822 5612 2.

300 5625 346 5697 b)
383 5625 503 5681 Lib.
534 5643 630 5693 vn,
661 5642 783 5697 cap.
816 5629 866 5684 1.

300 5630 325 5677 b
383 5630 503 5681 Lib.
534 5643 630 5693 vn,
661 5642 783 5697 cap.
816 5630 866 5684 1.

295 5630 346 5824 ὥ
381 5700 461 5779 Ad
493 5698 587 5754 lib.
617 5715 668 5756 tv
697 5700 765 5756 de
794 5700 940 5757 Hzer.

334 5772 349 5824 l
392 5768 514 5824 για.
547 5771 640 5824 lib.
666 5787 720 5824 ν.
752 5775 876 5824 eod.
904 5775 940 5824 ti

333 5772 349 5841 )
388 5768 514 5841 via.
547 5771 640 5830 lib.
666 5787 720 5836 ν.
752 5775 876 5831 eod.
904 5775 989 5833 ιίι.

279 5840 344 5923 (ο)
383 5840 661 5905 Tbeodor.
691 5844 760 5909 ﬂ.
793 5846 868 5920 E,
896 5847 993 5909 lib.
1025 5863 1091 5922 ν,
1122 5862 1244 5929 cap.
1271 5850 1329 5912 δ.

1894 1889 2018 1933 tunc
2044 1880 2189 1949 pacis
2215 1878 2540 1935 beneﬁcium
2571 1880 2781 1945 attulit,
2808 1878 2924 1933 haec
2952 1877 3052 1933 fuit
3080 1876 3153 1949 (f)
3188 1888 3278 1934 :ut
3310 1879 3344 1934 ii
3372 1878 3484 1934 sci-

1889 1970 2055 2038 licet,
2100 1972 2194 2041 qui
2244 1972 2312 2027 ad
2355 1974 2652 2041 regendum
2696 1972 3074 2041 episcOpatum
3116 1971 3293 2026 idonei
3327 1970 3481 2026 vide-

1889 2064 2111 2130 bantur,
2140 2065 2607 2133 sperabanturque
2631 2103 2648 2131 ,
2699 2063 3056 2133 jurejurando
3091 2077 3151 2116 se
3179 2062 3484 2133 adstringe-

1888 2168 2045 2222 rent,
2075 2172 2249 2226 neque
2290 2157 2596 2211 ambituros
2624 2171 2717 2223 se,
2770 2171 2944 2225 neque
2992 2156 3233 2211 oblatum
3271 2156 3487 2222 episco-

1887 2262 2069 2320 patum
2116 2258 2465 2318 suscepturos
2490 2290 2505 2315 ,
2536 2248 2794 2319 quamdiu
2822 2249 3088 2305 alteruter
3146 2248 3262 2304 sive
3303 2247 3487 2303 Pauli-

1886 2357 1989 2397 nus
2011 2383 2026 2407 ,
2058 2342 2172 2397 sive
2217 2341 2464 2397 Meletius
2490 2342 2543 2395 in
2577 2342 2714 2398 vivis
2752 2349 2939 2397 essent
2963 2381 2976 2405 ,
3016 2341 3109 2395 sed
3139 2351 3195 2396 ut
3228 2342 3304 2407 is,
3335 2342 3427 2411 qui
3455 2356 3487 2396 e

1886 2436 2097 2492 duobus
2124 2446 2401 2506 superstes
2439 2446 2586 2493 esset
2608 2478 2623 2504 ,
2657 2436 2843 2493 sedem
2889 2437 3036 2491 illam
3085 2436 3238 2491 solus
3267 2435 3481 2492 obtine-

1885 2540 1990 2587 ret.
2033 2529 2411 2586 Theodoretus
2454 2530 2656 2600 igitur,
2688 2530 2779 2600 qui
2806 2528 3153 2585 concordiam
3201 2544 3231 2582 a
3270 2527 3486 2585 Meletio

1886 2625 2122 2681 oblatam
2150 2666 2165 2691 ,
2213 2640 2245 2679 a
2284 2625 2509 2679 Paulino
2550 2624 2810 2694 reiectam
2859 2624 3093 2691 scribit,
3146 2623 3312 2678 nimio
3350 2636 3483 2691 suo,

1886 2729 1943 2774 ut
1972 2735 2115 2788 saepe
2136 2719 2303 2785 solet,
2329 2734 2456 2789 erga
2480 2718 2798 2774 Flavianum
2822 2718 3004 2773 studio
3030 2717 3319 2772 indulsisse
3341 2717 3487 2771 visus

1884 2821 1996 2877 est,
2045 2810 2351 2879 frustraque
2392 2808 2768 2866 Tillemontius
2810 2824 3002 2865 causas
3030 2810 3254 2879 quaerit,
3292 2808 3488 2879 quibus

1884 2902 2036 2957 illum
2068 2915 2254 2973 purget
2277 2901 2375 2977 (g).
2405 2902 2634 2972 Hujusce
2658 2902 2921 2972 siquidem
2953 2901 3170 2971 pactiac
3193 2900 3486 2971 juramenti

1884 3007 2066 3069 aperta
2090 3006 2174 3051 est
2189 2998 2328 3067 apud
2359 2995 2763 3051 Nazianzenum
2793 2997 2997 3051 mentio
3027 2997 3080 3050 in
3102 2996 3351 3050 oratione
3372 3010 3484 3062 xtv,

1885 3106 2044 3161 quam
2079 3106 2175 3161 pro
2206 3105 2338 3160 pace
2364 3089 2549 3145 habuit
2586 3091 2639 3144 in
2677 3088 3276 3159 ConstantinOpolitana
3301 3090 3489 3145 Eccle-

1885 3186 1962 3239 sia
1985 3227 2001 3250 ,
2026 3186 2185 3254 paulo
2215 3195 2372 3239 antea
2401 3200 2561 3254 quam
2593 3183 2667 3238 illi
2703 3184 2980 3240 cathedrae
3007 3184 3333 3240 valediceret
3354 3225 3369 3251 ,
3408 3183 3487 3237 si-

1884 3279 2104 3348 quidem
2147 3278 2263 3333 haec
2293 3278 2411 3348 ejus
2463 3278 2627 3335 verba
2668 3293 2736 3334 eo
2776 3277 3118 3349 respiciunt:
3152 3276 3273 3332 Pax
3320 3276 3489 3331 amica

1883 3360 1988 3423 non
2011 3385 2067 3422 re
2095 3369 2365 3424 dumtaxat
2387 3410 2402 3434 ,
2451 3369 2539 3423 sed
2580 3371 2785 3440 nomine
2816 3386 3013 3440 quoque
3055 3370 3166 3442 ipso
3207 3369 3483 3437 jucunda,

1884 3478 2039 3532 quam
2062 3478 2197 3516 nunc
2224 3462 2415 3533 papula
2442 3462 2560 3515 dedi
2586 3503 2600 3528 ,
2647 3480 2711 3517 ac
2750 3463 2953 3532 recepi;
2982 3462 3126 3516 haud
3152 3462 3261 3516 scio
3283 3477 3351 3514 an
3380 3467 3488 3515 sin-

1884 3570 2053 3609 ceram
2085 3556 2146 3607 ab
2188 3554 2419 3609 omnibus
2448 3570 2648 3618 ratein,
2695 3556 2981 3626 spirituque
3007 3554 3219 3626 dignam
3240 3596 3256 3621 ,
3288 3571 3355 3608 an
3384 3570 3486 3608 non

1886 3650 2057 3718 potius
2084 3662 2305 3703 runuca
2334 3664 2506 3703 Pacn
2535 3663 2638 3703 nso
2666 3664 2837 3707 “res”
2864 3664 3092 3704 VIHLATA
3113 3689 3126 3713 ,
3155 3664 3257 3718 quo
3282 3648 3487 3720 gravior

1886 3742 1950 3796 sit
1996 3752 2175 3796 nostra
2215 3743 2595 3797 condemnatio.
2646 3741 2877 3799 Socrati.
2908 3754 3169 3812 prmterea
3222 3750 3282 3797 et
3317 3741 3486 3797 Sozo-

1887 3850 2079 3905 meno,
2109 3851 2340 3904 quorum
2370 3836 2543 3905 major
2563 3874 2580 3902 ,
2619 3850 2779 3905 quam
2815 3836 2973 3891 unius
2999 3836 3327 3891 Theodoreti
3363 3850 3493 3891 auc—

1888 3927 2075 3981 toritas
2098 3936 2212 3996 est,
2234 3926 2396 3981 [idem
2419 3927 2654 3983 adstruit
2674 3930 2845 3985 sancti
2871 3929 3145 3984 Ambrosii
3175 3929 3489 3999 Aquileien-

1887 4021 1963 4075 sis
1982 4022 2198 4076 concilii
2219 4022 2438 4077 nomine
2465 4022 2755 4079 scribentis
2780 4024 3184 4090 testimonium,
3212 4024 3357 4093 quod
3382 4025 3490 4078 alio

1885 4112 2007 4169 loco
2037 4117 2365 4184 expendam.

1962 4208 2026 4262 ll.
2068 4208 2251 4265 Rebus
2277 4214 2460 4283 itaque
2490 4212 2592 4267 hoc
2622 4223 2780 4281 pacto
2809 4211 3110 4267 Antiochia:
3132 4209 3448 4279 compositis
3470 4250 3487 4277 ,

1889 4302 2142 4367 Meletius
2170 4319 2241 4360 ex
2271 4305 2546 4375 episcoms
2571 4306 2959 4363 communione
2986 4304 3090 4359 sibi
3116 4305 3318 4374 junctis
3339 4318 3493 4374 syno-

1888 4392 2017 4449 dum
2047 4397 2210 4466 cogit.
2248 4396 2344 4451 Cui
2366 4397 2577 4469 synodo
2619 4409 2817 4466 prteter
2856 4397 3149 4452 Eusebium
3178 4396 3492 4452 Samosate-

1890 4503 2016 4542 num
2036 4528 2053 4554 ,
2088 4488 2359 4559 Pelagium
2390 4489 2751 4545 Laodicennin
2773 4528 2788 4556 ,
2820 4488 3104 4560 Eulogium
3131 4488 3490 4557 Edessenum,

1731 4619 1787 4686 θ’
1817 4599 1869 4661 υ
1902 4580 2179 4686 Zenonem
2211 4582 2340 4654 Tyri
2366 4622 2382 4648 ,
2428 4598 2494 4638 ac
2544 4583 2836 4638 Diodorum
2887 4583 3083 4651 Tarsi,
3122 4600 3357 4654 quorum
3403 4600 3496 4639 no-

1896 4675 2041 4730 mina
2067 4674 2119 4728 in
2139 4673 2470 4745 fragmento,
2495 4676 2638 4747 quod
2663 4676 2997 4742 Holstenius,
3023 4692 3087 4732 ac
3103 4677 3301 4733 deinde
3321 4678 3493 4733 Cons-

1898 4767 2099 4823 tantius
2121 4767 2324 4836 edidit,
2353 4784 2610 4839 capressa
2638 4779 2800 4838 sunt,
2832 4770 2921 4824 alii
2956 4769 3059 4825 116
3103 4770 3344 4840 episcopi
3368 4770 3495 4825 sub-

1894 4859 2264 4930 scripserunt,
2311 4877 2541 4931 quorum
2568 4861 2827 4917 memoria
2871 4862 3068 4931 periit,
3111 4871 3309 4931 prmter
3333 4877 3491 4931 quam

1895 4949 2141 5021 Gregorii
2165 4951 2396 5024 Nysseni
2415 4996 2428 5019 ,
2455 4955 2542 5023 qui
2566 4968 2624 5009 se
2652 4953 2886 5009 concilio
2914 4953 2993 5008 illi
3041 4954 3280 5007 adfuisse
3306 4961 3494 5021 aperte

1897 5052 2126 5101 testatur
2166 5046 2376 5102 duobus
2418 5048 2472 5102 in
2516 5048 2683 5117 locis,
2725 5062 2864 5118 quos
2923 5047 3186 5102 Baronius
3228 5044 3310 5119 (It)
3351 5046 3493 5100 reci-

1900 5148 1998 5195 tat.
2057 5140 2188 5210 Ejus
2215 5140 2406 5214 synodi
2450 5152 2569 5197 acta
2595 5184 2610 5210 ,
2644 5144 2843 5214 ingenti
2874 5143 2952 5199 rei
2975 5141 3357 5198 ecclesiasticae
3380 5140 3493 5209 jac-

1903 5243 2022 5289 tura
2049 5243 2261 5304 tempus
2302 5235 2555 5305 abripuit.
2601 5236 2716 5292 Hoc
2748 5248 2925 5291 tamen
2956 5245 3202 5300 constat,
3237 5232 3492 5288 recitatae

1899 5328 1954 5385 in
2005 5346 2070 5385 eo
2103 5330 2268 5385 fuisse
2308 5330 2520 5385 Damasi
2553 5331 2763 5386 litteras
2788 5372 2803 5397 ,
2854 5342 2963 5385 tum
3004 5343 3096 5384 eas
3149 5343 3268 5396 quae
3314 5326 3491 5396 primo

1901 5424 1967 5479 ad
2000 5423 2244 5495 Illyricos
2286 5426 2464 5480 missae
2509 5423 2723 5480 fuerant
2757 5441 2825 5481 ex
2872 5425 3111 5480 Romana
3143 5423 3313 5494 prima
3341 5420 3489 5491 ejus-

1902 5570 1903 5585 ³
1932 5594 1933 5597 η
1973 5561 2046 5640 (fl
2082 5560 2208 5640 Spe.
2227 5561 2334 5640 _l_ib_.
2361 5578 2422 5640 v_.
2451 5574 2570 5631 cap.
2594 5557 3405 5640 5_;ASozomen_.'_,_l.ib._\'tt',_cap.
3433 5555 3488 5614 5.

1974 5628 2053 5705 (9)
2097 5636 2172 5688 l)e
2223 5633 2439 5690 Meletio
2478 5628 2589 5691 net.
2625 5632 2731 5700 12,
2761 5641 2895 5697 tom.
2940 5630 3089 5698 Vill;
3122 5630 3191 5689 de
3220 5628 3491 5702 Flavium,

1898 5715 2001 5761 art.
2028 5705 2097 5771 3,
2129 5714 2262 5762 tom.
2292 5705 2360 5764 Χ.
2392 5720 2400 5751 ι

1968 5775 2051 5855 (It)
2090 5777 2171 5837 Ad
2199 5793 2329 5839 ann.
2353 5777 2480 5864 379.
