3998 6346
561 279 666 341 191

1778 271 2096 333 SANCTUS
2134 264 2461 331 DAMASUS
2499 270 2701 331 PAPA.
3720 274 3805 332 192

563 395 688 455 dem
716 392 927 470 synodo
949 436 965 464 ,
994 392 1069 463 ac?
1088 392 1286 452 deinde
1334 390 1404 449 ad
1432 388 1740 449 Orientales
1777 405 1878 463 per
1901 390 2162 449 Sabinum
2192 393 2242 456 Α
2268 390 2485 456 missus,
2518 388 2695 446 dicam
2715 389 2783 445 ad
2810 403 3011 446 annum
3034 396 3348 462 sequentem
3369 406 3384 447 :
3402 403 3538 448 nunc
3559 391 3688 448 enim
3705 407 3809 465 pau-

566 490 781 556 allatze;
816 499 927 544 tum
953 504 1088 560 quas
1110 502 1142 544 a
1172 485 1411 544 secunda
1453 500 1519 542 ac
1549 485 1708 543 tertia
1751 485 1963 560 synodo
2018 499 2164 542 anno

563 584 775 642 scilicet
798 583 904 639 374
928 596 991 637 ac
1014 580 1120 640 376
1150 590 1389 638 exeunte
1417 589 1511 637 aut
1535 580 1709 636 altero
1733 579 1956 637 ineunte
1983 580 2161 652 scrip-

566 687 649 736 tas
678 677 980 735 Dorotlieus
1011 675 1296 749 presbyter
1320 674 1679 732 Orientalium
1710 675 1953 745 legatus,
1976 688 2162 730 secum

566 769 776 833 retulit,
810 780 869 824 ut
896 766 1151 824 diximus.
1179 768 1248 823 lis
1288 775 1467 824 autem
1510 766 1662 823 lectis
1701 764 1949 822 Meletius
1990 767 2163 835 primo

563 862 720 928 loco,
754 872 866 917 tum
911 860 1180 917 Eusebius
1226 859 1649 927 Samosatenus,
1715 858 1918 929 aliique
1961 857 2163 916 deinde

561 970 752 1013 omnes
772 954 1216 1025 subscripserunt
1239 953 1423 1009 verbis
1453 953 1636 1029 hisce,
1667 967 1790 1024 quae
1840 952 2004 1024 digna
2034 962 2163 1011 sunt

562 1056 625 1104 ut
660 1049 1022 1104 observentur
1048 1065 1061 1100 :
1087 1044 1367 1103 Consentio
1391 1046 1629 1101 omnibus
1656 1062 1819 1117 supra
1833 1047 2060 1119 scriptis,
2088 1049 2163 1103 ita

564 1143 810 1210 credens,
860 1152 908 1198 et
950 1142 1214 1206 sentiens;
1264 1152 1310 1196 et
1340 1141 1386 1196 si
1428 1142 1543 1213 quis
1591 1151 1779 1213 praeter
1819 1142 1929 1197 hac
1971 1143 2157 1211 sentit,

564 1238 842 1293 anathema
869 1237 956 1291 sit.
992 1234 1070 1291 Ex
1099 1234 1183 1291 his
1212 1236 1358 1290 enim
1381 1243 1495 1290 tum
1521 1233 1818 1305 colligitur,
1849 1235 2038 1305 quanti
2064 1234 2163 1289 ba-

564 1331 737 1388 bitum
777 1338 1043 1402 perpetuo
1073 1322 1239 1385 fuerit
1272 1327 1415 1399 apud
1457 1342 1651 1384 omnes
1678 1326 1986 1385 Catholicos
2015 1327 2161 1384 sedis

561 1424 880 1496 apostolicae
911 1422 965 1477 in
996 1420 1157 1478 rebus
1185 1419 1309 1476 ﬁdei
1355 1418 1680 1476 deﬁniendis
1714 1419 2011 1491 judicium,
2045 1428 2159 1475 tum

566 1529 826 1590 praeterea
856 1535 924 1574 an
956 1534 1142 1575 verum
1172 1521 1276 1587 sit,
1308 1518 1452 1590 quod
1481 1518 1806 1574 Bossuetius
1835 1519 2162 1584 ait,contro-

562 1612 802 1670 versiam
845 1612 913 1669 de
941 1612 1115 1667 sancti
1158 1609 1395 1683 Spiritus
1438 1610 1764 1680 divinitate,
1793 1626 1955 1682 quam
1996 1611 2160 1668 Sozo-

563 1723 759 1766 menus
789 1706 869 1780 (a)
915 1706 1176 1762 Romamn
1208 1704 1465 1762 Ecclesiae
1507 1705 1714 1777 judicio
1757 1705 1965 1760 ﬁnitam
2005 1704 2159 1761 dixe-

2273 499 2334 542 ca
2362 484 2431 541 de
2459 484 2621 553 hujus
2645 484 2839 557 synodi
2871 493 3140 555 tempore.

2340 576 2432 633 lll.
2483 577 2635 635 Hanc
2680 579 2862 651 itaque
2900 578 3100 635 eruditi
3135 592 3325 636 omnes
3354 579 3621 635 conferunt
3662 579 3709 636 in
3735 595 3809 638 au-

2269 688 2399 728 num
2429 671 2557 729 379.
2599 671 2898 728 Enimvero
2924 681 3051 728 ante
3099 672 3201 729 hoc
3247 681 3455 742 tempus
3496 671 3712 742 proiecto
3737 673 3810 730 lia-

2267 763 2384 819 beri
2414 778 2522 820 nou
2554 764 2766 834 potuit,
2814 764 2940 834 quia
2972 763 3258 835 Eulogium
3286 764 3609 821 Edessenum
3642 767 3809 836 episco«

2270 875 2395 930 pum
2447 857 2516 913 ab
2565 856 2801 913 Eusebio
2832 857 3193 914 Samosatcno
3232 856 3529 913 ordinatum
3564 856 3625 913 ad
3657 858 3811 916 Eccle-

2266 952 2401 1007 siam
2428 993 2443 1019 ,
2488 951 2629 1008 unde
2669 952 2771 1007 sub
2802 951 3031 1009 Valente
3063 952 3247 1023 pulsus
3276 952 3478 1020 fuerat,
3511 950 3606 1007 huc
3630 952 3809 1009 ineunte

2265 1057 2411 1099 anno
2439 1058 2715 1099 reversum
2742 1041 2909 1099 fuisse
2938 1052 3155 1103 constat
3182 1058 3248 1100 ex
3264 1040 3532 1099 Chronico
3558 1042 3808 1115 Edessena,

2265 1136 2411 1207 quod
2454 1135 2535 1190 vir
2580 1117 2926 1192 doctissimus
2957 1136 3159 1207 Joseplt
3192 1136 3519 1192 Assemanus
3560 1135 3707 1192 edidit
3740 1138 3810 1210 (ί).

2264 1231 2338 1287 At
2366 1231 2458 1303 qui
2485 1231 2859 1301 Septembrem
2888 1231 2961 1286 illi
2986 1241 3075 1286 aut
3102 1230 3393 1287 Octobrem
3425 1245 3652 1287 mensem
3674 1233 3810 1303 assig-

2265 1337 2419 1393 nant,
2454 1326 2584 1381 mihi
2614 1326 2866 1383 videntur
2893 1342 3005 1383 rem
3028 1342 3256 1399 prorsus
3281 1327 3558 1388 incertam.
3588 1342 3676 1399 pro
3696 1339 3810 1384 certa

2263 1434 2533 1475 asserere.
2566 1419 2901 1491 Quamquam
2943 1422 3090 1477 enim
3117 1420 3414 1492 Gregorius
3437 1420 3692 1493 Nyssenus
3716 1438 3809 1479 eam

2264 1522 2645 1583 congregatum
2675 1513 2873 1569 scribat
2903 1513 2981 1587 (g)
3026 1529 3172 1570 nono
3216 1523 3312 1570 aut
3356 1514 3561 1571 decimo
3588 1525 3697 1587 post
3717 1516 3810 1571 obi-

2264 1617 2378 1665 tum
2408 1609 2592 1664 Basilii
2624 1624 2836 1676 mense,
2868 1625 2932 1666 ac
2954 1610 3138 1667 sedata
3163 1610 3274 1681 jam
3307 1612 3694 1681 persecutione,
3715 1613 3811 1685 quia

2265 1711 2447 1758 tamen
2470 1701 2774 1773 disputatur
2796 1702 2971 1759 adhuc
2991 1704 3058 1759 de
3085 1704 3272 1760 Basilii
3293 1705 3381 1762 die
3403 1706 3686 1767 emortuali.
3709 1706 3810 1762 nihil

562 1813 681 1871 rat,
717 1803 771 1858 in
818 1801 1421 1872 Constantinpolitano
1448 1800 1647 1857 deinde
1683 1800 1917 1857 concilio
1956 1810 2161 1856 retrac-
2194 1799 2243 1860 B
2268 1798 2401 1853 certi
2432 1796 2647 1866 exculpi
2674 1812 2739 1852 ex
2771 1812 2836 1852 eo
2857 1806 3056 1869 potest.
3110 1798 3167 1855 Si
3196 1798 3538 1855 Nazianzeno
3582 1798 3809 1855 credimus

564 1905 729 1953 tatam
758 1895 946 1951 fuisse.
979 1894 1112 1951 Nam
1158 1903 1217 1950 ut
1246 1909 1365 1950 mea
1409 1894 1598 1949 iaciam
1629 1893 1798 1949 verba
1829 1892 1930 1948 viri
1968 1893 2160 1950 claris-

561 1990 684 2047 simi
710 1990 770 2046 P.
796 1988 917 2046 Orsi
938 1989 1049 2062 (b):
1075 1986 1206 2044 Cum
1240 1998 1376 2044 totus
1405 1986 1684 2050 Occidens,
1710 1988 1948 2043 universa
1993 1986 2165 2059 «Egy-

562 2092 704 2158 plus,
720 2084 887 2139 omnis
918 2082 1197 2139 Orientalis
1219 2080 1455 2137 Ecclesia
1486 2090 1533 2137 et
1554 2096 1729 2136 omnes
1760 2098 1851 2151 per
1870 2081 2163 2137 universam

563 2178 853 2234 Ecclesium
884 2177 1127 2232 catholici
1182 2176 1444 2247 episcopi,
1501 2174 1743 2241 Damasi,
1798 2185 1846 2229 et
1914 2172 2162 2229 Ecclesia:

567 2273 863 2344 Romana,
886 2273 950 2327 de
988 2272 1221 2341 Spiritus
1252 2272 1418 2326 sancti
1456 2270 1725 2326 divinitate
1742 2270 2006 2345 judicium
2044 2287 2160 2325 am-

562 2366 938 2437 plecterentur,
980 2374 1027 2419 et
1073 2363 1476 2421 Macedonianos
1543 2373 1800 2435 tamquam
1852 2366 2160 2436 manifestos

561 2458 827 2514 hwreticos
852 2459 916 2513 ab
945 2456 1191 2514 Ecclesiae
1228 2458 1582 2513 communione
1625 2458 1929 2529 repellerent
1957 2500 1971 2525 ,
2001 2458 2160 2513 diris—

563 2568 660 2624 que
690 2551 1029 2620 devoverent,
1070 2567 1131 2607 ac
1159 2552 1351 2623 saepius
1386 2552 1617 2622 repetitis
1650 2552 1991 2607 anathematis
2006 2554 2163 2626 jacu-

563 2646 821 2713 larentur,
851 2647 968 2716 quis
993 2660 1138 2717 (equo
1164 2646 1336 2701 animo
1362 2648 1531 2719 ferat,
1559 2656 1614 2701 ut
1639 2656 1741 2703 tam
1762 2649 1989 2703 solemne
2010 2649 2161 2722 judi-

565 2740 704 2795 cium
734 2755 837 2793 non
873 2738 1045 2793 adhuc
1085 2740 1295 2794 omnino
1330 2739 1591 2795 immobile
1640 2751 1688 2795 et
1738 2741 2117 2813 irreformabile
2141 2784 2157 2813 ,

565 2831 654 2888 sed
682 2831 853 2887 adhuc
879 2832 1228 2887 retractationi
1257 2832 1533 2887 obnoxium
1559 2833 1852 2890 videretur?

637 2924 951 2981 Blondellus
979 2925 1044 2981 ad
1077 2925 1181 2982 hoc
1227 2924 1402 2997 ipsum
1447 2928 1736 2983 concilium
1784 2939 1999 2985 revocat
2031 2944 2155 3000 pac-

567 3028 678 3075 tum
708 3017 861 3086 illud,
890 3018 1035 3090 quod
1058 3018 1340 3074 Paulinum
1391 3020 1531 3075 inter
1585 3031 1639 3077 et
1682 3021 1953 3078 Mcletium
2000 3030 2161 3091 atque

566 3114 846 3183 utriusque
872 3119 1080 3182 partem
1105 3153 1122 3179 ,
1173 3111 1359 3167 initum
1392 3110 1557 3169 fuisse
1584 3112 1819 3168 diximus
1839 3154 1855 3178 ,
1904 3112 2050 3184 quod
2082 3122 2160 3169 ta-

2267 1890 2372 1963 (h),
2402 1891 2634 1947 Basilius
2658 1899 2782 1947 octo
2813 1901 3019 1947 tantum
3046 1906 3224 1948 annos
3262 1893 3316 1948 in
3348 1892 3646 1965 episcopatu
3671 1893 3807 1947 visit:

2263 1982 2349 2038 vel
2377 1991 2435 2037 ut
2470 1983 2744 2055 Nyssenus
2771 1984 2867 2049 ait,
2901 1998 3101 2039 nonum
3132 1984 3377 2055 incmpit.
3428 1984 3751 2051 Quamobrem
3775 1984 3809 2039 si

2264 2090 2438 2132 annos
2482 2077 2628 2147 ipsos
2658 2091 3007 2133 numeremus
3035 2077 3104 2133 ab
3130 2076 3251 2147 ejus
3279 2077 3608 2134 ordinatione
3628 2118 3642 2144 ,
3667 2092 3766 2148 qute
3785 2092 3807 2133 a

2263 2169 2487 2226 Petavio
2509 2212 2525 2238 ,
2568 2169 2921 2226 Tillemontio
2944 2212 2959 2235 ,
2989 2186 3054 2227 ac
3086 2186 3301 2242 nupero
3325 2187 3546 2243 operum
3567 2170 3745 2228 editore
3765 2170 3805 2226 in

2263 2265 2371 2319 vita
2400 2263 2583 2319 Basilii
2619 2266 2971 2336 consignatur
3000 2266 3068 2321 ad
3118 2281 3322 2325 annum
3373 2266 3477 2324 570
3525 2267 3612 2341 (et
3650 2270 3687 2323 si
3727 2280 3807 2335 quo

2264 2374 2474 2425 mense,
2507 2374 2685 2429 quove
2713 2360 2800 2416 die
2827 2360 3119 2417 obscurum
3152 2360 3491 2434 sit),vivendi
3510 2361 3654 2418 ﬁnem
3683 2360 3805 2416 iecis—

2262 2466 2324 2507 se
2349 2451 2535 2508 debuit
2564 2452 2644 2507 vir
2668 2453 3045 2510 sanctissimus
3073 2469 3216 2509 anno
3244 2456 3352 2511 578
3377 2497 3392 2522 ,
3422 2465 3507 2522 et,
3540 2465 3592 2511 ut
3618 2454 3728 2510 mihi
3747 2452 3806 2506 vi-

2262 2544 2421 2600 detttr
2445 2585 2460 2611 ,
2511 2558 2620 2600 non
2663 2545 2752 2600 diu
2782 2555 2905 2616 post
2936 2546 3179 2602 Valentis
3209 2546 3417 2603 obitum
3443 2588 3459 2613 ,
3503 2562 3563 2602 ac
3597 2546 3805 2603 Gratiano

2263 2637 2383 2694 solo
2412 2638 2740 2709 imperante,
2772 2639 2873 2695 sub
2896 2654 3004 2711 quo
3031 2653 3086 2697 et
3123 2640 3486 2713 Hieronymus
3508 2640 3616 2712 ejus
3640 2638 3804 2696 obitum

2262 2732 2495 2801 collocat
2525 2732 2611 2806 (i).

2335 2827 2483 2883 Hanc
2511 2843 2643 2884 vero
2670 2831 2997 2886 sententiam
3022 2872 3038 2897 ,
3092 2831 3197 2887 alia
3225 2832 3390 2888 etiam
3420 2830 3706 2904 gravissima
3725 2869 3738 2894 ,
3763 2826 3804 2881 ni

2262 2919 2442 2987 fallor,
2474 2922 2785 2991 conjectura
2810 2924 3115 2978 conﬁrmat.
3158 2923 3302 2979 Nam
3332 2940 3453 2980 cum
3485 2924 3572 2981 ille
3592 2922 3651 2978 ad
3675 2934 3803 2989 supc-

2261 3029 2354 3071 ros
2386 3015 2680 3071 translatus
2724 3025 2842 3082 est,
2872 3016 3248 3074 Nazianzenus
3273 3058 3289 3084 ,
3318 3019 3461 3091 gravi
3486 3034 3544 3072 ac
3570 3014 3802 3087 periculoso

2261 3110 2439 3163 morbo
2466 3151 2482 3177 ,
2511 3125 2617 3180 quo
2638 3109 2999 3166 afﬂictabatur
3021 3152 3038 3179 ,
3071 3122 3305 3183 ereptum
3334 3111 3433 3168 sibi
3459 3110 3615 3167 fuisse
3636 3105 3801 3173 doluit,

565 3221 689 3264 men
731 3214 857 3261 ante
898 3204 1236 3261 Blondellum
1291 3220 1516 3277 magnus
1556 3206 1822 3263 Baronius
1867 3208 2163 3277 scripserat
2188 3197 2233 3262 C
2266 3212 2322 3256 ut
2359 3212 2595 3258 sanctum
2641 3205 2859 3258 cinerem
2898 3206 3332 3273 exoscularetur,
3376 3220 3439 3261 ac
3479 3204 3698 3277 Nysseno
3737 3196 3803 3254 cui

562 3298 662 3372 (c),
688 3300 779 3356 cui
801 3298 1042 3355 Valesius
1062 3298 1223 3355 etiam
1250 3303 1538 3355 consentit.
1565 3303 1632 3355 At
1653 3299 2034 3357 Tillemontins
2055 3300 2159 3374 (d),

561 3396 651 3468 qui
683 3409 791 3451 non
820 3402 999 3466 potest
1024 3392 1219 3449 adduci
1251 3402 1308 3448 ut
1342 3393 1570 3460 credat,
1619 3395 1967 3450 concordiam
2012 3394 2158 3450 illam

563 3498 673 3543 tam
704 3486 971 3558 frequenti
1015 3486 1457 3558 gravissimorum
1503 3486 1881 3558 episcoporum
1933 3502 2161 3543 numero

562 3580 960 3647 conﬁrmatam,
994 3579 1048 3634 in
1074 3570 1675 3649 Constantinopolitano
1703 3579 1901 3635 deinde
1929 3580 2160 3634 concilio

561 3671 772 3729 irritant
825 3669 983 3737 ﬁeri,
1037 3669 1290 3741 nulloque
1333 3670 1389 3725 in
1431 3671 1605 3741 pretio
1646 3670 1829 3727 baberi
1881 3672 2155 3741 potuisse,

561 3764 833 3823 Blondelli
860 3764 1169 3834 opinionem
1202 3763 1377 3834 rejicit
1402 3805 1416 3831 ,
1445 3763 1541 3820 sed
1576 3764 1691 3820 haec
1715 3765 2041 3821 Tillemontii
2075 3781 2157 3821 ra-

562 3859 637 3916 tio
689 3858 901 3913 inﬁrma
943 3871 1167 3928 prorsus
1216 3866 1271 3912 et
1313 3857 1512 3914 nullius
1557 3860 1814 3915 momenti
1859 3869 1982 3926 est;
2032 3875 2155 3915 nam

559 3953 760 4024 primo,
783 3951 1064 4022 graviores
1091 3964 1155 4006 ac
1181 3949 1425 4007 seniores
1451 3952 1693 4023 episcopi
1717 3993 1733 4019 ,
1767 3954 1856 4024 qui
1883 3953 2155 4009 Constan-

559 4045 932 4116 tinopolitanae
958 4042 1167 4116 synodo
1196 4042 1441 4109 aderant,
1473 4044 1606 4099 nihil
1640 4046 2001 4102 innovandum
2032 4061 2153 4103 cum

556 4139 896 4198 Nazianzeno
926 4138 1249 4205 censebant,
1291 4147 1349 4192 ut
1381 4138 1489 4192 alio
1520 4139 1639 4193 loco
1663 4138 1877 4196 dicam:
1925 4140 2150 4208 deinde,

554 4237 602 4291 si
634 4249 698 4291 ea
729 4232 1016 4290 concordia
1048 4231 1118 4287 ab
1145 4247 1334 4287 eorum
1368 4231 1610 4303 pluribus
1639 4234 1864 4304 probata
1892 4244 2071 4300 antea,
2102 4244 2158 4291 ct

553 4326 875 4383 conﬁrmata
907 4339 1014 4382 non
1045 4324 1249 4389 fuerat,
1278 4339 1376 4381 cur
1401 4323 1694 4396 Gregorius
1723 4325 1839 4397 ipse
1869 4340 2055 4398 pacem
2086 4327 2156 4383 ab

554 4420 625 4477 iis
665 4420 891 4476 fractam
916 4462 934 4487 ,
981 4434 1045 4475 ac
1094 4419 1338 4490 publicas
1368 4418 1586 4491 Deoque
1630 4427 1769 4477 teste
1807 4421 2156 4478 conlirmatas

554 4510 833 4583 pactiones
859 4510 1087 4566 violatas
1106 4510 1320 4567 doluit?

2262 3296 2489 3364 scribit,
2516 3297 2837 3369 czeterisque
2862 3299 3242 3356 communibus
3270 3301 3459 3357 amicis
3482 3342 3500 3369 ,
3528 3291 3804 3355 consolando

2262 3390 2480 3447 adesset
2506 3390 2598 3464 (j).
2630 3390 2747 3447 Non
2778 3392 2959 3464 itaque
2987 3394 3145 3465 longe
3172 3394 3243 3449 ab
3271 3394 3339 3450 iis
3358 3395 3558 3461 aberat,
3581 3406 3687 3447 cum
3714 3387 3803 3442 haec

2261 3484 2563 3551 scriberet,
2617 3501 2946 3557 quamquam
2974 3487 3394 3556 Tillemontius,
3452 3484 3710 3547 Floridus,
3756 3494 3803 3535 ac

2262 3579 2498 3649 scriptor
2528 3579 2664 3635 Vita:
2689 3580 2914 3648 Basilii,
2961 3581 3111 3636 illum
3158 3582 3427 3639 Seleucia:
3474 3579 3674 3639 lsauria:
3707 3585 3802 3631 tunc

2261 3683 2534 3744 agentem,
2566 3690 2628 3730 ac
2657 3690 2724 3731 ex
2755 3690 2817 3731 ea
2846 3676 2978 3731 urbe
2998 3674 3526 3749 Constantinopolim
3556 3681 3683 3729 recta
3706 3683 3801 3739 pro.

2259 3765 2459 3838 fectum
2486 3776 2744 3823 statuant.
2792 3767 2995 3824 Horum
3041 3770 3185 3825 enim
3214 3768 3638 3825 doctissimomm
3662 3760 3801 3818 homi-

2260 3875 2385 3915 num
2405 3858 2633 3930 judicio,
2670 3861 2836 3931 ipsius
2863 3878 2965 3932 ego
2992 3862 3320 3919 Nazianzeni
3347 3862 3697 3918 auctoritatem
3729 3866 3801 3926 po-

2260 3954 2453 4009 tiorem
2483 3956 2676 4021 habeo,
2706 3957 2796 4026 qui
2837 3956 3105 4024 Seleucia,
3136 3974 3246 4029 quo
3276 3965 3589 4022 secesserat,
3616 3950 3798 4009 Nazian-

2258 4062 2380 4101 zum
2409 4060 2468 4101 se
2499 4062 2776 4103 reversum
2807 4050 3043 4120 scripsit,
3065 4060 3398 4122 questusque
3426 4060 3525 4114 est.
3553 4061 3632 4103 res
3657 4045 3713 4097 ab
3732 4053 3797 4105 eos

2258 4154 2365 4210 quo
2391 4154 2485 4194 eas
2513 4140 2802 4211 reliquerat
2831 4150 2995 4208 statu,
3030 4144 3251 4199 minime
3290 4144 3592 4199 immutatos
3623 4150 3715 4193 ase
3736 4147 3799 4187 rc-

2258 4242 2459 4303 pertas.
2494 4232 2770 4305 Siquidem
2792 4249 2914 4289 cum
2945 4235 3249 4292 Seleuciam
3282 4251 3343 4293 se
3380 4234 3702 4293 contulisset,
3728 4225 3799 4279 ibi.

2256 4340 2352 4395 que
2377 4333 2576 4397 tempus
2600 4326 2741 4381 haud
2766 4327 2910 4382 breue
2935 4330 3226 4401 peregisset,
3253 4340 3367 4385 tum
3396 4338 3453 4385 ut
3482 4328 3587 4384 Deo
3609 4328 3799 4382 vacaret,

2256 4425 2370 4473 tum
2398 4433 2626 4489 sperans
2656 4419 2775 4476 fore
2797 4463 2813 4488 ,
2850 4432 2906 4476 ttt
2945 4423 3150 4479 interea
3178 4422 3525 4480 Nazianzenae
3552 4414 3797 4477 Ecclesia,

2255 4512 2415 4583 cujus
2444 4527 2630 4569 curam
2656 4516 3097 4572 constantissime
3125 4516 3528 4582 declinaverat,
3564 4513 3798 4584 episcol'“s

628 4603 797 4674 Hujus
839 4603 1036 4659 deinde
1066 4604 1261 4676 synodi
1300 4612 1419 4660 acta
1450 4604 1518 4660 ad
1548 4604 1835 4662 Damasum
1876 4622 1910 4663 a
1937 4606 2153 4664 Meletio
2183 4602 2230 4663 D
2254 4605 2449 4678 aliquis
2477 4607 2845 4677 prceﬁceretur
2882 4623 3004 4664 cum
3034 4626 3263 4666 reversus
3289 4621 3407 4679 est,
3439 4609 3511 4663 nil
3542 4603 3704 4678 reperit
3724 4600 3797 4653 ho-

555 4698 675 4768 ipso
705 4695 869 4751 missa
899 4696 1063 4751 fuisse
1090 4704 1338 4767 oportet,
1383 4702 1505 4753 cn’m
1531 4698 1720 4755 eadem
1770 4700 2050 4771 originalia
2098 4700 2152 4756 in

558 4789 815 4845 Romana:
859 4788 1120 4844 Ecclesiae
1148 4789 1389 4846 arcltivis
1435 4790 1645 4860 pridem
1688 4800 1899 4848 servata
1930 4791 2151 4849 fuerint.

508 4890 517 4900 ’
557 4882 671 4938 Hoc
696 4880 873 4953 ipsum
908 4892 1172 4952 praeterea
1204 4898 1303 4938 nos
1330 4882 1491 4940 docet
1516 4884 1807 4956 synodicus
1833 4884 2048 4941 libellus
2072 4885 2156 4942 bis

557 4976 743 5034 verbis
768 4993 781 5031 :
819 4975 1059 5032 Meletius
1084 4994 1180 5032 suo
1200 4978 1255 5033 in
1276 4979 1462 5034 throno
1491 4978 1806 5044 Antiochiae,
1849 4979 2078 5035 diuinam
2108 4992 2155 5035 et

554 5084 761 5125 sacram
780 5070 1074 5124 conuocauit
1099 5070 1388 5142 synodum,
1437 5088 1554 5144 quae
1581 5073 1809 5129 diuinum
1840 5074 2154 5144 conﬁrmans

556 5162 884 5234 Symbolum,
910 5172 958 5217 et
979 5161 1302 5228 Marcellum,
1322 5175 1367 5219 et
1382 5164 1682 5232 Pltotinum,
1703 5178 1749 5221 et
1772 5167 2153 5238 Apollinarium

555 5256 883 5312 anathemate
913 5265 1119 5323 notans,
1143 5257 1370 5312 diuinam
1396 5260 1463 5313 ad
1490 5256 1775 5315 Damasum
1815 5270 1862 5315 et
1890 5260 2155 5333 episcopos

559 5349 849 5408 Occidentis
874 5351 1017 5405 misit
1044 5352 1412 5422 expositionem
1440 5353 1536 5427 (e).
1565 5354 1696 5423 Quis
1718 5362 1899 5412 autem
1929 5355 2156 5412 Romam

627 5468 704 5613 ia)
730 5468 849 5526 Lib.
877 5484 953 5539 vr,
984 5484 1104 5541 cap.
1137 5471 1230 5531 21.

656 5541 709 5613 b)
734 5540 852 5613 Lib.
880 5558 921 5606 ι,
953 5556 1074 5612 cap.
1101 5543 1157 5611 8,
1184 5558 1230 5600 at

656 5541 709 5612 b)
734 5540 852 5598 Lib.
880 5558 921 5606 ι,
953 5540 1074 5612 cap.
1101 5543 1157 5611 8,
1184 5554 1290 5603 art.
1316 5543 1371 5610 2,
1405 5554 1539 5604 tom.
1568 5547 1613 5605 l.

653 5612 704 5683 ο)
732 5612 814 5683 Μ
840 5628 970 5670 ann.
1001 5615 1132 5683 378,
1161 5632 1311 5674 num.
1339 5616 1430 5676 26.

741 5682 821 5761 pe
849 5684 1065 5761 Meletio
1092 5682 1198 5745 art.
1231 5691 1319 5761 15,
1350 5708 1499 5752 num.
1524 5693 1579 5750 8.

658 5754 710 5882 ll
732 5754 942 5882 illi}:
968 5762 1211 5882 33.217"

823 5825 937 5887 .0.
968 5825 1147 5888 tonui

2254 4717 2391 4762 rum,
2419 4701 2638 4771 ﬁnxerat
2657 4717 2773 4771 qua:
2798 4717 2939 4756 mens
2964 4700 3097 4766 sibi;
3119 4702 3332 4773 fugisse,
3364 4701 3453 4757 sed
3480 4713 3585 4771 qua:
3612 4690 3793 4762 ρυιαῡαι,

2259 4793 2367 4849 htec
2392 4794 2595 4867 agmine
2620 4793 2799 4850 oborta
2825 4811 3012 4866 magno
3039 4797 3289 4866 comperit
3317 4794 3518 4867 negotia
3546 4788 3633 4860 (lt).
3659 4780 3795 4841 eccle-

2256 4888 2473 4943 siastica
2514 4888 2758 4951 scilicet,
2787 4903 2908 4959 qua:
2936 4900 3200 4945 excutere
3227 4896 3541 4960 optaverat;
3570 4872 3799 4952 apertissi-

2258 4996 2345 5036 ma
2377 4981 2556 5053 itaque
2586 4988 2714 5036 sunt
2742 4979 3068 5037 Nazianzeni
3110 4984 3274 5039 verba
3300 5024 3316 5051 ,
3344 4997 3444 5038 nec
3474 4978 3623 5034 aliam
3670 4978 3794 5041 quam

2259 5090 2381 5147 quae
2423 5089 2453 5130 a
2480 5074 2745 5147 Gregorio
2776 5075 3097 5148 presbytero
3138 5076 3191 5132 in
3241 5075 3481 5147 ejusdem
3525 5056 3795 5127 Nazianzeni

2261 5170 2368 5224 vita
2393 5210 2409 5237 ,
2455 5177 2510 5225 et
2539 5185 2568 5223 a
2596 5168 2756 5223 Billio
2783 5168 2887 5224 illis
2920 5170 3177 5225 attributa
3198 5178 3282 5225 est
3306 5212 3319 5235 ,
3351 5160 3794 5236 interpretationem

2261 5262 2464 5320 ferunt.
2518 5263 2710 5320 Statim
2773 5262 2975 5333 itaque,
3008 5277 3072 5318 ac
3102 5275 3351 5319 reversus
3376 5257 3668 5316 Naziauzum
3689 5243 3790 5304 fuit,

2262 5367 2441 5413 actum
2470 5364 2554 5413 est
2594 5357 2789 5412 iterum
2812 5396 2827 5423 ,
2876 5364 2933 5410 ut
2960 5354 3078 5424 ejus
3108 5354 3364 5411 Ecclesiae
3392 5363 3565 5409 curam
3600 5339 3795 5409 suscipe.

2355 5476 2410 5623 σέ
2442 5477 2548 5532 Vit.
2581 5477 2746 5533 Macr.
2775 5476 3011 5540 tom.lll,
3040 5493 3163 5551 pag.
3196 5477 3316 5534 187.

2355 5551 2384 5623 h
2417 5547 2738 5623 permulti,
2767 5564 2919 5623 num.
2940 5549 3043 5623 ‘45.
3171 5618 3187 5623 η

2355 5478 2410 5623 9;
2442 5478 2548 5532 Vit.
2581 5478 2746 5533 Macr.
2775 5478 3011 5540 tom.lll,
3040 5493 3163 5551 pag.

2352 5551 2384 5631 h
2435 5548 2614 5604 Carm.
2648 5547 2738 5616 64,
2767 5564 2919 5605 num.
2952 5549 3043 5605 45.
3171 5618 3187 5623 η

2348 5623 2388 5707 ι)
2416 5621 2493 5675 De
2519 5620 2578 5677 S.
2610 5620 2671 5676 E.
2700 5635 2821 5689 cap.
2853 5620 2979 5678 116.

2324 5478 2409 5818 ἔρ)
2429 5692 2845 5818 [ἒέξίηῗριίεὸῐὲί.
2869 5779 2987 5818 sua.

2356 5620 2396 5691 i)'
2416 5621 2493 5675 De
2519 5620 2578 5677 S.
2610 5620 2671 5676 E.
2700 5635 2821 5689 cap.
2853 5620 2979 5678 116.

2364 5694 2398 5765 ῐ)
2429 5692 2558 5765 Νη·
2590 5707 2679 5765 ep,
2707 5692 2834 5765 571.

2329 5763 2409 5840 (7t)
2436 5763 2718 5824 Carmide
2745 5764 2845 5824 vit.
2869 5779 2987 5826 sua.
