3998 6350
61 293 190 347 195
1541 285 1717 343 PROL

1865 283 2078 342 MENA.
3308 291 3410 348 ιρι

60 417 166 461 rct
203 423 218 470 ;
264 414 328 461 at
355 421 486 462 cum
519 405 660 463 ﬂecti
690 406 834 462 nullo
871 405 1032 462 modo
1064 412 1282 476 posset,
1338 403 1566 459 Basilius
1609 419 1714 459 cac-
1739 404 1792 466 Α
1817 404 1904 460 vix
1933 405 2121 474 elapso
2145 445 2160 468 ,
2196 402 2311 460 fieri
2351 415 2455 459 non
2487 409 2699 474 potest,
2751 411 2807 460 ut
2839 404 3069 462 Basilius
3094 406 3258 464 vitam
3290 423 3417 478 pro—

63 500 320 569 torique
357 501 655 569 provincia:
679 501 930 570 prtcsules
959 500 1348 563 obtinuerunt,
1385 508 1441 552 ut
1479 498 1582 553 iret
1607 498 1713 554 sal-
1820 500 2043 553 traxerit
2073 497 2138 553 ad
2168 497 2426 553 kalendas
2455 514 2626 570 usque
2657 497 2939 554 Ianuarias
2970 500 3093 554 anni
3119 499 3247 566 579,
3272 501 3418 571 ejus-

69 602 201 647 tem
234 593 311 646 ad
348 595 516 665 regite
545 593 696 648 urbis
733 593 1036 648 Catholicos
1077 590 1453 657 instruendos,
1487 601 1540 646 et
1569 606 1712 646 verte
1821 608 1927 662 que
1959 592 2161 648 idcirco
2192 592 2374 648 obitus
2411 591 2529 648 dies
2573 593 2908 649 revocandus
2952 595 3056 651 erit
3101 594 3167 649 ad
3214 609 3414 649 annum

63 687 374 744 doctrinm
422 689 476 744 in
511 705 573 744 ea
599 689 835 744 Ecclesia
870 689 1105 758 reliquas
1132 687 1445 743 excitandas
1483 687 1708 742 favillas.
1822 685 1926 742 578
1953 727 1968 751 ,
1999 693 2159 757 atque
2189 685 2254 740 ad
2284 684 2483 740 Julinm
2514 701 2754 742 mensem
2781 727 2796 753 ,
2828 686 2913 741 vel
2942 688 3260 758 Angustum.
3310 687 3417 742 Ba-

65 782 219 838 lla-c
248 783 408 838 enim
433 793 725 848 estcausa,
749 798 844 838 cur
867 783 918 837 in
941 782 1182 838 oratione
1203 782 1270 837 de
1297 781 1545 836 laudibus
1568 781 1714 850 ejus-
1819 777 1993 832 tiones
2023 788 2200 831 autem
2247 776 2382 837 illas.
2429 777 2622 846 quibus
2652 778 2754 832 alia
2787 780 3054 835 sententia
3082 778 3297 835 defendi
3329 794 3417 834 so-

64 876 214 930 dem
247 875 443 930 BaSllii
481 877 828 943 profiteatur,
868 892 969 928 non
1019 884 1202 944 prwter
1251 875 1364 943 ejus
1405 875 1712 928 sententiam
1817 868 1910 934 let,
1940 866 2078 922 haud
2107 868 2395 924 difficulter
2416 871 2584 926 everti
2611 909 2625 933 ,
2656 871 2866 938 aliaque
2891 887 3081 927 rursus
3101 883 3414 940 argumenta

67 969 544 1034 voluntatemque,
572 969 702 1023 illud
736 984 764 1022 a
797 983 854 1024 se
875 979 1190 1038 susceptum
1222 984 1380 1034 onus,
1413 979 1574 1039 atque
1597 969 1713 1023 haec
1815 960 1998 1016 afferri
2029 971 2289 1031 possent,
2322 962 2517 1033 quibus
2542 964 2734 1019 confici
2778 964 3022 1032 videtur,
3074 975 3184 1023 tum
3224 968 3418 1040 illigari

68 1062 265 1116 verba
301 1061 598 1130 Gregorius
627 1062 911 1133 presbyter
939 1062 1017 1116 sic
1048 1061 1381 1116 intellexerit
1403 1101 1416 1124 .
1451 1072 1507 1116 ut.
1533 1062 1712 1116 Cmsa-
1817 1052 1958 1108 haud
1990 1069 2146 1123 posse
2185 1054 2366 1110 Basilii
2395 1067 2625 1113 mortem
2653 1074 2796 1113 anno
2819 1059 2944 1123 579,
2971 1069 3081 1115 tum
3113 1061 3179 1116 ad
3211 1062 3420 1133 aliquot

67 1155 518 1223 riensisjiraasul
549 1154 888 1210 Nazianzenn
907 1156 1268 1223 jamcurremi
1302 1155 1536 1208 stimulas
1562 1155 1714 1208 addi-
1815 1147 2005 1202 saltem
2053 1163 2269 1205 menses
2300 1150 2697 1207 Antiochenum
2745 1151 2849 1209 hoc
2893 1157 3179 1212 concilium
3213 1157 3415 1212 retrahi

71 1249 227 1302 derit
263 1264 503 1318 eumque
529 1249 599 1302 ad
625 1250 894 1321 spirituale
920 1250 1015 1302 hoc
1035 1259 1287 1303 certamen
1307 1248 1710 1303 inunxerit.Sed
1815 1247 2089 1308 Oporlere-
2141 1244 2210 1297 At
2237 1258 2358 1299 cum
2389 1245 2613 1316 perinde
2644 1246 2714 1301 sit
2736 1288 2749 1310 ,
2779 1246 2920 1317 quod
2951 1248 3016 1303 ad
3049 1264 3144 1303 nos
3183 1252 3374 1306 aliine!
3398 1291 3414 1317 .

72 1343 552 1412 curargumentis
575 1343 776 1397 utimur
804 1359 908 1397 non
940 1342 1284 1406 necessariis,
1311 1357 1433 1398 cum
1461 1341 1548 1396 ille
1571 1338 1712 1396 Con-
1818 1342 1993 1389 "iram
2025 1335 2191 1406 eligas
2218 1338 2528 1405 opinionem
2557 1357 2963 1409 supervacaneo
3015 1344 3201 1401 labore
3246 1345 3416 1402 absti-

76 1436 518 1506 stantinopolim
567 1450 626 1490 se
655 1436 950 1491 accessisse
978 1445 1186 1490 asserat
1211 1477 1225 1502 ,
1278 1435 1605 1507 Cappadocia
1632 1452 1713 1490 re-
1817 1425 1982 1496 ﬂebo,
2007 1437 2064 1482 υι
2093 1427 2161 1484 ad
2187 1428 2289 1483 alia
2319 1432 2603 1488 transitum
2630 1433 2841 1492 faciam.

77 1531 220 1584 licia
268 1530 373 1603 (a).
424 1530 694 1586 Constans
724 1532 905 1600 itaque
929 1541 1245 1601 certumque
1275 1540 1356 1584 est
1391 1530 1711 1600 Gregorium

86 1625 361 1679 Seleucia
394 1624 744 1690 Nazianzum,
775 1636 828 1680 et
857 1626 921 1679 ad
952 1640 1080 1680 suos
1100 1640 1395 1690 reversum,
1422 1636 1711 1695 antequam

81 1715 628 1787 Constantitmpolim
650 1717 1105 1787 proficisceretur.
1132 1717 1414 1788 Reliquum
1439 1733 1577 1773 nunc
1606 1727 1709 1786 est,

88 1821 157 1864 ut
213 1827 343 1866 eum
390 1818 512 1865 ante
557 1811 736 1865 Basilii
784 1820 1013 1866 mortem
1040 1853 1053 1872 ,
1099 1808 1223 1865 inde
1264 1810 1485 1866 minime
1514 1811 1711 1867 abiisse
1744 1807 1790 1868 B

93 1905 449 1974 probemus:
503 1914 554 1960 at
602 1903 703 1961 hoc
747 1921 849 1959 una
882 1906 1000 1974 ejus
1031 1906 1096 1958 ad
1129 1904 1458 1974 Simpliciam
1494 1905 1712 1961 lucreti-

99 2015 236 2054 eam
284 1999 632 2068 pulcherrima
664 2000 895 2070 epistola
928 1999 1287 2055 demonstrari
1339 2009 1534 2068 potest.
1583 1999 1713 2070 Ejus

89 2091 300 2162 itaque
346 2078 655 2162 irrequisita:
696 2108 759 2147 ac
802 2093 1022 2147 minime
1065 2092 1458 2148 consentientis
1497 2107 1712 2148 servum

92 2184 351 2240 Basilius
382 2198 505 2241 ante
532 2186 735 2256 aliquot
777 2202 950 2242 annos
977 2187 1291 2257 episcopum
1324 2187 1711 2254 ordinaverat;

90 2277 375 2348 gravique
407 2278 600 2334 deinde
649 2288 703 2334 ct
730 2279 1036 2334 vehementi
1069 2280 1314 2335 oratione
1335 2280 1576 2348 ejusdem
1617 2280 1716 2335 fte-

80 2372 263 2426 mitne
299 2369 466 2426 furias
519 2381 573 2427 et
622 2372 863 2426 convicia
906 2383 1303 2442 compresserat
1333 2371 1427 2445 (b).
1482 2374 1551 2427 At
1594 2388 1716 2443 qua:

80 2480 155 2521 eo
193 2466 421 2520 vivente
452 2465 649 2520 mutire
672 2465 901 2537 amplius
930 2483 1035 2522 non
1057 2477 1292 2528 auserat,
1319 2467 1407 2521 vix
1434 2467 1711 2534 defuncto,

81 2557 610 2626 sa‘culariajudicia
654 2559 877 2624 minari,
918 2568 1076 2628 atque
1131 2560 1324 2614 iterum
1367 2558 1718 2615 vehementer

79 2650 442 2706 contendere
497 2650 690 2720 coepit.
761 2662 819 2705 ut
867 2651 1135 2706 ordinatio
1176 2651 1262 2706 illa
1321 2653 1712 2724 antiquaretur.

81 2742 408 2812 Gregorius
447 2743 611 2813 igitur
635 2783 650 2806 ,
695 2744 780 2798 cui
808 2759 869 2798 ea
902 2744 968 2798 de
1014 2760 1071 2799 re
1103 2753 1346 2799 matrona
1376 2746 1668 2816 scripserat
1697 2790 1712 2814 ,

83 2837 391 2891 lenissimo
420 2838 566 2892 illam
602 2854 853 2894 sermone
889 2839 1300 2895 demulcendam
1335 2842 1575 2907 censuit,
1604 2842 1718 2897 lau-

82 2929 158 2983 da
173 2930 367 2997 vitqne
394 2937 681 3000 propterea
713 2930 919 3001 primo,
951 2931 1091 3002 quod
1124 2931 1193 2987 de
1224 2932 1428 2988 Basilio
1466 2945 1592 2989 tunc
1639 2952 1746 3005 re—_

84 3039 224 3076 cens
284 3021 534 3094 defuncto
586 3023 981 3094 perhonorifice
1008 3025 1350 3094 loqueretur;
1388 3037 1495 3081 tum
1524 3028 1719 3084 deinde

84 3115 161 3168 ad
205 3107 490 3185 ne'gotium
519 3115 662 3187 quod
695 3115 883 3171 attinet
915 3158 928 3182 ,
979 3131 1098 3171 eam
1130 3118 1377 3188 rogavit,
1426 3135 1492 3174 ne
1525 3119 1716 3175 Eccle-

85 3209 246 3263 siam
278 3207 492 3277 optimo
524 3208 615 3262 illo
641 3208 900 3279 episcopo
924 3209 1157 3280 quodam
1191 3211 1354 3264 veluti
1385 3210 1612 3267 dauario
1639 3213 1719 3267 di-
1747 3205 1792 3269 C

87 3307 280 3356 vitem
335 3300 634 3370 expoliaret
655 3343 669 3365 ,
701 3301 960 3372 majorem
993 3302 1094 3357 sibi
1131 3302 1340 3356 laudem
1373 3303 1719 3359 conciliatura

2415 1545 2647 1604 CAPUT
2695 1549 2813 1606 XV.

1903 1658 2031 1726 580,
2065 1658 2269 1717 Duasr
2301 1661 2387 1730 l5,
2421 1661 2702 1720 Gaurano
2731 1682 2851 1722 auc.
2881 1681 2911 1721 v
2940 1683 3009 1723 ετ
3036 1684 3332 1727 rasonosto

2471 1775 2592 1815 AUC.
2619 1774 2763 1816 COSS.

1821 1867 1862 1923 Ι.
1903 1868 2012 1924 Lex
2040 1871 2073 1924 2
2095 1869 2223 1926 Cod.
2266 1871 2461 1928 Theod.
2493 1875 2556 1930 de
2585 1874 2711 1930 Fid.
2740 1879 2878 1932 calli.
2911 1878 3146 1948 a/I'ertur,
3172 1883 3422 1953 expendi«

1889 1971 1992 2016 tur.
2038 1963 2102 2018 ll.
2144 1966 2363 2021 Aeacius
2391 1966 2571 2024 Bercta
2615 1969 2666 2023 in
2709 1970 2867 2042 Syria
2903 1973 3172 2044 episcopus
3203 1975 3421 2031 Romam

1889 2057 2042 2118 venit,
2099 2066 2153 2110 ut
2214 2059 2571 2124 eidetur,cum
2621 2063 2748 2116 actis
2794 2064 3121 2121 Antiochente
3164 2068 3350 2138 synodi
3388 2084 3423 2122 a

1893 2149 2101 2204 Meletio
2147 2155 2341 2225 legatus
2385 2156 2533 2209 :alia
2579 2157 2713 2210 enim
2763 2158 3010 2212 Λεασίαηί
3036 2162 3194 2228 huius
3224 2161 3424 2216 itineris

1890 2261 2047 2300 causa
2077 2246 2372 2314 adducitur,
2405 2258 2459 2302 ut
2487 2259 2692 2319 pactum
2737 2251 2950 2319 scilicet,
2974 2253 3111 2322 quod
3156 2252 3422 2308 Meletium

1891 2341 2023 2394 inter
2053 2350 2098 2394 et
2130 2339 2414 2396 Paulinum
2438 2342 2725 2398 Antiochia:
2764 2346 2947 2400 initum
2989 2352 3158 2419 fuerat
3187 2391 3202 2417 ,
3233 2350 3423 2419 ron/ir-

1891 2443 2138 2487 marelur.
2176 2433 2258 2489 Ill.
2309 2435 2557 2506 Synodus
2603 2439 2695 2493 sub
2726 2437 2983 2504 Damaso,
3015 2460 3046 2495 a
3067 2459 3186 2512 qua,
3214 2455 3422 2515 pactum

1891 2525 2026 2579 illud
2073 2537 2243 2580 ratum
2285 2528 2533 2595 habitum,
2568 2529 2808 2588 Meletius
2853 2535 2921 2588 ad
2951 2534 3156 2607 plenam
3191 2553 3423 2591 commu-

1894 2621 2096 2674 nionem
2117 2633 2401 2691 susceptus,
2427 2641 2487 2678 ac
2508 2627 2715 2696 scripta:
2735 2629 2802 2681 ad
2835 2628 3179 2685 Theodosium
3207 2633 3389 2687 (inerte
3404 2673 3421 2698 ,

1893 2729 1955 2766 ne
1974 2713 2107 2766 illud
2135 2713 2414 2783 aliquando
2452 2720 2624 2789 frangi
2652 2720 2859 2775 sineret.
2910 2720 2999 2776 IV.
3032 2722 3216 2794 Agitur
3245 2723 3309 2778 de
3346 2724 3428 2779 al-

1895 2815 2002 2859 tera
2032 2806 2242 2862 Damasi
2282 2811 2350 2862 ad
2379 2807 2661 2865 Paulinum
2701 2813 2883 2868 celebri
2917 2817 3135 2887 cpistola
3156 2859 3171 2885 ,
3215 2835 3427 2890 eamque

1894 2896 1956 2950 ab
1995 2897 2090 2952 hac
2128 2901 2327 2970 synodo
2355 2903 2602 2972 scriptam
2629 2906 2787 2973 fuisse
2816 2907 3075 2974 probatur.
3110 2909 3427 2968 Pneumato—

1895 2989 2063 3042 maelii
2092 3008 2190 3060 quo
2228 2994 2447 3060 primunt
2475 3004 2698 3067 tempore
2739 2995 3103 3055 Macedoniani
3134 3003 3238 3057 dici
3265 3021 3429 3074 clepe-

1896 3083 1998 3137 rint
2021 3086 2046 3137 ?
2075 3084 2139 3139 V.
2176 3085 2353 3154 Vigilii
2377 3105 2526 3160 papae
2553 3091 2697 3144 locus
2719 3095 3026 3161 expenditur
3049 3137 3065 3165 ,
3088 3113 3187 3168 qm
3211 3097 3428 3154 Ambro-

1897 3177 2030 3231 sium
2059 3176 2175 3231 huic
2199 3180 2416 3233 concilio
2449 3183 2682 3252 adfuisse
2701 3187 2992 3254 conﬁcitur.

1899 3300 1942 3357 Ι.
1979 3299 2088 3355 lloc
2111 3317 2254 3356 anno
2285 3319 2342 3357 ιιι
2373 3302 2552 3360 kalen.
2587 3306 2744 3362 Mart.
2778 3307 2899 3363 data
2928 3319 3010 3366 est
3037 3310 3267 3368 celebris
3296 3314 3334 3370 l.
3366 3314 3425 3384 2,

86 3397 279 3450 rebus
311 3409 374 3450 ea
404 3393 703 3449 inconsulta
732 3395 896 3464 gestis
932 3410 1252 3450 consensum
1281 3396 1720 3464 accommodans,

87 3504 280 3557 quam
314 3487 362 3542 si
393 3497 547 3542 antea
581 3499 768 3556 rogata
797 3489 1177 3558 acquievisset.
1207 3489 1361 3555 Quod
1390 3489 1433 3544 si
1464 3498 1631 3560 petat,
1665 3496 1723 3544 ut

87 3598 308 3641 servus
344 3583 432 3637 ille
458 3623 473 3649 ,
499 3583 587 3653 qui
622 3583 761 3637 bona
784 3583 1296 3651 administraverat,
1329 3585 1564 3639 rationes
1596 3584 1721 3639 red-

85 3680 224 3745 dat,
258 3693 420 3748 :equa
451 3678 592 3732 illam
621 3677 902 3749 postulare
933 3679 1108 3748 inquit
1141 3696 1152 3730 :
1184 3677 1264 3732 sin
1291 3686 1471 3733 autem
1498 3690 1720 3733 conten-

86 3776 224 3836 dit,
276 3782 340 3826 ut
378 3771 678 3844 deponatur
709 3773 853 3827 velut
903 3771 1211 3826 sacerdotio
1260 3771 1509 3842 indignus
1535 3813 1550 3833 ,
1606 3773 1722 3828 lucc

87 3869 566 3937 coepiscoporum
591 3866 877 3936 provincize
908 3865 1130 3920 nomine
1157 3865 1409 3920 rescribit
1437 3882 1448 3918 :
1486 3863 1597 3919 Nos
1634 3881 1725 3920 nec

91 3965 278 4017 alium
309 3961 582 4032 quemdam
607 3960 756 4014 exiis
782 4001 796 4023 ,
827 3960 912 4029 qui
943 3959 1171 4012 criminis
1215 3959 1436 4028 alicujus
1460 3959 1532 4012 rei
1561 3968 1679 4012 sunt
1706 3999 1722 4027 ,

89 4054 386 4126 incognita
407 4069 560 4107 causa
582 4053 883 4105 dimittimus
906 4093 919 4117 ,
947 4068 1038 4105 nec
1064 4051 1199 4105 hunc
1238 4053 1573 4106 dimitlemus.
1625 4052 1726 4106 Ve-

89 4165 231 4204 rum
272 4148 319 4201 si
349 4146 462 4216 quis
487 4144 682 4214 aliquid
711 4143 891 4209 habet,
924 4145 1061 4213 quod
1101 4159 1214 4197 eum
1251 4152 1453 4198 accuset
1479 4161 1496 4209 ;
1523 4154 1568 4198 te
1594 4161 1728 4213 prte-

90 4252 260 4300 sente
291 4282 306 4303 .
356 4239 607 4310 simulque
627 4239 898 4312 judicante
920 4281 934 4305 ,
982 4238 1026 4291 si
1053 4238 1125 4292 ita
1160 4237 1362 4292 libuerit
1390 4279 1404 4303 ,
1454 4239 1534 4290 sin
1559 4239 1728 4291 minus

92 4334 337 4394 absente
357 4350 575 4402 quoque,
606 4348 756 4388 NOBIS
780 4346 1046 4389 mutemus
1073 4346 1439 4397 sxnoanus,
1477 4331 1728 4400 siquidem

93 4434 371 4488 innocens
395 4428 627 4481 inventus
655 4430 828 4499 fuerit,
858 4425 1055 4480 etiamsi
1077 4440 1247 4479 servus
1287 4423 1462 4493 fuerit,
1496 4423 1728 4478 absolve-
1833 4427 2063 4496 amplius
2106 4428 2160 4482 in
2192 4427 2297 4484 fide
2327 4439 2580 4487 nutarent
2603 4474 2618 4496 ,
2665 4433 2730 4488 ad
2761 4432 3057 4491 Romanam
3098 4437 3306 4494 scilicet
3333 4437 3436 4494 Ec-

95 4538 190 4582 tur
219 4567 237 4590 ,
282 4523 329 4576 si
371 4537 485 4576 vero
515 4521 772 4576 convictus
799 4521 954 4592 fuerit
995 4517 1413 4574 condemnabitur
1440 4519 1534 4590 (c).
1584 4519 1730 4574 Non-
1835 4520 2054 4576 clesiam
2082 4562 2096 4587 ,
2127 4537 2286 4592 quam
2312 4522 2526 4580 divinus
2558 4525 2748 4583 Petrus
2771 4528 2824 4584 in
2856 4528 2962 4586 llde
2984 4530 3314 4599 instituerat,
3344 4548 3438 4588 su-

96 4621 250 4677 dum
286 4615 472 4684 itaque
509 4612 875 4668 Nazianzenus
920 4627 984 4668 ex
1014 4609 1353 4682 Cappadocia
1396 4610 1582 4680 pedem
1614 4626 1728 4667 mo-
1755 4611 1809 4672 D
1835 4627 2187 4683 prcmumque
2213 4613 2330 4684 ejus
2360 4615 2674 4688 episcopum
2715 4619 3026 4686 Damasum,
3059 4640 3217 4695 quem
3247 4625 3440 4682 Basili-

98 4720 275 4769 vcrat
302 4752 318 4777 ,
353 4723 476 4764 cum
507 4707 707 4762 Basilio
732 4706 819 4761 vix
851 4715 975 4760 tunc
1001 4703 1256 4760 defuncto
1279 4703 1417 4759 hanc
1448 4704 1729 4773 epistolam
1836 4722 2024 4762 corum
2055 4706 2176 4763 libri
2206 4708 2447 4778 ejusdem
2490 4712 2720 4782 apostoli
2770 4712 2872 4770 hoc
2916 4715 3034 4772 loco
3061 4733 3436 4778 successorem

101 4804 427 4878 Simplicia:
454 4803 709 4872 scripsit,
743 4816 909 4872 seque
935 4798 1170 4870 judicem
1198 4815 1318 4854 cttm
1365 4799 1586 4870 reliquis
1615 4801 1734 4867 ejus
1838 4814 2032 4857 vocant
2062 4803 2132 4876 (Γ)
2161 4845 2176 4871 ,
2209 4818 2272 4859 ac
2318 4803 2535 4861 Petrum
2579 4808 3023 4867 Alexandrinum.
3075 4813 3145 4870 At
3195 4829 3319 4871 cum
3368 4815 3439 4873 de

99 4899 424 4978 provinciae
453 4896 720 4966 episcopis
750 4894 853 4950 hoc
883 4894 936 4950 in
965 4895 1180 4964 negotio
1199 4909 1474 4950 sessurum
1505 4894 1728 4951 obtulit:
1836 4893 1998 4950 Petro
2021 4910 2203 4952 sermo
2231 4909 2312 4954 est
2343 4941 2361 4967 ,
2400 4914 2496 4955 cur
2521 4900 2722 4956 nullam
2751 4902 3086 4960 Theodosius
3112 4904 3437 4963 Alexandri-

103 5009 288 5068 atque
318 4992 438 5046 haec
463 4991 681 5059 insuper
710 4988 848 5045 ratio
875 4996 958 5044 est
985 4996 1062 5053 ut,
1091 5003 1212 5043 cum
1247 4988 1297 5042 in
1325 4987 1516 5043 vicinia
1547 4997 1729 5054 esset,
1837 5004 1919 5043 me
1951 4989 2211 5046 Ecclesia:
2241 4994 2574 5051 mentionem
2602 4996 2769 5052 facit?
2795 4998 2877 5054 An
2908 4997 3048 5055 forte
3072 5000 3438 5057 Alexandrina

103 5103 366 5168 purgare
396 5101 455 5142 se
481 5085 729 5142 debuerit
766 5083 907 5156 apud
938 5083 1237 5156 Nysseuum
1267 5084 1445 5139 Basilii
1479 5085 1727 5150 fratrem,
1836 5084 1981 5139 Petri
2021 5084 2266 5142 Ecclesia
2320 5105 2351 5144 a
2405 5088 2509 5145 fide
2539 5100 2664 5146 tunc
2691 5090 3003 5149 defecerat?
3054 5094 3202 5151 nullo
3238 5095 3434 5151 modo:

105 5202 215 5243 cur
245 5180 426 5252 ipsius
454 5176 624 5232 funeri
657 5195 763 5233 non
789 5177 1074 5233 adfuisset.
1126 5178 1179 5233 Si
1215 5179 1394 5248 itaque
1441 5176 1733 5247 Gregorius
1837 5177 1932 5232 sed
1965 5188 2022 5232 ut
2052 5179 2455 5252 intelligerent,
2497 5194 2694 5254 quanta
2723 5196 2868 5243 esset
2909 5188 3050 5244 inter
3096 5205 3254 5244 unam
3301 5189 3438 5246 alte-

106 5272 656 5342 Constantimpolim
685 5271 914 5328 accessit
960 5281 1080 5341 post
1107 5271 1309 5326 obitum
1345 5270 1565 5336 Basilii,
1619 5271 1734 5340 ipse
1838 5289 2061 5346 ramque
2095 5276 2388 5332 Ecclesiam
2413 5317 2430 5346 ,
2479 5289 2640 5350 atque
2674 5280 2815 5338 inter
2846 5284 3124 5352 utriusque
3151 5283 3438 5356 episcopos

108 5385 258 5429 vero
290 5383 416 5421 eam
445 5364 738 5420 Ecclesium
767 5365 1164 5420 administravit
1200 5366 1398 5436 integro
1432 5364 1542 5420 fere
1571 5365 1732 5419 trien-
1839 5365 2144 5425 differentia
2171 5411 2186 5437 ,
2234 5380 2396 5442 atque
2445 5372 2582 5429 hanc
2609 5389 2730 5430 cum
2760 5391 2860 5433 suo
2889 5377 3064 5447 capite
3090 5377 3436 5447 conjunctam

110 5467 206 5523 nio
243 5460 330 5535 (d)
357 5477 378 5526 ;
427 5458 475 5514 si
519 5473 636 5514 eam
681 5459 914 5530 denique
949 5458 1152 5514 dimisit
1198 5459 1379 5514 medio
1423 5473 1565 5515 anno
1595 5460 1733 5528 581,
1841 5477 2026 5519 errare
2055 5478 2160 5520 non
2189 5480 2371 5536 posse,
2403 5475 2462 5523 ut
2492 5479 2743 5539 poterat,
2779 5485 2843 5526 ac
2869 5470 3042 5542 potuit
3063 5471 3251 5527 altera.
3299 5472 3438 5532 Hinc

1827 3391 1893 3448 de
1922 3393 2044 3448 Fid.
2075 3395 2327 3451 catholic.
2357 3438 2372 3462 ,
2428 3397 2657 3454 Acholio
2697 3401 2995 3470 suadente,
3041 3412 3200 3476 atque
3247 3404 3350 3462 hoc
3395 3421 3427 3462 a

1827 3485 2134 3542 Theodosio
2165 3488 2390 3545 sincera:
2419 3490 2543 3547 fidei
2571 3494 2938 3550 testimonium
2967 3496 3104 3553 forte
3129 3498 3384 3570 exigente
3407 3540 3425 3570 ,

1827 3592 2115 3654 antequam
2151 3585 2239 3641 ille
2262 3586 2328 3642 ad
2362 3587 2690 3658 baptismum
2720 3633 2733 3657 ,
2772 3592 2914 3663 quod
2947 3603 3216 3664 aegrotans
3247 3606 3431 3666 posm-

1829 3678 2051 3740 laverat.
2082 3681 2479 3737 admitteretur.
2511 3682 2687 3740 Causa
2714 3701 2868 3754 vero,
2898 3688 2966 3743 ob
2991 3704 3150 3759 quam
3174 3688 3432 3745 Sozome-

1829 3787 1931 3827 nus
1964 3770 2034 3844 (ε)
2070 3774 2241 3845 legem
2272 3774 2417 3830 illam
2460 3777 2638 3833 datam
2672 3792 2937 3836 memorat
2967 3824 2982 3846 ,
3032 3791 3216 3852 aperte
3264 3784 3429 3838 etiam

1829 3865 2184 3933 demonstrat,
2221 3869 2345 3939 quid
2379 3870 2672 3942 imperator
2703 3875 3028 3931 intellexerit
3055 3919 3070 3944 ,
3097 3892 3219 3932 cum
3246 3877 3434 3932 subdi-

1831 3966 1914 4013 tos
1945 3975 2071 4014 suos
2097 3960 2164 4015 ad
2189 3962 2486 4032 religionem
2519 3977 2734 4022 revocat
2759 4009 2772 4033 ,
2815 3985 2969 4039 quam
2997 3970 3200 4024 divinus
3226 3979 3432 4041 aposto-

1831 4052 1909 4107 lus
1972 4050 2158 4108 Petrus
2219 4055 2468 4112 Romanis
2518 4060 2771 4124 tradidit,
2821 4079 3070 4132 quamqne
3136 4064 3433 4132 pontiﬁcem

1835 4144 2115 4200 Damasum
2145 4150 2286 4218 sequi
2324 4151 2512 4217 claret,
2542 4164 2586 4206 et
2625 4152 2834 4208 Petrum
2868 4156 3197 4210 Alexandria:
3228 4157 3432 4225 episca-

1831 4255 1987 4309 pum:
2017 4257 2212 4310 nempe
2238 4252 2297 4297 ut
2325 4244 2630 4300 Orientales
2657 4249 2740 4301 sui
2774 4249 2824 4302 in
2853 4249 3021 4303 varias
3052 4260 3214 4303 sectas
3242 4249 3393 4303 divisi
3413 4288 3430 4317 ,

1833 4332 2197 4404 intelligerent
2225 4336 2517 4406 aliquando
2541 4380 2556 4406 ,
2607 4355 2713 4410 quo
2741 4357 2799 4396 se
2832 4351 3044 4399 vertere
3074 4352 3334 4414 possent,
3366 4358 3436 4402 ne

196 5599 280 5674 (a)
303 5599 447 5653 Ἐκεῖ
474 5593 514 5650 δ’
533 5593 1144 5686 ἐτιτιῆλθοὲοιῐοετιττῇδοσσοιν1
1156 5603 1260 5686 7i:
1274 5595 1430 5676 λιπὼν
1454 5597 1484 5655 ἢ
1511 5599 1717 5686 πίστειοίε

1920 5601 2003 5686 ςά)
2021 5601 2214 5686 ριν-ιιι.
2244 5601 2312 5659 de
2338 5603 2516 5686 Episc.
2535 5648 2550 5672 ,
2584 5620 2726 5662 vers.
2761 5606 2896 5675 101,
2941 5607 3083 5664 τοῦτ’
3103 5607 3214 5672 ἔτος
3241 5615 3436 5686 τρίτον.

117 5666 498 5814 ἒῇεέιῖἱαέἕοῖς
520 5675 673 5790 tite-tgna
698 5669 872 5726 δοκεῖς
903 5671 1080 5724 Carm.
1114 5666 1182 5722 de
1221 5666 1403 5736 Episc.
1432 5708 1447 5737 ,
1477 5683 1620 5724 vers.
1649 5667 1717 5724 94

259 5787 279 5814 Ι
315 5811 355 5814 __
404 5756 522 5814 ls_._
568 5753 643 5795 .it.

1913 5666 1994 5814 (ἐξ
2021 5671 2137 5728 Lib.
2172 5688 2266 5738 vn,
2296 5666 2413 5746 cap'.
2442 5676 2499 5731 4.

1919 5743 1970 5814 (Ῑ
2022 5747 2261 5814 Δάμασος
2291 5747 2316 5804 ὁ
2344 5751 2430 5806 καὶ
2463 5746 2499 5806 δι

310 5740 643 5880 ἓείεὲὃηῐί.
2022 5747 2261 5816 Δάμασος
2291 5747 2316 5804 ὁ
2344 5740 2430 5806 iaci
2463 5746 2708 5821 διάδοχος
2727 5748 2886 5806 αὐτοῦ
2920 5747 3148 5848 δοξάσει.
