3950 6330
559 249 666 312 195

1753 234 2068 307 sanctus
2105 246 2428 308 DAIASUS
2464 249 2665 308 PAPA.
3268 235 3280 241 ’
3684 258 3760 314 tu

560 363 757 421 Petrus
802 363 1200 421 Alexandrinus
1242 362 1444 418 nullam
1487 362 1648 420 aliam
1687 363 1758 420 ob
1782 379 2001 420 causam
2033 379 2154 435 pro—
2180 365 2236 427 Α
2256 369 2494 438 gregatis
2517 369 2713 424 missos
2733 365 2801 423 ad
2826 367 3114 423 Damasum
3139 365 3492 425 Theudor-etus
3507 369 3576 426 ait
3593 370 3762 443 (f),nec

559 458 768 530 positus
794 465 880 514 est
907 456 1268 513 Orientalibus
1293 470 1392 526 pro
1417 457 1670 527 exemplo
1698 456 1842 527 quod
1861 473 2158 528 sequeren-

561 559 669 617 tur,
699 566 856 622 quam
883 551 1006 620 quia
1037 563 1158 604 cum
1186 548 1279 604 ille
1325 549 1553 605 Damaso
1595 560 1651 605 et
1680 549 1938 606 Romanae
1967 549 2157 607 Eccle-

559 643 655 697 sire
686 640 963 696 manifesta
1004 641 1386 697 communione
1429 641 1654 712 junctus
1701 649 1887 708 esset,
1939 642 2161 698 minime

558 736 789 790 dubitari
825 743 1066 804 poterat,
1093 735 1224 806 quin
1254 751 1437 790 veram
1471 735 1630 790 tidem
1662 734 2026 805 proﬁteretur.
2078 733 2161 790 Illi

557 827 719 897 igitur
743 842 927 883 errare
956 828 1388 894 convincuntur,
1434 827 1525 897 qui
1575 843 1699 883 eum
1745 829 2057 894 rationum,
2107 836 2162 882 et

558 919 773 989 Scriptu
784 935 966 974 rarum
986 919 1226 990 pondere
1253 921 1516 990 oppressi,
1539 920 1836 976 Romanam
1865 919 2159 976 Ecclesium

556 1010 798 1083 periculo
828 1012 1046 1068 errandi
1075 1013 1394 1068 subtrahant
1419 1055 1435 1080 ,
1479 1029 1585 1070 non
1637 1013 1779 1069 idem
1821 1014 1890 1069 de
1917 1015 2163 1070 Romano

557 1105 812 1174 episcopo
836 1106 1105 1173 sentiunt,
1138 1105 1362 1177 perinde
1391 1123 1456 1163 ac
1479 1109 1524 1162 si
1553 1107 1794 1164 membra
1835 1108 1953 1163 sine
1981 1109 2161 1180 capite

560 1195 855 1265 perfectum
897 1196 1115 1253 efﬁcere
1156 1213 1354 1268 corpus
1392 1209 1652 1270 possent,
1698 1209 1792 1255 aut
1837 1199 1996 1254 dotes
2039 1215 2164 1256 esse

556 1289 750 1360 aliqua;
778 1291 830 1345 in
855 1306 1085 1362 corpore
1109 1293 1419 1364 prmcipuae,
1449 1302 1504 1348 et
1531 1293 1881 1362 excellentes,
1910 1307 2032 1365 quac
2057 1310 2164 1350 non

558 1385 668 1438 sint
710 1385 943 1456 capitis,
987 1395 1041 1442 et
1079 1402 1110 1440 a
1141 1387 1318 1458 capite
1355 1387 1684 1443 dcriventur.
1735 1386 1841 1444 Sed
1894 1404 1963 1444 ne
2011 1398 2166 1444 extra

557 1494 808 1548 campum
835 1495 1116 1536 excurram
1135 1523 1149 1546 ,
1197 1480 1364 1536 adisis
1389 1479 1604 1537 Orsium
1639 1481 1738 1536 hac
1781 1481 1848 1537 de
1875 1498 1934 1537 re
1961 1481 2167 1552 optime

557 1571 914 1628 disserentem
951 1571 1026 1645 (a)
1052 1614 1068 1640 ,
1111 1587 1212 1644 ego
1249 1573 1514 1645 siquidem
1545 1574 1610 1628 ad
1641 1575 1943 1630 institutum
1979 1575 2163 1630 redeo.

629 1663 690 1718 ll.
745 1663 860 1718 Dixi
909 1666 1178 1736 superiori
1223 1668 1436 1737 capite,
1489 1681 1517 1721 a
1550 1663 1766 1722 Meletio
1793 1667 1956 1722 missa
2003 1667 2168 1724 fuisse

2258 460 2377 531 ejus
2408 462 2460 515 in
2494 461 2689 517 litteris
2719 472 2848 517 tunc
2873 462 3089 530 scriptis
3111 463 3309 516 mentio
3333 469 3430 516 est.

2332 557 2402 610 At
2425 555 2473 609 si
2502 554 2570 610 ad
2601 570 2793 610 causas
2831 554 3188 620 attendimus,
3219 554 3286 610 ob
3315 569 3442 625 quas
3469 555 3666 612 Aeacius
3686 557 3765 612 ilo-

2261 663 2403 702 mam
2429 647 2565 703 mitti
2588 651 2782 718 potuit,
2805 663 2869 704 ac
2893 648 3103 712 debuit,
3135 656 3244 702 tum
3272 657 3492 718 tempus,
3515 663 3611 718 quo
3632 664 3688 705 eo
3703 665 3772 705 aco

2261 743 2446 806 cessit,
2481 753 2593 797 tum
2621 743 2741 811 ejus
2770 741 2986 814 synodi,
3015 745 3099 797 cui
3122 740 3308 804 adfuit,
3337 755 3498 795 annus
3523 740 3644 796 haud
3665 742 3754 797 difli

2264 837 2438 892 culter
2465 839 2628 892 statui
2661 837 2878 906 poterit.
2905 835 3081 891 Causa
3112 834 3292 904 itaque
3315 833 3499 902 duplex
3527 831 3681 888 auerti
3701 848 3776 904 po-

2263 936 2401 995 test;
2438 931 2610 998 prima
2655 937 2716 983 ut
2763 927 3008 983 Meletius
3036 927 3106 984 de
3152 933 3327 997 pacto,
3349 941 3451 997 quo
3493 924 3619 981 inter
3641 927 3775 996 ipsum

2265 1037 2329 1078 ac
2357 1021 2665 1088 Paulinum,
2697 1030 2860 1090 atque
2884 1019 3162 1089 utriusque
3190 1018 3352 1088 partis
3375 1016 3651 1072 Catholicos
3672 1016 3778 1072 divi-

2266 1121 2350 1174 sio
2400 1116 2611 1170 sublata
2661 1114 2857 1180 fuerat,
2934 1113 3224 1168 Damasum
3271 1119 3427 1179 atque
3473 1109 3782 1165 Occidentales

2267 1210 2552 1281 episcopos
2573 1209 2838 1264 certiores
2864 1206 3088 1273 faceret,
3119 1213 3283 1276 atque
3307 1219 3367 1258 ea
3397 1203 3591 1258 ratione
3616 1202 3782 1273 plenam

2267 1311 2428 1373 atque
2467 1310 2708 1372 apertam
2752 1300 3064 1371 apostolica:
3115 1297 3260 1353 sedis
3288 1296 3684 1352 communionem
3707 1295 3785 1348 sibi

2269 1398 2490 1466 suisque
2510 1395 2860 1458 conciliaret:
2885 1410 2949 1450 ae
2970 1403 3230 1465 praterea
3249 1400 3306 1446 ut
3327 1401 3526 1461 pactum
3550 1388 3661 1444 illud
3680 1389 3788 1444 sedis

2269 1488 2512 1557 ejusdem
2538 1488 2880 1552 auctoritate,
2904 1494 3100 1550 ratum,
3127 1486 3594 1552 inconcussumque
3612 1479 3792 1535 babere-

2271 1589 2398 1637 tur:
2449 1596 2624 1650 neque
2671 1580 2814 1635 enim
2847 1580 3100 1649 ignorare
3128 1575 3372 1632 bieletius
3410 1582 3624 1646 poterat,
3665 1570 3792 1625 sacris

2271 1690 2395 1731 esse
2441 1673 2740 1730 canonihus
2768 1671 3138 1737 interdictum,
3186 1685 3253 1724 ne
3283 1669 3389 1724 duo
3429 1674 3596 1723 essent
3634 1665 3679 1718 in
3718 1675 3794 1717 una

557 1757 912 1814 Antiochense
953 1774 983 1813 a
1028 1774 1089 1814 se
1141 1759 1336 1813 habita:
1363 1760 1556 1832 synodi
1582 1769 1756 1830 gesta.
1803 1760 2163 1829 Quaerendum
2198 1755 2247 1816 Β
2273 1767 2489 1822 civitate
2513 1765 2778 1835 episc0pi,
2821 1772 2985 1834 atque
3013 1777 3109 1818 eos
3137 1776 3373 1817 canones
3411 1758 3570 1828 probe
3593 1756 3798 1826 intellige-

558 1865 704 1906 nunc
729 1861 832 1914 est,
865 1849 988 1920 quis
1010 1866 1072 1903 ea
1104 1851 1310 1918 tulerit,
1344 1865 1560 1922 quoque
1583 1867 1748 1905 anno.

630 1942 938 1998 Alexander
969 1943 1403 2012 Hierapolitanus
1429 1943 1631 2000 Acacio
1663 1946 1884 2001 Beroea:
1923 1945 1976 2000 in
2011 1947 2166 2018 Syria

558 2036 816 2107 episcopo
848 2036 962 2092 hzuc
985 2035 1174 2092 scribit
1219 2053 1233 2090 :
1283 2035 1395 2092 Scit
1431 2036 1695 2093 Sanctitas
1737 2048 1824 2092 tua
1845 2078 1860 2104 ,
1885 2039 2014 2093 sicut
2042 2039 2165 2093 olim

557 2129 684 2182 mihi
714 2146 804 2199 per
834 2129 1107 2199 epistolam
1127 2131 1369 2200 scripsit,
1398 2132 1520 2200 quia
1544 2171 1558 2196 ,
1592 2140 1639 2186 et
1680 2132 1733 2184 in
1779 2129 1948 2186 Roma
1996 2147 2168 2187 coram

559 2221 623 2278 S.
653 2221 731 2275 Μ.
765 2224 1006 2294 episcopo
1038 2223 1260 2278 Damaso
1297 2235 1546 2295 prteseute
1576 2234 1664 2278 tua
1693 2224 1979 2281 Sanctitate
2006 2267 2020 2291 ,
2051 2241 2168 2280 mo-

562 2325 672 2371 tum
697 2325 772 2372 est
819 2317 882 2371 de
908 2316 1091 2373 heresi
1144 2318 1461 2388 Apollinarii
1490 2336 1505 2373 :
1546 2329 1593 2372 et
1616 2318 1760 2373 nobis
1787 2319 1918 2373 duas
1958 2329 2170 2373 naturas

558 2413 959 2483 conﬁtentibus,
1000 2423 1055 2468 ut
1096 2431 1200 2468 non
1241 2415 1502 2468 divinitati
1529 2416 1815 2484 passionem
1846 2415 2130 2470 tribuamus
2153 2459 2168 2481 ,

561 2505 798 2560 dicebant
831 2507 905 2569 Iri,
937 2507 1023 2576 qui
1053 2518 1196 2561 eram
1229 2507 1540 2577 Apollinarii
1558 2547 1571 2572 ,
1624 2508 1756 2562 duos
1784 2523 1877 2562 nos
1907 2507 2079 2562 dicere
2107 2509 2172 2578 [i-

563 2599 662 2654 lios
685 2599 786 2672 (b).
821 2600 1012 2671 Pagius
1045 2609 1165 2670 post
1189 2601 1416 2656 recitata
1447 2601 1560 2656 haec
1592 2601 1751 2657 verba
1785 2601 1854 2655 ita
1885 2593 2172 2673 prosequi-

564 2700 688 2746 tur:
737 2691 914 2764 Lupus
956 2693 1011 2745 in
1048 2693 1260 2747 scholiia
1285 2693 1354 2747 ad
1379 2693 1526 2748 illam
1589 2677 1860 2760 epistolam
1912 2694 2172 2748 existimat

562 2803 848 2842 sermonem
869 2787 952 2840 hic
978 2803 1086 2841 esse
1109 2787 1172 2864 de
1201 2787 1400 2858 synodo
1425 2787 1661 2841 Romana
1693 2789 1861 2851 tertia,
1887 2803 2047 2858 quam
2078 2801 2174 2842 an-

562 2895 635 2935 no
667 2879 774 2936 575
800 2921 814 2945 ,
849 2879 942 2934 ille
970 2879 1204 2934 habitam
1240 2889 1425 2949 putat;
1476 2880 1570 2935 sed
1596 2890 1649 2934 ut
1679 2880 2041 2935 animaduertit
2068 2878 2172 2934 Ba-

564 2971 732 3026 lusius
758 2972 814 3026 in
839 2973 975 3025 uotis
995 2972 1062 3026 ad
1084 2971 1316 3026 eumdem
1340 3013 1354 3038 ,
1390 2971 1612 3026 Aeacius
1653 2982 1776 3025 tunc
1802 2973 2031 3026 nondum
2064 2983 2174 3027 erat

562 3068 838 3136 episcopus
861 3082 881 3121 :
917 3067 1015 3120 huc
1055 3083 1215 3134 usque
1255 3066 1487 3140 detegere
1511 3082 1612 3120 non
1642 3067 1786 3138 potui
1812 3108 1826 3131 ,
1859 3083 1925 3121 an
1954 3068 2174 3122 Aeacius

511 3217 514 3222 ,
563 3162 660 3217 sub
691 3162 848 3232 hujus
878 3162 1005 3216 anni
1059 3161 1165 3217 378
1231 3161 1386 3231 ﬁnem
1429 3162 1508 3215 uel
1553 3175 1688 3215 anno
1726 3160 1834 3215 582
1860 3203 1876 3228 ,
1918 3177 2018 3232 quo
2063 3160 2170 3215 alia
2197 3150 2244 3214 C

563 3255 792 3329 synodus
823 3255 1058 3311 Romana
1084 3255 1337 3310 celebrata
1361 3297 1376 3323 ,
1401 3257 1454 3310 in
1488 3254 1814 3312 Occidentem
1846 3258 2038 3312 venerit
2069 3254 2168 3329 (ε).

639 3348 753 3419 Ego
795 3362 924 3404 vero
969 3351 1228 3404 Acacium
1279 3364 1455 3419 neque
1481 3363 1625 3404 anno
1652 3350 1779 3415 378,
1811 3364 1985 3420 neque
2030 3363 2174 3404 anno

564 3437 698 3502 382,
743 3439 972 3494 Romam
1019 3440 1234 3497 venisse
1277 3453 1446 3512 puto:
1476 3442 1540 3497 ad
1590 3444 1825 3512 priorem
1855 3445 1998 3498 enim
2029 3441 2175 3514 quod

566 3532 782 3602 attinet,
810 3543 1026 3589 constat
1050 3535 1198 3589 illum
1219 3536 1528 3591 ordinatum
1552 3538 1866 3608 episcOpum
1891 3538 2038 3593 circa
2055 3536 2174 3606 ejus

567 3626 696 3682 anui
725 3625 888 3680 ﬂnem
921 3642 951 3681 a
979 3627 1036 3682 S.
1069 3627 1303 3684 Eusebio
1327 3630 1684 3685 Samosateno
1705 3629 1771 3684 ad
1802 3646 1953 3684 suam
1987 3631 2176 3686 Eccle-

572 3718 709 3774 siam
744 3717 1007 3774 redeunte
1035 3730 1156 3790 post
1187 3719 1434 3776 Valentis
1465 3721 1742 3776 interitum
1791 3723 1906 3793 (d);
1943 3737 2174 3790 quamo-

570 3811 722 3867 brem
778 3815 1148 3882 unusquisque
1197 3813 1354 3868 facile
1400 3827 1523 3868 cum
1573 3813 1794 3868 Baluzio
1822 3812 2178 3872 afﬁrmaverit

570 3905 719 3961 illum
771 3904 964 3960 adesse
1006 3921 1113 3960 non
1146 3906 1383 3976 potuisse
1430 3907 1690 3962 Romana:
1735 3909 1964 3980 synodo,
2013 3925 2174 3980 quam

569 4013 715 4052 anno
744 3995 839 4052 illo
865 4008 1245 4069 congregatam
1279 3999 1530 4070 plerique
1584 4001 1782 4056 frustra
1812 4011 2086 4069 asserunt,
2119 4011 2178 4058 ut

571 4090 772 4147 dictum
806 4101 889 4146 est
917 4091 1188 4162 superius.

641 4188 758 4255 Quo
781 4187 960 4243 minus
992 4202 1121 4244 vero
1147 4187 1414 4252 dicamus,
1447 4187 1702 4243 Acacium
1745 4185 1912 4243 ivisse
1949 4187 2174 4244 Romam

568 4296 712 4335 anno
742 4279 850 4337 5'82
880 4279 1010 4335 illud
1058 4280 1329 4351 prohibet,
1360 4278 1505 4350 quod
1546 4276 1831 4346 Damasus,
1874 4295 1934 4333 ac
1973 4295 2091 4332 cum
2115 4295 2177 4333 eo

571 4376 745 4430 cuncti
775 4376 1064 4431 sacerdotes
1112 4373 1491 4442 Occidentales,
1546 4372 1872 4428 Theodorum
1922 4371 2090 4441 Tarsi,
2131 4382 2180 4427 et

572 4465 819 4520 Acacium
837 4465 1064 4534 Beroeaa,
1088 4468 1352 4540 episcOpos
1375 4483 1488 4522 reos
1509 4466 1749 4538 agebant,
1770 4466 1840 4522 ob
1866 4467 2179 4521 ordinatum

2270 1860 2364 1915 bat
2389 1859 2573 1914 valere
2598 1869 2874 1927 oportere,
2901 1856 3006 1911 nisi
3027 1855 3188 1910 aliter
3216 1868 3468 1925 supremo
3497 1847 3717 1906 Ecclesia
3734 1862 3799 1902 ca-

2273 1952 2367 2022 piti
2391 1951 2462 2005 ob
2484 1965 2676 2021 graves
2695 1950 2929 2005 rationes
2951 1949 3124 2003 visum
3143 1955 3310 2002 esset.
3337 1946 3512 2000 Altera
3529 1958 3642 1997 vero
3658 1953 3797 2004 causa,

2272 2061 2446 2115 eaque
2469 2043 2768 2114 justissima
2801 2043 2920 2109 fuit,
2952 2052 3012 2096 ut
3039 2040 3106 2095 ad
3132 2039 3380 2096 eamdem
3408 2034 3718 2108 apostolicam
3739 2046 3802 2086 se-

2273 2139 2397 2194 dem
2444 2137 2607 2193 ferret
2634 2147 2752 2191 acta
2793 2135 3149 2192 Antiochense
3195 2130 3411 2202 synodi,
3439 2145 3504 2186 ex
3529 2126 3696 2198 quibus
3727 2123 3801 2178 Da-

2277 2248 2428 2288 maso
2452 2240 2735 2302 perspecta
2755 2228 2912 2285 ﬁeret
2931 2227 3132 2300 Meletii
3157 2227 3325 2298 ipsius
3343 2235 3500 2296 atque
3513 2219 3801 2278 Orientalium

2275 2324 2352 2380 illi
2379 2322 2895 2379 communicantiqu
2927 2320 3085 2387 ﬁdes,
3114 2327 3170 2374 et
3209 2319 3524 2388 obsequium
3562 2328 3669 2385 erga
3709 2311 3805 2366 deli-

2277 2419 2388 2471 nita
2441 2415 2509 2470 ab
2556 2416 2748 2470 eodem
2801 2413 3032 2469 Damaso
3079 2415 3359 2483 dagmata,
3409 2419 3561 2480 atque
3599 2422 3657 2461 eo
3691 2413 3806 2474 pacto

2278 2512 2509 2582 aequior,
2545 2520 2654 2564 tum
2701 2506 3045 2564 Antiocheuo
3083 2505 3209 2562 huic
3249 2503 3494 2576 praesuli,
3520 2510 3620 2556 tum
3646 2494 3808 2553 caeteris

2278 2603 2530 2657 omnibus
2553 2601 2727 2662 ﬁeret,
2761 2613 2994 2670 quorum
3023 2597 3158 2652 ﬁdes
3180 2597 3236 2652 in
3261 2594 3610 2666 suspicionem
3634 2588 3811 2643 adducta

2278 2696 2572 2766 aliquando
2596 2693 2797 2751 fuerat.
2830 2694 2978 2748 lianc
3011 2707 3171 2762 porro
3217 2707 3435 2746 causam
3479 2683 3731 2760 synodieus
3767 2679 3811 2733 lt-

2279 2788 2459 2845 hellus
2489 2803 2596 2842 non
2628 2787 2857 2842 obscure
2908 2785 3111 2840 indicat
3158 2783 3340 2838 allatis
3390 2776 3644 2850 superiori
3680 2772 3812 2842 capite

2280 2883 2486 2950 verbis,
2518 2882 2713 2952 quibus
2734 2882 2831 2947 ait,
2855 2880 3098 2952 ejusdem
3128 2876 3485 2934 Antiochena:
3506 2870 3676 2946 synodi
3697 2881 3812 2936 upo-

2249 2963 2514 3033 Ositionem
2540 2980 2606 3030 ad
2633 2979 2919 3031 Damasum
2943 2983 2998 3030 et
3037 2972 3416 3028 Occidentales
3455 2985 3485 3024 a
3521 2962 3815 3024 bleletiomit-

2280 3087 2431 3136 sam,-
2459 3080 2621 3140 atque
2652 3068 2755 3124 hoc
2793 3077 2877 3124 est
2915 3067 3084 3122 multo
3112 3067 3476 3136 probabilius,
3519 3075 3664 3132 quam
3700 3053 3814 3115 illud.

2278 3163 2425 3234 quod
2451 3162 2697 3218 Valesius
2715 3163 2791 3216 ait
2811 3160 2887 3235 (g)
2919 3162 3122 3232 legatos
3147 3161 3365 3216 scilicet
3384 3175 3414 3213 a
3443 3159 3654 3212 Damaso
3675 3149 3817 3207 Aulio-

2280 3258 2458 3314 chiam
2509 3257 2726 3323 missos,
2780 3269 2836 3312 ut
2887 3256 3098 3328 synodo
3151 3254 3232 3310 illi
3286 3254 3560 3316 adessent,
3606 3265 3632 3302 a
3670 3243 3818 3314 quibus

2281 3348 2479 3405 deinde
2506 3358 2627 3403 acta
2651 3347 2720 3404 ad
2748 3346 2949 3405 Urbem
2977 3347 3148 3403 relata
3183 3355 3362 3417 putat,
3398 3355 3453 3400 ut
3477 3345 3531 3398 in
3549 3338 3739 3398 Scriniis
3760 3349 3821 3389 re-

2281 3442 2668 3498 conderentur.

2355 3537 2444 3592 lll.
2487 3535 2614 3591 Haec
2646 3550 2774 3592 vero
2811 3550 2936 3590 cum
2973 3533 3046 3589 ita
3084 3532 3213 3598 sint,
3247 3529 3566 3588 Beroeensis
3593 3525 3821 3598 episcopus

2283 3629 2436 3684 nullo
2465 3629 2576 3684 alio
2613 3626 2969 3683 comtnodiori
2998 3633 3248 3693 tempore
3277 3625 3505 3680 Romam
3535 3619 3720 3676 venisse
3753 3626 3820 3682 p0-

2286 3722 2410 3787 tuit,
2454 3735 2612 3790 quam
2647 3722 2749 3776 hoc
2779 3734 2946 3784 anno,
2979 3727 3103 3788 post
3131 3717 3439 3774 confectam
3467 3715 3660 3770 scilicet
3681 3706 3824 3764 Antio-

2283 3813 2512 3867 chenam
2542 3811 2832 3882 synodum,
2861 3811 3015 3882 cujus
3044 3809 3306 3866 aﬂ'erehat
3323 3821 3464 3866 acta.
3489 3806 3585 3862 Hic
3605 3816 3714 3858 vero
3733 3809 3823 3852 cum

2287 3905 2477 3960 Romae
2511 3919 2748 3975 praesens
2771 3914 2939 3971 esset,
2981 3902 3164 3958 habita
3190 3914 3276 3958 est
3305 3911 3498 3975 quarta
3521 3898 3617 3956 sub
3650 3897 3825 3950 Damaso

2285 3997 2548 4068 synodus,
2594 4000 2749 4070 cujus
2795 3997 3101 4054 Alexander
3148 3997 3588 4067 Hierapolitauus
3611 3987 3821 4048 meminin

2287 4090 2447 4159 eique
2471 4089 2674 4156 adfuit;
2719 4090 3006 4146 adfuerunt
3049 4091 3238 4146 itidem
3283 4089 3693 4162 Apollinaristre,
3726 4089 3826 4148 quoS

2287 4186 2453 4238 etiam
2477 4195 2599 4252 post
2626 4184 2892 4254 synodum
2919 4184 3064 4238 illam
3093 4181 3516 4248 Antiochenam,
3543 4195 3571 4232 a
3599 4190 3691 4248 qua
3711 4171 3826 4226 dam-

2285 4277 2398 4330 nati
2414 4274 2650 4342 fuerant,
2665 4275 2890 4330 Romam
2904 4289 3091 4330 versus
3105 4283 3230 4330 utse
3247 4279 3559 4346 purgarent,
3583 4269 3827 4333 malamque

2286 4385 2506 4426 causam
2554 4386 2650 4441 pro
2695 4369 3072 4426 haereticorum
3113 4385 3268 4427 more
3301 4371 3441 4425 tueri
3486 4370 3760 4439 pergerent.
3781 4355 3828 4409 λδ

2286 4463 2512 4521 Oriente
2559 4464 2900 4532 discessisse,
2949 4463 3420 4519 verosimillimmn
3459 4469 3559 4518 est.
3591 4458 3703 4515 Haec
3735 4462 3830 4505 vero

573 4557 893 4615 Flavianum
938 4561 1162 4615 Paulino
1204 4564 1517 4630 superstite,
1549 4577 1732 4630 eosque
1761 4577 1855 4630 pro
1883 4575 2180 4616 excommu-
2207 4549 2264 4612 D
2288 4559 2378 4616 illa
2423 4559 2542 4629 ipsa
2577 4569 2662 4614 est
2695 4557 2954 4629 synodus,
2996 4573 3158 4628 quam
3201 4557 3496 4628 synodicns
3525 4550 3718 4610 libellus
3743 4547 3830 4614 Ροδι

573 4653 760 4707 trientis
787 4651 1033 4707 [rubebant
1067 4651 1170 4726 (e);
1197 4658 1286 4709 vix
1321 4654 1500 4724 itaque
1531 4653 1645 4708 ﬁeri
1681 4662 1880 4724 potest,
1909 4652 2017 4707 illis
2048 4667 2177 4722 pau-

572 4747 652 4803 cis
682 4756 888 4802 tautum
925 4747 1126 4816 elapsis
1164 4748 1232 4802 ab
1263 4763 1324 4803 ea
1371 4747 1715 4802 ordinatione
1756 4746 2057 4809 mensibus,
2090 4761 2178 4801 re—

571 4841 803 4911 busque,
849 4839 1150 4911 animisque
1179 4840 1355 4894 adhuc
1397 4837 1759 4908 eanperatis,
1803 4836 2063 4892 Acacium
2107 4837 2176 4894 ad

570 4934 837 5007 synodum
883 4933 1111 4989 Romam
1152 4932 1253 5001 ire,
1309 4933 1525 4988 Damasi
1555 4940 1718 5001 atque
1747 4931 1989 4986 omnium
2017 4930 2176 4986 Occi-

571 5024 869 5082 dentalium
899 5025 1275 5098 episcoporum
1315 5034 1664 5096 conSpectum
1697 5024 1885 5081 subire
1914 5023 2173 5093 voluisse,

570 5119 734 5190 atque
759 5117 902 5175 inter
927 5133 1020 5174 eos
1052 5120 1225 5174 locum
1260 5117 1459 5173 habere
1487 5118 1730 5189 potuisse
1756 5134 1768 5169 :
1804 5116 1932 5172 hinc
1963 5132 2072 5171 non
2096 5114 2181 5172 le-

569 5216 716 5286 gitur
743 5214 861 5284 ejns
892 5228 1085 5268 nomen
1115 5212 1256 5268 inter
1286 5222 1396 5267 tres
1424 5213 1546 5267 illos
1574 5213 1860 5282 episcopos
1882 5251 1898 5278 ,
1921 5225 2058 5281 quos
2078 5225 2178 5266 an-

570 5321 646 5363 no
683 5305 777 5362 illo
803 5305 872 5362 ab
918 5305 1283 5362 Orientalibus
1313 5306 1508 5361 iterum
1536 5302 2013 5375 Constantinopoli
2045 5318 2180 5360 con-

647 5474 722 5556 (a)
747 5473 906 5556 'i‘om:
929 5473 1028 5556 _ll|,
1061 5473 1418 5556 lib._xv,__a_rt.
1637 5543 1648 5556 Ὁ

743 5547 906 5673 {mod
929 5541 1066 5620 Lup.
1097 5547 1255 5618 epist.
1287 5543 1381 5614 57,
1409 5543 1479 5600 ad
1498 5542 1695 5601 concil.
1725 5541 1930 5615 Ephes.
1957 5581 1974 5610 ,
2017 5556 2171 5614 oper.

649 5687 722 5809 (εἰ)
749 5687 832 5744 Ad
858 5705 986 5746 ann.
1019 5688 1148 5757 378,
1177 5705 1246 5746 ex
1268 5706 1325 5773 n.
1355 5689 1446 5759 l7,
1477 5687 1570 5745 18.

657 5758 674 5809 l
718 5756 737 5809 l
762 5758 1030 5809 Theudor.
1059 5759 1127 5809 ﬂ-
1156 5759 1246 5809 Ε--
1273 5761 1368 5809 lih.
1400 5765 1570 5809 V-'cal

657 5756 737 5829 (ά)
762 5758 1030 5818 Theudor.
1059 5756 1247 5833 H.E.,
1273 5761 1368 5820 lib.
1400 5756 1610 5834 πίεραι).
1643 5757 1699 5814 3.

2291 4652 2533 4708 Valentis
2561 4653 2767 4707 obitum
2813 4668 2844 4706 a
2893 4653 3125 4707 Damaso
3163 4659 3546 4723 congregatam
3575 4651 3737 4703 narrat
3769 4634 3830 4691 his

2290 4746 2508 4800 verbis:
2546 4743 2737 4799 Vt'ens
2757 4754 2930 4798 autem
2956 4761 3074 4799 cum
3099 4744 3152 4798 in
3173 4742 3401 4799 Thracia
3427 4745 3658 4798 adversus
3681 4730 3831 4789 Galli“

2285 4847 2593 4908 pugnasset,
2616 4837 2732 4910 igne
2758 4836 3055 4906 absumptus
3071 4837 3140 4891 ad
3166 4848 3416 4892 wternum
3435 4837 3602 4910 ignem
3625 4822 3829 4902 migrauit.

2295 4930 2658 4986 Valentiniano
2684 4932 2838 4985 etiam
2881 4930 3149 5002 defuncto,
3191 4928 3478 4986 Gratianus
3503 4929 3638 5000 ﬁlius
3671 4921 3766 4994 pios
3787 4911 3832 4966 ab

2284 5025 2468 5080 exsilio
2486 5026 2752 5096 episcopos
2795 5025 3070 5091 revocavit,
3102 5041 3201 5096 quo
3251 5035 3482 5089 tempore
3521 5025 3682 5076 beatus
3717 5010 3834 5068 εῑὶωκ

2286 5116 2549 5172 Damasus
2573 5133 2777 5172 sacrant
2799 5115 2980 5172 Roma
3008 5115 3338 5188 congregavit
3361 5114 3613 5187 synodum
3637 5106 3834 5162 adversus

2285 5213 2510 5268 Arianos
2555 5211 3078 5277 Pneumatomachos,
3125 5219 3173 5267 et
3213 5211 3347 5266 alios
3397 5208 3640 5279 plurimos
3674 5191 3838 5255 Ιιωηιὸ-

2283 5322 2374 5362 cos
2405 5304 2508 5378 (It).
2537 5307 2719 5378 Neque
2739 5305 2881 5362 enim
2912 5306 3225 5362 existimare
3253 5304 3539 5371 debemus,
3575 5307 3662 5356 aut
3689 5300 3838 5362 δίψη·

2365 5470 2438 5546 (e)
2465 5471 2805 5546 §oz_om_._lib.
2832 5486 2926 5541 vn,
2959 5487 3082 5546 cap.
3115 5471 3206 5527 Η.

2387 5543 2433 5615 f)
2463 5543 2762 5615 H.LEL.7lib._
2778 5559 2840 5615 v,
2855 5558 2978 5615 cap.
3010 5545 3066 5599 8.
3167 5607 3186 5615 υ

2365 5470 2415 5546 (e
2467 5471 2684 5528 Sozom.
2709 5471 2805 5528 lib.
2832 5486 2926 5541 vn,
2959 5487 3082 5542 cap.
3115 5471 3206 5527 Η.

2387 5549 2415 5614 f
2463 5544 2530 5600 Η.
2557 5543 2620 5600 E.
2654 5543 2748 5600 lib.
2778 5559 2833 5610 v,
2857 5558 2978 5615 cap.
3010 5545 3066 5599 8.
3183 5607 3186 5610 ,

2811 5614 2905 5672 lib.
2937 5631 2992 5684 v,
3015 5628 3137 5687 cap.
3167 5607 3226 5672 3.
