3878 6346
101 268 213 338 197

1469 266 2004 335 PROLEGUIIENA.

3261 276 3275 344 l
3301 279 3402 336 198

89 413 256 452 mum
310 396 469 453 illum
500 396 807 469 pontificem
853 398 1145 453 innumeros
1186 410 1250 450 ex
1286 393 1491 463 dilfusis
1538 396 1711 453 ltaliw
1738 408 1790 467 Α
1815 408 1861 453 et
1908 398 2127 452 alterum
2186 406 2299 469 post
2364 398 2762 470 assumption
2809 397 2977 453 carnis
3024 410 3089 452 ex
3124 394 3125 397 “
3167 396 3400 469 Virgine.

94 491 345 561 partibus
369 490 657 561 episcopos
685 505 1004 556 convocare,
1037 498 1126 545 aut
1171 490 1332 544 hosce
1371 489 1564 545 adesse
1610 506 1707 559 po-

99 584 305 649 tuisse,
338 584 533 652 primis
576 584 684 638 illis
712 591 835 653 post
857 583 1098 639 Valentis
1145 581 1349 637 obitum
1385 583 1709 638 turbulentis

98 676 475 746 temporibus,
503 675 599 731 sed
628 692 748 732 cum
777 676 984 732 reddita
1013 676 1266 731 Ecclesim
1289 691 1420 746 pace
1469 692 1532 732 ac
1557 693 1711 733 secu-

96 770 311 835 ritate,
364 768 558 839 majori
602 785 790 825 omnes
833 786 953 825 cum
1008 771 1253 826 libertate
1300 785 1364 826 ac
1436 771 1711 842 religionis

97 864 425 931 commodo,
458 864 641 920 officio
668 880 767 921 suo
798 865 942 937 fungi
976 875 1240 935 poterant.

178 957 443 1013 Fructum
488 974 640 1027 vero,
674 975 834 1030 quem
862 974 929 1015 ex
959 975 1020 1015 ea
1064 959 1332 1029 legatione
1362 958 1465 1014 sibi
1510 974 1709 1031 prepo-

96 1060 295 1106 suerat
324 1050 594 1118 Meletius,
626 1051 954 1105 uberrimum
990 1051 1163 1120 cepit;
1211 1065 1333 1104 nam
1374 1050 1631 1104 Damasus
1657 1057 1714 1105 et

98 1154 286 1201 ratum
322 1146 509 1201 habuit
537 1156 749 1217 pactum
775 1144 926 1209 illud,
958 1159 1066 1216 quo
1108 1142 1505 1199 Antiochenum
1538 1143 1713 1199 schis-

98 1257 195 1297 ma
227 1240 500 1295 sublatum
531 1240 727 1308 fuerat,
755 1249 811 1296 et
853 1239 1123 1295 Meletium
1173 1240 1347 1309 ipsum
1396 1239 1449 1293 in
1499 1239 1711 1308 plenam

99 1335 548 1389 communionem
593 1336 796 1404 recepit
838 1348 947 1388 non
974 1346 1129 1387 secus
1152 1347 1215 1386 ac
1245 1331 1548 1387 Paulinum.
1586 1331 1713 1387 Hzec

100 1435 361 1481 constant
385 1435 498 1480 tum
528 1440 593 1481 ex
612 1440 701 1491 eo,
723 1423 863 1495 quod
887 1423 1212 1489 Acacius,ab
1237 1438 1302 1477 eo
1325 1423 1714 1494 missus,syuo—

103 1520 180 1575 do
213 1519 313 1574 sub
341 1519 574 1573 Damaso
598 1517 788 1582 adfuit,
825 1527 935 1572 tum
968 1532 1032 1571 ex
1058 1532 1123 1572 eo
1153 1515 1296 1586 quod
1325 1525 1467 1584 acta,
1498 1525 1554 1571 et
1579 1516 1712 1572 sub-

104 1615 456 1683 scriptiones,
487 1626 622 1681 quas
642 1611 711 1667 ab
732 1608 1071 1666 Antiocheno
1096 1609 1327 1665 concilio
1355 1608 1633 1675 attulerat,
1658 1608 1712 1663 in

109 1704 372 1760 Romanae
404 1703 658 1759 Ecclesiae
701 1705 925 1758 archivo
963 1702 1254 1757 recondita:
1286 1703 1535 1767 fuerunt;
1584 1715 1714 1757 con-

1881 492 2151 547 Secundo.
2186 490 2319 547 Cum
2350 506 2538 548 omnes
2559 492 2626 547 ad
2657 504 2774 547 eam
2805 507 2975 563 usque
2996 490 3136 546 diem
3187 501 3406 546 exortas

1814 584 2049 640 haereses
2076 602 2138 641 ea
2167 587 2288 641 fidei
2321 587 2551 641 eethesis
2584 586 2963 657 proscripsisse
3007 585 3274 651 videatur,
3309 600 3407 641 cur

1811 676 1879 730 de
1906 676 2222 732 Priscilliani
2256 679 2584 748 portentosis
2633 678 2980 748 opinionibus
3009 678 3152 733 nulla
3202 677 3406 733 mentio

1811 771 1928 827 est?
1957 771 2040 826 An
2067 771 2208 827 forte
2236 780 2329 825 aut
2368 770 2763 826 Priscilliannm
2794 773 2989 841 ipsum,
3018 780 3110 825 aut
3152 770 3404 825 infamem

1812 868 1927 936 ejus
1958 866 2204 921 haeresim
2237 867 2453 921 silentio
2482 866 2848 937 prseteriisset,
2870 865 3166 936 meritaque
3190 876 3408 920 senten-

1816 961 1884 1014 tia
1916 958 2496 1014 minimecoufinxisset
2519 957 2800 1019 Damasus,
2828 960 2872 1012 si
2899 958 3012 1012 Iuec
3042 957 3115 1012 illi
3148 958 3411 1011 innotuis-

1812 1054 1930 1108 set?
1959 1054 2070 1109 Hoc
2098 1068 2199 1124 ego
2243 1052 2374 1108 mihi
2406 1052 2717 1124 persuaderi
2749 1066 2854 1107 non
2881 1051 3071 1121 patiar,
3124 1066 3187 1106 ac
3231 1051 3411 1121 potius

1813 1148 2052 1213 credam,
2098 1147 2240 1200 illam
2271 1145 2396 1201 fidei
2444 1145 2681 1216 regulam
2724 1144 2981 1213 scriptam
3014 1143 3198 1210 fuisse,
3228 1145 3409 1214 prius—

1815 1254 1972 1306 quam
2006 1238 2293 1293 haereticus
2322 1238 2412 1294 ille
2450 1237 2676 1292 Romam
2730 1236 3043 1303 accederet,
3076 1244 3237 1306 atque
3289 1236 3412 1291 ideo

1814 1342 1941 1387 ante
1967 1348 2166 1387 annum
2190 1330 2318 1397 581,
2346 1346 2455 1400 quo
2480 1340 2693 1386 constat
2721 1345 2843 1385 eum
2874 1344 2904 1384 a
2934 1328 3411 1399 Caesar-Augusta-

1817 1441 1887 1480 no
1916 1425 2148 1481 concilio
2191 1425 2504 1480 damnatum
2546 1422 2616 1478 ad
2662 1422 2863 1479 Urbem
2895 1423 3213 1488 accurrisse,
3244 1431 3302 1476 ut
3332 1420 3417 1477 di-

1815 1533 1957 1575 cam.

1889 1596 2090 1668 Tertio.
2143 1610 2488 1669 Observanda
2543 1621 2668 1667 sunt
2709 1608 2825 1665 haec
2855 1606 3072 1664 Damasi
3129 1607 3294 1665 verba
3348 1623 3415 1662 ex

1817 1708 2269 1761 anatliematismo
2317 1716 2560 1776 quarto:
2613 1704 3114 1759 Anathentatizamus
3172 1692 3418 1756 Macedol

116 1808 266 1854 Stant
309 1798 422 1854 lucc
446 1797 635 1854 eadem
666 1796 889 1866 insuper
906 1811 973 1852 ex
995 1796 1258 1866 Gregorio
1289 1795 1626 1850 Nazianzeno
1662 1802 1718 1850 et
1747 1794 1793 1855 Β
1824 1801 2022 1866 ηἱαηοσ,
2046 1802 2133 1869 qui
2163 1802 2227 1854 de
2254 1799 2366 1855 Arii
2410 1800 2568 1872 stirpe
2592 1801 2844 1855 venientes
2883 1816 2983 1853 non
3018 1798 3287 1869 perﬁdiam
3308 1813 3421 1851 mw

122 1891 321 1946 litteris
369 1890 727 1961 Aquileiensis
767 1888 1006 1952 concilii,
1043 1887 1113 1942 de
1156 1887 1351 1957 quibus
1393 1887 1458 1942 ad
1508 1902 1710 1942 annum

124 1994 439 2054 sequentem
470 1982 734 2038 rediturus
763 1981 867 2036 erit
889 1979 1082 2051 agendi
1118 1980 1286 2034 locus.
1319 1979 1397 2035 Ne
1427 1980 1555 2051 quid
1586 1996 1713 2036 vero

123 2091 217 2133 res
251 2076 320 2130 ita
348 2076 666 2146 compositas
709 2074 928 2129 turbare
954 2073 1210 2141 deinceps
1243 2083 1446 2139 posset,
1478 2070 1716 2126 Ambro-

115 2168 255 2231 sius,
289 2177 347 2221 ut
371 2182 468 2236 ego
501 2177 648 2237 puto.
682 2167 972 2234 caeterique
1017 2176 1145 2220 tunc
1176 2163 1363 2218 Romae
1406 2166 1715 2235 congregati

114 2263 354 2334 episcopi
400 2262 623 2333 provide
668 2261 1040 2331 dispicientes,
1069 2260 1210 2330 quod
1261 2258 1458 2314 deinde
1501 2259 1716 2324 accidit,

110 2358 451 2425 scripserunt
476 2354 804 2419 Theodosio,
832 2362 892 2409 ut
917 2354 1065 2422 iuxta
1094 2354 1316 2421 partium
1339 2363 1561 2420 pactum,
1591 2352 1718 2406 alte-

110 2468 170 2505 ra
183 2451 484 2517 decedente,
507 2467 659 2518 penes
671 2449 997 2519 superstitem
1030 2446 1276 2503 Ecclesia:
1296 2456 1633 2512 remanerent,
1658 2461 1719 2500 ac

110 2558 178 2597 ne
205 2543 374 2596 altera
402 2543 818 2613 superordinatio
842 2551 1197 2595 attentaretnr.
1224 2540 1352 2594 Eam
1394 2554 1556 2609 porro
1606 2540 1723 2609 epi-

113 2637 312 2691 stolam
366 2648 493 2691 aute
543 2635 891 2706 Aquileiense
938 2634 1228 2689 concilium
1280 2632 1538 2701 scriptam
1571 2646 1718 2696 esse,

112 2744 276 2785 nemo
300 2729 498 2785 saltem
521 2727 818 2800 negaverit,
846 2726 935 2798 qui
959 2726 1095 2781 alias
1116 2724 1308 2797 legerit
1329 2723 1572 2794 ejusdem
1595 2740 1725 2779 cou-

113 2823 221 2879 cilii
266 2824 481 2878 litteras
515 2865 532 2891 ,
562 2840 682 2893 quae
720 2830 1027 2892 supersunt,
1074 2821 1233 2875 aliam
1274 2834 1403 2875 vero
1440 2828 1534 2873 aut
1555 2818 1726 2890 aptio-

113 2932 225 2973 rem
252 2918 622 2982 occasiouem,
640 2927 733 2970 aut
757 2915 1066 2971 Italicorum
1091 2914 1468 2984 episcoporum
1490 2928 1729 2968 conven-

114 3020 225 3066 tum
257 3012 604 3081 excogitasse
633 3010 721 3065 vix
750 3008 983 3080 poteris,
1017 3016 1211 3077 prmter
1239 3006 1400 3073 hunc,
1431 3021 1462 3061 a
1492 3021 1600 3076 quo
1648 3009 1729 3064 sic

112 3102 278 3159 scribi
311 3103 573 3173 potuerit.

1819 1907 2006 1961 tavere,
2032 1898 2122 1951 sed
2150 1912 2353 1951 nomen.
2406 1895 2799 1959 Macedoniani,
2845 1910 2981 1965 quos
3006 1894 3270 1950 Damasus
3318 1894 3420 1948 hoc

1820 1989 1941 2045 loco
1972 1990 2249 2059 exprimit,
2278 1990 2367 2061 qui
2398 1990 2528 2056 sint,
2556 1989 2830 2045 nemiuem
2860 1989 3028 2043 latere
3055 1997 3184 2057 puto
3210 2003 3222 2039 :
3253 1995 3310 2041 at
3338 1986 3422 2040 in-

1819 2084 2165 2154 quirendum,
2214 2099 2320 2154 quo
2352 2084 2582 2150 primutn
2614 2094 2877 2152 tempore,
2925 2083 3017 2153 qui
3046 2082 3216 2137 sancti
3243 2080 3420 2151 Spiri-

1823 2186 1908 2230 tus
1939 2176 2272 2232 divinitatem
2307 2177 2711 2247 oppugnabant,
2741 2176 2845 2230 hoc
2873 2180 3091 2230 nomine
3114 2192 3143 2229 a
3172 2174 3421 2230 Macedo-

1823 2268 1911 2321 nio
1960 2278 2122 2322 secta!
2160 2268 2298 2323 duce
2329 2269 2582 2339 appellati
2634 2268 2764 2322 sint.
2802 2267 2870 2323 Ut
2897 2283 3029 2323 vero
3060 2267 3165 2322 hoc
3212 2266 3427 2322 facilius

1823 2376 2200 2431 assequamur,
2251 2361 2354 2416 tria
2420 2372 2659 2431 tempora
2710 2360 3087 2431 distinguenda
3140 2368 3197 2415 et
3240 2358 3428 2415 obser-

1823 2454 1997 2508 vanda
2028 2465 2185 2509 sunt:
2215 2455 2447 2525 primum
2473 2454 2616 2526 quod
2640 2455 2886 2509 excurrit
2903 2470 2932 2507 a
2963 2464 3138 2509 morte
3160 2453 3428 2507 Constan-

1825 2548 1885 2602 tii
1915 2547 1979 2602 ad
2034 2548 2458 2617 Lampsacenam
2491 2547 2781 2619 synodum,
2810 2563 2932 2618 quae
2975 2554 3303 2616 congregata
3342 2553 3429 2601 est

1826 2654 1972 2693 anno
1991 2639 2099 2694 564
2138 2648 2231 2694 aut
2277 2641 2450 2695 altero
2500 2640 2738 2695 nondum
2789 2648 3083 2709 provecto:
3136 2640 3426 2708 posterius,

1828 2734 1973 2804 quod
2019 2749 2137 2788 eam
2185 2734 2449 2807 synodum
2480 2750 2653 2806 usque
2698 2735 2762 2789 ad
2797 2734 3034 2789 Valentis
3086 2733 3431 2804 imperatoris

1831 2828 2128 2893 interitum;
2161 2829 2377 2883 tertium
2409 2827 2674 2899 denique,
2708 2827 2849 2898 quod
2882 2825 3121 2881 Valentis
3147 2824 3429 2880 interitum

1833 2922 2181 2976 subsecutum
2220 2931 2324 2977 est.
2349 2922 2671 2978 Constantio
2699 2924 2881 2993 itaque
2913 2921 3191 2985 defuncto,
3223 2919 3434 2976 Semia-

1833 3014 1970 3068 riani
1997 3016 2124 3069 mia:
2152 3026 2477 3084 assertores,
2507 3016 2598 3087 qui
2627 3030 2694 3071 ex
2716 3015 3060 3086 {indulgentia
3086 3014 3205 3069 novi
3232 3012 3435 3083 princi—

1835 3106 1918 3176 pis
1940 3106 2005 3161 ad
2036 3107 2195 3165 sedes
2219 3121 2347 3164 suas
2375 3109 2580 3164 reversi
2620 3108 2857 3173 fuerant,
2889 3109 3058 3164 libere
3101 3120 3433 3178 congregare

183 3198 274 3254 ιν.
333 3197 421 3255 Ah
468 3200 566 3253 hac
614 3206 792 3254 autem
839 3197 1048 3268 synodo
1086 3204 1278 3269 quarta
1307 3197 1409 3253 sub
1466 3196 1718 3263 Damaso,
1750 3188 1796 3253 C
1830 3213 1974 3265 sese,
2007 3200 2295 3255 arctiorem
2325 3201 2466 3255 inter
2498 3215 2558 3255 se
2576 3200 2889 3255 societatem
2916 3199 3171 3269 jungere,
3201 3197 3434 3252 Arianos

115 3291 417 3363 profectam
449 3307 548 3363 ego
578 3292 796 3361 insuper
822 3294 1072 3348 existimo
1101 3293 1370 3351 celebrem
1410 3292 1556 3346 illam
1598 3290 1725 3345 ﬁdei

114 3386 518 3443 confessionem
550 3386 617 3442 ad
646 3387 949 3456 Paulinum,
973 3403 1135 3459 quam
1180 3391 1374 3444 iterum
1407 3389 1724 3456 impressam

116 3484 306 3539 damus
332 3482 439 3539 sub
467 3468 694 3539 numero
713 3492 926 3554 quarto.
957 3483 1106 3538 lllam
1131 3482 1376 3554 profecto
1407 3480 1725 3552 synodicam

117 3576 304 3645 fuisse,
330 3576 729 3642 Theodoretus,
768 3576 993 3647 Vigilius
1030 3592 1186 3648 papa,
1222 3588 1409 3632 auctor
1456 3573 1722 3646 synodici,

116 3673 313 3744 aliique
337 3679 551 3727 veteres
570 3681 838 3726 asserunt.
875 3670 1009 3725 Hinc
1038 3670 1286 3727 Valesius
1329 3668 1405 3741 (α)
1429 3683 1547 3724 eam
1590 3667 1729 3723 scri-

118 3776 260 3835 ptam
300 3773 461 3834 putat
488 3765 542 3819 in
588 3764 816 3835 synodo,
864 3778 1023 3834 quam
1057 3764 1317 3819 Damasus
1356 3762 1543 3817 habuit
1582 3775 1728 3816 anno

119 3857 255 3925 582,
304 3858 641 3927 missamque
689 3856 935 3920 Paulino,
965 3856 1057 3927 qui
1102 3855 1270 3911 redux
1319 3856 1373 3910 in
1421 3854 1727 3921 Orientem,

121 3951 524 4008 Thessalonicae
551 3950 888 4006 substiterat.
916 3949 1141 4004 Atnulla
1160 3960 1243 4005 est
1264 3964 1447 4013 causa,
1469 3963 1567 4003 cur
1589 3947 1731 4003 Pau-

122 4045 230 4101 lino
273 4046 423 4100 mitti
449 4044 715 4108 debuerit,
758 4060 879 4116 quae
910 4044 958 4099 ei
991 4053 1119 4099 tunc
1150 4043 1403 4113 praesenti
1449 4041 1503 4096 in
1535 4056 1728 4096 manus

124 4138 257 4192 tradi
285 4137 485 4209 potuit.
524 4138 717 4208 Pagius
740 4138 921 4208 itaque
940 4137 1011 4193 ob
1027 4136 1269 4207 ejusdem
1292 4134 1537 4207 synodici
1560 4136 1729 4191 libelli

124 4234 527 4297 auctoritatem,
578 4246 697 4286 eam
748 4230 917 4286 refert
961 4229 1030 4285 ad
1068 4245 1189 4285 eam
1233 4229 1524 4301 synodum,
1567 4242 1728 4298 quam

126 4337 246 4397 post
272 4326 519 4383 Valentis
557 4325 761 4382 obitum
783 4340 929 4380 anno
959 4325 1085 4391 578,
1131 4324 1412 4379 collectam
1445 4332 1596 4393 putat
1623 4323 1727 4396 (ὁ),

129 4420 437 4477 llarduinus
464 4430 642 4476 autem
664 4435 807 4475 anno
825 4419 952 4475 579.
977 4417 1245 4474 Caeterum
1275 4419 1317 4472 si
1342 4418 1482 4473 nulla
1504 4428 1587 4473 est
1614 4418 1730 4473 ido-

129 4528 225 4569 nea
254 4514 417 4579 ratio,
448 4529 545 4569 cur
571 4514 706 4569 adeo
728 4522 1066 4568 coarctemus
1088 4511 1331 4583 synodici
1350 4511 1511 4566 libelli
1540 4511 1728 4574 verba,

1832 3295 1946 3348 sive
1968 3294 2272 3348 Acacianos
2306 3294 2498 3349 iterum
2533 3292 2708 3363 palam
2737 3290 3037 3355 exsecrari,
3063 3305 3127 3345 ae
3153 3290 3286 3344 diris
3339 3288 3437 3344 de-

1831 3402 2031 3442 vovere
2078 3397 2376 3457 cteperant.
2411 3387 2484 3442 Ea
2534 3388 2696 3457 igitur
2732 3386 3022 3441 occasione
3063 3383 3433 3451 Macedonius,

1832 3480 1921 3550 qui
1953 3480 2018 3533 ad
2047 3479 2268 3534 eosdem
2300 3479 2673 3536 Semiarianos
2699 3477 2809 3547 jam
2859 3491 2920 3534 se
2950 3477 3303 3532 transtulerat
3325 3516 3338 3539 .
3370 3490 3435 3531 ac

1833 3588 1957 3630 cum
1993 3575 2057 3629 iis
2088 3576 2139 3628 in
2169 3573 2471 3629 latrocinali
2522 3583 2801 3628 conventu
2819 3570 3297 3640 Constantinopoli
3332 3568 3437 3624 dev

1836 3668 2047 3737 positus
2102 3665 2305 3732 fuerat,
2356 3680 2524 3736 seque
2570 3666 2620 3719 iu
2665 3664 2785 3725 villa
2840 3663 2962 3720 ltuic
3019 3664 3140 3720 urbi
3186 3663 3438 3735 proxima

1834 3760 2137 3827 abdiderat,
2169 3776 2199 3816 e
2229 3760 2450 3816 latebris
2477 3761 2666 3815 exiens
2689 3760 2742 3815 in
2771 3759 3040 3828 publicum
3071 3757 3273 3828 erupit,
3306 3757 3439 3813 mis-

1835 3872 2004 3931 saque
2052 3857 2117 3912 ad
2169 3857 2632 3914 Semiarianorum
2697 3856 2875 3925 capita
2925 3855 3237 3926 legatione,
3294 3853 3439 3908 vires

1836 3951 1945 4008 illis
1982 3966 2114 4006 suas
2146 3950 2373 4017 addidit,
2397 3949 2685 4020 effecitque
2726 3949 2923 4005 nedum
2972 3957 3031 4003 ut
3077 3946 3439 4004 homteusium

1836 4043 2111 4100 mordicus
2140 4045 2470 4111 retinerent,
2497 4058 2684 4098 verum
2731 4042 2895 4098 etiam
2919 4049 2978 4095 ut
3024 4042 3283 4112 Spiritum
3316 4055 3442 4096 san-

1836 4145 1983 4193 ctum
2012 4152 2041 4190 a
2067 4135 2351 4192 divinitate
2379 4134 2755 4202 excluderent,
2798 4149 3031 4204 eumque
3061 4135 3112 4187 in
3155 4143 3436 4189 creatura-

1838 4247 1957 4286 rum
1987 4244 2212 4285 numero
2234 4229 2589 4285 collocarent.
2612 4227 2744 4282 Eam
2768 4226 2948 4296 itaque
2990 4224 3239 4280 hmresim
3263 4224 3441 4278 Silva-

1837 4336 1962 4389 nus,
1984 4322 2259 4388 Eleusius,
2291 4320 2630 4384 Eustathius,
2675 4316 3036 4387 Sophrouius,
3069 4330 3132 4371 ac
3174 4323 3443 4386 quotquot

1836 4413 2076 4483 denique
2117 4414 2186 4469 ab
2234 4412 2514 4467 Acaciauis
2544 4408 3014 4480 Constantinopoli
3061 4407 3292 4480 depositi
3327 4408 3441 4462 fue-

1838 4520 1984 4573 rant,
2005 4506 2232 4577 professi
2250 4515 2396 4573 sunt,
2420 4504 2619 4576 aliique
2644 4503 2904 4573 deinceps
2925 4520 2988 4558 ex
3015 4502 3322 4569 illisetiam,
3350 4502 3442 4571 qui

131 4615 187 4659 ut
218 4605 331 4676 jam
365 4606 685 4675 praemonui,
715 4605 932 4675 propius
972 4604 1039 4658 ad
1085 4606 1371 4659 veritatem
1414 4604 1730 4668 accesserit,
1759 4592 1812 4652 Ι)
1838 4602 1892 4655 in
1925 4610 2071 4656 recta
2096 4599 2426 4669 caeteroquin
2448 4598 2518 4654 de
2536 4598 2673 4653 Filio
2693 4596 2940 4653 doctrina
2962 4596 3198 4653 fuerant.
3226 4597 3350 4652 llaec
3375 4612 3442 4651 ex

133 4700 220 4768 qui
247 4714 369 4755 eam
397 4709 507 4755 tum
528 4698 816 4772 synodum,
856 4708 964 4752 tum
1018 4698 1311 4752 divinorum
1350 4697 1577 4765 capitum
1603 4695 1733 4765 deﬁ-

135 4794 378 4850 nitionem
398 4795 465 4851 ad
496 4795 638 4852 hunc
658 4794 993 4851 revocaverit
1022 4809 1252 4849 annum:
1277 4808 1439 4863 quam
1469 4799 1735 4862 przeterea

136 4887 465 4957 Opinionem,
510 4888 802 4955 nonnullae,
835 4898 894 4944 ut
944 4886 1077 4943 mihi
1121 4886 1358 4953 videtur,
1406 4885 1733 4956 conjecturae

137 4981 477 5038 coalirmant.

210 5071 344 5129 Nam
396 5075 567 5143 primo
609 5089 675 5131 ex
725 5073 1032 5131 Alexandro
1060 5071 1463 5141 llierapolitano
1492 5076 1730 5134 constat,

142 5162 625 5234 Apollinaristas'in
643 5183 705 5223 ea
729 5167 956 5240 synodo,
976 5166 1061 5222 cui
1078 5165 1307 5222 Aeacius
1325 5162 1515 5231 adfuit,
1529 5161 1731 5218 Catho-

141 5254 257 5311 licis
303 5258 590 5327 objecisse,
646 5260 789 5331 quod
824 5258 960 5315 duos
1010 5258 1173 5312 Filios
1222 5265 1552 5318 assererent,
1604 5254 1732 5323 quia

143 5346 275 5403 duas
302 5349 356 5404 in
383 5350 593 5405 Christo
617 5351 844 5406 Domino
884 5358 1105 5405 naturas
1128 5346 1518 5419 profitebantur
1548 5363 1561 5398 :
1595 5345 1733 5400 banc

144 5438 303 5510 igitur
326 5442 684 5498 calumniandi
715 5442 1080 5507 occasionem,
1113 5448 1172 5495 ut
1190 5439 1446 5508 deinceps
1468 5437 1729 5506 eriperet,

100 5542 105 5547 ‘
148 5543 271 5591 tunc
305 5535 500 5592 factum
532 5546 659 5607 puto
690 5577 707 5603 ,
748 5546 809 5593 ut
862 5536 1126 5591 Damasus
1163 5547 1257 5589 eos
1308 5530 1733 5587 anathematiza-

148 5628 317 5694 verit,
357 5630 448 5700 qui
480 5644 612 5685 suos
641 5639 888 5686 asserunt
930 5625 1132 5693 Filios,
1173 5643 1329 5681 unum
1358 5635 1474 5681 ante
1519 5623 1730 5689 amula,

221 5743 301 5883 (ag
332 5743 412 5799 Ad
433 5743 645 5799 Theod.
668 5738 733 5800 ll.
767 5740 856 5810 8.,
890 5740 984 5801 lib.
1018 5756 1077 5807 v,
1104 5736 1223 5809 cap.
1252 5736 1341 5795 ll.

221 5811 273 5883 (ὁ
326 5811 410 5869 Ad
440 5827 567 5870 ann.
590 5813 712 5883 3'78,
738 5831 884 5869 num.
916 5814 1001 5869 19.

221 5811 295 5883 (b)
326 5811 410 5869 Ad
440 5827 567 5870 ann.
590 5813 712 5883 3'78,
738 5831 884 5869 num.
916 5814 1001 5869 19.

1845 4694 2090 4761 Socrate,
2111 4693 2434 4756 Sozomeno,
2466 4691 2826 4757 Nazianzeuo,
2843 4690 3073 4761 aliisque
3100 4704 3285 4745 eorum
3304 4701 3443 4745 tem-

1846 4803 2040 4859 porum
2068 4787 2420 4856 scriptoribus
2436 4795 2707 4850 constant,
2721 4799 2950 4856 quorum
2964 4785 3107 4840 dicta
3123 4785 3228 4840 huc
3245 4783 3441 4839 aﬂ‘erre

1844 4894 2308 4945 supervacaneum
2336 4888 2419 4934 est
2448 4879 2548 4948 (c).
2580 4878 2716 4933 Eam
2745 4893 2878 4933 vero
2895 4877 3146 4934 haeresim
3180 4875 3321 4930 haud
3350 4875 3443 4929 diu

1847 4973 2070 5029 latuisse
2110 4972 2415 5043 colligimus
2438 4987 2506 5027 ex
2524 4971 2890 5027 Alexandrina
2917 4971 3149 5043 synodo.
3178 4984 3297 5039 qua:
3322 4984 3441 5022 eam

1843 5065 2144 5131 damnavit,
2172 5076 2311 5120 etex
2341 5063 2621 5120 Athanasii
2651 5064 2720 5120 ad
2758 5064 3112 5134 Serapionem
3152 5060 3393 5131 epistolis
3426 5077 3441 5113 :

1845 5166 1905 5214 at
1930 5158 2021 5227 qui
2072 5172 2191 5212 eam
2225 5156 2635 5227 proﬁtebantur,
2664 5157 2917 5214 Socrates
2943 5150 3442 5209 Pneumatomacltos

1841 5267 1983 5308 τῦκα
2034 5251 2210 5307 dictos
2263 5252 2357 5319 ait,
2390 5249 2883 5306 Macedonianorum
2922 5248 3135 5305 scilicet
3182 5245 3447 5301 vocabulo

1843 5345 2085 5401 nondum
2118 5351 2343 5410 exorto,
2390 5345 2478 5399 cui
2518 5344 2763 5400 Socratis
2816 5339 3126 5397 testimonio
3151 5339 3259 5392 vim
3299 5335 3445 5392 haud

1841 5438 2098 5509 exiguam
2125 5452 2315 5493 eorum
2344 5446 2650 5509 temporum
2684 5436 2883 5507 scripta
2913 5432 3140 5498 addunt,
3167 5433 3218 5486 in
3246 5431 3443 5504 quibus

1846 5530 2468 5586 Pneumatomacborum
2521 5546 2627 5586 vox
2665 5536 2920 5600 perpetua
2969 5533 3079 5592 est,
3112 5523 3450 5580 Macedonia-

1848 5639 2034 5679 norunt
2067 5623 2232 5678 nulla.
2255 5620 2482 5677 Joviano
2514 5622 2718 5676 interea
2744 5617 3023 5685 defuncto,
3070 5615 3255 5673 habita
3280 5632 3310 5671 a
3340 5618 3444 5673 Se-

1848 5730 2158 5863 “(02);”.
2211 5734 2393 5801 Socr.,
2428 5734 2523 5791 lib.
2565 5746 2771 5819 tt,cap.
2804 5729 2898 5799 45;
2943 5728 3166 5789 Sozo‘m.
3192 5773 3206 5800 ,
3241 5726 3338 5789 lib.
3369 5746 3447 5798 tv,

1917 5824 1970 5863 ι).
2078 5846 2091 5860 .

1917 5824 1970 5878 p.
2000 5824 2091 5862 at.

3501 5616 3537 5659 il

3539 5789 3543 5798 I
