3878 6346
38 254 51 887 Ι

38 942 45 1247 ξ

38 1330 43 1399 ¹

533 249 638 308 199
1693 251 2013 314 SANCTUS
2050 255 2064 313 l

2220 260 2375 322 tsus
2412 262 2613 324 pars.
2836 228 2844 237 ’
3682 292 3751 352 ροο

529 369 812 427 miarianis
859 368 1224 472 Lampsacena
1282 367 1522 472 synodus
1569 380 1690 472 est_
1705 373 1808 429 sub
1847 375 2076 434 Valente
2101 419 2117 446 ,
2148 390 2199 450 Α
2226 383 2330 455 leg.
2368 385 2434 441 η
2459 397 2514 444 et
2538 389 2627 455 i5,
2657 388 2794 448 Cod.
2826 391 3034 453 Theod.
3077 396 3147 457 de
3176 397 3345 469 ητα-η
3398 419 3463 462 π
3500 404 3753 472 somn,"

526 479 648 537 qua:
670 462 930 530 decrevit,
957 472 1012 518 ut
1041 461 1223 567 quinia
1268 463 1520 577 Arimini:
1550 475 1607 570 et
1650 465 2123 577 Constantinopoli
2227 475 2514 537 Sozomeni
2538 494 2698 542 aetate
2718 502 2825 545 non
2853 490 2960 547 alio
2986 494 3206 553 nomine
3223 461 3463 557 haeretici
3486 461 3559 560 illi

530 555 600 612 ab
628 555 842 612 Arianis
862 562 1040 627 gesta,
1065 553 1219 610 irrita
1248 565 1455 621 essent,
1482 555 1821 615 Antiochena
1851 560 1903 615 in
1927 561 2120 619 Encrc-
2228 566 2501 629 labantur.

528 646 635 703 niis
662 646 914 714 formula,
956 661 1019 751 ac
1059 647 1424 704 hommusium
1450 648 1726 755 mordicus
1757 653 2117 760 retineretur,
2300 662 2426 721 Haec
2450 675 2632 725 autem
2667 684 2790 730 cum
2822 674 2894 730 ita
2934 675 3066 747 sint,
3097 680 3472 748 Quesnellium
3515 686 3613 760 (c),
3638 689 3755 749 alios.

525 748 582 796 et
620 739 817 811 tibique
878 739 1243 810 reciperetur;
1302 742 1621 809 Acacianis,
1677 753 1733 799 et
1786 744 2056 802 Endoxian

2221 771 2329 825 que
2353 772 2542 818 errare
2566 773 2803 832 Oportet.
2836 768 2927 839 qui
2957 769 3096 827 hanc
3108 739 3408 844 epistolam
3435 739 3752 850 cumlepistols

522 831 856 904 pmnitentiae
891 831 1043 889 locus
1068 832 1249 941 datus,
1291 834 1597 947 sinnmninus
1622 836 1818 947 iterum
1859 838 2113 947 depositi.
2220 850 2327 906 alia
2354 855 2706 929 coniungunt,
2739 831 2869 931 qua;
2900 863 2968 921 de
3008 831 3174 923 vna“.
3194 872 3324 943 ,8“.
3379 831 3755 947 διὲξ-φλοξζᾷ

521 927 658 985 Hinc
685 943 817 985 vero
852 927 1113 997 Valentis,
1137 927 1231 1001 qui
1259 943 1319 985 se
1362 928 1608 989 Eudoxio
1659 930 1904 1002 dederat,
1959 934 2116 1006 jussu
2220 940 2435 1001 Damasi
2486 927 2575 1003 adv
2605 927 2883 1011 Paulinum
2941 927 3257 1029 epistolam"
3287 927 3753 1039 censent—idemid

518 1031 636 1080 orta
661 1023 714 1078 in
748 1022 1078 1091 Catholicos,
1118 1040 1272 1094 teque
1296 1039 1360 1082 ac
1399 1026 1453 1081 in
1481 1026 1703 1083 eosdem
1748 1027 2116 1089 Semiarianos
2217 1044 2553 1096 constantem
2580 1054 2753 1114 parte.
2806 1046 2872 1105 Ut
2919 1022 3062 1108 enim
3116 1064 3314 1114 caetera
3371 1022 3518 1117 nunc
3540 1022 3753 1130 omittam,

515 1119 632 1177 dira
672 1119 761 1176 illa
795 1120 1121 1193 persecutio,
1162 1136 1283 1192 quae
1334 1137 1430 1179 eos
1469 1122 1701 1193 impulit,
1732 1134 1790 1179 ut
1843 1133 1956 1182 tres
1992 1127 2114 1183 illos
2215 1128 2426 1188 diversa
2457 1133 2598 1192 inter
2624 1151 2929 1214 utramque,
2953 1149 3264 1218 scriptionis
3298 1167 3501 1221 causae,
3533 1119 3755 1226 ettempc:

515 1212 853 1270 Eustathium
884 1213 1137 1281 scilicet,
1165 1213 1470 1282 Silvanum,
1497 1230 1561 1273 ac
1579 1215 1937 1288 Theophilum
1965 1219 2114 1291 lega-
2216 1226 2293 1281 ris
2335 1229 2473 1284 ratio
2521 1230 2656 1289 duas
2698 1212 2832 1293 esse:
2861 1212 3095 1311 probant
3137 1245 3381 1315 ejusdem
3433 1212 3753 1321 pontiﬁcisrad

513 1316 600 1363 tos
638 1305 705 1362 ad
734 1305 1030 1375 Liberium,
1081 1316 1135 1363 et
1162 1306 1540 1365 Occidentales
1568 1310 1865 1380 mitterent,
1896 1312 1988 1383 qni
2013 1311 2109 1368 Ni-
2214 1320 2463 1377 eumdem
2497 1324 2775 1385 Paulinum
2823 1305 3053 1390 liiteras.
3096 1305 3231 1394 Nam
3273 1305 3451 1412 quod.
3474 1305 3754 1415 adhic-mpii;

517 1414 727 1458 orenam
759 1401 920 1457 [idem
953 1400 1356 1471 proﬁterentur,
1389 1412 1444 1458 et
1470 1404 1744 1459 communi
1785 1415 2108 1461 cmlcrorum
2210 1414 2424 1485 attinet,
2455 1418 2571 1476 haec
2590 1422 2753 1479 scribi
2793 1425 2881 1482 vix
2913 1430 3085 1495 potuit
3111 1440 3238 1490 ante
3265 1400 3412 1493 hunc
3455 1400 3751 1507 annum,

513 1494 756 1551 omnium
782 1493 1001 1550 nomine
1021 1494 1460 1552 communionem
1481 1505 1858 1568 exposcerent.
1880 1497 2108 1570 Recepti
2211 1520 2341 1563 vero
2368 1523 2513 1566 anno
2532 1511 2640 1570 375
2664 1514 2859 1572 Basilio
2882 1493 2995 1591 jam
3028 1522 3342 1583 innotuerat
3365 1544 3387 1583 :
3424 1493 3543 1587 haec
3572 1493 3754 1589 ἰῙἸιξεεει-

504 1586 689 1660 itaque
732 1587 789 1643 in
818 1587 1034 1657 plenam
1060 1588 1345 1646 catholicae
1377 1588 1636 1647 Ecclesia:
1660 1593 2104 1648 communionem
2210 1597 2440 1657 ionicam
2472 1605 2635 1662 missa
2665 1620 2784 1676 est,
2816 1586 2922 1668 alia
2944 1614 3281 1674 Antiochiam
3308 1638 3324 1676 :
3349 1620 3551 1680 deinde
3575 1623 3752 1699 busy.

506 1678 576 1735 ah
605 1696 673 1737 eo
700 1689 848 1748 sunt,
877 1688 936 1736 ut
951 1696 1018 1737 ex
1047 1679 1251 1747 Liberii
1276 1679 1543 1753 ejusdem,
1565 1698 1687 1754 qum
1712 1682 1889 1740 adhuc
1917 1698 2107 1756 super—
2209 1692 2425 1763 nodica,
2447 1697 2553 1753 alia
2582 1714 2715 1755 vero
2743 1702 3023 1763 familiaris
3049 1720 3170 1765 est:
3200 1678 3750 1782 postremae—animt;-

506 1782 666 1842 sunt,
700 1774 897 1831 litteris
942 1784 1189 1843 constat;
1230 1776 1461 1832 Basilius
1496 1792 1710 1849 quoque
1753 1778 1808 1833 in
1858 1778 2102 1848 epistolis
2131 1797 2181 1859 Β
2207 1783 2272 1840 lis
2292 1788 2363 1843 ob
2405 1803 2562 1846 unam
2592 1794 2910 1865 Apollinarii
2954 1774 3215 1858 haeresim
3240 1804 3459 1865 delatus
3489 1819 3641 1877 esset,
3664 1812 3748 1867 nul.

504 1883 622 1926 rem
654 1885 799 1941 saepe
826 1879 1113 1938 memorat,
1142 1870 1239 1927 sed
1264 1880 1514 1927 accurate
1530 1871 2101 1942 descriptamlegimus
2204 1876 2254 1932 la
2275 1890 2391 1935 erat
2422 1897 2604 1949 causa.
2628 1900 2727 1941 cur
2751 1888 2821 1948 ad
2859 1898 2936 1946 tot
2975 1892 3299 1963 abjurandas
3348 1899 3588 1959 haereses
3621 1870 3751 1975 adige-

505 1963 648 2034 apud
702 1963 982 2022 Socratem
1029 1974 1085 2022 et
1144 1964 1508 2023 Sozomenum
1563 1963 1663 2038 (a);
1707 1965 1800 2037 qui
1837 1974 2100 2036 prmterea
2203 1983 2372 2043 retur,
2399 1978 2645 2048 aquibus
2675 1992 2791 2038 erat
2819 1984 3051 2043 alienus.
3101 1988 3237 2047 Hinc
3266 1991 3401 2050 nihil
3454 1996 3635 2052 mirum
3678 1963 3748 2063 est,

500 2058 864 2116 Semiarianos
890 2059 1010 2116 illos
1037 2075 1135 2131 per
1165 2058 1605 2132 anticipationem
1652 2060 1941 2133 quamdam
1974 2059 2096 2116 Μαι·
2201 2064 2249 2121 si
2278 2066 2530 2127 Paulinus
2554 2072 2691 2143 ipse,
2721 2074 2821 2132 hac
2846 2079 3068 2136 minime
3090 2096 3219 2139 usus
3240 2095 3325 2140 est
3349 2101 3540 2144 coram
3565 2058 3745 2161 Εβὶριιιλ

502 2153 809 2209 cedonianos
861 2163 1123 2225 perpetuo
1172 2162 1388 2216 vocant.
1422 2162 1480 2209 ut
1524 2153 1888 2225 intelligamus
1933 2168 2096 2211 unam
2201 2160 2315 2227 nio,
2345 2173 2406 2218 ut
2445 2164 2843 2226 Sabellianismi
2880 2183 3084 2240 notam,
3119 2192 3279 2248 quam
3312 2178 3512 2238 Vitalis
3567 2153 3745 2239 vicissim

497 2248 850 2323 eamdemque
871 2264 992 2306 esse
1020 2248 1180 2321 hujus
1206 2249 1453 2307 vocabuli
1476 2249 1603 2305 vim.
1652 2248 1736 2306 Ah
1763 2264 1907 2306 anno
1936 2250 2098 2320 igitur
2199 2254 2274 2310 illi
2304 2258 2684 2328 exprobrabat,
2715 2280 2743 2319 a
2764 2278 2824 2321 se
2852 2268 3187 2337 amoliretur.
3213 2272 3309 2328 sed
3335 2289 3404 2329 ea
3440 2274 3565 2332 fidei
3592 2276 3747 2347 proles.

494 2340 621 2409 566,
645 2358 752 2415 quo
808 2343 925 2401 lmc
960 2354 1111 2417 gesta
1158 2352 1303 2410 sunt,
1338 2359 1619 2416 quousque
1667 2343 1866 2400 Valens
1913 2359 2094 2400 rerum
2198 2347 2375 2415 sione,
2396 2365 2555 2421 quam
2585 2354 2789 2424 pridem
2817 2356 3114 2417 Athanasio
3139 2362 3439 2433 obtulerat,
3470 2340 3747 2424 sese-callio-

491 2433 695 2505 potitus
741 2436 796 2492 in
842 2435 1065 2494 Oriente
1092 2447 1196 2505 cst,
1230 2435 1437 2492 nullum
1469 2436 1837 2493 Semiarianos
1882 2436 2024 2531 inter
2041 2445 2097 2492 et
2198 2435 2361 2495 licum
2391 2442 2697 2511 probaverit
2721 2442 2803 2519 (ά)
2839 2466 2852 2503 :
2899 2451 3134 2508 nondum
3161 2456 3309 2511 enim
3346 2473 3500 2515 anno
3520 2460 3637 2529 576,
3672 2476 3745 2531 quo

493 2525 804 2586 Catholicos
855 2530 1143 2603 episcopos
1194 2530 1486 2587 discrimen
1539 2528 1641 2584 fuit
1686 2571 1703 2597 ,
1735 2528 1916 2585 nullus
1976 2528 2096 2625 ejus
2197 2546 2311 2625 rem
2333 2548 2514 2591 coram
2536 2552 2596 2593 se
2615 2548 2789 2596 actam
2817 2541 3148 2615 Epiphanius
3178 2559 3386 2617 narrat,
3421 2525 3633 2625 plenam
3649 2525 3745 2607 hanc

492 2622 639 2679 vocis
659 2638 809 2691 usus,
832 2639 955 2679 cum
980 2637 1171 2680 omnes
1202 2621 1532 2678 haberentur
1552 2631 1613 2677 ut
1639 2622 1863 2678 fratres:
1895 2636 2018 2677 nam
2047 2620 2095 2677 si
2194 2638 2225 2679 a
2245 2624 2477 2685 Damaso
2497 2630 2757 2689 ecthesim
2775 2649 3079 2710 acceperat,
3109 2655 3268 2712 quam
3309 2620 3554 2714 profiteri
3590 2655 3742 2719 posset.

493 2714 583 2785 qui
611 2730 733 2772 cum
766 2716 1032 2773 Eunomio
1062 2716 1323 2787 Spiritum
1352 2724 1597 2772 sanctum
1627 2730 1659 2770 a
1689 2713 1974 2772 divinitate
1998 2730 2095 2772 ex-
2196 2719 2339 2778 Duas
2385 2724 2546 2794 igitur
2575 2728 2785 2785 Damasi
2834 2731 2901 2788 ad
2929 2733 3211 2792 Paulinum
3259 2713 3476 2796 litteras
3503 2713 3674 2798 merito
3691 2739 3746 2793 di-

492 2804 801 2876 cludehant,
850 2824 960 2864 uno
986 2807 1609 2865 Pneumatomachorum
1648 2810 1867 2865 nomine
1915 2808 2094 2866 adhuc
2194 2815 2416 2885 stinguit
2442 2817 2769 2879 Coalestinus
2811 2826 3050 2897 pontifex
3081 2829 3197 2887 haec
3232 2836 3525 2892 scribens:
3581 2836 3742 2893 Practe-

492 2898 974 2971 compellabantur,
997 2910 1056 2956 ut
1096 2910 1277 2958 antea.
1308 2904 1377 2957 At
1406 2916 1639 2972 quonam
1672 2902 1835 2973 igitur
1858 2901 2089 2971 primum
2192 2926 2361 2967 cessor
2384 2931 2525 2971 meus
2574 2917 2825 2976 Damasus
2847 2923 3071 2980 scribens
3096 2926 3166 2980 ad
3197 2925 3485 2987 Paulinum
3515 2930 3743 2986 Antioche-

493 2997 739 3063 tempore
764 2992 881 3050 htec
920 3008 1024 3050 vox
1050 2995 1297 3067 usurpari
1343 2996 1542 3066 coepit?
1568 2994 1653 3051 Ab
1701 2996 1802 3051 hac
1847 2994 2089 3051 Romana
2192 3019 2271 3059 na:
2298 3004 2544 3063 Ecclesia:
2572 3014 2865 3085 episcopum
2912 3016 3044 3072 inter
3072 3027 3255 3075 cetera
3279 3022 3392 3078 ait:
3435 3023 3740 3079 ΑηαιΙιεπιαιί-

489 3084 720 3158 synodo,
750 3096 804 3143 et
832 3102 863 3144 a
907 3086 1137 3145 Damaso
1167 3088 1270 3145 hoc
1314 3088 1433 3159 ipso
1471 3104 1634 3146 anno.
1668 3088 1804 3145 Nam
1861 3088 2090 3145 Valente
2188 3113 2366 3153 zamus
2390 3116 2493 3167 eos,
2526 3104 2615 3174 qui
2636 3104 2765 3160 duos
2790 3107 2927 3177 ﬁlios
2949 3107 3048 3164 Dei
3079 3123 3353 3181 asserunt,
3385 3116 3742 3188 alter-umqum

489 3175 767 3245 defuncto,
797 3194 921 3237 cum
963 3180 1253 3238 Gratianus
1296 3181 1626 3249 Manichzeis,
1657 3181 1993 3239 Photinianis
2030 3190 2085 3238 et
2111 3194 2157 3259 α
2193 3186 2349 3247 Patre
2376 3203 2493 3249 ante
2518 3198 2707 3251 swcula
2736 3175 2810 3254 est
2838 3205 3057 3274 genitus,
3084 3213 3133 3259 et
3172 3175 3395 3261 alterum
3448 3210 3541 3279 qui
3588 3175 3740 3264 assulis

487 3270 838 3331 Eunomianis
871 3277 1137 3345 exceptis,
1183 3276 1490 3333 necessitati
1543 3291 1726 3332 rerum
1773 3290 1839 3333 ac
1869 3286 2082 3347 tempo-
2186 3284 2357 3355 ptione
2378 3287 2549 3343 carnis
2577 3298 2729 3346 natus
2753 3270 2914 3348 estea:
2953 3292 3182 3367 Virgine;
3209 3314 3331 3368 quae
3350 3315 3419 3356 ex
3439 3270 3606 3373 prima
3633 3301 3739 3371 epis-

481 3381 600 3424 rum
616 3370 950 3441 compulsus,
977 3369 1096 3442 lege
1126 3370 1228 3425 lata
1257 3369 1637 3435 concessisset.
1663 3380 1904 3441 utquam
1932 3371 2082 3442 quis.
2186 3377 2293 3432 tola
2321 3389 2530 3450 sumpta
2574 3394 2699 3439 sunt
2723 3401 2737 3438 :
2773 3396 2884 3441 tum
2904 3388 3073 3459 pergit
3102 3405 3117 3447 :
3170 3388 3305 3445 Item
3332 3369 3459 3463 ipse
3486 3369 3739 3465 apostolica

478 3475 585 3530 que
614 3461 1141 3540 vellet,religionem.
1159 3463 1502 3533 profiteretur
1523 3464 1622 3538 (ὁ),
1649 3462 1975 3520 Semiariani
2001 3462 2082 3519 illi
2184 3475 2441 3529 memoria:
2470 3478 2549 3531 uir
2574 3476 2833 3536 Damasus
2861 3482 2915 3535 in
2951 3483 3115 3539 altera
3141 3461 3363 3555 epistola
3388 3489 3462 3543 ad
3506 3461 3739 3544 Paulinum

479 3552 709 3609 seorsim
750 3570 781 3609 a
804 3554 1102 3611 Catholicis
1132 3557 1391 3613 collectas
1428 3572 1588 3628 agere
1619 3557 1992 3623 instituerunt,
2015 3570 2081 3613 ac
2183 3567 2675 3626 anathematizamus
2704 3588 2809 3641 eos,
2842 3575 2929 3644 qui
2945 3576 3077 3632 duos
3106 3552 3462 3637 inSalvatore
3491 3583 3620 3655 ﬁlios
3644 3596 3736 3635 con-

478 3646 842 3705 conciliabqu
865 3647 1169 3705 Antiochiae
1208 3651 1260 3704 in
1290 3650 1446 3706 Caria
1466 3649 1765 3719 celebrato,
1814 3650 2077 3707 decreve-
2181 3658 2410 3730 ﬁtentur,
2437 3663 2595 3718 alium
2624 3674 2741 3722 ante
2767 3664 3207 3737 Incarnationem,
3247 3683 3297 3727 et
3324 3646 3502 3730 alium'
3545 3684 3646 3749 post
3678 3688 3738 3727 at—

490 3751 617 3799 runt
650 3757 839 3801 vocem
886 3742 1336 3799 consubstantialis
1380 3744 1728 3817 rejiciendam
1783 3759 1927 3811 esse,
1976 3758 2078 3801 nec
2179 3753 2519 3821 sumptionem
2562 3757 2733 3813 carnis
2757 3774 2821 3813 ea:
2853 3759 3087 3832 Virgine,
3121 3773 3169 3818 et
3204 3780 3305 3819 non
3332 3742 3565 3823 eumdem
3587 3765 3671 3821 Dei
3691 3764 3737 3832 ﬁ-

479 3834 591 3892 ullo
628 3836 792 3892 modo
820 3836 1332 3894 communicandum
1376 3853 1497 3894 cum
1529 3838 1616 3907 iis,
1668 3838 1759 3911 qui
1799 3837 2074 3895 Nictnnam
2180 3842 2329 3911 lium,
2359 3854 2407 3899 et
2431 3857 2603 3915 antea,
2644 3858 2693 3905 et
2718 3862 2851 3923 post.
2888 3852 3162 3925 Duplicem
3198 3846 3365 3915 etiam
3394 3860 3609 3916 Damasi
3647 3856 3734 3928 epi-

480 3928 640 3986 fidem
690 3930 1095 4001 profiterentur.
1142 3929 1269 3986 limo
1311 3931 1473 4003 igitur
1513 3930 1725 4004 publica
1777 3942 1937 4004 atque
1986 3932 2079 3989 ite-
2178 3936 2371 3994 stolam
2404 3950 2673 4010 numerat,
2703 3959 2971 4017 unamque
2998 3948 3065 4005 ab
3090 3950 3258 4007 altera
3287 3952 3570 4028 distinguit
3590 3953 3732 4012 Codex

472 4033 588 4083 rata
609 4028 846 4098 antiqua:
878 4026 1103 4084 hatresis
1126 4025 1415 4098 professio,
1443 4038 1550 4085 eta
1583 4028 1877 4086 Catholicis
1915 4043 2074 4101 sepa-
2176 4028 2453 4089 Canonum
2502 4035 2761 4095 Ecclesiae
2818 4039 3069 4113 Hispana:
3125 4060 3154 4099 a
3208 4046 3328 4103 viro
3379 4025 3518 4107 clar.
3568 4045 3731 4118 Joseph

469 4121 631 4190 ratio,
663 4121 839 4196 prima
886 4122 1048 4196 hujus
1086 4122 1525 4181 anathematismi
1567 4124 1744 4197 origo,
1799 4133 1856 4181 et
1908 4140 2071 4181 causa
2174 4121 2382 4182 Cennio
2410 4143 2584 4196 nuper
2604 4134 2822 4205 egregie
2841 4135 3161 4194 illustratus.

471 4215 739 4273 censenda
789 4226 874 4275 est
927 4232 1202 4291 :cumque
1247 4216 1670 4274 conciliabulum
1712 4216 1845 4274 illud
1908 4228 2069 4273 extra
2247 4217 2311 4272 ν.
2348 4219 2464 4276 Dixi
2488 4236 2649 4295 supra
2671 4227 2938 4285 celebrem
2966 4245 3085 4286 eam
3108 4228 3247 4289 'fidei
3286 4236 3665 4308 expositionem
3692 4233 3731 4287 in

470 4323 670 4366 annum
711 4310 818 4368 579
863 4310 1123 4367 collocari
1169 4320 1320 4369 certe
1370 4327 1477 4368 non
1517 4310 1728 4384 possit,
1779 4310 2068 4367 manifesto
2173 4313 2381 4384 synodo
2401 4316 2779 4390 episcoporum
2806 4337 2836 4377 a
2864 4322 3096 4380 Damaso
3121 4325 3405 4397 scriptam,
3434 4343 3592 4401 atque
3616 4322 3729 4383 adid
3838 4366 3839 4401 ἦ

468 4402 631 4458 etiam
667 4402 1155 4473 deprehendimus,
1188 4405 1697 4463 anathematismnm
1724 4405 1923 4478 ipsum,
1953 4419 2065 4478 quo
2170 4408 2508 4477 probandum
2544 4411 2720 4485 Vigilii
2764 4430 2916 4488 papae
2961 4418 3331 4477 testimonium
3357 4424 3538 4480 attuli.
3568 4422 3728 4478 Verum

469 4490 702 4562 primum
732 4493 1233 4564 Pneumatomaclii,
1256 4513 1283 4551 a
1324 4498 1637 4555 Macedonio
1675 4498 1901 4555 limresis
1924 4497 2065 4553 duce
2168 4498 2285 4569 ejus
2311 4503 2475 4560 verba
2501 4505 2774 4563 recitanda
2802 4524 2833 4564 a
2861 4526 2947 4567 me
2972 4520 3118 4580 sunt,
3145 4528 3268 4569 cum
3297 4530 3363 4571 ex
3388 4515 3453 4572 iis
3473 4517 3573 4573 alia
3602 4513 3727 4570 etiam

471 4582 833 4642 Macedoniani
856 4588 987 4644 dicti
1016 4600 1165 4656 sunt,
1195 4606 1300 4647 non
1328 4593 1418 4649 diu
1446 4604 1633 4665 postea
1678 4595 1895 4665 publice
1937 4610 2064 4666 pro-
2089 4599 2145 4662 1)
2169 4592 2345 4666 colligi
2379 4598 2608 4666 possint,
2640 4615 2761 4671 qua:
2789 4601 2855 4656 ad
2889 4602 3170 4659 historiam
3202 4605 3573 4665 illustrandum
3600 4603 3729 4677 periis

467 4673 725 4748 positum,
770 4676 1256 4753 denuntiatumque
1305 4686 1585 4741 catholicae
1627 4686 1887 4741 Ecclesia:
1937 4700 2062 4742 esse
2168 4697 2318 4743 nent.
2348 4688 2428 4745 En
2456 4707 2586 4747 vero
2617 4693 2706 4749 illa
2737 4710 2805 4750 ex
2835 4696 3000 4766 priori
3032 4696 3151 4767 ejus
3175 4698 3479 4757 conSIitnto
3500 4673 3725 4773 (εν-Ρη·

467 4769 726 4841 potuisse.
760 4769 897 4827 Hinc
915 4770 1286 4831 Nazianzenus
1305 4789 1425 4832 cum
1451 4776 1749 4833 Ecclesiam
1787 4778 2060 4835 Constan-
2163 4785 2350 4853 spectis
2392 4789 2777 4856 pratdecessoris
2805 4792 2967 4848 nostri
2989 4792 3054 4850 Β.
3086 4793 3163 4850 Μ.
3193 4794 3413 4854 Damasi
3434 4769 3726 4871 synodalibus

463 4864 873 4938 tinopolitanam
920 4865 1347 4935 administraret,
1369 4879 1423 4926 et
1452 4870 1752 4926 orationem
1784 4886 1927 4927 anno
1965 4871 2060 4927 illo
2163 4878 2467 4941 constitutis.
2491 4896 2606 4953 quia
2634 4893 2748 4953 post
2769 4882 3044 4940 Nicaenum
3066 4888 3341 4943 concilium
3362 4890 3429 4945 de
3442 4864 3611 4946 sancto
3630 4884 3727 4956 Spir

462 4968 554 5016 aut
577 4960 749 5016 altero
779 4958 1025 5027 haberet,
1047 4975 1169 5031 quae
1191 4960 1368 5029 quinta
1398 4961 1465 5018 de
1493 4961 1790 5034 Theolngia
1834 4962 2055 5033 dicitur,
2159 4971 2264 5025 ritu
2291 4975 2626 5031 tractantibus
2668 4988 2715 5033 et
2760 4980 3169 5036 convenientibus
3203 4982 3258 5037 in
3288 4984 3415 5038 urbe
3453 4984 3614 5040 Roma
3635 4977 3723 5051 epi-

459 5053 813 5122 quatstionem
857 5050 926 5107 de
953 5051 1157 5122 Spiritu
1190 5061 1381 5108 sancto
1410 5054 1608 5124 pridem
1664 5071 1966 5127 oppressam
2009 5063 2058 5109 et
2157 5064 2327 5135 scapis
2353 5066 2639 5134 catholicis,
2672 5068 2813 5125 etB.
2856 5068 2935 5124 Μ.
2969 5071 3237 5128 Ambrosio
3254 5050 3722 5131 Mediolanensisci-

459 5145 753 5212 cattinctam,
791 5155 942 5217 atque
960 5162 993 5200 a
1018 5144 1123 5215 [ide
1168 5156 1477 5202 summotum
1525 5160 1572 5204 et
1612 5150 1932 5205 exturbatum
1960 5166 2059 5206 vo-
2156 5155 2325 5212 uitatis
2352 5146 2580 5216 antistite
2604 5174 2724 5218 sunt
2758 5165 2916 5233 edita,
2944 5166 3114 5222 inveni
3142 5167 3438 5240 plenissime
3466 5169 3717 5241 deﬁnitam.

458 5245 565 5309 cat,
615 5255 679 5298 ac
707 5248 994 5313 propterea
1046 5248 1168 5293 tunc
1198 5239 1431 5295 rcn‘ovari
1482 5242 1639 5310 dolet,
1671 5252 1720 5297 et
1748 5243 2051 5315 ingemiscit.
2155 5263 2241 5302 eos
2260 5251 2347 5319 qui
2373 5251 2504 5308 duos
2532 5251 2703 5309 Filios
2732 5258 3001 5327 afﬁrmant
3030 5276 3192 5314 unum
3222 5272 3345 5316 ante
3367 5239 3576 5328 stecula,
3603 5254 3720 5315 etal-

455 5328 539 5386 Αι)
580 5346 646 5388 eo
668 5347 802 5390 vero
847 5341 1092 5404 tempore
1149 5328 1637 5388 Macedonianorum
1682 5349 1791 5391 vox
1847 5335 2045 5405 passim
2155 5350 2321 5398 terum
2352 5355 2466 5413 post
2494 5351 2889 5421 assuntptionem
2909 5354 3080 5408 carnis
3104 5369 3168 5409 ex
3202 5353 3445 5427 Virgine,
3460 5354 3720 5411 anathema-

457 5436 708 5501 usurpata
728 5437 849 5485 est:
881 5442 1005 5485 nam
1037 5424 1377 5483 Theodosius
1404 5442 1471 5485 eo
1494 5429 1757 5487 vocabulo
1798 5432 1967 5487 utitur
1991 5433 2044 5488 in
2153 5436 2218 5489 tis
2246 5452 2395 5506 ρωηα
2420 5455 2715 5510 percussos;
2732 5458 2851 5515 quae
2878 5458 2944 5499 ex
2959 5424 3578 5505 anathematismosexto
3599 5455 3719 5499 sum-

454 5514 494 5575 l.
525 5520 615 5591 il,
648 5523 922 5596 proposita
950 5522 1041 5581 die
1077 5521 1152 5578 22
1190 5520 1319 5579 Julii
1346 5537 1489 5579 anno
1509 5524 1636 5591 383,
1669 5539 1733 5581 ac
1762 5524 1961 5582 deinde
1988 5526 2045 5583 in
2153 5536 2246 5599 pta
2274 5539 2420 5586 sunt.
2451 5530 2634 5589 Primo
2675 5514 2859 5609 itaque
2887 5536 3258 5612 intelligimus,
3291 5537 3400 5597 hoc
3432 5538 3712 5598 concilium,

524 5658 605 5726 (α)
641 5660 824 5731 Socr.,
849 5663 947 5719 lib.
969 5679 1046 5733 tv,
1076 5678 1195 5735 cap.
1223 5661 1311 5728 12;
1340 5662 1491 5727 θοι..
1516 5662 1608 5721 lib.
1630 5679 1702 5731 v1,
1736 5678 1857 5735 cap.
1892 5664 1981 5719 Η.
2222 5664 2305 5808 (αξ
2342 5664 2463 5723 Vid.
2497 5669 2717 5753 Epiph.,
2741 5674 2875 5731 haer.
2905 5676 2996 5741 77.
3028 5692 3173 5760 num.
3197 5678 3290 5735 20.

526 5728 601 5808 (ὁ)
639 5732 937 5808 Socr.,|_ili.
962 5752 1015 5807 v,
1034 5750 1153 5808 cap.
1181 5733 1275 5804 24;
1307 5735 1548 5807 Sozom.,
1584 5736 1677 5795 lib.
1707 5751 1814 5807 vn,
1843 5750 1962 5808 cap.
1980 5737 2036 5795 2.
2152 5806 2193 5808 η
2221 5736 2271 5808 (ε
2337 5736 2623 5798 Constitui.
2667 5761 2765 5808 pro
2796 5747 3035 5806 damnat.
3070 5760 3229 5807 trium
3252 5749 3290 5808 Ο

638 5728 937 5865 ἓξὲξ-,ῥίψῃ
962 5728 1158 5810 v,cap.'
1181 5733 1275 5804 24;
1307 5735 1548 5807 Sozom.,
1584 5728 1819 5807 lib.'vn,'
1843 5750 1962 5809 cap.
1980 5737 2036 5795 2.

2221 5728 2297 5810 (ὦ
2337 5728 3414 5823 (Ξρηειίιὶιῑῖίίρὲὸ--ίιξιὶηνηῖιξ-ἶέῖίίηῖῖδρ..
3447 5751 3539 5823 26,
3561 5750 3700 5812 0000·

2169 5806 2289 5866 Ven.
2322 5810 2454 5867 edit.
2489 5821 2621 5873 tom.
2654 5816 2742 5875 VI.
