3950 6330
211 188 279 244 201
1490 188 1863 247 I’ROLEGOM
1875 182 1959 245 EN
1968 188 2003 243 .\
2019 231 2028 240 .

3346 193 3457 250 203

207 318 227 357 a
256 320 338 375 quo
381 304 867 362 anathematismus
909 308 998 362 illc
1038 306 1408 379 promulgatus
1456 316 1563 364 est.
1616 306 1745 361 illud
1773 308 1829 369 Α
1860 306 2110 373 tempori,
2166 317 2381 377 suaeque
2411 321 2589 362 causae
2635 306 2970 363 reddendum
3019 314 3122 362 est.
3170 306 3247 362 Eo
3296 308 3457 379 igitur

206 395 337 465 ipsum
363 412 505 461 esse,
536 398 593 451 in
647 415 754 465 quo
784 399 999 455 collecti
1028 401 1268 469 episcopi
1298 410 1411 473 post
1459 398 1513 453 Ν
1518 401 1757 467 icwnum,

204 496 443 543 tractarunt
471 499 519 543 et
542 489 855 545 addiderunt
876 492 1029 546 etiam
1049 492 1112 546 de
1134 492 1339 558 Spiritu
1370 502 1568 559 sancto,
1599 504 1761 562 atque

198 577 237 634 id
260 582 577 637 verissimum
606 598 751 649 esse,
775 584 925 655 plura
948 585 1015 640 ad
1031 585 1151 655 ejus
1176 585 1523 641 divinitatem
1547 596 1603 640 et
1631 585 1762 640 ado-

196 675 413 729 rationem
450 678 733 732 attinentia
765 678 942 745 cupita
982 679 1197 735 abunde
1226 679 1459 751 probant
1493 698 1506 733 :
1546 694 1645 735 nec
1673 694 1760 735 me

197 766 246 821 ab
272 767 356 823 hac
386 771 655 826 sententia
693 782 933 838 revocat,
971 772 1117 844 quod
1159 774 1211 829 in
1255 774 1499 844 ejusdem
1543 774 1763 846 exposi-

197 860 319 915 tionis
355 862 507 916 initio
547 879 654 918 non
685 865 982 920 addidimus
1011 866 1271 936 scriptum
1302 866 1395 932 sit,
1424 867 1520 923 sed
1550 867 1766 923 addide-

194 963 301 1019 rtmt,
329 953 470 1024 quod
519 959 740 1012 verbum
787 958 932 1014 aliud
978 960 1263 1015 concilium
1316 960 1563 1031 designat
1613 972 1766 1018 ante-

194 1048 291 1103 riori
317 1056 561 1118 tempore
600 1049 844 1107 habitum
894 1070 907 1106 :
949 1053 1215 1124 siquidem
1247 1068 1370 1109 eum
1401 1054 1542 1121 apud
1588 1056 1767 1110 Theo-

195 1140 401 1196 doretum
430 1143 574 1198 aliud
592 1144 665 1200 sit
685 1145 1021 1201 Damasiante
1043 1146 1280 1202 ecthesis
1302 1149 1537 1213 initium,
1561 1164 1621 1202 ea
1645 1164 1765 1220 qua:

194 1236 264 1292 ille
286 1238 475 1293 omittit
503 1238 707 1295 indicio
735 1242 890 1296 nobis
919 1251 1065 1306 sunt,
1102 1258 1200 1313 pro
1225 1243 1379 1298 vario
1411 1244 1765 1315 transcriptu-

195 1348 286 1387 rum
314 1333 523 1402 ingenio
550 1333 834 1389 exordium
865 1335 1032 1390 fuisse
1054 1334 1349 1404 adjectum,
1379 1351 1480 1391 nec
1509 1335 1639 1390 illud
1666 1350 1765 1405 pro

195 1425 397 1496 ejusdem
430 1427 671 1482 ecthesis
709 1439 860 1497 parte
894 1427 1224 1484 habendum.
1259 1428 1329 1483 At
1368 1429 1508 1499 quod
1548 1432 1765 1500 gravius

195 1530 277 1583 est,
313 1519 501 1574 deinde
538 1520 606 1574 ab
634 1535 701 1575 eo
727 1519 906 1591 Vigilii
944 1521 1064 1577 loco
1094 1523 1494 1593 cognoscimus,
1536 1523 1766 1578 Ambro-

195 1615 325 1681 sium,
354 1614 472 1670 huic
501 1600 736 1670 concilio
768 1616 1027 1679 adfuisse,
1058 1616 1202 1686 quod
1240 1615 1439 1686 duplici
1468 1616 1576 1671 alio
1606 1633 1762 1688 argu-

194 1719 347 1764 mento
374 1709 684 1763 confirmari
718 1718 899 1778 potest
926 1727 940 1761 :
988 1710 1160 1780 primo
1190 1709 1333 1780 quod
1356 1726 1481 1765 cum
1506 1711 1623 1781 ejus
1646 1712 1760 1782 epi-
1788 1706 1837 1766 B

194 1801 307 1857 alola
343 1801 405 1855 ad
436 1802 750 1858 Gratianum
778 1803 1101 1872 Augustum,
1135 1802 1203 1857 de
1233 1818 1338 1874 qua
1384 1804 1630 1874 sequenti
1668 1820 1760 1858 ca-

193 1892 284 1963 pite
310 1909 478 1963 agam,
510 1904 691 1948 certos
719 1909 817 1947 nos
863 1894 1042 1961 faciat,
1085 1894 1328 1949 Romano
1358 1893 1484 1949 huic
1527 1895 1759 1950 concilio

193 1986 455 2042 innumeros
474 2004 539 2065 ea;
560 1985 764 2055 di/Tusis
785 1985 960 2043 Italia:
978 1988 1211 2060 partibus
1228 1988 1495 2058 episcopos
1509 1988 1756 2056 adfuisse,

191 2082 314 2137 nulla
335 2091 413 2137 est
433 2082 595 2149 ratio,
625 2097 723 2138 cur
746 2082 815 2137 ab
845 2097 1034 2137 eorum
1057 2096 1283 2137 numero
1305 2081 1760 2136 Mediolanensem

191 2180 452 2247 praesulem
499 2162 880 2247 excipiamus:
922 2177 1166 2233 secundo
1209 2176 1353 2248 quod
1404 2176 1633 2246 epiStola
1674 2177 1765 2231 illa

190 2270 407 2339 ejusdem
434 2255 838 2341 consequenter
861 2270 1133 2326 Ambrosii
1167 2270 1329 2327 italus
1363 2273 1600 2341 reputari
1640 2286 1764 2341 pos-

188 2363 267 2425 sit,
296 2365 549 2436 quidquid
575 2366 679 2420 BB.
713 2366 1013 2421 editoribus
1040 2365 1213 2421 visum
1236 2366 1326 2421 sit.
1361 2365 1615 2420 Paulinus
1645 2380 1769 2435 pro-

188 2456 313 2513 iecto
333 2476 491 2515 unum
516 2459 682 2516 refert
697 2460 985 2516 Ambrosio
1002 2460 1302 2516 Romanum
1333 2461 1455 2527 iter,
1480 2460 1625 2533 quod
1650 2470 1770 2529 post

186 2550 371 2623 aliquot
389 2552 457 2608 ab
474 2552 818 2609 ordinatione
838 2553 1053 2623 elapsos
1074 2568 1248 2609 annos
1264 2554 1520 2620 collocat,
1556 2554 1770 2622 quodve

187 2646 855 2715 propterea'l‘illemontius,
868 2656 917 2701 et
937 2646 1042 2701 BB.
1057 2644 1410 2702 conferuntin
1427 2661 1627 2700 annum
1641 2645 1766 2701 382.

187 2736 245 2790 At
258 2739 296 2791 si
313 2739 428 2808 quis
445 2738 655 2793 Paulini
678 2739 841 2794 verba
859 2738 1124 2803 attendat,
1146 2736 1282 2793 nihil
1304 2738 1606 2808 exsculpet,
1626 2735 1771 2809 quod

187 2844 357 2885 eorum
388 2832 713 2887 sententiam
752 2833 940 2902 probet
970 2831 1142 2903 magis
1177 2846 1335 2901 quam
1387 2839 1651 2897 nostram,
1682 2829 1771 2900 qui

186 2925 514 2981 Ambrosium
546 2927 772 2982 Romam
799 2928 1018 2983 venisse
1043 2926 1296 2994 dicimus,
1332 2933 1442 2981 tum
1476 2925 1582 2981 hoc
1608 2941 1771 2994 anno,

188 3028 335 3091 atque
361 3022 894 3078 occasione'concilii
937 3039 967 3077 a
1013 3023 1248 3078 Damaso
1296 3032 1423 3078 tunc
1468 3022 1773 3087 convocati,

1869 396 2155 452 Paulinum
2201 414 2421 469 quoque
2470 400 2865 457 Antiochenum
2915 401 3132 457 venisse
3162 413 3314 473 puto,
3350 413 3459 457 tum

1862 489 2005 560 quod
2047 490 2162 545 haec
2193 490 2483 546 Antiochia
2529 492 2757 549 Romam
2788 493 2938 549 eunti
2985 494 3234 548 terrcsui
3269 494 3465 549 itinere

1861 581 1950 637 via
1979 594 2146 648 esset,
2174 592 2283 637 tum
2324 592 2385 638 ut.
2431 583 2816 657 Hieronymum
2864 601 3017 641 suum
3048 585 3260 641 videret
3306 586 3358 640 in
3401 600 3468 642 ea

1865 674 1998 731 urbe
2026 682 2152 730 tunc
2201 688 2653 733 eommorantem.
2697 678 2836 747 Quin
2866 694 2988 733 cum
3021 692 3122 748 ego
3166 678 3289 748 lego
3318 676 3468 732 deci—

1866 782 2007 823 mam
2037 768 2250 824 tertiam
2279 769 2529 842 Gregorii
2558 772 2883 839 orationem,
2913 772 3182 842 videoque
3214 772 3362 826 illum
3398 773 3468 831 de

1865 861 2207 918 Antiocheno
2250 866 2547 921 schismate
2593 881 2785 921 recens
2846 874 3121 921 transacto
3166 866 3473 923 luculenter

1866 964 2137 1026 agentem,
2169 971 2234 1011 ac
2272 957 2412 1013 duos
2459 959 2702 1029 ejusdem
2758 959 2995 1015 civitatis
3036 961 3321 1031 episcopos
3364 962 3467 1016 im-

1867 1061 2035 1117 pense
2075 1048 2407 1113 laudantem,
2454 1065 2518 1105 ae
2555 1050 2669 1121 pari
2716 1051 2769 1106 in
2822 1050 3029 1106 honore
3087 1052 3470 1121 collocanlem,

1867 1140 2115 1196 eumdem
2140 1142 2419 1199 Paulinum
2437 1144 2689 1199 familiari
2709 1143 3038 1199 Nazianzeui
3053 1149 3472 1213 consuetudine,

1868 1247 1976 1287 non
2016 1248 2175 1289 secus
2215 1249 2278 1289 ac
2320 1235 2701 1309 Hieronymus,
2749 1251 2812 1292 ac
2860 1238 3104 1292 Meletius
3147 1239 3281 1309 ipse,
3314 1256 3469 1294 usum

1870 1324 2300 1399 fuissesuspicor
2321 1330 2372 1385 in
2403 1346 2465 1387 ea
2492 1331 2645 1397 urbe,
2676 1342 2965 1402 antequam
2992 1332 3116 1388 inde
3137 1334 3467 1390 discederet.

2464 1438 2697 1496 CAPUT
2740 1440 2876 1496 XVI.

1869 1528 1910 1582 Ι.
1937 1530 2118 1603 Agitur
2140 1530 2204 1586 de
2232 1530 2482 1588 Romanii
2505 1534 2724 1588 concilii
2752 1535 2971 1602 epistola
3000 1535 3066 1590 ad
3097 1535 3413 1592 Gratianqu
3442 1556 3475 1593 a

1943 1622 2225 1677 Sirmondo
2253 1625 2394 1678 edita
2430 1626 2484 1679 in
2528 1624 2815 1697 appendice
2847 1624 3050 1682 Codicis
3105 1625 3475 1698 Tlieodosiani,

1936 1730 2094 1784 eaque
2118 1718 2444 1789 expenditur,
2473 1718 2801 1785 illustratur,
2836 1728 2987 1789 atque
3014 1720 3136 1774 huic
3174 1722 3274 1785 ipsi
3305 1723 3479 1777 conci-

1932 1806 2003 1861 lio
2027 1809 2350 1864 attribuitur.
2383 1798 2452 1864 ll.
2494 1810 2769 1882 ConIrrtur
2814 1829 2933 1866 cum
2977 1813 3322 1884 Aquileiensis
3353 1814 3478 1874 can-

1933 1903 2038 1956 cilii
2069 1905 2285 1973 epistola
2307 1947 2321 1970 ,
2348 1915 2401 1959 ut
2427 1906 2548 1959 inde
2574 1909 2707 1959 ratio
2755 1890 3109 1979 intelligatur,
3137 1924 3229 1962 cur
3255 1907 3477 1963 Romani

1922 1992 2086 2062 huius
2105 1998 2312 2052 concilii
2340 1996 2520 2054 Patres
2542 2015 2635 2069 pro
2657 1996 2886 2053 Damaso
2908 2000 3152 2054 adversus
3176 2000 3474 2055 Ursicinum

1936 2098 2056 2142 tunc
2082 2091 2378 2162 scripserint
2402 2108 2421 2158 ;
2444 2099 2493 2145 et
2514 2108 2603 2145 cur
2630 2102 2880 2160 prwterea
2908 2094 3017 2147 Itazc
3043 2095 3221 2149 eadem
3253 2094 3474 2165 epistola

1937 2181 2033 2235 hoc
2061 2200 2198 2237 anno
2232 2185 2427 2255 scripta
2463 2186 2657 2239 censeri
2679 2185 2879 2251 debeat,
2899 2202 2958 2241 ac
2982 2188 3140 2241 tribui
3181 2187 3466 2242 Ambrosio.

1938 2272 2027 2329 ΙΙΙ.
2071 2273 2374 2329 Ostenditur
2418 2276 2703 2331 Damasum
2776 2294 3054 2347 numquam
3106 2279 3169 2333 de
3215 2281 3477 2335 adulterio

1940 2378 2234 2424 accusatum
2267 2370 2427 2441 fuisse
2456 2386 2476 2437 ;
2514 2381 2565 2426 et
2610 2373 2856 2442 anonymi
2883 2371 3373 2428 Amstelodamensis
3403 2382 3477 2427 te—

1941 2462 2149 2517 meritas
2179 2474 2226 2519 et
2252 2465 2458 2518 inscitia
2487 2474 2716 2519 notatur.

1894 2578 1899 2581 Α
1946 2552 1986 2608 1.
2034 2555 2115 2609 Ad
2173 2555 2278 2610 hoc
2327 2566 2590 2626 praeterea
2638 2557 2929 2612 concilium
2988 2559 3333 2614 referendam
3378 2574 3479 2630 ego

1876 2655 2007 2717 puto
2033 2648 2321 2718 epistolam
2354 2648 2500 2703 illam
2531 2650 2600 2703 ad
2625 2648 2937 2704 Gratianum
2958 2660 3005 2704 et
3038 2648 3481 2719 Valentinianum,

1876 2754 2036 2810 quam
2084 2740 2409 2797 Sirmondus
2456 2741 2681 2797 Romani
2725 2742 2931 2797 concilii
2962 2746 3181 2800 nomine
3213 2746 3265 2799 in
3307 2744 3483 2800 lucem

1877 2834 2103 2904 protulit
2142 2833 2236 2907 (c),
2269 2850 2332 2890 ac
2377 2834 2574 2891 deinde
2619 2844 2728 2889 tum
2780 2836 2832 2890 in
2878 2835 3086 2891 Veneta
3115 2836 3483 2893 Conciliorum

1878 2927 2140 2993 editione,
2180 2937 2290 2981 tum
2331 2929 2472 2983 inter
2522 2928 2735 2982 Damasi
2782 2927 3044 2998 epistolas
3091 2944 3121 2983 a
3167 2929 3486 2985 Coustantio

1882 3019 2176 3091 impressas
2202 3020 2449 3091 legimus.
2484 3018 2592 3076 Cur
2614 3036 2745 3076 vero
2778 3036 2842 3077 ea
2872 3020 3061 3077 referri
3086 3039 3193 3076 non
3219 3025 3387 3093 possit
3416 3022 3484 3077 ad

192 3123 291 3168 tum
326 3130 466 3170 anno
507 3115 633 3180 582,
672 3125 730 3170 ut
777 3116 931 3172 alteri
985 3129 1205 3187 quoque
1254 3114 1489 3170 concilio
1537 3114 1773 3170 adesset.
1804 3103 1850 3165 C
1884 3126 2085 3167 annum
2115 3114 2240 3179 57S,
2276 3122 2335 3168 ut
2360 3112 2606 3184 plerique
2632 3123 2879 3181 censent,
2905 3116 3141 3169 rationes
3168 3115 3278 3185 jam
3309 3129 3493 3186 prelu-

189 3202 338 3261 Certe
355 3208 493 3263 idem
519 3207 782 3265 Paulinus
805 3224 964 3264 unam
995 3219 1198 3264 tantum
1222 3208 1495 3264 Ambrosii
1516 3208 1583 3262 ad
1604 3208 1781 3263 Maxi-

193 3314 327 3353 mum
357 3301 681 3372 legationem
711 3313 1010 3369 memorat,
1044 3318 1110 3357 an
1157 3318 1289 3356 vero
1333 3310 1615 3373 propterea
1643 3302 1780 3355 alle-

194 3405 325 3457 ram,
354 3395 505 3461 cujus
531 3398 649 3464 ipse
676 3393 997 3449 Ambrosius
1032 3395 1085 3448 in
1111 3394 1355 3450 oratione
1382 3394 1432 3446 in
1465 3392 1651 3448 {littere
1677 3391 1781 3447 Va-

193 3481 456 3541 lentiniani
485 3487 630 3542 dicta
660 3490 811 3543 testis
837 3497 941 3554 est,
979 3487 1165 3543 falsam
1199 3502 1319 3543 esse
1346 3486 1625 3543 dicemus?
1656 3485 1783 3541 Scio

197 3589 430 3647 magnum
459 3580 753 3635 Baronium
783 3580 1051 3646 scribere,
1081 3580 1425 3635 Ambrosium
1477 3580 1651 3650 ipsum
1679 3579 1783 3633 hoc

198 3681 333 3724 anno
354 3671 605 3727 Sirmium
636 3672 935 3743 proiectum
962 3671 1131 3728 tuisse
1153 3688 1251 3741 pro
1266 3672 1495 3727 At-etnio
1515 3671 1771 3741 episeopo

201 3765 520 3821 ordinando:
548 3780 603 3821 at
631 3766 891 3839 quidquid
926 3766 1087 3836 hujus
1127 3767 1203 3823 rei
1234 3766 1323 3828 sit.
1354 3766 1488 3821 nihil
1529 3764 1776 3836 impedit,

203 3862 469 3926 quominus
497 3872 787 3932 utrumque
827 3860 932 3915 iter
971 3858 1161 3915 conﬁci
1204 3858 1491 3915 commode
1525 3860 1781 3929 potuerit.

271 3953 355 4008 Vl.
385 3954 666 4026 Reliquum
702 3965 808 4022 est,
841 3962 900 4009 ut
941 3968 1159 4011 causam
1193 3951 1502 4019 aderamus,
1532 3968 1629 4007 cur
1668 3951 1784 4007 haec

204 4046 432 4115 epistola,
458 4044 802 4104 Theodoreto
827 4057 985 4114 teste,
1009 4046 1450 4102 Thessalonicam
1481 4047 1642 4101 missa
1673 4045 1788 4102 fue-

202 4138 287 4192 rit.
320 4138 387 4195 At
408 4144 631 4213 quisque
658 4141 816 4197 facile
841 4141 1176 4212 dijudicabit,
1206 4140 1350 4196 illam
1382 4139 1608 4195 Aeholio
1634 4140 1789 4195 fami-

205 4227 316 4286 liari
360 4249 454 4288 suo
481 4234 768 4289 Damasum
801 4233 1043 4302 dedisse,
1084 4243 1145 4289 ut
1188 4233 1417 4288 Paulino
1448 4234 1499 4288 in
1542 4234 1789 4290 Romano

203 4318 387 4381 itinere
412 4328 583 4397 posito
610 4342 674 4381 ac
705 4342 801 4397 per
827 4342 947 4381 eam
974 4327 1188 4393 urbem,
1220 4327 1362 4383 unde
1404 4317 1788 4398 percommode

202 4427 255 4471 et
283 4433 456 4487 parata
486 4421 540 4477 in
582 4420 791 4476 Italiam
825 4423 1119 4493 navigatio,
1168 4424 1565 4493 pertransituro
1596 4424 1790 4479 redde-

1886 3204 2047 3260 limns
2077 3219 2197 3274 cap.
2229 3205 2296 3259 15
2340 3215 2395 3260 et
2438 3207 2525 3260 15.
2572 3204 2869 3260 Dicendum
2902 3205 3062 3259 modo
3091 3218 3363 3275 superest,
3393 3222 3490 3261 cur

1888 3298 2013 3353 huic
2041 3313 2184 3353 anno
2230 3307 2285 3353 et.
2329 3298 2563 3353 concilio
2613 3297 2939 3366 alligandam
2970 3313 3089 3351 eam
3138 3314 3487 3363 censeamus;

1886 3390 2029 3462 quod
2048 3406 2148 3462 ego
2173 3391 2455 3461 epistolam
2480 3390 2651 3460 ipsam
2676 3405 2955 3458 eXponens
2973 3390 3182 3444 facilius
3208 3406 3489 3461 assequar.

1887 3483 2134 3539 Laudant
2161 3484 2342 3554 itaque
2373 3484 2534 3553 hujus
2563 3483 2780 3537 concilii
2816 3482 3009 3538 Patres
3053 3484 3308 3554 pietatem
3346 3484 3495 3553 prin-

1886 3578 2090 3649 cipum,
2121 3592 2185 3631 ac
2212 3576 2471 3631 beneﬁcia
2500 3575 2552 3629 in
2586 3574 2894 3630 Ecclesiam
2925 3575 3349 3645 religionemque
3378 3575 3492 3630 col-

1886 3668 2017 3737 lata,
2053 3680 2215 3741 atque
2247 3669 2376 3724 illud
2409 3685 2518 3739 pra:
2551 3667 2768 3723 caeteris
2797 3668 2966 3722 Veluti
3014 3667 3384 3723 neceSsarium
3425 3667 3491 3722 ad

1887 3762 2329 3833 reintegrandum
2369 3762 2613 3833 ejusdem
2658 3748 2922 3815 EecleSia:
2949 3776 3149 3831 corpus
3177 3759 3362 3815 furore
3391 3760 3492 3816 Ur-

1888 3856 1996 3913 sini
2025 3868 2150 3911 tunc
2178 3856 2229 3910 in
2263 3864 2444 3927 partes
2476 3864 2705 3919 sectum,
2736 3868 2845 3924 quo
2882 3852 3161 3908 decretum
3210 3852 3405 3921 fuerat,
3439 3865 3493 3907 ut

1890 3968 1948 4005 eo
1970 3952 2084 4023 jam
2116 3952 2289 4021 pulso,
2320 3950 2573 4015 sociisque
2600 3949 2663 4002 ab
2704 3951 2816 4020 ejus
2858 3949 3217 4021 conjunctione
3256 3950 3492 4015 divulsis,

1890 4046 1955 4101 de
1978 4046 2190 4115 reliquis
2214 4044 2551 4100 ecclesiarum
2602 4042 2950 4097 sacerdotibus
3000 4043 3269 4112 episcopus
3301 4041 3494 4096 Roma-

1893 4156 1990 4195 nus
2018 4140 2222 4193 haberet
2271 4154 2506 4203 examen,
2533 4145 2587 4189 ut
2625 4137 2687 4189 de
2714 4136 2982 4205 religione,
3028 4136 3294 4206 religionis
3325 4137 3495 4206 ponti-

1894 4238 1982 4307 fea:
2010 4250 2129 4289 cum
2160 4231 2479 4287 consortibus
2510 4230 2770 4303 judicaret
2788 4245 2810 4293 ;
2838 4228 2994 4299 cujus
3024 4231 3126 4285 sub
3173 4231 3326 4285 initio
3352 4230 3495 4285 schi—

1895 4330 2105 4396 stnatis,
2133 4329 2245 4383 dati
2275 4344 2301 4380 a
2331 4326 2707 4382 Valentiniano
2731 4324 3001 4392 rescripti,
3033 4325 3178 4380 nullo
3204 4326 3311 4380 alio
3332 4342 3492 4397 quam

1894 4421 1999 4477 hoc
2026 4423 2147 4478 loco
2179 4420 2437 4476 memoria
2466 4428 2734 4490 superest.
2763 4419 2875 4474 lloc
2898 4429 3076 4474 tamen
3100 4419 3323 4486 bonum,
3349 4422 3494 4492 quod

201 4519 367 4566 retur.
395 4513 522 4568 Cum
555 4522 734 4569 autem
764 4513 1123 4586 Hieronymus
1159 4530 1281 4570 cum
1312 4514 1535 4569 Paulino
1576 4516 1696 4586 ipso
1728 4531 1790 4572 ac
1816 4506 1871 4567 D
1898 4518 2223 4588 praecipuum
2271 4529 2545 4588 reputant,
2578 4516 2775 4572 effectu
2822 4518 3083 4571 hactenus
3112 4520 3355 4574 caruisse
3398 4518 3496 4574 do-

202 4599 494 4672 Epiphanio
539 4606 765 4661 Romam
809 4609 1018 4662 venerit
1069 4607 1167 4680 (a),
1218 4609 1435 4679 utrique
1480 4611 1685 4664 socium
1729 4627 1790 4667 se

197 4691 432 4763 iunxisse
458 4698 650 4754 debuit
688 4702 741 4754 in
774 4700 918 4771 regia
963 4700 1120 4764 urbe,
1153 4718 1261 4770 quo
1304 4716 1449 4757 anno
1497 4702 1683 4774 elapso
1730 4718 1790 4760 se

198 4793 495 4849 contulerat
535 4804 657 4864 post
694 4809 877 4850 sacros
906 4796 1125 4851 ordines
1168 4795 1469 4852 Antiochiae
1514 4808 1786 4867 acceptos.

201 4881 557 4953 Epiphanium
588 4904 746 4958 porro
764 4889 1289 4960 Constantinopolim
1303 4893 1599 4947 accessisse
1623 4892 1793 4963 impe-

201 4981 393 5035 ratoris
421 4982 612 5038 litteris
641 4995 945 5050 evocatum,
978 4995 1036 5038 ut
1069 4985 1287 5041 Romam
1326 4988 1623 5057 navigaret,
1658 4986 1809 5043 seri?

202 5068 283 5126 bit
302 5073 550 5147 Polybius
572 5077 683 5144 ille,
703 5078 787 5133 cui
814 5077 1217 5148 Palpebrochins
1239 5079 1314 5152 (ὁ)
1340 5080 1626 5151 Epiphanii
1658 5080 1793 5138 Vita:

202 5175 629 5237 supplementum
680 5172 885 5236 tribuit,
931 5172 1086 5243 cujus
1130 5188 1231 5244 ego
1288 5176 1601 5230 testimonio
1651 5184 1789 5243 utor,

205 5272 519 5335 quamquam
551 5266 654 5318 alia
693 5280 916 5335 prorsus
947 5267 1255 5333 occasione,
1288 5277 1452 5337 atque
1503 5267 1612 5322 alio
1660 5277 1795 5323 tem-

206 5366 355 5423 pore,
387 5359 484 5414 hoc
512 5359 583 5415 ab
610 5357 800 5413 eodem
834 5358 1133 5428 Epiphanio
1172 5359 1273 5413 iter
1320 5368 1632 5430 susceptum
1664 5360 1797 5415 scri-

206 5442 322 5516 bat;
374 5453 638 5523 siquidem
686 5467 807 5507 eum
841 5451 895 5507 in
943 5452 1009 5507 iis
1059 5461 1224 5520 erret,
1281 5454 1383 5509 iter
1439 5454 1594 5520 illud,
1650 5454 1795 5525 quod

207 5540 416 5601 aliunde
456 5547 830 5612 conﬁrmatur,
875 5545 1100 5601 minime
1149 5545 1523 5617 rejiciendum,
1566 5547 1661 5604 sed
1698 5562 1797 5631 suo

280 5664 352 5736 (α)
385 5644 553 5737 Epist.
591 5663 712 5730 127,
743 5681 893 5719 num.
924 5664 980 5732 5,
1013 5665 1142 5722 Ver.
1169 5664 1299 5723 edit.

277 5737 352 5811 (ὁ)
393 5736 477 5794 Ad
504 5739 647 5794 diem
683 5737 747 5791 12
777 5737 918 5793 Maii.

611 5833 887 5894 PATROL.
937 5832 1113 5895 Xlll.

1844 5632 1851 5633 γ
1912 5738 1958 5740 ῃ
1988 5667 2061 5740 (c)
2091 5668 2229 5736 App.
2274 5666 2339 5723 ad
2380 5663 2515 5722 Cod.
2546 5660 2750 5719 Theod.

1899 4614 2029 4676 lent,
2059 4613 2303 4682 ejusdem
2337 4611 2521 4669 Ursini
2548 4598 2725 4682 culpa.
2760 4610 2856 4667 llic
2886 4610 3029 4666 enim
3055 4628 3377 4683 quamquam
3410 4630 3499 4669 ex-

1895 4716 1976 4762 tra
2007 4706 2408 4762 suburbiearias
2434 4707 2682 4776 regiones
2709 4703 2961 4775 relegatus
2986 4712 3153 4768 esset,
3188 4703 3498 4775 υιιιιιιιιιιιιο

1898 4800 2157 4857 accedere
2188 4798 2591 4871 prohiberetur,
2624 4813 2715 4866 per
2742 4814 2826 4852 eos
2850 4808 3051 4861 tamen,
3084 4813 3219 4868 quos
3249 4799 3496 4868 sacrilege

1899 4896 2246 4961 ordinaverat,
2281 4894 2491 4964 plebem
2514 4892 2793 4948 sollicitare
2810 4891 3092 4946 conabatur
3114 4895 3388 4960 continuo,
3417 4902 3499 4947 at-

1899 5004 2005 5059 que
2032 4988 2260 5059 populos
2286 4986 2595 5056 impellere,
2624 4997 2679 5039 ut
2719 5000 2748 5038 a
2784 4985 3013 5040 Damaso
3050 4984 3337 5055 ol‘lleioque
3365 4984 3501 5039 deli-

1900 5093 2109 5140 cerent.
2144 5081 2278 5136 llinc
2304 5095 2431 5136 vero
2460 5078 2660 5134 factum
2692 5077 2856 5132 fuisse
2896 5077 3067 5143 aiunt,
3107 5086 3164 5132 ut
3200 5077 3341 5147 apud
3373 5095 3501 5131 non-

1899 5176 2070 5232 nullos
2096 5175 2225 5229 alios
2248 5175 2537 5245 episcopos,
2567 5172 2667 5227 hoc
2708 5172 2945 5243 pessimo
2982 5170 3234 5240 exemplo.
3268 5171 3501 5243 quadam

1901 5264 2052 5339 quasi
2086 5267 2411 5322 auctoritate
2432 5276 2756 5329 commotos,
2785 5263 2953 5334 ipsius
2981 5263 3190 5317 Damasi
3209 5262 3497 5333 judicium,

1901 5371 2063 5430 atque
2092 5360 2385 5415 auctoritas
2415 5357 2563 5412 nullo
2589 5356 2700 5428 jam
2734 5356 2854 5411 loco
2885 5362 3051 5418 esset,
3082 5369 3147 5409 ac
3188 5370 3277 5411 res
3317 5370 3385 5410 eo
3416 5372 3503 5411 re-

1902 5452 2073 5509 dactae
2104 5465 2308 5519 essent,
2343 5461 2401 5506 ut
2447 5450 2540 5523 qui
2581 5451 2665 5506 vel
2713 5467 2771 5505 se
2817 5450 3100 5504 damnatos
3137 5448 3206 5505 ab
3251 5466 3317 5505 eo
3344 5451 3505 5506 intel-

1901 5548 2171 5613 lexerant,
2192 5548 2277 5603 vel
2302 5548 2497 5604 merito
2525 5546 2807 5609 timebant,
2833 5558 2902 5598 ne
2923 5544 3332 5609 damnarentur,
3360 5530 3506 5615 vulgi

2764 5701 2778 5728 ,
2826 5658 2992 5732 Oper.
3023 5660 3158 5717 tum.
3188 5659 3230 5732 ι,
3278 5678 3333 5736 ρ.
3379 5662 3511 5733 422,

1910 5738 2041 5797 Ver.
2064 5740 2197 5797 edit.
2752 5760 2755 5761 ν
3230 5770 3235 5773 -

2903 5828 2944 5889 7
