3950 6330
517 233 622 290 205

1665 225 1975 284 SANCTUS
2015 223 2337 286 DAMASUS
2375 225 2576 285 PAPA.
3655 241 3735 300 20!

514 348 913 408 multitudinem
955 348 1303 416 redimerent,
1337 361 1440 416 qua
1476 345 1688 416 judiecs
1727 344 2116 416 perterreface¢
2144 350 2200 414 Α
2221 345 2450 417 Optatus
2476 347 2575 420 (b),
2607 360 2636 400 a
2665 360 2772 416 quo
2797 345 3054 402 discimus
3084 345 3255 412 illum,
3293 355 3408 420 post
3442 349 3738 428 Macrobium,

516 456 640 505 rent
693 445 1078 518 fugerentque;
1109 457 1278 514 eaque
1306 440 1550 507 ratione,
1581 455 1690 510 quo
1711 441 1939 510 quisque
1966 440 2120 510 ﬂagi-

517 539 697 604 tiosior
717 547 882 606 esset,
905 553 972 592 eo
993 536 1168 602 tutior,
1196 534 1371 606 deque
1397 533 1679 590 retinenda
1709 532 1908 604 injuste
1935 532 2122 590 Eccle-

516 635 596 692 sia
627 633 827 690 certior
855 631 1150 690 videretur.

595 729 718 792 llaec
745 743 874 784 vero
901 728 954 784 in
994 727 1276 784 Parmensi
1304 724 1584 797 episcopo,
1615 737 1679 782 ac
1711 721 1987 780 Florentio
2018 719 2122 776 Pu-

516 824 734 892 teolano
775 820 1063 886 manifesto
1111 818 1447 891 deprehendi
1490 817 1753 876 scribunt.
1806 813 2122 872 Parmensis

518 917 691 986 enim,
744 932 1070 990 quamquam
1129 913 1344 974 Damasi
1388 915 1618 983 ejusque
1679 910 1873 983 synodi
1914 907 2122 976 judicio

515 1011 804 1067 damnatus
834 1025 1001 1076 esset,
1037 1007 1328 1066 Ecclesium
1360 1016 1537 1062 tamen
1566 1003 1815 1060 retinebat
1841 999 2124 1072 impuden—

516 1114 620 1164 ter.
657 1103 966 1160 Parmensis
1004 1102 1162 1172 hujus
1205 1099 1442 1170 episcopi
1471 1113 1667 1176 nomen
1713 1099 1962 1159 reticent,
1993 1104 2046 1149 at
2075 1094 2121 1150 si

515 1199 766 1271 Ughellio
802 1196 1098 1260 credimus,
1129 1193 1412 1262 Philippus
1456 1175 1578 1257 fuit:
1610 1189 1890 1248 Romanus
1923 1185 2120 1256 patria,

513 1296 584 1351 ob
610 1308 840 1365 eamque
867 1304 1087 1352 causam
1117 1289 1170 1343 in
1218 1295 1404 1359 partes
1431 1285 1614 1343 Ursini
1664 1282 1800 1340 trahi
1831 1281 2028 1353 potuit,
2059 1293 2123 1335 ac

512 1402 541 1442 a
573 1387 805 1454 Damaso
832 1381 1028 1448 deinde
1057 1381 1276 1451 deponi.
1305 1377 1618 1438 Florentius
1661 1375 1736 1446 (a)
1779 1372 2120 1430 Puteolanus

511 1493 665 1548 atque
693 1477 980 1532 damnatus
1009 1472 1216 1537 fuerat;
1251 1479 1412 1540 atque
1435 1468 1537 1524 hic!
1553 1465 1750 1522 deinde
1783 1464 1853 1519 ab
1881 1463 2119 1534 impera-

514 1580 656 1640 tore,
683 1569 749 1632 ad
780 1584 940 1640 quem
965 1567 1275 1637 conlugerat
1296 1561 1422 1634 jure
1450 1563 1753 1632 meritoque
1775 1556 1990 1630 pulsus,
2023 1570 2123 1626 per

514 1677 781 1728 summam
805 1643 1090 1718 audaciam
1117 1668 1228 1729 post
1254 1666 1454 1716 sextum
1493 1669 1522 1708 a
1549 1651 1894 1724 depositione
1929 1663 2123 1704 annum

2223 441 2312 512 qui
2342 439 2554 495 vivebat
2583 439 2724 495 circa
2766 454 2968 494 annum
3009 437 3137 504 570,
3183 454 3287 510 quo
3327 442 3456 497 alter
3481 443 3744 504 lucubrabat

2223 546 2360 604 opus
2399 548 2576 601 suum,
2609 547 2673 588 ac
2699 531 2995 588 Lucianum
3023 534 3111 603 qui
3139 531 3399 589 Maerobio
3440 550 3743 618 successerat,

2225 625 2503 696 praefuisse
2531 626 2724 682 iisdem
2760 626 3056 682 Donatistis
3092 626 3146 682 in
3181 627 3339 693 Urbe,
3383 643 3442 684 ac
3483 630 3625 687 vitam
3651 649 3749 706 pro.

2224 717 2441 774 duxisse
2469 718 2537 776 ad
2567 718 2743 774 Siricii
2772 727 3038 789 tempora.

2295 809 2563 868 Cmterum
2591 827 2716 868 eum
2760 811 3202 882 rebaptizatores,
3243 813 3340 870 hoc
3377 813 3489 872 loco
3532 820 3752 892 sacrilegos

2224 904 2398 962 dictos
2442 904 2618 972 audis,
2665 905 2820 962 facile
2867 907 3159 978 intelliges,
3205 909 3298 980 qui
3337 908 3519 966 fuerint
3566 916 3754 988 sacrilegi

2224 997 2321 1065 illi,
2354 1013 2382 1054 a
2412 998 2606 1067 quibus
2636 997 2862 1055 inferius
2890 999 3005 1056 haec
3033 1001 3220 1057 eadem
3247 1002 3461 1074 epistola
3481 1003 3756 1077 Sylvestrum

2224 1099 2536 1147 accusatum
2559 1091 2710 1160 dicit,
2741 1107 3068 1166 causamque
3096 1109 3405 1166 cognosces,
3435 1097 3502 1154 ob
3525 1115 3661 1169 quam
3691 1116 3756 1156 ac-

2224 1193 2445 1240 cusatus
2474 1183 2593 1239 fuit.
2625 1185 2690 1240 Hi
2720 1195 2846 1241 sunt
2897 1187 3210 1255 Donatistae,
3252 1204 3384 1261 quos
3420 1191 3663 1264 sacrilegos
3686 1209 3758 1264 per

2225 1277 2608 1336 excellentiam
2631 1277 2757 1349 jure
2779 1279 2976 1348 dictos,
3005 1297 3181 1350 eoque
3210 1283 3420 1339 nomine
3439 1283 3503 1339 ab
3525 1285 3760 1356 imperato-

2226 1370 2378 1426 ribus
2404 1371 2537 1440 ipsis
2565 1387 2710 1443 stepe
2738 1372 3049 1444 designatos
3081 1390 3242 1429 nemo
3266 1377 3526 1446 negaverit
3548 1376 3628 1450 (ε).
3654 1377 3760 1436 Cum

2201 1464 2408 1535 igitur,
2459 1464 2691 1522 Romani
2743 1465 2904 1538 hujus
2952 1469 3166 1524 concilii
3197 1468 3381 1526 Patres
3422 1469 3710 1544 Sylvestrum
3739 1487 3762 1528 a

2225 1559 2508 1631 sacrilegia,
2546 1559 2836 1618 Donatistis
2866 1562 3074 1618 scilicet
3100 1573 3406 1622 accusatum
3433 1566 3664 1634 scribunt,
3692 1565 3764 1621 lal-

2227 1665 2346 1706 sum
2373 1651 2700 1721 traditionis,
2727 1663 2783 1711 et
2810 1655 3227 1713 thurilicationis
3248 1659 3448 1715 crimen
3473 1660 3695 1726 indicant,
3713 1659 3764 1717 de
3805 1665 3816 1678 '
3909 1665 3911 1686 ῖ

509 1764 738 1830 repserat
763 1754 830 1808 ad
861 1754 1132 1818 ciuitatem,
1167 1750 1428 1807 Ecclesia:
1458 1747 1772 1813 incubabat,
1804 1743 2118 1814 multasque
2151 1757 2198 1819 Β
2226 1759 2333 1814 quo
2373 1744 2530 1801 illum
2573 1761 2696 1802 cum
2735 1747 3050 1817 Melchiade,
3110 1748 3361 1805 Marcello
3408 1757 3461 1805 et
3508 1749 3764 1806 Marcellino

513 1848 570 1904 in
602 1864 667 1905 eo
697 1847 896 1918 oppido
924 1845 1222 1902 seditiones
1256 1843 1648 1906 concitaverat.
1693 1838 1830 1894 llinc
1849 1851 1982 1894 vero
2013 1850 2120 1891 non

513 1942 745 2006 obscure
775 1939 955 2010 colligi
995 1945 1194 2010 potest,
1237 1937 1333 1991 has
1374 1935 1520 2006 ipsas
1547 1935 1755 1992 litteras
1809 1932 1915 1998 hoc
1956 1946 2122 1998 anno,

512 2039 598 2094 cui
627 2050 718 2090 eas
749 2034 962 2106 alligavi
987 2033 1218 2100 scriptas
1247 2046 1390 2096 esse.
1433 2029 1566 2086 Nam
1596 2029 1642 2082 si
1671 2025 1976 2084 Florentius
2002 2033 2124 2096 post

511 2139 716 2184 sextum
752 2143 966 2192 annum,
997 2141 1063 2181 ex
1101 2140 1208 2194 quo
1249 2123 1489 2193 dejectus
1535 2121 1604 2188 ab
1637 2121 1883 2176 Ecclesia
1921 2118 2119 2184 fuerat,

513 2223 714 2279 iterum
743 2223 810 2278 ad
833 2237 952 2276 eam
981 2228 1246 2289 repserat,
1276 2217 1392 2274 haec
1414 2216 1676 2288 temporis
1703 2223 1851 2284 nota,
1880 2224 1992 2270 tum
2022 2227 2122 2268 nos

510 2317 660 2373 ducit
687 2315 753 2372 ad
784 2331 984 2372 annum
1027 2314 1133 2372 374
1165 2322 1325 2385 atque
1373 2313 1440 2368 ad
1481 2328 1602 2370 eam
1630 2311 1924 2385 synodum,
1956 2325 2120 2382 quam

509 2424 652 2466 anno
695 2410 789 2465 illo
811 2409 1000 2468 Romae
1029 2408 1318 2464 collectam
1340 2406 1598 2474 diximus,
1633 2415 1744 2470 tum
1773 2404 1838 2462 ad
1869 2405 2009 2464 hanc
2039 2403 2123 2473 ip-

509 2516 648 2571 sam,
681 2518 841 2572 quam
869 2501 1106 2556 currenti
1130 2511 1514 2570 congregatam
1545 2499 1864 2556 asserimus.
1898 2496 2036 2556 Hinc
2065 2497 2119 2552 in

509 2593 764 2651 Gratiani
789 2595 1082 2663 rescripto,
1114 2593 1181 2648 de
1209 2607 1317 2664 quo
1341 2591 1408 2646 ad
1441 2599 1756 2662 sequentem
1797 2605 1998 2648 annum
2034 2605 2122 2648 re-

509 2687 721 2744 diturus
751 2696 833 2742 est
861 2701 1063 2753 sermo,
1109 2701 1231 2740 cum
1275 2694 1436 2740 antea
1477 2685 1750 2756 legeretur
1781 2681 2120 2738 Florentium

509 2791 625 2855 post
653 2782 892 2852 quintum
918 2780 1174 2835 decimum
1203 2795 1395 2834 ammnt
1425 2777 1726 2834 Ecclesiam
1754 2792 1780 2828 a
1806 2791 1908 2846 qua
1935 2775 2122 2845 pulsus

507 2873 704 2940 fuerat,
718 2872 902 2936 iterum
914 2870 1263 2926 contaminare
1275 2871 1473 2935 conari,
1487 2868 1992 2924 Blondelluslocum
2005 2883 2122 2926 cor-

507 2975 726 3038 ruptum
749 2965 916 3022 fuisse
938 2965 1093 3029 vidit,
1110 2980 1174 3020 ac
1195 2979 1300 3018 non
1326 2971 1550 3018 utantea
1569 2972 1680 3033 post
1698 2962 1954 3017 decimum
1968 2962 2120 3033 quino

507 3071 646 3130 tum,
688 3060 784 3116 sed
824 3067 939 3130 post
963 3058 1198 3130 quintum
1220 3057 1424 3112 demum
1451 3073 1666 3123 annum,
1711 3057 1904 3114 merito
1933 3056 2118 3126 legen-

507 3157 634 3227 dum
665 3155 897 3221 censuit,
926 3153 1072 3225 quod
1103 3152 1298 3224 Pagius
1318 3152 1482 3207 etiam
1511 3150 1712 3222 aliique
1733 3151 2114 3210 observarunt.
2143 3177 2189 3241 Ο

583 3253 725 3308 Inter
755 3265 850 3306 eos
879 3260 1083 3316 autem,
1116 3250 1204 3318 qui
1227 3246 1848 3316 sacerdotalejudicium
1876 3246 2117 3304 declina-

507 3351 719 3410 verunt,
750 3359 818 3398 ne
846 3342 1256 3406 damnarentur,
1289 3340 1602 3396 Restitutum
1622 3338 1869 3410 delerunt
1898 3340 1952 3395 in
1973 3340 2119 3396 Afri-

505 3453 572 3494 ca
603 3438 938 3508 episcopum,
968 3452 1130 3507 quem
1169 3450 1199 3490 a
1247 3435 1506 3490 Gratiano
1553 3450 1736 3491 coram
1764 3435 1971 3506 synodo
1994 3435 2116 3506 jus-

503 3547 622 3585 sum
651 3544 867 3584 causam
905 3529 1110 3596 dicere,
1143 3543 1279 3582 sava
1321 3536 1371 3582 et
1405 3527 1738 3582 insolentium
1763 3527 2116 3602 manuni/fu-

505 3625 640 3696 gisse
665 3624 836 3680 aiunt.
867 3623 1000 3692 Quis
1028 3622 1188 3678 fuerit
1214 3622 1516 3676 Restitutus
1540 3621 1656 3688 ille,
1678 3621 1899 3692 cujusve
1929 3621 2118 3678 Eccle-

508 3717 602 3774 sia:
653 3719 958 3788 episcopus,
1003 3715 1090 3770 vix
1142 3716 1337 3784 conjici
1386 3715 1544 3770 datur
1581 3715 1720 3770 inter
1759 3722 1839 3768 tot
1891 3714 2118 3784 hujusce

507 3809 789 3880 temporis,
821 3817 877 3866 et
915 3807 1146 3863 nominis
1177 3806 1480 3876 horumque
1519 3807 1762 3862 locorum
1807 3807 2116 3878 episcopos,

505 3917 576 3958 ex
604 3916 836 3975 quorum
885 3901 1046 3956 etiam
1097 3914 1324 3956 numero
1353 3915 1475 3956 eum
1527 3901 1694 3960 tuisse
1743 3900 1967 3966 scimus,
2024 3902 2118 3972 qui

505 4008 630 4049 cum
671 3995 883 4049 caeteris
904 3992 1267 4050 Ariminensis
1304 3991 1519 4047 concilii
1553 3991 1740 4062 legatis
1767 4007 1957 4050 manus
1989 4007 2116 4063 per-

507 4085 647 4141 ﬁdia:
677 4085 829 4142 dedit
857 4085 1049 4142 Nicmas
1081 4077 1132 4140 in
1160 4083 1411 4148 Thracia.
1446 4083 1604 4151 Quod
1636 4085 1806 4139 asseri
1838 4100 1936 4154 pro
1965 4093 2117 4142 certo

503 4189 703 4250 potest,
739 4178 866 4236 illud
895 4187 999 4246 est,
1031 4187 1121 4232 ant
1148 4178 1404 4234 Romanae
1428 4176 1554 4231 huic
1583 4176 1792 4248 synodo
1818 4178 2022 4246 aliquot
2045 4192 2117 4234 ex

503 4276 686 4346 Africa
712 4276 998 4346 episcopos
1028 4272 1289 4340 adfuisse,
1326 4283 1419 4328 aut
1448 4271 1682 4338 Damaso
1708 4271 1866 4342 hujus
1913 4271 2116 4341 ιιᾋοιίἰ

504 4368 824 4423 relationem
852 4367 920 4424 de
955 4382 1108 4422 more
1138 4366 1538 4433 transmissam,
1588 4374 1646 4422 ut
1680 4364 1770 4420 ille
1797 4363 1925 4434 quid
1972 4362 2114 4418 tacto

502 4473 638 4530 opus
670 4470 834 4525 esset,
863 4460 1204 4514 rescriberet.

2229 1839 2580 1909 presbyteris,
2615 1856 2711 1911 per
2740 1857 3011 1898 summum
3040 1842 3222 1900 scelus
3249 1858 3315 1900 ex
3350 1843 3629 1917 Augustino
3652 1844 3766 1901 dela-

2224 1937 2336 1984 tum
2363 1933 2565 1988 scimus
2592 1931 2699 2008 (d),
2731 1943 2789 1990 ut
2816 1935 3170 2003 conﬁcerent,
3217 1951 3276 1993 se
3306 1938 3374 1992 ab
3399 1952 3483 2006 eo,
3518 1939 3599 2008 qui
3635 1937 3765 2008 juder

2225 2040 2350 2082 esse
2377 2041 2482 2082 non
2521 2036 2757 2099 poterat,
2792 2030 2942 2086 nullo
2963 2031 3088 2102 jure
3117 2031 3432 2098 damnatos;
3463 2048 3610 2104 quam
3639 2033 3766 2088 etiam

2223 2119 2294 2174 ob
2321 2135 2539 2177 causam
2566 2121 2748 2194 Lupus
2773 2133 2829 2180 et
2852 2123 3118 2193 Norisius,
3151 2125 3526 2182 Sinuessanam
3552 2125 3766 2198 synodum

2224 2213 2294 2269 ab
2322 2214 2385 2270 iis
2409 2215 2686 2272 obtrusam
2712 2226 2921 2288 putant.
2952 2218 3088 2274 Hinc
3108 2229 3368 2289 praeterea
3394 2220 3634 2276 discimus
3655 2235 3769 2274 sum-

2224 2321 2370 2362 mum
2403 2308 2534 2365 illud
2567 2309 2820 2366 Ecclesia
2847 2320 3009 2382 caput
3029 2328 3151 2368 sese
3178 2327 3408 2384 purgare
3429 2314 3559 2384 apud
3584 2313 3768 2382 impera-

2223 2409 2398 2457 torem
2433 2402 2692 2469 voluisse,
2725 2412 2786 2460 ut
2813 2405 3109 2461 Ecolesiam
3133 2406 3304 2476 ipsam
3328 2408 3395 2462 ab
3434 2407 3496 2462 iis
3532 2406 3768 2462 difﬁculta-

2224 2496 2365 2554 tibus
2393 2498 2696 2568 expediret,
2729 2500 2782 2554 in
2813 2515 2950 2570 quas
2980 2500 3124 2555 illam
3149 2501 3426 2573 conjicere
3457 2517 3550 2572 per
3574 2498 3768 2571 putidam

2223 2589 2545 2650 calumniam
2571 2591 2807 2662 sacrilegi
2829 2590 3284 2649 allaboraverant.
3313 2592 3446 2649 Cum
3472 2593 3618 2665 igitur
3636 2607 3661 2646 a
3689 2591 3770 2645 Do-

2224 2683 2436 2740 natistis
2467 2683 2803 2756 Sylvestrum
2843 2695 3152 2742 accusatum
3189 2687 3358 2742 fuisse
3401 2697 3544 2742 certo
3579 2691 3766 2749 constet,

2223 2792 2344 2833 eum
2381 2789 2640 2847 premeres
2675 2779 3026 2834 calumniosa:
3073 2780 3219 2836 illius
3249 2780 3596 2836 accusationis
3634 2777 3768 2833 mani-

2223 2869 2359 2925 festa
2387 2870 2457 2924 sit
2478 2885 2662 2938 causa,
2700 2871 2842 2928 nulla
2870 2880 2956 2928 est
2999 2872 3174 2928 solida
3231 2876 3392 2937 ratio,
3437 2888 3530 2930 cur
3568 2869 3769 2928 Floridus

2223 2972 2277 3018 et
2315 2963 2665 3022 Constantius
2695 2981 2803 3022 non
2835 2965 2974 3023 Itane
3017 2966 3250 3037 hujusce
3279 2969 3356 3024 rei
3401 2968 3561 3024 fuisse
3595 2979 3769 3022 causam

2223 3056 2334 3118 sint
2357 3057 2624 3126 arbitrati,
2657 3069 2822 3131 atque
2843 3061 3004 3116 aliam
3047 3059 3223 3116 inutili
3251 3059 3384 3118 sane
3414 3061 3586 3117 labore
3621 3056 3772 3128 exqui-

2222 3151 2432 3206 sierint.

2294 3245 2500 3301 Deinde
2527 3247 2668 3315 quod
2697 3246 2803 3303 hoc
2834 3247 2956 3303 loco
2983 3247 3336 3303 Claudianus»
3379 3247 3442 3303 ab
3479 3245 3682 3316 expulsis
3705 3255 3772 3296 or-

2220 3337 2463 3394 dinatum
2503 3340 2749 3400 scribunt
2784 3341 3028 3412 intellige
3055 3341 3124 3398 de
3153 3341 3402 3412 expulsis
3441 3341 3508 3396 ab
3539 3335 3769 3395 Ecclesiis.

2219 3428 2407 3501 Neque
2454 3432 2598 3488 enim
2643 3432 2933 3490 Gratianus
2973 3434 3196 3490 aliunde
3236 3450 3400 3506 quam
3439 3434 3506 3490 ab
3541 3429 3771 3494 Ecclesiis,

2219 3540 2354 3596 quas
2379 3528 2737 3598 occupabant,
2771 3528 3088 3584 Donatistas
3114 3544 3210 3598 per
3230 3528 3470 3585 Africam
3493 3525 3667 3596 espelli
3685 3523 3775 3594 jus-

2219 3627 2384 3682 serat,
2429 3631 2486 3676 ut
2533 3622 2638 3677 illae
2665 3622 2960 3679 Catltolicis
3007 3624 3444 3689 restituerentur,
3495 3632 3552 3677 ut
3589 3636 3648 3677 ex
3683 3619 3714 3672 Ι.
3745 3628 3774 3670 ιι

2219 3710 2354 3768 Cod.
2385 3712 2620 3780 Theod.,
2646 3714 2724 3771 Ne
2744 3727 2917 3772 sanet.
2951 3715 3208 3786 Baptism.
3241 3716 3450 3782 iteret.,
3479 3725 3650 3786 aperte
3673 3724 3776 3766 con—

2219 3815 2347 3861 Stat.
2383 3806 2510 3862 Haec
2540 3824 2669 3864 vero
2695 3824 2817 3865 cum
2847 3809 2972 3864 data
3009 3811 3079 3866 sit
3118 3810 3208 3866 die
3249 3812 3316 3866 l'l
3344 3809 3645 3867 Novembris
3676 3800 3776 3858 anni

2219 3899 2346 3964 377,
2390 3917 2624 3972 cumque
2666 3903 2938 3959 ordinatio
2974 3902 3258 3960 C‘lattdiani
3299 3906 3417 3976 ejus
3462 3897 3777 3974 publicatione

2219 3995 2492 4063 posterior
2518 3995 2610 4065 sit,
2637 3997 2748 4066 jam
2778 3998 2948 4066 vides,
2973 4013 3148 4069 neque
3175 3997 3316 4054 hanc
3344 3995 3567 4055 Romani
3602 3985 3774 4049 concilii

2219 4085 2521 4154 epistolam,
2550 4103 2726 4159 neque
2751 4088 2993 4146 Gratiani
3021 4089 3369 4162 rescriptum,
3402 4091 3472 4146 de
3498 4103 3599 4159 quo
3625 4079 3775 4156 proxi-

2219 4194 2306 4234 me
2319 4181 2584 4250 agendnm
2617 4184 2742 4250 erit,
2759 4199 2903 4240 anuo
2929 4185 3056 4253 378,
3083 4194 3141 4242 ut
3173 4186 3420 4258 plerique
3452 4185 3581 4240 falso
3603 4183 3773 4250 putant.

2217 4272 2402 4328 datum
2434 4275 2603 4331 videri
2635 4293 2812 4346 posse.
2839 4278 3022 4350 Neque
3049 4281 3192 4335 enim
3220 4279 3550 4335 Claudianus
3572 4265 3774 4330 ordinari

2220 4366 2414 4436 potuit,
2445 4371 2626 4424 statim
2656 4385 2719 4427 ac
2747 4371 2933 4427 lexilla
2962 4373 3235 4443 proposita
3250 4375 3383 4440 fuit;
3416 4387 3512 4428 nec
3531 4364 3775 4426 confestim

2216 4459 2443 4516 Romam
2487 4465 2635 4518 venit
2665 4482 2677 4517 :
2717 4480 2905 4520 rursus
2940 4482 3047 4520 non
3091 4468 3272 4522 statim
3301 4482 3368 4522 ac
3406 4466 3622 4522 Romam
3658 4454 3778 4514 venit

578 4551 684 4606 Per
705 4551 948 4606 eamdem
976 4560 1232 4620 praeterea
1260 4550 1497 4606 Africam
1526 4549 1804 4620 sacrilegos
1831 4549 2111 4619 rebaptiza-
2136 4573 2193 4634 Β
2215 4552 2591 4623 deprehensus
2612 4565 2698 4611 est
2727 4573 2740 4610 :
2775 4564 2885 4612 tum
2919 4568 3105 4629 postea
3132 4559 3198 4614 ad
3243 4558 3618 4632 imperatorem
3643 4546 3776 4608 scribi

504 4654 638 4699 tores
666 4643 954 4699 Gratianus
984 4644 1172 4712 expelli
1208 4646 1462 4712 jnsserat.
1497 4647 1563 4697 At
1605 4642 1816 4714 expulsi
1866 4643 2112 4698 Claudia-

505 4753 628 4791 num
677 4735 941 4804 sacrilege
987 4737 1390 4801 ordinaveraut,
1423 4745 1476 4791 et
1525 4736 1748 4790 Romam
1795 4737 2112 4790 transmise-

503 4840 646 4898 rant,
675 4842 727 4886 uI
759 4830 1124 4885 Monlensibus
1151 4841 1407 4900 pra'esset
1428 4829 1576 4900 quasi
1605 4830 1892 4901 episwpus.
1931 4829 2106 4900 impe-

501 4937 652 4982 rator
685 4926 940 4996 juSserat,
972 4934 1032 4980 ut
1058 4924 1145 4979 hic
1187 4923 1356 4979 Roma
1387 4925 1582 4987 abiret,
1617 4925 1937 4994 patriamque
1964 4940 2109 4994 repe-

502 5029 624 5075 teret
651 5037 821 5076 suam.
854 5018 961 5074 Sed
993 5033 1139 5087 sa-pe
1168 5018 1332 5072 etiam
1372 5021 1696 5080 constrictus,
1725 5016 1946 5087 judiciis
1983 5034 2109 5072 cou-

501 5114 725 5184 temptis.
759 5128 824 5168 ac
871 5111 1233 5180 imperialibus
1266 5111 1564 5176 rescriptis,
1598 5110 1868 5167 residebat
1906 5109 2103 5178 adhuc,

498 5210 674 5278 pretio
705 5204 1056 5278 pauperiores
1082 5203 1401 5270 sollicitans,
1434 5213 1489 5259 et
1530 5203 1838 5273 redemptos
1864 5203 2102 5273 rebapti-

497 5311 648 5366 zans.
681 5297 853 5369 Hujus
881 5296 1160 5354 Claudiani
1203 5295 1518 5352 memoriam
1565 5295 1633 5352 ad
1671 5311 1772 5354 nos
1806 5297 2106 5353 transmisit

566 5543 643 5616 (α)
671 5541 930 5600 Florentii
959 5556 1167 5616 nomen
1215 5554 1338 5616 cum_
1381 5537 1448 5594 iis
1494 5537 1712 5616 legitur,
1761 5539 1851 5616 qui
1906 5548 2095 5594 contra

491 5609 846 5672 Athanasium
879 5617 933 5670 in
959 5612 1342 5672 Mediolanensi
1371 5609 2087 5682 concilio,subscripserunt,

493 5684 590 5738 sed
632 5686 890 5744 Ecclesiae
919 5687 1069 5743 locus
1099 5700 1206 5742 non
1237 5683 1474 5742 additur.
1519 5681 1642 5739 Vid.
1686 5681 1814 5739 Bar.
1841 5680 1926 5739 'ad
1959 5696 2087 5739 ann.

494 5752 623 5823 355,
657 5773 806 5813 num.
835 5757 930 5812 22.

2215 4647 2422 4715 debuit,
2453 4664 2518 4704 ac
2560 4652 2820 4721 rescripta
2862 4656 3172 4722 exspectari
3210 4656 3470 4724 Oportuit,
3499 4650 3676 4722 quibus
3697 4656 3774 4699 ex-

2214 4739 2342 4808 pelli
2379 4740 2684 4811 juberetur,
2711 4759 2882 4814 eaque
2911 4756 3187 4815 postremo
3213 4748 3654 4822 cumyenissent,
3697 4747 3776 4790 nec

2212 4831 2303 4886 ille
2329 4833 2490 4888 ceSsit
2523 4845 2732 4904 tamen;
2783 4839 2876 4892 sed
2913 4837 3154 4909 judiciis,
3190 4839 3470 4910 rescriptis
3524 4851 3584 4891 ac
3617 4831 3774 4888 vincu-

2212 4923 2298 4990 lis,
2335 4925 2533 4996 quibus
2563 4944 2708 4999 saepe
2729 4933 3054 4986 constrictus
3103 4932 3286 5000 fuerit,
3316 4930 3573 5004 neglectis
3599 4935 3647 4982 et
3670 4935 3776 4978 cen—

2213 5018 2450 5087 temptis,
2481 5031 2776 5077 contumax
2809 5023 3108 5092 resederat,
3144 5033 3437 5095 antequam
3480 5023 3592 5077 inec
3614 5015 3775 5073 eadem

2209 5111 2436 5181 epistola
2457 5115 2812 5183 scriberetur,
2841 5131 2911 5172 ac
2937 5117 3210 5172 residebat
3238 5120 3415 5174 adhuc
3440 5134 3454 5172 :
3481 5115 3662 5186 quibus
3679 5119 3774 5163 om-

2208 5204 2364 5260 nibus
2406 5208 2764 5278 transigendis
2789 5209 3032 5280 proiecto
3061 5210 3110 5278 si
3148 5210 3384 5282 spatium
3412 5210 3617 5269 damus,
3645 5201 3774 5256 bien-

2207 5299 2354 5354 nium
2383 5299 2467 5354 vix
2510 5301 2736 5360 nimium
2765 5304 2934 5361 videri
2980 5305 3198 5376 poterit.
3239 5304 3358 5361 Non
3403 5318 3505 5376 ego
3543 5298 3772 5358 dit‘liteol‘:

2279 5540 2356 5614 (ὁ)
2394 5544 2510 5601 Lib.
2544 5563 2600 5612 tt,
2634 5563 2782 5614 num,
2813 5548 2867 5606 4.

2367 5615 2484 5672 Lib.
2514 5609 2633 5702 net
2662 5636 2741 5688 tv,
2761 5609 2850 5676 'Ne
2873 5620 3061 5679 Sanct.
3089 5621 3294 5695 Baptis.
3330 5623 3454 5682 iter.

2332 5687 2454 5759 )De
2481 5704 2626 5749 untc.
2651 5691 2808 5760 Bapt.
2836 5708 2960 5760 cap.
2994 5693 3061 5750 16

2332 5687 2354 5759 )
2377 5687 2454 5744 De
2481 5692 2626 5749 unic.
2651 5687 2808 5764 Bapt.
2836 5708 2960 5765 cap.
2994 5693 3061 5750 16
