3878 6346
90 235 196 293 £05

1440 223 1975 287 ιιιοιεθῡιιειιι.

3274 240 3383 301 206

85 350 216 420 quin
248 346 371 405 Ιιωο
396 346 508 415 lex,
537 361 657 418 qua
680 347 936 405 Flaviano
964 346 1159 404 Africa
1200 346 1400 405 vicario
1440 350 1688 405 inscrihi—
1714 340 1769 402 Α
1791 340 2133 398 commodata
2164 388 2178 411 ,
2238 344 2448 402 facilius
2514 346 2859 405 concedenda
2913 363 3347 422 permoveretur.

84 449 197 504 tur,
268 442 431 496 aliam
484 452 743 497 memoret
820 442 887 497 ad
948 440 1258 507 Nitentiunt,
1318 456 1439 511 qme
1486 442 1684 496 dudum

87 545 352 607 praeterea
411 536 534 590 data
595 536 872 592 scribitur.
920 537 986 590 At
1038 551 1121 603 ea,
1180 550 1303 606 qua:
1368 534 1434 589 ad
1503 535 1686 591 Niten-

90 629 220 683 tium
265 629 391 683 data
442 628 639 701 fuerat,
697 632 741 685 si
791 630 927 685 bene
978 628 1309 690 advt-rtatur,
1376 629 1484 700 agit
1532 628 1689 682 dum-

89 729 236 776 taxat
275 721 343 776 de
375 720 554 775 fundis
592 736 655 775 ac
695 721 965 784 domibus,
1020 723 1073 775 in
1122 722 1317 788 quibus
1342 722 1568 791 lngretici
1598 736 1691 777 ve-

88 816 216 871 titos
264 822 573 871 conventus
619 826 861 884 agerent,
895 814 1258 884 publicandis;
1307 814 1376 871 de
1423 814 1689 884 pellendis

88 924 220 964 vero
266 906 562 963 Donatistis
630 908 696 961 ab
755 907 1033 976 Ecclesiis,
1084 924 1218 979 quas
1266 917 1687 978 occupaverant,

90 1000 222 1056 nillil
289 999 450 1054 habet
508 1001 749 1053 omnino.
793 1000 927 1066 Quia
978 1016 1111 1055 vero
1152 1001 1394 1056 solemne
1448 1010 1585 1065 erat,
1634 1008 1693 1055 ut

90 1093 352 1158 haeretici,
381 1093 477 1165 qui
513 1093 585 1149 ab
614 1093 871 1149 Ecclesiis
911 1094 1188 1165 sacrisque
1233 1094 1368 1148 locis
1399 1094 1694 1163 ejicieban-

93 1195 207 1251 tur,
252 1185 509 1256 profanas
536 1201 774 1258 synaxes
822 1196 1043 1258 agerent
1092 1188 1183 1242 ubi
1230 1199 1469 1257 possent,
1516 1198 1575 1242 ut
1626 1203 1693 1243 ex

93 1278 339 1349 pluribus
387 1275 753 1332 Theodosiani
796 1277 1010 1334 Codicis
1060 1279 1265 1349 legibus
1316 1280 1417 1350 (a),
1465 1280 1695 1350 aliisque

95 1372 451 1442 scriptoribus
479 1379 717 1438 constat,
756 1371 1048 1428 Gratianus
1091 1382 1149 1428 ut
1187 1373 1494 1429 Donatistas
1524 1374 1691 1442 ipsos,

98 1479 205 1519 non
233 1478 392 1519 secus
432 1478 497 1518 ac
532 1464 668 1519 alios
704 1462 990 1520 htereticos
1034 1479 1102 1521 eo
1131 1465 1423 1521 commodo
1461 1475 1692 1534 arceret,

102 1558 235 1628 eius,
274 1574 436 1629 quam
478 1557 614 1613 alias
652 1557 721 1613 ad
764 1558 1056 1615 Nitentium
1090 1561 1512 1630 prtescripscrat,
1559 1561 1695 1632 legis

105 1652 348 1719 exemplo
378 1665 505 1705 usus
529 1659 642 1717 est,
676 1666 1006 1722 magnasque
1044 1652 1237 1707 domos
1267 1662 1320 1707 et
1372 1653 1585 1717 fundos,
1642 1655 1693 1708 in

1860 434 1992 503 Quze
2023 450 2153 491 vero
2194 451 2292 505 pro
2319 453 2506 493 eorum
2555 450 2857 509 temporum
2895 445 3106 500 ratione
3153 444 3386 504 Romani

1792 527 1952 599 hujus
1993 530 2207 584 cnncilii
2254 531 2441 586 Patres
2471 549 2500 588 a
2543 533 2802 591 Gratiano
2855 548 3064 607 petunt,
3111 540 3220 596 duo
3261 553 3390 599 sunt

1794 623 2139 691 potissimum
2175 640 2189 672 :
2225 623 2275 677 l°
2302 633 2355 677 ut
2384 626 2690 696 quicumque
2714 627 2952 698 Damasi,
2993 635 3206 705 ejnsque
3230 652 3387 705 syno-

1793 712 1850 766 di
1880 713 2105 786 judicio,
2140 717 2300 785 fuerit
2336 718 2706 773 condemnatus
2731 762 2745 784 ,
2796 732 2947 792 atque
2983 725 3174 797 injuste
3216 727 3392 782 volue-

1793 809 1862 862 rit
1887 807 2173 863 Ecclesium
2214 812 2448 875 retinere,
2482 812 2561 866 uel
2594 825 2805 869 vocatus
2848 818 3156 873 sacerdotali
3185 821 3391 894 judicio

1796 918 1899 955 non
1935 903 2131 968 adesse,
2180 918 2209 957 a
2244 905 2511 974 prmfectis
2544 911 2802 977 prtetorio
2840 909 3033 981 ltalize,
3068 914 3155 968 vel
3187 915 3391 971 vicario

1795 992 2023 1048 Romam
2066 1005 2387 1052 evocaretur
2418 1015 2431 1050 :
2458 998 2507 1051 in
2558 999 2862 1071 longinquis
2889 1020 3020 1060 vero
3052 1007 3296 1075 partibus
3326 1008 3393 1063 ad

1798 1087 2201 1157 metropolitani
2224 1103 2451 1142 examen
2474 1105 2571 1160 per
2598 1090 2839 1147 locorum
2863 1093 3076 1165 judices
3097 1097 3395 1155 deducere-

1798 1188 1920 1245 tur;
1955 1181 2048 1236 sed
2077 1184 2120 1236 si
2165 1182 2617 1251 metropolitanus
2649 1186 2784 1256 ipse,
2828 1197 2920 1242 aut
2946 1188 3232 1246 damnatus
3259 1192 3391 1262 jam,

1797 1283 1892 1327 aut
1941 1283 2235 1328 contumax
2280 1284 2456 1332 esset.
2507 1275 2739 1332 Romam
2788 1281 3142 1346 contendere,
3188 1293 3281 1338 aut
3322 1285 3389 1338 ad

1797 1380 1915 1432 eos,
1944 1382 2081 1437 quos
2110 1366 2390 1424 Romanus
2420 1371 2711 1441 episcopus
2734 1372 2943 1442 judices
2976 1377 3152 1443 daret,
3204 1385 3398 1433 aucto-

1801 1459 1962 1515 ritate
1985 1460 2195 1530 pnblica
2215 1462 2518 1531 iuberetur.
2553 1463 2608 1518 ld
2638 1466 2781 1519 enim
2809 1466 2854 1520 si
2881 1465 3055 1535 ﬁeret,
3086 1471 3401 1527 necessario

1801 1557 2257 1625 consequebatur,
2285 1567 2343 1611 ut
2369 1559 2461 1627 qui
2491 1558 2711 1630 depositi
2750 1570 2934 1623 essent,
2966 1562 3035 1615 ab
3072 1563 3189 1631 ejus
3220 1566 3397 1619 cinna-

1804 1651 1880 1704 tis-
1911 1652 2101 1719 ﬁnibus
2163 1664 2576 1725 segregarentnr,
2634 1658 2687 1709 in
2718 1673 2821 1725 qua
2861 1668 3125 1729 gesserant
3162 1663 3404 1717 sacerdo-

111 1746 296 1815 quibus
322 1746 615 1815 sacrilegos
656 1744 781 1800 illos
823 1746 892 1800 ab
936 1745 1196 1801 Ecclesiis
1225 1746 1416 1803 eodem
1457 1756 1699 1818 tempore
1728 1741 1779 1802 B
1804 1746 1953 1810 tium,
1989 1763 2053 1801 ne
2080 1764 2261 1802 rursus
2286 1766 2537 1821 usurpare
2564 1762 2807 1821 possent,
2842 1756 2983 1823 quod
3000 1756 3122 1826 jure
3144 1755 3401 1815 sublatum

119 1838 297 1909 pulsos
322 1838 554 1908 grassari
578 1838 791 1892 occulto
820 1836 999 1894 lurore
1036 1838 1399 1908 contingeret,
1436 1839 1698 1907 publicari

122 1932 291 2003 jussit.
338 1930 441 1987 Sed
472 1931 581 2001 jam
630 1930 963 1987 revertimur
1006 1931 1075 1986 ad
1124 1932 1282 2002 hujus
1329 1932 1544 1988 concilii
1589 1933 1703 2004 epi-

127 2031 332 2084 stolam.
1344 2022 1349 2025 4

192 2124 281 2177 llis
331 2125 485 2194 igitur
543 2122 801 2178 Ecclesiae
853 2138 917 2179 ac
975 2120 1254 2194 religionis
1310 2121 1699 2188 incommodis,

118 2230 337 2287 quorum
387 2218 441 2272 in
495 2214 815 2273 Ursinianos
858 2216 1073 2286 culpam
1132 2225 1386 2277 vertunt.
1444 2214 1707 2271 Gratiano

118 2310 475 2374 denuntiatis,
504 2326 628 2366 eum
670 2320 931 2381 przeterea
970 2321 1194 2366 monent
1230 2310 1284 2365 in
1334 2311 1449 2365 haec
1489 2311 1654 2365 verba
1689 2328 1705 2363 :

122 2401 209 2458 Sic
231 2402 448 2472 datique
477 2402 635 2473 factio
667 2404 883 2475 profecit
898 2403 1102 2470 Ursini,
1126 2416 1180 2458 ut
1206 2402 1359 2458 Isaac
1373 2402 1562 2458 Iudae
1584 2408 1708 2459 sub-

120 2487 343 2562 ornato',
390 2500 563 2553 sancti
621 2501 799 2568 fratris
847 2499 1009 2553 nostri
1049 2498 1267 2553 Damasi
1312 2507 1568 2570 peteretur
1614 2513 1709 2551 ca-

122 2600 228 2659 put.
258 2592 471 2661 sanguis
535 2593 884 2646 innocentium
915 2592 1237 2663 funderetur,
1288 2600 1712 2660 contponerentur

122 2682 244 2748 doli,
267 2683 453 2752 quibus
482 2684 655 2739 divino
680 2685 833 2757 plane
875 2686 1145 2749 instinctu,
1184 2684 1501 2753 providentia
1532 2694 1714 2738 vestra!

123 2775 321 2843 pietatis
356 2778 605 2845 occurrit,
641 2778 953 2843 spoliaretur
999 2795 1160 2849 prope
1195 2778 1436 2834 Ecclesia
1476 2779 1715 2833 omnibus

122 2869 433 2937 ministeriis,
481 2886 542 2923 ea
570 2870 755 2935 fraude
792 2869 1047 2934 videlicet,
1079 2880 1133 2923 ut
1164 2870 1288 2926 dum
1316 2888 1523 2925 causam
1566 2871 1709 2934 dicit,

122 2962 385 3035 quijudes;
412 2964 467 3017 in
495 2979 668 3018 omnes
700 2964 866 3032 fuerat
895 2965 1221 3029 constitutus,
1270 2981 1416 3018 nemo
1448 2973 1600 3024 esset.
1627 2962 1719 3033 qui

123 3054 184 3108 de
211 3056 367 3127 lapsis
404 3056 486 3110 vel
510 3067 646 3111 certe
673 3056 735 3109 de
755 3058 988 3126 factiosis
1015 3068 1181 3128 posset
1214 3057 1535 3129 episcopatus
1564 3057 1713 3110 inva-

1803 1839 1998 1895 luerat.
2033 1840 2277 1896 Alterum
2310 1844 2454 1914 quod
2486 1854 2692 1913 petunt,
2740 1847 2873 1901 illud
2904 1857 3006 1913 est,
3037 1866 3106 1905 ne
3146 1852 3405 1911 Damasus

1804 1935 2037 2005 publicis
2066 1936 2289 2004 judiciis
2309 1937 2586 2007 subjectus
2613 1949 2778 2007 esset,
2809 1942 2903 1997 sed
2930 1944 2974 1998 si
3007 1960 3126 2013 quae
3156 1962 3405 2018 emerge-

1805 2036 2159 2091 rentcausze,
2207 2029 2260 2082 in
2309 2030 2520 2101 synodo
2555 2032 2960 2103 episcoporum,
3008 2038 3092 2091 cui
3144 2053 3265 2094 sese
3292 2042 3409 2112 ipse

1808 2130 2003 2192 sponte
2026 2123 2336 2192 subiiceret,
2366 2125 2629 2194 deinceps
2658 2139 3093 2197 proponerentur
3117 2151 3130 2186 :
3162 2135 3406 2211 iniquum

1808 2214 1954 2269 enim
2008 2214 2316 2280 videbatur,
2366 2216 2666 2273 Romanum
2706 2222 3047 2291 episcOpum,
3090 2228 3182 2297 qui
3231 2244 3407 2286 omnes

1813 2307 2154 2377 praerogativa
2180 2309 2483 2377 apostolica:
2510 2312 2649 2365 sedis
2673 2313 2899 2382 excellit,
2935 2330 3001 2370 eo
3033 2317 3156 2386 jure
3184 2321 3410 2389 privari,

1811 2416 1919 2470 quo
1940 2402 2124 2457 caeteri
2162 2404 2401 2474 episcopi
2433 2404 2741 2474 gaudebant
2776 2406 2875 2479 (ὁ).
2913 2408 3152 2465 Primum
3196 2413 3237 2465 si
3271 2412 3410 2468 Gra-

1815 2492 1995 2548 tianus
2016 2495 2357 2564 praaciperet,
2390 2495 2628 2552 futurum
2667 2509 2783 2553 erat
2810 2509 2865 2554 ut
2891 2502 3183 2571 plurimum
3216 2515 3409 2560 aucto-

1814 2585 2013 2648 ritatis,
2046 2593 2101 2639 et
2130 2586 2434 2655 splendoris
2464 2588 2640 2644 eidem
2681 2590 2927 2646 Romano
2974 2594 3211 2663 pontiﬁci
3256 2610 3415 2654 acce-

1817 2676 1996 2743 deret,
2039 2693 2101 2733 ac
2129 2678 2467 2745 Parmensis,
2511 2689 2567 2737 et
2607 2681 2887 2740 Puteolani
2927 2687 3188 2756 episcolii,
3225 2688 3416 2761 hisque

1818 2770 2096 2836 similium,
2132 2772 2221 2841 qui
2249 2771 2444 2842 deponi
2467 2773 2726 2845 deinceps
2753 2789 3022 2846 poterant,
3064 2783 3305 2839 audacia:
3353 2800 3419 2841 ac

1818 2866 2107 2919 temeritati
2144 2864 2485 2920 obviabatur.
2520 2866 2767 2923 Alterum
2798 2887 2926 2926 vero
2969 2875 3013 2928 si
3058 2877 3412 2943 concederet,

1819 2957 2021 3012 futuris
2068 2956 2489 3014 Ursinianorum
2529 2975 2592 3015 ac
2623 2962 2972 3019 factiosorum
3004 2965 3283 3024 hominum
3330 2986 3421 3026 ca-

1823 3051 2043 3106 lumniis
2074 3061 2237 3123 atque
2267 3052 2478 3108 insidiis
2509 3055 2828 3110 obstruebat
2869 3056 3086 3113 ostium.
3119 3059 3229 3117 Nec
3282 3078 3416 3119 vero

124 3146 314 3200 scribus
325 3148 596 3221 judicare.
624 3148 758 3203 Hinc
788 3150 1032 3203 nonnulii
1061 3152 1356 3217 scriptores
1390 3157 1595 3218 putant,
1630 3159 1715 3203 at-
1743 3133 1791 3197 C
1823 3162 1944 3202 esse
1967 3147 2139 3211 aiunt,
2182 3163 2281 3201 cur
2312 3146 2601 3202 Gratianus
2645 3149 2913 3217 suspicati
2938 3155 3129 3220 possit,
3174 3154 3277 3210 hoc
3310 3159 3417 3226 peti

123 3254 223 3308 quo
245 3238 360 3295 haec
386 3242 461 3295 ita
493 3241 823 3310 intelligunt,
856 3253 916 3296 ut
946 3243 1113 3297 velint
1140 3243 1456 3308 Damasum,
1492 3253 1601 3296 tum
1624 3257 1716 3296 ac-

124 3342 367 3389 cusatum
398 3342 654 3390 recenter
691 3335 759 3389 ab
789 3336 992 3402 lsaaco,
1043 3345 1151 3390 tum
1181 3338 1253 3390 ab
1300 3336 1715 3406 imperatoribus

128 3426 280 3494 paulo
310 3437 471 3483 antea
504 3428 830 3483 absolutum.
873 3430 1135 3497 Quaerunt
1174 3430 1333 3485 etiam
1365 3445 1474 3501 quo
1501 3430 1569 3485 de
1609 3431 1719 3485 cri-

128 3522 264 3578 mine
292 3524 672 3579 sanctissimus
715 3526 799 3579 hic
832 3525 1075 3580 POutilex
1101 3526 1402 3594 pustulatns
1444 3534 1570 3580 tunc
1603 3524 1719 3580 fue-

127 3618 212 3684 rit,
244 3632 307 3672 ac
333 3618 631 3674 levissimis
653 3618 984 3689 coniecturis
1008 3619 1261 3686 permoti,
1288 3620 1437 3672 illutn
1468 3619 1537 3673 de
1566 3618 1721 3673 adul-

128 3710 260 3765 torio
284 3711 425 3766 falso
464 3721 777 3767 accusatum
806 3713 974 3767 aiunt.
1008 3711 1122 3782 Ego
1150 3728 1280 3767 vero
1327 3713 1579 3767 existimo
1609 3728 1718 3767 non

126 3806 208 3874 agi
238 3804 343 3860 hoc
368 3806 495 3861 loco
520 3804 589 3860 de
618 3807 824 3860 recenti
853 3806 1031 3875 aliqua
1061 3815 1251 3860 contra
1285 3806 1571 3859 Damasum
1600 3821 1722 3860 rur-

131 3913 218 3953 sus
254 3900 558 3970 excogitata
610 3898 995 3970 propositaque
1046 3899 1412 3964 accusatione,
1452 3899 1549 3953 sed
1578 3902 1721 3953 auti-

132 4009 258 4062 quas
300 3994 445 4059 illas,
483 4009 621 4065 quas
665 3995 829 4048 etiam
872 3992 1100 4048 Ruﬁnus
1147 3992 1369 4057 indicat,
1419 3993 1717 4047 calumnias

131 4084 422 4151 domitant,
454 4095 616 4155 atque
644 4084 865 4139 insidias
894 4086 1203 4145 tnentorari,
1237 4099 1303 4139 eo
1338 4084 1546 4139 scilicet
1574 4099 1720 4141 con—

132 4178 268 4246 silio,
296 4189 353 4235 ut
377 4179 672 4236 Gratianus
714 4178 779 4233 iis
812 4179 1112 4248 perpensis,
1144 4195 1264 4249 qua:
1297 4179 1580 4234 Ursiniana
1615 4177 1724 4233 l‘ac-

134 4272 206 4325 tio
231 4272 282 4327 in
321 4272 513 4342 primis
542 4273 647 4327 illis
692 4271 1060 4327 contentionis
1087 4272 1309 4325 aestibus
1357 4287 1484 4326 ausa
1518 4273 1720 4339 fuerat,

135 4364 354 4432 videret,
389 4380 550 4433 quam
584 4364 892 4419 necessario
923 4364 1076 4418 abiis
1102 4363 1203 4417 sibi
1234 4365 1396 4417 etiam
1424 4364 1727 4418 cavendum

136 4469 273 4515 esset
306 4459 693 4529 imposterum;
730 4473 853 4513 nam
898 4458 943 4512 si
990 4456 1263 4513 Ursiniani
1301 4468 1488 4512 contra
1529 4458 1727 4513 Doma-

1820 3254 1921 3311 pro
1948 3239 2179 3293 Datttaso
2222 3239 2349 3293 dolo
2374 3240 2560 3309 aliquo
2590 3240 2752 3306 malo,
2798 3251 2958 3312 atque
2985 3260 3112 3299 eum
3142 3246 3193 3300 in
3234 3248 3419 3318 ﬁnem,

1823 3341 1883 3386 ut
1909 3332 2061 3386 illutn
2112 3330 2453 3386 saecularium
2510 3332 2840 3401 judiciorum
2893 3336 3168 3390 severitati
3209 3339 3423 3393 subtra-

1823 3424 1976 3479 hant.
2019 3424 2150 3479 Nam
2181 3439 2303 3480 cum
2346 3425 2397 3479 id
2433 3435 2679 3494 peterent
2715 3435 2829 3495 post
2859 3428 3019 3481 latam
3060 3445 3157 3499 pro
3188 3432 3281 3487 illo
3308 3450 3422 3489 εεη.

1826 3519 2056 3580 tentiam,
2104 3532 2166 3571 ac
2218 3527 2501 3588 postquam
2548 3518 2665 3587 ejus
2709 3519 3011 3574 innocentia
3056 3532 3103 3577 et
3150 3527 3418 3595 integritas

1835 3610 2189 3666 Valentiniani
2218 3614 2381 3681 patris
2405 3610 2609 3679 judicio
2636 3616 2969 3685 comprobata
2988 3616 3121 3685 jam,
3160 3627 3207 3672 et
3226 3621 3420 3689 pradi-

1827 3717 1944 3761 cata
1970 3706 2164 3768 fuerat,
2191 3717 2353 3777 atque
2374 3706 2493 3762 ideo
2525 3723 2630 3761 non
2657 3708 2847 3762 lateret
2877 3708 3193 3764 Gratianum
3224 3714 3420 3781 ipsum,

1829 3815 1948 3869 qum
1976 3816 2005 3854 a
2039 3810 2339 3870 perspectze
2366 3800 2668 3855 sanctitatis
2698 3802 2814 3856 viro
2855 3806 3130 3874 expectari
3169 3805 3423 3877 deinceps

1828 3903 2072 3966 possent,
2097 3894 2268 3948 videri
2300 3894 2390 3949 ille
2418 3910 2524 3948 non
2557 3905 2767 3963 paterat
2793 3897 2858 3950 ad
2902 3898 3214 3954 sacerdotes
3248 3902 3429 3971 perfu-

1829 4004 1976 4058 gere,
2021 3997 2081 4042 ut
2141 3988 2352 4057 publica
2390 3987 2591 4057 judicia
2640 3988 2957 4057 declinaret,
3007 3991 3102 4046 sed
3146 4002 3202 4046 ut
3245 3994 3427 4052 eollati

1832 4082 2102 4153 episcopis
2141 4083 2388 4137 omnibus
2418 4083 2666 4138 bcnelicii
2698 4083 2811 4151 ipse
2851 4084 3012 4138 etiam
3046 4087 3316 4159 particeps
3340 4105 3426 4145 es-

1832 4187 1916 4232 set
1946 4194 1960 4234 :
1992 4193 2055 4231 ac
2081 4186 2367 4247 praeterea,
2401 4185 2458 4229 ut
2486 4184 2769 4230 caveretur
2789 4175 3070 4246 deinceps,
3099 4182 3301 4249 nequis
3332 4184 3432 4238 ite-

1831 4287 1949 4325 rum
1977 4269 2339 4324 calumniator
2377 4269 2636 4330 existens,
2667 4268 2791 4321 dum
2823 4270 2988 4322 virum
3022 4271 3319 4326 innocentia
3344 4291 3428 4328 sa-

1835 4364 1901 4418 tis
1926 4364 2181 4415 mum’tuin
2211 4378 2304 4414 sua
2329 4359 2525 4414 frustra
2552 4361 2763 4430 impetit
2792 4361 2933 4431 apud
2963 4364 3256 4419 saeculares
3283 4367 3431 4435 judi-

1834 4470 1928 4510 ces
1952 4455 2102 4522 illud,
2131 4454 2374 4509 obtineat
2403 4453 2703 4519 dumtaxat,
2749 4463 2805 4507 ut
2841 4458 3146 4519 tormentis.
3181 4467 3237 4514 ct
3268 4476 3431 4516 vexa-

137 4568 253 4611 sum
275 4554 496 4610 fraudes
520 4564 961 4623 composuerant,
988 4560 1049 4608 ut
1075 4552 1173 4607 illo
1193 4552 1338 4607 inter
1367 4568 1490 4607 reos
1518 4553 1726 4619 delato,
1757 4534 1817 4594 Β
1840 4554 2078 4609 tionibus
2126 4565 2404 4605 sacrorum
2448 4550 2839 4618 ministrorum,
2885 4552 3134 4623 religioni
3180 4557 3430 4624 injuriam

139 4661 290 4702 nemo
316 4656 485 4713 esset,
514 4647 607 4718 qui
635 4647 966 4702 de‘lactiosis
1007 4649 1353 4716 episcopatus
1384 4647 1730 4702 invasoribns

135 4735 374 4805 judicare
421 4750 623 4807 posset,
672 4738 978 4794 necessario
1009 4739 1252 4808 sequitur
1294 4739 1378 4809 agi
1423 4738 1510 4793 hic
1554 4738 1627 4793 de
1672 4753 1730 4793 re

140 4843 301 4899 prave
327 4831 611 4897 meditata,
657 4843 944 4902 antequam
978 4832 1187 4902 factiosi
1216 4832 1539 4901 episcopatus
1580 4833 1730 4888 inva-

141 4939 299 4985 δοκι.
338 4924 569 4982 Ursinus
618 4926 844 4991 scilicet,
900 4926 1125 4997 ejusque
1165 4925 1298 4981 socii
1342 4926 1735 4985 damnarentur

1839 4646 2059 4709 inierat,
2089 4653 2146 4697 ut
2181 4643 2313 4697 alias
2343 4643 2535 4696 factum
2569 4642 2765 4707 fuerat,
2793 4644 3022 4700 Damaso
3056 4650 3171 4719 ipso
3204 4661 3432 4709 cancro—

1840 4740 1971 4809 quin
2015 4737 2086 4791 ob
2141 4736 2507 4807 integritatem
2564 4751 2714 4790 suam
2773 4737 3004 4793 innocuo
3051 4751 3108 4796 et
3154 4743 3431 4802 incolumi.

1840 4832 2109 4886 Caeterum
2141 4845 2208 4884 ne
2241 4830 2502 4898 reliquum
2530 4829 2653 4884 huic
2679 4832 2973 4901 suspicioni
3002 4834 3182 4890 locum
3212 4839 3433 4907 faciant,

1838 4941 1903 4981 ac
1924 4936 1982 4979 ut
2010 4924 2261 4994 probent,
2302 4923 2615 4987 Damasum,
2649 4939 2808 4993 quem
2852 4924 3027 4981 virum
3070 4944 3315 4986 sanetum
3341 4949 3440 5002 ap-

142 5017 371 5075 collecta,
391 5018 631 5090 synodo;
671 5018 816 5089 quod
847 5035 991 5075 anno
1018 5020 1127 5075 569
1167 5035 1231 5074 ac
1271 5019 1529 5089 deinceps
1570 5023 1734 5076 etiam
1842 5018 2068 5090 pellant,
2100 5014 2301 5084 aliquid
2331 5016 2512 5085 potius
2537 5014 2604 5070 de
2635 5030 2734 5069 suo
2759 5015 2881 5085 jure
2910 5019 3127 5082 cedere,
3155 5039 3313 5089 quam
3336 5024 3439 5080 sibi

147 5106 341 5168 factum
356 5112 627 5179 diximus;
651 5124 814 5182 atque
836 5112 959 5167 ideo
971 5112 1263 5168 coniicitur
1285 5112 1400 5169 haec
1427 5115 1605 5169 omnia
1634 5115 1737 5169 ite-

147 5218 263 5259 rum
288 5206 555 5262 Gratiano
577 5222 698 5261 eum
730 5207 781 5261 in
809 5206 971 5261 tinctu
1002 5208 1214 5273 referri,
1251 5222 1319 5262 ne
1361 5223 1419 5261 se
1447 5208 1515 5262 ab
1541 5207 1608 5261 iis
1637 5208 1735 5262 de-

149 5296 247 5366 (εἰμι
269 5307 569 5369 pateretur,
597 5314 661 5353 ac
688 5306 747 5352 ut
774 5297 842 5352 ad
883 5313 945 5352 ea
971 5314 1099 5368 qua
1125 5298 1540 5365 postulabantur
1571 5300 1621 5351 in
1655 5298 1741 5353 his

150 5384 365 5457 litteris,
404 5390 566 5446 vultui
600 5389 794 5447 futuris
843 5405 1034 5445 eorum
1081 5389 1223 5445 dolis
1250 5389 1601 5447 destruendis
1648 5406 1741 5445 ac-

219 5590 444 5736 ?)Vid.
474 5595 566 5651 lib.
597 5611 675 5657 nr.
705 5611 757 5650 tv
782 5606 837 5650 et
864 5608 916 5657 ν,
945 5593 1015 5647 de
1047 5592 1193 5646 liter.

246 5666 295 5732 ὁ)
346 5666 460 5722 Hoc
510 5667 702 5723 eodem
758 5665 1143 5736 Valentiniani
1177 5665 1193 5716 ε

246 5666 295 5732 b)
346 5666 460 5722 Hoc
510 5667 702 5723 eodem
758 5665 1122 5722 Valentiniani
1177 5664 1425 5720 Senioris
1472 5664 1744 5733 rescripto

159 5734 467 5794 Ambrosius
496 5738 689 5794 iterum
722 5754 855 5795 usus
890 5747 973 5793 est
1022 5735 1273 5791 scribens
1313 5735 1378 5792 ad
1416 5735 1747 5792 Valentinia-

1845 5124 2099 5179 arrogarc
2141 5108 2301 5169 velle,
2337 5107 2652 5162 Gratianum
2678 5119 2955 5177 postremo
2986 5124 3199 5180 rogant,
3234 5127 3287 5168 nt
3320 5117 3440 5184 ejus

1844 5217 2056 5267 causas,
2088 5203 2133 5256 si
2163 5202 2397 5256 noluerit
2418 5204 2485 5254 ab
2516 5203 2893 5272 episcoporum
2916 5205 3125 5274 synodo
3156 5211 3435 5277 Cognos‘ci,

1848 5295 1963 5365 ipse
2005 5294 2071 5347 ad
2123 5309 2182 5349 se
2220 5292 2418 5357 trahat,
2466 5303 2519 5347 et
2562 5292 2627 5346 ad
2677 5308 2831 5347 suum
2892 5292 3298 5361 consistorium,
3354 5301 3442 5356 cui

1846 5390 2118 5463 spondent
2147 5404 2291 5452 eum,
2323 5388 2573 5444 Silvestri
2617 5386 2892 5457 exemplo,
2935 5386 3266 5448 adiuturum.
3308 5394 3445 5453 illud

1851 5611 1978 5650 num
2032 5595 2199 5649 lilium
2252 5594 2305 5649 in
2362 5607 2521 5649 causa
2585 5592 2654 5647 de
2707 5607 2815 5647 non
2873 5592 3158 5652 tradendis
3212 5600 3450 5663 basilicis

1851 5668 2009 5791 episft.
2038 5668 2101 5721 21
2129 5684 2142 5731 ;
2169 5681 2327 5736 quem
2359 5666 2532 5720 locum
2564 5663 2707 5727 vide,
2749 5678 2812 5717 ac
2855 5677 2977 5719 cum
3021 5665 3143 5737 hoc,
3179 5673 3225 5727 si
3255 5677 3447 5745 νιςιορι,

1852 5751 1954 5791 con
1980 5753 2124 5791 eras.

1852 5751 2124 5793 conteras.
