3950 6330
471 178 577 235 207

1632 170 1945 231 SANCTUS
1981 170 2305 230 DAMASUS
2344 170 2518 228 PAPA
2531 212 2543 224 .

3610 182 3694 242 208

469 291 754 346 dumtaxat
802 301 869 354 eo
909 300 1039 342 casu
1078 291 1284 356 petunt,
1332 292 1391 338 ut
1426 282 1703 354 negotium
1745 285 1892 354 prius
1945 285 2138 355 ipseA
2168 283 2258 340 tis.
2303 282 2532 338 Romani
2582 281 2763 353 itaque
2810 282 3025 339 concilii
3070 283 3281 352 Patres,
3328 301 3385 343 ac
3429 289 3695 352 Ambrosius

469 384 747 448 examinet,
779 399 844 436 au
877 383 1162 436 honestum
1197 378 1427 443 scilicet,
1462 395 1529 433 an
1552 379 1780 449 justum,
1815 397 1881 433 an
1913 397 2068 435 vero-

473 478 658 535 simile
679 479 772 538 sit.
806 474 1172 545 interroganda
1198 472 1396 528 deinde
1425 472 1728 544 distinguat,
1757 473 1882 528 edat
1915 474 2066 528 scili-

471 585 591 640 eet,
621 580 675 627 et
702 572 958 626 distincte
992 569 1290 638 perscribat
1321 579 1520 639 puncta
1561 583 1683 637 qua:
1713 569 1813 621 sub
1843 567 2068 635 inquisi-

472 670 622 723 tione
645 665 842 720 cadent
871 661 969 736 (a),
994 662 1402 732 inquisitionem
1433 662 1602 730 ipsam
1625 660 1791 728 judiei
1822 662 2072 716 commit-

474 770 570 827 tat,
618 759 711 816 sed
743 758 1016 813 arbitrium
1060 757 1328 811 sententia:
1366 755 1467 809 sibi
1492 766 1729 808 reservet.
1764 754 1917 822 Quod
1946 755 2070 810 hinc

469 862 691 928 sperant
719 853 862 917 fore,
902 851 1032 906 illud
1065 859 1169 918 est,
1214 859 1271 904 ut
1315 850 1445 904 nulli
1486 851 1706 918 perdito,
1745 849 1822 903 vel
1860 849 2067 919 infami,

468 960 560 1007 aut
591 949 870 1003 accusandi
911 946 1099 1000 summi
1150 944 1451 1009 sacerdotis,
1488 952 1580 997 aut
1616 943 1670 997 in
1719 958 1841 998 eum
1873 942 2069 997 testifi-

469 1041 625 1097 eundi
653 1041 874 1111 facultas
904 1038 1183 1105 deinceps,
1218 1046 1389 1108 pateat
1421 1037 1626 1101 illicita,
1656 1035 1920 1104 siquidem
1947 1033 2072 1090 huic

471 1137 752 1192 hominum
781 1134 968 1206 generi
999 1132 1276 1188 difficilior
1301 1130 1367 1185 ad
1398 1131 1719 1201 principem,
1762 1137 1816 1184 et
1843 1129 2069 1198 periculi

470 1231 684 1302 plenior
709 1244 831 1285 esse
860 1229 1000 1284 solet
1035 1242 1307 1292 accessus,
1353 1241 1514 1296 quam
1555 1225 1622 1279 ad
1654 1225 1959 1280 ordinarios
1985 1224 2073 1294 ju-

469 1324 642 1380 dices.
674 1323 786 1377 Hoc
822 1322 964 1377 enim
1007 1321 1072 1374 ad
1115 1335 1302 1376 eorum
1343 1327 1648 1386 temporum
1695 1316 2070 1372 infelicitatem

469 1424 811 1479 accesserat,
845 1423 902 1468 ut
934 1412 1260 1468 calumniosi
1300 1411 1682 1481 episcOporum
1727 1420 2072 1465 accusatores

469 1511 690 1578 impune
707 1508 1065 1572 haberentur,
1085 1520 1223 1576 quos
1246 1506 1366 1562 ideo
1389 1505 1674 1561 utiuriosa:
1699 1503 1823 1558 huic
1839 1503 2072 1558 licentiae

465 1602 820 1659 Censtantins
847 1599 1212 1665 subtraheret,
1241 1599 1380 1670 apud
1407 1600 1542 1652 alios
1559 1599 1844 1666 episcopos
1872 1596 2069 1650 iterum

464 1697 736 1768 explorari
761 1698 1021 1766 jusserat,
1050 1695 1193 1750 edita
1218 1695 1259 1749 ι.
1290 1710 1360 1748 xli
1391 1693 1454 1750 G.
1490 1693 1699 1748 Theod.
1734 1691 1802 1748 de
1825 1691 2008 1762 Epise.

538 1790 723 1856 Quaeri
753 1789 852 1846 hoc
884 1791 1005 1845 loco
1031 1795 1236 1856 posset,
1265 1802 1518 1859 quamam
1547 1789 1618 1841 sit
1643 1787 1727 1840 lex
1759 1785 1876 1850 illa,
1907 1800 2070 1854 quam

467 1884 689 1942 caneilii
727 1883 916 1938 Patres
963 1890 1270 1937 memorant
1314 1882 1364 1935 in
1412 1880 1498 1934 his
1549 1878 1800 1950 epistola:
1845 1877 2069 1934 verbis:

467 1976 618 2032 Certe
672 1979 815 2046 prius
859 1977 1116 2030 examinet
1157 1992 1366 2029 causam
1419 1986 1584 2029 vestra
1633 1974 1925 2040 clementia,
1976 1974 2074 2027 etsi

462 2073 723 2127 emerserit
749 2072 984 2141 quintio,
1031 2070 1400 2140 interroganda
1439 2071 1750 2140 distinguat,
1804 2077 1859 2121 ut
1893 2084 2072 2137 quem-

464 2164 748 2219 admodum
787 2179 965 2219 nuouu
995 2178 1143 2217 es'ris
1184 2177 1424 2218 caussae
1471 2178 1706 2228 DIGNA'I‘I,
1740 2161 2000 2230 [actorum
2037 2178 2070 2214 a

462 2258 635 2324 iudice
665 2261 798 2312 ratio
829 2266 1114 2328 quaeratur,
1160 2273 1266 2310 non
1296 2257 1568 2310 arbitrium
1611 2254 1873 2309 sententite
1902 2251 2070 2307 vindi-

463 2363 628 2408 cetur.
672 2352 861 2424 Neque
891 2351 1035 2406 enim
1061 2350 1296 2405 dubitari
1341 2359 1543 2418 potest,
1587 2349 1716 2418 quin
1749 2348 1920 2418 legem
1968 2346 2069 2400 ali—

461 2462 622 2518 quam
656 2447 974 2514 reSpiciant,
1011 2445 1086 2499 rei
1129 2461 1250 2514 quae
1276 2452 1399 2498 tunc
1431 2444 1500 2497 ab
1527 2441 1592 2495 iis
1616 2442 1952 2495 tractabalur
1979 2454 2070 2494 ae-

462 2539 868 2595 eommodatam
895 2557 909 2602 ;
945 2552 1077 2592 sane
1107 2538 1229 2590 dua-
1257 2537 1609 2590 inveniuntur
1638 2535 1689 2588 in
1719 2532 1856 2588 Cod.
1889 2532 2070 2588 Theo-

465 2631 696 2687 dosiano
743 2632 811 2685 ab
843 2632 944 2686 hac
978 2647 1037 2685 re
1073 2629 1296 2684 minime
1342 2631 1556 2684 alienie.
1597 2629 1778 2684 Altera
1827 2626 2068 2681 Valenti-

463 2725 610 2780 niani
637 2725 812 2780 Patris
846 2725 911 2779 ad
958 2722 1430 2778 Praetextatum-P.
1466 2721 1531 2778 U.
1591 2722 1716 2776 data
1748 2736 1892 2775 anno
1935 2721 2064 2788 567,

464 2817 634 2872 altera
675 2816 923 2873 Gratiani
961 2815 1028 2870 ad
1058 2817 1340 2881 Senatum,
1373 2816 1509 2870 lecta
1544 2814 1768 2869 Valente
1806 2830 1835 2866 ν
1881 2821 1934 2869 et
1963 2812 2066 2868 Va-

461 2910 762 2966 lentiniano
783 2923 954 2973 coss.,
983 2923 1126 2962 anno
1146 2908 1356 2962 scilicet
1393 2908 1521 2964 576.
1571 2908 1749 2963 Prima
1785 2907 1972 2981 jubet,
2010 2915 2069 2960 ut

463 3019 586 3059 eum
616 3013 898 3076 senatores
926 3012 1194 3057 vocantur
1235 3003 1286 3055 in
1317 2999 1549 3068 crimen,
1592 3016 1655 3056 ac
1678 3016 1837 3071 paena
1881 3000 2064 3069 aliqua

2170 377 2508 448 potissimum
2528 420 2542 444 ,
2575 378 2730 448 cujus
2759 378 2858 432 sub
2886 380 3055 434 oculis
3080 395 3166 434 res
3192 381 3492 452 agebantur,
3519 400 3618 440 eum
3643 389 3695 442 ti-

2170 480 2382 528 merent
2409 489 2475 527 nc
2501 489 2603 543 qua
2634 489 2820 528 rursus
2850 489 2917 528 ex
2966 475 3197 543 pessima
3225 475 3307 529 illa
3338 479 3699 548 conspiratione,

2171 567 2361 636 injuria
2397 566 2644 636 Damaso,
2676 578 2767 623 aut
2798 569 3178 624 ecclesiastica:
3207 572 3548 641 tranquillitati
3570 576 3702 630 detri-

2171 670 2409 715 mentum
2437 660 2753 738 accederet,
2783 661 3168 730 imperatorem
3194 668 3494 719 monendum
3521 681 3705 725 censue-

2172 761 2299 806 runt
2341 752 2409 808 de
2439 753 2674 824 antiquis
2702 753 2808 808 illis
2839 753 3086 809 factionis
3115 755 3405 811 Ursiniana:
3438 757 3703 829 fraudibus,

2174 855 2230 899 ut
2260 846 2546 900 Damasum
2587 863 2653 902 eo
2683 856 2842 918 pacto
2867 863 2935 903 ex
2969 849 3211 919 insidiis,
3241 865 3368 920 quas
3392 852 3550 908 cidem
3575 853 3707 910 forsi-

2173 944 2264 992 tan
2316 938 2351 992 ii
2403 941 2703 1009 parabant,
2732 940 3132 996 subtraherent.
3182 942 3291 998 Hae
3339 945 3446 1014 ipsa
3488 945 3612 1000 enim
3654 947 3708 1004 de

2173 1048 2334 1090 causa
2357 1076 2372 1097 ,
2401 1045 2560 1105 atque
2605 1047 2661 1090 ut
2692 1035 2834 1091 idem
2875 1038 3196 1094 Ambrosius
3221 1039 3293 1093 ait
3318 1080 3334 1107 ,
3359 1057 3455 1094 non
3483 1042 3625 1095 solum
3646 1046 3711 1111 fu-

2174 1134 2291 1179 tura
2322 1142 2614 1191 praecavens
2635 1170 2650 1195 ,
2684 1129 2774 1183 sed
2803 1131 3062 1200 prwterita
3083 1173 3097 1197 ,
3129 1148 3244 1202 qua:
3277 1131 3443 1187 Ursini
3479 1136 3714 1190 temeritate

2174 1230 2316 1287 gesta
2344 1223 2582 1288 fuerant,
2627 1222 3017 1291 perhorrescens
3039 1266 3053 1290 ,
3101 1224 3437 1296 Aquileiense
3473 1225 3715 1282 concilium

2175 1308 2488 1366 Gratianum
2523 1313 2698 1383 ipsum
2721 1317 3017 1387 rogandum
3049 1317 3241 1373 iterum
3263 1322 3495 1387 censuit,
3524 1337 3585 1376 ne
3613 1319 3718 1392 quid

2174 1403 2276 1458 sibi
2305 1420 2336 1459 e
2365 1405 2578 1461 turbido
2609 1407 2704 1461 illo
2745 1417 2801 1464 et
2853 1409 3146 1480 irrequieto
3184 1411 3358 1481 capite
3397 1412 3569 1482 obrepi
3594 1422 3721 1483 patec

2176 1509 2344 1554 retur.
2379 1501 2509 1569 Qua:
2541 1502 2786 1573 profecto
2832 1519 2952 1558 cum
2983 1504 3055 1559 ita
3103 1506 3249 1572 sint,
3277 1516 3386 1564 tum
3415 1507 3566 1577 liquet
3599 1523 3719 1562 eam-

2177 1592 2299 1647 dem
2335 1593 2388 1647 in
2430 1593 2674 1650 ltomano
2707 1595 2810 1651 hoc
2834 1639 2849 1663 ,
2880 1612 2943 1652 ac
2971 1597 3026 1652 in
3063 1597 3392 1668 Aquileiensi
3421 1600 3629 1655 concilio
3655 1616 3726 1656 ro-

2103 1693 2151 1752 B
2181 1696 2286 1739 tam
2333 1700 2602 1742 versatam
2642 1675 2796 1754 esse,
2829 1699 2939 1744 tum
2986 1691 3268 1762 perspicua
3324 1702 3405 1748 est
3448 1693 3607 1759 ratio,
3641 1707 3718 1748 cur

2177 1778 2478 1834 Romanum
2513 1781 2615 1835 hoc
2642 1782 2931 1838 cooeilium
2953 1825 2969 1850 ,
2998 1784 3223 1856 ejusque
3256 1785 3322 1840 ad
3347 1784 3634 1842 Gratianum
3656 1786 3727 1840 lit-

2176 1883 2321 1930 teras
2350 1876 2415 1929 ad
2441 1876 2585 1931 hunc
2611 1892 2810 1932 annum
2835 1879 3131 1934 retulerim.
3162 1879 3359 1936 Valens
3381 1882 3516 1935 enim
3541 1880 3729 1951 pseudo-

2174 1971 2462 2040 episc0pus
2509 1971 2958 2039 Pctavionensis,
2991 1990 3224 2044 quocum
3275 1975 3494 2031 Ursinus
3545 1975 3603 2030 ad
3642 1983 3732 2030 tur-

2172 2067 2401 2122 bandam
2452 2067 2712 2123 Ecclesia:
2763 2083 2946 2138 pacem
2999 2068 3177 2126 fiedns
3224 2071 3478 2135 iniverat,
3516 2068 3732 2124 Mediola-

2174 2177 2300 2217 num
2331 2161 2592 2218 accedere
2635 2163 2724 2217 vix
2756 2165 2929 2233 potuit
2959 2172 3085 2219 ante
3115 2180 3315 2220 annum
3347 2165 3449 2221 579
3468 2206 3482 2230 ,
3507 2163 3731 2236 siquidem

2171 2254 2365 2310 Gothis
2384 2297 2398 2319 ,
2426 2257 2516 2326 qui
2548 2265 2669 2326 post
2701 2256 2936 2312 Valentis
2963 2256 3171 2313 cladem
3201 2259 3255 2314 in
3285 2259 3547 2330 Illyricum
3567 2299 3582 2324 ,
3603 2268 3734 2327 atque

2171 2350 2238 2404 ad
2271 2351 2382 2418 ipsa
2417 2350 2584 2405 Italiae
2630 2351 2767 2405 ostia
2809 2362 3200 2422 proruperant,
3231 2369 3353 2410 sese
3391 2353 3656 2424 junxerat,
3685 2366 3735 2407 ac

2172 2443 2399 2514 patriam
2431 2459 2580 2500 suam
2613 2444 2958 2514 prodiderat,
3005 2445 3268 2503 inclinato
3314 2447 3424 2517 jam
3459 2463 3589 2502 anno
3629 2445 3730 2501 378.

2173 2535 2308 2590 Hinc
2353 2552 2485 2590 vero
2535 2537 2879 2592 tnauilestum
2906 2548 3019 2602 est,
3066 2537 3170 2594 hoc
3199 2540 3340 2596 idem
3377 2534 3736 2604 coneilium,si

2171 2643 2290 2683 eam
2332 2630 2725 2684 sceleratorum
2764 2630 3042 2685 hominum
3089 2632 3408 2689 societatem
3434 2675 3449 2699 ,
3477 2649 3590 2688 eum
3627 2630 3736 2686 scri-

2171 2719 2356 2784 beret,
2394 2737 2502 2789 prie
2530 2723 2703 2776 oculis
2732 2721 2938 2789 habuit,
2971 2723 3054 2778 vis
3079 2724 3190 2780 alio
3216 2741 3378 2796 quam
3409 2728 3506 2780 hoc
3528 2734 3737 2793 tempore

2167 2822 2550 2883 congregatum
2589 2813 2885 2869 existimari
2917 2831 3074 2884 posse
3108 2834 3121 2870 :
3151 2817 3351 2873 deinde
3383 2833 3512 2874 vero
3538 2817 3736 2887 colligo,

2167 2919 2291 2958 eum
2338 2905 2468 2959 viris
2515 2907 2848 2975 gravissimis
2892 2907 3221 2974 Sirinoudo,
3259 2919 3420 2982 atque
3467 2909 3736 2975 Harduino,

2170 2998 2266 3053 has
2318 3000 2462 3069 ipsas
2508 3001 2732 3056 Romani
2781 3004 2996 3058 concilii
3043 3003 3254 3061 litteras
3297 3005 3578 3062 Ambrosio
3611 3002 3740 3058 attri-

460 3098 674 3170 gravior
723 3095 1012 3167 intligenda
1057 3095 1122 3150 iis
1158 3094 1342 3160 fuerit,
1394 3096 1738 3163 imperatoris
1777 3093 2058 3148 arbitrium
2089 3091 2135 3155 C
2165 3092 2410 3147 buendas
2441 3109 2563 3149 esse
2584 3135 2598 3160 ,
2629 3094 2887 3165 quidquid
2921 3095 3026 3152 ΒΒ.
3058 3096 3364 3153 editoribus
3393 3098 3642 3163 videatur,
3661 3092 3737 3165 qui

461 3193 742 3264 praemissa
792 3193 1057 3248 relatione
1110 3193 1425 3261 exliloretur
1471 3193 1606 3247 God.
1657 3192 1760 3248 Th.
1814 3193 1852 3247 l.
1905 3209 1943 3248 Χ
1992 3192 2061 3248 de

459 3287 658 3356 Pam;
686 3288 926 3342 secunda
962 3303 1094 3342 vero
1127 3289 1335 3353 statuit,
1369 3297 1429 3344 ut
1454 3288 1717 3342 ordinarii
1740 3287 1950 3358 judices
1977 3288 2060 3344 in-

465 3380 716 3437 tendendi
760 3380 1024 3435 examinis
1062 3388 1118 3434 et
1161 3380 1520 3450 cognoscendi
1565 3380 1873 3437 criminales
1899 3396 2060 3437 sena-

461 3482 637 3528 torum
683 3488 872 3527 causas
913 3479 1231 3542 potestatein
1264 3473 1517 3537 habeant,
1555 3474 1649 3529 sed
1691 3475 1822 3528 nihil
1851 3475 1917 3531 de
1941 3475 2058 3530 aui-

459 3564 840 3619 madversione
887 3563 1204 3627 decernant,
1248 3576 1300 3619 et
1343 3565 1556 3634 integro
1599 3581 1847 3635 persona:
1888 3577 2055 3634 statu,

454 3667 548 3713 aut
572 3661 639 3711 ad
670 3659 1051 3726 imperatorem
1083 3655 1342 3724 referant,
1368 3665 1462 3711 aut
1488 3659 1557 3710 ad
1586 3659 1807 3728 inclytus
1828 3669 2057 3729 potesta-

454 3759 550 3815 tes,
583 3748 711 3804 Urbi
736 3750 948 3804 scilicet
968 3758 1025 3804 et
1057 3749 1310 3816 praetorio
1338 3749 1644 3817 praefectos,
1679 3749 1813 3804 Cod.
1839 3750 2048 3806 Theod.

450 3842 489 3896 l.
540 3857 633 3897 xui
679 3840 748 3897 de
797 3844 994 3897 Aecus.
1051 3841 1201 3896 llanc
1251 3847 1428 3912 itaque
1486 3853 1728 3912 putarem
1782 3845 2056 3912 respicere

451 3935 615 3989 verba
646 3933 755 4000 illa,
789 3949 909 4004 qua:
939 3933 1126 3999 retuli,
1162 3933 1340 4002 petius
1362 3950 1520 4004 quam
1552 3935 1816 4001 alterum;
1851 3936 2052 3992 Valeti-

451 4027 688 4082 tinianus
735 4027 880 4080 enim
923 4036 1074 4098 pater
1119 4026 1409 4082 ordinariis
1444 4028 1738 4098 judicibus,
1790 4045 1858 4086 ne
1911 4032 2050 4088 hanc

445 4123 662 4194 quidem
695 4122 996 4192 simplicem
1029 4122 1396 4192 cognitionem
1428 4123 1772 4200 permiserat,
1831 4133 1890 4180 ut
1917 4141 2051 4182 con-

444 4223 553 4273 stat
600 4234 667 4273 ex
717 4217 754 4272 l.
799 4232 836 4272 ιι
885 4216 1022 4272 God.
1061 4216 1266 4273 Theod.
1299 4217 1366 4272 de
1423 4217 1614 4272 Exhib.
1668 4220 1796 4274 reis.
1847 4219 2048 4288 Quam-

445 4316 632 4369 obrem
664 4314 919 4382 scriptam
948 4311 1193 4384 eportuit
1219 4311 1502 4381 epistolam
1544 4311 1682 4368 hane
1709 4328 1853 4367 anno
1882 4313 2044 4369 mini-

447 4423 595 4461 mum
627 4407 752 4462 “580.
789 4404 847 4461 Si
892 4407 1060 4470 enim,
1097 4415 1154 4460 ut
1196 4407 1288 4460 alii
1325 4416 1574 4473 censent,
1607 4422 1752 4462 anno
1796 4408 1898 4464 578
1929 4408 2045 4464 haec

2164 3201 2256 3241 eas
2281 3203 2347 3242 ex
2376 3203 2601 3257 operum
2631 3187 2875 3252 editione
2902 3204 3089 3246 eorum
3124 3207 3256 3246 cura
3285 3192 3540 3249 adornata
3564 3203 3740 3259 expun-

2165 3289 2362 3335 xcrunt
2389 3297 2404 3346 ;
2438 3289 2549 3336 tum
2595 3282 2720 3351 quia
2750 3281 2898 3337 illum
2927 3283 3107 3353 ipsum
3134 3285 3378 3341 adfuisse
3404 3285 3525 3341 huic
3549 3280 3739 3354 Synodo

2163 3373 2531 3444 probavimus,
2567 3385 2676 3429 tum
2706 3377 2829 3445 quia
2861 3377 3004 3433 idem
3036 3380 3320 3452 utriusque
3351 3380 3616 3450 epistolae,
3643 3377 3737 3432 Ro-

2162 3482 2337 3521 mana}
2363 3469 2566 3524 scilicet
2597 3480 2652 3526 et
2683 3471 3044 3541 Aquileiensis
3072 3515 3088 3541 ,
3134 3483 3189 3530 et
3215 3476 3391 3548 stylus
3419 3486 3501 3531 est
3539 3483 3592 3529 et
3634 3485 3740 3528 sco-

2162 3575 2281 3629 pus,
2316 3576 2379 3615 ac
2422 3563 2624 3618 eaedem
2671 3580 2810 3635 pene
2862 3565 3168 3622 sententitc.
3220 3567 3499 3624 SirmOndi
3543 3580 3660 3621 vero
3694 3570 3741 3618 et

2159 3651 2416 3708 Harduini
2443 3655 2702 3724 judicium
2735 3658 3127 3728 praeferendum
3155 3675 3283 3716 esse
3313 3674 3573 3731 praiterea
3597 3660 3741 3728 liquet

2158 3761 2228 3801 ex
2266 3745 2498 3802 llenrieo
2527 3748 2774 3816 (llerieo,
2804 3752 2892 3820 qui
2922 3753 2974 3806 iii
3003 3768 3135 3808 mss.
3169 3752 3422 3809 codicum
3454 3747 3737 3808 monasterii

2156 3837 2602 3896 Padnlivonensis
2637 3842 2907 3914 catalogo
2969 3847 3168 3900 siceulo
3224 3863 3284 3901 xi
3344 3847 3586 3903 confecto
3637 3855 3738 3898 eam

2155 3931 2445 3987 Ambrosio
2475 3934 2720 3989 attribuit
2748 3936 2860 4007 (ὁ),
2903 3952 3228 4008 quamquam
3286 3939 3487 3995 deinde
3526 3935 3737 4006 decipia-

2155 4034 2262 4092 tur,
2281 4041 2400 4080 cum
2417 4043 2482 4081 ex
2508 4027 3084 4098 Aquileiensieoncilio
3111 4032 3374 4102 scriptam
3391 4032 3738 4088 asseritzcum

2150 4119 2221 4174 ab
2250 4121 2351 4176 hoc
2379 4121 2624 4176 Romano
2652 4131 2928 4178 exaratam
2961 4126 3142 4195 potius
3168 4125 3342 4183 fuisse
3373 4128 3564 4198 probet
3587 4124 3736 4180 altera

2149 4214 2392 4284 ejusdem
2426 4217 2788 4287 Aquileiensis
2812 4219 3025 4274 concilii
3055 4221 3121 4275 ad
3151 4221 3476 4277 Gratianum
3501 4219 3737 4293 epistola,

2148 4323 2310 4378 quam
2356 4310 2517 4365 modo
2561 4310 2791 4366 indieavi
2822 4330 2836 4368 :
2871 4329 3047 4385 neque
3100 4315 3286 4384 enim,
3321 4333 3428 4371 una
3469 4318 3740 4383 eademque

2145 4403 2215 4459 de
2243 4421 2405 4461 causa
2429 4447 2442 4469 ,
2472 4406 2541 4461 ab
2572 4423 2676 4463 una
2706 4409 3001 4481 eademque
3031 4412 3242 4484 synodo
3267 4413 3336 4469 ad
3372 4430 3537 4468 unum
3563 4454 3579 4479 ,
3607 4424 3740 4468 eum-

443 4499 650 4567 scripta
691 4498 965 4562 credatur,
1019 4498 1106 4552 lex
1163 4499 1294 4564 illa,
1353 4515 1476 4569 quae
1527 4499 1747 4555 biennio
1801 4501 2038 4556 nonduin
2067 4488 2120 4550 Ῑ)
2146 4500 2378 4572 demque
2422 4502 2802 4572 imperatorem
2842 4507 3089 4577 geminas
3127 4523 3237 4564 uno
3269 4520 3519 4582 tempore
3551 4509 3741 4564 litteras

444 4591 628 4660 elapso
661 4589 929 4660 publicata
963 4604 1153 4644 recens
1187 4592 1366 4658 potius
1406 4605 1528 4645 esse
1555 4591 1862 4659 videbatur,
1897 4595 2039 4649 nulla

442 4699 668 4755 prorsus
708 4682 940 4750 ratione,
983 4682 1052 4737 ab
1094 4683 1378 4754 episcopis
1409 4682 1518 4742 illis
1555 4683 1748 4737 dudum
1781 4685 1889 4738 lata
1931 4685 2037 4741 diei

440 4785 672 4850 poterat.

507 4870 573 4925 ll.
600 4870 672 4925 At
696 4867 839 4924 enim
871 4868 956 4922 cui
982 4868 1124 4924 bono
1153 4867 1456 4923 Romanum
1489 4868 1590 4923 hoc
1615 4871 1903 4926 concilium
1936 4887 2034 4928 ve-

435 4974 579 5020 teres
610 4963 727 5017 illas
757 4961 1056 5031 calumnias
1101 4970 1153 5016 et
1185 4961 1408 5016 insidias
1430 4961 1686 5018 Gratiano
1709 4980 2035 5021 commemo-

431 5071 580 5114 ratas
627 5056 824 5111 voluit?
851 5054 1070 5123 Optimo
1120 5069 1253 5110 Sane
1283 5057 1621 5126 sapic-utique
1648 5059 1896 5113 consilio.
1933 5057 2035 5115 Ur-

428 5159 582 5216 sinus
609 5157 753 5213 enim
813 5171 874 5210 ac
905 5154 1102 5210 Valens
1129 5155 1558 5226 Petaviouensis,
1591 5173 1686 5225 per
1706 5174 1766 5212 ea
1792 5168 2034 5229 tempora

429 5250 485 5304 in
537 5249 759 5306 sceleris
809 5249 1122 5304 societatem
1174 5248 1457 5302 Mediolani
1512 5261 1918 5318 convenerant,
1971 5267 2035 5307 ac

428 5343 636 5398 occulta
666 5344 940 5415 agitabant
979 5340 1235 5406 consilia,
1261 5341 1454 5410 quibus
1488 5341 1738 5397 Ecclesia:
1787 5360 1884 5412 pax
1920 5353 2034 5400 tur-

430 5436 651 5490 baretur
678 5477 692 5502 ,
725 5436 866 5506 quod
897 5447 1080 5506 aperte
1111 5444 1322 5489 constat
1351 5450 1415 5488 ex
1448 5434 1640 5488 litteris
1669 5434 2032 5506 Aquileiensis

425 5529 638 5583 concilii
665 5528 730 5584 ad
759 5527 1006 5584 eumdem
1035 5527 1350 5584 Gratianum
1377 5542 1521 5582 anno
1541 5529 1844 5600 insequenti
1866 5532 2036 5603 scrip-

499 5704 574 5779 (a)
605 5704 726 5761 Vid.
752 5704 791 5760 ι.
821 5720 932 5760 xxx
960 5703 1026 5761 de
1053 5705 1197 5777 App.
1229 5703 1366 5762 God.
1399 5705 1502 5763 Th.

2145 4596 2378 4664 scriptas
2406 4611 2527 4652 esse
2553 4597 2901 4656 crediderim.

2215 4690 2304 4745 llI.
2356 4690 2509 4748 Nunc
2547 4693 2709 4748 redeo
2761 4694 2828 4748 ad
2860 4709 2956 4751 eos
2997 4697 3090 4766 qui
3117 4697 3412 4754 Damasum
3455 4698 3524 4755 de
3550 4694 3740 4751 adulte-

2142 4783 2224 4838 rio
2252 4783 2491 4839 delatum
2525 4792 2742 4855 putant,
2770 4787 2912 4857 quod
2940 4787 3230 4845 Gratianus
3259 4791 3576 4863 turpissimis
3599 4787 3738 4844 illum

2141 4875 2416 4931 calumniis
2447 4879 2747 4947 impetitum
2787 4879 2930 4935 dicat
2961 4880 3012 4935 in
3041 4882 3310 4952 rescripto
3339 4884 3411 4939 ad
3443 4882 3737 4952 Aquilinum

2144 4973 2422 5029 vicarium.
2457 4974 2536 5029 Ac
2566 4973 2611 5029 si
2641 4977 3030 5048 cujuscumque
3058 4979 3277 5049 generis
3308 4978 3597 5036 calumniae
3625 4989 3737 5047 per-

2144 5077 2308 5136 petuo
2337 5068 2662 5137 turpissimae
2691 5084 2787 5137 per
2810 5083 2870 5124 se
2898 5070 3029 5139 ipsze
3054 5085 3160 5126 non
3192 5072 3302 5127 sint
3325 5113 3342 5138 ,
3377 5091 3442 5130 ac
3465 5073 3639 5143 legum
3665 5069 3739 5122 in—

2139 5158 2302 5214 famia
2350 5175 2442 5214 eas
2493 5176 2600 5214 non
2628 5171 2908 5232 sequatur,
2938 5179 3046 5217 non
3091 5179 3192 5234 ego
3221 5174 3406 5221 tamen
3440 5159 3734 5225 contendo,

2138 5252 2265 5322 quin
2312 5251 2435 5307 huic
2479 5251 2717 5322 opinioni
2748 5253 2955 5323 pondus
2993 5254 3210 5326 aliquod
3238 5257 3492 5312 videatur
3517 5256 3737 5312 Anasta-

2136 5344 2251 5399 sius
2291 5345 2490 5400 addere
2516 5385 2531 5410 ,
2563 5346 2614 5400 in
2655 5346 2886 5403 Damaso
2919 5347 3035 5402 haec
3061 5350 3343 5408 scribens:
3378 5349 3486 5403 Hic
3511 5343 3735 5403 incrimi-

2136 5448 2290 5492 natus
2333 5437 2397 5492 de
2441 5439 2722 5503 adulterio,
2755 5451 2802 5494 et
2833 5444 2972 5514 [acta
2997 5445 3196 5514 synodo
3223 5453 3486 5518 purgatus
3512 5453 3587 5498 est
3614 5459 3643 5495 a
3669 5437 3734 5492 ιι

2135 5533 2418 5604 episcopis,
2447 5533 2538 5604 qui
2571 5534 2721 5589 etiam
2750 5535 3061 5592 damnarunt
3091 5536 3447 5594 Concordiam
3476 5548 3524 5594 et
3548 5533 3734 5592 Callis-

2209 5714 2286 5786 (b)
2309 5713 2598 5774 Montlauc.
2624 5717 2770 5776 Diar.
2797 5719 2914 5779 Ital.
2940 5738 2995 5796 p.
3024 5723 3117 5781 93.
