3950 6330
246 309 325 367 9.09

1572 304 2109 365 PROLEGOMENA.

3394 315 3502 372 210

243 437 325 480 non
354 427 590 481 diaconos
630 432 955 480 accusatores
992 432 1039 479 et
1081 424 1408 495 projecerunt
1442 423 1506 479 de
1536 422 1793 479 Ecclesia.
1824 427 1877 488 Α
1904 426 2080 481 oratio
2111 426 2308 482 iterum
2349 428 2712 483 convertenda
2752 437 2856 485 est.
2887 428 2941 485 Si
2974 429 3116 485 enim
3148 428 3291 485 hunc
3316 430 3471 487 audis
3492 473 3507 500 ,

241 522 294 574 At
316 519 357 573 in
384 519 756 576 describendis
782 517 979 573 Liberii
1005 558 1019 584 ,
1052 508 1250 573 Felicis
1276 527 1329 572 et
1362 517 1572 571 Damasi
1601 516 1766 586 gestis
1786 558 1799 581 ,

241 612 521 669 Anastasius
581 622 658 668 tot
714 612 991 668 erroribus
1041 623 1257 677 scatet,
1311 621 1567 681 tantaque
1622 627 1799 667 rerum

238 707 521 763 confusione
563 707 806 772 laborat,
836 716 893 761 ut
942 705 1084 760 nulla
1129 721 1349 775 prorsus
1387 714 1481 761 aut
1508 707 1695 776 exigua
1724 706 1799 760 illi

235 798 344 854 ﬁdes
384 798 569 853 haberi
624 799 827 867 possit,
863 798 962 851 nisi
994 806 1307 867 argumenta
1341 796 1557 851 aliunde
1602 810 1801 867 suppe-

235 902 341 948 tant.
388 893 589 949 Saltem
644 893 874 947 concilio
925 891 1046 957 illi,
1092 906 1201 960 quo
1250 900 1572 957 accusatus,
1600 900 1654 945 et
1699 889 1802 945 hoc

233 986 426 1040 crimine
473 993 726 1055 purgatus
772 984 1005 1048 dicitur,
1035 984 1237 1036 nullum
1287 983 1465 1037 lorum
1490 997 1611 1037 eSse
1640 997 1800 1051 posse

232 1087 323 1132 toto
347 1078 438 1132 illo
465 1077 717 1143 biennio,
747 1077 887 1147 quod
920 1077 990 1131 ab
1028 1076 1294 1131 electione
1332 1077 1398 1130 ad
1438 1076 1706 1131 celebrem
1738 1076 1803 1131 il-

231 1169 315 1223 lam
354 1169 619 1241 synodum
670 1183 813 1222 anno
874 1168 981 1223 ⁸569
1023 1176 1403 1238 congregatum
1456 1167 1797 1234 intercurrit,

227 1260 456 1332 quidquid
482 1260 730 1315 Baluzius
778 1269 1007 1325 asserat,
1055 1259 1164 1329 jam
1193 1259 1446 1313 vidimus.
1484 1259 1594 1330 Ego
1623 1260 1801 1329 itaque

228 1368 282 1408 ne
302 1368 483 1407 eorum
515 1354 604 1424 qui
635 1352 713 1406 sic
752 1359 998 1407 statuunt
1025 1352 1264 1421 opinioni
1294 1352 1567 1413 accedam,
1602 1352 1800 1421 duplici

227 1446 544 1516 potissimum
590 1448 801 1500 ratione
847 1445 1127 1509 adducor,
1157 1444 1377 1498 silentio
1426 1459 1618 1515 nempe
1664 1444 1801 1497 Mar-

227 1539 381 1594 cellini
417 1551 471 1593 et
519 1537 797 1603 Faustini,
831 1553 894 1593 ac
943 1538 1139 1593 litteris
1192 1538 1322 1606 ipsis
1367 1537 1596 1593 Romani
1644 1538 1803 1608 hujus

228 1633 436 1689 concilii.
466 1632 601 1687 Nam
650 1633 792 1703 quod
839 1632 906 1686 ad
957 1634 1187 1703 primum
1237 1632 1463 1696 attinet,
1494 1648 1559 1687 an
1589 1649 1719 1687 vero
1749 1633 1800 1687 hi

230 1726 500 1797 presbyteri
526 1768 541 1792 ,
572 1726 660 1795 qui
694 1724 862 1780 livore
903 1738 1063 1794 atque
1093 1725 1220 1779 odio
1275 1726 1499 1796 perciti,
1526 1742 1717 1781 omnes
1748 1728 1800 1781 in

1907 535 2026 575 cum
2077 521 2320 592 synodus
2372 521 2461 575 illa
2506 522 2792 578 Damasum
2838 524 3153 591 absolverit,
3185 523 3508 582 Christianas

1905 612 2183 668 charitatis
2210 614 2444 668 ol'lit-ium
2474 625 2585 681 est,
2623 624 2679 669 ut
2711 616 2857 669 illum
2890 616 3022 670 falso
3050 626 3358 670 accusatum
3387 632 3507 673 crc-

1904 708 2001 763 das
2032 725 2045 761 :
2086 716 2141 763 at
2183 711 2304 778 quia
2358 710 2444 762 vix
2474 709 2734 764 credibile
2754 752 2767 774 ,
2798 726 2918 766 esse
2952 712 3189 777 potuisse
3216 711 3352 766 adeo
3377 728 3506 783 per-

1902 800 2075 856 frictae
2101 801 2291 855 frontis
2314 801 2585 867 homines,
2609 803 2698 873 qui
2724 804 2895 856 dicam
2930 803 3074 857 illam
3108 814 3211 857 tam
3244 805 3500 872 grandem

1905 894 2148 949 Romano
2174 898 2428 965 episcono
2460 898 2757 967 impingere
2785 897 2899 949 ausi
2932 896 3058 957 sint,
3090 908 3142 951 et
3168 898 3217 950 in
3243 896 3502 965 judicium

1902 1005 2101 1046 vocare
2136 992 2507 1057 innocentem,
2539 1007 2601 1046 ac
2631 1000 2888 1058 pra-terea
2916 1006 3035 1045 cum
3071 991 3275 1046 nullum
3306 991 3374 1047 de
3414 1007 3507 1047 ca-

1904 1082 2317 1137 lumniatoribus
2384 1084 2490 1137 illis
2551 1084 2783 1154 capitale
2848 1072 3166 1151 supplicium
3231 1094 3503 1155 sumptum

1906 1173 2074 1231 fuisse
2100 1184 2346 1239 constet,
2376 1192 2462 1231 res
2490 1176 2665 1230 adhuc
2694 1178 2745 1229 in
2775 1176 2993 1247 ancipiti
3027 1178 3194 1245 posita
3220 1186 3341 1239 est,
3375 1178 3500 1233 tibi-

1903 1281 2031 1336 que,
2081 1284 2351 1339 anonymo
2386 1269 2588 1339 judice.
2623 1284 2781 1339 quam
2836 1270 3121 1331 malueris.
3175 1272 3501 1327 sententiam

1902 1360 2103 1429 eligere
2159 1360 2238 1415 fas
2279 1362 2402 1416 erit.
2448 1360 2610 1432 Pap.e
2633 1404 2646 1427 ,
2679 1378 2836 1433 quam
2885 1363 3080 1417 doctus
3106 1377 3163 1417 es
3185 1406 3197 1425 ,
3230 1381 3387 1433 quam
3419 1379 3507 1419 sa-
3582 1430 3589 1433 λ

1903 1450 2057 1521 piens
2087 1451 2400 1524 theologus,
2436 1469 2555 1507 cum
2592 1454 2705 1509 haec
2747 1459 3064 1525 pronuntias
3092 1459 3105 1509 !
3138 1456 3312 1511 Aliam
3346 1472 3508 1524 porro

1904 1546 2226 1597 sententiam
2274 1546 2343 1599 ab
2389 1546 2647 1615 Apostolo
2674 1546 2695 1601 Ι
2725 1546 2848 1602 Cor.
2885 1564 2999 1614 xm,
3031 1549 3325 1604 didiceram
3357 1566 3456 1621 ego
3488 1570 3501 1605 :

1904 1643 1961 1689 at
1990 1645 2044 1690 tu
2089 1638 2217 1691 mihi
2267 1641 2457 1707 p0tiori
2510 1641 2629 1695 loco
2674 1641 2930 1713 deinceps
2963 1642 3103 1709 eris,
3136 1650 3335 1712 tuoque
3367 1645 3507 1714 peri-

1905 1731 2027 1784 colo
2058 1733 2271 1786 credam
2295 1774 2308 1795 ,
2339 1749 2462 1788 cum
2495 1734 2562 1789 de
2594 1735 2818 1789 lioiiesta
2852 1735 3082 1805 proximi
3127 1737 3265 1790 fama
3307 1737 3505 1806 agitur,

230 1820 485 1875 Damasum
527 1818 772 1888 aliosque
811 1818 888 1872 illi
943 1818 1149 1873 similes
1192 1820 1477 1874 sanctitate
1518 1820 1800 1890 episcopos
1831 1829 1878 1887 B
1907 1825 2075 1893 magis
2115 1825 2297 1879 valere
2328 1842 2517 1894 posse,
2558 1828 2911 1882 obscurorum
2942 1828 3180 1898 aliquot,
3214 1827 3507 1898 viliumque

229 1912 496 1967 calumnias
538 1920 815 1974 evomunt,
849 1911 937 1981 qui
969 1926 1091 1965 eum
1139 1920 1399 1979 praeterea
1429 1919 1796 1966 matronarum

229 2004 569 2075 anriscalpium
632 2003 833 2058 dictum
884 2004 1049 2059 fuisse
1095 2004 1378 2070 scribunt,
1429 2005 1797 2074 turpissimum

229 2095 312 2151 hoc
336 2096 534 2151 crimen
566 2094 781 2150 silentio
808 2097 1220 2165 prmteriissent,
1245 2096 1291 2150 si
1312 2098 1430 2165 ejus
1461 2096 1658 2151 nedum
1684 2113 1799 2151 sus-

228 2199 419 2261 pectus,
469 2204 659 2245 verum
708 2188 868 2244 etiam
911 2206 1039 2245 reus
1079 2190 1222 2261 apud
1261 2190 1481 2247 Judices
1520 2190 1799 2246 traductus

226 2287 416 2343 fuerat?
1552 2272 1555 2274 I

281 2380 333 2436 lu
358 2381 550 2438 litteris
577 2398 707 2439 vero
741 2381 967 2437 Romani
997 2380 1214 2435 concilii
1248 2395 1353 2434 non
1394 2379 1539 2435 aliud
1572 2379 1800 2436 Damaso

219 2468 406 2531 crimen
453 2493 515 2532 ex
558 2487 711 2547 parte
750 2484 1127 2532 accusatorum
1176 2473 1480 2543 afﬁngitur,
1514 2489 1674 2544 quam
1706 2490 1803 2543 pu-

216 2568 369 2625 blicas
400 2571 543 2641 leges
586 2573 765 2640 ipsum
791 2570 1059 2634 violasse,
1087 2578 1143 2622 ut
1173 2583 1239 2622 ex
1280 2567 1365 2622 his
1406 2583 1590 2622 earum
1623 2567 1803 2623 verbis

214 2672 446 2717 constat:
474 2662 616 2717 Nam
658 2664 797 2734 quod
826 2663 894 2717 ad
938 2663 1167 2734 publicas
1214 2662 1350 2732 leges
1401 2662 1648 2731 pertinet,
1690 2677 1804 2730 qua:

211 2764 365 2824 potest
390 2771 498 2809 esse
527 2757 631 2810 vita
660 2755 931 2820 munitior,
965 2770 1118 2824 quam
1161 2763 1331 2807 vestra
1374 2753 1674 2825 prudentia,
1705 2769 1806 2820 qua

206 2847 459 2911 innititur,
472 2849 714 2922 judicata
732 2849 758 2903 Ρ
778 2849 823 2903 si
851 2864 980 2903 vero
1010 2848 1188 2901 nullus
1213 2853 1407 2917 praeter
1429 2848 1768 2901 necessarios
1784 2892 1798 2914 ,

204 2945 588 3015 proximosque
636 2959 893 2999 accusare
936 2944 1218 2998 adulteros
1266 2953 1475 3013 poterat
1526 2941 1640 3015 (a),
1692 2952 1802 2996 tum

204 3035 347 3088 nulla
390 3048 472 3091 est
502 3037 673 3101 ratio,
704 3051 801 3091 cur
845 3035 1030 3091 Isaaco
1054 3034 1235 3105 juda-o
1256 3077 1269 3097 ,
1305 3036 1609 3105 uulliusque
1638 3036 1809 3089 nomi-

202 3128 290 3182 nis
317 3144 376 3183 ac
402 3129 731 3184 conditionis
760 3129 961 3184 homini
987 3170 1002 3195 ,
1030 3130 1131 3182 hoc
1152 3127 1370 3183 licuisse
1391 3141 1668 3199 paternus,
1694 3140 1805 3184 tum

1904 1929 1967 1969 ac
1998 1915 2200 1970 nullius
2252 1918 2405 1986 pretii
2439 1918 2714 1972 hominum
2748 1919 3049 1985 audaciam,
3074 1935 3234 1988 quam
3267 1920 3512 1990 diligenti

1904 2007 2259 2076 plurimorum
2303 2013 2785 2081 gravissimorum,
2815 2029 2877 2068 ac
2922 2014 3385 2069 sanctissimornm
3426 2014 3510 2068 vi-

1904 2117 2085 2156 rorum
2130 2104 2332 2173 judicio
2382 2107 2758 2161 confirmatam
2809 2109 3153 2162 sententiam.
3186 2108 3390 2163 Vereor
3425 2115 3510 2161 ta-

1907 2211 2029 2249 men
2064 2212 2131 2251 ne
2156 2212 2277 2251 cum
2304 2197 2422 2253 ha-c
2450 2199 2646 2253 seribis
2678 2199 2932 2254 lectorem
2957 2208 3106 2253 tuum
3139 2201 3325 2254 fallere
3347 2200 3502 2255 velis.

1905 2286 2183 2356 Siquidem
2217 2297 2271 2342 tu
2304 2291 2525 2344 minime
2558 2293 2795 2361 ignoras,
2826 2306 2985 2345 unam
3012 2291 3191 2356 illam,
3221 2307 3379 2361 quam
3411 2306 3507 2360 pro

1906 2389 1995 2436 tua
2021 2382 2276 2450 opinione
2323 2384 2756 2453 comprobanda,
2789 2387 3053 2439 rationem
3102 2384 3292 2450 aliers,
3328 2384 3510 2440 falsis-

1906 2475 2096 2528 simam
2130 2491 2251 2531 esse
2272 2519 2286 2542 ,
2319 2492 2382 2532 ac
2408 2477 2630 2532 minime
2660 2478 2824 2532 licere
2852 2478 3129 2543 Ecclesim,
3154 2479 3510 2534 calumniato-

1905 2585 1991 2624 res
2019 2584 2148 2624 suus
2177 2571 2227 2624 iu
2260 2571 2505 2625 saeculari
2540 2571 2653 2625 foro
2681 2571 2745 2625 ad
2777 2587 2990 2641 poenam
3027 2575 3270 2641 persequi
3291 2615 3304 2635 ,
3334 2588 3397 2627 ac
3424 2587 3511 2627 sa-

1907 2664 2185 2718 cerdotum
2217 2664 2531 2735 religionem
2559 2707 2574 2731 ,
2607 2676 2663 2718 ut
2689 2665 2834 2719 aiunt
2868 2665 3025 2734 hujus
3056 2665 3271 2721 concilii
3298 2666 3506 2735 Patres,

1908 2764 2172 2810 tormenta
2223 2757 2540 2812 abhorrere.
2584 2754 2852 2834 Caeterum
2897 2757 2996 2811 hac
3040 2773 3139 2828 ego
3166 2767 3219 2812 te
3251 2757 3513 2811 Sollicitu-

1908 2847 2035 2905 dine
2108 2851 2332 2905 liberum
2370 2851 2628 2920 deinceps
2668 2867 2791 2907 esse
2827 2851 3012 2921 jubeo.
3071 2851 3349 2922 Siquidem
3385 2852 3508 2906 titil-

1908 2940 2013 2996 lam
2043 2957 2167 2998 esse
2209 2944 2478 3015 synodum
2528 2960 2716 2999 assero
2740 2987 2755 3010 ,
2788 2945 2839 2999 in
2881 2960 2987 3015 qua
3028 2946 3285 3001 Damastis
3312 2945 3377 3000 de
3409 2943 3511 3000 hoc

1909 3036 2139 3092 crimine
2169 3044 2261 3089 aut
2286 3047 2570 3092 accosatus
2600 3047 2691 3091 aut
2714 3038 2974 3091 innocens
3002 3038 3378 3106 pronuntiatus
3402 3037 3512 3091 fue-

1910 3130 2015 3192 rit,
2050 3129 2309 3200 nulloque
2358 3139 2450 3182 aut
2494 3129 2643 3200 gravi
2692 3139 2951 3193 auctore,
2980 3139 3073 3181 aut
3120 3129 3289 3183 solida
3333 3128 3511 3197 aliqua

200 3231 463 3290 praeterea
512 3222 660 3277 aliud
692 3222 858 3278 fuisse
884 3223 1089 3278 crimen
1121 3232 1331 3291 Oportet
1362 3262 1376 3287 ,
1406 3238 1513 3292 quo
1544 3223 1805 3277 Damasus
1832 3220 1876 3283 C
1909 3222 2221 3291 conjectura
2275 3223 2369 3277 niti
2392 3265 2406 3287 ,
2438 3223 2527 3291 qui
2578 3237 2735 3276 secus
2779 3230 3025 3277 censent.
3072 3220 3138 3274 Je
3166 3237 3230 3274 ne
3271 3222 3406 3285 suis,
3439 3221 3513 3274 ait

200 3314 255 3369 in
285 3316 418 3387 leges
447 3317 680 3387 publicas
721 3331 977 3387 peccasse
1006 3316 1300 3387 ﬁngeretur
1319 3356 1333 3378 ,
1364 3324 1421 3369 ut
1446 3314 1514 3368 ab
1548 3331 1613 3371 eo
1641 3316 1806 3371 verbo

200 3412 445 3465 accusari
478 3421 693 3482 posset;
721 3410 867 3466 aliud
896 3425 1025 3466 vero
1051 3412 1257 3465 nullum
1290 3425 1391 3481 ego
1425 3409 1578 3464 video
1598 3452 1613 3477 ,
1645 3426 1805 3480 quam

200 3502 266 3555 de
295 3504 347 3557 vi
375 3504 579 3574 publica
602 3546 617 3571 ,
655 3505 724 3560 ob
750 3504 992 3574 dejectos
1039 3504 1247 3574 pridem
1298 3518 1328 3556 τι
1383 3503 1664 3557 Liberiana
1686 3544 1701 3567 ,
1755 3513 1807 3557 et

202 3594 261 3651 S.
280 3599 503 3668 Agnetis
517 3599 735 3654 basilica
752 3598 1070 3654 Ursinianos
1088 3607 1431 3668 patratasqne
1444 3612 1511 3651 ea
1522 3595 1809 3650 occasione

198 3689 382 3745 caedes
407 3734 421 3757 ,
450 3702 505 3746 ut
538 3691 652 3747 dixi
682 3710 694 3745 :
725 3693 809 3746 cui
842 3690 1058 3761 quidem
1102 3690 1300 3744 delicto
1328 3705 1448 3743 cum
1484 3704 1637 3758 ptena
1665 3690 1806 3758 capi-

202 3781 272 3835 tis
296 3794 493 3839 statuta
524 3784 696 3850 foret,
729 3784 851 3840 ideo
879 3784 1140 3853 praesules
1183 3782 1496 3853 congregati
1526 3782 1766 3837 scribunt
1794 3825 1807 3849 ,

205 3874 277 3928 ab
304 3874 484 3932 lsaaco
529 3876 767 3933 factione
805 3876 983 3932 Ursini
1031 3876 1356 3941 subornato,
1395 3892 1489 3931 eos
1518 3877 1811 3930 instructos

206 3966 398 4035 dolos,
427 3972 557 4027 olim
598 3972 827 4036 scilicet,
856 3971 1053 4043 quibus
1080 3973 1244 4025 sancti
1275 3972 1455 4041 fratris
1484 3970 1697 4025 Damasi
1722 3988 1809 4041 pe-

208 4068 400 4118 teretur
423 4076 594 4137 caput.
626 4066 761 4121 Hinc
790 4082 919 4121 vero
957 4065 1152 4121 laetum
1176 4044 1341 4135 puto,
1377 4075 1434 4118 ut
1468 4064 1810 4121 Schismatici

208 4170 399 4214 contra
440 4162 821 4233 Symmachum
848 4204 863 4228 ,
894 4177 1069 4229 neque
1096 4162 1328 4226 Damasi,
1371 4178 1545 4231 neque
1578 4162 1711 4217 Sixti
1744 4162 1813 4217 ΙΙΙ

209 4255 458 4324 exemplo
477 4264 781 4315 uterentur.
811 4265 869 4309 ut
896 4271 1018 4310 eum
1044 4255 1349 4324 pontilicem
1382 4256 1589 4327 synodo
1617 4256 1812 4311 adesse

211 4357 825 4417 erigerent,quamquam
848 4346 915 4401 de
939 4346 1099 4400 simili
1125 4346 1485 4411 accusatione,
1512 4347 1811 4416 eodemque

213 4435 281 4491 de
311 4441 534 4496 crimine
574 4441 784 4495 scilicet
828 4439 1081 4494 adulterii
1113 4450 1364 4510 ageretur
1386 4484 1400 4507 ,
1432 4449 1593 4509 atque
1625 4440 1728 4494 alia
1756 4440 1810 4494 in

217 4544 338 4585 cum
374 4534 526 4588 linem
578 4534 826 4603 exempla
875 4533 1202 4604 allegareut;
1243 4548 1415 4602 neque
1460 4534 1603 4585 enim
1635 4532 1812 4587 credi-

217 4620 324 4678 bile
354 4638 432 4681 cst
462 4643 549 4682 res
578 4638 791 4689 tantas,
825 4628 1035 4698 publice
1062 4636 1248 4692 actas,
1279 4641 1341 4681 ac
1385 4643 1503 4695 quae
1530 4626 1808 4683 hominum
1838 4614 1887 4673 D
1917 4613 2010 4669 lie"
2035 4632 2165 4688 pour
2192 4620 2299 4673 étre
2326 4619 2476 4686 punis
2517 4618 2659 4672 selon
2692 4628 2828 4672 laute
2868 4619 2919 4672 la
2962 4620 3169 4693 rigueur
3195 4620 3281 4672 des
3307 4620 3403 4673 lois
3432 4636 3519 4673 το·
3608 4674 3617 4681 .

220 4722 526 4775 memoriam
568 4724 657 4775 vix
694 4734 1078 4788 excesserant,
1108 4719 1417 4791 Symmachi
1446 4720 1687 4791 ejusdem
1719 4721 1814 4777 ud-

219 4814 478 4868 versarios
506 4815 678 4869 latere
708 4816 968 4885 potuisse.

291 4904 414 4960 llaec
448 4918 626 4963 autem
651 4923 773 4962 cum
803 4910 874 4961 ita
906 4906 1044 4972 sint,
1077 4907 1303 4977 quisque
1333 4905 1490 4963 facile
1516 4906 1813 4976 dijudicare

220 5003 433 5068 poterit,
463 5013 661 5072 quanta
690 5018 751 5058 se
780 5002 969 5072 prodat
1000 5003 1051 5056 in
1075 5000 1343 5057 Jannonio
1374 5003 1690 5063 oscitantia.
1718 5016 1813 5056 seu

202 5099 396 5164 potius
422 5101 632 5157 inscitia
660 5142 676 5165 ,
708 5116 829 5155 cum
854 5098 1040 5154 scribit
1067 5108 1305 5169 rogatum
1332 5098 1394 5151 ab
1421 5096 1595 5152 Italite
1621 5099 1818 5169 episco-

220 5189 297 5260 pis
323 5190 629 5247 Gratianum
653 5235 669 5257 ,
696 5202 750 5245 ut
804 5192 1021 5245 Damasi
1045 5233 1059 5258 ,
1092 5207 1240 5262 quem
1267 5191 1369 5261 ipsi
1414 5197 1780 5244 accusaverant
1800 5232 1814 5255 ,

221 5295 396 5337 causas
435 5285 549 5356 ipse
595 5293 966 5355 cognosceret.
1000 5282 1107 5339 Sed
1155 5298 1242 5350 eo,
1270 5297 1431 5353 quem
1458 5298 1579 5336 cum
1614 5283 1818 5352 magis-

224 5383 303 5432 tro
322 5395 419 5436 suo
447 5381 678 5452 Dupinio
704 5380 918 5451 egregie
947 5377 1266 5449 castigatum
1302 5376 1448 5431 dedit
1478 5376 1540 5430 P.
1583 5377 1819 5433 Joannes

223 5472 483 5531 Antonius
526 5476 758 5531 Blancus
785 5473 863 5547 (b)
896 5489 1038 5528 nunc
1082 5474 1285 5527 omisso
1305 5513 1320 5537 ,
1347 5472 1414 5525 ad
1444 5486 1775 5539 anonymum
1800 5513 1813 5535 ,

223 5568 311 5636 qui
338 5586 530 5642 anceps
559 5580 676 5635 est,
706 5586 772 5625 an
801 5568 1201 5624 sanctissimum
1233 5566 1380 5621 illum
1416 5566 1723 5637 poutilicem
1750 5566 1818 5619 ab

226 5658 325 5718 hoc
354 5668 491 5736 turpi
544 5666 775 5721 crimine
826 5665 1047 5718 missum
1078 5662 1275 5727 faciat,
1305 5676 1372 5713 an
1404 5676 1533 5714 vero
1563 5659 1817 5726 damnet,

228 5781 530 5910 “(’(‘tttzogodt
564 5782 773 5837 Theod.
814 5781 938 5847 l.1t,
988 5777 1055 5834 ad
1106 5778 1143 5833 1.
1195 5777 1302 5833 Jul.
1356 5775 1425 5832 de
1453 5775 1658 5843 Adult.,
1690 5775 1821 5845 ibiq.

1859 5876 1867 5885 ο

1914 3316 2002 3369 ille
2022 3316 2111 3387 (ι’),
2130 3333 2185 3369 ce
2201 3316 2325 3387 qu’il
2356 3319 2464 3387 [aut
2492 3318 2657 3370 croire
2683 3317 2744 3369 tle
2773 3316 3105 3369 l‘accusation
3125 3315 3406 3369 d‘adultére
3431 3316 3512 3367 in-

1911 3412 2073 3463 tentée
2115 3426 2182 3461 au
2230 3426 2360 3478 pape
2389 3409 2631 3463 Damase.
2684 3409 2899 3462 Avait-il
2930 3408 3102 3461 donné
3125 3399 3228 3461 lieu
3256 3408 3288 3461 ὰ
3313 3415 3390 3461 cet
3430 3406 3513 3475 af-

1910 3504 2064 3573 {reuas
2092 3502 2337 3556 scandale
2359 3503 2383 3555 ?
2416 3504 2498 3556 Uu
2530 3504 2788 3556 n‘était—ce
2814 3503 2996 3572 qu’une
3016 3503 3198 3556 malice
3219 3501 3283 3555 de
3301 3501 3515 3571 quelque

1911 3595 2141 3663 partisan
2171 3593 2386 3648 d’Ursin
2408 3595 2431 3647 ?
2454 3598 2513 3668 je
2564 3611 2717 3664 pense
2763 3595 2915 3665 qn’on
2942 3610 3003 3647 ne
3048 3595 3245 3648 saurait
3292 3611 3411 3648 satis
3439 3596 3512 3647 ρέ-

1914 3689 2091 3742 mérité
2137 3704 2425 3753 prononcer
2454 3705 2543 3742 sur
2590 3705 2645 3741 ce
2692 3689 2817 3759 fait,
2854 3688 3074 3758 quoique
3120 3686 3179 3742 S.
3209 3686 3416 3741 Jérome
3442 3687 3515 3740 ait

1912 3778 1987 3832 dit
2030 3780 2093 3833 de
2145 3796 2201 3833 ce
2248 3796 2380 3849 pape
2426 3780 2551 3850 qu’il
2579 3781 2635 3849 ﬁt
2683 3781 2972 3847 profession
3019 3781 3169 3833 d’une
3216 3781 3513 3835 continence

1912 3872 2170 3941 parfaite,
2199 3880 2244 3924 et
2294 3872 2421 3941 qu‘il
2469 3872 2520 3925 la
2567 3870 3165 3942 gardainviolablentent
3201 3871 3417 3943 jusqu’t‘z
3465 3871 3517 3925 la

1912 3974 2067 4018 mort.
2101 3964 2178 4017 La
2216 3967 2415 4019 cltarité
2454 3982 2582 4019 nous
2611 3965 2776 4034 oblige
2802 3967 2833 4018 ὰ
2885 3965 3049 4018 croire
3084 3981 3182 4034 que
3229 3966 3276 4018 le
3323 3966 3517 4034 synode

1911 4061 2001 4131 qui
2031 4061 2240 4129 justiﬁa
2271 4058 2501 4134 Duntase
2552 4060 2617 4114 de
2660 4071 2788 4114 cette
2828 4060 3125 4114 accnsation
3172 4068 3382 4125 atroce,
3410 4060 3518 4129 agit

1911 4170 2030 4208 avec
2056 4154 2224 4225 équité
2250 4164 2299 4207 et
2328 4171 2389 4208 ne
2420 4155 2476 4224 [it
2503 4170 2597 4220 que
2631 4154 2703 4206 lui
2733 4154 2916 4207 rendre
2932 4155 3122 4223 justice
3140 4170 3157 4218 ;
3176 4154 3307 4207 mnis
3328 4169 3382 4206 se
3401 4167 3518 4223 per-

1910 4244 2278 4299 suadere-t-on
2327 4246 2572 4299 aisément
2610 4245 2735 4314 qu’il
2784 4261 2837 4297 se
2886 4246 2987 4299 soit
3030 4248 3206 4297 ttouvé
3258 4245 3344 4297 des
3392 4260 3516 4315 gens

1913 4354 2056 4391 asses
2088 4338 2332 4404 e/7'rontés
2372 4356 2504 4409 pour
2541 4339 2819 4392 calomnier
2848 4355 2914 4391 nn
2940 4356 3070 4407 pape
3098 4354 3219 4391 avec
3246 4348 3351 4391 tant
3378 4338 3515 4391 d‘in-

1912 4430 2155 4484 solence?
2182 4430 2247 4484 Et
2277 4434 2386 4484 leur
2415 4433 2696 4499 imposture
2726 4432 2864 4483 étant
2908 4432 3105 4496 arérée,
3149 4447 3342 4484 comme
3378 4447 3442 4484 on
3473 4430 3521 4485 le

1913 4539 2157 4593 suppose,
2190 4525 2445 4595 pourquoi
2474 4542 2536 4578 ne
2558 4525 2819 4592 [urenl-ils
2852 4542 2943 4594 pas
2969 4526 3116 4579 livrés
3140 4542 3207 4579 au
3232 4525 3350 4578 bras
3374 4528 3520 4580 secu-

1915 4710 2108 4762 ntaines
2157 4720 2330 4764 contre
2375 4710 2449 4764 les
2494 4711 2884 4764 calomniatettrs
2911 4711 3147 4782 publics?
3175 4708 3240 4764 Je
3268 4712 3422 4764 borne
3448 4712 3518 4764 ici

1921 4824 2026 4861 mes
2053 4808 2329 4877 réﬂexions
2364 4824 2382 4862 :
2406 4808 2446 4862 il
2475 4818 2549 4862 est
2579 4807 2802 4875 {dc/seua:
2827 4808 2889 4861 de
2914 4809 3043 4878 [aire
3062 4809 3220 4861 sentir
3248 4810 3399 4875 qu‘on
3446 4817 3521 4860 est

1919 4919 2064 4956 asses
2098 4902 2255 4973 [unde
2302 4902 2333 4955 ἱι
2363 4905 2522 4975 juger
2548 4903 2654 4956 mal
2679 4903 2743 4956 tle
2774 4905 2824 4956 la
2850 4911 2995 4957 vertit
3020 4903 3141 4957 d'un
3170 4902 3333 4973 prélat
3353 4942 3368 4970 ,
3398 4900 3525 4956 dant

1921 4994 2134 5064 l’Eglise
2163 4995 2360 5052 honore
2388 4998 2440 5050 la
2462 4998 2723 5052 mémoire.

2501 5208 2730 5267 CAPUT
2776 5209 2946 5267 XVII.

1924 5372 1965 5430 Ι.
2008 5372 2263 5427 Damasus
2300 5372 2504 5427 irritam
2549 5373 2848 5443 pronuntiat
2890 5371 3264 5426 ordinationem
3310 5369 3526 5425 Maximi

2000 5472 2179 5545 Cynici
2205 5515 2218 5537 ,
2245 5473 2447 5542 scriptis
2478 5472 2659 5527 litteris
2687 5472 2755 5526 ad
2796 5470 3066 5526 Acltolium
3106 5467 3529 5523 Thessalonicen-

2001 5585 2126 5633 sem,
2156 5584 2269 5638 qnte
2313 5567 2675 5639 expenduntur
2727 5575 2773 5619 et
2808 5564 3153 5618 illustrantur.
3193 5561 3255 5617 11.
3292 5560 3371 5616 De
3393 5564 3529 5616 vica-

2002 5662 2138 5715 riatu
2216 5658 2258 5713 Τ
2262 5659 2679 5714 hessalonicensi.
2743 5655 2828 5709 ill.
2886 5654 2966 5709 Αη
3014 5653 3275 5710 Damasus
3328 5665 3527 5710 mutata

2004 5773 2081 5847 (b)
2107 5775 2263 5847 Tom.
2296 5773 2384 5839 IV,
2414 5774 2517 5847 lib.
2541 5789 2599 5837 ιι,
2629 5773 2831 5847 eam},
2861 5770 2890 5842 ς
2920 5772 2972 5826 7.

2008 5832 2077 5917 lc)
2105 5844 2163 5901 ltt
2194 5832 2408 5913 Damus.
2442 5832 2653 5915 Vit.,'p.
2690 5832 2815 5897 155.
