3950 6330
494 313 592 368 211

1652 317 1968 380 SANCTUS
2005 316 2333 382 caussas
2369 319 2570 377 ιιΑΡΑ.
3635 334 3724 390 ιιι
3779 303 3781 306 ⁴

566 425 750 482 deinde
783 428 1067 494 sententia,
1097 428 1327 500 ejusdem
1351 425 1530 500 Cynici
1557 431 1934 490 ordinationem
1979 448 2098 488 cum
2121 433 2178 496 Α
2202 435 2342 493 uarii
2395 450 2700 494 recensere.
2753 438 2824 496 Δι
2847 440 2996 495 ‘cum
3043 438 3222 494 nullus
3262 455 3436 498 eorum
3465 453 3724 517 temporum

567 520 752 576 Italico
779 520 1002 596 quodam
1027 519 1264 577 concilio
1283 521 1573 592 defenderit
1589 523 1615 577 Σ)

568 611 609 666 l.
666 613 799 668 Cum
833 613 890 670 S.
945 613 1236 683 Gregorius
1283 613 1694 680 N-ziauzenus,
1737 613 1898 687 quem
1947 631 2094 674 anno

499 707 686 778 elapso
744 706 936 762 saltem
970 706 1193 761 ineunte
1223 705 1748 778 Constantinopolim
1803 710 2098 766 accessisse

497 802 763 867 diximus,
799 817 917 856 eam
951 801 1252 857 Ecclesiam
1281 817 1380 874 pro
1410 804 1666 872 episcopo
1694 803 2100 858 administraret

496 909 690 968 magno
744 894 1022 966 religionis
1069 895 1234 962 bono,
1281 909 1468 964 parum
1497 894 1668 950 abfuit
1696 896 1824 962 qttin
1855 895 2100 952 Ecclesia

497 987 609 1058 ipsa
638 997 800 1060 atque
832 987 977 1044 Urbe
1015 989 1398 1043 exturbaretur
1427 986 1614 1044 fraude
1643 985 1860 1042 Maximi
1890 987 2095 1062 Cynici.

495 1079 605 1136 Res
634 1095 756 1135 cum
800 1081 933 1154 ipsis
982 1083 1148 1137 etiam
1187 1079 1398 1152 cognita
1431 1085 1522 1146 sit,
1570 1081 1660 1151 qui
1701 1080 2100 1136 ecclesiasticas

498 1173 756 1230 historias
803 1175 1029 1232 summis
1072 1183 1278 1230 tantum
1308 1175 1461 1230 labiis
1488 1174 1860 1246 degustarunt,
1905 1189 1967 1230 ea
1999 1187 2101 1242 ego

499 1267 780 1323 dumtaxat
817 1268 1058 1340 ‘eligam,
1092 1284 1213 1340 quae
1257 1269 1324 1324 ad
1368 1270 1652 1324 Damasum
1699 1270 1991 1339 pertinent.
2049 1268 2100 1326 is

497 1361 676 1431 itaque
705 1362 1046 1417 ambitiosam
1077 1372 1243 1434 atque
1297 1362 1632 1433 illegitimam
1658 1360 1843 1432 Cynici
1877 1362 2101 1418 ordina-

499 1456 698 1510 tionem
728 1455 936 1516 irritam
965 1455 1338 1524 denuntiavit,
1364 1455 1488 1511 data
1513 1455 1616 1511 hoc
1654 1471 1798 1511 anno
1829 1456 1894 1512 ad
1924 1455 2103 1514 Acho—

497 1548 629 1603 lium
660 1548 1233 1620 Thessalonicensem,
1261 1551 1598 1618 Euridicum,
1646 1549 1932 1620 Severum,
1964 1552 2104 1610 Ura-

495 1641 678 1708 nium,
707 1640 1014 1712 Philippum
1047 1651 1101 1698 et
1139 1642 1403 1699 Joannem
1449 1644 1765 1718 gravissima
1802 1656 1962 1718 atque
1990 1645 2104 1702 ele—

498 1732 809 1804 gantissima
843 1731 937 1787 illa
967 1733 1220 1803 epistola,
1245 1750 1404 1806 quam
1429 1734 1570 1790 inter
1593 1735 1814 1801 multas,
1838 1751 1972 1806 quas
2003 1737 2104 1792 Da-

2201 528 2455 599 scriptor,
2499 545 2568 585 ne
2611 529 2876 602 Gregorio
2929 531 3148 601 quidem
3179 533 3496 592 Nazianzeno
3518 552 3724 611 excepto,

2199 620 2288 689 qui
2325 619 2475 674 illum
2527 621 2772 692 profecto
2825 623 3026 692 optime
3057 637 3299 692 noverat,
3347 626 3474 683 hanc
3495 629 3562 685 illi
3585 632 3728 690 dicam

2202 710 2573 782 inscripserit,
2619 729 2812 769 vereor
2840 730 2941 784 ego
2991 731 3057 770 ne
3101 716 3240 772 forte
3266 717 3626 788 Theodoretus,
3652 740 3730 779 no-

2201 803 2344 858 mine
2371 803 2654 874 dt-ceptus,
2711 807 3004 863 Maximum
3038 825 3199 862 untuu
3229 826 3322 878 pro
3359 811 3458 866 alio
3483 818 3730 884 acceperit,

2201 891 2348 950 illuni
2381 899 2735 964 posteriorem
2765 899 2992 962 scilicet,
3025 902 3112 971 qui
3149 911 3267 970 post
3295 901 3599 970 Ephesinum
3628 921 3735 962 ωιις-

2201 987 2406 1054 cilium,
2433 999 2593 1059 atque
2632 988 2816 1045 initam
2847 1005 2967 1047 cum
2995 990 3200 1063 Cyrillo
3222 993 3550 1052 concordiam
3579 995 3736 1054 habitu

2204 1080 2453 1136 monachi
2499 1081 2720 1138 indutus
2749 1124 2764 1148 ,
2816 1092 2872 1140 et
2926 1083 3237 1154 Apollinarii
3281 1101 3444 1141 errore
3487 1091 3679 1158 favens,
3713 1103 3738 1145 a

2202 1173 2409 1230 Joanne
2431 1175 2777 1232 Antiocheno
2801 1177 2996 1232 missus
3029 1195 3124 1247 per
3154 1177 3424 1236 Orientem
3447 1180 3624 1235 dicitur
3641 1195 3740 1237 cunt

2203 1268 2552 1342 imperialibus
2593 1269 2798 1336 litteris,
2827 1280 2880 1326 et
2909 1273 3179 1341 praeceptis
3209 1272 3554 1342 prefecloriis,
3589 1283 3638 1328 ut
3657 1272 3744 1328 lul-

2201 1361 2330 1418 resis
2357 1362 2658 1432 languorem
2687 1362 3095 1430 disseminaret,
3121 1374 3285 1436 atque
3321 1363 3588 1422 anathema
3608 1364 3745 1423 ferret

2204 1453 2463 1510 adversus
2491 1469 2607 1517 cos,
2657 1455 2752 1526 qui
2798 1455 3120 1526 Apollinarii
3167 1456 3516 1516 deliramenta
3561 1459 3748 1530 ejusque

2205 1547 2430 1604 haeresis
2456 1563 2664 1606 venena
2681 1549 3007 1606 detexerant
3037 1549 3130 1622 (Ι).

2276 1639 2340 1698 ΙΙ.
2381 1639 2679 1710 Episcopos
2727 1640 2849 1697 illos
2887 1642 3248 1709 ordinatores,
3291 1657 3423 1713 quos
3451 1642 3683 1700 Damasus
3703 1641 3751 1696 ab

2205 1731 2440 1805 ngypto
2467 1735 2718 1790 venientes
2745 1736 2848 1800 ait,
2893 1751 2924 1790 a
2957 1736 3120 1792 Petro
3149 1736 3509 1794 Alexandrino
3531 1737 3753 1792 Constan-

500 1839 710 1880 masnm
735 1827 787 1879 in
812 1825 911 1879 hac
931 1840 1093 1881 causa
1118 1825 1370 1880 Nieolaus
1393 1825 1416 1881 Ι
1439 1827 1724 1898 scripsisse
1751 1835 2036 1894 memorat,
2071 1842 2102 1884 e
2131 1835 2181 1898 Β
2209 1825 2490 1895 tinopolim
2526 1827 2743 1894 missos,
2775 1837 2832 1882 ut
2873 1827 3162 1884 Maximum
3193 1830 3310 1898 ejus
3336 1829 3558 1886 civitatis
3583 1829 3756 1899 episco-

501 1918 740 1974 tenebris
793 1929 1002 1973 erutam
1055 1917 1390 1986 llolstenius,
1427 1919 1509 1974 vir
1557 1919 1801 1990 apprime
1827 1919 2021 1975 doctus
2050 1928 2107 1978 et

501 2010 794 2078 singularis
819 2010 1032 2082 jndicii,
1082 2011 1292 2083 primus
1316 2011 1485 2067 edidit
1532 2013 1582 2066 in
1613 2011 1855 2068 Romana
1899 2013 2104 2068 collec-

500 2103 666 2165 tione,
715 2116 780 2157 ac
804 2098 1154 2156 Constantius
1201 2102 1398 2158 deinde
1428 2104 1568 2158 inter
1595 2103 1808 2160 Damasi
1837 2103 2106 2174 epistolas

501 2207 698 2252 octavo
719 2195 840 2250 loco
872 2198 1166 2266 recensuit,
1192 2213 1292 2268 ego
1325 2211 1452 2254 vero
1479 2207 1694 2268 quarto.
1729 2199 1967 2267 Quarum
1997 2194 2105 2254 Ec-

501 2289 792 2344 clesiarum
825 2289 1064 2362 episcopi
1095 2288 1320 2359 fuerint,
1367 2292 1549 2346 caeteri
1607 2291 1708 2359 illi,
1736 2291 1932 2360 quibus
1961 2290 2106 2358 epis-

503 2383 612 2438 tola
657 2381 922 2453 inscripta
950 2391 1055 2444 est.
1089 2383 1266 2438 nullus
1294 2381 1495 2453 prodit.
1542 2382 1624 2437 Ad
1653 2382 2106 2439 Thessalonicen-

503 2491 616 2532 sem
645 2489 822 2532 tamen
852 2478 1192 2548 metropolim
1219 2477 1545 2548 pertinuisse
1573 2483 1809 2544 Oportet,
1838 2475 2104 2546 siquidem

503 2567 824 2623 Ambrosius
858 2568 939 2639 (a)
972 2567 1232 2624 Severum
1261 2577 1316 2622 et
1345 2567 1674 2642 Philippum,
1699 2582 1792 2622 eos
1820 2568 1967 2638 ipsos
1997 2567 2107 2624 sci-

502 2661 626 2717 licet
658 2662 850 2734 quibus
898 2662 992 2716 illa
1024 2661 1357 2728 inscribitur,
1408 2660 1882 2718 Thessalonicenses
1935 2677 2106 2718 sacer-

506 2759 668 2824 dotes,
705 2755 770 2808 ad
800 2769 917 2809 eam
946 2769 1141 2826 nempe
1172 2752 1512 2825 metropolim
1540 2753 1891 2823 pertinentes,
1920 2761 2100 2822 vocat,

504 2847 573 2902 ab
613 2849 712 2903 hac
773 2847 990 2904 Damasi
1041 2847 1274 2920 epistola
1330 2847 1569 2902 triennio
1625 2845 1866 2902 nondum
1921 2854 2102 2902 trans-

513 2951 654 2997 acto.

578 3035 768 3103 Causa:
813 3049 908 3089 cur
941 3034 1204 3090 Damasus
1228 3049 1345 3089 eam
1377 3033 1776 3090 ordinationem
1809 3032 1860 3086 iu
1893 3033 2105 3100 irritum

507 3129 736 3200 miserit,
783 3129 962 3200 plures
997 3137 1124 3185 sunt
1154 3147 1167 3184 :
1203 3128 1256 3182 1ο
1285 3127 1428 3198 quod
1458 3128 1524 3182 ab
1549 3128 1824 3184 extraneis
1853 3124 2103 3186 confecta

2207 1934 2334 1990 pum
2373 1921 2790 1989 constituerent,
2835 1921 3132 1992 Gregorius
3162 1922 3280 1994 ipse
3310 1923 3460 1978 testis
3479 1933 3574 1986 cst,
3599 1923 3670 1977 cui
3693 1930 3755 1975 ta-

2207 2027 2335 2068 men
2385 2012 2786 2070 Alexaudrinus
2833 2014 2929 2070 ille
2953 2015 3148 2084 prmsnl
3201 2029 3393 2071 suasor
3442 2022 3589 2070 antea
3627 2021 3758 2082 atque

2207 2116 2396 2162 auctor
2441 2107 2640 2175 luerat,
2686 2118 2747 2164 ut
2789 2108 3086 2166 Ecclesium
3119 2107 3269 2164 illam
3304 2123 3400 2179 pro
3424 2109 3658 2178 episeopo
3679 2104 3756 2161 ad-

2209 2201 2617 2262 ministrandam
2647 2209 2973 2258 assumeret.
3023 2201 3158 2256 Hinc
3192 2200 3322 2256 mihi
3370 2196 3760 2256 verosimiliseo-

2211 2310 2332 2350 rum
2365 2294 2550 2363 Opinio
2583 2295 2661 2361 lit,
2717 2295 2805 2364 qui
2856 2302 3064 2363 putant,
3119 2293 3409 2348 Maximum
3455 2290 3758 2358 hunc,illuttt

2207 2386 2384 2456 ipsum
2411 2401 2554 2453 esse,
2584 2401 2743 2456 quem
2776 2384 3104 2441 Athanasius
3132 2395 3191 2443 et
3236 2386 3468 2446 Basilius
3490 2381 3683 2454 scriptis
3703 2380 3756 2436 ad

2207 2495 2329 2536 eum
2380 2478 2578 2536 litteris
2625 2480 2866 2550 impense
2894 2479 3133 2547 laudant,
3163 2495 3326 2550 quem
3367 2488 3633 2550 propterea
3655 2474 3760 2532 nihil

2208 2573 2403 2634 mirum
2450 2581 2558 2638 est,
2609 2572 2653 2627 si
2697 2572 2887 2626 Petrus
2940 2571 3220 2628 Athanasii
3251 2584 3555 2635 successor,
3587 2563 3763 2623 vacanti

2208 2663 2823 2732 Constantin0p01itante
2846 2663 3122 2730 Ecclesiae,
3146 2664 3240 2734 qui
3271 2663 3624 2735 praeﬁceretur
3670 2657 3763 2712 ido-

2206 2773 2370 2814 neum
2401 2759 2632 2814 censuit.
2663 2757 2817 2814 Nunc
2843 2772 2973 2814 vero
2997 2758 3042 2811 si
3071 2758 3193 2825 quis
3215 2772 3337 2812 eam
3366 2755 3570 2812 Damasi
3596 2751 3764 2823 episto-

2167 2893 2171 2897 ι
2207 2851 2316 2906 lam
2337 2866 2458 2906 cum
2477 2851 2541 2905 iis
2561 2849 2829 2917 conferat,
2851 2865 2972 2920 qum
2992 2848 3368 2916 Nazianzenus
3389 2850 3464 2914 ait
3487 2850 3536 2903 in
3554 2845 3765 2904 Carmina

2207 2941 2275 2997 de
2297 2941 2402 2996 vita
2427 2957 2544 3009 sua,
2573 2951 2759 3013 aperte
2781 2941 3153 3014 deprehendet
3172 2940 3480 3002 Romanum
3501 2940 3638 3000 illum
3658 2953 3766 3009 pon-

2208 3036 2405 3092 tilicem
2433 3035 2565 3090 nihil
2617 3034 2838 3091 latuisse
2865 3050 3073 3106 eorum,
3123 3049 3248 3106 qua:
3297 3050 3420 3090 cum
3467 3034 3579 3090 hate
3623 3030 3767 3086 fabula

2205 3139 2476 3200 ageretur,
2514 3131 2806 3200 contigisse
2835 3129 2975 3184 alter
3000 3139 3434 3196 commemorat;
3461 3128 3685 3196 adeoque
3703 3121 3768 3178 al-

507 3221 700 3288 fuerat,
727 3223 795 3277 ab
821 3222 1090 3294 episcOpis
1118 3221 1327 3276 scilicet
1350 3219 1417 3276 ad
1439 3236 1557 3276 eam
1585 3219 1881 3282 Ecclesiam
1901 3227 1959 3280 et
1982 3234 2107 3292 pro-
2134 3226 2180 3292 (ζ
2214 3234 2384 3278 terum
2432 3222 2586 3278 alteri
2644 3222 2874 3278 similem
2929 3223 3236 3290 mirabitur,
3295 3231 3356 3278 ιιι
3390 3223 3548 3282 verba
3575 3222 3693 3290 ipsa,
3721 3229 3770 3272 ac

506 3315 739 3374 vinciam
789 3314 922 3370 nihil
971 3313 1362 3370 attinentibus:
1399 3313 1525 3368 hinc
1585 3312 1906 3378 concilium,
1959 3310 2107 3386 quod

507 3427 649 3466 anno
699 3411 946 3483 sequenti
977 3411 1028 3478 in
1081 3425 1142 3468 ea
1175 3410 1307 3466 urbe
1357 3421 1740 3482 congregatum
1772 3417 1878 3470 est.
1907 3421 2106 3464 caven-

507 3503 633 3558 dum
666 3504 899 3570 censuit,
930 3518 1054 3558 can.
1086 3503 1141 3570 2,
1175 3519 1242 3558 ne
1271 3503 1512 3574 episcopi
1555 3518 1621 3556 ex
1652 3517 1754 3558 una
1781 3501 2002 3558 dimcesi
2039 3499 2108 3556 ad

508 3593 670 3650 aliam
715 3596 1012 3650 transirent
1050 3595 1116 3649 ad
1158 3596 1532 3649 ordinationes
1577 3591 1874 3656 faciendas,
1905 3601 1997 3648 aut
2039 3592 2108 3652 ad

509 3687 615 3742 alia
642 3688 878 3760 negotia,
919 3687 1190 3758 jnssitque
1234 3699 1292 3740 ut
1321 3701 1383 3740 ea
1413 3701 1532 3756 qum
1560 3701 1672 3739 suae
1698 3696 1880 3742 essent
1905 3686 2110 3746 dicace-

515 3781 591 3834 sis
655 3786 913 3836 curarent
955 3778 1270 3845 dumtaxat;
1324 3776 1382 3831 2"
1420 3779 1544 3848 quia
1585 3792 1647 3832 ea
1679 3777 1950 3834 ordinatio
1980 3794 2110 3835 noc-

510 3882 672 3928 turno
717 3882 962 3941 tempore
1015 3885 1080 3928 ac
1109 3869 1445 3926 clandestine
1491 3871 1542 3928 in
1574 3869 1816 3926 Ecclesia
1849 3871 2106 3943 incmpta,

512 3963 652 4020 intra
676 3961 932 4034 profanas
955 3962 1152 4017 deinde
1172 3961 1319 4017 aedes
1340 3959 1662 4020 festinanter
1687 3963 2022 4030 continuata,
2046 3977 2111 4020 ac

510 4063 886 4124 consummata
920 4056 1113 4123 fuerat,
1153 4070 1274 4128 quae
1303 4056 1483 4110 omnia
1519 4064 1750 4126 recepta:
1781 4055 2111 4112 ecclesiasti-

510 4163 588 4205 cae
630 4147 935 4216 disciplina:
983 4146 1452 4219 adversabantur;
1505 4146 1562 4202 5°
1592 4146 1717 4216 quia
1750 4145 1896 4204 nulla
1925 4149 2110 4220 populi

509 4258 573 4298 ac
603 4241 735 4298 cieri
783 4238 1076 4310 postulatio
1109 4246 1456 4310 prmcesserat
1503 4255 1515 4290 :
1561 4237 1686 4292 hinc
1709 4237 1880 4294 Julius
1911 4238 2112 4296 Roma-

510 4351 612 4391 nus
630 4333 893 4405 pontifex,
914 4331 1184 4404 Gregorii,
1204 4348 1362 4405 quem
1378 4331 1430 4386 iu
1447 4332 1622 4386 locum
1641 4331 1922 4388 Athanasii
1940 4335 2111 4389 intru-

510 4435 720 4492 seraut,
743 4425 1140 4480 ordinationem
1166 4422 1380 4480 Arianis
1403 4425 1695 4496 exprobrat
1721 4427 1842 4495 quia
1873 4437 2112 4484 externus

513 4516 686 4580 homo,
715 4517 802 4588 qui
830 4532 928 4570 non
949 4515 1058 4570 illic
1079 4514 1392 4586 baptizatus,
1415 4517 1502 4587 qui
1531 4516 1879 4589 compluribus
1907 4518 2111 4590 ignotus

2209 3317 2509 3374 sententias
2535 3317 2673 3372 alter
2700 3319 2768 3371 ab
2811 3316 2986 3372 altero
3026 3319 3312 3390 accepisse
3341 3317 3637 3380 videantur.
3663 3312 3773 3370 Hinc

2209 3410 2501 3480 colligitur,
2529 3424 2648 3480 qua:
2669 3409 2721 3466 in
2749 3409 2813 3464 iis
2844 3410 3177 3480 inquirendis
3221 3427 3286 3466 ac
3315 3408 3608 3468 referendis
3630 3406 3768 3462 Aelim

2210 3501 2265 3558 lii
2293 3501 2448 3568 lides,
2476 3509 2532 3558 et
2558 3501 2839 3572 diligentia
2883 3503 3062 3566 fuerit,
3093 3502 3367 3574 siquidem
3401 3502 3517 3558 huic
3555 3501 3774 3562 Damasus

2211 3596 2279 3652 ab
2309 3595 2403 3652 illo
2432 3611 2492 3652 se
2512 3595 2766 3652 didicisse
2794 3597 3096 3668 prolitetur.
3143 3596 3282 3654 Cum
3305 3607 3486 3654 autem
3519 3595 3648 3652 idem
3669 3605 3775 3662 pon-

2213 3689 2343 3744 tifex
2365 3699 2508 3744 esset
2529 3689 2721 3744 eodem
2745 3698 2992 3761 tempore
3014 3691 3122 3760 jam
3151 3693 3361 3748 certior
3383 3691 3576 3758 factus,
3596 3681 3777 3744 Maximi

2210 3787 2436 3834 conatus
2463 3795 2491 3834 a
2521 3778 2828 3836 Theodosio
2858 3781 3210 3852 imperatore,
3243 3783 3314 3838 ad
3342 3798 3502 3854 quem
3531 3775 3777 3836 Thessalo-

2212 3869 2348 3926 nicae
2396 3878 2524 3926 tunc
2572 3883 2820 3942 agentem
2849 3871 3155 3941 confugium
3198 3882 3452 3946 ceperat,
3498 3873 3552 3930 in
3599 3869 3776 3925 irritum

2212 3967 2428 4033 missos,
2473 3981 2536 4032 ac
2586 3967 2729 4038 quod
2775 3967 2917 4024 male
2959 3978 3198 4039 cceptum
3248 3969 3322 4026 ab
3364 3968 3650 4032 coluerat,
3677 3976 3778 4016 auc-

2213 4061 2416 4117 toritate
2446 4061 2654 4132 publica
2693 4060 2804 4128 jam
2835 4061 3192 4128 destructum,
3223 4063 3353 4118 hinc
3383 4060 3657 4126 discimus,
3701 4053 3779 4110 ita!

2212 4156 2328 4226 ejus
2365 4155 2431 4210 ad
2473 4153 2784 4220 Acholium,
2811 4163 3147 4224 czeterosque
3173 4157 3492 4228 episcopos,
3525 4155 3620 4208 hoc
3642 4160 3780 4212 anno,

2213 4264 2372 4321 quem
2400 4246 2739 4302 Theodosius
2767 4246 2880 4302 lere
2912 4248 3178 4319 integrum
3211 4249 3268 4304 in
3291 4264 3355 4306 ea
3376 4248 3514 4304 urbe
3535 4238 3780 4311 transegit,

2213 4343 2444 4412 scriptas
2489 4355 2611 4396 esse
2655 4351 2931 4412 oportere,
2987 4356 3319 4412 quamquam
3371 4341 3512 4397 haud
3544 4337 3689 4394 facile
3723 4333 3780 4398 sil

2216 4435 2496 4508 praecisum
2541 4443 2755 4504 tempus
2803 4443 3062 4490 statuere.
3101 4435 3302 4490 Rerum
3335 4445 3517 4491 tamen
3545 4439 3784 4505 gestarum

2222 4528 2391 4584 series
2416 4527 2579 4598 exigit
2619 4535 2675 4581 ut
2697 4541 2790 4580 eas
2817 4524 3128 4598 Septembri
3154 4535 3251 4582 aut
3270 4526 3496 4583 Octobri
3520 4538 3692 4580 mense
3709 4522 3784 4572 da-

513 4625 606 4662 nec
625 4625 657 4660 a
680 4609 1006 4678 presbyteris,
1031 4608 1110 4660 uel
1137 4608 1394 4679 episcopis
1426 4609 1711 4677 postulatus
1734 4625 1755 4676 ;
1787 4625 1886 4664 nec
1907 4610 2106 4668 decere
2133 4625 2188 4690 Ῑ)
2214 4630 2294 4675 tas
2325 4618 2705 4689 conjiciantus;
2755 4616 3017 4690 siquidem
3073 4617 3297 4692 scripta:
3319 4627 3482 4683 sunt,
3537 4621 3784 4687 postquam

515 4701 588 4754 ait
616 4701 690 4753 sic
729 4710 913 4768 prwter
934 4702 1127 4774 jusque
1173 4700 1374 4768 (asque,
1405 4709 1451 4752 et
1479 4711 1658 4754 contra
1692 4699 2108 4762 Ecclesiasticum

511 4809 759 4848 canonem
788 4793 1027 4846 ordinare
1051 4807 1359 4864 quemquam
1387 4792 1460 4861 (b)
1489 4809 1501 4845 :
1526 4794 1610 4850 cui
1639 4792 1969 4850 Athanasius
1991 4797 2109 4868 ipse

507 4886 780 4941 consentit
807 4883 877 4953 (ε)
902 4900 916 4950 ;
945 4884 1002 4938 4ο
1029 4884 1172 4953 quod
1203 4884 1416 4938 alienus
1443 4894 1593 4958 esset
1625 4899 1655 4938 a
1683 4883 1989 4942 Christiana
2022 4905 2109 4943 re-

511 4977 710 5047 ligioue
734 4975 955 5030 habitus
999 4975 1112 5041 ille,
1163 4991 1271 5046 quo
1302 4973 1562 5029 Maximus
1615 4979 1886 5046 utebatur,
1921 4994 2112 5050 quem—

519 5085 624 5141 que
654 5070 912 5124 Damasus
957 5067 1184 5122 ltabitum
1230 5068 1357 5122 idoli
1405 5068 1600 5124 merito
1632 5079 1804 5137 vocat,
1839 5073 2108 5143 siquidem

513 5162 956 5234 philosophortuu
1002 5162 1161 5231 hujus
1186 5172 1350 5216 secta:
1391 5163 1633 5230 habitus,
1688 5180 1794 5220 non
1845 5180 2004 5222 secus
2047 5182 2111 5223 ac

512 5256 801 5320 idolorum,
849 5270 956 5309 uno
1001 5264 1208 5308 tantum
1252 5255 1372 5310 sine
1425 5257 1606 5310 tunica
1658 5257 1894 5326 palliolo,
1943 5260 2110 5318 barba

514 5360 874 5420 przeterea,ac
894 5364 1050 5404 coma
1077 5348 1456 5415 constabat,ut
1477 5364 1544 5405 ex
1570 5349 1806 5405 Luciauo
1828 5349 2108 5424 liquetld).

513 5447 648 5501 Eum
671 5443 1047 5503 Theodoretus
1075 5436 1148 5515 (e)
1178 5441 1389 5497 videtur
1416 5443 1560 5499 inter
1587 5454 1886 5501 sectatores
1899 5447 2112 5516 Apolli-

611 5733 662 5803 b)
703 5733 824 5803 ιυι.
857 5735 1018 5803 epist.
1050 5733 1078 5790 1
1101 5776 1117 5802 ,
1152 5752 1306 5794 num.
1338 5739 1428 5799 ﬂ.

607 5663 662 5810 tl;
699 5662 870 5731 Epist.
907 5661 998 5745 i5,
1028 5663 1168 5790 apud
1194 5663 1300 5722 BB.

583 5668 658 5886 i3,
696 5733 1117 5886 έὲιίέιῗῖἷῖἓᾷοιῖ
1137 5752 1300 5886 $2};

609 5802 658 5879 c)
696 5802 869 5884 Epist.
894 5802 1113 5890 ’encycl.
1137 5809 1206 5872 ad
1234 5822 1359 5892 ep.,
1399 5829 1549 5886 num.
1583 5811 1638 5874 2ο

2212 4711 2552 4768 Theodosius
2599 4710 2886 4766 Maximum
2939 4711 3227 4780 rejecerat,
3291 4727 3359 4768 ac
3403 4711 3682 4768 concilium
3708 4715 3786 4774 pro

2213 4803 2453 4876 episcOpi
2475 4802 3067 4875 Constantitmpolitani
3093 4805 3373 4862 cloelione
3391 4806 3505 4876 jam
3529 4802 3784 4864 indixerat.

2214 4898 2482 4968 Quidquid
2511 4895 2706 4952 horum
2759 4897 2853 4964 sit,
2907 4897 3048 4968 quod
3083 4912 3180 4968 pro
3219 4908 3381 4954 certo
3408 4897 3620 4954 videtur
3644 4887 3787 4948 asseri

2217 5006 2373 5066 posse
2407 4988 2539 5046 illud
2571 4995 2672 5054 est,
2719 4987 2950 5060 scriptas
2998 4990 3120 5045 illas
3163 4988 3350 5046 fuisse
3397 5002 3670 5062 postquam
3702 4985 3786 5038 Da-

2217 5097 2399 5137 masus
2429 5083 2479 5135 iu
2514 5082 2752 5148 Romana
2791 5080 3001 5153 synodo
3033 5081 3436 5144 Antiochenam
3477 5077 3790 5138 concordiam

2214 5175 2655 5236 continuaverat,
2685 5173 3005 5248 plenamque
3034 5173 3276 5240 Meletio,
3305 5185 3472 5246 atque
3503 5173 3616 5245 ejus
3640 5165 3790 5226 omni-

2214 5267 2313 5322 bus
2363 5265 2910 5322 commuuieatoribus
2953 5266 3404 5323 communionem
3447 5266 3789 5322 concesserat.

2212 5358 2304 5414 Ait
2333 5358 2476 5414 enim
2505 5369 2694 5429 optare
2725 5374 2784 5412 se
2813 5368 2888 5422 ut,
2912 5373 3035 5414 cum
3061 5358 3207 5413 brevi
3233 5363 3485 5414 luturum
3509 5364 3650 5414 esset
3672 5349 3792 5407 Cun-

2214 5451 2565 5522 stantinopoli
2620 5449 2914 5506 concilium
2963 5465 3062 5522 pro
3091 5449 3208 5522 ejus
3236 5451 3394 5507 urbis
3425 5447 3671 5524 eligendo
3697 5440 3793 5512 epie

2282 5673 2364 5814 ἕῗῖ
2401 5673 2541 5801 ἓξὲξ.
2557 5684 2671 5802 iii}:

2306 5745 2355 5822 ο)
2394 5745 2668 5822 _i_l_ist._lib.
2697 5761 2755 5822 γ,
2783 5763 2903 5822 cap.
2930 5750 2991 5822 78.,

2282 5815 2353 5903 (ο
2385 5816 2512 5889 για.
2534 5815 2748 5902 Synod.
2769 5815 2893 5882 adit.
2915 5821 3075 5902 Trag.
3110 5823 3288 5896 lren.,
3321 5839 3450 5906 cap.
3483 5823 3605 5886 195.
