3878 6346
48 283 164 342 915

1444 283 1957 346 PROLBGONENA
1969 327 1982 344 .

3266 302 3371 358 9M

48 413 255 471 scopo,
284 398 423 457 dent
444 416 688 472 operam,
716 409 776 457 ut
795 402 843 458 is
867 411 1191 469 assumatur,
1218 401 1311 474 qui
1330 401 1538 459 nullam
1567 400 1663 457 ιη.
1693 406 1747 469 Α
1770 418 1874 472 que
1900 403 1967 460 ad
1996 403 2049 459 id
2073 406 2413 475 probandum
2441 410 2524 467 his
2546 412 2715 469 utitur
2736 413 2982 484 epistola
3004 418 3182 474 verbis
3203 419 3380 475 :Illud

48 490 187 546 beat
237 492 757 562 reprehensionem,
788 503 843 547 ut
900 491 1007 547 Deo
1038 494 1260 565 propitio
1302 510 1419 548 cum
1470 494 1671 564 integra

52 598 164 653 pas:
184 583 577 639 catholicorum
598 584 819 639 omnium
836 585 1153 639 sacerdotum
1166 586 1319 657 fuerit
1340 585 1666 655 confirmata,

54 675 224 729 nulla:
284 675 532 747 deinceps
585 676 922 731 dissensiones
954 678 1009 731 in
1040 676 1270 733 Ecclesia
1309 679 1564 746 oriantur,
1611 690 1670 734 ut

54 778 353 837 praestante
390 767 528 835 Deo,
559 770 693 837 quod
713 768 1029 843 jamdudum
1068 772 1376 839 optavimus,
1428 788 1544 826 cum
1574 788 1665 826 ca-

59 860 280 915 tholicis
328 860 703 927 sacerdotibus,
734 862 895 933 possit
919 878 1024 932 pax
1048 875 1293 934 perpetua
1324 880 1619 934 permanere
1647 882 1666 920 :

56 953 208 1023 quod
245 954 301 1006 in
333 952 586 1008 familiari
609 953 767 1007 etiam
794 953 860 1007 ad
886 952 1171 1008 Acholium
1193 955 1421 1024 epistola
1450 957 1666 1024 repetit.

56 1041 379 1099 Verebatur
433 1041 619 1113 itaque
681 1059 750 1098 ne
812 1044 936 1114 quid
977 1046 1029 1099 in
1057 1060 1119 1100 ea
1167 1045 1433 1102 electione
1490 1048 1666 1115 lieret,

59 1133 208 1205 quod
230 1144 444 1203 partam
458 1133 571 1205 jam
589 1134 1065 1206 c0nlirmatamque
1089 1136 1234 1190 illam
1259 1152 1447 1207 pacem
1472 1140 1669 1195 iterum

61 1224 395 1296 perturbare
418 1234 620 1297 posset.
653 1226 829 1297 Atque
856 1229 981 1282 hinc
1009 1228 1225 1300 colligo,
1258 1227 1527 1284 sublatum
1555 1230 1669 1301 jam

60 1334 184 1374 cum
218 1320 513 1385 scriberet,
565 1320 875 1374 diuturnum
923 1320 1055 1376 illud
1107 1322 1249 1376 inter
1291 1322 1670 1380 Occidentales

62 1423 118 1468 et
146 1412 457 1468 Orientales
488 1412 796 1467 dissidiurn.

137 1504 281 1561 Sunt
306 1504 397 1575 qui
428 1519 494 1559 ex
518 1503 698 1558 allatis
725 1503 882 1574 hujus
898 1504 1143 1577 epistola:
1165 1504 1346 1562 verbis
1374 1505 1670 1562 conﬁciunt

68 1588 359 1651 Acltoltuni
416 1596 625 1650 Damasi
655 1596 875 1652 nomine
903 1598 1142 1652 adfuisse
1171 1599 1671 1669 Constantinopoli-

73 1700 201 1744 tano
252 1686 507 1752 cOncilio,
555 1688 780 1759 ejusque
830 1688 975 1745 vices
1003 1704 1200 1762 egisse.
1227 1693 1300 1746 At
1331 1693 1448 1746 haec
1485 1692 1671 1763 opinio

79 1785 355 1838 Communi
396 1780 735 1836 eruditorqu
779 1781 1022 1849 calculo,
1057 1798 1122 1837 ac
1165 1783 1497 1854 gravissimis
1528 1802 1669 1856 prae-

87 1887 233 1933 terea
282 1875 596 1943 rationibus,
630 1892 750 1945 qua:
779 1877 920 1946 apud
948 1876 1250 1944 Baluzium,
1284 1878 1533 1949 Pdgllllll,
1564 1879 1672 1934 Lu-

95 1986 250 2040 pum,
280 1968 700 2037 'l‘illeutoutium,
754 1970 1000 2041 aliosque
1047 1971 1147 2042 legi
1181 1970 1429 2042 possunt,
1471 1973 1672 2044 rejecta

86 2074 190 2118 est.
238 2061 477 2117 Baluzius
524 2071 704 2117 tamen
751 2061 808 2117 in
838 2063 1003 2117 alium
1059 2079 1301 2120 errorem
1356 2066 1538 2137 lapsus
1567 2077 1672 2135 est,

82 2173 203 2212 cum
230 2156 552 2213 existimavit
580 2173 648 2212 ex
674 2158 868 2213 eodem
897 2159 1017 2213 loco
1043 2159 1244 2228 colligi,
1276 2160 1555 2215 Acholium
1588 2160 1674 2231 ip-

80 2266 196 2305 sum
256 2251 478 2323 ejusque
519 2260 727 2307 tractus
772 2251 1055 2323 episcopos
1108 2253 1339 2309 Damaso
1365 2257 1671 2328 scripsisse,

79 2354 359 2415 postquam
412 2345 478 2398 ad
524 2359 643 2400 eam
691 2344 958 2417 synodum
989 2344 1198 2401 evocati
1228 2347 1439 2403 fuerant
1469 2349 1569 2422 (a),
1598 2348 1675 2402 si-

79 2436 292 2508 quidem
321 2435 616 2507 Gregorius
642 2436 1013 2493 Nazianzenus
1035 2451 1223 2511 aperte
1248 2442 1463 2507 asserit,
1496 2439 1673 2497 Mace-

78 2528 245 2584 dones
270 2529 559 2599 episc0pos
602 2538 695 2585 aut
721 2546 786 2584 ex
822 2530 1114 2601 improviso
1140 2531 1343 2586 accitos
1370 2548 1398 2586 a
1428 2532 1680 2588 Theodo-

80 2622 179 2688 sio,
221 2629 316 2676 aut
344 2636 413 2677 ex
468 2622 761 2692 improviso
806 2623 1020 2679 venisse
1051 2633 1170 2694 post
1216 2621 1415 2679 Meletii
1446 2625 1676 2692 obitum,

79 2729 199 2769 sero
229 2715 464 2782 scilicet,
516 2730 580 2769 ac
618 2714 709 2769 diu
758 2723 1037 2786 postquam
1072 2717 1332 2772 Damasus
1363 2718 1431 2773 de
1477 2718 1679 2774 indicto

79 2807 308 2863 concilio
332 2809 571 2863 monitus
602 2809 670 2862 ab
696 2809 763 2863 iis
794 2808 969 2864 fuerat
1001 2828 1014 2863 :
1047 2826 1169 2864 cum
1199 2812 1379 2882 itaque
1408 2811 1550 2868 idem
1579 2814 1680 2868 Da-

81 2920 257 2958 masus
304 2902 536 2959 Acholio
583 2900 797 2971 scribit,
858 2912 916 2957 ut
966 2906 1048 2958 det
1091 2920 1301 2976 cperam
1348 2908 1680 2977 quemadmo.

82 2998 198 3053 dum
246 2997 535 3051 catholicus
578 2996 851 3066 episcopus
880 2998 933 3051 in
962 2998 1094 3052 urbe
1128 2997 1273 3068 regia
1302 3001 1679 3067 constituatur,

83 3094 131 3148 id
215 3093 330 3148 vult
389 3092 715 3157 dumtaxat,
801 3099 859 3146 ut
929 3092 1030 3147 hoc
1112 3099 1237 3163 agat
1304 3091 1502 3149 ofliciis
1570 3096 1682 3150 suis

82 3203 139 3244 ac
165 3188 410 3245 consiliis
437 3187 577 3257 apud
626 3188 1007 3257 imperatorem
1054 3186 1122 3242 ab
1149 3201 1215 3242 eo
1235 3186 1585 3256 baptizatum,
1618 3202 1682 3243 ac

84 3282 481 3339 Thessalonicae
537 3288 663 3336 tunc
713 3290 961 3352 agentem
989 3297 1001 3334 :
1030 3295 1155 3334 nam
1200 3296 1303 3351 qua
1346 3283 1555 3336 ratione
1587 3296 1680 3351 pe-

86 3387 194 3433 tere
271 3376 537 3448 potuisset
591 3376 660 3429 ab
712 3374 943 3430 Acholio
1020 3374 1353 3431 Occidentali
1417 3375 1679 3432 Ecclesim

88 3471 378 3535 acccnsito,
415 3477 478 3525 ut
527 3484 645 3524 eam
688 3482 805 3524 rem
844 3483 1085 3539 praesens
1110 3479 1326 3523 curaret
1372 3468 1424 3523 in
1470 3469 1680 3541 synodo

87 3566 191 3634 illa,
221 3568 305 3621 cui
335 3565 441 3620 soli
473 3563 697 3619 Orientis
726 3564 954 3636 episcopi
975 3565 1219 3621 interesse
1245 3565 1521 3621 debuerant
1564 3565 1678 3637 (b)?

86 3656 211 3712 Cum
234 3675 364 3714 vero
397 3657 902 3714 Thessalonicensis
933 3659 1130 3728 praesul
1161 3675 1257 3728 pro
1285 3660 1549 3730 singulari
1580 3674 1677 3715 sua

88 3753 371 3808 sanctitate
419 3764 483 3806 ac
534 3749 797 3822 religione
827 3749 932 3805 hoc
962 3751 1239 3821 negotium
1270 3752 1468 3822 saepius
1507 3766 1571 3808 ac
1600 3751 1681 3806 di-

90 3843 307 3914 ligenter
327 3846 533 3917 egisset
568 3844 707 3915 apud
748 3844 1131 3915 imperatorem
1174 3844 1373 3914 ipsum,
1400 3860 1680 3916 quousque

91 3937 139 3992 in
160 3954 218 3994 ea
251 3939 387 3996 urbe
415 3937 630 4003 mansit,
671 3938 908 4010 illudque
947 3937 1125 3994 eidem
1150 3937 1678 4009 Constantinopolim

91 4032 184 4086 sub
225 4032 344 4103 ejus
365 4032 495 4087 anni
525 4032 725 4087 exitum
756 4030 1066 4102 profecturo
1090 4029 1280 4086 sedulo
1306 4030 1681 4086 commendas-

91 4134 187 4189 set,
220 4127 344 4182 hinc
373 4141 475 4197 ego
505 4126 700 4181 factum
726 4126 893 4180 fuisse
915 4136 1065 4196 puto,
1095 4136 1151 4180 ut
1173 4125 1535 4194 Theodosius,
1563 4126 1680 4196 ejus

92 4220 163 4274 rei
188 4236 415 4288 memor,
441 4219 724 4276 Acholium
768 4221 943 4290 ipsum
973 4235 1035 4276 ac
1060 4220 1151 4291 qui
1179 4219 1247 4273 ab
1278 4235 1343 4274 eo
1374 4220 1681 4289 pendebant

93 4309 406 4369 Macedones
433 4314 715 4384 episc0pos
756 4322 864 4367 tam
893 4328 1018 4367 sero
1042 4313 1110 4367 ad
1151 4312 1440 4367 concilium
1470 4313 1682 4368 accive-

92 4407 177 4473 rit,
232 4406 507 4479 inopinato
553 4415 842 4480 praeterea,
900 4421 964 4462 ac
1014 4422 1080 4462 eo
1109 4407 1225 4476 ipso
1256 4417 1497 4476 tempore
1524 4447 1539 4475 ,
1572 4421 1681 4478 quo

95 4498 377 4571 Gregorius
403 4500 473 4556 ob
497 4501 768 4557 decretam
795 4501 1035 4558 Flaviani
1063 4499 1483 4565 Ordinationem,
1508 4510 1682 4555 ortas-

1771 506 2019 567 prarterca
2043 512 2343 555 commoneo
2366 504 2691 558 sanctitatem
2718 515 2957 572 uestram,
2987 511 3259 579 pananIini
3282 514 3383 566 ali-

1772 603 1921 657 quem
1977 600 2158 645 contra
2211 601 2404 647 statuta
2451 596 2710 666 majorum
2768 610 3061 655 nostrorum
3084 601 3150 655 de
3177 603 3385 659 civitate

1771 683 1879 736 alia
1904 682 1971 736 ad
1990 684 2149 738 aliam
2172 686 2463 753 transduci,
2486 697 2534 742 et
2562 688 2795 744 deserere
2815 691 3012 761 plebem
3032 697 3378 763 commissam,

1773 783 1822 828 et
1850 773 1918 827 ad
1944 774 2105 828 alium
2128 777 2382 847 papulum
2412 794 2503 849 per
2531 780 2858 836 ambitionem
2885 786 3121 854 transire,
3146 795 3254 841 etc.
3276 788 3381 843 Alii

1772 881 1904 920 vero
1928 866 2202 923 Meletium
2246 868 2346 924 hoc
2374 869 2495 924 loco
2523 880 2765 926 notatum
2795 883 3004 943 putant.
3054 877 3170 948 Ego
3199 888 3377 934 tamen

1773 976 1948 1031 neque
1979 960 2140 1025 hunc,
2191 977 2365 1032 neque
2396 963 2545 1018 illum
2572 969 2920 1033 perstrictum
2951 972 3227 1036 existimo,
3283 971 3381 1028 sed

1773 1046 2075 1108 Romanum
2108 1056 2418 1124 pontilicem
2444 1071 2725 1111 sacrorum
2758 1072 3025 1116 canonum
3077 1064 3380 1119 observan-

1774 1148 1903 1203 tiam
1937 1164 2253 1218 promovere
2283 1149 2520 1206 voluisse
2545 1165 2768 1217 censeo,
2799 1168 2940 1223 quos
2966 1158 3105 1226 apud
3130 1158 3380 1214 Orienta-

1772 1241 1855 1297 les
1886 1253 1997 1296 tunt
2048 1242 2101 1295 in
2131 1241 2512 1307 electionibus,
2549 1253 2658 1297 tutu
2713 1243 3091 1315 frequentibus
3122 1251 3380 1305 transmi-

1772 1336 2107 1406 grationibus
2131 1336 2360 1391 violatos
2387 1336 2554 1392 fuisse
2581 1352 2686 1392 non
2739 1339 3040 1409 ignorabat,
3071 1353 3128 1398 ut
3166 1360 3230 1399 ex
3275 1345 3379 1400 So.

1773 1439 1924 1485 crate
1946 1428 2226 1497 discimus,
2251 1446 2314 1485 ac
2336 1446 2403 1486 ex
2425 1432 2760 1487 Nazianzeno
2789 1434 2928 1503 ipso,
2957 1438 3047 1506 qui
3074 1439 3175 1493 hoc
3195 1441 3378 1494 vitium

1775 1524 1841 1578 iis
1865 1525 2158 1594 exprobrat
2177 1526 2228 1579 in
2243 1528 2485 1582 Carmine
2497 1528 2758 1583 adversus
2786 1531 3082 1601 lapiscopos
3104 1535 3199 1605 (e).
3225 1535 3379 1603 Quod

1774 1616 1966 1672 saltem
2009 1617 2076 1671 ad
2126 1619 2378 1673 eumdem
2428 1618 2751 1689 Gregorium
2782 1625 3001 1689 attinet,
3028 1634 3237 1681 certum
3271 1643 3385 1682 ma-

1777 1709 2143 1781 nifestumque
2175 1719 2258 1766 est
2296 1727 2404 1766 non
2456 1713 2698 1782 potuisse
2727 1716 2849 1785 ejus
2878 1715 2980 1771 ltoc
3014 1721 3133 1772 loco
3156 1721 3386 1775 transla-

1701 1828 1751 1890 Β
1780 1803 1978 1857 tionem
2024 1804 2331 1874 pcrstrtngi,
2388 1806 2655 1874 siquidem
2690 1823 2752 1861 ea
2785 1808 3015 1876 epistola
3055 1812 3254 1880 scripta
3298 1820 3385 1866 est

1778 1896 1867 1950 diu
1909 1903 2034 1969 apte
2069 1913 2227 1967 quam
2272 1897 2361 1952 illa
2400 1896 2621 1954 decreto
2662 1900 3043 1972 episcoporum
3070 1902 3383 1960 COIISIallli'

1779 1992 1961 2061 nOpuli
2004 2003 2452 2063 congregatorum
2496 1994 2670 2060 ﬁeret,
2702 2011 2764 2050 ac
2806 1997 3034 2065 proinde
3063 1999 3382 2068 Barouium,

1779 2100 1900 2140 cum
1924 2086 2212 2141 Damasum
2242 2086 2502 2158 Gregorio
2531 2089 2725 2145 favisse
2755 2092 2991 2158 censuit,
3016 2106 3047 2148 a
3070 2109 3199 2149 vero
3221 2095 3383 2150 aber-

1780 2192 1932 2233 rasse
1965 2177 2100 2231 haud
2134 2179 2319 2249 liquet.
2374 2180 2458 2234 Me
2488 2188 2668 2236 tamen
2702 2199 2810 2239 non
2850 2184 3005 2252 latet,
3039 2186 3384 2254 Macedones,

1781 2269 2180 2341 Egyptiosque
2209 2270 2517 2341 episcopos,
2548 2273 2727 2329 statim
2762 2290 2825 2329 ac
2855 2276 3384 2349 Constantinopolim

1780 2373 2066 2427 venerant,
2116 2375 2236 2433 post
2267 2364 2542 2420 decretam
2586 2367 2797 2423 scilicet
2825 2368 3065 2425 Flaviani
3090 2372 3388 2427 ordinatio-

1782 2472 1927 2521 nem,
1960 2454 2203 2525 Gregorii
2232 2455 2741 2515 inthronizationem
2785 2462 3145 2531 improbasse,
3172 2464 3243 2519 ob
3271 2466 3387 2520 vio-

1782 2548 1920 2603 latos
1950 2549 2002 2603 in
2031 2564 2095 2604 ea
2124 2563 2182 2604 re
2207 2564 2468 2605 canones.
2500 2552 2570 2607 At
2599 2551 2733 2606 illud
2762 2554 2831 2608 sb
2855 2554 2921 2608 iis
2964 2554 3161 2610 factum
3189 2569 3389 2627 praeter

1784 2645 1998 2700 Damasi
2051 2653 2289 2700 mentem
2335 2644 2505 2701 videri
2553 2656 2796 2716 poterat;
2844 2649 3110 2718 siquidem
3152 2650 3264 2717 ille,
3293 2652 3387 2722 qui

1784 2739 1918 2795 nulli
1953 2754 2013 2795 se
2052 2738 2312 2795 Ecclesia:
2342 2739 2522 2795 addici
2570 2755 2761 2811 passus
2807 2758 3044 2814 unquam
3076 2744 3271 2812 fuerat,
3318 2761 3384 2801 ea

1785 2831 1921 2902 lege,
1960 2839 2018 2885 ut
2044 2830 2161 2900 ipse
2173 2831 2250 2885 ait
2268 2831 2321 2886 in
2335 2832 2575 2888 carmine
2591 2836 2658 2887 de
2676 2834 2781 2888 vita
2802 2849 2922 2903 sua,
2947 2853 3053 2891 non
3077 2837 3383 2894 tenebatur.

1857 2923 2155 2995 Epistotam
2201 2922 2339 2978 hanc
2368 2924 2595 2980 Acbolio
2638 2926 2956 2997 inscriptam
2982 2929 3287 2986 reddidisse
3308 2931 3389 2986 vi-

1785 3014 1944 3069 detur
1970 3012 2244 3079 Rusticus,
2280 3014 2531 3070 familiari
2559 3014 2663 3070 alia
2706 3017 2920 3083 Damasi
2949 3021 3178 3088 epistola
3209 3020 3387 3077 eidem

1786 3106 2192 3161 commendatus
2223 3115 2279 3159 ut
2306 3106 2471 3172 filius,
2502 3121 2532 3160 a
2580 3122 2639 3163 se
2682 3108 2800 3178 ipso
2825 3111 3036 3166 scilicet
3062 3111 3387 3182 baptizatus.

1706 3221 1752 3284 ρ
1789 3200 1915 3253 Erat
1938 3197 2025 3252 hic
2046 3213 2114 3253 ex
2136 3197 2449 3252 silentiariis
2474 3198 2714 3253 Gratiani
2741 3198 2993 3270 Augusti,
3018 3218 3248 3271 quorum
3266 3203 3390 3259 olli-

1784 3295 1928 3349 cium
1971 3300 2087 3346 erat
2120 3290 2373 3346 excubias
2418 3306 2580 3361 agere
2608 3298 2734 3347 ante
2762 3294 3072 3349 cubiculum
3100 3293 3385 3364 principis,

1782 3386 1867 3441 vel
1888 3400 2008 3440 cum
2034 3385 2085 3438 in
2116 3382 2444 3438 consistorio
2468 3385 2512 3437 is
2542 3385 2829 3449 resideret,
2863 3386 2945 3440 vel
2989 3401 3110 3441 cum
3143 3395 3385 3452 exteros,

1782 3490 2077 3545 eorumque
2120 3475 2327 3545 legatos
2372 3475 2587 3531 audiret
2630 3474 2737 3547 (Γ),
2790 3485 2951 3547 atque
3001 3477 3066 3531 iis
3111 3475 3388 3547 principes

1781 3584 1927 3641 stepe
1977 3569 2284 3637 utebantur,
2341 3577 2399 3623 ut
2454 3568 2558 3624 huc
2623 3569 2749 3624 illuc
2799 3584 2898 3639 pro
2958 3583 3137 3624 rerum
3189 3583 3389 3638 Oppor-

1784 3666 2013 3720 tunitate
2086 3665 2477 3731 mitterentur,
2552 3664 2694 3734 quod
2768 3665 2889 3718 huic
2945 3662 3387 3718 Thessalonicam

1784 3756 1927 3812 forte
1981 3756 2050 3813 ad
2125 3756 2495 3813 Theodosium
2548 3765 2675 3811 tunc
2715 3756 2887 3811 miSso
2925 3755 3172 3826 contigit.
3226 3754 3389 3811 Utra-

1782 3871 1888 3925 qtte
1936 3870 2068 3910 vero
2118 3853 2238 3909 haec
2298 3853 2526 3924 epistola
2606 3863 2713 3908 tam
2771 3861 2958 3923 aperta
3007 3850 3394 3907 familiaritatis

1783 3958 2101 4018 argumenta
2168 3947 2459 4016 continet,
2526 3958 2584 4002 ut
2651 3957 2895 4002 veterem
2965 3945 3253 4001 Damasum
3308 3945 3393 4000 in-

1786 4052 1868 4098 ter
1894 4051 1947 4097 et
1961 4041 2245 4096 Achnlium
2262 4042 2435 4111 ipsum
2449 4040 2930 4111 confirmatamque
2943 4039 3390 4101 consuetudinem

1784 4135 1950 4189 fuisse
1975 4150 2043 4189 ex
2071 4133 2139 4189 iis
2166 4134 2314 4190 clare
2339 4142 2521 4204 pateat
2545 4133 2942 4203 :quatnobretn
2990 4146 3113 4188 curn
3159 4130 3390 4186 Ambro-

1785 4228 1899 4284 sius
1922 4226 2233 4298 frequentes
2276 4228 2427 4282 illum
2459 4227 2513 4281 in
2545 4225 2751 4280 Italiam
2783 4239 3046 4280 excursus
3082 4223 3278 4280 fecisse
3304 4238 3393 4279 asc

1784 4329 1931 4375 serat
1964 4317 2066 4391 (g),
2109 4320 2236 4390 quin
2268 4318 2495 4374 Romam
2523 4334 2715 4387 usque,
2744 4328 2872 4372 ante
2910 4318 3017 4372 hoc
3057 4327 3271 4385 tempus
3300 4332 3392 4373 ac-

1784 4418 2038 4484 cesserit,
2054 4415 2320 4472 uthabitis
2341 4432 2369 4469 a
2391 4415 2627 4470 Damaso
2655 4413 2920 4470 anteactis
2944 4412 3191 4469 conciliis
3222 4413 3390 4467 inter-

1785 4520 1964 4578 esset,
2018 4520 2179 4581 atque
2227 4510 2353 4565 inde
2399 4509 2526 4580 quin
2573 4508 2703 4565 huic
2749 4508 2982 4580 pontiﬁci
3030 4508 3199 4580 probe
3231 4518 3391 4563 notus

97 4609 193 4664 que
218 4595 286 4651 ob
308 4611 429 4651 eam
453 4611 671 4652 causam
698 4595 1045 4668 gravissimas
1067 4596 1448 4652 contentiones
1478 4597 1529 4652 in
1561 4613 1684 4667 pro-
1710 4612 1764 4673 D
1789 4604 2049 4660 Aebutius
2078 4602 2259 4668 nterii,
2290 4618 2393 4674 ego
2423 4603 2647 4658 minime
2671 4602 2881 4659 dubito.

99 4686 236 4743 ximo
287 4701 402 4745 erat
453 4700 509 4744 ut
552 4705 673 4746 sese
721 4690 1034 4760 episcopatu
1079 4688 1354 4744 abdicaret
1401 4687 1499 4760 (c),
1542 4699 1602 4744 ut
1650 4690 1684 4744 ii

102 4798 286 4855 nempe
312 4787 701 4858 componendis
741 4788 924 4853 rebus,
957 4802 1020 4841 ac
1047 4787 1341 4844 sanciendo
1373 4786 1567 4843 foederi
1591 4787 1686 4843 ad-

102 4874 432 4948 laborarent;
460 4882 542 4937 sin
595 4884 793 4949 minus,
836 4891 1086 4943 curarent
1112 4883 1253 4953 quod
1283 4882 1545 4937 Damasus
1578 4883 1679 4953 pri-

103 4969 215 5024 dem
262 4974 312 5027 in
344 4975 613 5030 mandatis
641 4974 888 5041 dederat,
920 4990 1105 5046 nequa
1128 4975 1229 5042 illi,
1261 4976 1681 5047 quieligeretur,

104 5072 217 5117 nota
242 5065 381 5121 inuri
410 5077 611 5138 posset.

170 5156 362 5215 Censet
388 5164 578 5217 iterum
604 5161 1053 5233 Baluzius,quem
1078 5161 1272 5233 Pagius
1298 5161 1555 5218 exscribit
1578 5162 1682 5235 (Δ),

107 5245 384 5307 Damasum
414 5269 517 5309 non
547 5253 743 5310 favisse
764 5253 1047 5325 Gregorio.
1074 5266 1129 5310 ut
1155 5255 1420 5310 Baronius
1442 5255 1683 5325 scripsit;

110 5341 226 5408 quin
260 5344 432 5412 potius
482 5346 654 5413 illum,
700 5361 887 5401 eorum
933 5347 1218 5401 consilium
1265 5346 1552 5402 damnasse
1589 5348 1684 5412 ait,

111 5433 191 5500 qui
218 5436 455 5504 ejusdem
503 5438 750 5509 Gregorii
781 5438 1184 5494 translationem
1214 5448 1561 5512 peregerant,
1610 5449 1690 5497 at-

187 5597 259 5669 (a)
297 5600 374 5655 De
398 5598 564 5655 Cone.
600 5600 694 5655 lib.
720 5616 775 5665 ν,
806 5614 927 5669 cap.
953 5597 1043 5664 2!,
1078 5615 1228 5656 num.
1251 5602 1310 5661 Ξ.

193 5671 264 5743 (ρ)
309 5671 438 5727 Vide
468 5674 627 5726 etiam
654 5672 891 5726 adnotat.
923 5669 988 5723 ad
1021 5671 1179 5740 epist.
1212 5676 1267 5729 4.

204 5742 276 5809 (c)
315 5743 493 5798 Carm.
524 5743 591 5799 de
612 5742 715 5797 vita
743 5757 836 5797 sua
859 5756 925 5797 ex
953 5756 1103 5797 num.
1136 5743 1259 5799 152.

200 5813 275 5893 (α)
315 5813 396 5874 Ad
426 5830 552 5877 ann.
576 5814 701 5887 579,
732 5829 879 5870 num.
920 5813 984 5875 ll
1010 5822 1063 5869 et
1092 5828 1243 5892 seqq.

1863 4699 2085 4754 Interim
2120 4698 2245 4754 hinc
2270 4698 2446 4769 colligi
2479 4712 2585 4752 non
2617 4697 2848 4753 obscure
2890 4706 3094 4768 potest,
3138 4695 3392 4755 eumdem

1792 4794 2076 4850 Acholium
2098 4791 2190 4846 diu
2221 4804 2349 4847 ante
2373 4792 2474 4847 hoc
2499 4802 2711 4862 tempus
2736 4791 2886 4847 vices
2908 4790 3142 4859 gessisse
3166 4789 3395 4844 Romani

1791 4889 2061 4958 pontiticis
2106 4903 2203 4956 per
2244 4887 2554 4959 Illyricum,
2599 4886 2866 4957 siquidem
2915 4885 3065 4939 illum
3098 4899 3289 4953 scirpea
3336 4896 3397 4937 se

1792 4981 2055 5037 monitum
2086 4980 2348 5034 Damasus
2396 4979 2601 5047 inquit,
2636 4993 2703 5033 ne
2736 4978 2889 5033 fieret
2926 4976 3125 5046 aliquid
3159 4974 3395 5028 inconsi-

1789 5073 1999 5128 derate.
2033 5071 2299 5125 Vicariam
2335 5070 2476 5124 illam
2508 5077 2826 5139 potestatem
2852 5083 2881 5122 a
2914 5068 3146 5121 Daniaso
3166 5063 3395 5119 Acholiu

1790 5164 2044 5220 collatam
2063 5203 2078 5226 ,
2115 5164 2190 5217 Sir
2206 5164 2343 5217 icius
2370 5162 2567 5217 deinde
2588 5201 2603 5227 ,
2632 5159 2949 5215 Anastasius
2970 5199 2986 5225 ,
3014 5157 3361 5213 Innocentius
3381 5195 3398 5222 ,

1791 5272 1855 5311 ac
1884 5270 2232 5312 successores
2264 5256 2490 5310 Romani
2523 5256 2802 5325 pontifices
2824 5294 2838 5316 ,
2866 5250 3081 5316 Anisio,
3129 5246 3299 5311 Rufo,
3330 5261 3396 5302 se

1790 5350 2006 5405 cancris
2051 5347 2630 5404 Tltessaloniccnsibos
2677 5344 2946 5416 episeopis
2991 5342 3060 5397 ad
3102 5337 3397 5396 Justiniani

1793 5457 1964 5514 usque
1990 5448 2235 5512 tempora
2268 5440 2679 5494 confirmarunt.
2709 5437 2792 5492 Ex
2816 5433 3010 5506 quibus
3041 5434 3122 5488 vir
3148 5432 3280 5489 clar.
3302 5432 3394 5488 Jo-

1892 5602 1940 5666 ε)
1978 5603 2134 5658 Vers.
2163 5600 2293 5666 800,
2324 5615 2394 5655 ex
2412 5598 2552 5654 Toll.
2578 5594 2711 5651 edit.

1892 5622 1916 5657 e
1978 5603 2134 5658 Vers.
2163 5602 2293 5666 800,
2324 5615 2394 5655 ex
2412 5602 2552 5654 Toll.
2578 5602 2711 5651 edit.

1866 5602 1949 5747 (ὦ
1991 5674 2117 5729 Vid.
2159 5670 2379 5728 Gothof.
2428 5671 2496 5724 ad
2543 5668 2580 5721 Ι.
2628 5678 2727 5732 rv,
2777 5672 2831 5719 et
2877 5670 2944 5719 ttt
3008 5664 3075 5722 de
3103 5663 3297 5722 Decur.
3342 5673 3400 5724 et

1807 5746 2177 5895 SlighEpist.
2192 5812 2259 5872 ad
2280 5811 2526 5873 Anisittm
2547 5804 2689 5883 apud
2713 5802 2817 5863 BB.
