3950 6330
441 275 550 336 215

1628 269 1846 328 SANC‘I'
1855 267 1939 327 US
1976 266 2298 350 DAMASIJS
2343 267 2426 326 PA
2435 267 2520 325 PA
2532 307 2547 323 .

3626 269 3729 326 216

440 397 574 466 scph
600 392 840 451 Cennius
862 393 1060 450 merito
1089 391 1323 465 colligit,
1346 405 1467 449 eam
1495 391 1896 462 delegationem
1925 389 2045 445 vel-
2070 389 2125 451 Α
2148 390 2476 461 prementium
2501 386 2888 460 quodammodo
2913 393 3102 441 nostris
3127 384 3436 442 uisitationis
3477 387 3729 456 impende-

447 489 526 543 uti
579 501 828 559 persona:
863 486 1186 542 attributum
1208 528 1224 553 ,
1257 487 1564 542 cessavisse
1606 483 1875 540 moriente
1916 497 2049 552 pon-

446 579 630 647 tifice,
680 578 833 650 cujus
876 579 1178 649 agebantur
1205 579 1351 635 vices
1394 576 1495 651 (α).
1531 576 1683 633 Hunc
1713 575 2044 631 Vicariatum

449 673 672 729 minime
703 671 972 742 placuisse
997 671 1227 739 Dupinio
1246 713 1260 737 ,
1285 673 1511 744 ejusque
1540 670 1837 736 similibus,
1867 667 2049 738 depri-

449 765 647 822 mendo
676 765 933 821 Romana;
978 765 1240 821 Ecclesia:
1278 767 1386 836 juri
1418 753 1571 820 unice
1603 765 1822 820 intentis
1845 805 1860 827 .
1910 762 2048 818 nihil

448 856 635 912 miror.
670 856 861 911 Mirum
892 856 1140 928 profecto
1170 857 1337 913 videri
1369 867 1578 928 potest,
1623 872 1722 912 cur
1747 855 2046 911 'I‘illemon-

443 951 550 1005 tius
580 949 671 1021 qui
704 952 916 1006 veritati
963 961 1166 1007 tantum
1211 951 1481 1008 studuiSse
1523 951 1693 1007 videri
1726 950 1870 1015 vult,
1906 951 2049 1004 vica-

446 1044 583 1099 riam
626 1044 770 1100 illam
814 1044 1209 1112 delegationem
1241 1045 1506 1116 rejicere,
1541 1059 1604 1099 ac
1650 1043 1750 1099 sub
1781 1041 2048 1097 invidioso

443 1135 791 1190 innovationis
819 1137 1081 1192 vocabulo
1110 1138 1393 1193 traducere
1420 1138 1520 1192 sibi
1553 1136 1718 1192 licere
1755 1136 2044 1207 putaverit.

449 1227 548 1284 IIic
573 1228 718 1283 enim
763 1229 845 1283 vir
889 1245 1022 1285 sane
1051 1229 1438 1298 doctissimus,
1471 1232 1644 1301 primo
1692 1231 1814 1285 loco
1853 1229 2049 1284 dubius

447 1329 561 1384 est,
591 1337 660 1376 an
708 1321 938 1378 Damaso
985 1323 1242 1379 vicariam
1290 1325 1434 1380 illam
1469 1324 1844 1394 praefecturam
1888 1323 2048 1378 insti-

448 1423 601 1471 tuere
629 1414 840 1471 licuerit
865 1459 882 1484 ,
914 1427 969 1472 et
998 1433 1066 1473 an
1089 1418 1192 1474 hoc
1221 1419 1287 1474 ab
1315 1420 1407 1475 illo
1431 1420 1716 1476 consilium
1744 1461 1758 1485 ,
1791 1433 1856 1474 ex
1884 1434 2051 1474 cano-

447 1525 576 1565 num
628 1511 975 1582 praescripto,
1021 1529 1087 1568 an
1121 1529 1246 1569 vero
1277 1515 1455 1585 potius
1500 1531 1566 1570 ex
1597 1515 1714 1570 solo
1753 1513 2050 1570 retinendae

448 1622 548 1680 per
591 1605 864 1679 Illyricum
910 1616 1081 1663 totum
1129 1619 1379 1666 recenter
1405 1626 1434 1665 a
1467 1609 1728 1668 Gratiano
1771 1609 2004 1665 divisum
2031 1650 2045 1678 ,

451 1701 736 1770 potestatis
766 1699 947 1756 studio
974 1712 1188 1774 captum
1221 1702 1385 1758 fuerit
1416 1702 1512 1776 (b).
1546 1702 1754 1758 Rursus
1783 1703 1891 1758 alio
1929 1703 2050 1758 loco

2150 500 2232 538 res
2284 483 2382 556 (g).
2426 483 2541 538 Hoc
2582 493 2760 537 autem
2819 481 3129 550 apostolica:
3178 479 3323 536 sedis
3373 480 3427 535 in
3477 480 3730 554 Illyricum

2154 585 2440 648 utrumque
2457 577 2544 645 jus
2561 619 2574 643 ,
2600 575 2741 647 quod
2767 574 3146 631 'I‘illemontins
3169 574 3350 630 verbis
3373 591 3400 628 a
3429 575 3737 644 subreptitio

2152 669 2447 726 Theodosii
2469 671 2734 740 rescripto
2761 677 2948 724 mutuo
2973 670 3230 739 acceptis,
3248 670 3624 724 innovationem
3649 683 3732 724 vo-

2151 772 2275 832 cat,
2321 763 2662 820 Theodosius
2705 762 2960 833 Magnus,
3011 761 3303 832 Gregorius
3341 760 3731 826 Nazianzenus,

2152 857 2385 914 Basilius
2404 903 2420 928 ,
2456 875 2520 914 ac
2549 855 3134 926 Constantinopolitaoi
3160 856 3371 911 concilii
3398 854 3582 910 Patres
3609 853 3737 908 facto

2155 953 2474 1022 probarunt,
2499 968 2562 1008 ac
2586 952 2782 1008 rationi
2813 966 3113 1007 consonum
3135 949 3448 1021 judicarunt
3472 990 3484 1010 ,
3515 945 3741 1016 illudque

2151 1047 2462 1105 Bonifacius
2492 1048 2542 1113 I,
2575 1047 2848 1103 Honorius
2878 1045 3076 1101 deinde
3113 1044 3444 1116 Imperator,
3473 1057 3536 1096 ac.
3574 1040 3740 1095 Theo-

2153 1141 2342 1197 dosius
2373 1142 2522 1212 ipse,
2555 1142 2782 1196 veritate
2807 1140 3022 1209 cognita
3043 1180 3056 1203 ,
3090 1137 3192 1190 alia
3242 1149 3466 1207 prorsus
3500 1133 3740 1204 juslaque

2153 1250 2289 1291 voce
2316 1235 2572 1301 laudant,
2602 1249 2664 1290 ac
2694 1233 2888 1287 dudum
2915 1250 2946 1286 a
2979 1229 3219 1284 Patribus
3254 1228 3608 1289 constitutum,
3637 1241 3743 1290 pcr-

2155 1339 2306 1398 petuo
2332 1339 2612 1391 servatum,
2646 1337 2718 1381 tot
2741 1327 3045 1381 steculorum
3065 1324 3345 1379 reverentia
3369 1321 3740 1389 conﬁrmatum,

2154 1431 2404 1478 asserunt
2433 1464 2447 1486 ,
2478 1438 2538 1475 ac
2567 1419 2659 1474 sub
2694 1419 2801 1473 illis
2829 1419 2982 1473 etiam
3010 1416 3329 1487 principibus
3371 1413 3642 1468 obtinuisse
3666 1412 3743 1465 di-

2154 1523 2283 1568 cunt
2304 1555 2318 1581 ,
2351 1529 2477 1584 quos
2503 1511 2650 1566 nulla
2678 1519 2866 1565 nostrce
2895 1509 3157 1580 religionis
3178 1523 3306 1562 cura
3330 1505 3630 1560 constrinxit
3651 1501 3741 1574 (Ιι).

2157 1607 2283 1664 Haec
2313 1607 2490 1663 obiter
2533 1607 2675 1661 dicta
2707 1604 3012 1669 sufliciant,
3062 1619 3186 1659 cum
3217 1601 3352 1656 mihi
3384 1614 3490 1656 non
3521 1599 3591 1654 sit
3634 1599 3744 1650 ani-

2156 1717 2275 1758 mus
2311 1703 2402 1772 jus
2433 1700 2536 1756 hoc
2566 1699 2879 1770 apostolica:
2909 1699 3055 1754 sedis
3085 1713 3115 1750 a
3146 1697 3281 1751 viris
3323 1693 3502 1750 doctis
3543 1689 3748 1763 egregie

446 1794 762 1869 vicariatum
795 1797 947 1852 illum
995 1807 1182 1869 aperte
1230 1801 1503 1870 exagitat,
1554 1814 1618 1855 ac
1660 1799 1823 1854 veluti
1864 1808 2051 1853 contra
2083 1791 2131 1852 B
2156 1794 2487 1850 vindicatum
2517 1807 2802 1857 asserere,
2853 1791 2948 1848 sed
2995 1790 3212 1845 Damasi
3258 1789 3430 1862 gestis
3474 1786 3643 1842 lucem
3671 1782 3746 1837 ai-

445 1905 684 1948 canones
717 1893 1021 1948 institutum
1047 1893 1296 1961 damnat,
1327 1894 1616 1966 laudatque
1639 1893 2004 1950 Theodosium
2032 1937 2046 1962 ,

449 1985 596 2055 quod
625 2001 747 2042 eum
782 1988 1053 2057 rescripto
1083 2002 1182 2042 suo
1213 1997 1562 2043 revocaverat
1590 1986 1660 2058 (c)
1679 2029 1694 2053 ,
1725 2002 1789 2043 ac
1815 1988 2048 2043 dictato-

449 2077 530 2132 rie
567 2078 912 2148 pronuntiat,
947 2079 1149 2134 nullam
1172 2081 1416 2148 essejuri
1441 2095 1736 2152 congruam
1760 2081 2048 2147 rationem,

449 2184 548 2225 cur
572 2170 836 2226 Damasus
860 2172 1089 2242 primum
1116 2187 1210 2242 per
1231 2171 1473 2244 Illyricas
1496 2173 1800 2244 provincias
1822 2172 2052 2228 vicaria-

451 2270 563 2317 tum
625 2278 778 2324 suum
827 2266 1078 2321 conferre
1126 2267 1361 2336 potuerit
1406 2263 1511 2338 (tt).
1561 2265 1763 2322 Verum
1813 2266 2051 2322 nondum

448 2356 687 2414 evictum
715 2369 836 2426 est,
867 2357 1130 2416 Gratiano
1154 2361 1338 2417 deberi
1369 2361 1568 2434 Illyrici
1599 2361 1922 2417 divisionem
1947 2405 1961 2426 ,
1998 2371 2056 2416 ut

449 2467 516 2509 ex
561 2469 622 2508 ea
666 2453 931 2510 Damasus
958 2455 1025 2510 ad
1057 2454 1386 2511 Vicariatnm
1431 2455 1818 2511 instituendum
1851 2456 2054 2510 moveri

448 2546 688 2615 potuerit
714 2564 727 2600 :
750 2545 947 2601 deinde
971 2547 1185 2616 probari
1212 2557 1520 2618 oporteret.
1546 2547 1796 2604 eumdem
1829 2548 2055 2602 vicaria-

449 2644 562 2691 tum
585 2637 807 2693 minime
831 2638 1133 2693 institutum
1162 2637 1330 2694 fuisse
1355 2647 1480 2694 ante
1503 2639 1698 2711 Illyrici
1727 2639 2054 2694 divisionem

451 2741 482 2782 a
528 2727 792 2783 Gratiano
849 2729 1080 2798 factam,
1147 2729 1293 2799 quod
1346 2730 1725 2787 Tillemontius
1780 2747 2054 2802 nunquam

452 2820 687 2876 evincet.
711 2821 819 2878 Fac
838 2831 1017 2878 tamen
1045 2822 1336 2878 Damasum
1360 2823 1590 2880 Acholio
1611 2824 1950 2881 commisisse
1977 2825 2049 2880 vi-

453 2927 546 2980 ces
572 2928 720 2980 suas,
737 2923 796 2968 ut
821 2915 1089 2987 Illyricum
1114 2924 1307 2984 totum,
1345 2928 1474 2972 tunc
1503 2916 1759 2981 divisum,
1779 2917 1880 2972 sub
1908 2933 1968 2973 se
1995 2933 2058 2974 ac

454 3007 825 3076 patriarchatu
846 3023 947 3063 suo
971 3009 1264 3066 retineret:
1283 3011 1430 3081 quid,
1449 3025 1602 3083 rogo,
1623 3011 1867 3082 peccavit
1889 3011 1942 3066 in
1969 3026 2059 3066 ca-

455 3100 672 3156 nones?
697 3100 835 3170 Quid
875 3102 1103 3158 Basilius
1131 3101 1526 3174 Cappadociam
1570 3105 1835 3174 integram
1868 3113 2058 3159 contra

454 3179 770 3248 Anibimum
815 3193 1178 3250 Thianensem
1223 3195 1324 3250 sibi
1357 3209 1610 3252 asserens
1657 3205 1803 3252 tanta
1834 3205 2057 3252 conten-
2085 3197 2128 3261 C

449 3285 635 3351 tione,
667 3285 840 3340 veteri
869 3287 1282 3356 consuetudini,
1315 3297 1376 3343 ut
1414 3287 1894 3346 Nazianzenusait
1940 3290 2013 3364 (ε)
2038 3334 2054 3360 ,

454 3393 519 3436 ac
551 3379 706 3447 huic,
735 3395 857 3452 qua:
881 3396 912 3436 a
945 3381 1193 3437 Patrihus
1223 3383 1359 3440 facta
1390 3385 1564 3440 fuerat
1591 3385 1843 3441 divisioni
1884 3386 2056 3442 inlue-

455 3475 618 3531 rens?
651 3474 922 3532 Cancrum
969 3478 1249 3547 apostolici
1281 3479 1572 3535 vicariatus
1614 3480 1796 3550 origo,
1831 3491 2018 3536 natura
2039 3521 2054 3547 ,

453 3577 510 3623 et
548 3584 709 3624 causa
738 3570 838 3625 alia
871 3581 992 3634 est,
1022 3587 1182 3642 quam
1214 3588 1336 3643 quae
1361 3573 1710 3629 Tillemontio
1754 3574 1868 3630 visa
1915 3574 2057 3643 fuit,

457 3661 726 3732 siquidem
761 3679 822 3718 ea
857 3663 1087 3733 petenda
1119 3673 1237 3731 est,
1273 3675 1331 3719 ut
1359 3665 1680 3721 Bacchinius
1720 3667 1826 3732 ait,
1859 3668 1910 3721 in
1943 3667 2056 3722 dis-

457 3755 754 3809 sertatione
780 3756 849 3810 de
871 3755 1252 3811 εοοιεείθςιὶοω
1282 3756 1605 3812 hierarchite
1627 3759 1930 3830 originibus
1948 3799 1964 3824 ,
1990 3759 2060 3815 ab

455 3859 524 3902 eo
547 3845 703 3916 jure,
735 3861 844 3917 quo
890 3846 1163 3902 Romanus
1191 3847 1480 3919 episcOpus
1515 3850 1665 3905 velut
1707 3851 1898 3907 unicus
1939 3867 2059 3906 mc-

461 3939 821 4007 ιτοιιοιίιθηυε
845 3939 1199 3996 Occidentem
1231 3952 1400 3996 totum
1429 3943 1530 3998 sub
1552 3959 1612 3998 se
1642 3944 1825 3999 habuit
1850 3986 1864 4009 ,
1899 3954 2060 4016 atque

458 4024 824 4080 ecclesiastica
872 4025 1083 4096 negotia
1135 4041 1230 4096 per
1272 4043 1332 4082 se
1362 4045 1482 4083 cum
1535 4039 1746 4098 poterat
1774 4030 1824 4084 in
1871 4029 2062 4086 vicinis

457 4117 786 4188 provinciis,
818 4118 872 4173 in
906 4119 1066 4190 longe
1100 4134 1228 4175 vero
1271 4136 1300 4174 a
1344 4134 1404 4176 se
1439 4121 1646 4176 dissitis
1666 4164 1680 4188 ,
1712 4138 1810 4193 per
1838 4133 2018 4179 certos
2045 4167 2059 4192 ,

457 4212 651 4281 quibus
676 4211 1112 4269 demandandum
1135 4215 1377 4283 censuit,
1408 4217 1693 4288 episcopos
1719 4218 2064 4275 administra-

456 4303 582 4371 bat,
615 4314 673 4360 ut
712 4304 911 4361 factmn
949 4308 1111 4363 etiam
1148 4323 1245 4377 per
1286 4307 1602 4378 episcopum
1633 4309 2060 4367 Alexandrinum

457 4398 514 4452 in
561 4407 675 4454 toto
704 4415 804 4455 suo
851 4402 1220 4471 patriarcbatu
1262 4418 1326 4458 ex
1367 4402 1580 4475 Synesii
1607 4405 1852 4476 epistolis
1895 4406 2059 4462 disci-

458 4503 617 4556 mus;
649 4508 767 4559 qum
792 4505 871 4548 est
901 4509 1062 4549 causa
1090 4538 1104 4562 ,
1136 4511 1234 4551 cur
1258 4495 1473 4551 Nicaeus
1504 4498 1744 4569 synodus
1785 4499 2058 4556 celebrem

2155 1889 2316 1945 ferre.

2226 1981 2313 2038 III.
2359 1981 2424 2037 Ut
2455 1981 2639 2051 itaque
2696 1979 2836 2035 unde
2879 1977 3136 2033 discessit
3195 1983 3504 2032 revertatur
3543 1969 3746 2036 oratio,

2156 2086 2432 2148 postremo
2463 2073 2633 2146 quaeri
2663 2083 2878 2144 posset,
2924 2088 3044 2127 cum
3093 2072 3362 2127 Damasus
3391 2065 3611 2124 Maximi
3655 2061 3750 2135 Cy-

2157 2170 2264 2225 nici
2311 2168 2710 2223 ordinationem
2756 2165 3039 2236 reiecerit,
3087 2163 3177 2234 qui
3229 2164 3348 2219 fieri
3416 2158 3647 2232 potuerit
3696 2163 3752 2209 ut

2157 2263 2398 2318 Italicum
2439 2259 2730 2316 concilium
2761 2274 2880 2313 eam
2914 2257 3111 2312 deinde
3141 2257 3279 2312 tueri
3321 2271 3390 2310 ac
3433 2251 3659 2324 probare
3685 2245 3758 2300 vi-

2157 2359 2351 2414 deatur
2372 2358 2424 2413 in
2454 2357 2648 2411 litteris
2669 2355 2735 2410 ad
2760 2353 3130 2409 Theodosium
3150 2352 3399 2422 scriptis,
3422 2358 3580 2418 atque
3608 2360 3632 2397 a
3657 2342 3760 2399 Sir-

2157 2450 2361 2508 mondo
2389 2449 2548 2506 editis
2578 2449 2630 2503 in
2659 2446 2961 2519 appendice
2983 2445 3202 2500 COtIIt‘IS
3229 2440 3623 2499 Theodosiani.
3656 2435 3758 2504 Ego

2157 2544 2286 2616 quid
2298 2543 2526 2599 sentiam
2543 2557 2808 2611 exuonam
2826 2540 3140 2610 particulari
3159 2538 3424 2604 diatriba,
3444 2549 3548 2607 qua
3568 2543 3758 2588 utram-

2159 2654 2264 2711 que
2298 2637 2444 2692 illam
2476 2637 2761 2704 epistolam
2788 2633 3110 2700 discutiam,
3151 2647 3221 2688 ne
3257 2631 3473 2687 interea
3512 2627 3756 2684 lectorem

2163 2733 2282 2805 plus
2310 2747 2468 2803 teque
2497 2731 2794 2786 detineam.

2731 2843 2962 2901 CAPUT
3003 2840 3194 2899 XVIII.

2160 2964 2288 3032 581,
2322 2966 2525 3021 Duas:
2555 2964 2640 3030 I6,
2670 2962 2766 3018 Fu.
2799 2961 3035 3044 Suasio
3066 2975 3134 3014 ετ
3171 2957 3268 3013 Ρι.
3298 2956 3577 3014 Eucaesto
3617 2962 3758 3008 coss.

2161 3078 2202 3135 I.
2243 3080 2430 3152 Agitur
2459 3079 2524 3132 de
2544 3075 3113 3146 ConstantinOpolitano
3155 3090 3170 3128 ι
3209 3073 3432 3126 concilio
3468 3072 3522 3124 in
3557 3069 3620 3122 iis
3657 3078 3761 3133 qua:

2235 3171 2303 3225 ad
2348 3170 2633 3226 Damasum
2691 3170 2938 3232 attinent,
2971 3183 3033 3222 ac
3087 3166 3326 3237 defensor
3373 3162 3761 3218 Gallicanarum

2234 3269 2642 3341 propositionum
2671 3267 2921 3340 rcjicitur.
2955 3264 3018 3320 II.
3080 3263 3342 3331 Qutcritur
3370 3260 3496 3334 quid
3519 3259 3585 3314 sit
3609 3253 3754 3313 Occi-

2233 3369 2533 3425 dentalium
2568 3378 2748 3422 tomus
2775 3382 2894 3420 can.
2923 3364 2956 3418 5
2982 3370 3312 3424 memoratus,
3347 3360 3408 3414 ob
3429 3373 3579 3430 quem
3606 3359 3762 3409 secta-

2235 3473 2367 3518 tores
2413 3461 2627 3515 Paulini
2657 3459 2962 3514 Antiocheni
3005 3458 3073 3511 ad
3102 3455 3516 3510 communionem
3551 3445 3764 3516 suscepti

2234 3567 2381 3623 sunt,
2407 3556 2540 3610 idem
2581 3571 2746 3609 canon
2788 3552 2997 3607 Meletio
3026 3559 3233 3605 auctore
3257 3550 3494 3604 conditus
3517 3589 3532 3612 ,
3565 3554 3610 3599 et
3645 3556 3763 3614 pro—

2234 3648 2525 3719 mulgatus,
2555 3651 2766 3720 ejusque
2807 3646 3071 3699 occasione
3112 3643 3250 3696 dicta
3285 3659 3318 3696 a
3364 3638 3619 3711 Gregorio
3652 3633 3765 3689 Na-

2234 3744 2478 3796 zianzeno
2503 3741 2668 3795 oratio
2693 3740 2780 3803 I5,
2808 3753 2919 3809 qua:
2948 3738 3254 3806 explicatur,
3275 3745 3332 3788 ut
3354 3734 3509 3789 etiam
3563 3729 3650 3786 M.
3679 3727 3762 3785 III.

2233 3837 2425 3906 Aliqua
2447 3835 2511 3888 de
2538 3835 2571 3888 ’5
2597 3851 2686 3889 seu
2714 3832 2748 3886 4
2775 3849 2992 3895 canone,
3021 3846 3120 3898 quo
3153 3827 3372 3883 Maximi
3411 3825 3596 3896 Cynici
3624 3823 3766 3878 ordi-

2236 3928 2375 3982 natio
2401 3929 2590 3999 rejecta
2611 3936 2702 3980 est.
2731 3923 2818 3980 IV.
2863 3923 2940 3976 De
2963 3920 3200 3976 Flaviani
3223 3917 3532 3974 Autiocheni
3557 3917 3768 3971 ordina-

2235 4019 2391 4084 tione,
2419 4029 2569 4088 atque
2597 4018 2684 4086 iis,
2709 4033 2825 4088 qua:
2846 4025 2966 4070 tunc
2989 4025 3127 4088 gesta
3148 4025 3194 4069 et
3235 4021 3456 4068 tractata
3482 4019 3618 4064 sunt.

2232 4133 2273 4187 Ι.
2317 4131 2414 4187 Hic
2450 4147 2624 4187 annus
2677 4146 2740 4186 ac
2783 4145 3022 4201 sequens
3061 4129 3243 4202 plures
3296 4142 3360 4182 ac
3415 4124 3764 4198 gravissimas

2163 4240 2254 4282 res
2293 4239 2478 4280 secum
2512 4224 2763 4290 adducit,
2811 4225 3010 4294 quibus
3051 4222 3386 4278 illustrandis
3428 4236 3530 4293 pro
3561 4214 3759 4289 ingenii

2165 4318 2386 4374 modulo
2417 4317 2849 4373 immorabimur.
2896 4317 3107 4372 Initium
3149 4333 3280 4374 vero
3323 4316 3517 4372 iaciam
3564 4328 3591 4366 a
3624 4309 3760 4366 Con-

2163 4409 2657 4487 stantinopolitano
2672 4409 2925 4474 concilio,
2947 4408 3089 4478 quod
3110 4424 3251 4463 anno
3275 4410 3392 4481 ipso
3411 4421 3550 4480 pene
3570 4404 3758 4461 ineun-

2165 4512 2219 4560 te
2243 4512 2512 4572 emptum,
2545 4501 2633 4556 die
2659 4500 2692 4556 9
2721 4499 2850 4556 Julii
2881 4501 3041 4554 linem
3075 4499 3281 4555 habuit.

459 4582 607 4637 illam
653 4584 795 4640 inter
840 4600 934 4640 eos
979 4588 1442 4658 comparationem
1494 4589 1789 4648 instituerit
1837 4608 1960 4648 can.
2004 4593 2055 4649 6.
2087 4593 2141 4652 D
2237 4597 2572 4667 Disputatum
2602 4607 2721 4658 est,
2753 4609 2821 4648 an
2867 4593 2996 4648 illud
3041 4604 3263 4650 auctore
3293 4594 3528 4649 Damaso
3565 4601 3758 4648 convo-

459 4675 632 4742 Quam
665 4678 763 4731 viri
789 4677 1093 4734 doctissimi
1119 4682 1443 4736 sententiam
1483 4683 1811 4740 confirmare
1849 4687 2060 4742 videtur

457 4769 804 4825 Innocentius
827 4769 850 4825 I
871 4813 886 4837 ,
921 4773 971 4827 in
1001 4775 1227 4842 epistula
1256 4775 1323 4829 ad
1367 4777 1735 4832 Alexandrum
1761 4778 2060 4836 Antioche-

457 4875 621 4925 num,
653 4877 756 4930 qua
805 4879 928 4917 eum
963 4873 1178 4930 monet,
1213 4875 1268 4919 ut
1298 4866 1586 4937 episcopos
1615 4868 1771 4938 longe
1801 4886 1830 4924 a
1861 4887 1920 4926 se
1960 4887 2058 4941 po-

457 4957 591 5012 sitos
641 4973 738 5028 per
799 4958 953 5014 datas
997 4975 1028 5014 a
1081 4974 1141 5015 se
1177 4959 1384 5016 litteras
1442 4961 1680 5018 ordinari
1717 4964 1907 5034 jubeat
1957 4963 2056 5038 (f);

460 5063 525 5104 ac
553 5049 662 5104 Leo
700 5050 923 5121 Magnus
975 5067 1096 5106 cum
1125 5053 1412 5108 Anastasio
1440 5052 1909 5113 Thessalonicensi
1936 5075 2061 5128 pro-

460 5141 645 5197 ﬁtetur
676 5145 824 5200 vices
852 5159 981 5200 suas
1004 5145 1285 5216 delegasse
1315 5163 1375 5202 se
1397 5189 1412 5216 ,
1441 5158 1495 5201 ut
1523 5165 1727 5216 curam,
1758 5169 1910 5220 quam
1939 5155 2060 5206 uni-

461 5237 621 5292 versis
648 5235 892 5294 Ecclesiis
921 5241 1274 5313 principaliter
1317 5257 1380 5295 ea:
1406 5242 1582 5298 diuina
1625 5245 1941 5302 institutione
1966 5249 2060 5303 de-

460 5329 636 5384 bemus
660 5373 675 5398 ,
719 5333 992 5403 adiuvares
1017 5371 1058 5398 ,,
1091 5342 1139 5386 et
1185 5332 1475 5404 longinquis
1519 5351 1552 5390 a
1596 5336 1741 5391 nobis
1787 5340 2061 5409 prouinciis

534 5519 612 5586 (α)
652 5521 834 5590 Antiq.
867 5518 934 5574 E.
966 5517 1068 5585 IL,
1099 5517 1239 5589 disp.
1263 5519 1319 5584 5,
1353 5533 1476 5590 cap.
1506 5517 1562 5573 2.

561 5590 614 5648 b)
656 5591 728 5646 De
758 5591 972 5646 Datnas.
1008 5601 1110 5646 art.
1143 5591 1228 5648 15.

533 5661 607 5734 (ἐ)
645 5663 779 5734 Cod.
809 5663 1016 5718 Thcod.
1053 5663 1158 5729 leg.
1189 5663 1259 5717 45
1281 5704 1295 5728 ,
1327 5661 1425 5734 lib.
1449 5679 1570 5734 xvt,
1603 5665 1685 5721 tit.
1715 5665 1770 5720 2.

536 5732 616 5802 (d)
657 5735 730 5789 De
759 5733 932 5788 Boaif.
963 5743 1066 5789 art.
1096 5735 1129 5790 9
1152 5777 1166 5802 ,
1197 5745 1328 5789 tom.
1359 5732 1476 5791 XII.

533 5807 604 5872 (ρ)
645 5804 700 5860 In
733 5805 877 5860 laud.
911 5806 1034 5862 Bas.
1063 5817 1200 5861 orat.
1229 5806 1319 5861 90.

2165 4700 2344 4746 catum
2373 4690 2475 4756 sit,
2525 4687 2645 4742 aliis
2676 4687 3044 4742 asserentibus
3068 4727 3083 4754 ,
3115 4688 3440 4758 negantibus
3465 4687 3587 4743 aliis
3633 4701 3646 4738 :
3693 4695 3756 4735 an

2169 4793 2428 4852 praeterea
2463 4779 2715 4834 Acholius
2739 4778 2979 4847 ejusdem
3004 4779 3272 4850 pontificis
3298 4781 3444 4836 vices
3469 4763 3526 4835 in
3553 4793 3619 4833 eo
3639 4788 3761 4845 ege-

2167 4873 2260 4930 rit.
2291 4872 2444 4941 Quod
2464 4871 2649 4942 itaque
2677 4872 2741 4926 ad
2773 4873 3004 4942 primum
3033 4873 3254 4936 attinet,
3281 4873 3374 4945 qui
3415 4874 3550 4929 illud
3591 4871 3760 4927 Theo—

2165 4965 2303 5021 dosii
2329 4965 2515 5034 jussu,
2560 4964 2773 5019 Damasi
2815 4965 3106 5020 accedente
3149 4965 3310 5020 etiam
3358 4966 3681 5022 auctoritate
3708 4968 3758 5015 et

2165 5072 2433 5114 consensu
2478 5066 2835 5113 convocatum
2872 5072 2936 5112 ac
2962 5067 3344 5128 congregatum
3369 5059 3643 5122 scribunt,
3677 5053 3757 5107 vix

2163 5167 2349 5209 errare
2399 5151 2622 5208 dixeris.
2676 5150 2807 5205 Nam
2852 5166 2973 5206 cum
3020 5151 3296 5208 Romanus
3347 5154 3588 5223 pontifex
3630 5159 3759 5206 tem-

2165 5246 2371 5316 pestive
2399 5243 2666 5310 monitus,
2697 5243 3112 5310 convocationi,
3140 5243 3282 5315 quod
3312 5242 3488 5300 facere
3517 5244 3642 5315 jure
3669 5254 3756 5311 po‘

2165 5347 2306 5396 terat
2359 5339 2458 5410 (i),
2513 5337 2733 5393 minime
2780 5337 3185 5404 intercesserit,
3237 5346 3424 5394 auctor
3468 5336 3643 5395 videri
3695 5345 3755 5388 ac

2227 5519 2297 5601 (tl.
2337 5518 2494 5601 erat!
2520 5517 2712 5601 Cum;
2735 5517 3018 5601 epist-3':
3075 5589 3087 5601 .

2347 5591 2653 5673 Epist."12,
2681 5589 2834 5673 .qut.
2866 5589 3042 5673 μυεςάΖ
3074 5589 3326 5673 impress:

2251 5657 2308 5744 ξε)
2335 5657 2503 5744 Apud
2528 5663 2840 5744 C_o_ustant.,
2875 5661 2928 5715 in
2954 5657 3122 5744 epist;
3150 5657 3333 5719 'Bonif.
3465 5663 3530 5730 8,
3566 5663 3630 5732 9,
3663 5657 3747 5716 I0.

2252 5733 2486 5818 i)nSocr.
2510 5775 2524 5799 ,
2555 5735 2754 5818 III-lin",
2803 5748 2922 5802 cap.
3090 5734 3305 5795 Sozom.
3329 5776 3343 5803 ,
3382 5735 3473 5793 lib.
3510 5751 3598 5802 ιη,
3629 5745 3743 5801 cap-

2157 5803 2406 5876 illiBar.
2433 5821 2558 5862 ann.
2592 5805 2732 5872 551,
2765 5821 2915 5861 num.
2945 5803 3038 5860 20.
