3878 6346
77 286 196 343 217

1491 287 1867 347 PROLEGOM
1877 290 2031 347 ENA.

3299 301 3406 362 218

76 402 199 458 dici
222 406 443 475 potuit,
471 414 530 461 ut
551 404 679 461 illttd
707 413 1125 478 congregaretur
1149 422 1165 472 ;
1197 420 1319 476 quae
1345 408 1587 477 profecto
1615 416 1697 462 est
1725 407 1776 468 Δ
1801 410 1935 463 rium
1969 408 2321 466 Romanorum
2343 413 2639 485 episcopum
2666 415 2911 471 miserant
2937 433 3029 486 per
3057 416 3405 487 Eusthatium,

78 498 269 563 ratio,
325 515 424 554 cur
470 510 622 554 sexta
668 500 942 571 synodus,
983 499 1291 555 Theodosio
1348 516 1410 555 ac
1474 502 1704 556 Damaso

78 588 347 658 ejusdem
378 592 598 646 concilii
628 592 1073 647 convocationem
1107 592 1303 646 tribuat
1331 591 1407 663 (a)
1428 634 1442 656 ,
1483 602 1539 646 at
1579 593 1701 648 nul-

80 683 174 739 lus
204 687 441 739 omnino
466 685 682 741 Damasi
709 687 949 758 ejusdem
978 687 1184 758 legatus
1208 685 1383 753 alluit,
1414 696 1703 758 errantque

79 779 129 834 si
165 780 265 849 qui
297 789 460 841 sunt,
494 781 584 851 qui
614 779 897 836 Acbolium
929 780 1193 851 dignitate
1220 781 1310 835 illa
1340 782 1408 835 ab
1436 796 1501 836 eo
1544 798 1703 836 orna-

81 881 203 926 tum
232 882 497 941 censent,
524 888 644 928 cum
668 873 1165 929 Thessalonicensis
1191 875 1478 944 episeOpus
1501 875 1601 930 sub
1624 877 1701 944 ip-

79 967 202 1021 sius
233 967 458 1023 concilii
490 967 652 1023 liuem
680 1008 697 1035 ,
726 978 888 1039 atque
934 976 992 1022 ut
1018 967 1271 1022 electioni
1316 965 1704 1022 Constantino-

82 1062 327 1132 politani
353 1062 591 1133 episcopi
621 1073 742 1133 post
769 1063 1012 1133 Gregorii
1040 1063 1412 1118 dimissionem
1438 1061 1702 1119 faciendae

81 1155 355 1222 adesset,
384 1155 678 1211 advocatus
706 1154 900 1223 fuerit,
932 1163 990 1211 ut
1017 1157 1123 1211 alio
1156 1156 1275 1211 loco
1305 1157 1435 1211 dixi.

160 1246 289 1302 Jam
322 1263 471 1309 vero,
496 1248 639 1318 quod
665 1248 731 1305 ad
757 1249 1000 1321 ejusdem
1034 1250 1249 1306 concilii
1285 1251 1415 1305 Acta
1446 1250 1695 1320 pertinet,

90 1342 183 1396 illa
256 1343 371 1411 jam
422 1344 596 1398 Pbotii
658 1353 817 1399 aetate
866 1344 1140 1413 perierant
1186 1363 1197 1396 :
1251 1343 1456 1414 aliquot
1519 1344 1701 1413 itaque

90 1435 383 1491 dumtaxat
411 1447 702 1507 supersunt
727 1451 962 1492 canones
985 1479 1000 1503 ,
1032 1452 1261 1508 quorum
1290 1437 1380 1491 alii
1407 1436 1472 1490 ad
1501 1434 1659 1491 [idem
1681 1479 1696 1505 ,

92 1531 183 1585 alii
217 1531 287 1586 ad
335 1531 677 1601 disciplinam
708 1539 971 1601 spectant.
998 1531 1080 1585 Ad
1129 1530 1288 1586 [idem
1318 1530 1552 1601 pertinet
1593 1530 1702 1597 pri-

92 1640 219 1680 mus
239 1641 451 1692 canon,
475 1640 583 1695 quo
603 1639 725 1680 cum
755 1626 875 1680 aliis
901 1625 1172 1681 haereticis
1198 1623 1695 1687 Pueumatomacbi,

95 1729 258 1791 atque
288 1719 689 1792 Apollinarista:
718 1719 955 1774 damnati
987 1728 1131 1774 sunt.
1164 1718 1237 1775 At
1278 1732 1373 1773 eos
1418 1717 1564 1787 ipsos
1596 1715 1699 1770 Da-

1806 518 1896 557 nec
1919 512 2050 558 recte
2077 520 2163 559 eos
2192 506 2384 573 facere,
2410 510 2496 579 qui
2517 527 2630 563 cum
2652 512 3043 568 consentientem
3065 514 3187 584 ﬁdei
3214 516 3409 571 doctri-

1807 612 1923 649 nam
1953 598 2109 651 semel
2135 600 2465 669 agnoverint,
2510 602 2697 657 iterum
2730 621 2864 659 nunc
2892 621 2982 673 ea,
3028 624 3144 677 qua:
3173 608 3236 662 ab
3279 610 3408 681 ipsis

1805 687 2010 742 decreta
2031 700 2147 743 sunt
2163 731 2179 758 ,
2205 689 2488 747 subvertere
2504 706 2770 751 conentur.
2799 696 2951 753 Unde
2973 699 3116 755 enim
3139 699 3409 756 Constan-

1805 781 2033 851 tinopoli
2078 785 2388 856 congregati
2438 786 2678 856 episcopi
2724 788 3026 846 doctrinam
3081 793 3227 849 illam
3279 795 3406 851 ﬁdei

1804 889 2099 931 consonam
2131 891 2254 933 esse
2275 889 2638 948 cognoverant
2661 923 2675 947 ,
2705 897 2863 953 quam
2903 899 2967 940 ex
2999 874 3244 943 anteaCta
3278 903 3408 957 apo-

1804 968 2008 1024 stolicae
2039 970 2185 1025 sedis
2214 971 2315 1026 sub
2343 971 2561 1028 Liberio
2591 972 2909 1031 definitione
2928 1018 2942 1040 ,
2972 986 3027 1033 et
3051 979 3286 1050 judicio,
3318 982 3407 1037 cui

1804 1062 2177 1119 Macedoniani
2207 1066 2305 1137 ipsi
2350 1081 2470 1122 sese
2514 1069 3035 1126 submiserant?llla
3081 1074 3264 1145 itaque
3309 1090 3407 1130 eo-

1804 1158 2047 1212 rumdem
2078 1160 2456 1230 episcoporum
2504 1164 2802 1229 sententia,
2853 1179 2949 1233 pro
2994 1166 3186 1220 alienis
3230 1182 3258 1220 a
3302 1166 3408 1223 ﬁde

1803 1253 2167 1308 censebantur
2206 1265 2335 1310 ante
2367 1256 2541 1326 ipsum
2574 1258 2893 1322 concilium,
2922 1259 3160 1330 ﬁchque
3189 1277 3219 1315 a
3248 1262 3408 1320 Libe-

1802 1348 1885 1401 rio
1929 1350 2236 1418 pr0posita,
2300 1349 2742 1420 irreformabilis,
2790 1362 2950 1424 atque
2998 1354 3408 1415 irretractabilis

1802 1438 2099 1507 dogmatis,
2142 1457 2335 1497 eorum
2364 1442 2571 1514 judicio
2604 1445 2708 1499 vim
2751 1459 3142 1517 assumpserat.
3188 1450 3407 1508 Erit-ne

1802 1536 1963 1607 igitur
1992 1538 2083 1607 qui
2112 1548 2266 1609 putet
2293 1540 2413 1595 illos
2460 1540 2510 1594 in
2555 1540 2823 1613 synodum
2851 1556 3212 1614 congregasse
3241 1560 3364 1603 sese
3387 1589 3403 1615 ,

1804 1640 1861 1686 ut
1889 1632 2298 1688 deﬁnitionibus
2329 1635 2436 1689 illis
2466 1648 2691 1689 assensu
2716 1651 2815 1689 suo
2846 1637 3011 1691 robur
3054 1639 3364 1694 caulerrent
3386 1680 3403 1708 ,

1802 1734 1858 1782 et
1881 1726 2296 1781 auctoritatem?
2322 1725 2412 1792 At,
2446 1728 2618 1799 inquit
2658 1730 2893 1801 scriptor
2922 1728 3011 1785 ille
3039 1731 3281 1801 quisquis
3310 1731 3403 1799 sit,

100 1828 288 1870 masus
313 1814 417 1884 jam
444 1824 600 1868 antea
634 1814 1015 1880 damnaverat,
1045 1813 1269 1883 ejusque
1298 1811 1512 1868 decreta
1535 1853 1550 1877 ,
1584 1818 1688 1865 tum

1804 1817 2361 1892 Constantinopolitani
2386 1819 2589 1886 Patres,
2610 1822 2788 1875 relatis
2817 1821 2905 1887 iis,
2936 1837 3151 1893 quaeque
3178 1823 3316 1877 circa
3341 1824 3408 1892 ﬁ-

108 1902 470 1963 Occidentales
490 1918 681 1960 omnes
704 1904 974 1975 episcopi,
1010 1914 1119 1958 tum
1147 1903 1469 1966 Orientales,
1496 1903 1540 1957 si
1572 1918 1701 1971 pau-

108 2010 204 2051 cos
257 1995 662 2052 Macedonianos
709 1997 986 2067 excipias,
1038 1996 1308 2065 complexi
1371 1995 1599 2051 fuerant.
1642 1995 1698 2050 Si

107 2091 229 2159 quis
256 2089 353 2145 hac
375 2089 439 2145 de
466 2106 525 2146 re
555 2090 797 2159 dubitat,
829 2092 985 2147 adeat
1015 2091 1189 2145 virum
1229 2090 1597 2146 doctissimum
1633 2089 1697 2145 P.

101 2182 221 2238 Orsi
243 2225 259 2250 ,
288 2186 376 2255 qui
411 2186 681 2242 Eeclesias
707 2200 900 2241 omnes
932 2199 1256 2257 percurrens
1287 2200 1400 2240 rem
1432 2186 1482 2239 in
1515 2195 1699 2255 aperta

99 2279 217 2334 luce
242 2282 469 2336 collocat
500 2282 598 2355 (b).
646 2281 869 2337 Frustra
899 2282 1080 2353 itaque
1125 2281 1434 2335 Bossuctius
1464 2278 1567 2334 hoc
1611 2294 1703 2334 ca-

96 2390 238 2431 none
265 2377 540 2445 abutitur,
584 2387 642 2432 ut
689 2379 909 2448 probet,
942 2378 993 2431 in
1044 2376 1167 2432 fidei
1213 2374 1597 2430 controversiis
1636 2373 1700 2427 li-

94 2468 309 2524 niendis
352 2469 422 2525 ad
466 2469 612 2526 sedis
658 2470 968 2540 apostolicae
1014 2470 1420 2532 auctoritatem,
1468 2464 1696 2521 aliarum

90 2578 306 2635 quoque
356 2579 685 2620 consensum
733 2564 1095 2619 Ecclesiarum
1154 2562 1415 2618 accedere
1458 2560 1692 2626 debere,

91 2671 323 2728 eumque
369 2668 660 2727 propterea
710 2658 762 2711 in
810 2658 1005 2722 linem,
1035 2654 1694 2725 Constantinopolitanum

91 2746 189 2804 hoc
215 2749 513 2805 concilium
541 2760 926 2821 congregatum
955 2749 1117 2804 fuisse
1138 2792 1154 2817 ,
1188 2760 1246 2803 ut
1277 2763 1344 2804 eo
1370 2748 1579 2804 scilicet
1607 2763 1698 2803 ea-

90 2857 230 2897 none
266 2842 339 2898 de
382 2844 745 2899 consensione
794 2843 895 2898 hac
938 2854 992 2898 et
1025 2845 1229 2898 unitate
1276 2850 1528 2898 constare
1568 2857 1693 2912 pos-

86 2945 167 2988 set
196 2934 289 3007 (c).
348 2936 429 2989 An
464 2950 593 2991 vero
644 2936 1021 3007 episcoporum
1067 2935 1272 3005 aliquot
1313 2934 1691 2991 haereticorum

84 3029 425 3084 contumacia
459 3028 677 3084 ellicere
705 3030 902 3099 potuit,
937 3039 993 3083 ut
1022 3029 1260 3100 generali
1295 3030 1527 3084 concilio
1557 3044 1693 3098 opus

83 3130 254 3191 esset,
299 3138 409 3193 pro
455 3122 744 3193 dogmate,
791 3122 934 3192 quod
975 3122 1291 3192 apostolica:
1319 3123 1465 3177 sedis
1488 3122 1692 3193 judicio

1804 1910 1919 1964 dem
1940 1954 1954 1975 ,
1986 1928 2199 1981 quotque
2224 1914 2361 1967 circa
2392 1913 2719 1982 disciplinam
2750 1930 2782 1967 α
2811 1931 2865 1968 se
2892 1914 3094 1969 decreta
3122 1925 3319 1983 essent,
3351 1916 3407 1970 id

1802 2012 2000 2057 tantum
2028 2006 2287 2075 postulant
2310 2048 2324 2071 ,
2354 2017 2409 2060 ut
2431 2004 2691 2062 Damasus
2714 2049 2728 2074 ,
2756 2016 2801 2061 et
2829 2010 2919 2078 qui
2946 2025 3062 2062 cum
3091 2009 3204 2078 ipso
3234 2018 3401 2078 erant,

1801 2097 2028 2166 episcopi
2058 2139 2072 2162 ,
2103 2114 2275 2152 secum
2302 2099 2624 2153 collwtentur
2643 2142 2658 2166 ,
2681 2110 2833 2171 atque
2858 2101 2933 2154 ita
2960 2104 3191 2173 futurum
3219 2102 3362 2156 aiunt
3386 2144 3402 2168 ,

1800 2199 1854 2243 ut
1883 2206 1996 2243 cum
2039 2193 2243 2246 verbum
2282 2191 2381 2247 Dei
2410 2194 2666 2247 communi
2695 2210 2944 2248 consensu
2988 2195 3272 2249 stabilitum
3296 2237 3311 2259 ,
3358 2204 3407 2251 et

1801 2280 2095 2338 Christiana
2141 2287 2273 2339 inter
2302 2303 2392 2340 nos
2422 2288 2650 2341 charitas
2693 2289 2999 2356 conﬁrmata
3046 2290 3239 2361 fuerit,
3271 2290 3407 2344 desi-

1800 2394 1983 2432 namus
2010 2379 2066 2431 id
2097 2379 2296 2448 dicere,
2325 2382 2464 2451 qnod
2488 2380 2549 2433 ab
2572 2381 2834 2450 Apostolis
2864 2383 3260 2436 condemnatum
3289 2393 3363 2437 est
3384 2423 3401 2450 ,

1801 2469 1913 2541 Ego
1942 2472 2148 2542 quidem
2175 2489 2285 2526 sunt
2312 2472 2524 2544 Apollo,
2556 2490 2648 2543 ego
2680 2482 2849 2527 autem
2880 2471 3083 2545 (Iephte.
3110 2473 3261 2528 Videt
3283 2490 3405 2528 eru-

1800 2565 1937 2619 ditus
1963 2566 2159 2630 lector,
2188 2579 2241 2621 ut
2272 2570 2325 2621 in
2353 2568 2612 2621 communi
2643 2583 2893 2620 consensu
2933 2568 3068 2622 verbi
3098 2567 3407 2636 interpreta‘

1798 2661 1989 2714 tionem
2023 2680 2084 2716 ac
2106 2661 2229 2725 fidei
2259 2663 2588 2716 stabilitatem
2635 2661 2909 2715 collucent.
2945 2661 3038 2715 "te
3066 2661 3265 2717 litterze
3296 2676 3402 2717 non

1798 2752 1863 2808 ad
1908 2754 2573 2825 Constantiuopolitanum
2624 2740 3182 2823 primumconcilium
3238 2753 3405 2823 perti-

1798 2858 1927 2903 nent
1948 2892 1962 2916 ,
1994 2847 2091 2903 sed
2122 2848 2189 2902 ad
2229 2850 2460 2903 alterum
2489 2847 2783 2919 quemdam
2812 2855 3140 2915 conventum
3171 2860 3403 2915 sequen.

1797 2943 1865 2996 tis
1891 2943 1959 2997 ab
1992 2943 2093 2997 hoc
2122 2944 2247 2997 anni
2268 2984 2281 3008 ,
2311 2943 2378 2996 ad
2407 2958 2567 3014 quem
2597 2957 2782 2997 earum
2805 2941 3200 2997 discussionem
3226 2939 3405 3011 rejici-

1797 3051 1938 3091 mus.
1968 3036 2170 3092 Verum
2199 3051 2305 3091 non
2334 3035 2388 3090 id
2427 3036 2723 3106 qmerimus
2744 3075 2759 3099 ,
2791 3051 2859 3088 an
2902 3034 3401 3104 Constantinopoli-

1797 3129 1906 3183 taui
1932 3127 2118 3183 Patres
2147 3129 2464 3198 apostolica:
2496 3128 2640 3181 sedis
2668 3126 3074 3182 deﬁnitionibus
3108 3140 3404 3180 consense-

84 3216 365 3272 dclinitum
404 3227 566 3288 atque
614 3216 869 3271 Ecclesia:
894 3217 1057 3270 totius
1086 3216 1343 3285 obsequio
1368 3216 1688 3285 comproba-

1799 3222 1941 3289 rint,
1975 3230 2032 3275 ut
2060 3221 2239 3277 facere
2267 3222 2621 3287 tenebantur,
2659 3221 2752 3276 sed
2785 3237 2851 3273 an
2881 3219 3172 3274 dissentire
3209 3227 3399 3289 potuc-

85 3323 189 3366 tum
241 3312 461 3377 fuerat,
516 3311 710 3367 iterum
758 3308 1127 3365 stabilienda?
1182 3308 1236 3362 Id
1289 3323 1452 3373 vero,
1515 3323 1687 3378 neque

85 3405 634 3474 pseudo-Bossuctius
655 3446 669 3469 ,
701 3419 874 3474 neque
900 3402 1096 3473 aliquis
1123 3418 1185 3457 ex
1214 3402 1531 3457 doctissimo
1549 3440 1565 3467 ,
1600 3415 1683 3455 re-

84 3499 537 3570 ligiosissimoque
565 3498 966 3555 Gallicanorum
1001 3497 1289 3567 praesulum
1315 3509 1548 3566 corpore
1589 3510 1688 3549 un-

84 3609 236 3665 quam
268 3594 510 3661 dixerit;
545 3609 669 3647 nam
701 3609 808 3662 quo
838 3592 944 3647 alio
974 3591 1081 3647 telo
1102 3590 1413 3646 Janseniani
1445 3588 1687 3644 haeretici

86 3690 335 3759 generale
367 3689 658 3744 Concilium
688 3687 885 3742 frustra
909 3732 923 3755 ,
954 3687 1188 3757 doloque
1215 3687 1357 3741 malo
1386 3685 1685 3740 inclaman-

89 3793 194 3851 tcs,
225 3799 403 3854 nuper
433 3784 498 3838 ab
528 3783 593 3837 iis
619 3781 830 3853 disjecti
860 3790 986 3836 sunt
1021 3792 1073 3835 et
1105 3781 1394 3851 prostrati?
1426 3782 1506 3834 An
1556 3793 1687 3833 vero

86 3878 239 3932 aliam
261 3877 533 3947 Gregorio
560 3876 777 3946 utrique
797 3918 811 3941 ,
845 3875 1092 3939 Meletio,
1133 3872 1544 3943 Amphilochio,
1575 3886 1684 3926 ca:-

89 3972 314 4041 terisque
364 3970 471 4024 illis
500 3967 1085 4037 ConstantinOpolit:mi
1130 3966 1342 4022 concilii
1393 3966 1643 4021 Patribns
1670 4006 1684 4029 ,

89 4064 239 4119 aliam
297 4063 595 4121 Gallicanis
651 4062 924 4133 episcopis
978 4069 1215 4116 mentem
1271 4061 1434 4115 luisse
1489 4058 1688 4114 dixerit

89 4159 313 4228 scriptor
350 4158 481 4213 ille?

154 4252 373 4309 Certum
407 4252 620 4323 itaque,
650 4260 935 4322 ratumque
962 4251 1065 4316 sit,
1100 4250 1389 4319 episcopos
1422 4248 1542 4303 illos
1579 4262 1684 4303 non

92 4347 323 4414 potuisse
353 4362 683 4417 congregare
704 4361 825 4401 sese
845 4387 860 4412 ,
888 4360 1064 4414 neque
1086 4360 1347 4399 canonum
1380 4343 1529 4397 illum
1556 4359 1686 4397 con-

93 4436 283 4495 didisse
306 4454 376 4495 eo
398 4439 737 4510 potissimum
778 4436 1007 4493 consilio
1031 4479 1044 4502 ,
1072 4448 1126 4491 ut
1150 4436 1215 4491 de
1238 4435 1597 4490 consensione
1634 4445 1688 4490 et

94 4531 289 4587 unitate
335 4539 643 4599 consuaret,
692 4529 759 4585 de
798 4546 900 4600 qua
930 4530 1108 4585 nullus
1143 4540 1260 4584 erat
1296 4528 1577 4583 dubitandi
1610 4529 1688 4584 lo-

1791 3314 1919 3370 riut.
1951 3315 2007 3369 1d
2038 3330 2170 3369 vero
2214 3324 2324 3381 est,
2370 3313 2512 3385 quod
2545 3313 2646 3368 sibi
2689 3312 2912 3367 minime
2952 3326 3273 3367 concessum
3305 3325 3403 3381 pu-

1791 3419 1936 3471 tant,
1964 3418 2017 3462 ut
2041 3424 2105 3463 ex
2130 3408 2353 3463 Socrate
2386 3418 2440 3463 et
2488 3407 2790 3462 Sozomeno
2837 3405 3160 3459 audivimus.
3202 3404 3401 3473 Quant-

1789 3501 1978 3557 obrem
2010 3517 2078 3555 ex
2106 3500 2209 3556 hoc
2237 3500 2390 3565 loco,
2422 3499 2758 3569 detortisque
2786 3514 2816 3553 a
2849 3508 2997 3553 recto
3025 3512 3188 3553 sensu
3220 3497 3400 3553 verbis

1790 3598 1999 3653 nullum
2022 3595 2309 3652 sententia:
2329 3611 2438 3650 suae
2459 3593 2769 3666 priesidium
2790 3607 2986 3664 capere
3005 3591 3145 3647 idem
3168 3592 3403 3662 scriptor

1834 3699 1994 3745 otest.

1834 3706 1994 3745 oteSt.

1788 3706 1825 3764 Ρ
1863 3782 1927 3838 ll.
1968 3782 2240 3837 (Sa-terum
2264 3824 2277 3848 ,
2311 3795 2432 3850 qua:
2460 3778 2623 3833 fuerit
2651 3776 3233 3848 Constantinopolitani
3273 3789 3403 3829 con-

1788 3875 1896 3931 cilii
1943 3886 2068 3945 erga
2093 3874 2320 3943 primam
2349 3870 2533 3927 sedem
2573 3870 2918 3925 observantia
2942 3911 2955 3934 ,
2980 3879 3035 3923 ct
3056 3867 3398 3939 obsequium,

1789 3986 1854 4027 ex
1885 3971 2074 4041 quinto
2097 3969 2215 4039 ejus
2240 3981 2450 4023 canone
2474 3982 2580 4020 non
2611 3966 2842 4020 obscure
2869 3963 3160 4036 colligitur.
3185 3962 3274 4019 Ait
3300 3963 3401 4017 ita-

1793 4080 1899 4136 que
1928 4080 2099 4118 canou
2134 4081 2146 4115 :
2183 4060 2262 4116 De
2293 4075 2432 4114 tomo
2465 4059 2876 4114 Occidentalium
2920 4058 3074 4111 etiant
3102 4073 3187 4110 eos
3231 4073 3401 4110 susce-

1791 4162 1957 4229 pimus
1984 4160 2074 4228 qui
2093 4155 2597 4224 unam,.4ntiocltia:,
2633 4152 2829 4217 Patris,
2861 4163 2909 4207 et
2933 4151 3079 4215 Filii,
3107 4151 3401 4220 etSpiritus

1789 4252 1956 4305 sancti
1981 4250 2297 4304 divinitatem
2325 4248 2656 4315 conﬁtentur.
2687 4244 2961 4311 Qnteritur
2987 4245 3127 4297 inter
3156 4241 3400 4296 eruditos

1789 4345 1918 4414 quid
1968 4343 2338 4399 intellexerint
2378 4340 2591 4396 concilii
2640 4340 2831 4394 Patres
2860 4339 2952 4393 sub
2985 4338 3397 4394 Occidentalium

1790 4447 1961 4504 torno;
1987 4438 2273 4505 variasque
2302 4436 2354 4489 in
2393 4433 2690 4488 sententias
2720 4432 2850 4486 itum
2876 4441 2986 4497 est,
3019 4447 3138 4503 quae
3164 4431 3307 4502 apud
3331 4433 3398 4488 de

1790 4533 1965 4587 Marca
1988 4573 2000 4595 ,
2033 4530 2338 4594 Valesium,
2374 4528 2618 4596 Lupum,
2647 4527 3082 4594 Tillemontium,
3116 4526 3387 4595 Caveum,

95 4636 201 4679 cus.
245 4625 382 4691 Quin
427 4639 557 4679 vero
588 4623 631 4678 si
662 4623 939 4678 Socratem
981 4631 1035 4678 et
1074 4622 1434 4677 Sozomenum
1479 4629 1683 4675 attente
1713 4600 1767 4660 Ῑ)
1791 4635 1954 4693 atque
1978 4624 2113 4678 alios
2145 4622 2249 4692 legi
2280 4630 2525 4691 possunt.
2557 4621 2670 4691 Ego
2695 4631 2873 4675 tamen
2900 4621 2965 4675 ad
2996 4619 3280 4677 veritatem
3306 4634 3397 4674 ac-

97 4712 346 4783 legimus,
391 4726 580 4788 aperto
630 4716 934 4785 colligimus
990 4732 1018 4768 a
1069 4714 1683 4785 Constantinopolitanis

99 4803 335 4863 Patribus
360 4810 644 4864 damnatos
671 4809 1034 4864 Semiariauos
1072 4818 1127 4864 et
1156 4806 1681 4864 Pneumatomacbos

98 4897 162 4951 ob
188 4914 302 4954 eam
333 4903 667 4970 potissimum
708 4917 924 4956 causam
966 4900 1131 4957 fuisse
1151 4943 1165 4967 ,
1204 4901 1350 4971 quod
1379 4917 1409 4954 a
1441 4900 1546 4954 ﬁde
1585 4900 1684 4954 Pa-

99 5004 250 5064 trum,
270 5008 328 5053 ut
350 5000 571 5056 Basilius
601 5002 678 5054 ait
699 4999 803 5073 (ά),
831 4999 1016 5054 Roma:
1035 5007 1252 5068 accepta
1284 4998 1677 5053 discesserunt.

100 5086 163 5143 Ut
189 5093 327 5147 enim
370 5093 623 5149 Socrates
652 5102 708 5149 et
743 5094 1076 5149 Sozomcnus
1102 5093 1345 5147 scribunt
1378 5090 1447 5165 (e)
1471 5134 1487 5159 ,
1520 5100 1675 5146 ante-

98 5195 246 5251 quam
273 5201 441 5242 canon
473 5188 563 5243 ille
586 5188 1050 5257 pronuntiaretur,
1080 5201 1185 5257 quo
1210 5185 1549 5249 Semiariani,
1579 5199 1676 5240 seu

101 5273 450 5335 Macedoniam
482 5281 765 5351 proscripti
791 5291 937 5345 sunt,
964 5278 1253 5348 Imperator
1281 5294 1396 5331 cum
1422 5279 1677 5347 episcopis

103 5372 252 5437 partis
278 5372 439 5440 ipsius
469 5374 605 5427 omni
636 5389 733 5443 ape
770 5373 1134 5429 adnitebantur
1153 5414 1168 5438 ,
1202 5382 1259 5427 ut
1290 5370 1584 5440 Eleusium,
1630 5383 1678 5427 et

102 5463 179 5530 qui
205 5481 319 5519 cum
345 5466 435 5521 illo
462 5475 641 5534 erant,
672 5468 740 5520 ad
769 5477 940 5538 partes
980 5484 1103 5522 suas
1134 5467 1487 5533 traducerent,
1531 5483 1678 5521 revo-

105 5566 209 5609 cata
231 5558 334 5612 illis
360 5560 414 5613 in
458 5560 749 5614 memoriam
778 5560 1029 5631 legatione
1051 5600 1067 5627 ,
1096 5575 1250 5629 quam
1272 5559 1396 5613 olim
1427 5558 1497 5613 ad
1525 5558 1678 5614 Libe-

173 5692 246 5765 (a)
284 5693 404 5767 Act.
439 5696 505 5767 18
535 5696 826 5767 prospbou.
856 5696 921 5751 ad
954 5697 1085 5767 imp.

180 5766 250 5837 (rb)
287 5766 442 5822 Tom.
478 5766 530 5831 l,
566 5766 707 5824 lib.’t
730 5811 745 5834 ,
775 5785 893 5837 cap.
924 5769 981 5825 8.

181 5836 250 5906 (ε)
286 5837 407 5894 Vid.
440 5848 577 5909 part:
607 5854 678 5907 ll,
711 5840 800 5895 lib.
834 5836 906 5894 su
929 5874 943 5903 ,
971 5854 1087 5911 cap.
1124 5838 1177 5893 8.

1791 4717 1989 4773 cedere
2021 4724 2151 4786 puto
2182 4715 2401 4770 Baronii
2435 4710 2503 4785 (f)
2534 4713 2875 4783 opinionem,
2904 4716 2993 4783 qui
3022 4715 3121 4768 sub
3153 4714 3235 4768 his
3268 4728 3393 4766 vcr-

1790 4811 1876 4867 bis
1917 4808 2141 4865 indicari
2181 4818 2366 4864 censet
2398 4807 2627 4878 regulam
2666 4822 2755 4859 seu
2799 4807 3167 4877 confessionem
3211 4804 3333 4874 ﬁdei
3361 4818 3391 4857 a

1792 4902 2023 4957 Damaso
2066 4902 2418 4970 Romanaque
2467 4897 2676 4971 synodo
2703 4897 3033 4966 expositam,
3075 4895 3142 4949 de
3168 4909 3270 4964 qua
3297 4909 3391 4948 su-

1792 4996 1995 5067 periori
2036 5009 2180 5049 anno
2227 4995 2459 5065 egimus.
2506 4992 2878 5047 Antiochenos
2900 4991 3043 5045 enim
3089 4986 3391 5043 Catholieos

1786 5089 2021 5161 duplicis
2050 5088 2270 5160 generis
2303 5088 2469 5142 fuisse
2499 5094 2753 5140 constat:
2787 5083 2950 5151 alios,
2982 5084 3072 5153 qui
3104 5096 3264 5136 unam
3311 5081 3392 5135 di-

1785 5185 2100 5247 vinitatem,
2144 5197 2209 5236 ac
2250 5191 2359 5235 tres
2402 5181 2759 5251 liypostases,
2805 5178 2939 5232 alios
2970 5192 3100 5231 vero
3139 5176 3250 5245 qui,
3294 5173 3393 5247 liy-

1786 5287 2073 5348 postascon
2098 5290 2230 5329 voce
2259 5273 2536 5341 repudiata
2556 5316 2570 5339 ,
2600 5271 2945 5327 divinitatem
2978 5284 3138 5323 unam
3186 5283 3249 5323 ac
3278 5282 3388 5325 tres

1787 5386 2048 5442 personas
2076 5369 2508 5439 proﬁtebantur;
2534 5380 2695 5438 atque
2729 5365 2802 5419 illi
2834 5364 3103 5418 Meletinm
3125 5406 3138 5428 ,
3175 5363 3226 5417 bi
3259 5378 3389 5419 vero

1788 5465 2073 5521 Paulinum
2106 5462 2419 5531 episcopum
2450 5459 2838 5532 sequebantur.
2872 5454 2951 5508 Ad
2985 5455 3140 5523 primi
3171 5457 3387 5525 generis

1788 5560 2163 5618 Antiochenos
2186 5558 2327 5629 quod
2350 5557 2543 5611 attinet
2567 5598 2580 5621 ,
2614 5552 2755 5607 nulla
2783 5547 2926 5617 apud
2948 5547 3230 5619 episcopos
3249 5547 3391 5607 Con-

1860 5698 1943 5766 (d)
1982 5696 2156 5766 Epist.
2184 5692 2290 5747 ΞΜ
2309 5735 2321 5756 ,
2348 5693 2497 5761 juxta
2523 5690 2626 5766 ΒΡ.
2649 5756 2679 5766 η
2906 5752 2939 5766 υ

1864 5752 1938 5841 ,εἳ
1977 5752 2132 5824 Sder.
2167 5766 2262 5819 lib.
2308 5752 2375 5827 ἤι’,
2406 5776 2525 5831 cap.
2554 5761 2617 5824 7;
2647 5756 2862 5812 Sozom.
2906 5752 2999 5811 lib.
3033 5770 3108 5811 vn
3131 5796 3146 5822 ,
3174 5771 3295 5830 cap.
3325 5759 3380 5817 8,

1862 5769 1933 5911 ll)
1974 5842 2120 5893 Anu.
2153 5835 2289 5899 381,
2321 5847 2467 5888 num.
2506 5830 2597 5883 28.

1887 5830 1933 5909 ﬁ
1974 5842 2120 5893 Anu.
2153 5835 2289 5899 381,
2321 5830 2597 5888 num.'28.
