3950 6330
403 262 513 326 219

1590 259 1905 321 SANCTUS
1943 261 2267 324 DAIIASUS
2304 263 2506 323 PAPA.

3596 265 3698 321 220

403 373 752 448 stantinOpoli
782 383 1136 448 congregatos
1166 373 1533 432 controversia
1577 388 1702 432 esse
1745 381 1998 446 poterat,
2026 375 2075 440 Α
2105 377 2316 449 legerit.
2371 375 2571 436 Censet
2626 378 2787 436 etim
2837 392 2904 436 eo
2954 377 3075 435 loco
3127 379 3210 450 agi
3255 378 3325 435 de
3367 377 3699 436 Antloebetio

403 470 533 540 quiti
559 468 825 525 Catholici
851 465 1062 536 forent,
1092 476 1252 539 atque
1279 465 1344 522 ad
1371 467 1815 523 communionem
1863 467 2003 523 reci-

403 561 608 634 piendi.
640 559 829 616 Canon
860 561 1043 634 itaque
1069 559 1157 617 ille
1193 559 1417 616 secundi
1447 559 1665 631 generis
1709 557 2004 616 Antioche-

404 669 508 710 nos
527 654 776 724 reSpicit,
805 667 942 725 quos
963 653 1030 708 ad
1055 651 1490 710 communionem
1519 652 1858 726 recipiendos
1879 666 2004 709 esse

400 749 585 824 jubet,
630 764 953 819 quamquam
1005 758 1114 804 tres
1159 748 1482 821 hypostases
1524 746 1745 802 minime
1785 745 2006 818 proﬁte-

391 835 594 900 ‘rentur
613 885 628 907 ,
655 843 809 914 cujus
840 845 915 900 rei
949 857 1143 898 cauSas
1170 843 1300 896 alibi
1326 841 1694 912 esposuiutus.
1738 839 1847 896 Cur
1875 854 2005 894 vero

409 937 818 992 Occidentalium
847 937 972 992 tomi
1004 936 1092 993 liic
1122 927 1327 992 mentio
1372 942 1481 1000 est,
1513 943 1605 990 aut
1633 933 1754 1006 quis
1806 931 1895 988 hic
1925 942 2008 988 to-

401 1031 562 1090 nius?
596 1027 1012 1082 Occidentalium
1051 1042 1185 1084 voce
1227 1029 1530 1082 Romanum
1579 1041 1743 1080 unum
1788 1023 2007 1096 pontifi-

409 1138 525 1178 cem
553 1122 701 1177 velut
727 1137 915 1177 eorum
942 1132 1105 1192 caput
1125 1163 1140 1186 ,
1174 1132 1228 1175 et
1259 1136 1289 1176 e
1319 1119 1529 1194 synodo
1556 1135 1650 1176 sua
1690 1120 2007 1190 plerumque

408 1217 742 1274 scribentem
759 1259 774 1284 ,
807 1228 838 1268 a
861 1213 1068 1271 Grtecis
1087 1213 1357 1285 designari
1385 1213 1636 1278 solitum,
1665 1222 1771 1267 tam
1794 1223 2005 1268 certum

410 1322 522 1377 est,
571 1326 730 1381 quam
759 1309 903 1381 quod
943 1310 1348 1366 certissimum:
1376 1308 1482 1362 vid.
1513 1322 1636 1378 cap.
1661 1305 1754 1361 20.
1795 1304 2008 1362 Nemini

413 1413 675 1475 pra-terea
706 1403 997 1457 obscurum
1025 1410 1106 1455 est
1128 1401 1250 1455 tami
1276 1399 1538 1456 vocabulo
1561 1399 1855 1470 signiﬁcari
1879 1397 2010 1468 doga

408 1499 635 1552 matteas
651 1494 997 1551 deﬁnitiones
1019 1494 1088 1548 ab
1103 1509 1168 1549 eo
1187 1494 1512 1564 propositas.
1529 1491 1663 1547 Hinc
1683 1487 1910 1546 Basilius
1931 1487 2006 1560 (α)

409 1595 540 1649 alias
556 1594 768 1648 Damasi
795 1593 998 1648 litteras
1020 1593 1084 1646 ad
1110 1591 1414 1648 Orientales
1438 1593 1670 1662 scriptas
1700 1589 2012 1644 Occidenta-

409 1688 536 1743 lium
563 1699 756 1744 tomum
780 1696 970 1756 vocat,
1004 1698 1168 1762 atque
1197 1702 1290 1744 eas
1322 1686 1486 1743 veluti
1514 1686 1580 1743 ad
1608 1687 1734 1743 ﬁdei
1762 1701 2009 1746 normam

417 1790 697 1855 provocat.

487 1875 598 1932 Hoc
648 1876 808 1948 igitur
861 1875 982 1932 loco
1031 1875 1292 1947 agebatur
1343 1874 1412 1932 de
1468 1875 1646 1948 aliqua
1703 1875 2018 1932 deﬁnitione

411 1968 643 2024 Romani
698 1967 972 2040 episcopi,
1015 1967 1240 2040 ejusque
1265 1968 1519 2034 concilii,
1550 1984 1668 2040 quin
1695 1968 1761 2023 ad
1804 1983 2020 2024 eorum-

410 2059 534 2116 deni
565 2059 996 2118 Antichenorum
1039 2075 1256 2117 causam
1291 2062 1619 2132 pertineret;
1661 2070 1717 2118 at
1759 2062 2021 2122 Damasus

412 2152 865 2209 anathematistno
892 2152 963 2208 20
994 2166 1043 2209 et
1074 2154 1139 2209 21
1165 2163 1181 2222 ;
1209 2155 1419 2210 sublata
1451 2157 1610 2210 trium
1667 2155 2018 2214 dicendarum

414 2246 775 2320 bypostaseon
806 2246 1156 2314 necessitate,
1181 2263 1276 2304 eos
1305 2247 1543 2318 perfecte
1565 2247 1874 2305 Catholicos
1899 2263 2022 2308 esse

413 2339 854 2410 pronuntiaverat
880 2381 894 2405 ,
925 2339 1017 2412 qui
1050 2355 1209 2394 unam
1249 2338 1585 2396 divinitatem
1611 2383 1626 2407 ,
1657 2350 2018 2412 potestatem,

412 2433 746 2503 majestatem
772 2447 835 2488 ac
862 2432 1088 2502 gloriam
1134 2431 1310 2487 Patris
1333 2473 1350 2500 ,
1402 2444 1455 2487 et
1491 2429 1650 2498 Filii,
1683 2441 1737 2488 et
1787 2431 2022 2504 Spiritus

412 2528 616 2596 sancti,
647 2543 710 2583 ac
755 2535 865 2584 tres
893 2543 1048 2584 veras
1072 2569 1088 2595 ,
1121 2529 1354 2598 aequales
1373 2568 1389 2591 ,
1421 2543 1637 2598 semper
1663 2528 2023 2585 subsistentes

416 2636 677 2692 personas
705 2620 1110 2692 proﬁterentur.
1145 2621 1272 2676 Haec
1303 2637 1430 2677 vero
1473 2632 1588 2677 erat
1615 2637 1803 2678 eorum
1832 2622 2026 2680 Antio-

415 2714 712 2768 clienorutn
739 2713 896 2782 ﬁdes,
918 2724 977 2769 ut
999 2731 1062 2769 ex
1097 2713 1428 2787 Hieronymo
1447 2714 1547 2786 (b),
1569 2714 1906 2773 Nazianzeno
1924 2713 2022 2789 (c),

416 2822 481 2864 ac
537 2823 602 2862 ex
653 2807 879 2863 Paulino
936 2809 1054 2880 ipso
1128 2817 1373 2873 constat,
1431 2824 1601 2881 eaque
1643 2809 1874 2865 formula
1912 2809 2025 2866 An-

417 2901 689 2956 tiucbena:
735 2902 944 2974 synodo
989 2902 1198 2972 adjecta
1225 2944 1250 2979 ,_
1287 2918 1447 2974 quam
1493 2918 1676 2959 coram
1726 2903 2025 2960 Athanasio

418 2993 698 3066 professus
725 3006 828 3050 εει.
875 2994 975 3051 Ille
1023 2997 1183 3066 igitur
1231 2995 1642 3053 Occidentalium
1688 3008 1850 3054 tomus
1880 2998 2023 3056 aliud

420 3087 552 3142 nihil
598 3099 680 3143 est
726 3087 780 3142 in
829 3085 1428 3160 Cunstantiunpolitano
1472 3105 1539 3146 eo
1568 3105 1814 3158 canone,
1861 3107 2022 3163 quam

2105 472 2399 530 schismate
2433 481 2561 530 tunc
2583 471 2830 540 sublato,
2863 487 2926 528 ac
2954 482 3137 528 mutua
3167 473 3546 530 dissidentium
3573 489 3702 530 cou-

2104 564 2285 621 cordia
2315 566 2584 631 extincto,
2609 565 2752 636 quod
2780 576 2987 623 certum
3017 568 3240 623 omnino
3265 579 3386 635 est;
3421 584 3542 623 nam
3573 568 3704 628 Grec

2105 656 2289 728 gorius
2324 656 2392 714 de
2434 659 2756 729 reintegrata
2787 658 3051 716 charitate
3097 661 3295 732 gaudio
3344 660 3604 725 affectus.
3637 661 3703 717 ad

2106 751 2337 807 Arianos
2379 766 2500 806 sese
2542 762 2902 820 convertens,
2935 754 3024 822 qui
3069 761 3371 809 anteactam
3412 754 3707 811 dissensio-

2107 860 2229 899 nem
2269 843 2560 899 Catliolicis
2597 845 2798 915 probro
2827 854 3122 912 verterant,
3159 845 3259 901 Ubi
3285 857 3443 913 sunt,
3475 848 3571 912 ait,
3605 849 3706 919 igio

2107 948 2192 993 tur
2209 982 2221 999 ,
2250 940 2338 1010 qui
2362 956 2441 994 res
2463 948 2664 996 nostras
2691 951 2794 995 tam
2821 938 2977 1006 bene,
3006 956 3161 1009 quam
3194 941 3325 996 male
3353 955 3406 995 se
3434 940 3706 1008 (tabentes,

2107 1031 2406 1099 observant,
2444 1049 2547 1086 non
2586 1041 2643 1086 ut
2680 1033 2954 1102 judicent,
2995 1037 3086 1090 sed
3127 1043 3183 1088 ut
3226 1034 3533 1103 improbent.
3562 1033 3714 1107 Agite

2107 1125 2358 1196 igitur....
2416 1124 2483 1178 ad
2525 1125 2796 1178 concilium
2845 1140 2931 1180 uos
2965 1125 3116 1180 etiam
3161 1126 3302 1180 exosi
3339 1141 3604 1192 uocamus,
3653 1134 3714 1180 ut

2109 1219 2368 1290 pudefacti
2389 1258 2404 1284 ,
2436 1218 2654 1288 uictique
2683 1217 2929 1274 recedatis
2952 1258 2967 1284 ,
3016 1219 3223 1291 cognita
3265 1218 3506 1272 nimirum
3553 1234 3618 1274 ea:
3655 1234 3714 1272 eo

2106 1321 2221 1382 ipso
2249 1312 2386 1383 quod
2424 1313 2817 1383 wgratavimus,
2858 1322 3035 1366 nostra
3072 1311 3383 1367 sanitate....
3418 1309 3539 1366 Non
3581 1311 3719 1364 enim

2111 1408 2173 1463 tle
2200 1405 2406 1460 Deitate
2432 1405 2804 1470 dissentimus;
2835 1403 2923 1458 sed
2948 1402 3147 1457 ordinis
3178 1412 3226 1457 et
3277 1403 3570 1475 discipline
3592 1419 3720 1458 cau-

2109 1514 2169 1552 sa
2208 1498 2509 1552 certavimus
2533 1512 2552 1551 :
2582 1512 2673 1551 nec
2717 1495 2780 1550 de
2816 1513 2874 1550 eo
2919 1498 3052 1552 inter
3094 1513 3186 1551 nos
3224 1497 3481 1552 contentio
3507 1497 3675 1551 extitit
3697 1537 3716 1561 ,

2109 1598 2226 1642 utra
2249 1588 2483 1656 impietas
2509 1587 2743 1658 eligenda
2767 1596 2914 1649 esset,
2943 1603 3071 1642 eane
3096 1603 3212 1658 qut:
3247 1587 3410 1642 Deum
3436 1588 3721 1655 contrahit,

2110 1696 2176 1734 an
2202 1681 2294 1734 illa
2322 1695 2435 1750 qua:
2464 1679 2722 1748 Spiritum
2769 1688 3002 1732 sanctum
3042 1679 3349 1740 dumtaxat,
3395 1680 3472 1735 uel
3519 1677 3724 1734 Filium

2038 1789 2086 1851 Β
2114 1792 2313 1848 quoque
2356 1778 2523 1843 ipsum
2562 1791 2594 1829 a
2638 1774 2811 1827 divina
2859 1773 3076 1828 essentia
3129 1773 3462 1829 distraltit....
3513 1774 3728 1842 Quibus

2123 1868 2369 1939 profecto
2399 1867 2580 1923 verbis
2618 1867 2970 1924 Paulinianos
2996 1882 3060 1923 ac
3098 1866 3412 1922 Meletianos
3457 1870 3725 1938 respicit,

2121 1981 2322 2036 eosque
2373 1980 2565 2021 omnes
2615 1967 2850 2035 perfecte
2880 1963 3188 2019 Catholicos
3234 1974 3290 2019 et
3332 1965 3554 2035 integra:
3596 1964 3727 2022 ﬁdei

2122 2057 2289 2116 fuisse
2315 2058 2386 2113 ait
2410 2097 2425 2125 ,
2466 2074 2796 2129 quamquam
2827 2057 2920 2112 alii
2949 2058 3019 2113 ob
3051 2058 3386 2114 reticentiam
3421 2062 3579 2114 trium
3621 2058 3729 2131 by-

2123 2163 2411 2224 postaseon
2458 2151 2524 2206 de
2575 2151 2880 2209 Sabelliana
2930 2151 3158 2218 haeresi,
3203 2152 3294 2207 alii
3347 2167 3512 2218 vero,
3563 2166 3626 2205 ac
3675 2153 3727 2208 si

2121 2245 2309 2302 Ariani
2340 2254 2395 2300 et
2434 2244 2800 2301 Macedoniam
2830 2255 3014 2302 essent
3039 2285 3055 2312 ,
3095 2245 3428 2302 calutnniose
3473 2245 3730 2304 traduce-

2123 2346 2348 2416 rentur,
2377 2339 2446 2392 ob
2476 2347 2743 2394 retentam
2790 2353 2913 2394 cum
2955 2339 3019 2393 iis
3063 2339 3401 2394 societatem.
3435 2339 3568 2394 Tum
3603 2355 3732 2410 per-

2123 2438 2199 2510 git
2226 2455 2238 2492 :
2276 2436 2473 2494 Nostra
2504 2455 2604 2492 non
2633 2438 2812 2492 eadem
2841 2436 2974 2492 ratio
2999 2447 3098 2492 est.
3143 2436 3282 2490 Nam
3310 2437 3447 2507 quod
3485 2436 3553 2491 ad
3591 2436 3728 2491 divi-

2125 2533 2338 2586 nitatem
2387 2535 2608 2597 attinet,
2657 2532 2788 2586 inter
2852 2547 2945 2585 nos
2996 2531 3382 2597 consentimus,
3438 2531 3732 2601 labiumqtte

2126 2643 2320 2690 unum,
2363 2637 2409 2680 et
2459 2643 2558 2682 vos:
2601 2644 2705 2681 una
2750 2627 3040 2698 fuimus....
3079 2625 3271 2681 Verum
3309 2627 3429 2681 aliis
3471 2626 3536 2682 de
3578 2628 3734 2682 rebus

2125 2721 2381 2776 contentio
2408 2721 2539 2775 inter
2569 2737 2661 2774 nos
2706 2721 2826 2791 fuit.
2859 2718 3000 2774 Male
3037 2720 3189 2773 etiam
3235 2719 3290 2772 id
3333 2719 3576 2789 quidem,
3627 2735 3732 2776 non

2126 2815 2262 2867 enim
2285 2813 2597 2881 inﬁciabor:
2627 2810 2766 2868 Nam
2796 2828 2913 2866 cum
2941 2812 3051 2879 ﬁeri
3097 2828 3200 2866 non
3246 2821 3449 2882 posset,
3481 2812 3604 2881 quin
3628 2813 3732 2867 ali-

2125 2908 2253 2977 quid
2274 2949 2289 2974 ,
2324 2907 2555 2962 homines
2595 2924 2712 2962 cum
2741 2907 2932 2974 simus,
2965 2922 3289 2979 peccaremus
3311 2945 3326 2972 ,
3357 2915 3587 2961 nostrum
3633 2908 3732 2963 liae

2125 3013 2350 3057 erratum
2374 3001 2473 3073 fuit
2493 3041 2507 3066 ,
2529 2999 2667 3070 quod
2699 3000 2858 3054 nimio
2886 3003 3103 3066 pastoris
3126 3014 3300 3054 amore
3331 2997 3504 3065 aﬂecti
3529 3015 3728 3061 sumus.

2127 3109 2217 3148 nec
2245 3110 2307 3148 ea:
2355 3092 2554 3147 duobus
2585 3092 2730 3147 bonis
2777 3100 2948 3145 utrum
3002 3091 3165 3163 magis
3213 3089 3556 3161 expetendum
3599 3101 3733 3146 esset

418 3179 649 3235 celebris
676 3179 766 3236 illa
791 3180 1036 3238 Damasis
1062 3183 1318 3252 ecthesis,
1347 3201 1505 3254 quam
1532 3186 1767 3256 episeopi
1800 3185 1878 3240 illi
1899 3201 2022 3244 cum
2053 3191 2098 3260 ο
2129 3187 2353 3256 reperire
2380 3187 2685 3255 potuimus;
2731 3200 2993 3255 quousque
3043 3183 3096 3236 in
3126 3188 3222 3236 hoc
3266 3183 3595 3237 convenimus
3615 3225 3629 3247 ,
3674 3191 3734 3238 ut

418 3287 518 3344 pro
558 3272 675 3344 lege
714 3274 1008 3343 haberent,
1040 3291 1133 3331 eos
1173 3292 1308 3348 quos
1347 3288 1509 3334 antea
1552 3295 1650 3350 pro
1678 3279 1872 3338 alienis
1922 3282 2022 3337 ba-

419 3366 679 3431 buerant,
706 3369 1168 3440 complentuntur,
1195 3372 1340 3426 velut
1364 3371 1428 3426 ad
1456 3373 1572 3442 ejus
1601 3387 1845 3429 normam
1873 3389 2026 3446 egre-

417 3459 504 3530 gie
531 3457 858 3516 Catltolicos.
892 3459 948 3516 Id
977 3477 1106 3517 vero
1149 3472 1231 3518 est
1258 3464 1400 3533 quod
1439 3475 1638 3535 praeter
1684 3466 1898 3522 Damasi
1946 3469 2028 3539 ip-

419 3555 532 3608 sius
570 3564 687 3610 acta
720 3571 748 3608 a
793 3555 1086 3610 Sarazanio
1118 3557 1387 3627 publicata
1409 3599 1424 3624 ,
1467 3558 1762 3631 Eutycltius
1793 3561 2026 3616 Alenu-

421 3644 606 3699 drinus
635 3657 820 3714 aperte
838 3649 1034 3702 asserit
1059 3648 1200 3717 apud
1231 3648 1627 3704 Reuaudmium
1651 3651 1839 3723 (d),ac
1866 3668 2027 3724 syno.

421 3738 575 3793 dicus
615 3739 829 3794 libellus
875 3756 983 3796 non
1040 3741 1268 3798 obscure
1308 3741 1545 3809 indicat,
1578 3759 1699 3800 cum
1747 3747 1860 3812 ait,
1904 3761 2026 3804 eum

424 3832 756 3904 pontiﬁcem,
785 3835 1015 3892 collecta
1036 3835 1220 3892 Roma:
1235 3838 1466 3910 synodo,
1489 3840 1729 3897 divinum
1748 3842 2027 3901 decretum

424 3928 680 3995 edidisse,
713 3938 768 3984 et
792 3929 859 3985 ad
899 3946 1018 3985 eam
1069 3947 1191 4004 qua:
1219 3933 1686 4006 Constantinopoli
1712 3938 2027 4009 cogebatur,

425 4022 678 4078 emisisse
705 4023 976 4096 synodum
1006 4025 1103 4096 (e).

495 4114 650 4174 Hunc
676 4133 776 4190 ego
805 4133 1070 4176 canonem
1090 4161 1106 4188 ,
1140 4129 1198 4176 ut
1225 4120 1402 4177 obiter
1434 4120 1643 4190 dicam,
1691 4123 1908 4181 Meletio
1933 4141 2031 4181 au-

424 4219 574 4268 ctore
595 4251 610 4278 ,
641 4212 795 4284 cujus
823 4228 1015 4284 magna
1046 4227 1176 4286 erga
1217 4215 1400 4270 sedem
1442 4216 1798 4286 apostolicam
1835 4217 2028 4274 obser-

427 4303 608 4358 vantia
653 4304 895 4386 profecto
921 4304 1021 4362 fuit
1045 4347 1062 4375 ,
1091 4307 1368 4363 conditum
1400 4311 1563 4366 fuisse
1605 4321 1771 4382 puto,
1803 4311 2032 4368 dictam-

426 4411 532 4465 qtte
577 4410 640 4452 ea
672 4399 956 4456 occasione
985 4400 1311 4458 Nazianzeni
1353 4404 1654 4460 orationem
1689 4404 1861 4460 lSode
1891 4405 2031 4464 Pace

427 4487 761 4559 inscriptam.
813 4493 958 4550 Elias
1002 4495 1280 4552 Cretensis
1328 4512 1448 4552 eam
1480 4497 1648 4554 refert
1687 4497 1755 4555 ad
1783 4499 2030 4556 eamdem

2131 3293 2421 3342 urnuuous
2472 3293 2592 3333 nam
2649 3292 2698 3330 tu
2742 3291 2916 3332 LAUDB
2946 3284 2993 3330 et
3033 3274 3376 3328 admiratione
3405 3290 3730 3343 poneremus.

2130 3377 2212 3429 Att
2259 3389 2392 3429 vero
2439 3373 2566 3444 quid
2597 3372 2836 3436 clarius,
2882 3381 2937 3428 et
2989 3369 3344 3441 exprimendo
3385 3368 3734 3426 Antioclieno

2130 3468 2404 3524 scbismati
2454 3478 2506 3522 et
2547 3466 2819 3533 concilio,
2859 3464 3000 3535 quod
3051 3474 3176 3519 tunc
3222 3462 3520 3520 trahebatur
3547 3461 3732 3534 desig—

2129 3561 2346 3632 gnando
2365 3601 2380 3627 ,
2413 3560 2595 3630 aptius
2631 3558 2756 3630 quid
2786 3557 2892 3614 dici
2922 3557 3170 3628 poterat?
3199 3555 3271 3612 At
3296 3570 3622 3627 quamquam
3651 3555 3734 3610 vir

2130 3654 2414 3723 exquisita:
2448 3652 2745 3724 diligentia:
2779 3652 2846 3707 ad
2902 3651 3186 3707 veritatem
3238 3650 3455 3721 propius
3485 3665 3737 3705 necesse-

2131 3750 2236 3813 rit,
2273 3746 2472 3801 fallitur
2505 3757 2680 3802 tamen
2705 3785 2720 3812 ,
2763 3759 2886 3800 cum
2919 3753 3072 3812 putat
3113 3759 3276 3814 agere
3323 3741 3648 3814 Gregorium
3678 3742 3735 3798 in

2131 3854 2193 3895 ea
2224 3840 2468 3894 oratione
2507 3838 2575 3894 de
2605 3836 2863 3909 peculiari
2909 3852 3023 3892 suae
3076 3835 3335 3892 Ecclesiae
3374 3834 3634 3895 dissidio:
3669 3851 3737 3892 ex

2133 3934 2290 4003 cujus
2315 3935 2465 3989 clero
2492 3947 2615 3990 cum
2648 3931 2848 4001 aliquis
2872 3971 2890 3997 ,
2937 3941 3029 3985 aut
3075 3929 3323 3998 Meletio,
3367 3941 3458 3985 aut
3510 3929 3738 3986 Paulino

2133 4039 2380 4094 tantum,
2426 4024 2934 4083 communicandum
2982 4024 3271 4088 crederet,
3315 4038 3345 4078 a
3393 4021 3739 4080 Nazianzeno

2133 4123 2282 4193 ipso,
2313 4120 2406 4192 qui
2436 4136 2495 4176 se
2519 4120 2766 4191 designat
2794 4120 3003 4174 candidi
3034 4136 3093 4172 ac
3123 4119 3267 4189 probi
3292 4120 3456 4190 patris
3486 4117 3735 4186 nomine,

2133 4213 2498 4271 secessionem
2543 4212 2787 4279 fecerat,
2828 4227 2890 4266 ac
2933 4211 3130 4268 deinde
3178 4211 3244 4265 ad
3281 4226 3405 4266 eum
3458 4209 3731 4277 redierat,

2132 4324 2292 4379 quem
2327 4305 2553 4378 proinde
2583 4305 2876 4374 Gregorius
2901 4305 3001 4375 ﬁlii
3029 4303 3351 4374 obsequentis
3383 4302 3503 4359 loco
3536 4303 3732 4360 habet:

2134 4417 2257 4456 nam
2289 4399 2336 4456 si
2363 4399 2486 4472 quis
2511 4401 2814 4454 orationem
2849 4398 2993 4452 illam
3023 4406 3172 4451 recte
3217 4396 3545 4469 perpendat,
3582 4395 3738 4452 facile

2133 4494 2450 4566 dijudicabit
2474 4535 2488 4558 ,
2524 4491 2856 4549 Tillemontii
2891 4492 3398 4561 interpretationem
3429 4490 3576 4544 nullo
3618 4489 3739 4543 fun-

428 4595 648 4636 causam
673 4624 685 4646 ,
715 4584 785 4642 ob
814 4601 973 4656 quam
999 4589 1174 4644 oratio
1205 4587 1272 4644 12
1297 4589 1478 4645 habita
1511 4589 1720 4660 fuerat,
1751 4591 1818 4647 ad
1849 4593 2030 4649 subla-
2063 4593 2112 4656 Ι)
2139 4588 2393 4643 damento
2442 4586 2542 4641 niti
2577 4603 2589 4639 :
2637 4583 2904 4653 siquidem
2949 4582 3320 4640 Nazianzenus
3359 4582 3569 4653 utrique
3601 4581 3738 4652 parti

430 4681 544 4728 tum
579 4689 771 4746 nempe
799 4677 1184 4734 Monachorum
1206 4722 1220 4745 ,
1263 4682 1358 4751 qui
1401 4683 1468 4737 ab
1498 4685 1616 4753 ejus
1647 4694 1799 4755 parte
1824 4685 2029 4743 disces-

430 4778 648 4835 serant,
692 4771 949 4827 schisma.
993 4771 1179 4829 Billius
1205 4774 1298 4845 qui
1342 4778 1535 4832 tnerito
1563 4778 1818 4834 observat
1843 4779 2030 4850 plures

433 4877 556 4920 esse
585 4863 732 4918 locus
751 4904 767 4930 ,
793 4864 886 4936 qui
917 4880 1093 4937 neque
1117 4866 1184 4922 ad
1228 4881 1347 4922 eam
1377 4882 1632 4936 causam,
1665 4885 1841 4940 neque
1865 4870 1934 4926 ad
1977 4871 2030 4930 id

435 4959 697 5028 temporis
720 4959 910 5015 referri
939 4970 1193 5030 possunt,
1224 4961 1293 5018 ab
1324 4962 1456 5018 Elite
1482 4964 1739 5034 opinione
1766 4965 1998 5022 discedit
2017 5007 2030 5030 ,

431 5051 528 5108 sed
568 5067 598 5106 a
633 5051 842 5124 judicio
872 5054 1146 5121 abstinet,
1180 5070 1355 5125 neque
1383 5056 1498 5128 ipse
1543 5056 1778 5124 indicat,
1807 5073 1910 5130 qua
1941 5072 2035 5114 oc-

433 5147 687 5213 casione,
719 5162 896 5217 quove
939 5157 1178 5219 tempore
1223 5149 1363 5204 dicta
1409 5149 1577 5206 videri
1623 5152 1817 5224 possit.
1861 5151 2026 5208 Tille-

433 5238 670 5294 moutius
701 5238 878 5310 itaque
910 5239 976 5312 (ι’)
1019 5254 1139 5295 eam
1179 5240 1642 5312 Constantinopoli
1688 5243 1886 5300 dielam
1933 5261 2033 5316 pu-

435 5340 546 5399 tat,
581 5340 702 5400 post
730 5331 970 5388 Valentis
1009 5332 1216 5389 obitum
1237 5376 1252 5400 ,
1284 5349 1347 5390 ac
1381 5335 1638 5392 collatum
1671 5353 1777 5392 non
1820 5336 1909 5394 diu
1940 5353 2037 5394 an-

437 5433 521 5482 tea
555 5425 861 5482 Tlieodosio
901 5427 1220 5496 imperium,
1253 5429 1395 5496 quod
1441 5429 1684 5501 profecto
1731 5447 1890 5488 nemo
1943 5448 2039 5489 ne-

435 5519 644 5588 gaverit
668 5559 685 5587 ,
724 5519 816 5591 qui
860 5520 1161 5578 orationem
1192 5522 1364 5593 ipsam
1417 5538 1587 5595 prope
1631 5526 1796 5584 ﬁnem
1833 5535 2038 5584 attente

513 5658 591 5732 (α)
631 5661 805 5730 Epist.
840 5662 949 5719 265
975 5703 992 5730 ,
1022 5678 1171 5718 num.
1203 5663 1258 5722 ὃ.

518 5741 600 5811 (b)
640 5741 790 5798 Hier.
816 5744 975 5811 epist.
1005 5741 1094 5797 45.

520 5745 576 5808 (ὁ
640 5745 790 5798 Hier.
816 5745 975 5811 epist.
1005 5745 1094 5797 15.

520 5745 600 5885 (εἰ
633 5811 880 5874 Nazianz.
907 5831 988 5874 or.
1021 5818 1106 5884 52..

2135 4679 2654 4738 communicaverat.
2708 4675 2910 4731 Deinde
2963 4675 3214 4730 candidus
3263 4673 3391 4740 ille,
3439 4691 3500 4727 ac
3551 4673 3739 4743 probus

2136 4785 2281 4848 pater
2307 4772 2574 4844 Gregorio
2603 4781 2728 4826 tunc
2753 4767 2954 4826 dicenti
2987 4769 3256 4823 assidebat
3286 4783 3410 4823 cum
3440 4767 3742 4838 obsequente

2139 4870 2242 4924 sibi
2301 4868 2434 4936 ﬁlio.
2487 4865 2583 4922 llle
2633 4877 2896 4935 praeterea
2946 4873 3073 4920 ante
3121 4862 3439 4934 Gregorium
3487 4862 3557 4917 de
3607 4875 3742 4934 pace

2142 4965 2309 5021 verba
2335 4963 2558 5018 fecerat.
2587 4962 2742 5018 Alius
2769 4962 2947 5032 itaque
2976 4959 3044 5015 ab
3069 4958 3186 5030 ipso
3211 4958 3472 5028 Gregorio
3498 4957 3587 5012 illc
3617 4970 3744 5012 esse

2144 5059 2324 5115 debet.
2349 5056 2631 5111 Postremo
2660 5054 2885 5124 probum
2936 5052 3084 5108 illum
3112 5067 3175 5106 ac
3201 5050 3487 5106 candidum
3531 5059 3744 5119 patrem

2139 5161 2196 5209 et
2233 5152 2621 5220 obsequentem
2663 5145 2831 5202 ﬁlium
2874 5146 2978 5201 sibi
3023 5144 3324 5200 assidentes-
3351 5184 3366 5210 ,
3405 5152 3476 5200 et.
3507 5151 3744 5198 mutuum

2141 5246 2236 5304 sibi
2264 5245 2390 5318 ipsis
2405 5250 2760 5298 ornamentum
2781 5238 3048 5307 aﬂerrntes
3078 5239 3172 5292 ait.
3203 5239 3257 5292 ld
3279 5252 3408 5291 vero
3425 5251 3487 5292 ea
3509 5251 3612 5306 qua
3632 5245 3750 5292 erat

2145 5338 2457 5395 humilitate
2494 5350 2558 5389 ac
2607 5333 2870 5388 modestia
2901 5330 3197 5401 Gregorius
3227 5327 3449 5384 minime
3479 5326 3546 5383 de
3572 5342 3633 5382 se
3660 5327 3745 5382 di-

2145 5441 2312 5490 ceret.
2346 5430 2458 5500 Ego
2487 5427 2664 5498 itaque
2693 5425 2798 5482 hoc
2827 5423 2950 5480 loco
2971 5464 2986 5488 ,
3017 5432 3178 5494 atque
3209 5421 3275 5478 iis
3307 5420 3487 5476 verbis
3527 5419 3596 5474 de
3640 5417 3752 5473 Me-

2147 5526 2277 5582 letio
2318 5533 2373 5580 et
2415 5522 2706 5586 Flaviano,
2735 5535 2896 5590 quem
2945 5517 3187 5574 Meletius
3221 5531 3326 5572 non
3353 5516 3444 5572 diu
3491 5525 3652 5574 antea
3683 5507 3750 5568 ad

2226 5665 2307 5755 (d)
2345 5663 2593 5755 ﬁenaud.
2626 5663 2692 5719 Η.
2721 5661 2784 5720 P.
2812 5661 2972 5717 Alex.
2998 5661 3054 5715 in
3079 5658 3385 5716 Timotheo.

2229 5743 2301 5892 $3)
2339 5738 2607 5887 ἓὲυάιῖθίξ.
2635 5810 2768 5877 Naz.
2795 5820 2902 5872 act.
2931 5809 3002 5872 66
3026 5819 3083 5871 et
3106 5809 3358 5880 s.ot..50,
3391 5815 3525 5866 tom.
3553 5804 3648 5868 lx.
