3878 6346
59 313 166 371 221
1470 310 1999 369 Ριὶοιωοιίεκλ.
3264 305 3371 363 221

70 428 498 500 presbyteratus
532 430 777 487 ordinem
798 442 1072 499 evexerat,
1095 433 1179 504 agi
1221 440 1371 502 puto.
1400 429 1555 487 Hunc
1580 430 1679 500 igi-
1702 434 1752 495 Α
1778 430 1994 485 caeteris
2036 428 2246 484 ratione
2285 443 2448 496 usus,
2480 428 2623 499 quod
2673 426 2828 481 vcuia
2875 425 3103 480 fortasse
3148 422 3370 492 dignum

69 531 194 588 tur,
248 522 408 591 probi
452 540 514 577 ac
557 524 764 579 candidi
813 528 1013 594 patris,
1060 526 1206 581 illum
1236 539 1366 580 vero
1393 524 1491 594 ﬁlii
1533 523 1678 587 obse-
1777 522 1947 578 videri
1996 530 2209 591 poterat
2254 520 2634 576 Occidentales
2688 520 2757 575 ab
2802 517 3165 575 Orientalibus
3204 517 3374 570 mole-

64 614 279 684 quentis
312 616 539 670 nomine
582 619 815 687 appellat
861 634 924 673 ac
963 618 1224 689 designat.
1286 618 1520 686 Uterque
1548 614 1678 672 Gre-

64 707 227 778 gorio
264 718 401 763 tunc
445 709 648 764 dicenti
696 711 1043 774 assidebam,
1076 728 1138 767 ac
1170 721 1356 765 mutuo
1396 709 1500 765 sibi
1545 710 1675 779 ipsis

67 808 409 855 Ornantento
435 813 623 868 erant,
665 806 788 873 quia
839 803 1124 859 Flavianus
1165 803 1434 858 Meletium
1484 804 1551 857 ad
1593 818 1677 859 re-

60 896 210 965 giam
243 897 440 951 urbem
465 905 687 952 secutus
716 897 911 955 fuerat.
947 900 1187 954 Meletius
1214 897 1426 954 tandem
1453 899 1530 952 vir
1553 899 1678 952 sim-

70 988 234 1057 plex,
278 990 477 1058 apertis
524 992 788 1057 moribus,
826 1000 878 1047 et
924 993 1068 1047 cultu
1099 992 1368 1063 placidus,
1416 1000 1527 1045 tum
1579 1005 1676 1061 pro

70 1097 207 1151 pace
238 1081 626 1151 laboraverat,
659 1093 769 1139 tum
805 1087 961 1156 paulo
991 1096 1145 1141 antea
1170 1128 1184 1152 ,
1231 1096 1289 1140 ut
1333 1094 1449 1140 erat
1487 1100 1674 1139 eorum

71 1189 385 1247 temporum
432 1195 584 1246 mos,
617 1180 683 1235 ad
716 1184 971 1251 p0pulum
1015 1181 1084 1236 de
1127 1181 1316 1236 eadem
1368 1195 1675 1236 sermonem

70 1271 343 1326 habuerat
376 1270 456 1342 (a)
483 1313 497 1336 ,
540 1286 636 1327 eos
667 1272 829 1343 igitur
876 1274 1040 1329 veluti
1074 1274 1222 1343 pacis
1274 1281 1327 1328 et
1369 1272 1677 1328 concordia:

72 1380 141 1419 eo
168 1364 395 1419 concilii
435 1380 645 1420 canone
678 1366 953 1429 restitutae
989 1376 1278 1432 auctores,
1309 1365 1409 1421 sibi
1440 1372 1567 1419 tunc
1592 1364 1676 1418 di-

75 1457 220 1514 centi
262 1458 613 1525 assidentes,
655 1474 754 1529 pro
797 1460 1057 1515 concione
1103 1458 1323 1525 laudat,
1366 1469 1527 1529 atque
1576 1457 1680 1513 hoc

78 1562 196 1619 est,
244 1552 299 1606 ni
344 1550 546 1619 fallor,
593 1560 798 1611 certum
850 1555 1179 1624 minimeque
1218 1552 1508 1608 obscurum
1556 1552 1677 1621 ejus

79 1646 340 1702 orationis
359 1656 757 1717 argumentum.
785 1649 960 1719 Atque
988 1649 1112 1703 hinc
1141 1648 1303 1703 etiam
1334 1648 1426 1703 lux
1457 1646 1677 1717 at't‘ulget

85 1739 150 1793 ad
173 1740 599 1810 coguo~cendam
627 1756 882 1808 causam,
912 1742 981 1796 ob
1018 1758 1177 1813 quam
1208 1743 1384 1797 oratio
1417 1740 1485 1797 Η
1511 1783 1526 1809 ,
1557 1757 1677 1812 qua:

1774 616 1874 670 stia
1898 615 2077 682 aliqua
2099 614 2240 669 afﬁci
2267 656 2282 679 ,
2310 629 2590 683 quousque
2628 612 2864 667 nondum
2893 609 3233 665 manifestum
3260 608 3377 662 fuev

1776 717 1891 772 rat,
1920 724 1985 762 an
2025 708 2103 763 illi
2139 706 2411 763 Meletium
2436 749 2451 772 ,
2492 705 2618 761 dum
2652 706 2861 760 viveret
2888 747 2901 770 ,
2934 720 3028 775 pro
3054 703 3372 757 Antiochum

1775 802 2012 873 episcopo
2042 800 2268 854 habituri
2295 808 2457 854 essent
2481 840 2494 865 ,
2525 810 2679 870 atque
2723 798 2984 867 excepturi
3012 794 3109 869 (τ).
3151 796 3222 852 At
3250 808 3372 850 cum

1777 893 1938 949 iidem
1980 895 2131 949 illum
2177 894 2562 962 excepissent,
2609 907 2673 947 ac
2717 902 2869 961 parta
2908 894 3162 962 utrinque
3202 904 3371 961 pace,

1776 999 1867 1041 res
1894 988 1946 1040 iu
1978 985 2399 1056 tranquillitate,
2436 984 2532 1039 Dei
2564 983 2861 1049 beneﬁcio,
2893 985 3081 1053 posita
3106 983 3215 1052 jam
3246 980 3377 1035 fuis-

1778 1088 1937 1146 sent,
1983 1080 2122 1135 alios
2164 1079 2233 1133 ab
2274 1078 2640 1133 Orientalibus
2678 1077 2888 1131 animos
2934 1075 3268 1142 induendos,
3312 1088 3375 1132 ac

1780 1173 1913 1228 nihil
1946 1172 2171 1228 omnino
2216 1172 2583 1226 innovandum
2609 1171 2710 1244 (ά).
2742 1170 2939 1225 Verum
2972 1169 3212 1240 episcOpi
3254 1169 3330 1224 illi
3357 1209 3373 1236 ,

1782 1267 2047 1333 tumultu,
2081 1266 2359 1329 clamore,
2401 1280 2466 1319 ac
2507 1262 2651 1332 turpi
2679 1264 2840 1318 etiam
2883 1272 3000 1317 arte
3038 1262 3373 1329 etfuceruut,

1781 1367 1833 1411 ut
1863 1356 2263 1427 sapientissimo
2289 1355 2541 1426 Gregorii
2578 1365 2739 1425 atque
2790 1354 3021 1409 aliorum
3069 1355 3376 1424 graviorum

1779 1450 1999 1506 Patrum
2039 1452 2270 1507 consilio
2303 1450 2647 1520 posthabito,
2698 1450 2851 1502 unico
2894 1449 3100 1519 pratuli
3128 1489 3143 1513 ,
3188 1446 3379 1517 praesul

1780 1559 1942 1598 novus
1972 1553 2318 1615 opponeretur
2340 1585 2355 1611 ,
2387 1551 2551 1614 atque
2600 1553 2656 1596 ut
2695 1541 2983 1597 Flavianus
3031 1540 3252 1595 Paulino
3289 1556 3380 1594 suo

1781 1638 2071 1707 perposittts
2122 1639 2299 1708 potius
2341 1651 2502 1707 quam
2539 1650 2825 1691 successor
2865 1633 3078 1690 vacanti
3123 1633 3377 1688 Ecclesia:

1780 1731 1937 1785 datus
1958 1746 2081 1787 esse
2105 1731 2398 1785 videretur.
2432 1730 2567 1786 Rem
2599 1745 2811 1785 omnem
2838 1729 2908 1784 ab
2936 1728 3129 1785 eodem
3158 1726 3380 1782 Nazian-

91 1832 331 1888 similiter
357 1833 425 1891 de
454 1848 587 1903 pace
619 1833 964 1901 inscribitur,
994 1837 1219 1890 recitata
1256 1844 1361 1890 est.
1392 1833 1522 1889 Nam
1552 1849 1673 1890 cum
1705 1827 1751 1889 Β
1780 1837 1917 1878 κεηο
1945 1823 1997 1877 ill
2026 1823 2265 1878 carmine
2285 1822 2354 1876 de
2377 1825 2485 1877 Vlla
2512 1836 2612 1877 διεδ
2641 1831 2805 1891 atque
2821 1820 2950 1874 alibi
2977 1817 3378 1888 ειεεθηιίεείηιθ

94 1923 304 1981 divinus
334 1926 423 1981 ille
466 1928 583 1995 vir,
625 1926 971 1982 concordiam
1019 1928 1242 1983 vixdum
1290 1936 1525 1991 sartam,
1573 1928 1675 1983 ite-

98 2034 211 2072 rum
241 2034 303 2073 ac
351 2019 572 2089 turpiter
616 2022 898 2091 abruptam
924 2063 940 2086 ,
972 2033 1019 2076 et
1051 2023 1280 2093 publicas
1310 2039 1372 2076 ac
1405 2022 1514 2077 Deo
1553 2032 1676 2079 teste

92 2113 415 2181 ron/innatas
441 2114 702 2182 pactiones
732 2116 786 2168 in
807 2115 1012 2169 irritum
1032 2116 1212 2171 missas
1241 2116 1456 2182 doleat,
1487 2124 1673 2185 aperte

88 2207 429 2276 intelligimus
460 2207 694 2263 habitam
740 2207 909 2264 fuisse
938 2209 1003 2263 ad
1048 2210 1334 2279 episcopos
1362 2208 1671 2264 Constanti-

83 2302 258 2372 nopoli
284 2312 641 2373 congregatos
662 2344 677 2368 ,
714 2310 1021 2374 postquam,
1053 2302 1267 2359 Melt-tio
1297 2302 1573 2369 defuncto,
1604 2303 1673 2360 de

81 2392 421 2465 subrogando
442 2405 632 2449 contra
665 2394 771 2449 vim
803 2394 944 2465 pacti
974 2396 1023 2449 in
1054 2394 1173 2464 ejus
1207 2395 1381 2449 locum
1415 2394 1673 2450 Flaviano

81 2489 159 2558 agi
188 2497 427 2556 emptum
456 2496 536 2542 est
556 2529 572 2553 ,
615 2502 845 2557 eamque
889 2502 1009 2543 esse
1038 2487 1182 2542 illam
1224 2487 1429 2557 ipsam,
1464 2486 1616 2557 cujus
1642 2501 1672 2540 a

82 2596 139 2637 se
175 2595 234 2637 ea
278 2582 568 2645 occasione
610 2580 769 2637 dictae
814 2581 1060 2636 meminit
1104 2580 1155 2634 in
1185 2581 1426 2636 carmine
1455 2580 1521 2635 de
1566 2580 1673 2636 vita

83 2688 193 2729 sua.

150 2766 233 2822 ΙΙΙ.
274 2766 356 2823 Ad
404 2782 668 2823 canonem
696 2767 763 2833 5,
789 2766 923 2821 alias
949 2764 984 2819 4
1005 2808 1020 2832 ,
1055 2764 1336 2821 transitum
1366 2762 1537 2830 facio,
1565 2777 1675 2835 quo

83 2860 278 2914 scilicet
308 2859 529 2915 Maximi
554 2858 742 2928 Cynici
773 2857 1043 2915 ordinatio
1069 2858 1122 2911 in
1154 2856 1367 2911 irritum
1397 2856 1631 2911 mittitur
1655 2897 1670 2922 ,

85 2968 181 3023 qua
209 2952 371 3006 etiam
404 2950 459 3007 in
486 2966 544 3008 re
585 2951 795 3006 Damasi
825 2949 1107 3006 sententia:
1131 2948 1420 3003 concilium
1449 2947 1676 3003 obsecu-

87 3056 189 3101 tum
214 3056 316 3101 est.
345 3046 486 3105 llinc
514 3060 647 3101 vero
669 3043 868 3099 factum
912 3054 967 3098 ut
1013 3041 1251 3115 Egyptii
1275 3051 1330 3096 et
1356 3040 1676 3098 Macedones

85 3140 356 3209 episc0pi,
416 3153 551 3208 quos
609 3138 750 3192 inter
812 3136 1071 3194 Aebutius
1125 3134 1493 3193 recensendus
1548 3146 1671 3200 est,

1776 1912 2096 1984 descriptam
2126 1955 2142 1981 ,
2174 1923 2436 1984 prieterea
2481 1913 2711 1968 recitant
2748 1912 3010 1967 Baronius
3036 1950 3051 1975 ,
3081 1908 3378 1965 Tillemon-

1777 2006 1881 2061 tius
1908 2048 1922 2071 ,
1962 2014 2126 2075 atque
2163 2005 2294 2072 alii,
2329 2013 2388 2060 ut
2433 2006 2567 2061 nihil
2596 2018 2733 2072 opus
2779 2004 2849 2060 sit
2906 2003 3054 2059 illam
3099 2002 3292 2079 iterum
3347 2015 3379 2059 α

1776 2112 1863 2152 rue
1903 2097 2191 2151 recantari.
2224 2097 2440 2153 Minime
2488 2108 2664 2152 tanien
2706 2096 2999 2167 impetrare
3041 2110 3072 2150 a
3119 2110 3207 2149 me
3258 2108 3381 2165 pos-

1775 2205 1932 2255 sum,
1962 2190 2090 2261 quin
2133 2191 2324 2246 iterum
2361 2206 2599 2246 asseram
2631 2190 3033 2249 Theodoretum
3064 2190 3233 2244 nimio
3279 2200 3380 2243 suo

1774 2297 1902 2354 erga
1931 2281 2246 2339 Flavianum
2294 2283 2473 2340 studio
2516 2284 2798 2355 abreptum
2845 2283 3051 2349 fuisse,
3097 2297 3220 2338 cum
3263 2281 3379 2352 epi-

1776 2376 2125 2446 scopos-illos
2146 2416 2163 2443 ,
2193 2390 2329 2447 quos
2366 2375 2660 2447 Gregorius
2694 2376 3068 2445 graeculorum
3128 2388 3192 2429 ac
3252 2387 3378 2428 ves-

1777 2482 1963 2537 parum
2013 2468 2232 2523 nomine
2261 2470 2587 2539 compellat,
2625 2469 2763 2524 tueri
2796 2466 2965 2522 voluit
3010 2482 3106 2538 per
3135 2474 3376 2536 apertam

1776 2557 2035 2614 adversus
2076 2559 2359 2615 Paulinum
2405 2560 2755 2628 calumniam,
2806 2562 2923 2616 haec
2972 2558 3216 2615 scribens
3257 2554 3375 2628 (e):

1775 2651 2035 2706 Paulinus
2079 2654 2283 2725 quidem
2310 2653 2644 2725 prmulatum
2678 2653 2923 2709 Ecclesia!
2958 2654 3099 2707 illius
3138 2650 3235 2705 sibi
3264 2651 3379 2705 viu-

1776 2745 1976 2800 dicabat
2003 2761 2023 2801 :
2047 2749 2137 2800 sed
2179 2749 2475 2803 restauravit
2511 2749 2798 2803 antistitum
2829 2758 3006 2812 cretus,
3047 2746 3235 2800 rationi
3255 2761 3382 2799 con-

1774 2847 2070 2893 sentaneum
2120 2854 2220 2893 non
2265 2856 2375 2894 esse
2422 2841 2598 2895 dicens
2660 2850 2717 2894 ut
2786 2840 2872 2910 qui
2924 2838 3119 2893 Metetii
3162 2837 3379 2891 consilia

1776 2933 2088 3003 respuisset,
2135 2942 2250 3004 post
2288 2935 2403 3007 ejus
2447 2933 2641 2987 obitum
2691 2932 2863 2988 sedem
2902 2930 3047 2986 illius
3095 2930 3374 3002 acciperet.

1784 3036 1920 3092 Nam
1950 3037 1996 3091 si
2046 3037 2291 3091 Meletius
2329 3045 2384 3092 et
2413 3036 2668 3093 Paulinus
2698 3045 2855 3107 pacto
2884 3041 3249 3091 convenerant
3274 3073 3289 3097 ,
3323 3040 3381 3086 ut

1778 3129 1867 3199 qui
1895 3144 2079 3185 eorum
2103 3130 2260 3185 alteri
2284 3139 2561 3198 superstes
2585 3139 2758 3195 esset,
2792 3130 3087 3184 Ecclesium
3114 3128 3379 3196 integram

86 3246 400 3300 quamquam
432 3229 676 3299 Gregorii
707 3227 1035 3284 Nazianzeni
1070 3228 1443 3298 episcopatum
1472 3227 1676 3297 improo
1700 3226 1745 3288 C
1780 3223 2220 3287 administraret,
2256 3221 2443 3278 falsum
2492 3220 2732 3292 profecto
2766 3229 2889 3287 est,
2943 3218 3219 3275 Paulinum
3268 3215 3377 3271 Me-

89 3324 207 3376 bare
236 3320 335 3376 visi
363 3322 506 3388 sint,
544 3335 607 3376 ac
647 3322 873 3377 violatos
899 3320 969 3375 ob
995 3318 1112 3390 ejus
1147 3320 1554 3374 translationem
1585 3332 1676 3373 ca-

90 3430 278 3480 nones,
308 3422 699 3479 causarentur,
730 3413 860 3468 nihil
884 3423 1063 3467 tamen
1092 3426 1189 3483 pro
1216 3411 1406 3467 eodem
1436 3410 1671 3483 Cynico,

89 3516 174 3563 aut
199 3516 384 3562 contra
418 3508 536 3577 ejus
563 3507 1058 3563 esauctorationem
1093 3507 1376 3562 moverint.
1411 3506 1549 3573 Quin
1582 3520 1679 3575 po-

92 3602 187 3655 tius
216 3601 329 3656 haec
352 3600 426 3656 ab
466 3600 574 3657 illis
600 3600 927 3671 gerebantur
947 3644 961 3668 ,
1006 3617 1111 3655 non
1141 3611 1248 3655 tam
1281 3600 1406 3655 odio
1431 3600 1676 3671 ejusdem

92 3692 403 3749 Nazianzeni
428 3734 445 3761 ,
474 3692 560 3748 vel
587 3702 645 3748 ut
673 3695 725 3749 in
757 3694 872 3766 ejus
905 3693 1099 3748 throno
1121 3694 1281 3747 alium
1306 3694 1674 3759 collocarent,

91 3800 235 3854 quam
258 3798 313 3840 ut
338 3787 409 3841 iis
459 3786 545 3856 qui
574 3784 723 3841 illum
742 3786 1050 3859 episcopum
1065 3784 1528 3855 Constantinopoli
1548 3800 1678 3840 con-

92 3881 399 3947 stituerant,
431 3879 673 3935 dolorem
700 3880 966 3949 aliquem,
998 3889 1057 3934 ut
1087 3879 1201 3949 ipsc
1231 3878 1309 3934 ait
1350 3879 1458 3949 (b),
1489 3877 1675 3933 inure-

95 3980 223 4025 rent.
249 3971 327 4028 Ex
352 3987 463 4043 quo
485 3972 745 4027 discimus
768 3973 1058 4028 Maximum
1081 3973 1255 4044 ipsum
1280 3971 1345 4026 ad
1376 3972 1479 4027 hoc
1509 3987 1680 4043 usque

96 4072 322 4133 tempus,
359 4080 535 4137 neque
562 4067 612 4119 in
636 4066 839 4121 Italiam
868 4067 1113 4131 venisse,
1149 4084 1325 4140 neque
1349 4070 1492 4125 aliud
1523 4069 1681 4142 quid-

96 4155 224 4226 piam
252 4161 428 4228 egisse
454 4158 594 4227 apud
623 4158 910 4215 Damasum
960 4168 1017 4215 et
1068 4160 1445 4217 Occidentales
1469 4162 1681 4233 episco-

97 4264 222 4318 pos,
266 4265 372 4319 quo
419 4250 581 4305 rebus
631 4251 743 4307 suis
788 4266 947 4321 opem
997 4249 1180 4308 ferret.
1214 4249 1452 4308 Caeteros
1495 4262 1678 4309 autem

95 4340 296 4396 concilii
336 4358 572 4399 canones
603 4344 902 4398 omittimus
924 4385 939 4410 ,
969 4351 1081 4399 tutn
1111 4345 1252 4417 quod
1282 4344 1417 4400 nihil
1444 4344 1509 4400 ad
1553 4360 1678 4403 eum

98 4433 392 4500 pointiﬁcem
439 4435 728 4506 sedemque
773 4436 1124 4505 apostolicam
1175 4440 1515 4508 pertineant,
1568 4449 1679 4495 tum

97 4528 227 4595 quod
255 4530 474 4584 dubium
517 4530 693 4585 adhuc
723 4533 828 4597 sit,
859 4546 927 4585 an
958 4547 1028 4586 ex
1069 4531 1135 4588 iis
1184 4531 1430 4585 nonnulli
1462 4530 1531 4588 ad
1577 4532 1680 4591 hoc

1778 3316 1889 3371 letii
1911 3317 2134 3372 consilia
2166 3316 2466 3372 concordia:
2506 3318 2849 3373 restituendae
2873 3314 3060 3370 idonea
3084 3311 3374 3382 respuisse.

1778 3411 1911 3466 Hinc
1950 3411 2274 3482 Gregorius,
2315 3410 2467 3482 cujus
2513 3411 2878 3466 testimonium
2925 3424 3085 3464 uerno
3125 3406 3377 3477 repudia-

1777 3506 1939 3573 verit,
1972 3505 2163 3573 aliam,
2207 3521 2436 3575 eamque
2467 3519 2687 3576 prorsus
2716 3503 3017 3566 ridiculam,
3058 3515 3273 3556 causam
3301 3497 3379 3551 af-

1778 3599 1879 3653 fert
1921 3615 2019 3654 cur
2069 3599 2290 3670 sequior
2341 3599 2429 3652 illa
2461 3640 2474 3662 ,
2523 3612 2846 3667 quamquam
2892 3594 3066 3663 major
3093 3592 3381 3663 episcopo-

1778 3708 1895 3747 rum
1926 3708 2047 3762 pars
2092 3690 2406 3747 Flavianum
2447 3691 2664 3746 Meletio
2721 3687 3117 3759 subrOgandum
3155 3697 3382 3739 censue-

1780 3787 1868 3841 rit.
1902 3785 2264 3854 Quamobrem
2297 3785 2341 3840 si
2388 3784 2674 3839 Flavianus
2712 3784 2825 3853 ipse
2849 3822 2865 3847 ,
2911 3796 2979 3834 ne
3009 3779 3379 3847 episcopatum

1779 3879 1925 3935 illum
1971 3889 2066 3933 aut
2095 3878 2361 3943 ambiret,
2407 3886 2501 3933 aut
2547 3887 2741 3949 sponte
2781 3875 3021 3931 oblatum
3062 3874 3373 3942 acciperet,

1774 3974 2084 4045 juramento
2141 3988 2264 4030 sese
2319 3973 2724 4038 obstrinxerat,
2777 3970 2920 4025 nulla
2969 3979 3051 4024 est
3100 3966 3237 4022 ratio
3281 3978 3382 4019 cur

1774 4067 2068 4137 juramenti
2099 4067 2421 4138 religionem
2467 4067 2740 4137 sprevisse
2786 4078 2892 4118 non
2932 4062 3209 4127 videatur,
3255 4073 3380 4112 cum

1781 4160 1975 4217 nedum
2002 4176 2061 4216 se
2111 4163 2235 4233 eligi
2286 4169 2344 4216 et
2371 4160 2608 4216 ordinari
2642 4158 3036 4215 Autiocbenutn
3066 4154 3379 4224 episcopum

1780 4269 1969 4326 passus
1998 4264 2083 4311 est
2106 4297 2121 4321 ,
2149 4255 2244 4311 sed
2292 4262 2439 4309 tanta
2473 4255 2667 4311 deinde
2693 4253 3039 4309 contentione
3068 4249 3251 4304 sedem
3286 4263 3371 4301 re-

1780 4349 1953 4405 tinere
1994 4348 2221 4404 studuit.
2271 4347 2497 4417 Neque,
2541 4346 2683 4417 quod
2735 4345 2924 4401 Graeca
2975 4341 3214 4397 Ecclesia
3263 4338 3381 4408 ejus

1783 4441 1922 4499 inter
1966 4452 2185 4497 sanctos
2223 4443 2541 4496 nietuoriam
2586 4441 2731 4495 colat
2756 4481 2769 4503 .
2805 4437 3077 4493 aestimare
3119 4435 3381 4490 debemus

1783 4534 1983 4591 nullius
2010 4550 2130 4590 eum
2156 4534 2365 4606 peccati
2395 4550 2543 4590 reum
2572 4532 2687 4589 ﬁeri
2717 4531 2957 4604 potuisse
2977 4572 2991 4597 ,
3018 4529 3161 4601 quod
3183 4527 3382 4585 deinde

98 4619 255 4688 ipsum
286 4623 576 4679 concilium
596 4667 611 4692 ,
637 4640 704 4680 an
738 4640 866 4681 vero
904 4625 972 4680 ad
1019 4625 1161 4681 aliud
1209 4625 1499 4696 quodpiam
1524 4668 1539 4695 ,
1586 4642 1674 4683 re-
1701 4613 1755 4673 D
1781 4630 2092 4701 pmnitentia
2132 4628 2359 4701 aliisque
2386 4629 2671 4685 virtutibus
2696 4627 2910 4684 eluerit.

102 4708 215 4767 ferri
245 4715 514 4786 debeant,
544 4717 687 4788 quod
715 4732 843 4773 vero
871 4718 1089 4789 propius
1117 4718 1352 4773 videtur.

165 4804 246 4859 IV.
276 4808 551 4879 Agendum
579 4811 759 4883 itaque
787 4821 1066 4883 superest,
1092 4811 1162 4866 de
1186 4811 1527 4868 ordinatione
1555 4811 1678 4868 Fla-

99 4894 259 4963 viani,
291 4910 344 4954 et
374 4899 693 4957 Nazianzeni
722 4902 1066 4958 abdicatione
1088 4945 1102 4969 ,
1130 4920 1249 4975 qute
1276 4915 1399 4959 sunt
1430 4905 1675 4976 ejusdem

102 4992 297 5047 concilii
348 5010 469 5065 pars
513 5004 570 5051 et
616 4998 877 5052 accessio.
932 4998 1145 5053 Meletio
1191 5008 1314 5055 ante
1355 4999 1471 5070 ejus
1518 5002 1681 5057 tinem

104 5084 377 5157 defuncto,
416 5091 688 5159 Paulinus,
719 5093 769 5146 vi
809 5095 947 5163 pacti
1012 5094 1152 5163 quod
1197 5095 1433 5163 juratum
1464 5096 1637 5150 fuerat
1661 5135 1677 5161 ,

105 5184 478 5241 Antiochenam
512 5187 812 5243 Ecclesiam
852 5188 1091 5244 retinere
1120 5190 1271 5245 solus
1307 5188 1588 5245 debuerat.
1621 5188 1679 5251 Μ

105 5277 342 5333 censebat
380 5279 669 5351 Gregorius
691 5323 705 5344 ,
735 5291 896 5351 atque
926 5291 983 5336 ut
1020 5283 1135 5338 haec
1173 5285 1441 5338 sententia
1470 5283 1681 5339 obtine-

107 5377 212 5434 ret,
260 5372 381 5425 totis
426 5373 749 5442 eloquentia:
797 5372 1001 5429 viribus
1046 5373 1419 5443 adlaboravit,
1463 5391 1526 5432 ea
1567 5390 1679 5447 prae

174 5481 243 5556 (a)
282 5482 400 5556 Yid.
430 5483 587 5556 Grrg.
621 5486 803 5541 Carm.
826 5485 894 5542 de
922 5485 1041 5542 Vita
1070 5503 1166 5543 sua
1194 5503 1263 5544 ex
1294 5505 1348 5545 n.
1384 5489 1508 5545 ﬁt.

175 5554 245 5625 (ὁ)
282 5553 455 5613 Carm.
490 5553 562 5611 de
584 5556 689 5611 Vit.
721 5574 815 5613 sua
840 5574 905 5614 ex
939 5573 1087 5637 num.
1122 5561 1246 5616 155.

343 5643 411 5705 (c)
436 5645 511 5702 ἐκ
533 5656 595 5705 μιν
617 5649 678 5695 etv
698 5651 743 5706 ἦν
764 5658 802 5696 ιν
825 5659 924 5710 pta,
943 5657 1038 5703 σαος
1060 5658 1202 5705 ποιὸς

342 5716 431 5759 οὐδ’
447 5714 491 5768 ἦν
513 5727 621 5774 αγις
642 5735 711 5770 ιιι,
732 5725 817 5763 ποθ’
840 5724 875 5763 οι
896 5729 963 5772 τῆς
982 5714 1145 5775 ἐπάρας

342 5784 409 5825 τὸν
430 5780 547 5840 ἄνδρα
565 5782 703 5833 ἥξοντ’
724 5790 935 5843 ints-pint
958 5792 1066 5838 an...

113 5832 303 5899 Norant
328 5856 459 5906 vero
482 5832 667 5909 dum
688 5889 704 5920 ,
737 5832 859 5925 aiis
884 5850 955 5907 sit
983 5832 1360 5911 Ecclesiastico
1394 5847 1534 5925 Itylo
1562 5861 1685 5925 por-

1855 4724 2028 4780 llosce
2054 4724 2235 4795 itaque
2264 4724 2541 4795 improbos
2566 4724 2852 4793 episcOpos
2897 4731 2952 4777 et
3003 4717 3381 4775 tumultuarios

1780 4827 1955 4875 cmtus
1998 4834 2118 4873 cum
2149 4818 2469 4874 abhorreret
2504 4818 2796 4887 Gregorius
2816 4856 2831 4882 ,
2860 4814 2928 4869 de
2955 4813 3117 4884 regite
3148 4810 3381 4867 civitatis

1779 4915 2093 4984 episcOpatu
2144 4912 2469 4969 dimitteudo
2509 4913 2791 4968 consilium
2830 4910 3015 4981 cepit,
3061 4906 3204 4978 quod
3260 4911 3382 4973 post

1788 5007 2074 5062 adventum
2098 5006 2477 5079 Egyptiorum
2520 5021 2582 5062 ac
2626 5005 2975 5060 Macedonum
3003 5003 3378 5070 episcoporum

1786 5110 2072 5153 exsecutus
2103 5108 2221 5164 est,
2255 5110 2383 5154 tunc
2415 5100 2658 5161 scilicet,
2692 5114 2813 5153 cum
2847 5096 3092 5150 manibus
3121 5091 3379 5148 Flaviano

1788 5190 2000 5246 tandem
2030 5192 2294 5261 impositis
2319 5232 2335 5259 ,
2374 5192 2515 5247 nulla
2566 5192 2795 5261 amplius
2846 5194 3125 5257 supererat
3161 5193 3380 5238 teutalm

1784 5285 1851 5338 ab
1897 5300 1963 5339 eo
2002 5285 2308 5341 concordia:
2355 5302 2496 5355 spes.
2542 5283 2829 5340 Flavianus
2896 5280 3039 5336 enim
3098 5276 3380 5331 ordinatus

1784 5390 1869 5435 cst
1892 5422 1907 5445 ,
1940 5389 1997 5434 ut
2023 5395 2125 5451 ego
2156 5390 2286 5451 puto
2311 5421 2323 5443 ,
2365 5379 2542 5434 medio
2591 5377 2682 5433 illo
2724 5387 2963 5447 tempore
2990 5413 3006 5440 ,
3044 5388 3150 5442 quo
3176 5368 3380 5437 Grego-

1786 5503 1943 5576 petua
1978 5494 2134 5563 hujus
2164 5493 2604 5576 verbi_vis._l_liuc
2642 5490 2846 5573 Bczroi,
2866 5488 2955 5576 qui
2985 5482 3379 5576 com‘r’nuni‘ofiis

1782 5553 1906 5633 iure
1935 5553 2190 5629 utuntur,
2217 5566 2407 5634 quibus
2437 5562 2635 5621 ἅδεκτοι
2661 5553 2896 5629 opposui
2918 5568 3064 5634 sunt.
3098 5553 3374 5634 Vid._t}ati.

1786 5623 1889 5705 Ἀρ.
1927 5636 2020 5701 15,
2054 5651 2117 5689 ac
2160 5623 2476 5691 Svricerum.
2502 5635 2637 5690 Vide
2657 5623 2818 5687 etiam
2848 5628 3131 5699 epistolam
3159 5623 3281 5680 Julii
3312 5623 3381 5679 ad

1788 5705 2092 5762 Orientales
2115 5724 2169 5762 ﬂ.
2199 5710 2284 5762 15.

1791 5814 1807 5841 λ
1862 5776 1945 5926 Et?
1973 5777 2430 5836 Vid.Naz.Carm.
2456 5778 2523 5837 de
2545 5775 2761 5861 Vit.sua
2786 5790 2851 5849 ex
2874 5786 3024 5829 num.
3044 5768 3143 5839 127
3161 5776 3378 5843 etseqq.

1791 5898 1812 5914 ρ
1887 5866 1914 5907 ο
1979 5849 2097 5917 Lib.
2132 5865 2195 5923 v,
2222 5865 2343 5926 cap.
2370 5852 2443 5911 25
2466 5891 2482 5923 ,
2517 5864 2585 5907 ex
2610 5857 2805 5925 interp.
2841 5844 3020 5926 Vales.

1791 5814 1807 5841 λ
1888 5778 1921 5833 d
1973 5777 2430 5836 Vid.Naz.Carm.
2456 5778 2523 5837 de
2545 5776 2761 5843 Vit.sua
2786 5790 2851 5834 ex
2874 5786 3020 5829 num.

1789 5898 1812 5914 ρ
1862 5776 1945 5930 Σοί
1979 5849 2097 5917 Lib.
2132 5865 2195 5923 v,
2222 5865 2343 5929 cap.
2370 5852 2443 5911 25
2466 5891 2482 5923 ,
2517 5864 2585 5907 ex
2610 5848 2805 5925 interp.
2826 5841 3020 5931 'Ysles,
