3950 6330
473 286 586 346 923
1636 285 1949 347 SANCTUS
1987 285 2095 344 DAl

2215 285 2311 343 iUS
2349 285 2526 343 PAPA
2539 326 2552 341 .
3645 292 3736 350 924

475 409 615 480 rius,
641 408 880 467 nondum
927 408 1292 482 resignatione
1329 409 1468 467 facta
1493 453 1509 481 ,
1539 424 1568 465 a
1616 410 1781 468 domo
1824 412 2080 468 Ecclesiae
2106 417 2156 472 A
2183 419 2302 466 ctus
2325 421 2409 467 est
2434 452 2450 479 ,
2498 410 2720 468 minime
2763 411 2866 466 sibi
2926 424 3148 468 necesse
3192 409 3422 465 duxerit.
3461 409 3528 466 At
3553 409 3615 468 de
3653 411 3738 470 ltoc

478 513 821 570 secesserat,
859 518 1025 571 seque
1063 504 1383 572 abdiderat,
1417 520 1486 562 ne
1515 507 1698 574 malis,
1728 514 1788 560 ut
1828 505 1920 562 ille
1957 506 2076 573 ait,

477 597 834 654 conventibus
878 597 1073 655 adesse
1103 609 1392 670 cogeretur
1423 599 1524 671 (α).
1556 601 1688 656 Nam
1727 617 1850 656 cum
1878 602 2079 656 oratio-

479 705 605 747 nem
637 689 1038 746 valedictoriam
1069 691 1136 747 ad
1165 691 1356 748 Patres
1389 693 1490 750 150
1519 694 1704 749 babuit
1723 734 1740 760 ,
1769 693 2078 765 exemplum

480 795 544 839 se
585 781 892 854 relinquere
944 783 1219 853 professus
1246 794 1331 840 est
1357 826 1373 852 ,
1404 785 1544 856 quod
1572 787 1617 839 si
1645 787 1882 841 nonnulli
1910 787 2080 842 imita-

478 884 660 931 rentur
681 917 698 940 ,
724 892 786 930 ac
824 874 1025 932 thronis
1051 876 1321 944 cederent,
1356 879 1457 931 non
1497 878 1687 949 facturi
1721 889 1884 934 essent
1910 879 2080 949 iactu-

477 981 626 1033 ram,
675 967 764 1024 sed
791 967 1018 1023 habituri
1061 985 1338 1039 supernam
1377 969 1673 1024 cathedram
1718 969 1878 1024 multo
1922 969 2080 1025 subli-

480 1059 731 1128 miorem,
761 1077 821 1116 ac
847 1062 1105 1116 tutiorem.
1138 1063 1216 1117 Ex
1255 1063 1451 1134 quibus
1495 1078 1599 1118 non
1630 1063 1860 1120 obscure
1899 1064 2079 1135 colligi

480 1161 704 1225 potest,
739 1152 1058 1210 Flavianum
1097 1154 1274 1225 ipsum
1295 1195 1310 1220 ,
1340 1155 1433 1227 qui
1467 1157 1566 1211 hoc
1607 1156 1728 1211 loco
1760 1154 2079 1228 perstringi-

481 1253 610 1314 tur,
661 1248 1017 1318 episcopum,
1078 1263 1200 1304 cum
1253 1249 1368 1304 btec
1413 1248 1782 1306 Nazianzenus
1838 1248 2079 1317 diceret,

477 1337 590 1410 jam
620 1349 903 1406 creatum,
946 1355 1010 1396 ac
1038 1341 1088 1395 in
1137 1341 1332 1397 throno
1375 1341 1696 1397 collocatum
1728 1343 1910 1398 fuisse.
1956 1342 2080 1398 Fla-

479 1433 674 1488 vianus
709 1433 905 1490 deinde
929 1476 945 1502 ,
987 1435 1033 1489 si
1079 1435 1384 1492 Sozomeno
1412 1435 1707 1504 credimus,
1743 1447 1933 1492 auctor
1979 1437 2081 1492 im-

479 1529 672 1600 primis
713 1528 813 1585 fuit
838 1573 854 1595 ,
884 1541 944 1586 ut
989 1530 1270 1589 Nectarius
1296 1532 1561 1604 Gregorio
1608 1535 1706 1604 ipsi
1747 1535 2080 1590 succederet.

481 1620 624 1689 Quid
670 1633 849 1678 autem
900 1622 969 1678 de
1018 1635 1244 1694 utraque
1283 1624 1385 1680 hac
1427 1627 1768 1683 ordinatione
1817 1627 2084 1681 Damasus

481 1715 720 1772 senserit
741 1756 756 1778 ,
781 1715 959 1772 dicam
991 1718 1240 1788 sequenti
1268 1733 1436 1774 anno.

555 1811 638 1867 Me
684 1826 790 1866 non
824 1812 954 1868 latet
992 1810 1066 1885 (ὁ)
1095 1812 1498 1870 Titlemontium
1541 1815 1784 1872 scribere
1808 1858 1823 1882 ,
1855 1815 1923 1871 ab
1969 1817 2083 1888 epi-
2116 1818 2163 1878 B

482 1907 662 1975 scopis
716 1904 830 1959 sedi
896 1920 1009 1960 sure
1064 1905 1339 1974 redditis,
1399 1916 1590 1976 atque
1625 1908 1818 1965 deinde
1892 1911 2088 1965 Antio-

481 1999 622 2057 chia:
660 2000 712 2054 in
753 2015 876 2055 eum
925 2000 1086 2057 finem
1137 2001 1333 2058 iterum
1382 2006 1765 2074 congregatis,
1811 2003 2090 2075 impositas

482 2090 745 2148 Flaviano
771 2109 982 2150 manus.
1019 2095 1089 2150 At
1125 2094 1215 2148 ille
1253 2096 1448 2162 quaerit
1475 2095 1715 2166 opinioni
1751 2111 1864 2152 sua:
1906 2096 2092 2166 praesi-

484 2185 632 2242 dium
663 2229 678 2253 ,
723 2188 866 2244 unde
911 2191 998 2244 illa
1041 2189 1372 2257 destruitur,
1414 2200 1470 2245 ut
1518 2191 1624 2245 alio
1655 2191 1774 2247 loco
1803 2193 2088 2262 probatum

482 2277 631 2335 dedi.
679 2281 882 2337 Deinde
926 2282 1044 2338 hrcc
1070 2284 1169 2338 viri
1212 2283 1359 2340 docti
1389 2286 1656 2340 sententia
1687 2295 1919 2357 recepta:
1965 2297 2092 2343 tunc

485 2371 789 2443 disciplince
819 2375 1042 2431 minime
1075 2385 1445 2434 consentanea
1482 2387 1584 2433 est.
1619 2378 1749 2433 Nam
1781 2381 2087 2449 episcopis,

485 2465 575 2534 qui
607 2476 700 2521 aut
736 2465 1013 2536 defuncti,
1043 2479 1136 2524 aut
1181 2469 1234 2525 in
1281 2471 1440 2540 plena
1487 2471 1696 2544 synodo
1739 2469 1937 2542 dejecti
1974 2470 2093 2528 fue-

483 2563 646 2624 rant,
693 2557 835 2614 alter
877 2560 1146 2627 dabatur,
1195 2571 1250 2618 et
1296 2565 1724 2619 consecrabatur
1785 2564 1976 2620 eodem
2037 2565 2089 2619 in

486 2649 612 2707 loco
649 2668 710 2708 ac
747 2653 816 2708 ab
857 2654 1051 2722 eadem
1091 2657 1245 2726 plena
1298 2659 1508 2730 synodo
1551 2673 1834 2715 successor
1885 2678 1896 2712 :
1937 2659 2092 2728 cujus

487 2747 568 2804 rei
611 2763 641 2802 a
688 2747 900 2804 Nicmna
929 2792 944 2815 ,
990 2765 1110 2820 qua:
1161 2750 1555 2822 Philogonum,
1597 2751 2095 2822 Constantinopoli-

489 2848 611 2896 tana
646 2840 798 2910 ipsa.
844 2857 965 2912 qua:
1013 2841 1355 2911 Nectarium,
1399 2844 1668 2914 Ephesina
1697 2888 1712 2910 ,
1757 2861 1878 2916 quae
1926 2846 2094 2902 Maxi-

487 2932 730 2988 mianum
776 2931 1208 2991 Cbalcedoncnsi
1235 2978 1249 3002 ,
1284 2952 1404 3008 quae
1446 2938 1610 2992 alium
1651 2939 1894 2995 Dioscuri
1935 2940 2090 3008 loco,

489 3041 555 3082 ac
592 3037 749 3083 sexta
775 3069 789 3094 ,
823 3043 944 3100 qu:e
983 3027 1370 3099 TheOpbanem
1416 3035 1753 3088 consecravit
1779 3075 1794 3096 ,
1841 3036 2090 3105 exempla

489 3123 599 3195 peti
641 3132 884 3190 possunt.
917 3123 1094 3180 Unum
1130 3142 1226 3195 pro
1271 3125 1622 3182 Tilletnontio
1662 3128 1971 3198 praesidium
2012 3129 2092 3184 vi-

2181 505 2414 561 concilio
2443 507 2711 578 rebusque
2737 507 2802 562 ad
2833 507 2962 562 illud
2991 506 3344 562 attinentibus
3392 505 3574 562 iterum
3604 524 3740 581 agen-

2181 598 2307 655 dunt
2335 601 2442 656 erit
2466 601 2714 672 sequenti
2748 616 2914 655 anno.

2777 738 3008 796 CAPUT
3045 737 3191 795 XIX.

2181 855 2224 912 l.
2263 854 2343 910 De
2370 855 2683 926 Aquileiensi
2727 854 2944 908 concilio
2986 854 3287 924 scriptisque
3315 852 3376 908 ab
3405 855 3494 909 illo
3520 855 3746 926 synodicis

2254 950 2506 1020 epistolis,
2541 949 2734 1017 priores
2769 947 2884 1001 dua:
2911 948 2979 999 ad
3009 941 3318 1000 Gratianum
3373 957 3672 1001 recensentur
3711 957 3748 1002 et

2256 1042 2648 1113 expenduntur,
2687 1041 2755 1094 ad
2794 1056 2970 1093 eorum
3005 1050 3288 1109 temporum
3334 1038 3589 1092 historiam
3627 1038 3750 1092 illus-

2253 1140 2512 1192 trandam.
2563 1135 2624 1189 ll.
2686 1133 2924 1189 Gratiani
2969 1133 3292 1202 imperatoris
3364 1134 3650 1204 rescriptum
3697 1132 3751 1184 atl

2259 1231 2565 1302 Aquilinum
2599 1229 2857 1284 viCarium
2889 1227 3106 1294 alfertur
3133 1237 3178 1281 et
3226 1229 3527 1282 illustratur.
3585 1226 3752 1281 Neute-

2256 1342 2352 1378 nus
2375 1333 2600 1388 notatur,
2628 1332 2672 1376 et
2695 1322 2950 1392 Anonymi
2967 1320 3455 1375 Amstelodamensis
3477 1319 3754 1392 impudentia

2258 1417 2558 1487 castigatur.
2621 1414 2709 1469 lll.
2753 1413 2930 1469 Tertia
2960 1414 3302 1486 Aquileiensis
3331 1413 3553 1488 ejusdem
3580 1413 3755 1467 concilii

2258 1512 2476 1582 epistola
2519 1510 2827 1583 expenditur
2879 1519 2927 1564 et
2957 1511 3267 1582 explicatur.
3300 1509 3388 1564 ιν.
3424 1508 3754 1564 Priscillianus

2261 1607 2482 1662 Romam
2511 1607 2738 1672 venit,ut
2760 1621 2814 1660 se
2851 1615 3052 1678 purget.
3089 1605 3418 1673 Quesnellius
3456 1611 3501 1658 et
3533 1603 3755 1674 Dupinius

2261 1699 2588 1772 refelluntur.

2263 1814 2302 1870 Ι.
2347 1813 2462 1869 Νοιι
2491 1813 2580 1869 ditt
2615 1822 2737 1884 post
2788 1811 3451 1884 Constantinopolitanum
3481 1809 3754 1876 concilium,

2195 1909 2544 1980 Aquileiense
2574 1917 2956 1980 congregatum
3002 1918 3107 1972 est,
3141 1913 3206 1962 ac
3251 1920 3437 1962 mense
3489 1901 3758 1973 Septembri

2193 2001 2522 2056 absolutum.
2550 2001 2625 2056 Ex
2651 2000 2744 2056 illo
2788 2001 2970 2072 igitur,
3014 1999 3158 2071 quod
3205 2000 3252 2054 si
3305 2014 3412 2053 non
3465 1995 3753 2068 frequentia,

2193 2095 2455 2166 dignitate
2480 2095 2694 2159 saltem,
2726 2110 2790 2149 ac
2817 2094 3104 2149 sanctitate
3139 2094 3516 2164 cpiscOporum
3556 2089 3639 2160 qui
3676 2087 3756 2141 ad-

2193 2188 2432 2255 fuerunt,
2471 2189 2884 2244 celeberrimum
2938 2189 3079 2244 inter
3117 2186 3352 2242 concilia
3400 2185 3571 2240 locum
3616 2189 3754 2243 tenet,

2194 2298 2295 2354 ego
2323 2298 2386 2338 ca
2409 2283 2688 2337 dumtaxat
2725 2281 2972 2350 colligam
3001 2323 3016 2346 ,
3072 2296 3195 2352 quae
3253 2281 3321 2335 ab
3370 2279 3607 2334 instituto
3658 2287 3757 2329 meo

2195 2375 2336 2432 haud
2367 2378 2545 2432 aliena
2577 2387 2722 2440 sunt,
2755 2385 2916 2446 atque
2943 2375 3010 2429 ad
3049 2375 3339 2429 Damasum
3369 2374 3612 2428 attinent.

2271 2471 2473 2526 Praeter
2490 2471 2608 2540 ejus
2625 2473 2776 2534 Acta,
2806 2485 2926 2539 quae
2950 2484 2978 2522 a
2995 2467 3272 2523 Cltiflletio
3289 2467 3484 2522 frustra
3505 2461 3757 2520 sollicitata

2194 2573 2343 2629 Sunt,
2370 2573 2481 2619 tres
2509 2573 2726 2619 exstant
2754 2563 3023 2633 epistoltc,
3050 2575 3280 2631 quarum
3305 2559 3532 2630 geminae
3556 2557 3616 2611 ad
3637 2553 3756 2611 Gra-

2195 2657 2397 2712 tianum
2425 2656 2735 2712 Occidentis
2767 2657 3175 2726 imperatorem,
3211 2655 3386 2710 altera
3430 2653 3495 2707 ad
3542 2646 3758 2705 Theodo-

2195 2751 2332 2807 sium
2367 2751 2620 2821 pertinet,
2649 2764 2973 2818 quamquam
3014 2763 3198 2803 earum
3229 2745 3508 2816 inscriptio
3544 2741 3758 2797 omnibus

2194 2845 2498 2899 communis
2521 2845 2612 2898 sit.
2644 2843 3013 2897 Meinorantur
3043 2841 3229 2912 priore
3284 2838 3511 2910 epistola
3558 2851 3614 2892 ea
3659 2848 3759 2902 qua:

2195 2937 2261 2992 ad
2293 2937 2451 2992 fidem
2486 2946 2756 3007 spectant,
2787 2944 2842 2992 et
2869 2936 3116 2990 confecta
3161 2935 3214 2988 in
3257 2933 3490 2988 concilio
3539 2929 3758 2984 fuerant:

2194 3033 2473 3104 depositos
2503 3032 2710 3086 scilicet
2759 3030 3058 3086 Palladium
3103 3039 3152 3085 et
3213 3028 3625 3090 Secundianum,
3669 3020 3762 3090 epi-

2195 3139 2392 3196 scopos
2419 3125 2674 3190 Arianos,
2708 3133 2871 3194 atque
2896 3122 3134 3178 Attalum
3162 3125 3534 3193 presbyterum
3563 3114 3761 3190 concilio

491 3219 652 3276 detur
701 3221 819 3294 capi
867 3238 1028 3294 posse
1079 3239 1145 3278 ex
1197 3225 1439 3294 ejusdem
1489 3218 2175 3298 ConstantinopolitanaeC
2209 3219 2328 3290 ipso
2357 3228 2673 3288 prtesentes.
2724 3215 2952 3272 Palladii
2983 3224 3038 3270 et
3091 3214 3422 3270 Secumliani
3471 3209 3660 3266 mentio
3698 3212 3764 3298 est

495 3315 701 3388 Synodi
727 3318 892 3385 aetis,
931 3319 1128 3388 quibus
1165 3319 1460 3375 Flavianus
1501 3321 1617 3390 ipse
1658 3322 1988 3391 subscribit,
2038 3335 2097 3381 ιιι

493 3410 799 3482 presbyter.
860 3411 930 3468 At
979 3407 1068 3484 q'tti
1118 3429 1185 3469 ex
1247 3413 1555 3485 ltujnsmodi
1605 3417 2097 3489 subscriptionibus

493 3503 712 3574 aliquod
742 3505 809 3560 ad
832 3521 958 3560 suas
986 3508 1269 3576 Opiniones
1293 3508 1694 3566 confirmandus
1721 3523 2094 3583 argumentum

496 3594 754 3662 trahunt,
785 3611 871 3652 nte
903 3597 936 3651 ii
967 3613 1186 3668 prorsus
1223 3615 1254 3654 e
1302 3601 1543 3656 tenebris
1583 3601 1759 3658 lucem
1806 3614 2053 3673 quaerunt
2078 3647 2092 3670 ,

497 3695 557 3742 ttt
585 3687 726 3744 idem
756 3689 1134 3746 Tillemontius
1175 3692 1284 3748 alio
1325 3693 1445 3748 loco
1477 3695 1669 3764 probat
1712 3695 1812 3768 (c).
1845 3712 1945 3768 ego
1970 3713 2099 3754 vero

500 3787 629 3852 puto
652 3780 760 3837 duo
809 3780 990 3838 habita
1029 3783 1192 3840 fuisse
1217 3826 1232 3849 ,
1264 3800 1327 3840 ac
1373 3785 1628 3858 distingui
1660 3799 1914 3857 oportere
1955 3806 2100 3844 con-

499 3873 620 3930 cilia
639 3914 653 3936 ,
681 3891 801 3946 qum
828 3887 910 3931 εει
941 3877 1172 3945 plurium
1204 3878 1642 3936 doctissimorum
1673 3881 1948 3938 hominum
1977 3899 2102 3938 sen-

500 3968 706 4032 tentia,
748 3969 992 4026 Socratis
1042 3987 1104 4027 ac
1152 3971 1438 4028 Sozomeni
1488 3976 1800 4029 testimonio
1849 3992 1956 4031 non
2005 3978 2101 4033 ob-

499 4074 660 4117 scure
687 4062 1026 4121 confirmata.
1065 4065 1304 4121 Primum
1335 4084 1439 4122 non
1466 4069 1602 4124 adeo
1635 4070 1888 4141 frequens
1915 4089 1929 4125 :
1962 4071 2099 4128 alte-

499 4169 618 4209 rum
652 4157 823 4212 multo
850 4156 1204 4227 frequentius.
1238 4161 1293 4215 In
1324 4163 1503 4231 primo
1533 4161 1818 4217 Maximum
1847 4175 2105 4220 exaucto-

499 4255 674 4304 ratum
704 4291 722 4316 ,
766 4264 832 4306 ac
881 4251 1262 4308 confirmatum
1310 4254 1526 4310 Meletio
1589 4255 1818 4324 praeside
1864 4257 1916 4311 in
1970 4257 2102 4312 sede

500 4340 844 4413 Gregorium.
877 4344 930 4400 ln
963 4347 1138 4402 altero
1158 4389 1173 4413 ,
1203 4347 1288 4403 cui
1316 4347 1610 4420 Gregorius
1639 4349 1928 4420 aliquando
1957 4365 2100 4420 prac-

501 4431 638 4499 fuit,
713 4434 1024 4494 Flavianum
1092 4440 1442 4508 ordinatum,
1505 4457 1570 4498 ac
1635 4441 1836 4499 deinde
1906 4442 2102 4500 Necta-

502 4523 644 4580 rium
671 4566 686 4591 ,
718 4528 999 4600 editosque
1048 4532 1252 4601 aliquot
1292 4542 1552 4602 pra-terea
1584 4550 1820 4591 canones
1856 4553 1868 4590 :
1903 4537 2104 4592 utrius—

503 4631 610 4688 que
638 4629 816 4673 autem
850 4623 1275 4693 subscriptiones
1297 4666 1310 4689 ,
1343 4635 1398 4681 et
1439 4619 1687 4682 canones.
1719 4628 1770 4682 in
1815 4645 1978 4683 unum
2011 4629 2106 4684 de-

509 4709 636 4765 inde
665 4712 890 4768 collatos
912 4756 926 4779 ,
957 4729 1022 4769 ac
1053 4731 1120 4771 ex
1156 4716 1359 4788 duplici
1413 4735 1578 4774 unum
1628 4711 1877 4776 ellectum
1923 4735 1986 4776 ac
2013 4738 2101 4776 re-

506 4814 773 4877 putatum.
823 4806 958 4863 Hinc
1007 4808 1203 4865 factum
1232 4853 1246 4879 ,
1286 4823 1345 4866 ut
1382 4812 1674 4867 Flavianus
1699 4854 1714 4879 ,
1745 4814 1837 4884 qui
1889 4814 2104 4870 Meletio

506 4897 660 4963 vivo,
697 4899 871 4969 primo
901 4900 1335 4970 subscripserat,
1366 4913 1424 4958 ut
1455 4904 1737 4976 presbyter
1761 4945 1776 4971 ,
1805 4904 1961 4960 alteri
1994 4905 2102 4974 illi,

505 4989 702 5046 iterum
745 4991 1418 5067 snbscribere‘postquam
1461 4997 1527 5052 ad
1569 4995 1939 5068 episc0patum
1979 5013 2106 5054 eve-

577 5161 656 5310 (αἰ
695 5161 878 5222 Carm.
907 5167 974 5224 de
995 5168 1232 5244 Vit.:sua
1262 5187 1328 5228 ex
1361 5188 1510 5227 num.
1537 5173 1662 5229 151.

581 5235 632 5303 (b
698 5239 776 5310 De
802 5238 1041 5310 Flavian.
1071 5253 1174 5298 art.
1205 5246 1266 5310 3,
1302 5253 1434 5299 tom.
1461 5244 1530 5299 X.

581 5235 656 5310 (b)
698 5239 776 5310 De
802 5238 1041 5310 Flavian.
1071 5235 1174 5298 art.
1205 5246 1266 5310 3,
1302 5253 1434 5299 tom.
1461 5244 1530 5299 X.

577 5308 650 5374 (ε)
691 5309 767 5365 De
803 5308 1058 5369 Nazianz.
1097 5327 1224 5371 tom.
1254 5308 1334 5371 ‘lX
1358 5359 1371 5378 ,
1402 5327 1516 5371 not.
1549 5316 1643 5372 42.

577 5380 658 5459 (ά)
683 5381 864 5459 (ἔρειο.Δ
882 5385 1018 5442 Ven.
1045 5387 1176 5442 edit.
1213 5399 1341 5442 tum.
1370 5387 1434 5449 ll.
1469 5405 1589 5459 pag.
1614 5387 1741 5444 989.

581 5451 655 5525 (e)
699 5453 800 5510 Hic
851 5455 1242 5515 latrocinaliter
1297 5451 1746 5515 l’etaviodensem
1803 5459 2104 5515 Ecclesium

507 5537 892 5602 occupaverat.
922 5531 1058 5586 Sunt
1083 5531 1176 5601 qui
1223 5546 1288 5587 eo
1319 5529 1582 5587 vacabulo
1616 5532 1761 5586 illam
1804 5531 2112 5602 intelligant

507 5609 630 5672 quae
659 5614 800 5672 nunc
826 5600 1197 5659 Passaviensis
1224 5603 1443 5667 dicitur,
1477 5602 1622 5672 quod
1651 5613 1877 5672 utraque
1921 5600 2107 5657 in‘No-

508 5667 627 5722 rico
642 5670 754 5745 sita
783 5672 872 5745 sit,
900 5689 963 5728 ac
988 5674 1103 5730 fieri
1135 5675 1295 5730 facile
1316 5667 1545 5745 petueril
1599 5682 1657 5729 ut
1696 5667 2111 5741 Pethvionensis,

509 5737 954 5821 seuoPetavte'nsis
981 5746 1034 5821 in
1065 5737 1456 5821 PetaviensM,
1483 5751 1870 5819 ac;’_POSU'em0
1901 5747 1953 5801 in
1985 5737 2114 5821 0?;

512 5817 795 5867 “mensem
828 5817 1124 5874 transierit.
1161 5819 1279 5876 Vid.
1331 5817 1609 5878 auctorem
1639 5819 2017 5879 commentarii
2047 5819 2115 5874 de

2135 4681 2183 4741 D

2198 3314 2253 3370 in
2283 3313 2478 3368 litteris
2504 3310 2934 3382 Singedunensis
2961 3309 3334 3374 conciliabuli,
3361 3317 3413 3361 ct
3439 3307 3490 3361 in
3537 3297 3764 3360 Germiuii

2199 3412 2264 3467 ad
2290 3427 2382 3467 eas
2412 3426 2698 3481 responso,
2732 3424 2876 3464 anno
2905 3409 3010 3464 566
3037 3409 3148 3479 jam
3195 3408 3414 3464 labente
3443 3405 3676 3475 scriptis:
3722 3409 3766 3452 at

2199 3505 2573 3562 Secundianus
2633 3502 2869 3557 nondum
2935 3511 3219 3572 promotus
3289 3501 3356 3556 ad
3433 3499 3765 3570 episcopatum

2200 3598 2376 3653 fuerat
2407 3598 2511 3670 (d).
2545 3597 2927 3667 Presbyterum
2952 3597 3186 3651 Attalum
3209 3595 3582 3666 Aquileienses
3611 3589 3768 3644 Patres
3807 3600 3810 3604 '

2201 3691 2398 3747 .luliani
2431 3691 2672 3746 Valentis
2694 3689 3020 3761 discipulum
3077 3699 3276 3745 vocant
3304 3710 3316 3745 :
3368 3689 3635 3746 Valentem
3662 3695 3768 3737 vero

2205 3787 2406 3857 ipsum,
2447 3801 2774 3855 quamquam
2809 3800 2912 3839 non
2938 3785 3096 3854 longe
3123 3785 3366 3851 abesset,
3396 3782 3668 3838 concilium
3693 3776 3769 3830 de-

2204 3878 2439 3933 clinasse
2467 3877 2732 3938 scribunt,
2768 3893 2835 3930 ne
2862 3894 3051 3932 eversis
3097 3877 3286 3949 patria:
3317 3920 3332 3945 ,
3391 3877 3770 3951 perditorumque

2203 3971 2392 4025 tioium
2421 3987 2605 4024 causas
2646 3977 2918 4040 praestares
2949 3972 3002 4024 in
3021 3988 3078 4025 eo
3109 3980 3368 4026 teneretur
3415 3970 3506 4041 (ε).
3563 3967 3653 4022 ilic
3677 3970 3770 4036 post

2207 4067 2484 4135 proditam,
2517 4074 2576 4119 ut
2605 4065 2922 4120 Ambrosius
2953 4066 3048 4132 ait,
3083 4064 3269 4119 Gut/tis
3291 4071 3532 4137 patriam.
3587 4064 3635 4117 in
3682 4058 3769 4113 lla-

2209 4157 2335 4212 liam
2374 4168 2699 4218 secesserat.
2740 4174 2969 4228 eantque
3010 4159 3386 4214 contaminare
3420 4201 3436 4225 ,
3479 4168 3532 4212 et
3579 4153 3770 4210 iniicere

2208 4252 2508 4306 c0uabatur
2532 4251 2847 4306 constitutis
2877 4251 3039 4306 variis
3073 4252 3123 4304 in
3154 4249 3310 4315 locis,
3343 4250 3491 4306 falsis
3507 4263 3614 4305 sure
3633 4253 3771 4301 secta:

2209 4344 2691 4415 episcopis,atque
2733 4342 2837 4399 hoc
2884 4344 3002 4412 ipso
3053 4358 3238 4410 anno,
3296 4352 3352 4398 et
3397 4353 3647 4412 tempore,
3687 4347 3774 4404 quo

2165 4440 2498 4522 .conciliutn
2545 4451 2929 4510 congregatum
2975 4441 3186 4506 fuerat,
3251 4439 3534 4494 Mediolani
3582 4432 3772 4491 latebat,

2209 4534 2437 4590 Justinm
2459 4533 2602 4589 forte
2634 4533 2887 4604 prmsidio
2921 4543 3084 4589 tutus.
3117 4533 3271 4590 Hunc
3309 4535 3470 4605 igitur
3495 4549 3522 4587 a
3551 4528 3775 4587 Gratiano

2213 4639 2402 4699 petunt
2435 4627 2730 4682 utdomum
2760 4643 2913 4682 suam
2946 4637 3192 4698 repetere
3225 4629 3415 4699 jubeat
3437 4669 3451 4692 ,
3506 4635 3656 4696 atque
3691 4617 3773 4672 Πο-

2211 4723 2552 4778 rentissimas
2582 4722 2746 4776 Italiae
2776 4723 3028 4778 civitates
3059 4739 3121 4777 ea
3150 4731 3307 4793 peste
3337 4723 3547 4776 liberet.

2282 4814 2338 4868 ln
2367 4816 2534 4869 altera
2562 4813 2680 4883 ejus
2701 4806 2916 4869 concilii
2959 4814 3189 4884 epistola
3220 4813 3288 4869 de
3339 4812 3581 4870 Ursicino
3604 4804 3774 4876 agitur.

2208 4921 2379 4977 8‘"er
2407 4907 2598 4962 eodem
2633 4917 2898 4979 tempore,
2942 4925 3050 4980 quo
3083 4910 3250 4978 prior,
3276 4909 3479 4979 scripta
3527 4920 3586 4980 ac
3617 4896 3778 4967 legatis

2208 5001 2534 5058 abeuntibus
2567 5001 2760 5057 tradita
2791 5011 2895 5070 est,
2931 5011 2989 5058 ut
3017 4983 3194 5060 eidem
3245 5002 3506 5060 Gratiano
3555 4994 3779 5055 reddere-

2219 5173 2498 5230 Litteratis
2523 5173 2714 5241 Italiae,
2743 5173 2989 5229 Venetiis
3011 5173 3260 5244 impressi
3290 5190 3416 5230 ann.
3467 5170 3622 5234 1749,
3666 5175 3777 5244 ξενω-

2217 5245 2288 5324 !l,
2318 5261 2381 5300 ac
2409 5238 2720 5324 Til‘lemont.
2751 5254 2884 5300 tom.
2920 5245 2992 5324 V,_
3013 5238 3132 5315 pag.
3163 5247 3291 5324 Ἰοῖ.
3322 5245 3522 5324 _AZta_te
3567 5238 3780 5324 profecto

2221 5317 2500 5395 Innocenti
2527 5319 2700 5395 lll._ut
2727 5333 2826 5395 ego
2856 5333 2922 5371 ex
2945 5317 3062 5386 ejus
3094 5318 3364 5395 pontificis
3393 5315 3612 5395 epismla
3642 5315 3688 5395 in
3709 5321 3782 5395 af

2215 5390 2401 5466 cbivio
2425 5379 3070 5466 Passavicnsi'asservata
3095 5379 3223 5444 olim
3249 5392 3351 5466 legi
3385 5379 3780 5466 Patariensit_§|l'

2215 5461 2459 5534 cebatur.
2489 5460 2745 5530 Siitaque
2797 5462 2912 5516 lna~c
2955 5478 3076 5515 vera
3123 5472 3268 5529 sunt,
3304 5451 3778 5534 l’assavnettsis_liic'

2216 5533 2382 5588 clcsia
2416 5522 2750 5606 Victorinum
2793 5535 3106 5604 episcopum
3137 5543 3189 5585 rt
3219 5522 3543 5606 martyrem,
3569 5528 3645 5582 cui
3665 5522 3780 5606 llis-

2217 5619 2478 5674 ronytnus
2503 5605 2552 5657 in
2581 5591 3034 5671 catalogollocuin
3058 5606 3227 5670 dedit,
3274 5591 3379 5660 sibi
3415 5591 3601 5674 merito
3631 5591 3781 5674 rind'i-

2219 5660 2385 5755 calfit:
2415 5675 2616 5755 Deinde
2638 5660 2865 5755 illustris
2887 5680 3004 5755 eius
3027 5675 3164 5731 Cleri
3207 5660 3263 5730 ct
3283 5673 3514 5755 __p0puli_

2220 5747 2433 5826 rel_igio_.
2466 5757 2520 5801 et
2551 5747 2833 5826 lides_crit,
2863 5748 2959 5826 qui
2990 5749 3252 5803 latronem
3282 5747 3430 5826 illum
3453 5744 3552 5826 sibi
3575 5744 3780 5812 praem

2221 5818 2456 5878 noluerit
2479 5833 2542 5874 ac
2571 5819 2804 5891 turpiter
2829 5815 3088 5888 rejectum
3121 5831 3152 5874 α
3183 5834 3243 5876 se
3274 5815 3554 5887 expulerit.
