3878 6346
15 230 127 285 225

1402 225 1958 287 PROLEGOMENA.‘

3211 235 3320 293 226

18 354 124 398 tttr.
157 344 460 413 Postquam
484 318 904 414 igitnr‘decretis
920 342 1031 398 suis
1058 356 1117 398 se
1144 342 1445 413 providisse
1466 353 1618 413 pnta-
1645 354 1693 413 Α
1722 341 2065 409 Ambrosius,
2090 340 2288 414 aliique
2313 358 2502 401 eorum
2528 346 2735 415 plures,
2762 346 2853 419 qui
2881 347 3055 405 eidem
3087 349 3325 405 concilio

17 443 232 499 verant,
268 451 341 489 nc
369 434 478 489 duo
500 435 595 501 illi,
618 437 705 505 qui
728 435 878 503 juxta
898 434 1150 505 angulum
1168 435 1395 504 ripensis
1421 436 1616 502 Daciae,

15 527 301 582 Niczenum
332 528 622 585 concilium
652 545 965 600 Oppugnare
990 530 1105 583 ausi
1134 527 1367 593 fuerant,
1388 531 1622 599 amplius

18 619 192 675 latere
233 636 300 675 ac
330 637 592 676 venenum
624 622 881 676 Ariannm
910 620 1097 676 afﬂare
1122 632 1363 690 possent,
1394 623 1538 677 aliud
1563 637 1623 679 se

18 715 303 783 negotium
334 730 527 769 curare
555 715 805 770 debuisse
855 715 1024 777 aiunt,
1050 715 1428 785 gravissimum
1466 731 1620 782 sane,

20 821 81 863 ac
112 823 366 877 magnam
399 808 532 877 ipsis
550 808 968 863 sollicitudinem
991 806 1242 874 atl‘erens,
1264 810 1462 880 quippe
1480 809 1623 881 quod

18 904 284 959 Ecclesia:
309 918 507 975 corpus
540 911 650 958 toto
679 904 812 958 orbe
851 902 1102 957 ditiusqu
1154 904 1371 958 tut-hare
1415 914 1623 975 posset.

21 996 223 1050 Eorum
259 1011 387 1051 vero
418 995 596 1051 verbis
624 996 945 1064 exprimam,
980 996 1106 1066 quid
1132 996 1233 1052 hoc
1269 996 1448 1051 fuerit.
1482 996 1625 1052 Licet

19 1090 318 1161 frequenter
368 1089 772 1158 compererimus
808 1088 1054 1143 Ursinum
1083 1107 1186 1144 non
1217 1092 1441 1159 potuisse
1480 1092 1626 1146 obre-

20 1199 137 1254 pere
162 1182 347 1255 pietati
380 1192 576 1246 vestrte,
603 1183 834 1250 quamvis
862 1183 1089 1253 quietum
1120 1182 1252 1237 nihil
1291 1199 1401 1238 esse
1454 1185 1626 1254 patia-

21 1286 123 1340 tur,
170 1286 220 1331 et
262 1278 399 1331 inter
429 1276 643 1331 bellicas
693 1279 1019 1332 necessitates
1060 1278 1287 1350 obreptio
1333 1280 1627 1347 importuna

24 1378 265 1434 tentetur,
291 1381 556 1429 tamenne
598 1380 777 1425 sancta
811 1388 953 1426 mens
982 1380 1149 1425 vestra
1195 1373 1455 1442 animique
1480 1384 1625 1427 tran-

24 1466 275 1531 quillitas,
304 1482 416 1533 qua:
438 1464 676 1518 omnibus
703 1464 971 1519 consulere
993 1466 1161 1538 gestit,
1202 1467 1487 1536 importuni
1529 1469 1626 1520 Ito-

28 1559 174 1612 minis
198 1559 445 1613 simulata
470 1559 770 1612 adulatione
789 1560 1027 1629 ﬂectatur
1050 1599 1067 1623 ,
1118 1560 1473 1628 deprecandos
1514 1577 1621 1626 vos,

27 1662 73 1706 et
100 1651 460 1717 obsecrandos,
488 1653 533 1706 si
567 1652 841 1725 dignanter
877 1653 1091 1719 ducitis,
1129 1655 1446 1708 wstintamus
1470 1696 1484 1721 ,
1524 1672 1627 1709 non

1723 436 2029 501 adfuerant,
2057 443 2184 491 tunc
2213 435 2480 508 Aquileiae
2503 442 2684 509 positi,
2716 441 3065 497 scribendum
3122 442 3321 497 iterum

1722 536 2077 595 censuerunt,
2129 530 2538 602 rogandnmque
2570 533 2974 601 imperatorem,
3006 545 3064 589 ut
3091 533 3320 604 provide

1723 637 1820 692 pro
1845 637 2028 677 rerum
2056 622 2381 678 necessitate
2410 624 2720 682 consuleret
2746 643 2760 687 :
2786 626 2933 698 quod
2963 637 3141 683 tamen
3168 636 3321 683 extra

1725 715 1941 769 Damasi
1971 715 2137 784 ipsius
2164 717 2451 772 consilium
2482 719 2914 792 sententiamque
2958 736 3064 775 non
3102 736 3203 791 ego
3245 720 3325 776 fa-

1723 816 1870 862 ctum
1898 807 2243 863 crediderim.
2276 808 2408 864 Nam
2438 811 2581 881 quod
2607 811 2867 867 Acholius
2895 814 2948 868 in
2976 813 3170 870 eodem
3196 829 3326 869 con-

1725 901 1871 966 cilio,
1903 901 2065 972 legati
2096 917 2320 957 munere
2352 903 2568 959 functus
2598 906 2688 973 sit,
2721 907 3101 964 nonnullorum
3142 908 3327 980 opinio

1725 1003 1831 1059 est,
1863 1009 2024 1063 quam
2052 993 2163 1064 ipsa
2195 994 2391 1067 synodi
2422 1005 2538 1051 acta
2567 996 2876 1054 destruunt.

1796 1087 1860 1142 Il.
1902 1086 1999 1142 His
2026 1088 2206 1158 itaque
2233 1088 2427 1144 litteris
2456 1088 2746 1146 Gratianus
2804 1093 3068 1149 excitatus
3116 1103 3222 1162 est,
3271 1102 3331 1150 ut

1727 1181 1831 1236 hoc
1856 1197 1998 1236 anno
2025 1184 2348 1253 rescriptum
2379 1184 2534 1239 daret
2560 1185 2626 1239 ad
2659 1185 2995 1254 Aquilinum,
3017 1198 3073 1243 ut
3096 1188 3328 1255 videtur,

1729 1274 1881 1329 urbis
1912 1275 2208 1341 vicarium,
2263 1276 2399 1332 Cod.
2449 1277 2660 1332 Theod.
2695 1279 2789 1335 lib.
2822 1295 2932 1345 xvt,
2969 1281 3050 1335 lit.
3081 1281 3134 1349 2,
3167 1283 3203 1336 Ι.
3234 1282 3328 1350 55,

1730 1377 2109 1433 memoratum,
2135 1368 2643 1439 confirmatumque,
2668 1386 2775 1439 quo
2800 1381 2909 1425 tum
2940 1371 3191 1437 Romani,
3219 1384 3330 1427 tum

1729 1455 1897 1527 ipsius
1932 1460 2298 1528 Aquileiensis
2327 1461 2544 1517 concilii
2573 1463 2863 1532 postulatis
2884 1463 3010 1518 fecit
3033 1465 3184 1519 satis.
3221 1465 3334 1520 Hoc

1729 1566 1797 1605 ex
1829 1552 2079 1607 vaticano
2106 1553 2292 1610 codice
2320 1570 2544 1627 magnus
2564 1556 2854 1612 Annalium
2884 1574 3082 1628 parens
3130 1559 3196 1614 ad
3239 1575 3327 1616 an.

1730 1646 1858 1714 581,
1895 1657 2005 1703 tum
2032 1648 2227 1705 deinde
2262 1651 2434 1719 magis
2477 1660 2779 1707 correctum
2836 1653 3183 1720 Sirmondus,
3243 1670 3339 1724 po-

33 1746 192 1797 solum
211 1752 551 1816 pt'tzcavenles
600 1748 802 1815 fictura,
858 1745 947 1799 sed
993 1746 1144 1800 etiam
1180 1748 1457 1815 praeterita,
1516 1763 1631 1817 qua:
1659 1753 1706 1814 Β
1734 1749 1937 1795 stremo
1966 1743 2316 1798 Constantius
2363 1745 2533 1801 edidit
2584 1746 2728 1802 inter
2786 1748 3003 1804 Damasi
3056 1748 3337 1820 epistolas.

28 1836 140 1906 jam
163 1836 321 1906 ipsius
349 1837 632 1889 temeritate
656 1846 797 1907 gesta
824 1845 962 1899 sunt,
990 1836 1454 1905 perhorrescentes.
1489 1836 1631 1892 Nunt

38 1930 83 1981 si
112 1929 333 1998 aliquant
361 1929 488 1982 viam
514 1938 696 1983 nactus
734 1930 894 1999 fuerit
934 1929 1190 1996 audaciae,
1224 1930 1348 1995 quid
1390 1947 1492 1984 non
1542 1931 1632 1985 ille

38 2023 455 2092 confundat
479 2032 525 2076 et
554 2023 668 2076 ideo
701 2024 942 2090 petimus,
989 2033 1034 2076 et
1083 2039 1350 2092 rogamus,
1397 2032 1455 2076 ut
1494 2023 1631 2077 obri-

34 2117 209 2183 piendi
232 2123 284 2170 et
300 2117 521 2170 adimere
536 2118 821 2189 dignemini
844 2116 1166 2186 facultatem.
1196 2116 1425 2172 Ursinus
1449 2117 1631 2186 itaque

36 2211 387 2266 Valentiniani
413 2211 856 2281 rescripto,quod
881 2212 1136 2267 anno57l
1163 2210 1347 2266 datum
1370 2211 1627 2278 diximus,

29 2306 228 2376 pridem
254 2307 526 2362 relaxatus
548 2315 737 2361 acerto
759 2308 1161 2377 conslitutoqne
1184 2306 1397 2372 exsilio,
1423 2306 1630 2362 Medio-

30 2400 127 2454 lani
156 2400 341 2455 sedem
369 2399 585 2465 fixerat,
617 2416 681 2454 ac
712 2415 833 2455 cum
865 2398 1085 2455 Juliano
1101 2399 1629 2469 Valentc,quietiam

26 2508 90 2547 eo
114 2491 311 2548 deinde
340 2501 668 2558 secesserat,
695 2492 746 2545 in
778 2492 1002 2547 sceleris
1042 2491 1358 2546 societatem
1400 2491 1624 2545 coierat.

26 2587 147 2642 Inde
171 2602 305 2643 vero
329 2587 395 2642 ad
422 2587 653 2644 Romani
681 2588 897 2643 concilii
950 2602 1139 2659 preces
1167 2601 1310 2642 anno
1358 2587 1629 2657 superiori

23 2680 168 2735 abire
192 2691 415 2736 coactus
439 2722 453 2745 ,
482 2690 538 2735 et
566 2680 618 2735 in
646 2680 877 2737 Galliam
930 2682 1203 2750 relegatus
1228 2721 1243 2746 ,
1302 2672 1626 2735 Gratianum

26 2784 147 2829 tunc
168 2774 315 2830 bello
342 2774 702 2830 Alamannico
721 2782 1038 2841 occupatum
1068 2772 1219 2826 adire
1247 2772 1444 2842 potuit,
1469 2782 1631 2841 atque

25 2869 166 2922 Omni
221 2883 325 2923 suo
359 2882 697 2937 suorumque
726 2867 906 2921 studio
936 2855 1120 2937 agere,
1152 2877 1209 2920 ut
1240 2864 1626 2933 imperatorem

25 2962 169 3016 illum
200 2962 491 3027 ﬂecteret,
544 2974 778 3031 suasque
830 2960 880 3014 in
933 2969 1114 3030 partes
1164 2957 1421 3013 traheret.
1455 2958 1630 3013 Obseo

24 3068 238 3111 erantur
265 3059 472 3127 itaque,
510 3066 568 3109 ut
588 3055 889 3108 seditiosum
935 3052 1089 3106 illum
1116 3094 1131 3119 ,
1188 3051 1500 3105 Arianorum
1547 3068 1631 3105 so-

25 3153 174 3216 cium,
202 3167 269 3207 ac
296 3150 626 3205 sceleratum
658 3147 933 3203 hominem
963 3161 994 3199 a
1022 3161 1080 3200 se
1108 3144 1338 3213 rejiciat,
1370 3153 1530 3212 atque
1560 3160 1626 3199 eo
1656 3160 1701 3221 ρ

27 3244 164 3298 facto
217 3243 528 3313 Ecclesiam
568 3250 737 3296 tutam
786 3239 1237 3310 tranquillamque
1264 3246 1468 3293 servet.
1521 3236 1632 3292 Iloc

24 3351 146 3392 vero
166 3336 483 3402 consilium,
517 3342 682 3405 atque
714 3333 850 3387 hanc
874 3331 1069 3402 agendi
1097 3332 1362 3384 rationem
1405 3345 1470 3383 eo
1520 3345 1631 3383 ma-

26 3432 103 3500 gis
129 3431 393 3486 Gratiano
418 3428 785 3484 necessariam
831 3426 1099 3489 scribunt,
1144 3437 1252 3494 quo
1280 3421 1461 3477 Ursini
1511 3421 1628 3475 ani-

26 3539 139 3577 mus
167 3521 418 3591 apertius
440 3535 562 3575 sese
593 3517 924 3589 prodiderat.
952 3516 1028 3571 Eo
1050 3514 1169 3585 ipso
1193 3515 1335 3570 enim
1362 3524 1628 3583 tempore,

25 3631 125 3685 quo
151 3617 241 3670 ille
270 3612 598 3683 imperatori
649 3613 702 3666 in
749 3610 940 3667 Galliis
978 3610 1239 3664 molestus
1279 3608 1474 3673 fuerat,
1524 3605 1633 3660 Ro-

28 3725 234 3763 manam
291 3722 518 3778 quoque
566 3707 901 3771 Ecclesium,
953 3704 1332 3773 civitatemque
1372 3702 1633 3757 adversus

29 3800 313 3855 Damasum
338 3798 675 3863 Concitahat,
712 3797 894 3851 missis
925 3793 1336 3864 distributisque
1382 3808 1480 3863 per
1529 3791 1631 3848 Ur-

28 3893 377 3950 bemlitteris
429 3910 524 3964 per
570 3891 921 3948 Paschasinm
983 3890 1307 3960 quemdam,
1366 3888 1633 3944 seditione

28 3988 218 4055 plenis.
255 3986 400 4043 Hinc
430 3986 717 4055 praefectus
748 3982 927 4047 Urbis,
975 3995 1006 4034 a
1034 3996 1139 4051 quo
1168 3980 1466 4035 curandum
1517 3990 1634 4035 erat

27 4094 90 4132 ne
111 4080 234 4150 quid
254 4079 459 4134 civium
485 4078 638 4148 quies
660 4075 972 4132 detrimenti
997 4083 1239 4143 caperet,
1278 4074 1342 4128 iis
1369 4073 1437 4130 de
1468 4073 1631 4128 rebus

25 4172 282 4227 Gratiano
308 4172 414 4241 ipsi
446 4170 744 4235 retulerat,
791 4183 855 4223 ac
900 4167 1130 4238 populus
1179 4167 1455 4221 Romanus
1506 4182 1629 4220 cum

28 4263 140 4320 hcce
175 4264 446 4335 Aquileiae
482 4263 862 4319 scribebantur
887 4303 901 4327 ,
950 4259 1201 4332 pendebat
1261 4261 1518 4326 incertus,
1569 4276 1634 4315 ac

28 4359 102 4412 rei
134 4361 348 4414 exitum
383 4356 758 4428 exspectabat.
812 4353 988 4423 Hujus
1038 4352 1315 4408 Paschasii
1345 4394 1361 4420 ,
1410 4367 1531 4407 cum
1578 4352 1632 4407 in

29 4450 174 4507 hisce
206 4452 411 4508 litteris
453 4451 733 4506 dumtaxat
769 4450 974 4503 mentio
1022 4449 1131 4515 sit,
1190 4446 1324 4502 nihil
1370 4446 1500 4500 mihi
1542 4461 1634 4502 oc-

30 4547 198 4600 currit
243 4544 393 4615 quod
434 4544 673 4599 addam:
731 4544 857 4613 quia
888 4556 1069 4598 tamen
1113 4541 1360 4596 abscisus
1407 4541 1630 4608 dicitur,
1658 4563 1714 4624 Β

30 4636 175 4692 illum
204 4639 522 4694 eunuchum
552 4634 721 4692 fuisse
748 4635 1015 4705 intelligo,
1045 4634 1189 4705 quod
1238 4633 1512 4688 hominum
1542 4649 1635 4705 ge-

31 4749 127 4789 nus
156 4714 472 4806 impudens,
521 4743 683 4805 atque
730 4733 796 4788 ad
836 4733 1018 4787 omnia
1075 4731 1254 4786 audax
1308 4745 1431 4787 esse
1474 4730 1631 4787 solet.

31 4826 177 4883 Nunc
206 4830 252 4883 si
287 4831 405 4884 hinc
430 4827 784 4884 conferantur
812 4843 935 4882 cum
964 4827 1191 4897 epistola
1243 4825 1472 4880 Romani
1503 4841 1635 4881 con-

32 4922 161 4987 cilii,
187 4939 356 4995 quam
387 4922 657 4993 superiori
691 4936 833 4978 anno
863 4921 1272 4989 adscripsimus,
1328 4936 1489 4975 nemo
1536 4919 1636 4976 du-

33 5013 289 5072 bitaverit
342 5016 472 5087 quin
506 5032 609 5070 una
637 5015 941 5083 eademque
974 5029 1060 5070 res
1101 5014 1393 5084 utrobique
1417 5024 1631 5083 agatur,

35 5122 101 5163 ne
150 5110 369 5165 scilicet
399 5109 661 5164 Damasus
708 5108 889 5165 Ursini
921 5106 1145 5177 ejusque
1191 5107 1447 5162 similium
1488 5106 1636 5161 frau-

35 5197 187 5254 dibus
239 5217 305 5256 ac
335 5199 623 5255 calumniis
669 5199 925 5268 deinceps
984 5205 1207 5268 pateat,
1256 5212 1320 5253 ac
1368 5206 1631 5268 praeterea

38 5291 174 5349 facili
208 5297 433 5366 negotio
456 5295 773 5364 intelligitur
800 5308 962 5347 unam
993 5292 1277 5362 epistolam
1307 5291 1397 5345 diu
1441 5292 1508 5347 ab
1552 5292 1633 5346 al-

38 5396 145 5444 tera
168 5391 380 5446 distare
419 5404 526 5446 non
561 5404 736 5459 posse.
782 5389 915 5444 Cum
962 5388 1122 5456 igitur
1166 5385 1459 5441 Gratianus
1509 5394 1634 5440 tunc

36 5481 175 5537 bello
200 5495 523 5552 occupatus,
566 5498 737 5553 neque
772 5482 836 5535 ad
885 5480 1112 5534 Romani
1166 5476 1426 5543 concilii,
1458 5492 1634 5547 neque

38 5573 102 5628 ad
131 5576 375 5645 prtefecti
406 5575 566 5631 Urbis
598 5575 807 5629 litteras
835 5571 1137 5627 rescribere
1166 5569 1458 5640 potuisset,
1508 5568 1633 5626 ideo

131 5686 184 5756 a)
221 5688 363 5743 Cod.
394 5689 535 5744 The.
583 5688 675 5743 lib.
708 5703 784 5751 ιχ,
815 5691 899 5756 tit.
928 5683 1085 5756 29,].
1114 5684 1166 5738 1.
1223 5754 1231 5756 _
1319 5752 1373 5756 __
1428 5752 1441 5756 Α
1502 5753 1515 5756 _
1583 5722 1636 5756 _.

131 5688 184 5756 a)
221 5688 363 5743 Cod.
394 5689 535 5744 The.
583 5688 675 5743 lib.
708 5703 784 5751 ιχ,
815 5691 897 5739 tit.
928 5688 1020 5750 29,
1050 5688 1085 5737 1.
1114 5688 1166 5738 1.
1629 5724 1631 5729 λ

109 5688 181 5831 ib)
220 5759 363 5817 Cod.
392 5759 502 5815 τι).
531 5757 623 5814 lib.
650 5774 725 5830 ιχ,
759 5761 840 5815 tit.
872 5755 924 5827 5,
958 5757 998 5812 l.
1028 5754 1084 5825 5,
1116 5765 1170 5812 et
1199 5754 1279 5811 tit.
1311 5752 1401 5822 l6,
1428 5752 1467 5809 l.
1495 5753 1546 5824 l,
1575 5754 1631 5809 2.

1736 1830 2038 1914 Obscurum
2069 1835 2198 1888 illud
2232 1835 2553 1903 identidem,
2582 1840 3012 1911 perplexumque
3065 1851 3166 1907 est,
3226 1841 3343 1898 sive

1735 1926 1805 1980 ob
1830 1927 2044 1997 aliquod
2081 1930 2530 2000 transcriptorum
2560 1930 2750 1986 vitium
2784 1974 2800 2000 ,
2852 1933 2966 1988 sive
3016 1934 3086 1989 ob
3137 1933 3341 2005 stylum

1735 2018 1934 2089 ipsum,
1959 2021 2051 2092 qui
2081 2020 2364 2077 Gallicano
2393 2021 2663 2078 cothurno
2695 2034 2960 2096 perpetuo
2982 2027 3239 2098 assurgit.
3271 2028 3344 2083 At

1735 2126 1950 2178 eorum,
1984 2129 2103 2182 qua:
2130 2114 2406 2178 continet,
2439 2115 2555 2171 haec
2593 2131 2805 2171 summa
2855 2128 2940 2172 est
2972 2118 3082 2174 :Se
3132 2118 3343 2189 pridem

1734 2202 1955 2259 dedisse
1993 2204 2203 2260 litteras
2247 2206 2315 2260 ad
2358 2206 2695 2275 Simplicium
2728 2210 3000 2280 quondam
3056 2211 3339 2280 vicarium,

1732 2298 1929 2367 quibus
1950 2297 2243 2367 jubebatur
2269 2299 2477 2370 :primo
2508 2311 2564 2353 ut
2594 2318 2791 2369 omnes,
2824 2304 2909 2373 qui
2939 2304 3125 2372 impios
3157 2316 3338 2372 castus,

1733 2392 2008 2460 prolanata
2054 2391 2303 2462 religione
2359 2400 2649 2460 tentarent,
2687 2394 2755 2448 ad
2800 2396 3127 2449 centesimum
3188 2395 3343 2452 Urbis

1732 2482 1955 2537 milliare
1977 2484 2305 2555 pellerentur,
2337 2486 2424 2539 ubi
2446 2487 2682 2556 pertinax
2704 2493 2851 2559 furor
2871 2490 2934 2544 ab
2956 2490 3343 2562 obsequentibus

1732 2575 2032 2644 destitutus,
2064 2578 2116 2631 in
2138 2582 2254 2652 ejus
2282 2588 2481 2634 tantum
2503 2583 2783 2651 perniciem
2821 2592 3011 2649 rueret,
3063 2586 3152 2657 qui
3196 2587 3341 2642 solus

1733 2680 1960 2735 erraret;
1988 2671 2231 2726 secundo
2260 2681 2312 2725 ut
2342 2672 2669 2728 condemnati
2707 2675 2913 2749 judicio
2963 2687 3096 2733 recte
3119 2678 3344 2734 sentien-

1733 2762 1858 2816 tium
1881 2764 2227 2831 sacerdotum,
2258 2766 2481 2820 reditum
2536 2768 2604 2821 ad
2651 2766 2934 2835 Ecclesias,
2978 2787 3107 2841 quas
3162 2781 3344 2828 canta-

1734 2855 2073 2921 minaverant,
2103 2873 2206 2911 non
2231 2857 2494 2924 haberent,
2525 2875 2587 2913 ac
2621 2861 3113 2933 redintegrationem
3149 2864 3344 2937 judicii

1735 2944 1933 3002 frustra
1965 2948 2105 3017 apud
2140 2950 2525 3020 imperatorem
2559 2967 2912 3023 precarentur.
2951 2955 3126 3012 Prima
3178 2957 3340 3029 hujus

1733 3040 1801 3096 ad
1847 3042 2186 3113 Simplicium
2242 3047 2497 3117 rescripti
2557 3063 2681 3117 pars
2731 3048 3075 3118 Donatistae,
3131 3052 3345 3110 Lucife-

1735 3136 1938 3202 riattos,
1962 3151 2025 3191 ac
2049 3136 2375 3194 Novatianos
2407 3140 2740 3212 perstringit,
2766 3157 2829 3198 ac
2856 3158 2979 3198 cum
3002 3142 3068 3198 iis
3089 3144 3343 3203 omnibus

1735 3229 2119 3283 communione
2146 3228 2365 3295 junctos
2387 3231 2725 3288 Ursinianos.
2755 3234 2928 3289 Alteri
2951 3251 3078 3291 vero
3096 3236 3340 3307 ejusdem

1734 3322 1919 3400 capiti,
1954 3321 2289 3378 Florentium
2337 3324 2713 3394 Puteolanum,
2739 3343 2803 3383 ac
2833 3328 3182 3384 Parmensem
3227 3330 3342 3400 epi-

1734 3394 1983 3484 scopum,
2015 3426 2299 3487 postquam
2333 3432 2361 3471 a
2386 3417 2628 3473 Romana
2687 3421 2924 3477 secunda
2974 3422 3183 3494 synodo
3238 3425 3341 3480 sub

1736 3508 1968 3564 Damaso
1994 3510 2221 3566 collecta
2252 3511 2489 3566 damnati
2549 3513 2795 3584 fuerant,
2852 3531 3070 3571 causam
3126 3516 3341 3575 dedisse

1737 3613 1887 3672 puto.
1921 3603 2257 3673 Simplicium
2288 3605 2551 3674 siquidem
2575 3609 2759 3663 vicarii
2793 3608 2952 3666 Urbis
2983 3610 3221 3667 officium
3246 3611 3342 3669 ad-

1736 3696 2076 3752 ministrasse
2104 3698 2306 3752 scimns
2333 3696 2592 3754 Gratiano
2619 3702 2685 3755 Α.
2718 3717 2776 3756 m
2815 3700 3120 3771 et‘Equitio
3165 3718 3335 3773 coss.,

1736 3808 1880 3848 anno
1907 3794 2111 3850 scilicet
2138 3794 2245 3849 574
2275 3796 2378 3863 (α),
2413 3808 2576 3867 atque
2623 3798 2693 3852 ita
2737 3797 3114 3854 Valentiniano
3162 3800 3339 3857 adhuc

1736 3887 1879 3942 vivo.
1911 3890 1980 3942 At
2010 3887 2420 3943 Valentinianus
2462 3887 2863 3959 Ursicinianos,
2926 3892 3224 3960 dumtaxat,
3284 3903 3339 3950 et

1737 3980 2133 4051 rebaptizantes
2156 3981 2363 4050 legibus
2391 3982 2503 4037 suis
2531 3982 2771 4039 coercuit
2800 3983 2897 4055 (b),
2952 3984 3019 4039 ad
3062 3984 3161 4040 hos
3193 3986 3337 4041 enim

1734 4072 2069 4143 Augustinus
2098 4076 2289 4130 scribit
2317 4092 2332 4129 :
2366 4075 2527 4142 Huic,
2558 4074 2805 4143 Joviano,
2856 4078 3097 4131 successit
3154 4078 3338 4133 Valen-

1736 4169 1963 4223 tinianus
1988 4185 2007 4223 :
2030 4169 2179 4240 legite
2207 4186 2322 4238 qua:
2349 4181 2531 4225 contra
2554 4187 2641 4225 vos
2659 4171 2895 4243 jusserit.
2929 4170 3104 4237 Hujus
3156 4169 3339 4241 itaque

1736 4260 1958 4317 furfuris
1999 4271 2054 4317 et
2116 4262 2430 4332 pertinaciae
2481 4262 2766 4327 homines,
2796 4264 2936 4318 ultra
2980 4265 3336 4319 centesimum

1738 4353 1993 4424 lapidem,
2027 4353 2314 4424 episcopos
2351 4370 2482 4410 vero
2528 4355 2595 4411 ab
2639 4371 2825 4410 earum
2886 4356 3279 4422 Ecclesiarum,
3305 4373 3338 4414 a

1738 4449 1932 4520 quibus
1958 4449 2187 4519 depositi
2219 4449 2452 4514 fuerant,
2488 4448 2684 4506 finibus
2714 4451 2991 4523 expellere
3020 4452 3338 4523 Simplicius

1737 4555 1765 4594 a
1800 4540 2178 4596 Valentiniano
2209 4541 2546 4599 etGratiano
2589 4542 2773 4614 jussus
2823 4546 3018 4603 fuerat.
3076 4548 3340 4616 Quazrunt

1738 4635 1978 4689 nonnulli
2004 4649 2102 4689 cur
2145 4634 2235 4690 hic
2261 4635 2575 4691 Parmensis
2628 4638 2914 4707 episcopus
2960 4640 3168 4712 inclyta:
3210 4642 3338 4699 Urbi

1738 4728 2019 4798 proximior
2045 4742 2073 4781 a
2103 4726 2362 4783 Gratiano
2384 4727 2617 4795 dicatur,
2634 4737 2797 4800 atque
2821 4729 2942 4786 ideo
2958 4732 3334 4803 perniciosior,

1736 4836 1896 4892 quam
1922 4819 2247 4876 Florentius.
2272 4822 2352 4875 An
2385 4836 2515 4876 vero
2532 4821 2857 4878 Pnteolanus
2875 4838 2981 4878 non
3012 4835 3129 4880 erat
3150 4825 3338 4881 Romae

1738 4916 2083 4988 proximior?
2117 4915 2337 4988 Inclytze
2370 4916 2530 4988 igitur
2560 4915 2723 4974 Urbis
2765 4919 3132 4988 appellatione
3170 4920 3335 4976 Tille-

1742 5009 1981 5064 montius
2026 5023 2089 5064 ac
2132 5006 2480 5064 Constantius
2528 5008 2887 5066 Mediolanum
2946 5013 3124 5082 potius
3176 5030 3336 5081 quam

1740 5101 1968 5157 Romam
2004 5101 2339 5172 designatam
2386 5112 2607 5171 putant,
2652 5103 2797 5175 quod
2856 5119 2956 5175 ego
2997 5106 3337 5163 verissimum

1739 5196 2013 5262 existimo,
2040 5209 2364 5266 quamquam
2385 5195 2453 5250 ad
2476 5195 2577 5250 hoc
2602 5197 2957 5266 probandum.
2983 5197 3231 5252 idoneam
3255 5215 3342 5255 ra-

1742 5290 1945 5343 tionem
1978 5303 2083 5341 non
2135 5286 2362 5342 afferant
2404 5305 2416 5341 :
2462 5287 2857 5343 observandum
2910 5287 3177 5357 siquidem
3219 5301 3337 5359 est,

1745 5381 1907 5437 Urbis
1946 5380 2231 5451 praefectos
2257 5397 2318 5435 ac
2343 5380 2626 5451 praefectos
2670 5380 2943 5451 praetorio,
2998 5382 3216 5452 inclytus
3247 5402 3341 5455 po-

1742 5484 1945 5529 testates
1963 5489 2058 5545 per
2072 5475 2448 5529 excellentiam
2472 5474 2647 5529 dictos
2678 5472 2776 5546 (c).
2814 5471 3014 5526 Eodem
3037 5472 3198 5541 igitur
3212 5477 3339 5546 jure

1741 5566 1876 5623 nihil
1899 5567 2080 5621 obstat
2124 5567 2415 5637 quominus
2436 5565 2743 5636 inclytarum
2768 5562 2987 5618 Urbium
3011 5566 3229 5626 nomine
3245 5586 3337 5631 eas

1808 5678 1881 5752 (ε)
1922 5679 1987 5736 L.
2022 5680 2108 5737 l5.
2140 5678 2202 5737 C.
2231 5680 2335 5737 Th.
2368 5680 2437 5738 de
2458 5681 2653 5737 Aecus.
